local_nano_time,quote_nano_time,datetime,last_price,highest,lowest,open,close,average,volume,amount,open_interest,ask_price1,ask_volume1,bid_price1,bid_volume1,ask_price2,ask_volume2,bid_price2,bid_volume2,ask_price3,ask_volume3,bid_price3,bid_volume3,ask_price4,ask_volume4,bid_price4,bid_volume4,ask_price5,ask_volume5,bid_price5,bid_volume5
1597988230135037952,1597988230000000000,2020-08-21 13:37:10.000000,419.34,420.88,414.8,417.0,nan,417.79,271669,113500692740.0,242535,419.38,3,419.34,12,419.4,7,419.32,92,419.42,6,419.3,3,419.44,5,419.28,14,419.46,7,419.26,3
1597988230607139072,1597988230500000000,2020-08-21 13:37:10.500000,419.4,420.88,414.8,417.0,nan,417.79,271679,113504886680.0,242530,419.42,6,419.36,2,419.44,5,419.34,12,419.46,7,419.32,92,419.48,4,419.3,3,419.5,10,419.28,14
1597988231146446080,1597988231000000000,2020-08-21 13:37:11.000000,419.4,420.88,414.8,417.0,nan,417.79,271680,113505306080.0,242530,419.4,2,419.36,2,419.42,6,419.34,12,419.44,5,419.32,92,419.46,7,419.3,3,419.48,4,419.28,14
1597988231611414016,1597988231500000000,2020-08-21 13:37:11.500000,419.4,420.88,414.8,417.0,nan,417.79,271680,113505306080.0,242530,419.4,2,419.38,1,419.42,6,419.36,4,419.44,5,419.34,12,419.46,7,419.32,92,419.48,4,419.3,3
1597988232108020992,1597988232000000000,2020-08-21 13:37:12.000000,419.4,420.88,414.8,417.0,nan,417.79,271682,113506144860.0,242531,419.4,3,419.36,4,419.42,6,419.34,12,419.44,5,419.32,92,419.46,7,419.3,3,419.48,4,419.28,14
1597988232606146048,1597988232500000000,2020-08-21 13:37:12.500000,419.4,420.88,414.8,417.0,nan,417.79,271683,113506564260.0,242530,419.4,2,419.38,1,419.42,6,419.36,6,419.44,5,419.34,11,419.46,7,419.32,93,419.48,3,419.3,3
1597988233111214080,1597988233000000000,2020-08-21 13:37:13.000000,419.4,420.88,414.8,417.0,nan,417.79,271683,113506564260.0,242530,419.42,6,419.38,1,419.44,5,419.36,6,419.46,7,419.34,10,419.48,3,419.32,93,419.5,10,419.3,3
1597988233612165120,1597988233500000000,2020-08-21 13:37:13.500000,419.4,420.88,414.8,417.0,nan,417.79,271683,113506564260.0,242530,419.42,6,419.38,3,419.44,5,419.36,6,419.46,7,419.34,10,419.48,3,419.32,93,419.5,10,419.3,3
1597988234125186048,1597988234000000000,2020-08-21 13:37:14.000000,419.4,420.88,414.8,417.0,nan,417.79,271684,113506983660.0,242531,419.42,6,419.38,3,419.44,5,419.36,6,419.46,7,419.34,10,419.48,3,419.32,93,419.5,10,419.3,3
1597988234612167936,1597988234500000000,2020-08-21 13:37:14.500000,419.38,420.88,414.8,417.0,nan,417.79,271685,113507403040.0,242531,419.42,6,419.38,3,419.44,5,419.36,6,419.46,7,419.34,10,419.48,3,419.32,93,419.5,10,419.3,3
1597988235125438976,1597988235000000000,2020-08-21 13:37:15.000000,419.38,420.88,414.8,417.0,nan,417.79,271685,113507403040.0,242531,419.42,6,419.38,3,419.44,5,419.36,6,419.46,7,419.34,10,419.48,4,419.32,93,419.5,10,419.3,3
1597988235619076096,1597988235500000000,2020-08-21 13:37:15.500000,419.38,420.88,414.8,417.0,nan,417.79,271686,113507822420.0,242532,419.42,6,419.38,3,419.44,5,419.36,6,419.46,7,419.34,10,419.48,5,419.32,93,419.5,10,419.3,3
1597988236110605056,1597988236000000000,2020-08-21 13:37:16.000000,419.38,420.88,414.8,417.0,nan,417.79,271691,113509919320.0,242530,419.42,7,419.36,6,419.44,5,419.34,10,419.46,7,419.32,93,419.48,5,419.3,3,419.5,10,419.28,14
1597988236608482048,1597988236500000000,2020-08-21 13:37:16.500000,419.36,420.88,414.8,417.0,nan,417.79,271695,113511596760.0,242528,419.4,28,419.36,2,419.42,7,419.34,10,419.44,5,419.32,93,419.46,7,419.3,3,419.48,5,419.28,14
1597988237128012032,1597988237000000000,2020-08-21 13:37:17.000000,419.36,420.88,414.8,417.0,nan,417.79,271697,113512435480.0,242526,419.38,2,419.34,9,419.4,30,419.32,93,419.42,7,419.3,3,419.44,5,419.28,14,419.46,7,419.26,3
1597988237617648128,1597988237500000000,2020-08-21 13:37:17.500000,419.34,420.88,414.8,417.0,nan,417.79,271706,113516209580.0,242527,419.34,3,419.32,93,419.38,2,419.3,3,419.4,31,419.28,14,419.42,7,419.26,3,419.44,5,419.24,2
1597988238105633024,1597988238000000000,2020-08-21 13:37:18.000000,419.32,420.88,414.8,417.0,nan,417.79,271715,113519983560.0,242529,419.38,2,419.34,2,419.4,31,419.32,92,419.42,7,419.3,3,419.44,6,419.28,14,419.46,7,419.26,3
1597988238616888064,1597988238500000000,2020-08-21 13:37:18.500000,419.32,420.88,414.8,417.0,nan,417.79,271715,113519983560.0,242529,419.38,6,419.34,2,419.4,31,419.32,92,419.42,7,419.3,3,419.44,6,419.28,14,419.46,7,419.26,3
1597988239110324992,1597988239000000000,2020-08-21 13:37:19.000000,419.32,420.88,414.8,417.0,nan,417.79,271715,113519983560.0,242529,419.36,1,419.34,2,419.38,7,419.32,92,419.4,31,419.3,3,419.42,7,419.28,14,419.44,6,419.26,3
1597988239603706880,1597988239500000000,2020-08-21 13:37:19.500000,419.38,420.88,414.8,417.0,nan,417.79,271720,113522080340.0,242530,419.38,6,419.32,92,419.4,31,419.3,3,419.42,7,419.28,34,419.44,7,419.26,3,419.46,7,419.24,2
1597988240146673920,1597988240000000000,2020-08-21 13:37:20.000000,419.36,420.88,414.8,417.0,nan,417.79,271721,113522499700.0,242530,419.36,1,419.34,2,419.38,7,419.32,93,419.4,31,419.3,3,419.42,7,419.28,35,419.44,7,419.26,3
1597988240608174080,1597988240500000000,2020-08-21 13:37:20.500000,419.38,420.88,414.8,417.0,nan,417.79,271722,113522919080.0,242530,419.38,6,419.32,93,419.4,31,419.3,3,419.42,7,419.28,35,419.44,7,419.26,3,419.46,7,419.24,2
1597988241141376000,1597988241000000000,2020-08-21 13:37:21.000000,419.34,420.88,414.8,417.0,nan,417.79,271727,113525015780.0,242527,419.36,3,419.34,1,419.38,6,419.32,93,419.4,31,419.3,3,419.42,7,419.28,35,419.44,7,419.26,3
1597988241611287040,1597988241500000000,2020-08-21 13:37:21.500000,419.34,420.88,414.8,417.0,nan,417.79,271728,113525435120.0,242526,419.36,5,419.32,93,419.38,6,419.3,3,419.4,31,419.28,35,419.42,7,419.26,3,419.44,7,419.24,5
1597988242615954944,1597988242500000000,2020-08-21 13:37:22.500000,419.36,420.88,414.8,417.0,nan,417.79,271729,113525854480.0,242526,419.36,4,419.32,94,419.38,6,419.3,3,419.4,31,419.28,35,419.42,7,419.26,3,419.44,7,419.24,5
1597988243112987904,1597988243000000000,2020-08-21 13:37:23.000000,419.32,420.88,414.8,417.0,nan,417.79,271730,113526273800.0,242526,419.36,5,419.32,92,419.38,6,419.3,3,419.4,31,419.28,34,419.42,7,419.26,3,419.44,7,419.24,5
1597988243623643904,1597988243500000000,2020-08-21 13:37:23.500000,419.32,420.88,414.8,417.0,nan,417.79,271730,113526273800.0,242526,419.36,5,419.32,94,419.38,6,419.3,3,419.4,31,419.28,34,419.42,7,419.26,3,419.44,7,419.24,5
1597988244111526912,1597988244000000000,2020-08-21 13:37:24.000000,419.32,420.88,414.8,417.0,nan,417.79,271731,113526693120.0,242526,419.36,5,419.32,93,419.38,6,419.3,3,419.4,31,419.28,34,419.42,7,419.26,3,419.44,7,419.24,5
1597988244621287936,1597988244500000000,2020-08-21 13:37:24.500000,419.36,420.88,414.8,417.0,nan,417.79,271732,113527112480.0,242526,419.36,4,419.32,94,419.38,6,419.3,3,419.4,31,419.28,34,419.42,8,419.26,3,419.44,7,419.24,5
1597988245117701120,1597988245000000000,2020-08-21 13:37:25.000000,419.32,420.88,414.8,417.0,nan,417.79,271733,113527531800.0,242526,419.36,4,419.32,92,419.38,4,419.3,3,419.4,31,419.28,34,419.42,8,419.26,3,419.44,7,419.24,5
1597988245610884096,1597988245500000000,2020-08-21 13:37:25.500000,419.32,420.88,414.8,417.0,nan,417.79,271733,113527531800.0,242526,419.36,4,419.34,1,419.38,4,419.32,91,419.4,31,419.3,3,419.42,8,419.28,34,419.44,7,419.26,3
1597988246139066880,1597988246000000000,2020-08-21 13:37:26.000000,419.34,420.88,414.8,417.0,nan,417.79,271734,113527951140.0,242525,419.36,4,419.32,91,419.38,4,419.3,3,419.4,31,419.28,34,419.42,8,419.26,3,419.44,7,419.24,5
1597988246614153984,1597988246500000000,2020-08-21 13:37:26.500000,419.32,420.88,414.8,417.0,nan,417.79,271737,113529209140.0,242526,419.36,3,419.32,89,419.38,4,419.3,3,419.4,31,419.28,35,419.42,8,419.26,3,419.44,7,419.24,5
1597988247126619904,1597988247000000000,2020-08-21 13:37:27.000000,419.32,420.88,414.8,417.0,nan,417.79,271737,113529209140.0,242526,419.36,3,419.34,1,419.38,4,419.32,89,419.4,31,419.3,3,419.42,8,419.28,34,419.44,7,419.26,3
1597988247603233024,1597988247500000000,2020-08-21 13:37:27.500000,419.34,420.88,414.8,417.0,nan,417.79,271738,113529628480.0,242527,419.36,3,419.34,1,419.38,4,419.32,89,419.4,31,419.3,4,419.42,8,419.28,34,419.44,7,419.26,3
1597988248117075968,1597988248000000000,2020-08-21 13:37:28.000000,419.36,420.88,414.8,417.0,nan,417.79,271740,113530467180.0,242528,419.36,2,419.32,89,419.38,4,419.3,4,419.4,31,419.28,34,419.42,8,419.26,3,419.44,5,419.24,5
1597988248622598912,1597988248500000000,2020-08-21 13:37:28.500000,419.36,420.88,414.8,417.0,nan,417.79,271741,113530886540.0,242528,419.36,1,419.34,2,419.38,4,419.32,89,419.4,31,419.3,4,419.42,8,419.28,34,419.44,5,419.26,3
1597988249129071104,1597988249000000000,2020-08-21 13:37:29.000000,419.36,420.88,414.8,417.0,nan,417.79,271745,113532563900.0,242528,419.36,1,419.32,89,419.38,4,419.3,4,419.4,31,419.28,34,419.42,8,419.26,3,419.44,5,419.24,5
1597988249603923968,1597988249500000000,2020-08-21 13:37:29.500000,419.36,420.88,414.8,417.0,nan,417.79,271746,113532983260.0,242529,419.38,4,419.32,89,419.4,37,419.3,4,419.42,8,419.28,34,419.44,5,419.26,3,419.46,6,419.24,5
1597988250137893120,1597988250000000000,2020-08-21 13:37:30.000000,419.36,420.88,414.8,417.0,nan,417.79,271746,113532983260.0,242529,419.36,1,419.32,89,419.38,4,419.3,4,419.4,37,419.28,34,419.42,8,419.26,3,419.44,5,419.24,5
1597988250609752064,1597988250500000000,2020-08-21 13:37:30.500000,419.36,420.88,414.8,417.0,nan,417.79,271747,113533402620.0,242530,419.38,4,419.32,89,419.4,37,419.3,4,419.42,8,419.28,34,419.44,5,419.26,3,419.46,6,419.24,5
1597988251110903040,1597988251000000000,2020-08-21 13:37:31.000000,419.36,420.88,414.8,417.0,nan,417.79,271747,113533402620.0,242530,419.38,3,419.34,1,419.4,37,419.32,89,419.42,8,419.3,4,419.44,6,419.28,34,419.46,6,419.26,3
1597988251624432128,1597988251500000000,2020-08-21 13:37:31.500000,419.38,420.88,414.8,417.0,nan,417.79,271751,113535080100.0,242529,419.4,37,419.38,3,419.42,8,419.34,1,419.44,6,419.32,89,419.46,6,419.3,4,419.48,4,419.28,34
1597988252141874944,1597988252000000000,2020-08-21 13:37:32.000000,419.32,420.88,414.8,417.0,nan,417.79,271759,113538434980.0,242528,419.38,9,419.32,87,419.4,37,419.3,4,419.42,8,419.28,34,419.44,6,419.26,3,419.46,6,419.24,5
1597988252605413888,1597988252500000000,2020-08-21 13:37:32.500000,419.36,420.88,414.8,417.0,nan,417.79,271760,113538854340.0,242528,419.38,9,419.34,2,419.4,37,419.32,87,419.42,8,419.3,4,419.44,6,419.28,34,419.46,6,419.26,3
1597988253130597120,1597988253000000000,2020-08-21 13:37:33.000000,419.34,420.88,414.8,417.0,nan,417.79,271762,113539693020.0,242528,419.38,9,419.32,87,419.4,31,419.3,4,419.42,8,419.28,34,419.44,6,419.26,3,419.46,6,419.24,5
1597988253607704064,1597988253500000000,2020-08-21 13:37:33.500000,419.38,420.88,414.8,417.0,nan,417.79,271765,113540951140.0,242527,419.38,7,419.34,1,419.4,32,419.32,87,419.42,8,419.3,4,419.44,6,419.28,34,419.46,6,419.26,3
1597988254116530944,1597988254000000000,2020-08-21 13:37:34.000000,419.38,420.88,414.8,417.0,nan,417.79,271765,113540951140.0,242527,419.38,7,419.34,3,419.4,32,419.32,87,419.42,8,419.3,4,419.44,6,419.28,34,419.46,6,419.26,3
1597988254613728000,1597988254500000000,2020-08-21 13:37:34.500000,419.38,420.88,414.8,417.0,nan,417.79,271766,113541370520.0,242528,419.38,6,419.34,3,419.4,32,419.32,87,419.42,8,419.3,4,419.44,6,419.28,34,419.46,6,419.26,3
1597988255609569024,1597988255500000000,2020-08-21 13:37:35.500000,419.38,420.88,414.8,417.0,nan,417.79,271767,113541789900.0,242529,419.38,5,419.34,3,419.4,32,419.32,87,419.42,8,419.3,4,419.44,6,419.28,33,419.46,6,419.26,3
1597988256126767104,1597988256000000000,2020-08-21 13:37:36.000000,419.38,420.88,414.8,417.0,nan,417.79,271767,113541789900.0,242529,419.36,1,419.34,4,419.38,7,419.32,87,419.4,32,419.3,4,419.42,8,419.28,33,419.44,6,419.26,3
1597988256626002944,1597988256500000000,2020-08-21 13:37:36.500000,419.34,420.88,414.8,417.0,nan,417.79,271769,113542628600.0,242527,419.38,7,419.34,3,419.4,32,419.32,87,419.42,8,419.3,4,419.44,6,419.28,33,419.46,6,419.26,3
1597988257111236096,1597988257000000000,2020-08-21 13:37:37.000000,419.34,420.88,414.8,417.0,nan,417.79,271769,113542628600.0,242527,419.36,2,419.34,3,419.38,9,419.32,87,419.4,32,419.3,4,419.42,8,419.28,33,419.44,6,419.26,3
1597988257608428032,1597988257500000000,2020-08-21 13:37:37.500000,419.36,420.88,414.8,417.0,nan,417.79,271773,113544305980.0,242528,419.36,1,419.32,87,419.38,9,419.3,4,419.4,32,419.28,33,419.42,8,419.26,3,419.44,6,419.24,5
1597988258107345920,1597988258000000000,2020-08-21 13:37:38.000000,419.36,420.88,414.8,417.0,nan,417.79,271773,113544305980.0,242528,419.36,1,419.32,87,419.38,10,419.3,4,419.4,32,419.28,33,419.42,8,419.26,3,419.44,6,419.24,5
1597988259131813120,1597988259000000000,2020-08-21 13:37:39.000000,419.36,420.88,414.8,417.0,nan,417.79,271774,113544725340.0,242528,419.38,10,419.36,2,419.4,32,419.32,87,419.42,8,419.3,4,419.44,6,419.28,33,419.46,6,419.26,3
1597988259609977088,1597988259500000000,2020-08-21 13:37:39.500000,419.38,420.88,414.8,417.0,nan,417.79,271786,113549757860.0,242537,419.4,32,419.38,6,419.42,8,419.32,87,419.44,6,419.3,4,419.46,6,419.28,33,419.48,4,419.26,3
1597988260113975040,1597988260000000000,2020-08-21 13:37:40.000000,419.38,420.88,414.8,417.0,nan,417.79,271792,113552274140.0,242538,419.38,3,419.34,1,419.4,31,419.32,87,419.42,8,419.3,4,419.44,6,419.28,33,419.46,6,419.26,3
1597988260616772096,1597988260500000000,2020-08-21 13:37:40.500000,419.38,420.88,414.8,417.0,nan,417.79,271793,113552693520.0,242538,419.38,6,419.34,3,419.4,31,419.32,88,419.42,8,419.3,4,419.44,6,419.28,33,419.46,6,419.26,3
1597988261142609920,1597988261000000000,2020-08-21 13:37:41.000000,419.38,420.88,414.8,417.0,nan,417.79,271806,113558145240.0,242544,419.36,1,419.34,4,419.4,31,419.32,88,419.42,8,419.3,4,419.44,6,419.28,33,419.46,6,419.26,3
1597988261599033088,1597988261500000000,2020-08-21 13:37:41.500000,419.36,420.88,414.8,417.0,nan,417.79,271807,113558564600.0,242543,419.4,39,419.36,1,419.42,8,419.34,4,419.44,6,419.32,88,419.46,6,419.3,4,419.48,4,419.28,33
1597988262113035008,1597988262000000000,2020-08-21 13:37:42.000000,419.4,420.88,414.8,417.0,nan,417.79,271811,113560242140.0,242543,419.38,1,419.36,1,419.4,39,419.34,4,419.42,8,419.32,88,419.44,6,419.3,4,419.46,6,419.28,33
1597988262630312960,1597988262500000000,2020-08-21 13:37:42.500000,419.38,420.88,414.8,417.0,nan,417.79,271813,113561080880.0,242542,419.4,41,419.36,2,419.42,8,419.34,5,419.44,6,419.32,88,419.46,6,419.3,4,419.48,4,419.28,33
1597988263101871104,1597988263000000000,2020-08-21 13:37:43.000000,419.38,420.88,414.8,417.0,nan,417.79,271813,113561080880.0,242542,419.38,2,419.36,3,419.4,41,419.34,8,419.42,8,419.32,88,419.44,6,419.3,4,419.46,6,419.28,33
1597988264117627904,1597988264000000000,2020-08-21 13:37:44.000000,419.38,420.88,414.8,417.0,nan,417.79,271813,113561080880.0,242542,419.38,2,419.36,3,419.4,41,419.34,8,419.42,8,419.32,88,419.44,6,419.3,4,419.46,7,419.28,33
1597988264600809984,1597988264500000000,2020-08-21 13:37:44.500000,419.38,420.88,414.8,417.0,nan,417.79,271813,113561080880.0,242542,419.38,2,419.36,3,419.4,41,419.34,8,419.42,8,419.32,87,419.44,6,419.3,4,419.46,7,419.28,33
1597988265133041920,1597988265000000000,2020-08-21 13:37:45.000000,419.36,420.88,414.8,417.0,nan,417.79,271814,113561500240.0,242543,419.38,2,419.36,3,419.4,41,419.34,8,419.42,8,419.32,87,419.44,6,419.3,4,419.46,7,419.28,33
1597988265607709952,1597988265500000000,2020-08-21 13:37:45.500000,419.36,420.88,414.8,417.0,nan,417.79,271814,113561500240.0,242543,419.38,2,419.36,3,419.4,42,419.34,8,419.42,8,419.32,86,419.44,6,419.3,4,419.46,7,419.28,34
1597988266130817024,1597988266000000000,2020-08-21 13:37:46.000000,419.36,420.88,414.8,417.0,nan,417.79,271814,113561500240.0,242543,419.38,7,419.36,4,419.4,42,419.34,8,419.42,8,419.32,86,419.44,6,419.3,4,419.46,7,419.28,34
1597988267132520960,1597988267000000000,2020-08-21 13:37:47.000000,419.36,420.88,414.8,417.0,nan,417.79,271814,113561500240.0,242543,419.38,8,419.36,4,419.4,42,419.34,8,419.42,8,419.32,86,419.44,6,419.3,4,419.46,6,419.28,34
1597988267611986944,1597988267500000000,2020-08-21 13:37:47.500000,419.34,420.88,414.8,417.0,nan,417.79,271820,113564016340.0,242539,419.38,10,419.34,6,419.4,42,419.32,87,419.42,8,419.3,4,419.44,6,419.28,34,419.46,6,419.26,3
1597988268144574976,1597988268000000000,2020-08-21 13:37:48.000000,419.34,420.88,414.8,417.0,nan,417.79,271820,113564016340.0,242539,419.36,1,419.34,6,419.38,11,419.32,87,419.4,43,419.3,4,419.42,8,419.28,34,419.44,6,419.26,3
1597988268601969920,1597988268500000000,2020-08-21 13:37:48.500000,419.34,420.88,414.8,417.0,nan,417.79,271820,113564016340.0,242539,419.36,3,419.34,7,419.38,11,419.32,87,419.4,43,419.3,4,419.42,8,419.28,34,419.44,6,419.26,3
1597988269105758976,1597988269000000000,2020-08-21 13:37:49.000000,419.34,420.88,414.8,417.0,nan,417.79,271832,113569048560.0,242542,419.38,9,419.32,87,419.4,43,419.3,4,419.42,8,419.28,34,419.44,7,419.26,3,419.46,6,419.24,5
1597988269616879104,1597988269500000000,2020-08-21 13:37:49.500000,419.34,420.88,414.8,417.0,nan,417.79,271833,113569467900.0,242542,419.36,5,419.34,2,419.38,10,419.32,87,419.4,43,419.3,4,419.42,8,419.28,39,419.44,7,419.26,3
1597988270142416896,1597988270000000000,2020-08-21 13:37:50.000000,419.34,420.88,414.8,417.0,nan,417.79,271833,113569467900.0,242542,419.36,7,419.32,87,419.38,10,419.3,4,419.4,43,419.28,39,419.42,8,419.26,3,419.44,7,419.24,5
1597988271141000960,1597988271000000000,2020-08-21 13:37:51.000000,419.34,420.88,414.8,417.0,nan,417.79,271833,113569467900.0,242542,419.36,8,419.32,87,419.38,10,419.3,4,419.4,43,419.28,39,419.42,8,419.26,3,419.44,7,419.24,5
1597988273107237120,1597988273000000000,2020-08-21 13:37:53.000000,419.34,420.88,414.8,417.0,nan,417.79,271833,113569467900.0,242542,419.36,12,419.32,87,419.38,10,419.3,4,419.4,43,419.28,39,419.42,8,419.26,3,419.44,7,419.24,5
1597988274139384064,1597988274000000000,2020-08-21 13:37:54.000000,419.34,420.88,414.8,417.0,nan,417.79,271833,113569467900.0,242542,419.34,1,419.32,87,419.36,12,419.3,4,419.38,9,419.28,39,419.4,44,419.26,3,419.42,8,419.24,5
1597988274644310016,1597988274500000000,2020-08-21 13:37:54.500000,419.28,420.88,414.8,417.0,nan,417.79,271964,113624397200.0,242509,419.3,2,419.26,3,419.32,3,419.24,5,419.34,4,419.22,6,419.36,12,419.2,12,419.38,9,419.18,31
1597988275130022912,1597988275000000000,2020-08-21 13:37:55.000000,419.26,420.88,414.8,417.0,nan,417.79,271975,113629008980.0,242508,419.28,5,419.22,5,419.3,10,419.2,14,419.32,1,419.18,31,419.34,4,419.16,3,419.36,17,419.14,5
1597988275707122944,1597988275500000000,2020-08-21 13:37:55.500000,419.22,420.88,414.8,417.0,nan,417.79,271978,113630266640.0,242506,419.26,1,419.22,5,419.28,5,419.2,11,419.3,10,419.18,31,419.32,1,419.16,3,419.34,4,419.14,5
1597988276137852928,1597988276000000000,2020-08-21 13:37:56.000000,419.22,420.88,414.8,417.0,nan,417.79,271982,113631943520.0,242505,419.24,2,419.22,4,419.26,5,419.2,11,419.28,5,419.18,31,419.3,10,419.16,3,419.32,1,419.14,5
1597988276713795072,1597988276500000000,2020-08-21 13:37:56.500000,419.26,420.88,414.8,417.0,nan,417.79,271989,113634878300.0,242510,419.28,5,419.26,1,419.3,10,419.22,7,419.32,1,419.2,11,419.34,4,419.18,31,419.36,14,419.16,3
1597988277216797952,1597988277000000000,2020-08-21 13:37:57.000000,419.26,420.88,414.8,417.0,nan,417.79,271992,113636136080.0,242509,419.28,5,419.24,5,419.3,10,419.22,7,419.32,1,419.2,11,419.34,4,419.18,31,419.36,14,419.16,3
1597988277606977024,1597988277500000000,2020-08-21 13:37:57.500000,419.28,420.88,414.8,417.0,nan,417.79,272008,113642844760.0,242499,419.32,1,419.26,2,419.34,4,419.24,6,419.36,14,419.22,10,419.38,9,419.2,11,419.4,44,419.18,31
1597988278114272000,1597988278000000000,2020-08-21 13:37:58.000000,419.26,420.88,414.8,417.0,nan,417.79,272010,113643683300.0,242498,419.28,1,419.26,5,419.3,1,419.24,6,419.32,4,419.22,10,419.34,5,419.2,12,419.36,13,419.18,31
1597988278616727040,1597988278500000000,2020-08-21 13:37:58.500000,419.28,420.88,414.8,417.0,nan,417.79,272011,113644102580.0,242498,419.3,1,419.26,5,419.32,4,419.24,6,419.34,4,419.22,10,419.36,13,419.2,13,419.38,10,419.18,31
1597988279146054912,1597988279000000000,2020-08-21 13:37:59.000000,419.26,420.88,414.8,417.0,nan,417.79,272013,113644941120.0,242498,419.3,3,419.26,4,419.32,4,419.24,6,419.34,4,419.22,10,419.36,13,419.2,13,419.38,10,419.18,31
1597988279638053888,1597988279500000000,2020-08-21 13:37:59.500000,419.3,420.88,414.8,417.0,nan,417.79,272015,113645779720.0,242498,419.3,3,419.26,5,419.32,4,419.24,6,419.34,4,419.22,10,419.36,13,419.2,13,419.38,10,419.18,31
1597988280159740928,1597988280000000000,2020-08-21 13:38:00.000000,419.26,420.88,414.8,417.0,nan,417.79,272016,113646198980.0,242498,419.3,2,419.26,4,419.32,4,419.24,7,419.34,4,419.22,8,419.36,13,419.2,13,419.38,10,419.18,31
1597988280614318080,1597988280500000000,2020-08-21 13:38:00.500000,419.26,420.88,414.8,417.0,nan,417.79,272016,113646198980.0,242498,419.3,2,419.28,1,419.32,4,419.26,4,419.34,4,419.24,6,419.36,13,419.22,8,419.38,10,419.2,13
1597988281129873920,1597988281000000000,2020-08-21 13:38:01.000000,419.28,420.88,414.8,417.0,nan,417.79,272017,113646618260.0,242497,419.3,2,419.26,4,419.32,5,419.24,6,419.34,4,419.22,8,419.36,12,419.2,13,419.38,10,419.18,31
1597988281597622016,1597988281500000000,2020-08-21 13:38:01.500000,419.28,420.88,414.8,417.0,nan,417.79,272017,113646618260.0,242497,419.3,3,419.26,4,419.32,5,419.24,5,419.34,4,419.22,7,419.36,12,419.2,14,419.38,10,419.18,31
1597988282143217920,1597988282000000000,2020-08-21 13:38:02.000000,419.28,420.88,414.8,417.0,nan,417.79,272017,113646618260.0,242497,419.28,4,419.26,4,419.3,3,419.24,5,419.32,5,419.22,7,419.34,4,419.2,14,419.36,11,419.18,31
1597988282620829952,1597988282500000000,2020-08-21 13:38:02.500000,419.28,420.88,414.8,417.0,nan,417.79,272021,113648295380.0,242497,419.3,3,419.26,3,419.32,5,419.24,5,419.34,4,419.22,7,419.36,11,419.2,14,419.38,10,419.18,31
1597988283117862912,1597988283000000000,2020-08-21 13:38:03.000000,419.28,420.88,414.8,417.0,nan,417.79,272021,113648295380.0,242497,419.28,1,419.26,3,419.3,23,419.24,5,419.32,5,419.22,8,419.34,4,419.2,14,419.36,11,419.18,32
1597988283615128064,1597988283500000000,2020-08-21 13:38:03.500000,419.28,420.88,414.8,417.0,nan,417.79,272021,113648295380.0,242497,419.28,4,419.26,3,419.3,24,419.24,5,419.32,7,419.22,8,419.34,4,419.2,14,419.36,11,419.18,32
1597988284126471936,1597988284000000000,2020-08-21 13:38:04.000000,419.26,420.88,414.8,417.0,nan,417.79,272026,113650391680.0,242498,419.26,3,419.24,5,419.28,1,419.22,8,419.3,25,419.2,14,419.32,7,419.18,32,419.34,4,419.16,3
1597988285119326976,1597988285000000000,2020-08-21 13:38:05.000000,419.26,420.88,414.8,417.0,nan,417.79,272030,113652068720.0,242497,419.28,1,419.24,4,419.3,25,419.22,8,419.32,6,419.2,14,419.34,4,419.18,32,419.36,11,419.16,3
1597988285619930112,1597988285500000000,2020-08-21 13:38:05.500000,419.24,420.88,414.8,417.0,nan,417.79,272031,113652487960.0,242497,419.28,1,419.24,3,419.3,25,419.22,8,419.32,6,419.2,14,419.34,4,419.18,32,419.36,11,419.16,3
1597988286141199872,1597988286000000000,2020-08-21 13:38:06.000000,419.24,420.88,414.8,417.0,nan,417.79,272031,113652487960.0,242497,419.28,2,419.24,3,419.3,25,419.22,8,419.32,6,419.2,14,419.34,4,419.18,32,419.36,11,419.16,3
1597988286627995904,1597988286500000000,2020-08-21 13:38:06.500000,419.28,420.88,414.8,417.0,nan,417.79,272032,113652907240.0,242498,419.28,3,419.24,4,419.3,24,419.22,8,419.32,6,419.2,14,419.34,4,419.18,32,419.36,11,419.16,3
1597988287124438016,1597988287000000000,2020-08-21 13:38:07.000000,419.24,420.88,414.8,417.0,nan,417.79,272035,113654164960.0,242495,419.28,4,419.24,2,419.3,24,419.22,8,419.32,6,419.2,13,419.34,4,419.18,32,419.36,11,419.16,3
1597988287616216064,1597988287500000000,2020-08-21 13:38:07.500000,419.28,420.88,414.8,417.0,nan,417.79,272036,113654584240.0,242496,419.28,3,419.24,2,419.3,24,419.22,8,419.32,6,419.2,13,419.34,4,419.18,33,419.36,11,419.16,3
1597988288143719936,1597988288000000000,2020-08-21 13:38:08.000000,419.28,420.88,414.8,417.0,nan,417.79,272036,113654584240.0,242496,419.28,3,419.24,3,419.3,24,419.22,8,419.32,6,419.2,13,419.34,4,419.18,33,419.36,11,419.16,3
1597988288601956096,1597988288500000000,2020-08-21 13:38:08.500000,419.24,420.88,414.8,417.0,nan,417.79,272037,113655003480.0,242495,419.28,4,419.24,2,419.3,23,419.22,8,419.32,6,419.2,13,419.34,4,419.18,33,419.36,11,419.16,3
1597988289125508096,1597988289000000000,2020-08-21 13:38:09.000000,419.24,420.88,414.8,417.0,nan,417.79,272037,113655003480.0,242495,419.26,1,419.24,2,419.28,5,419.22,8,419.3,23,419.2,13,419.32,6,419.18,33,419.34,4,419.16,3
1597988289616896000,1597988289500000000,2020-08-21 13:38:09.500000,419.24,420.88,414.8,417.0,nan,417.79,272038,113655422720.0,242495,419.26,1,419.24,1,419.28,5,419.22,8,419.3,23,419.2,12,419.32,6,419.18,33,419.34,4,419.16,3
1597988290111966976,1597988290000000000,2020-08-21 13:38:10.000000,419.24,420.88,414.8,417.0,nan,417.79,272039,113655841960.0,242495,419.24,3,419.22,8,419.26,3,419.2,12,419.28,5,419.18,32,419.3,22,419.16,3,419.32,6,419.14,5
1597988290600060928,1597988290500000000,2020-08-21 13:38:10.500000,419.24,420.88,414.8,417.0,nan,417.79,272039,113655841960.0,242495,419.24,5,419.22,8,419.26,4,419.2,11,419.28,5,419.18,32,419.3,22,419.16,3,419.32,6,419.14,5
1597988291117675008,1597988291000000000,2020-08-21 13:38:11.000000,419.24,420.88,414.8,417.0,nan,417.79,272050,113660453440.0,242491,419.24,2,419.2,11,419.26,4,419.18,32,419.28,5,419.16,3,419.3,22,419.14,5,419.32,6,419.12,4
1597988291617917952,1597988291500000000,2020-08-21 13:38:11.500000,419.24,420.88,414.8,417.0,nan,417.79,272051,113660872680.0,242490,419.22,2,419.2,10,419.24,3,419.18,32,419.26,4,419.16,4,419.28,7,419.14,5,419.3,22,419.12,4
1597988292152515072,1597988292000000000,2020-08-21 13:38:12.000000,419.24,420.88,414.8,417.0,nan,417.79,272051,113660872680.0,242490,419.22,5,419.2,10,419.24,3,419.18,32,419.26,4,419.16,4,419.28,7,419.14,5,419.3,22,419.12,4
1597988292608440064,1597988292500000000,2020-08-21 13:38:12.500000,419.2,420.88,414.8,417.0,nan,417.79,272052,113661291880.0,242491,419.22,10,419.2,7,419.24,3,419.18,32,419.26,4,419.16,4,419.28,7,419.14,5,419.3,22,419.12,4
1597988293109063936,1597988293000000000,2020-08-21 13:38:13.000000,419.2,420.88,414.8,417.0,nan,417.79,272065,113666741480.0,242492,419.22,10,419.18,32,419.24,3,419.16,4,419.26,4,419.14,5,419.28,7,419.12,4,419.3,22,419.1,4
1597988293598156032,1597988293500000000,2020-08-21 13:38:13.500000,419.22,420.88,414.8,417.0,nan,417.79,272073,113670095240.0,242492,419.2,2,419.18,32,419.22,2,419.16,4,419.24,3,419.14,5,419.26,4,419.12,4,419.28,6,419.1,4
1597988294139962112,1597988294000000000,2020-08-21 13:38:14.000000,419.2,420.88,414.8,417.0,nan,417.79,272080,113673029600.0,242498,419.2,2,419.18,30,419.22,2,419.16,4,419.24,3,419.14,5,419.26,4,419.12,4,419.28,5,419.1,4
1597988294608574976,1597988294500000000,2020-08-21 13:38:14.500000,419.2,420.88,414.8,417.0,nan,417.79,272080,113673029600.0,242498,419.2,4,419.18,30,419.22,2,419.16,4,419.24,3,419.14,5,419.26,4,419.12,4,419.28,5,419.1,4
1597988295142149888,1597988295000000000,2020-08-21 13:38:15.000000,419.18,420.88,414.8,417.0,nan,417.79,272082,113673867960.0,242498,419.2,4,419.18,28,419.22,2,419.16,4,419.24,3,419.14,5,419.26,4,419.12,4,419.28,5,419.1,4
1597988295613363968,1597988295500000000,2020-08-21 13:38:15.500000,419.18,420.88,414.8,417.0,nan,417.79,272111,113686024200.0,242518,419.18,1,419.16,4,419.2,3,419.14,5,419.22,2,419.12,4,419.24,3,419.1,4,419.26,4,419.08,3
1597988296111873024,1597988296000000000,2020-08-21 13:38:16.000000,419.2,420.88,414.8,417.0,nan,417.79,272118,113688958520.0,242517,419.18,2,419.16,4,419.2,1,419.14,5,419.22,2,419.12,4,419.24,3,419.1,4,419.26,4,419.08,3
1597988296614576128,1597988296500000000,2020-08-21 13:38:16.500000,419.16,420.88,414.8,417.0,nan,417.79,272122,113690635240.0,242517,419.22,3,419.16,3,419.24,3,419.14,5,419.26,3,419.12,4,419.28,5,419.1,4,419.3,23,419.08,3
1597988297147783936,1597988297000000000,2020-08-21 13:38:17.000000,419.16,420.88,414.8,417.0,nan,417.79,272123,113691054400.0,242517,419.2,3,419.16,1,419.22,3,419.14,5,419.24,3,419.12,5,419.26,3,419.1,4,419.28,3,419.08,3
1597988297622492928,1597988297500000000,2020-08-21 13:38:17.500000,419.16,420.88,414.8,417.0,nan,417.79,272124,113691473560.0,242517,419.2,3,419.14,5,419.22,3,419.12,5,419.24,3,419.1,3,419.26,3,419.08,3,419.28,3,419.06,1
1597988298133711104,1597988298000000000,2020-08-21 13:38:18.000000,419.2,420.88,414.8,417.0,nan,417.79,272127,113692731100.0,242518,419.2,3,419.16,1,419.22,3,419.14,4,419.24,3,419.12,5,419.26,3,419.1,3,419.28,3,419.08,3
1597988298610242048,1597988298500000000,2020-08-21 13:38:18.500000,419.2,420.88,414.8,417.0,nan,417.79,272127,113692731100.0,242518,419.18,1,419.16,1,419.2,3,419.14,5,419.22,3,419.12,5,419.24,3,419.1,3,419.26,3,419.08,3
1597988299129728000,1597988299000000000,2020-08-21 13:38:19.000000,419.14,420.88,414.8,417.0,nan,417.79,272132,113694826860.0,242517,419.2,3,419.14,2,419.22,3,419.12,5,419.24,3,419.1,3,419.26,3,419.08,3,419.28,4,419.06,1
1597988299619332096,1597988299500000000,2020-08-21 13:38:19.500000,419.2,420.88,414.8,417.0,nan,417.79,272135,113696084460.0,242517,419.22,3,419.2,8,419.24,3,419.16,1,419.26,3,419.14,2,419.28,4,419.12,6,419.3,23,419.1,3
1597988300145017088,1597988300000000000,2020-08-21 13:38:20.000000,419.2,420.88,414.8,417.0,nan,417.79,272144,113699857260.0,242516,419.2,1,419.16,1,419.22,3,419.14,2,419.24,3,419.12,6,419.26,3,419.1,3,419.28,4,419.08,3
1597988300616003072,1597988300500000000,2020-08-21 13:38:20.500000,419.2,420.88,414.8,417.0,nan,417.79,272145,113700276460.0,242516,419.2,1,419.16,1,419.22,3,419.14,2,419.24,3,419.12,6,419.26,3,419.1,3,419.28,4,419.08,3
1597988301437381120,1597988301000000000,2020-08-21 13:38:21.000000,419.16,420.88,414.8,417.0,nan,417.79,272152,113703210620.0,242515,419.2,3,419.16,1,419.22,3,419.14,2,419.24,3,419.12,6,419.26,3,419.1,3,419.28,4,419.08,3
1597988301824591872,1597988301500000000,2020-08-21 13:38:21.500000,419.16,420.88,414.8,417.0,nan,417.79,272152,113703210620.0,242515,419.18,1,419.16,1,419.2,10,419.14,2,419.22,3,419.12,6,419.24,3,419.1,4,419.26,3,419.08,3
1597988302134558976,1597988302000000000,2020-08-21 13:38:22.000000,419.16,420.88,414.8,417.0,nan,417.79,272152,113703210620.0,242515,419.18,1,419.16,9,419.2,31,419.14,2,419.22,3,419.12,6,419.24,3,419.1,4,419.26,3,419.08,3
1597988302617317888,1597988302500000000,2020-08-21 13:38:22.500000,419.16,420.88,414.8,417.0,nan,417.79,272152,113703210620.0,242515,419.18,2,419.16,9,419.2,32,419.14,2,419.22,3,419.12,6,419.24,3,419.1,4,419.26,3,419.08,3
1597988303117960960,1597988303000000000,2020-08-21 13:38:23.000000,419.18,420.88,414.8,417.0,nan,417.79,272154,113704048980.0,242514,419.2,32,419.18,6,419.22,3,419.16,11,419.24,3,419.14,2,419.26,3,419.12,6,419.28,4,419.1,4
1597988303601826048,1597988303500000000,2020-08-21 13:38:23.500000,419.18,420.88,414.8,417.0,nan,417.79,272161,113706983240.0,242509,419.18,4,419.16,11,419.2,33,419.14,1,419.22,3,419.12,6,419.24,3,419.1,4,419.26,3,419.08,3
1597988304148032000,1597988304000000000,2020-08-21 13:38:24.000000,419.2,420.88,414.8,417.0,nan,417.79,272198,113722493560.0,242487,419.22,3,419.18,1,419.24,3,419.16,12,419.26,3,419.14,1,419.28,4,419.12,6,419.3,25,419.1,4
1597988304616444928,1597988304500000000,2020-08-21 13:38:24.500000,419.2,420.88,414.8,417.0,nan,417.79,272198,113722493560.0,242487,419.22,3,419.18,7,419.24,3,419.16,12,419.26,3,419.14,1,419.28,4,419.12,7,419.3,25,419.1,4
1597988305108232960,1597988305000000000,2020-08-21 13:38:25.000000,419.2,420.88,414.8,417.0,nan,417.79,272198,113722493560.0,242487,419.22,3,419.2,1,419.24,3,419.18,7,419.26,2,419.16,12,419.28,4,419.14,1,419.3,25,419.12,7
1597988305615188992,1597988305500000000,2020-08-21 13:38:25.500000,419.2,420.88,414.8,417.0,nan,417.79,272198,113722493560.0,242487,419.22,3,419.18,7,419.24,3,419.16,4,419.26,2,419.14,1,419.28,4,419.12,7,419.3,25,419.1,4
1597988306141920000,1597988306000000000,2020-08-21 13:38:26.000000,419.22,420.88,414.8,417.0,nan,417.79,272199,113722912780.0,242487,419.22,2,419.18,7,419.24,3,419.16,4,419.26,2,419.14,1,419.28,4,419.12,7,419.3,25,419.1,4
1597988306612102912,1597988306500000000,2020-08-21 13:38:26.500000,419.22,420.88,414.8,417.0,nan,417.79,272199,113722912780.0,242487,419.22,3,419.18,7,419.24,3,419.16,4,419.26,2,419.14,1,419.28,4,419.12,7,419.3,24,419.1,4
1597988307107386880,1597988307000000000,2020-08-21 13:38:27.000000,419.22,420.88,414.8,417.0,nan,417.79,272199,113722912780.0,242487,419.22,3,419.18,7,419.24,3,419.16,4,419.26,3,419.14,1,419.28,4,419.12,7,419.3,24,419.1,4
1597988307605914112,1597988307500000000,2020-08-21 13:38:27.500000,419.18,420.88,414.8,417.0,nan,417.79,272200,113723331960.0,242487,419.22,3,419.18,6,419.24,3,419.16,4,419.26,3,419.14,1,419.28,3,419.12,7,419.3,24,419.1,4
1597988308117317888,1597988308000000000,2020-08-21 13:38:28.000000,419.18,420.88,414.8,417.0,nan,417.79,272200,113723331960.0,242487,419.22,3,419.2,1,419.24,3,419.18,6,419.26,3,419.16,24,419.28,3,419.14,1,419.3,24,419.12,7
1597988308621859072,1597988308500000000,2020-08-21 13:38:28.500000,419.18,420.88,414.8,417.0,nan,417.79,272200,113723331960.0,242487,419.22,5,419.2,1,419.24,3,419.18,6,419.26,3,419.16,24,419.28,3,419.14,1,419.3,24,419.12,7
1597988309123878912,1597988309000000000,2020-08-21 13:38:29.000000,419.2,420.88,414.8,417.0,nan,417.79,272201,113723751160.0,242486,419.22,5,419.18,6,419.24,3,419.16,25,419.26,3,419.14,1,419.28,3,419.12,7,419.3,24,419.1,4
1597988309685477888,1597988309500000000,2020-08-21 13:38:29.500000,419.2,420.88,414.8,417.0,nan,417.79,272201,113723751160.0,242486,419.22,5,419.2,2,419.24,3,419.18,6,419.26,3,419.16,25,419.28,3,419.14,1,419.3,24,419.12,7
1597988310203887104,1597988310000000000,2020-08-21 13:38:30.000000,419.2,420.88,414.8,417.0,nan,417.79,272203,113724589560.0,242484,419.22,6,419.18,6,419.24,3,419.16,25,419.26,3,419.14,1,419.28,3,419.12,7,419.3,24,419.1,4
1597988310605789952,1597988310500000000,2020-08-21 13:38:30.500000,419.2,420.88,414.8,417.0,nan,417.79,272203,113724589560.0,242484,419.2,1,419.18,6,419.22,6,419.16,25,419.24,3,419.14,1,419.26,3,419.12,7,419.28,3,419.1,4
1597988311104721920,1597988311000000000,2020-08-21 13:38:31.000000,419.2,420.88,414.8,417.0,nan,417.79,272204,113725008760.0,242484,419.22,6,419.18,6,419.24,3,419.16,25,419.26,3,419.14,1,419.28,3,419.12,7,419.3,24,419.1,12
1597988311604765952,1597988311500000000,2020-08-21 13:38:31.500000,419.2,420.88,414.8,417.0,nan,417.79,272205,113725427960.0,242484,419.2,2,419.18,6,419.22,6,419.16,25,419.24,1,419.14,1,419.26,3,419.12,8,419.28,3,419.1,12
1597988312140901888,1597988312000000000,2020-08-21 13:38:32.000000,419.18,420.88,414.8,417.0,nan,417.79,272210,113727523900.0,242483,419.22,7,419.18,3,419.24,1,419.16,25,419.26,3,419.14,1,419.28,3,419.12,8,419.3,24,419.1,12
1597988313113571072,1597988313000000000,2020-08-21 13:38:33.000000,419.22,420.88,414.8,417.0,nan,417.79,272217,113730458440.0,242481,419.24,1,419.18,5,419.26,3,419.16,25,419.28,4,419.14,1,419.3,25,419.12,8,419.32,4,419.1,12
1597988313605460992,1597988313500000000,2020-08-21 13:38:33.500000,419.24,420.88,414.8,417.0,nan,417.79,272220,113731716120.0,242481,419.26,3,419.2,9,419.28,4,419.18,5,419.3,25,419.16,25,419.32,4,419.14,1,419.34,3,419.12,8
1597988314121032960,1597988314000000000,2020-08-21 13:38:34.000000,419.24,420.88,414.8,417.0,nan,417.79,272220,113731716120.0,242481,419.26,3,419.22,4,419.28,4,419.2,10,419.3,25,419.18,5,419.32,4,419.16,25,419.34,3,419.14,1
1597988314621402112,1597988314500000000,2020-08-21 13:38:34.500000,419.24,420.88,414.8,417.0,nan,417.79,272220,113731716120.0,242481,419.26,3,419.22,4,419.28,3,419.2,11,419.3,25,419.18,5,419.32,4,419.16,25,419.34,3,419.14,1
1597988315686643968,1597988315500000000,2020-08-21 13:38:35.500000,419.24,420.88,414.8,417.0,nan,417.79,272220,113731716120.0,242481,419.26,3,419.22,4,419.28,3,419.2,11,419.3,25,419.18,6,419.32,4,419.16,25,419.34,3,419.14,1
1597988316140926976,1597988316000000000,2020-08-21 13:38:36.000000,419.26,420.88,414.8,417.0,nan,417.79,272223,113732973900.0,242480,419.28,4,419.22,4,419.3,25,419.2,11,419.32,4,419.18,6,419.34,3,419.16,26,419.36,12,419.14,1
1597988316614998016,1597988316500000000,2020-08-21 13:38:36.500000,419.26,420.88,414.8,417.0,nan,417.79,272223,113732973900.0,242480,419.26,1,419.24,3,419.28,4,419.22,5,419.3,25,419.2,11,419.32,4,419.18,6,419.34,3,419.16,25
1597988317124879104,1597988317000000000,2020-08-21 13:38:37.000000,419.26,420.88,414.8,417.0,nan,417.79,272223,113732973900.0,242480,419.28,4,419.24,5,419.3,25,419.22,5,419.32,4,419.2,11,419.34,3,419.18,6,419.36,12,419.16,25
1597988317608335104,1597988317500000000,2020-08-21 13:38:37.500000,419.26,420.88,414.8,417.0,nan,417.79,272223,113732973900.0,242480,419.28,4,419.24,6,419.3,25,419.22,5,419.32,4,419.2,11,419.34,3,419.18,6,419.36,12,419.16,25
1597988318609281024,1597988318500000000,2020-08-21 13:38:38.500000,419.26,420.88,414.8,417.0,nan,417.79,272223,113732973900.0,242480,419.28,4,419.24,6,419.3,25,419.22,5,419.32,4,419.2,11,419.34,3,419.18,7,419.36,12,419.16,25
1597988319615844096,1597988319500000000,2020-08-21 13:38:39.500000,419.26,420.88,414.8,417.0,nan,417.79,272223,113732973900.0,242480,419.28,4,419.24,6,419.3,25,419.22,5,419.32,4,419.2,17,419.34,3,419.18,7,419.36,12,419.16,25
1597988320602042112,1597988320500000000,2020-08-21 13:38:40.500000,419.24,420.88,414.8,417.0,nan,417.79,272229,113735489340.0,242484,419.24,2,419.22,5,419.28,3,419.2,17,419.3,25,419.18,7,419.32,4,419.16,25,419.34,3,419.14,1
1597988321132893952,1597988321000000000,2020-08-21 13:38:41.000000,419.24,420.88,414.8,417.0,nan,417.79,272231,113736327820.0,242486,419.28,4,419.24,3,419.3,25,419.22,5,419.32,4,419.2,17,419.34,3,419.18,7,419.36,12,419.16,25
1597988321607875072,1597988321500000000,2020-08-21 13:38:41.500000,419.24,420.88,414.8,417.0,nan,417.79,272231,113736327820.0,242486,419.26,2,419.24,3,419.28,4,419.22,4,419.3,25,419.2,17,419.32,4,419.18,7,419.34,3,419.16,25
1597988322147804928,1597988322000000000,2020-08-21 13:38:42.000000,419.26,420.88,414.8,417.0,nan,417.79,272233,113737166340.0,242486,419.28,4,419.24,2,419.3,25,419.22,5,419.32,4,419.2,17,419.34,3,419.18,7,419.36,12,419.16,25
1597988322605838080,1597988322500000000,2020-08-21 13:38:42.500000,419.26,420.88,414.8,417.0,nan,417.79,272233,113737166340.0,242486,419.28,4,419.24,2,419.3,25,419.22,5,419.32,4,419.2,17,419.34,3,419.18,8,419.36,12,419.16,25
1597988323110844928,1597988323000000000,2020-08-21 13:38:43.000000,419.24,420.88,414.8,417.0,nan,417.79,272236,113738424060.0,242486,419.24,16,419.22,4,419.28,4,419.2,17,419.3,25,419.18,8,419.32,4,419.16,25,419.34,3,419.14,1
1597988323621411072,1597988323500000000,2020-08-21 13:38:43.500000,419.24,420.88,414.8,417.0,nan,417.79,272252,113745131900.0,242492,419.28,4,419.22,4,419.3,25,419.2,16,419.32,4,419.18,8,419.34,3,419.16,25,419.36,12,419.14,1
1597988324133969920,1597988324000000000,2020-08-21 13:38:44.000000,419.24,420.88,414.8,417.0,nan,417.79,272252,113745131900.0,242492,419.24,1,419.22,5,419.26,2,419.2,16,419.28,14,419.18,7,419.3,25,419.16,25,419.32,4,419.14,1
1597988324617018880,1597988324500000000,2020-08-21 13:38:44.500000,419.24,420.88,414.8,417.0,nan,417.79,272253,113745551140.0,242493,419.26,2,419.22,5,419.28,14,419.2,16,419.3,25,419.18,7,419.32,4,419.16,25,419.34,3,419.14,1
1597988325132058112,1597988325000000000,2020-08-21 13:38:45.000000,419.24,420.88,414.8,417.0,nan,417.79,272253,113745551140.0,242493,419.26,3,419.22,5,419.28,14,419.2,16,419.3,27,419.18,7,419.32,4,419.16,25,419.34,3,419.14,1
1597988326143426048,1597988326000000000,2020-08-21 13:38:46.000000,419.28,420.88,414.8,417.0,nan,417.79,272257,113747228200.0,242496,419.28,13,419.24,1,419.3,27,419.22,5,419.32,4,419.2,16,419.34,3,419.18,7,419.36,12,419.16,25
1597988326641192960,1597988326500000000,2020-08-21 13:38:46.500000,419.28,420.88,414.8,417.0,nan,417.79,272259,113748066760.0,242496,419.28,11,419.24,5,419.3,27,419.22,5,419.32,4,419.2,16,419.34,3,419.18,8,419.36,12,419.16,25
1597988327278393088,1597988327000000000,2020-08-21 13:38:47.000000,419.28,420.88,414.8,417.0,nan,417.79,272270,113752678840.0,242495,419.3,27,419.26,2,419.32,4,419.24,5,419.34,3,419.22,5,419.36,12,419.2,16,419.38,9,419.18,8
1597988327610212096,1597988327500000000,2020-08-21 13:38:47.500000,419.28,420.88,414.8,417.0,nan,417.79,272270,113752678840.0,242495,419.3,26,419.26,2,419.32,4,419.24,5,419.34,3,419.22,5,419.36,11,419.2,16,419.38,9,419.18,8
1597988328175567872,1597988328000000000,2020-08-21 13:38:48.000000,419.3,420.88,414.8,417.0,nan,417.79,272271,113753098140.0,242495,419.3,25,419.28,2,419.32,4,419.26,2,419.34,3,419.24,5,419.36,11,419.22,5,419.38,9,419.2,16
1597988328612587008,1597988328500000000,2020-08-21 13:38:48.500000,419.3,420.88,414.8,417.0,nan,417.79,272297,113763999920.0,242488,419.32,4,419.3,4,419.34,3,419.28,5,419.36,11,419.26,2,419.38,9,419.24,5,419.4,40,419.22,4
1597988329157541120,1597988329000000000,2020-08-21 13:38:49.000000,419.32,420.88,414.8,417.0,nan,417.79,272301,113765677200.0,242490,419.34,3,419.32,1,419.36,10,419.3,6,419.38,9,419.28,6,419.4,40,419.26,2,419.42,4,419.24,5
1597988329634644992,1597988329500000000,2020-08-21 13:38:49.500000,419.32,420.88,414.8,417.0,nan,417.79,272301,113765677200.0,242490,419.34,1,419.32,7,419.36,10,419.3,6,419.38,9,419.28,5,419.4,40,419.26,2,419.42,4,419.24,5
1597988330127582976,1597988330000000000,2020-08-21 13:38:50.000000,419.32,420.88,414.8,417.0,nan,417.79,272312,113770289780.0,242495,419.36,10,419.3,6,419.38,9,419.28,6,419.4,39,419.26,2,419.42,4,419.24,5,419.44,5,419.22,4
1597988330619825920,1597988330500000000,2020-08-21 13:38:50.500000,419.34,420.88,414.8,417.0,nan,417.79,272316,113771967140.0,242494,419.36,10,419.32,2,419.38,9,419.3,6,419.4,39,419.28,6,419.42,4,419.26,2,419.44,5,419.24,5
1597988331123484928,1597988331000000000,2020-08-21 13:38:51.000000,419.32,420.88,414.8,417.0,nan,417.79,272319,113773225140.0,242492,419.36,10,419.3,6,419.38,8,419.28,6,419.4,39,419.26,2,419.42,4,419.24,5,419.44,5,419.22,4
1597988331606397952,1597988331500000000,2020-08-21 13:38:51.500000,419.32,420.88,414.8,417.0,nan,417.79,272319,113773225140.0,242492,419.34,1,419.32,4,419.36,10,419.3,6,419.38,8,419.28,6,419.4,39,419.26,2,419.42,5,419.24,5
1597988332157635072,1597988332000000000,2020-08-21 13:38:52.000000,419.32,420.88,414.8,417.0,nan,417.79,272323,113774902420.0,242492,419.32,1,419.3,6,419.34,1,419.28,6,419.36,12,419.26,2,419.38,8,419.24,5,419.4,39,419.22,4
1597988332668676096,1597988332500000000,2020-08-21 13:38:52.500000,419.3,420.88,414.8,417.0,nan,417.79,272327,113776579640.0,242490,419.32,1,419.3,3,419.34,1,419.28,6,419.36,12,419.26,2,419.38,8,419.24,5,419.4,39,419.22,4
1597988333155840000,1597988333000000000,2020-08-21 13:38:53.000000,419.3,420.88,414.8,417.0,nan,417.79,272330,113777837540.0,242489,419.3,25,419.28,6,419.32,1,419.26,2,419.34,1,419.24,5,419.36,12,419.22,4,419.38,8,419.2,16
1597988333622379008,1597988333500000000,2020-08-21 13:38:53.500000,419.28,420.88,414.8,417.0,nan,417.79,272335,113779933960.0,242488,419.3,24,419.26,2,419.32,1,419.24,4,419.34,2,419.22,4,419.36,12,419.2,16,419.38,8,419.18,6
1597988334131493888,1597988334000000000,2020-08-21 13:38:54.000000,419.28,420.88,414.8,417.0,nan,417.79,272335,113779933960.0,242488,419.3,24,419.26,2,419.32,1,419.24,4,419.34,2,419.22,4,419.36,12,419.2,16,419.38,8,419.18,5
1597988334613936896,1597988334500000000,2020-08-21 13:38:54.500000,419.28,420.88,414.8,417.0,nan,417.79,272335,113779933960.0,242488,419.28,1,419.26,2,419.3,24,419.24,4,419.32,4,419.22,4,419.34,2,419.2,16,419.36,12,419.18,5
1597988336179002112,1597988336000000000,2020-08-21 13:38:56.000000,419.28,420.88,414.8,417.0,nan,417.79,272336,113780353240.0,242487,419.3,24,419.26,2,419.32,4,419.24,4,419.34,3,419.22,4,419.36,12,419.2,16,419.38,9,419.18,5
1597988337134360064,1597988337000000000,2020-08-21 13:38:57.000000,419.28,420.88,414.8,417.0,nan,417.79,272336,113780353240.0,242487,419.3,24,419.28,1,419.32,4,419.26,4,419.34,3,419.24,4,419.36,12,419.22,4,419.38,9,419.2,16
1597988337647095040,1597988337500000000,2020-08-21 13:38:57.500000,419.3,420.88,414.8,417.0,nan,417.79,272337,113780772540.0,242486,419.3,24,419.28,2,419.32,4,419.26,4,419.34,3,419.24,4,419.36,12,419.22,4,419.38,9,419.2,19
1597988338133250048,1597988338000000000,2020-08-21 13:38:58.000000,419.3,420.88,414.8,417.0,nan,417.79,272337,113780772540.0,242486,419.3,25,419.28,2,419.32,4,419.26,4,419.34,3,419.24,4,419.36,12,419.22,4,419.38,9,419.2,19
1597988338613336064,1597988338500000000,2020-08-21 13:38:58.500000,419.3,420.88,414.8,417.0,nan,417.79,272337,113780772540.0,242486,419.3,25,419.28,2,419.32,4,419.26,4,419.34,3,419.24,4,419.36,11,419.22,4,419.38,9,419.2,19
1597988339246031104,1597988339000000000,2020-08-21 13:38:59.000000,419.3,420.88,414.8,417.0,nan,417.79,272338,113781191840.0,242486,419.3,24,419.28,2,419.32,4,419.26,4,419.34,3,419.24,4,419.36,12,419.22,4,419.38,9,419.2,19
1597988340128083968,1597988340000000000,2020-08-21 13:39:00.000000,419.28,420.88,414.8,417.0,nan,417.79,272339,113781611120.0,242486,419.3,24,419.28,1,419.32,4,419.26,4,419.34,3,419.24,4,419.36,12,419.22,4,419.38,9,419.2,19
1597988340622441984,1597988340500000000,2020-08-21 13:39:00.500000,419.28,420.88,414.8,417.0,nan,417.79,272339,113781611120.0,242486,419.3,25,419.28,1,419.32,4,419.26,4,419.34,3,419.24,4,419.36,12,419.22,4,419.38,9,419.2,19
1597988341116134912,1597988341000000000,2020-08-21 13:39:01.000000,419.3,420.88,414.8,417.0,nan,417.79,272342,113782869000.0,242485,419.3,23,419.26,4,419.32,4,419.24,4,419.34,3,419.22,4,419.36,12,419.2,19,419.38,9,419.18,5
1597988341636051968,1597988341500000000,2020-08-21 13:39:01.500000,419.3,420.88,414.8,417.0,nan,417.79,272342,113782869000.0,242485,419.3,23,419.28,1,419.32,4,419.26,6,419.34,3,419.24,4,419.36,12,419.22,4,419.38,9,419.2,19
1597988342643412992,1597988342500000000,2020-08-21 13:39:02.500000,419.3,420.88,414.8,417.0,nan,417.79,272342,113782869000.0,242485,419.3,23,419.28,2,419.32,4,419.26,6,419.34,3,419.24,4,419.36,12,419.22,4,419.38,9,419.2,19
1597988343146967040,1597988343000000000,2020-08-21 13:39:03.000000,419.3,420.88,414.8,417.0,nan,417.79,272342,113782869000.0,242485,419.3,23,419.28,3,419.32,4,419.26,6,419.34,3,419.24,4,419.36,12,419.22,4,419.38,9,419.2,19
1597988343620165888,1597988343500000000,2020-08-21 13:39:03.500000,419.3,420.88,414.8,417.0,nan,417.79,272351,113786642680.0,242477,419.3,15,419.28,2,419.32,4,419.26,6,419.34,3,419.24,4,419.36,12,419.22,4,419.38,9,419.2,19
1597988344123553024,1597988344000000000,2020-08-21 13:39:04.000000,419.28,420.88,414.8,417.0,nan,417.79,272352,113787061960.0,242478,419.3,15,419.28,1,419.32,4,419.26,6,419.34,3,419.24,4,419.36,12,419.22,4,419.38,9,419.2,19
1597988345162205952,1597988345000000000,2020-08-21 13:39:05.000000,419.28,420.88,414.8,417.0,nan,417.79,272353,113787481240.0,242478,419.3,15,419.28,1,419.32,4,419.26,6,419.34,3,419.24,4,419.36,12,419.22,4,419.38,9,419.2,19
1597988345624235008,1597988345500000000,2020-08-21 13:39:05.500000,419.28,420.88,414.8,417.0,nan,417.79,272354,113787900520.0,242479,419.28,1,419.26,6,419.3,15,419.24,4,419.32,4,419.22,4,419.34,3,419.2,19,419.36,12,419.18,5
1597988346143213056,1597988346000000000,2020-08-21 13:39:06.000000,419.28,420.88,414.8,417.0,nan,417.79,272355,113788319800.0,242479,419.3,15,419.28,1,419.32,5,419.26,6,419.34,3,419.24,4,419.36,12,419.22,4,419.38,9,419.2,19
1597988346627506944,1597988346500000000,2020-08-21 13:39:06.500000,419.3,420.88,414.8,417.0,nan,417.79,272356,113788739100.0,242478,419.3,14,419.28,1,419.32,5,419.26,6,419.34,3,419.24,4,419.36,12,419.22,4,419.38,9,419.2,19
1597988347154232064,1597988347000000000,2020-08-21 13:39:07.000000,419.28,420.88,414.8,417.0,nan,417.79,272358,113789577680.0,242477,419.28,2,419.26,6,419.3,13,419.24,4,419.32,5,419.22,4,419.34,3,419.2,19,419.36,9,419.18,5
1597988347622025984,1597988347500000000,2020-08-21 13:39:07.500000,419.28,420.88,414.8,417.0,nan,417.79,272360,113790416240.0,242477,419.3,13,419.26,7,419.32,6,419.24,4,419.34,3,419.22,4,419.36,9,419.2,19,419.38,9,419.18,5
1597988348616205056,1597988348500000000,2020-08-21 13:39:08.500000,419.28,420.88,414.8,417.0,nan,417.79,272360,113790416240.0,242477,419.3,12,419.26,7,419.32,6,419.24,4,419.34,3,419.22,4,419.36,9,419.2,19,419.38,9,419.18,5
1597988349119699968,1597988349000000000,2020-08-21 13:39:09.000000,419.26,420.88,414.8,417.0,nan,417.79,272361,113790835500.0,242478,419.3,12,419.26,6,419.32,6,419.24,4,419.34,3,419.22,4,419.36,9,419.2,19,419.38,9,419.18,5
1597988349597536000,1597988349500000000,2020-08-21 13:39:09.500000,419.26,420.88,414.8,417.0,nan,417.79,272361,113790835500.0,242478,419.3,12,419.26,4,419.32,6,419.24,4,419.34,3,419.22,4,419.36,9,419.2,17,419.38,9,419.18,5
1597988350097230080,1597988350000000000,2020-08-21 13:39:10.000000,419.3,420.88,414.8,417.0,nan,417.79,272365,113792512700.0,242478,419.3,8,419.26,4,419.32,6,419.24,6,419.34,3,419.22,4,419.36,9,419.2,17,419.38,9,419.18,5
1597988353131667968,1597988353000000000,2020-08-21 13:39:13.000000,419.26,420.88,414.8,417.0,nan,417.79,272366,113792931960.0,242478,419.3,8,419.26,3,419.32,6,419.24,6,419.34,3,419.22,4,419.36,9,419.2,17,419.38,9,419.18,5
1597988353611388928,1597988353500000000,2020-08-21 13:39:13.500000,419.26,420.88,414.8,417.0,nan,417.79,272366,113792931960.0,242478,419.3,8,419.26,4,419.32,6,419.24,6,419.34,3,419.22,4,419.36,9,419.2,17,419.38,9,419.18,5
1597988354621669888,1597988354500000000,2020-08-21 13:39:14.500000,419.3,420.88,414.8,417.0,nan,417.79,272371,113795028460.0,242473,419.3,3,419.26,4,419.32,6,419.24,6,419.34,3,419.22,4,419.36,9,419.2,17,419.38,9,419.18,5
1597988355128792064,1597988355000000000,2020-08-21 13:39:15.000000,419.3,420.88,414.8,417.0,nan,417.79,272371,113795028460.0,242473,419.3,3,419.28,1,419.32,6,419.26,4,419.34,3,419.24,6,419.36,9,419.22,4,419.38,9,419.2,17
1597988355610195968,1597988355500000000,2020-08-21 13:39:15.500000,419.3,420.88,414.8,417.0,nan,417.79,272371,113795028460.0,242473,419.3,7,419.26,4,419.32,6,419.24,6,419.34,3,419.22,5,419.36,5,419.2,17,419.38,9,419.18,5
1597988356119621120,1597988356000000000,2020-08-21 13:39:16.000000,419.3,420.88,414.8,417.0,nan,417.79,272371,113795028460.0,242473,419.28,2,419.26,4,419.3,7,419.24,6,419.32,6,419.22,5,419.34,3,419.2,17,419.36,5,419.18,5
1597988356603758080,1597988356500000000,2020-08-21 13:39:16.500000,419.3,420.88,414.8,417.0,nan,417.79,272371,113795028460.0,242473,419.28,2,419.26,4,419.3,7,419.24,6,419.32,6,419.22,5,419.34,4,419.2,17,419.36,5,419.18,5
1597988358138724096,1597988358000000000,2020-08-21 13:39:18.000000,419.3,420.88,414.8,417.0,nan,417.79,272371,113795028460.0,242473,419.28,2,419.26,4,419.3,7,419.24,6,419.32,6,419.22,10,419.34,4,419.2,17,419.36,5,419.18,5
1597988358613076992,1597988358500000000,2020-08-21 13:39:18.500000,419.3,420.88,414.8,417.0,nan,417.79,272371,113795028460.0,242473,419.28,3,419.26,5,419.3,7,419.24,6,419.32,6,419.22,10,419.34,4,419.2,17,419.36,5,419.18,5
1597988360603847936,1597988360500000000,2020-08-21 13:39:20.500000,419.3,420.88,414.8,417.0,nan,417.79,272371,113795028460.0,242473,419.28,3,419.26,5,419.3,8,419.24,6,419.32,6,419.22,10,419.34,4,419.2,17,419.36,5,419.18,5
1597988361123046912,1597988361000000000,2020-08-21 13:39:21.000000,419.26,420.88,414.8,417.0,nan,417.79,272376,113797124760.0,242476,419.28,5,419.24,6,419.3,10,419.22,10,419.32,6,419.2,17,419.34,4,419.18,5,419.36,5,419.16,25
1597988361610050048,1597988361500000000,2020-08-21 13:39:21.500000,419.26,420.88,414.8,417.0,nan,417.79,272376,113797124760.0,242476,419.28,5,419.24,5,419.3,10,419.22,10,419.32,6,419.2,11,419.34,4,419.18,5,419.36,5,419.16,25
1597988362117783040,1597988362000000000,2020-08-21 13:39:22.000000,419.26,420.88,414.8,417.0,nan,417.79,272376,113797124760.0,242476,419.28,5,419.24,5,419.3,12,419.22,10,419.32,6,419.2,11,419.34,4,419.18,5,419.36,5,419.16,25
1597988363122978048,1597988363000000000,2020-08-21 13:39:23.000000,419.26,420.88,414.8,417.0,nan,417.79,272376,113797124760.0,242476,419.28,5,419.24,5,419.3,12,419.22,10,419.32,6,419.2,11,419.34,4,419.18,5,419.36,5,419.16,23
1597988363620848896,1597988363500000000,2020-08-21 13:39:23.500000,419.26,420.88,414.8,417.0,nan,417.79,272376,113797124760.0,242476,419.28,5,419.24,5,419.3,12,419.22,10,419.32,6,419.2,11,419.34,4,419.18,6,419.36,5,419.16,23
1597988365113832960,1597988365000000000,2020-08-21 13:39:25.000000,419.26,420.88,414.8,417.0,nan,417.79,272376,113797124760.0,242476,419.28,5,419.24,6,419.3,12,419.22,10,419.32,6,419.2,11,419.34,4,419.18,6,419.36,5,419.16,23
1597988367129251072,1597988367000000000,2020-08-21 13:39:27.000000,419.26,420.88,414.8,417.0,nan,417.79,272376,113797124760.0,242476,419.28,5,419.24,8,419.3,12,419.22,10,419.32,6,419.2,11,419.34,4,419.18,6,419.36,5,419.16,23
1597988368604659968,1597988368500000000,2020-08-21 13:39:28.500000,419.26,420.88,414.8,417.0,nan,417.79,272376,113797124760.0,242476,419.26,1,419.24,8,419.28,5,419.22,10,419.3,12,419.2,11,419.32,6,419.18,6,419.34,4,419.16,23
1597988369133370112,1597988369000000000,2020-08-21 13:39:29.000000,419.26,420.88,414.8,417.0,nan,417.79,272376,113797124760.0,242476,419.26,1,419.24,8,419.28,5,419.22,10,419.3,13,419.2,10,419.32,6,419.18,6,419.34,3,419.16,23
1597988369601945088,1597988369500000000,2020-08-21 13:39:29.500000,419.26,420.88,414.8,417.0,nan,417.79,272377,113797544020.0,242476,419.28,5,419.24,8,419.3,13,419.22,10,419.32,6,419.2,10,419.34,3,419.18,6,419.36,6,419.16,24
1597988371117594880,1597988371000000000,2020-08-21 13:39:31.000000,419.26,420.88,414.8,417.0,nan,417.79,272377,113797544020.0,242476,419.28,23,419.24,8,419.3,13,419.22,10,419.32,6,419.2,10,419.34,3,419.18,6,419.36,6,419.16,24
1597988371622800896,1597988371500000000,2020-08-21 13:39:31.500000,419.24,420.88,414.8,417.0,nan,417.79,272385,113800897940.0,242470,419.28,24,419.22,10,419.3,14,419.2,10,419.32,6,419.18,6,419.34,3,419.16,4,419.36,6,419.14,2
1597988372119873024,1597988372000000000,2020-08-21 13:39:32.000000,419.24,420.88,414.8,417.0,nan,417.79,272385,113800897940.0,242470,419.26,4,419.22,11,419.28,24,419.2,10,419.3,14,419.18,6,419.32,6,419.16,4,419.34,3,419.14,2
1597988373156154880,1597988373000000000,2020-08-21 13:39:33.000000,419.26,420.88,414.8,417.0,nan,417.79,272388,113802155720.0,242467,419.26,1,419.22,11,419.28,24,419.2,10,419.3,14,419.18,6,419.32,6,419.16,4,419.34,3,419.14,2
1597988374106469888,1597988374000000000,2020-08-21 13:39:34.000000,419.26,420.88,414.8,417.0,nan,417.79,272389,113802574980.0,242466,419.28,24,419.22,11,419.3,14,419.2,10,419.32,6,419.18,6,419.34,3,419.16,4,419.36,6,419.14,2
1597988374648304896,1597988374500000000,2020-08-21 13:39:34.500000,419.24,420.88,414.8,417.0,nan,417.79,272390,113802994220.0,242466,419.26,2,419.22,11,419.28,24,419.2,10,419.3,14,419.18,6,419.32,6,419.16,4,419.34,3,419.14,2
1597988375123603968,1597988375000000000,2020-08-21 13:39:35.000000,419.26,420.88,414.8,417.0,nan,417.79,272391,113803413480.0,242467,419.26,3,419.22,11,419.28,24,419.2,10,419.3,14,419.18,6,419.32,6,419.16,4,419.34,3,419.14,2
1597988375615624960,1597988375500000000,2020-08-21 13:39:35.500000,419.22,420.88,414.8,417.0,nan,417.79,272393,113804251920.0,242465,419.26,3,419.22,9,419.28,24,419.2,10,419.3,14,419.18,6,419.32,6,419.16,4,419.34,3,419.14,2
1597988376616438016,1597988376500000000,2020-08-21 13:39:36.500000,419.22,420.88,414.8,417.0,nan,417.79,272393,113804251920.0,242465,419.26,4,419.22,9,419.28,24,419.2,10,419.3,14,419.18,6,419.32,6,419.16,4,419.34,3,419.14,2
1597988377101071104,1597988377000000000,2020-08-21 13:39:37.000000,419.22,420.88,414.8,417.0,nan,417.79,272394,113804671140.0,242465,419.26,5,419.22,8,419.28,24,419.2,10,419.3,14,419.18,6,419.32,6,419.16,4,419.34,3,419.14,2
1597988377617773056,1597988377500000000,2020-08-21 13:39:37.500000,419.22,420.88,414.8,417.0,nan,417.79,272394,113804671140.0,242465,419.26,5,419.22,8,419.28,24,419.2,10,419.3,11,419.18,6,419.32,6,419.16,4,419.34,4,419.14,2
1597988378122434048,1597988378000000000,2020-08-21 13:39:38.000000,419.22,420.88,414.8,417.0,nan,417.79,272394,113804671140.0,242465,419.24,3,419.22,8,419.26,4,419.2,10,419.28,24,419.18,6,419.3,11,419.16,4,419.32,6,419.14,2
1597988378609264128,1597988378500000000,2020-08-21 13:39:38.500000,419.22,420.88,414.8,417.0,nan,417.79,272394,113804671140.0,242465,419.24,3,419.22,8,419.26,4,419.2,10,419.28,24,419.18,6,419.3,10,419.16,4,419.32,6,419.14,2
1597988379109629952,1597988379000000000,2020-08-21 13:39:39.000000,419.22,420.88,414.8,417.0,nan,417.79,272394,113804671140.0,242465,419.24,4,419.22,8,419.26,4,419.2,10,419.28,24,419.18,6,419.3,10,419.16,4,419.32,6,419.14,2
1597988379613088000,1597988379500000000,2020-08-21 13:39:39.500000,419.26,420.88,414.8,417.0,nan,417.79,272402,113808025140.0,242471,419.28,24,419.26,31,419.3,10,419.22,9,419.32,6,419.2,10,419.34,4,419.18,6,419.36,6,419.16,4
1597988380114124032,1597988380000000000,2020-08-21 13:39:40.000000,419.28,420.88,414.8,417.0,nan,417.79,272429,113819345660.0,242472,419.3,10,419.26,29,419.32,6,419.22,9,419.34,4,419.2,10,419.36,6,419.18,6,419.38,11,419.16,4
1597988380607856128,1597988380500000000,2020-08-21 13:39:40.500000,419.28,420.88,414.8,417.0,nan,417.79,272429,113819345660.0,242472,419.28,5,419.26,29,419.3,8,419.22,9,419.32,6,419.2,10,419.34,4,419.18,6,419.36,6,419.16,4
1597988381155809024,1597988381000000000,2020-08-21 13:39:41.000000,419.28,420.88,414.8,417.0,nan,417.79,272431,113820184220.0,242474,419.28,3,419.26,29,419.3,8,419.22,9,419.32,6,419.2,10,419.34,4,419.18,6,419.36,6,419.16,4
1597988381612379904,1597988381500000000,2020-08-21 13:39:41.500000,419.28,420.88,414.8,417.0,nan,417.79,272435,113821861340.0,242475,419.28,1,419.26,29,419.3,8,419.24,1,419.32,6,419.22,9,419.34,4,419.2,10,419.36,6,419.18,6
1597988382143847936,1597988382000000000,2020-08-21 13:39:42.000000,419.26,420.88,414.8,417.0,nan,417.79,272442,113824796240.0,242482,419.3,8,419.26,26,419.32,6,419.24,1,419.34,4,419.22,9,419.36,6,419.2,10,419.38,11,419.18,6
1597988383096386048,1597988383000000000,2020-08-21 13:39:43.000000,419.26,420.88,414.8,417.0,nan,417.79,272442,113824796240.0,242482,419.3,9,419.26,26,419.32,5,419.24,1,419.34,4,419.22,9,419.36,6,419.2,10,419.38,11,419.18,6
1597988383614426880,1597988383500000000,2020-08-21 13:39:43.500000,419.26,420.88,414.8,417.0,nan,417.79,272442,113824796240.0,242482,419.3,13,419.26,26,419.32,5,419.24,1,419.34,4,419.22,9,419.36,6,419.2,10,419.38,11,419.18,6
1597988384134542080,1597988384000000000,2020-08-21 13:39:44.000000,419.28,420.88,414.8,417.0,nan,417.79,272443,113825215520.0,242482,419.3,13,419.26,26,419.32,5,419.24,1,419.34,4,419.22,9,419.36,6,419.2,10,419.38,11,419.18,6
1597988384609200128,1597988384500000000,2020-08-21 13:39:44.500000,419.28,420.88,414.8,417.0,nan,417.79,272443,113825215520.0,242482,419.3,12,419.26,26,419.32,5,419.24,1,419.34,4,419.22,9,419.36,6,419.2,30,419.38,11,419.18,6
1597988385131972096,1597988385000000000,2020-08-21 13:39:45.000000,419.28,420.88,414.8,417.0,nan,417.79,272443,113825215520.0,242482,419.3,12,419.28,1,419.32,5,419.26,26,419.34,4,419.24,1,419.36,6,419.22,9,419.38,11,419.2,31
1597988385605609984,1597988385500000000,2020-08-21 13:39:45.500000,419.28,420.88,414.8,417.0,nan,417.79,272444,113825634800.0,242482,419.3,12,419.26,26,419.32,5,419.24,1,419.34,4,419.22,9,419.36,6,419.2,31,419.38,11,419.18,6
1597988386119817984,1597988386000000000,2020-08-21 13:39:46.000000,419.3,420.88,414.8,417.0,nan,417.79,272445,113826054100.0,242481,419.3,11,419.26,27,419.32,5,419.24,3,419.34,4,419.22,9,419.36,6,419.2,31,419.38,11,419.18,6
1597988386606953984,1597988386500000000,2020-08-21 13:39:46.500000,419.28,420.88,414.8,417.0,nan,417.79,272446,113826473380.0,242481,419.3,11,419.28,1,419.32,5,419.26,27,419.34,4,419.24,3,419.36,6,419.22,9,419.38,11,419.2,31
1597988387145605120,1597988387000000000,2020-08-21 13:39:47.000000,419.28,420.88,414.8,417.0,nan,417.79,272447,113826892660.0,242480,419.3,11,419.26,27,419.32,5,419.24,3,419.34,4,419.22,9,419.36,6,419.2,31,419.38,11,419.18,6
1597988387622235904,1597988387500000000,2020-08-21 13:39:47.500000,419.28,420.88,414.8,417.0,nan,417.79,272447,113826892660.0,242480,419.3,11,419.26,26,419.32,5,419.24,3,419.34,4,419.22,9,419.36,6,419.2,31,419.38,11,419.18,6
1597988388622036992,1597988388500000000,2020-08-21 13:39:48.500000,419.28,420.88,414.8,417.0,nan,417.79,272447,113826892660.0,242480,419.3,11,419.28,1,419.32,5,419.26,26,419.34,4,419.24,3,419.36,6,419.22,9,419.38,11,419.2,31
1597988389112275968,1597988389000000000,2020-08-21 13:39:49.000000,419.26,420.88,414.8,417.0,nan,417.79,272450,113828150460.0,242482,419.3,11,419.26,24,419.32,5,419.24,3,419.34,3,419.22,9,419.36,6,419.2,31,419.38,11,419.18,6
1597988390162286080,1597988390000000000,2020-08-21 13:39:50.000000,419.26,420.88,414.8,417.0,nan,417.79,272450,113828150460.0,242482,419.3,11,419.28,1,419.32,5,419.24,3,419.34,3,419.22,9,419.36,6,419.2,31,419.38,11,419.18,6
1597988390628204032,1597988390500000000,2020-08-21 13:39:50.500000,419.28,420.88,414.8,417.0,nan,417.79,272452,113828989020.0,242482,419.28,1,419.24,3,419.3,11,419.22,9,419.32,5,419.2,31,419.34,3,419.18,6,419.36,6,419.16,4
1597988391129224960,1597988391000000000,2020-08-21 13:39:51.000000,419.28,420.88,414.8,417.0,nan,417.79,272452,113828989020.0,242482,419.28,1,419.26,2,419.3,12,419.24,3,419.32,5,419.22,9,419.34,3,419.2,31,419.36,6,419.18,6
1597988392109402112,1597988392000000000,2020-08-21 13:39:52.000000,419.28,420.88,414.8,417.0,nan,417.79,272454,113829827580.0,242481,419.3,12,419.28,8,419.32,5,419.26,2,419.34,3,419.24,3,419.36,6,419.22,9,419.38,10,419.2,31
1597988392604556032,1597988392500000000,2020-08-21 13:39:52.500000,419.24,420.88,414.8,417.0,nan,417.79,272465,113834439580.0,242480,419.3,13,419.24,2,419.32,5,419.22,9,419.34,3,419.2,31,419.36,6,419.18,6,419.38,10,419.16,4
1597988393150991104,1597988393000000000,2020-08-21 13:39:53.000000,419.24,420.88,414.8,417.0,nan,417.79,272465,113834439580.0,242480,419.28,1,419.24,6,419.3,13,419.22,9,419.32,5,419.2,31,419.34,3,419.18,6,419.36,6,419.16,4
1597988393604903936,1597988393500000000,2020-08-21 13:39:53.500000,419.24,420.88,414.8,417.0,nan,417.79,272465,113834439580.0,242480,419.28,1,419.26,1,419.3,13,419.24,6,419.32,5,419.22,9,419.34,3,419.2,31,419.36,6,419.18,6
1597988394106950912,1597988394000000000,2020-08-21 13:39:54.000000,419.24,420.88,414.8,417.0,nan,417.79,272465,113834439580.0,242480,419.28,4,419.24,6,419.3,13,419.22,9,419.32,5,419.2,31,419.34,3,419.18,6,419.36,6,419.16,4
1597988394613811968,1597988394500000000,2020-08-21 13:39:54.500000,419.24,420.88,414.8,417.0,nan,417.79,272471,113836955020.0,242478,419.28,7,419.22,9,419.3,12,419.2,31,419.32,5,419.18,6,419.34,3,419.16,3,419.36,6,419.14,2
1597988395115141120,1597988395000000000,2020-08-21 13:39:55.000000,419.24,420.88,414.8,417.0,nan,417.79,272471,113836955020.0,242478,419.26,3,419.22,9,419.28,8,419.2,31,419.3,12,419.18,6,419.32,5,419.16,3,419.34,3,419.14,2
1597988395600216064,1597988395500000000,2020-08-21 13:39:55.500000,419.24,420.88,414.8,417.0,nan,417.79,272471,113836955020.0,242478,419.26,5,419.22,9,419.28,8,419.2,31,419.3,13,419.18,6,419.32,5,419.16,3,419.34,3,419.14,2
1597988396148866048,1597988396000000000,2020-08-21 13:39:56.000000,419.26,420.88,414.8,417.0,nan,417.79,272472,113837374280.0,242478,419.26,4,419.22,9,419.28,8,419.2,31,419.3,12,419.18,6,419.32,5,419.16,3,419.34,3,419.14,2
1597988397167667968,1597988397000000000,2020-08-21 13:39:57.000000,419.26,420.88,414.8,417.0,nan,417.79,272472,113837374280.0,242478,419.26,4,419.22,9,419.28,9,419.2,31,419.3,12,419.18,6,419.32,5,419.16,3,419.34,3,419.14,2
1597988397646918912,1597988397500000000,2020-08-21 13:39:57.500000,419.2,420.88,414.8,417.0,nan,417.79,272512,113854142460.0,242474,419.24,3,419.18,6,419.26,6,419.16,3,419.28,9,419.14,2,419.3,12,419.12,7,419.32,5,419.1,2
1597988398137008896,1597988398000000000,2020-08-21 13:39:58.000000,419.18,420.88,414.8,417.0,nan,417.79,272518,113856657540.0,242474,419.22,14,419.16,3,419.24,4,419.14,2,419.26,6,419.12,7,419.28,9,419.1,2,419.3,13,419.08,9
1597988398596109056,1597988398500000000,2020-08-21 13:39:58.500000,419.18,420.88,414.8,417.0,nan,417.79,272518,113856657540.0,242474,419.2,4,419.16,2,419.22,15,419.14,2,419.24,4,419.12,7,419.26,6,419.1,2,419.28,9,419.08,9
1597988399145325056,1597988399000000000,2020-08-21 13:39:59.000000,419.18,420.88,414.8,417.0,nan,417.79,272518,113856657540.0,242474,419.18,2,419.16,2,419.2,5,419.14,2,419.22,15,419.12,6,419.24,4,419.1,2,419.26,6,419.08,9
1597988399600649984,1597988399500000000,2020-08-21 13:39:59.500000,419.16,420.88,414.8,417.0,nan,417.8,272524,113859172580.0,242472,419.2,4,419.14,2,419.22,15,419.12,6,419.24,4,419.1,2,419.26,6,419.08,9,419.28,10,419.06,1
1597988400140370944,1597988400000000000,2020-08-21 13:40:00.000000,419.18,420.88,414.8,417.0,nan,417.8,272525,113859591760.0,242472,419.18,4,419.16,3,419.2,4,419.14,5,419.22,15,419.12,6,419.24,4,419.1,2,419.26,6,419.08,8
1597988400601666048,1597988400500000000,2020-08-21 13:40:00.500000,419.2,420.88,414.8,417.0,nan,417.8,272534,113863364480.0,242477,419.22,15,419.2,2,419.24,5,419.16,6,419.26,6,419.14,5,419.28,11,419.12,6,419.3,12,419.1,2
1597988401104813056,1597988401000000000,2020-08-21 13:40:01.000000,419.2,420.88,414.8,417.0,nan,417.8,272541,113866298880.0,242476,419.22,13,419.16,7,419.24,4,419.14,5,419.26,6,419.12,6,419.28,11,419.1,2,419.3,12,419.08,8
1597988401600805888,1597988401500000000,2020-08-21 13:40:01.500000,419.16,420.88,414.8,417.0,nan,417.8,272550,113870071360.0,242470,419.16,3,419.14,5,419.2,1,419.12,6,419.22,13,419.1,2,419.24,4,419.08,8,419.26,7,419.06,1
1597988402150771968,1597988402000000000,2020-08-21 13:40:02.000000,419.22,420.88,414.8,417.0,nan,417.8,272569,113878036280.0,242475,419.24,4,419.22,9,419.26,7,419.16,3,419.28,11,419.14,5,419.3,12,419.12,5,419.32,5,419.1,2
1597988402609146880,1597988402500000000,2020-08-21 13:40:02.500000,419.16,420.88,414.8,417.0,nan,417.8,272581,113883066740.0,242475,419.22,4,419.14,6,419.24,3,419.12,6,419.26,8,419.1,2,419.28,10,419.08,8,419.3,12,419.06,1
1597988403139480064,1597988403000000000,2020-08-21 13:40:03.000000,419.2,420.88,414.8,417.0,nan,417.8,272582,113883485940.0,242475,419.22,5,419.18,1,419.24,3,419.16,13,419.26,8,419.14,6,419.28,9,419.12,5,419.3,12,419.1,2
1597988403626212096,1597988403500000000,2020-08-21 13:40:03.500000,419.22,420.88,414.8,417.0,nan,417.8,272588,113886001220.0,242472,419.24,3,419.22,5,419.26,8,419.18,2,419.28,9,419.16,13,419.3,12,419.14,6,419.32,5,419.12,5
1597988404134189056,1597988404000000000,2020-08-21 13:40:04.000000,419.18,420.88,414.8,417.0,nan,417.8,272597,113889774100.0,242479,419.18,11,419.16,14,419.24,2,419.14,6,419.26,8,419.12,6,419.28,9,419.1,2,419.3,12,419.08,8
1597988404616019968,1597988404500000000,2020-08-21 13:40:04.500000,419.24,420.88,414.8,417.0,nan,417.8,272609,113894804320.0,242491,419.24,1,419.18,3,419.26,8,419.16,12,419.28,9,419.14,7,419.3,12,419.12,5,419.32,5,419.1,2
1597988405147674112,1597988405000000000,2020-08-21 13:40:05.000000,419.18,420.88,414.8,417.0,nan,417.8,272611,113895642680.0,242491,419.22,4,419.16,12,419.24,2,419.14,7,419.26,8,419.12,5,419.28,9,419.1,2,419.3,12,419.08,8
1597988405614914048,1597988405500000000,2020-08-21 13:40:05.500000,419.18,420.88,414.8,417.0,nan,417.8,272611,113895642680.0,242491,419.2,3,419.18,2,419.22,4,419.16,12,419.24,2,419.14,7,419.26,8,419.12,5,419.28,9,419.1,2
1597988406146827008,1597988406000000000,2020-08-21 13:40:06.000000,419.22,420.88,414.8,417.0,nan,417.8,272616,113897738720.0,242488,419.22,2,419.2,1,419.24,2,419.18,3,419.26,8,419.16,12,419.28,9,419.14,7,419.3,12,419.12,5
1597988406617978880,1597988406500000000,2020-08-21 13:40:06.500000,419.22,420.88,414.8,417.0,nan,417.8,272616,113897738720.0,242488,419.22,2,419.2,2,419.24,2,419.18,1,419.26,8,419.16,12,419.28,9,419.14,7,419.3,12,419.12,5
1597988407126435072,1597988407000000000,2020-08-21 13:40:07.000000,419.2,420.88,414.8,417.0,nan,417.8,272618,113898577140.0,242488,419.22,2,419.2,1,419.24,3,419.18,2,419.26,8,419.16,12,419.28,9,419.14,7,419.3,14,419.12,6
1597988407607038976,1597988407500000000,2020-08-21 13:40:07.500000,419.2,420.88,414.8,417.0,nan,417.8,272619,113898996340.0,242487,419.22,2,419.18,2,419.24,3,419.16,13,419.26,8,419.14,7,419.28,9,419.12,6,419.3,14,419.1,1
1597988408132613120,1597988408000000000,2020-08-21 13:40:08.000000,419.18,420.88,414.8,417.0,nan,417.8,272620,113899415520.0,242486,419.22,2,419.18,1,419.24,3,419.16,9,419.26,8,419.14,7,419.28,9,419.12,6,419.3,14,419.1,1
1597988408617089024,1597988408500000000,2020-08-21 13:40:08.500000,419.18,420.88,414.8,417.0,nan,417.8,272620,113899415520.0,242486,419.2,2,419.18,1,419.22,3,419.16,9,419.24,3,419.14,7,419.26,8,419.12,6,419.28,9,419.1,1
1597988409136979968,1597988409000000000,2020-08-21 13:40:09.000000,419.2,420.88,414.8,417.0,nan,417.8,272622,113900253920.0,242488,419.2,2,419.18,1,419.22,3,419.16,9,419.24,3,419.14,7,419.26,8,419.12,6,419.28,9,419.1,1
1597988409618721024,1597988409500000000,2020-08-21 13:40:09.500000,419.2,420.88,414.8,417.0,nan,417.8,272622,113900253920.0,242488,419.2,2,419.18,1,419.22,3,419.16,9,419.24,3,419.14,27,419.26,8,419.12,6,419.28,9,419.1,1
1597988410625075968,1597988410500000000,2020-08-21 13:40:10.500000,419.2,420.88,414.8,417.0,nan,417.8,272624,113901092320.0,242488,419.22,3,419.18,2,419.24,3,419.16,9,419.26,8,419.14,27,419.28,9,419.12,6,419.3,14,419.1,1
1597988411114480896,1597988411000000000,2020-08-21 13:40:11.000000,419.22,420.88,414.8,417.0,nan,417.8,272625,113901511540.0,242489,419.22,2,419.2,1,419.24,3,419.18,2,419.26,8,419.16,9,419.28,8,419.14,27,419.3,14,419.12,6
1597988411616270080,1597988411500000000,2020-08-21 13:40:11.500000,419.2,420.88,414.8,417.0,nan,417.8,272626,113901930740.0,242490,419.22,2,419.18,2,419.24,3,419.16,9,419.26,8,419.14,27,419.28,8,419.12,6,419.3,14,419.1,1
1597988412132587008,1597988412000000000,2020-08-21 13:40:12.000000,419.22,420.88,414.8,417.0,nan,417.8,272630,113903607620.0,242486,419.24,3,419.22,1,419.26,8,419.18,4,419.28,8,419.16,9,419.3,14,419.14,27,419.32,7,419.12,6
1597988412631461888,1597988412500000000,2020-08-21 13:40:12.500000,419.22,420.88,414.8,417.0,nan,417.8,272632,113904446060.0,242486,419.24,3,419.2,1,419.26,8,419.18,4,419.28,7,419.16,9,419.3,14,419.14,27,419.32,7,419.12,7
1597988413111609088,1597988413000000000,2020-08-21 13:40:13.000000,419.2,420.88,414.8,417.0,nan,417.8,272633,113904865260.0,242485,419.24,2,419.18,4,419.26,8,419.16,9,419.28,6,419.14,27,419.3,14,419.12,7,419.32,7,419.1,1
1597988413634413056,1597988413500000000,2020-08-21 13:40:13.500000,419.2,420.88,414.8,417.0,nan,417.8,272633,113904865260.0,242485,419.24,2,419.2,3,419.26,8,419.18,4,419.28,6,419.16,9,419.3,14,419.14,27,419.32,7,419.12,7
1597988414145236992,1597988414000000000,2020-08-21 13:40:14.000000,419.2,420.88,414.8,417.0,nan,417.8,272637,113906542100.0,242484,419.24,3,419.18,5,419.26,7,419.16,9,419.28,6,419.14,27,419.3,14,419.12,7,419.32,7,419.1,1
1597988414614894080,1597988414500000000,2020-08-21 13:40:14.500000,419.2,420.88,414.8,417.0,nan,417.8,272638,113906961300.0,242485,419.22,3,419.18,5,419.24,3,419.16,9,419.26,8,419.14,27,419.28,6,419.12,7,419.3,14,419.1,1
1597988415132336896,1597988415000000000,2020-08-21 13:40:15.000000,419.2,420.88,414.8,417.0,nan,417.8,272638,113906961300.0,242485,419.22,3,419.18,5,419.24,3,419.16,11,419.26,8,419.14,27,419.28,5,419.12,7,419.3,17,419.1,1
1597988415656922112,1597988415500000000,2020-08-21 13:40:15.500000,419.22,420.88,414.8,417.0,nan,417.8,272639,113907380520.0,242484,419.22,2,419.18,5,419.24,3,419.16,12,419.26,8,419.14,27,419.28,5,419.12,7,419.3,20,419.1,1
1597988416604334080,1597988416500000000,2020-08-21 13:40:16.500000,419.22,420.88,414.8,417.0,nan,417.8,272639,113907380520.0,242484,419.22,2,419.18,5,419.24,3,419.16,12,419.26,8,419.14,27,419.28,5,419.12,7,419.3,19,419.1,1
1597988418107623936,1597988418000000000,2020-08-21 13:40:18.000000,419.22,420.88,414.8,417.0,nan,417.8,272639,113907380520.0,242484,419.22,2,419.2,1,419.24,3,419.18,5,419.26,8,419.16,12,419.28,5,419.14,27,419.3,19,419.12,7
1597988419114605056,1597988419000000000,2020-08-21 13:40:19.000000,419.2,420.88,414.8,417.0,nan,417.8,272640,113907799720.0,242483,419.22,2,419.18,5,419.24,4,419.16,12,419.26,8,419.14,27,419.28,5,419.12,7,419.3,19,419.1,1
1597988420102699008,1597988420000000000,2020-08-21 13:40:20.000000,419.2,420.88,414.8,417.0,nan,417.8,272640,113907799720.0,242483,419.2,1,419.18,5,419.22,2,419.16,12,419.24,4,419.14,27,419.26,8,419.12,7,419.28,5,419.1,1
1597988421118983936,1597988421000000000,2020-08-21 13:40:21.000000,419.2,420.88,414.8,417.0,nan,417.8,272640,113907799720.0,242483,419.2,1,419.18,5,419.22,2,419.16,12,419.24,5,419.14,27,419.26,8,419.12,7,419.28,5,419.1,1
1597988421611009024,1597988421500000000,2020-08-21 13:40:21.500000,419.2,420.88,414.8,417.0,nan,417.8,272640,113907799720.0,242483,419.2,1,419.18,6,419.22,2,419.16,12,419.24,5,419.14,27,419.26,8,419.12,7,419.28,5,419.1,1
1597988422099609088,1597988422000000000,2020-08-21 13:40:22.000000,419.2,420.88,414.8,417.0,nan,417.8,272640,113907799720.0,242483,419.2,1,419.18,6,419.22,2,419.16,12,419.24,5,419.14,27,419.26,9,419.12,7,419.28,5,419.1,1
1597988422626031104,1597988422500000000,2020-08-21 13:40:22.500000,419.18,420.88,414.8,417.0,nan,417.8,272644,113909476440.0,242484,419.2,1,419.18,2,419.22,4,419.16,12,419.24,5,419.14,27,419.26,9,419.12,7,419.28,5,419.1,1
1597988423104201984,1597988423000000000,2020-08-21 13:40:23.000000,419.2,420.88,414.8,417.0,nan,417.8,272647,113910734000.0,242482,419.22,4,419.16,12,419.24,5,419.14,27,419.26,9,419.12,7,419.28,5,419.1,1,419.3,20,419.08,9
1597988423608352000,1597988423500000000,2020-08-21 13:40:23.500000,419.2,420.88,414.8,417.0,nan,417.8,272647,113910734000.0,242482,419.2,3,419.16,12,419.22,5,419.14,32,419.24,5,419.12,7,419.26,9,419.1,1,419.28,6,419.08,8
1597988424201369088,1597988424000000000,2020-08-21 13:40:24.000000,419.2,420.88,414.8,417.0,nan,417.8,272647,113910734000.0,242482,419.2,3,419.16,12,419.22,5,419.14,33,419.24,5,419.12,7,419.26,9,419.1,1,419.28,6,419.08,8
1597988424616527872,1597988424500000000,2020-08-21 13:40:24.500000,419.16,420.88,414.8,417.0,nan,417.8,272649,113911572360.0,242480,419.2,2,419.16,12,419.22,5,419.14,33,419.24,5,419.12,7,419.26,9,419.1,1,419.28,6,419.08,8
1597988425113349888,1597988425000000000,2020-08-21 13:40:25.000000,419.16,420.88,414.8,417.0,nan,417.8,272650,113911991520.0,242479,419.2,2,419.16,10,419.22,5,419.14,34,419.24,5,419.12,6,419.26,9,419.1,1,419.28,6,419.08,8
1597988425609831936,1597988425500000000,2020-08-21 13:40:25.500000,419.16,420.88,414.8,417.0,nan,417.8,272650,113911991520.0,242479,419.2,4,419.16,10,419.22,5,419.14,34,419.24,5,419.12,6,419.26,9,419.1,1,419.28,6,419.08,8
1597988427117307904,1597988427000000000,2020-08-21 13:40:27.000000,419.2,420.88,414.8,417.0,nan,417.8,272655,113914087400.0,242476,419.2,2,419.16,8,419.22,5,419.14,34,419.24,5,419.12,6,419.26,9,419.1,1,419.28,6,419.08,8
1597988427615590912,1597988427500000000,2020-08-21 13:40:27.500000,419.16,420.88,414.8,417.0,nan,417.8,272656,113914506560.0,242476,419.2,8,419.16,5,419.22,5,419.14,34,419.24,5,419.12,6,419.26,9,419.1,1,419.28,6,419.08,8
1597988428115182080,1597988428000000000,2020-08-21 13:40:28.000000,419.16,420.88,414.8,417.0,nan,417.8,272660,113916183200.0,242478,419.18,1,419.16,1,419.2,8,419.14,34,419.22,5,419.12,5,419.24,5,419.1,1,419.26,9,419.08,8
1597988428597922048,1597988428500000000,2020-08-21 13:40:28.500000,419.18,420.88,414.8,417.0,nan,417.8,272662,113917021540.0,242479,419.2,8,419.14,34,419.22,5,419.12,5,419.24,5,419.1,1,419.26,9,419.08,8,419.28,7,419.06,2
1597988429125381888,1597988429000000000,2020-08-21 13:40:29.000000,419.22,420.88,414.8,417.0,nan,417.8,272673,113921632800.0,242478,419.22,2,419.18,1,419.24,5,419.16,2,419.26,9,419.14,34,419.28,7,419.12,5,419.3,16,419.1,1
1597988429600709888,1597988429500000000,2020-08-21 13:40:29.500000,419.16,420.88,414.8,417.0,nan,417.8,272676,113922890300.0,242477,419.2,2,419.16,1,419.22,2,419.14,34,419.24,5,419.12,5,419.26,9,419.1,1,419.28,7,419.08,8
1597988430127493888,1597988430000000000,2020-08-21 13:40:30.000000,419.14,420.88,414.8,417.0,nan,417.8,272696,113931273120.0,242461,419.2,4,419.14,15,419.22,2,419.12,5,419.24,5,419.1,1,419.26,9,419.08,8,419.28,7,419.06,2
1597988430616763904,1597988430500000000,2020-08-21 13:40:30.500000,419.14,420.88,414.8,417.0,nan,417.8,272696,113931273120.0,242461,419.18,5,419.14,15,419.2,4,419.12,5,419.22,2,419.1,1,419.24,5,419.08,8,419.26,9,419.06,2
1597988431105251072,1597988431000000000,2020-08-21 13:40:31.000000,419.14,420.88,414.8,417.0,nan,417.8,272698,113932111440.0,242462,419.18,4,419.14,15,419.2,4,419.12,5,419.22,2,419.1,1,419.24,5,419.08,8,419.26,9,419.06,2
1597988431618759936,1597988431500000000,2020-08-21 13:40:31.500000,419.14,420.88,414.8,417.0,nan,417.8,272704,113934626440.0,242464,419.2,4,419.18,1,419.22,4,419.14,14,419.24,5,419.12,5,419.26,9,419.1,1,419.28,7,419.08,8
1597988432122084096,1597988432000000000,2020-08-21 13:40:32.000000,419.2,420.88,414.8,417.0,nan,417.8,272714,113938818280.0,242459,419.2,2,419.18,2,419.22,4,419.14,14,419.24,5,419.12,5,419.26,9,419.1,1,419.28,7,419.08,8
1597988432607262976,1597988432500000000,2020-08-21 13:40:32.500000,419.18,420.88,414.8,417.0,nan,417.8,272718,113940495000.0,242458,419.2,3,419.18,2,419.22,4,419.14,14,419.24,5,419.12,5,419.26,9,419.1,1,419.28,7,419.08,8
1597988433130316032,1597988433000000000,2020-08-21 13:40:33.000000,419.18,420.88,414.8,417.0,nan,417.8,272718,113940495000.0,242458,419.2,4,419.18,2,419.22,4,419.14,14,419.24,5,419.12,5,419.26,9,419.1,2,419.28,7,419.08,8
1597988434106297088,1597988434000000000,2020-08-21 13:40:34.000000,419.18,420.88,414.8,417.0,nan,417.8,272718,113940495000.0,242458,419.2,4,419.18,2,419.22,3,419.14,14,419.24,5,419.12,5,419.26,9,419.1,2,419.28,7,419.08,8
1597988434606136064,1597988434500000000,2020-08-21 13:40:34.500000,419.18,420.88,414.8,417.0,nan,417.8,272718,113940495000.0,242458,419.2,6,419.18,2,419.22,3,419.14,14,419.24,5,419.12,5,419.26,9,419.1,2,419.28,7,419.08,8
1597988435122607104,1597988435000000000,2020-08-21 13:40:35.000000,419.2,420.88,414.8,417.0,nan,417.8,272724,113943010180.0,242455,419.2,1,419.18,1,419.22,3,419.16,1,419.24,5,419.14,14,419.26,9,419.12,5,419.28,7,419.1,2
1597988435603554048,1597988435500000000,2020-08-21 13:40:35.500000,419.22,420.88,414.8,417.0,nan,417.8,272730,113945525400.0,242452,419.24,5,419.18,5,419.26,9,419.16,1,419.28,7,419.14,15,419.3,15,419.12,5,419.32,5,419.1,2
1597988436151380992,1597988436000000000,2020-08-21 13:40:36.000000,419.2,420.88,414.8,417.0,nan,417.8,272732,113946363800.0,242451,419.24,5,419.2,2,419.26,9,419.18,5,419.28,7,419.16,1,419.3,15,419.14,15,419.32,5,419.12,5
1597988436607675904,1597988436500000000,2020-08-21 13:40:36.500000,419.22,420.88,414.8,417.0,nan,417.8,272733,113946783020.0,242451,419.24,5,419.22,1,419.26,9,419.2,7,419.28,7,419.18,5,419.3,15,419.16,1,419.32,5,419.14,15
1597988437106993920,1597988437000000000,2020-08-21 13:40:37.000000,419.22,420.88,414.8,417.0,nan,417.8,272734,113947202240.0,242451,419.24,5,419.22,2,419.26,9,419.2,7,419.28,6,419.18,5,419.3,15,419.16,1,419.32,5,419.14,15
1597988439134942976,1597988439000000000,2020-08-21 13:40:39.000000,419.22,420.88,414.8,417.0,nan,417.8,272734,113947202240.0,242451,419.24,5,419.22,2,419.26,9,419.2,7,419.28,6,419.18,6,419.3,15,419.16,1,419.32,5,419.14,15
1597988440123737088,1597988440000000000,2020-08-21 13:40:40.000000,419.22,420.88,414.8,417.0,nan,417.8,272735,113947621460.0,242450,419.24,5,419.22,1,419.26,9,419.2,7,419.28,6,419.18,6,419.3,15,419.16,1,419.32,5,419.14,15
1597988440628875008,1597988440500000000,2020-08-21 13:40:40.500000,419.24,420.88,414.8,417.0,nan,417.8,272740,113949717660.0,242448,419.26,9,419.22,1,419.28,6,419.2,9,419.3,15,419.18,6,419.32,5,419.16,1,419.34,2,419.14,15
1597988441143010048,1597988441000000000,2020-08-21 13:40:41.000000,419.24,420.88,414.8,417.0,nan,417.8,272740,113949717660.0,242448,419.26,8,419.22,1,419.28,6,419.2,9,419.3,15,419.18,6,419.32,5,419.16,1,419.34,2,419.14,15
1597988441622855936,1597988441500000000,2020-08-21 13:40:41.500000,419.24,420.88,414.8,417.0,nan,417.8,272740,113949717660.0,242448,419.26,7,419.22,1,419.28,6,419.2,9,419.3,15,419.18,6,419.32,5,419.16,1,419.34,2,419.14,15
1597988442141243904,1597988442000000000,2020-08-21 13:40:42.000000,419.26,420.88,414.8,417.0,nan,417.8,272741,113950136920.0,242447,419.26,6,419.22,1,419.28,6,419.2,9,419.3,15,419.18,6,419.32,5,419.16,1,419.34,2,419.14,15
1597988442610227968,1597988442500000000,2020-08-21 13:40:42.500000,419.26,420.88,414.8,417.0,nan,417.8,272741,113950136920.0,242447,419.26,6,419.22,3,419.28,5,419.2,9,419.3,15,419.18,7,419.32,5,419.16,1,419.34,2,419.14,15
1597988443107347968,1597988443000000000,2020-08-21 13:40:43.000000,419.26,420.88,414.8,417.0,nan,417.8,272741,113950136920.0,242447,419.26,5,419.24,1,419.28,5,419.22,3,419.3,15,419.2,9,419.32,5,419.18,7,419.34,2,419.16,1
1597988443634348032,1597988443500000000,2020-08-21 13:40:43.500000,419.26,420.88,414.8,417.0,nan,417.8,272741,113950136920.0,242447,419.26,5,419.22,3,419.28,5,419.2,9,419.3,15,419.18,7,419.32,5,419.16,1,419.34,2,419.14,15
1597988445130205952,1597988445000000000,2020-08-21 13:40:45.000000,419.26,420.88,414.8,417.0,nan,417.8,272741,113950136920.0,242447,419.24,1,419.22,3,419.26,5,419.2,9,419.28,5,419.18,7,419.3,15,419.16,1,419.32,5,419.14,15
1597988446132367104,1597988446000000000,2020-08-21 13:40:46.000000,419.26,420.88,414.8,417.0,nan,417.8,272741,113950136920.0,242447,419.24,1,419.22,3,419.26,5,419.2,9,419.28,5,419.18,7,419.3,16,419.16,1,419.32,5,419.14,15
1597988446602511872,1597988446500000000,2020-08-21 13:40:46.500000,419.26,420.88,414.8,417.0,nan,417.8,272741,113950136920.0,242447,419.24,1,419.22,3,419.26,5,419.2,9,419.28,5,419.18,8,419.3,16,419.16,1,419.32,5,419.14,15
1597988447107341056,1597988447000000000,2020-08-21 13:40:47.000000,419.24,420.88,414.8,417.0,nan,417.8,272742,113950556160.0,242447,419.26,5,419.24,3,419.28,5,419.22,3,419.3,16,419.2,9,419.32,5,419.18,8,419.34,2,419.16,1
1597988448618700032,1597988448500000000,2020-08-21 13:40:48.500000,419.24,420.88,414.8,417.0,nan,417.8,272743,113950975400.0,242448,419.26,5,419.24,2,419.28,5,419.22,3,419.3,16,419.2,9,419.32,5,419.18,8,419.34,2,419.16,1
1597988450112299008,1597988450000000000,2020-08-21 13:40:50.000000,419.24,420.88,414.8,417.0,nan,417.8,272743,113950975400.0,242448,419.26,5,419.24,4,419.28,5,419.22,3,419.3,16,419.2,9,419.32,5,419.18,8,419.34,2,419.16,1
1597988450597508096,1597988450500000000,2020-08-21 13:40:50.500000,419.26,420.88,414.8,417.0,nan,417.8,272748,113953071700.0,242451,419.28,5,419.24,5,419.3,16,419.22,3,419.32,5,419.2,9,419.34,2,419.18,8,419.36,3,419.16,1
1597988451106668032,1597988451000000000,2020-08-21 13:40:51.000000,419.26,420.88,414.8,417.0,nan,417.8,272748,113953071700.0,242451,419.28,3,419.24,5,419.3,16,419.22,3,419.32,5,419.2,6,419.34,2,419.18,8,419.36,3,419.16,1
1597988452616762112,1597988452500000000,2020-08-21 13:40:52.500000,419.26,420.88,414.8,417.0,nan,417.8,272748,113953071700.0,242451,419.28,3,419.24,6,419.3,16,419.22,4,419.32,5,419.2,6,419.34,2,419.18,8,419.36,3,419.16,1
1597988453142878976,1597988453000000000,2020-08-21 13:40:53.000000,419.26,420.88,414.8,417.0,nan,417.8,272748,113953071700.0,242451,419.28,4,419.24,6,419.3,16,419.22,4,419.32,5,419.2,6,419.34,2,419.18,8,419.36,3,419.16,1
1597988453617594880,1597988453500000000,2020-08-21 13:40:53.500000,419.24,420.88,414.8,417.0,nan,417.8,272749,113953490940.0,242452,419.28,4,419.24,5,419.3,16,419.22,4,419.32,5,419.2,6,419.34,2,419.18,8,419.36,3,419.16,1
1597988454120964096,1597988454000000000,2020-08-21 13:40:54.000000,419.24,420.88,414.8,417.0,nan,417.8,272750,113953910180.0,242453,419.28,4,419.24,5,419.3,16,419.22,4,419.32,5,419.2,6,419.34,2,419.18,8,419.36,3,419.16,1
1597988454617827072,1597988454500000000,2020-08-21 13:40:54.500000,419.24,420.88,414.8,417.0,nan,417.8,272750,113953910180.0,242453,419.28,4,419.24,5,419.3,16,419.22,4,419.32,5,419.2,6,419.34,2,419.18,9,419.36,3,419.16,1
1597988455110277888,1597988455000000000,2020-08-21 13:40:55.000000,419.28,420.88,414.8,417.0,nan,417.8,272754,113955587260.0,242450,419.28,2,419.24,4,419.3,16,419.22,4,419.32,5,419.2,6,419.34,2,419.18,9,419.36,3,419.16,1
1597988455599488000,1597988455500000000,2020-08-21 13:40:55.500000,419.28,420.88,414.8,417.0,nan,417.8,272754,113955587260.0,242450,419.28,2,419.24,3,419.3,16,419.22,4,419.32,5,419.2,6,419.34,2,419.18,9,419.36,3,419.16,1
1597988456121349120,1597988456000000000,2020-08-21 13:40:56.000000,419.28,420.88,414.8,417.0,nan,417.8,272754,113955587260.0,242450,419.28,2,419.24,5,419.3,16,419.22,4,419.32,5,419.2,6,419.34,2,419.18,9,419.36,3,419.16,1
1597988457119668992,1597988457000000000,2020-08-21 13:40:57.000000,419.28,420.88,414.8,417.0,nan,417.8,272754,113955587260.0,242450,419.28,3,419.24,5,419.3,16,419.22,4,419.32,5,419.2,6,419.34,2,419.18,10,419.36,3,419.16,1
1597988457598419968,1597988457500000000,2020-08-21 13:40:57.500000,419.28,420.88,414.8,417.0,nan,417.8,272757,113956845100.0,242449,419.3,16,419.24,5,419.32,5,419.22,5,419.34,2,419.2,6,419.36,3,419.18,10,419.38,9,419.16,1
1597988458107865088,1597988458000000000,2020-08-21 13:40:58.000000,419.24,420.88,414.8,417.0,nan,417.8,272764,113959779840.0,242445,419.3,16,419.24,2,419.32,5,419.22,5,419.34,2,419.2,6,419.36,3,419.18,10,419.38,9,419.16,1
1597988458609904128,1597988458500000000,2020-08-21 13:40:58.500000,419.24,420.88,414.8,417.0,nan,417.8,272764,113959779840.0,242445,419.28,3,419.24,2,419.3,16,419.22,5,419.32,5,419.2,6,419.34,2,419.18,10,419.36,3,419.16,1
1597988459119284992,1597988459000000000,2020-08-21 13:40:59.000000,419.24,420.88,414.8,417.0,nan,417.8,272764,113959779840.0,242445,419.28,4,419.24,2,419.3,36,419.22,5,419.32,5,419.2,6,419.34,2,419.18,10,419.36,3,419.14,14
1597988459614347008,1597988459500000000,2020-08-21 13:40:59.500000,419.24,420.88,414.8,417.0,nan,417.8,272764,113959779840.0,242445,419.28,4,419.24,1,419.3,37,419.22,5,419.32,5,419.2,6,419.34,2,419.18,10,419.36,3,419.16,2
1597988460130105088,1597988460000000000,2020-08-21 13:41:00.000000,419.28,420.88,414.8,417.0,nan,417.8,272768,113961456960.0,242445,419.3,37,419.28,2,419.32,5,419.24,1,419.34,2,419.22,5,419.36,3,419.2,6,419.38,9,419.18,11
1597988460606191104,1597988460500000000,2020-08-21 13:41:00.500000,419.28,420.88,414.8,417.0,nan,417.8,272770,113962295520.0,242443,419.28,7,419.24,1,419.3,37,419.22,5,419.32,5,419.2,5,419.34,2,419.18,11,419.36,3,419.16,2
1597988461107075072,1597988461000000000,2020-08-21 13:41:01.000000,419.24,420.88,414.8,417.0,nan,417.8,272771,113962714760.0,242443,419.26,1,419.22,5,419.3,37,419.2,5,419.32,5,419.18,11,419.34,2,419.16,2,419.36,3,419.14,14
1597988461606365952,1597988461500000000,2020-08-21 13:41:01.500000,419.24,420.88,414.8,417.0,nan,417.8,272776,113964810960.0,242443,419.3,37,419.24,4,419.32,5,419.22,5,419.34,2,419.2,5,419.36,3,419.18,10,419.38,9,419.16,2
1597988462121476096,1597988462000000000,2020-08-21 13:41:02.000000,419.24,420.88,414.8,417.0,nan,417.8,272777,113965230200.0,242443,419.28,3,419.24,4,419.3,37,419.22,5,419.32,5,419.2,5,419.34,2,419.18,10,419.36,3,419.16,2
1597988462607545088,1597988462500000000,2020-08-21 13:41:02.500000,419.24,420.88,414.8,417.0,nan,417.8,272777,113965230200.0,242443,419.28,3,419.24,4,419.3,38,419.22,5,419.32,5,419.2,5,419.34,2,419.18,10,419.36,3,419.16,2
1597988463123557888,1597988463000000000,2020-08-21 13:41:03.000000,419.24,420.88,414.8,417.0,nan,417.8,272777,113965230200.0,242443,419.28,3,419.24,4,419.3,38,419.22,5,419.32,5,419.2,6,419.34,2,419.18,10,419.36,3,419.16,2
1597988464104662016,1597988464000000000,2020-08-21 13:41:04.000000,419.24,420.88,414.8,417.0,nan,417.8,272781,113966907160.0,242443,419.28,4,419.22,5,419.3,38,419.2,6,419.32,5,419.18,10,419.34,2,419.16,2,419.36,3,419.14,14
1597988464611013120,1597988464500000000,2020-08-21 13:41:04.500000,419.24,420.88,414.8,417.0,nan,417.8,272781,113966907160.0,242443,419.24,5,419.22,5,419.28,4,419.2,6,419.3,38,419.18,10,419.32,5,419.16,2,419.34,2,419.14,14
1597988465143712000,1597988465000000000,2020-08-21 13:41:05.000000,419.24,420.88,414.8,417.0,nan,417.8,272781,113966907160.0,242443,419.24,6,419.22,5,419.28,4,419.2,6,419.3,38,419.18,10,419.32,5,419.16,2,419.34,2,419.14,14
1597988465606331904,1597988465500000000,2020-08-21 13:41:05.500000,419.2,420.88,414.8,417.0,nan,417.8,272791,113971099260.0,242440,419.22,3,419.18,9,419.24,14,419.16,2,419.26,1,419.14,14,419.28,4,419.12,5,419.3,38,419.1,1
1597988466143787008,1597988466000000000,2020-08-21 13:41:06.000000,419.18,420.88,414.8,417.0,nan,417.8,272829,113987028100.0,242459,419.2,8,419.16,2,419.22,8,419.14,14,419.24,14,419.12,5,419.26,1,419.1,1,419.28,4,419.08,7
1597988466601401088,1597988466500000000,2020-08-21 13:41:06.500000,419.18,420.88,414.8,417.0,nan,417.8,272829,113987028100.0,242459,419.2,9,419.14,14,419.22,8,419.12,4,419.24,14,419.1,1,419.26,1,419.08,7,419.28,5,419.06,2
1597988467100310016,1597988467000000000,2020-08-21 13:41:07.000000,419.18,420.88,414.8,417.0,nan,417.8,272829,113987028100.0,242459,419.2,9,419.14,13,419.22,8,419.12,4,419.24,14,419.1,1,419.26,1,419.08,7,419.28,6,419.06,2
1597988467612412928,1597988467500000000,2020-08-21 13:41:07.500000,419.14,420.88,414.8,417.0,nan,417.8,272832,113988285520.0,242459,419.18,1,419.14,9,419.2,9,419.12,4,419.22,8,419.1,2,419.24,14,419.08,7,419.26,1,419.06,2
1597988468146362112,1597988468000000000,2020-08-21 13:41:08.000000,419.14,420.88,414.8,417.0,nan,417.8,272832,113988285520.0,242459,419.16,1,419.14,9,419.18,2,419.12,4,419.2,9,419.1,2,419.22,8,419.08,7,419.24,14,419.06,2
1597988468605391872,1597988468500000000,2020-08-21 13:41:08.500000,419.14,420.88,414.8,417.0,nan,417.8,272834,113989123800.0,242459,419.16,1,419.14,7,419.18,2,419.12,4,419.2,9,419.1,2,419.22,5,419.08,7,419.24,14,419.06,2
1597988469143750912,1597988469000000000,2020-08-21 13:41:09.000000,419.14,420.88,414.8,417.0,nan,417.8,272834,113989123800.0,242459,419.16,11,419.14,7,419.18,2,419.12,4,419.2,9,419.1,2,419.22,5,419.08,7,419.24,14,419.06,2
1597988469599182080,1597988469500000000,2020-08-21 13:41:09.500000,419.16,420.88,414.8,417.0,nan,417.8,272844,113993315260.0,242462,419.16,8,419.14,1,419.18,2,419.12,4,419.2,9,419.1,2,419.22,5,419.08,7,419.24,14,419.06,2
1597988470125393920,1597988470000000000,2020-08-21 13:41:10.000000,419.16,420.88,414.8,417.0,nan,417.8,272846,113994153580.0,242462,419.16,6,419.14,1,419.18,2,419.12,4,419.2,9,419.1,2,419.22,5,419.08,7,419.24,14,419.06,2
1597988470615200000,1597988470500000000,2020-08-21 13:41:10.500000,419.16,420.88,414.8,417.0,nan,417.8,272846,113994153580.0,242462,419.16,7,419.14,1,419.18,2,419.12,4,419.2,9,419.1,2,419.22,5,419.08,7,419.24,14,419.06,2
1597988471144019968,1597988471000000000,2020-08-21 13:41:11.000000,419.16,420.88,414.8,417.0,nan,417.8,272847,113994572740.0,242463,419.16,6,419.14,1,419.18,2,419.12,4,419.2,9,419.1,2,419.22,5,419.08,7,419.24,14,419.06,2
1597988471616743936,1597988471500000000,2020-08-21 13:41:11.500000,419.16,420.88,414.8,417.0,nan,417.8,272849,113995411060.0,242464,419.16,4,419.14,1,419.18,2,419.12,4,419.2,9,419.1,2,419.22,5,419.08,7,419.24,14,419.06,2
1597988472117408000,1597988472000000000,2020-08-21 13:41:12.000000,419.14,420.88,414.8,417.0,nan,417.8,272851,113996249340.0,242465,419.14,5,419.12,4,419.16,4,419.1,2,419.18,2,419.08,7,419.2,9,419.06,2,419.22,5,419.04,2
1597988472600037888,1597988472500000000,2020-08-21 13:41:12.500000,419.14,420.88,414.8,417.0,nan,417.8,272851,113996249340.0,242465,419.14,6,419.12,4,419.16,1,419.1,2,419.18,2,419.08,7,419.2,9,419.06,2,419.22,2,419.04,2
1597988473104804096,1597988473000000000,2020-08-21 13:41:13.000000,419.12,420.88,414.8,417.0,nan,417.8,272853,113997087580.0,242465,419.14,11,419.12,2,419.16,1,419.1,1,419.18,2,419.08,7,419.2,9,419.06,3,419.22,2,419.04,2
1597988473605528064,1597988473500000000,2020-08-21 13:41:13.500000,419.14,420.88,414.8,417.0,nan,417.8,272857,113998764100.0,242468,419.14,9,419.1,1,419.18,2,419.08,7,419.2,9,419.06,3,419.22,2,419.04,2,419.24,14,419.02,8
1597988474144443904,1597988474000000000,2020-08-21 13:41:14.000000,419.14,420.88,414.8,417.0,nan,417.8,272857,113998764100.0,242468,419.14,9,419.1,1,419.18,3,419.08,7,419.2,9,419.06,3,419.22,3,419.04,2,419.24,14,419.02,8
1597988474601447936,1597988474500000000,2020-08-21 13:41:14.500000,419.14,420.88,414.8,417.0,nan,417.8,272859,113999602380.0,242470,419.14,9,419.1,1,419.18,3,419.08,7,419.2,9,419.06,3,419.22,3,419.04,2,419.24,14,419.02,8
1597988475130387968,1597988475000000000,2020-08-21 13:41:15.000000,419.08,420.88,414.8,417.0,nan,417.8,272867,114002955040.0,242475,419.1,1,419.06,3,419.12,2,419.04,2,419.14,9,419.02,8,419.18,3,419.0,20,419.2,10,418.98,2
1597988475619642880,1597988475500000000,2020-08-21 13:41:15.500000,419.06,420.88,414.8,417.0,nan,417.8,272872,114005050480.0,242475,419.08,2,419.06,1,419.1,2,419.04,2,419.12,2,419.02,8,419.14,6,419.0,20,419.18,3,418.98,2
1597988476129270016,1597988476000000000,2020-08-21 13:41:16.000000,419.04,420.88,414.8,417.0,nan,417.8,272874,114005888580.0,242476,419.06,1,419.04,1,419.08,2,419.02,8,419.1,5,419.0,20,419.12,2,418.98,2,419.14,5,418.96,2
1597988476634586880,1597988476500000000,2020-08-21 13:41:16.500000,419.08,420.88,414.8,417.0,nan,417.8,272876,114006726720.0,242476,419.08,1,419.04,1,419.1,3,419.02,8,419.12,2,419.0,21,419.14,5,418.98,2,419.18,3,418.96,2
1597988477131195904,1597988477000000000,2020-08-21 13:41:17.000000,419.08,420.88,414.8,417.0,nan,417.8,272878,114007564860.0,242476,419.08,2,419.04,2,419.1,1,419.02,8,419.12,2,419.0,21,419.14,3,418.98,2,419.18,3,418.96,2
1597988477609594112,1597988477500000000,2020-08-21 13:41:17.500000,419.08,420.88,414.8,417.0,nan,417.8,272881,114008822060.0,242478,419.08,4,419.06,1,419.1,1,419.04,2,419.12,2,419.02,8,419.14,3,419.0,21,419.18,3,418.98,2
1597988478150447104,1597988478000000000,2020-08-21 13:41:18.000000,419.08,420.88,414.8,417.0,nan,417.8,272883,114009660200.0,242478,419.08,3,419.04,3,419.1,1,419.02,8,419.12,2,419.0,21,419.14,3,418.98,2,419.18,2,418.96,2
1597988478625502976,1597988478500000000,2020-08-21 13:41:18.500000,419.08,420.88,414.8,417.0,nan,417.8,272888,114011755520.0,242478,419.1,1,419.04,1,419.12,2,419.02,8,419.14,3,419.0,21,419.18,2,418.98,2,419.2,10,418.96,2
1597988479115685120,1597988479000000000,2020-08-21 13:41:19.000000,419.04,420.88,414.8,417.0,nan,417.8,272891,114013012700.0,242479,419.06,2,419.04,2,419.08,2,419.02,8,419.1,1,419.0,21,419.12,2,418.98,2,419.14,3,418.96,2
1597988479621902080,1597988479500000000,2020-08-21 13:41:19.500000,419.08,420.88,414.8,417.0,nan,417.8,272894,114014269900.0,242480,419.08,1,419.04,2,419.1,1,419.02,9,419.14,3,419.0,21,419.18,2,418.98,2,419.2,10,418.96,2
1597988480105380096,1597988480000000000,2020-08-21 13:41:20.000000,419.08,420.88,414.8,417.0,nan,417.8,272894,114014269900.0,242480,419.08,1,419.06,1,419.1,1,419.04,4,419.14,3,419.02,9,419.16,1,419.0,21,419.18,2,418.98,2
1597988480622989056,1597988480500000000,2020-08-21 13:41:20.500000,419.04,420.88,414.8,417.0,nan,417.8,272895,114014688940.0,242479,419.08,2,419.04,3,419.1,1,419.02,9,419.14,3,419.0,21,419.16,1,418.98,2,419.18,2,418.96,2
1597988481107171072,1597988481000000000,2020-08-21 13:41:21.000000,419.08,420.88,414.8,417.0,nan,417.8,272896,114015108020.0,242480,419.08,1,419.04,1,419.1,1,419.02,9,419.14,3,419.0,21,419.16,1,418.98,2,419.18,2,418.96,2
1597988481614082048,1597988481500000000,2020-08-21 13:41:21.500000,419.08,420.88,414.8,417.0,nan,417.8,272896,114015108020.0,242480,419.08,2,419.04,2,419.1,1,419.02,9,419.14,2,419.0,21,419.16,1,418.98,2,419.18,2,418.96,2
1597988482113019904,1597988482000000000,2020-08-21 13:41:22.000000,419.08,420.88,414.8,417.0,nan,417.8,272898,114015946180.0,242480,419.08,1,419.04,3,419.1,1,419.02,10,419.14,2,419.0,20,419.16,1,418.98,2,419.18,1,418.96,2
1597988483601954048,1597988483500000000,2020-08-21 13:41:23.500000,419.04,420.88,414.8,417.0,nan,417.8,272901,114017203340.0,242477,419.08,1,419.04,1,419.1,1,419.02,10,419.14,2,419.0,20,419.16,1,418.98,2,419.18,1,418.96,2
1597988484127281920,1597988484000000000,2020-08-21 13:41:24.000000,419.08,420.88,414.8,417.0,nan,417.8,272902,114017622420.0,242477,419.1,1,419.04,1,419.14,2,419.02,10,419.16,1,419.0,20,419.18,1,418.98,2,419.2,10,418.96,2
1597988484607758080,1597988484500000000,2020-08-21 13:41:24.500000,419.08,420.88,414.8,417.0,nan,417.8,272903,114018041500.0,242477,419.1,3,419.08,4,419.12,1,419.06,1,419.14,2,419.04,2,419.18,1,419.02,10,419.2,10,419.0,20
1597988485132203008,1597988485000000000,2020-08-21 13:41:25.000000,419.04,420.88,414.8,417.0,nan,417.8,272910,114020974960.0,242475,419.04,2,419.02,11,419.1,4,419.0,20,419.12,1,418.98,2,419.14,2,418.96,2,419.18,1,418.92,5
1597988485635566080,1597988485500000000,2020-08-21 13:41:25.500000,419.04,420.88,414.8,417.0,nan,417.8,272913,114022232080.0,242473,419.1,4,419.04,7,419.12,1,419.02,11,419.14,2,419.0,20,419.16,1,418.98,2,419.18,1,418.96,2
1597988486147590912,1597988486000000000,2020-08-21 13:41:26.000000,419.04,420.88,414.8,417.0,nan,417.8,272920,114025165440.0,242474,419.1,3,419.02,11,419.12,1,419.0,20,419.14,2,418.98,2,419.18,1,418.96,3,419.2,10,418.94,2
1597988486623891968,1597988486500000000,2020-08-21 13:41:26.500000,419.02,420.88,414.8,417.0,nan,417.8,272925,114027260560.0,242478,419.08,6,419.02,7,419.1,3,419.0,19,419.12,1,418.98,2,419.14,2,418.96,3,419.18,1,418.94,2
1597988487112299008,1597988487000000000,2020-08-21 13:41:27.000000,419.06,420.88,414.8,417.0,nan,417.8,272926,114027679620.0,242477,419.06,3,419.04,2,419.08,6,419.02,7,419.1,3,419.0,19,419.12,1,418.98,2,419.14,2,418.96,3
1597988487598267904,1597988487500000000,2020-08-21 13:41:27.500000,419.08,420.88,414.8,417.0,nan,417.8,272936,114031870340.0,242473,419.1,5,419.04,5,419.12,1,419.02,8,419.14,2,419.0,20,419.18,1,418.98,2,419.2,10,418.96,3
1597988488104388096,1597988488000000000,2020-08-21 13:41:28.000000,419.06,420.88,414.8,417.0,nan,417.8,272943,114034803960.0,242471,419.1,1,419.06,16,419.12,1,419.04,8,419.14,2,419.02,8,419.18,1,419.0,20,419.2,10,418.98,2
1597988488608645120,1597988488500000000,2020-08-21 13:41:28.500000,419.1,420.88,414.8,417.0,nan,417.8,272970,114046119280.0,242471,419.14,1,419.1,2,419.18,1,419.08,7,419.2,10,419.06,8,419.22,3,419.04,8,419.24,5,419.02,10
1597988489151258880,1597988489000000000,2020-08-21 13:41:29.000000,419.1,420.88,414.8,417.0,nan,417.8,272970,114046119280.0,242471,419.18,1,419.16,9,419.2,10,419.12,3,419.22,3,419.1,3,419.24,5,419.08,7,419.26,1,419.06,8
1597988489616334080,1597988489500000000,2020-08-21 13:41:29.500000,419.1,420.88,414.8,417.0,nan,417.8,272985,114052406380.0,242476,419.16,2,419.08,7,419.18,4,419.06,8,419.2,7,419.04,10,419.22,4,419.02,11,419.24,5,419.0,20
1597988490146857984,1597988490000000000,2020-08-21 13:41:30.000000,419.1,420.88,414.8,417.0,nan,417.8,272985,114052406380.0,242476,419.14,5,419.1,2,419.16,14,419.08,6,419.18,4,419.06,9,419.2,7,419.04,10,419.22,3,419.02,11
1597988490620009984,1597988490500000000,2020-08-21 13:41:30.500000,419.1,420.88,414.8,417.0,nan,417.8,272987,114053244580.0,242476,419.1,1,419.08,6,419.12,10,419.06,9,419.14,8,419.04,10,419.16,6,419.02,11,419.18,4,419.0,20
1597988491121284096,1597988491000000000,2020-08-21 13:41:31.000000,419.08,420.88,414.8,417.0,nan,417.8,272993,114055759060.0,242475,419.08,2,419.06,9,419.1,2,419.04,9,419.12,2,419.02,11,419.14,8,419.0,20,419.16,4,418.98,2
1597988491618316032,1597988491500000000,2020-08-21 13:41:31.500000,419.1,420.88,414.8,417.0,nan,417.8,272997,114057435380.0,242475,419.12,2,419.1,2,419.14,9,419.06,6,419.16,4,419.04,6,419.18,4,419.02,11,419.2,8,419.0,20
1597988492123961088,1597988492000000000,2020-08-21 13:41:32.000000,419.1,420.88,414.8,417.0,nan,417.8,273000,114058692680.0,242472,419.1,2,419.06,7,419.12,4,419.04,6,419.14,9,419.02,11,419.16,4,419.0,20,419.18,4,418.98,2
