local_nano_time,quote_nano_time,datetime,last_price,highest,lowest,open,close,average,volume,amount,open_interest,ask_price1,ask_volume1,bid_price1,bid_volume1,ask_price2,ask_volume2,bid_price2,bid_volume2,ask_price3,ask_volume3,bid_price3,bid_volume3,ask_price4,ask_volume4,bid_price4,bid_volume4,ask_price5,ask_volume5,bid_price5,bid_volume5
1597988230156475904,1597988230432000000,2020-08-21 13:37:10.432000,2724.0,2734.0,2670.0,2694.0,nan,2703.98234,533508,14425962100.0,543721,2726.0,158,2724.0,567,2728.0,1145,2722.0,780,2730.0,4575,2720.0,687,2732.0,1237,2718.0,1027,2734.0,878,2716.0,1315
1597988230623518976,1597988230935000064,2020-08-21 13:37:10.935000,2724.0,2734.0,2670.0,2694.0,nan,2703.98234,533508,14425962100.0,543721,2726.0,233,2724.0,564,2728.0,1145,2722.0,780,2730.0,4575,2720.0,687,2732.0,1237,2718.0,1027,2734.0,878,2716.0,1311
1597988231155392000,1597988231436999936,2020-08-21 13:37:11.437000,2726.0,2734.0,2670.0,2694.0,nan,2703.982381,533509,14425989360.0,543721,2726.0,269,2724.0,559,2728.0,1145,2722.0,768,2730.0,4574,2720.0,687,2732.0,1237,2718.0,1027,2734.0,878,2716.0,1311
1597988231631105024,1597988231910000128,2020-08-21 13:37:11.910000,2726.0,2734.0,2670.0,2694.0,nan,2703.982381,533509,14425989360.0,543721,2726.0,271,2724.0,559,2728.0,1145,2722.0,768,2730.0,4574,2720.0,687,2732.0,1237,2718.0,1027,2734.0,878,2716.0,1311
1597988232113870080,1597988232423000064,2020-08-21 13:37:12.423000,2726.0,2734.0,2670.0,2694.0,nan,2703.982381,533509,14425989360.0,543721,2726.0,271,2724.0,559,2728.0,1145,2722.0,768,2730.0,4574,2720.0,687,2732.0,1237,2718.0,1027,2734.0,881,2716.0,1311
1597988232609306112,1597988232932000000,2020-08-21 13:37:12.932000,2726.0,2734.0,2670.0,2694.0,nan,2703.982381,533509,14425989360.0,543721,2726.0,293,2724.0,559,2728.0,1145,2722.0,768,2730.0,4574,2720.0,686,2732.0,1237,2718.0,1027,2734.0,881,2716.0,1311
1597988233119966976,1597988233405999872,2020-08-21 13:37:13.406000,2726.0,2734.0,2670.0,2694.0,nan,2703.982381,533509,14425989360.0,543721,2726.0,295,2724.0,558,2728.0,1145,2722.0,767,2730.0,4574,2720.0,686,2732.0,1237,2718.0,1027,2734.0,881,2716.0,1311
1597988233631558912,1597988233912000000,2020-08-21 13:37:13.912000,2726.0,2734.0,2670.0,2694.0,nan,2703.982422,533510,14426016620.0,543722,2726.0,288,2724.0,553,2728.0,1145,2722.0,767,2730.0,4574,2720.0,686,2732.0,1237,2718.0,1027,2734.0,881,2716.0,1311
1597988234133074944,1597988234427000064,2020-08-21 13:37:14.427000,2724.0,2734.0,2670.0,2694.0,nan,2703.98246,533511,14426043860.0,543722,2726.0,276,2724.0,552,2728.0,1150,2722.0,767,2730.0,4574,2720.0,686,2732.0,1237,2718.0,1027,2734.0,881,2716.0,1311
1597988234620303104,1597988234937999872,2020-08-21 13:37:14.938000,2726.0,2734.0,2670.0,2694.0,nan,2703.982914,533522,14426343720.0,543733,2726.0,266,2724.0,552,2728.0,1150,2722.0,767,2730.0,4574,2720.0,686,2732.0,1238,2718.0,1027,2734.0,881,2716.0,1311
1597988235133711104,1597988235413000192,2020-08-21 13:37:15.413000,2726.0,2734.0,2670.0,2694.0,nan,2703.982914,533522,14426343720.0,543733,2726.0,265,2724.0,552,2728.0,1160,2722.0,767,2730.0,4574,2720.0,686,2732.0,1238,2718.0,1027,2734.0,881,2716.0,1311
1597988235626011904,1597988235905999872,2020-08-21 13:37:15.906000,2726.0,2734.0,2670.0,2694.0,nan,2703.982914,533522,14426343720.0,543733,2726.0,266,2724.0,552,2728.0,1160,2722.0,767,2730.0,4574,2720.0,686,2732.0,1238,2718.0,1027,2734.0,881,2716.0,1311
1597988236117812992,1597988236432000000,2020-08-21 13:37:16.432000,2726.0,2734.0,2670.0,2694.0,nan,2703.982914,533522,14426343720.0,543733,2726.0,266,2724.0,552,2728.0,1162,2722.0,767,2730.0,4574,2720.0,683,2732.0,1238,2718.0,1027,2734.0,881,2716.0,1311
1597988236615812096,1597988236918999808,2020-08-21 13:37:16.919000,2726.0,2734.0,2670.0,2694.0,nan,2703.982914,533522,14426343720.0,543733,2726.0,266,2724.0,549,2728.0,1162,2722.0,767,2730.0,4574,2720.0,683,2732.0,1238,2718.0,1027,2734.0,881,2716.0,1311
1597988237138806016,1597988237435000064,2020-08-21 13:37:17.435000,2726.0,2734.0,2670.0,2694.0,nan,2703.982955,533523,14426370980.0,543734,2726.0,265,2724.0,549,2728.0,1162,2722.0,767,2730.0,4574,2720.0,683,2732.0,1238,2718.0,1032,2734.0,881,2716.0,1311
1597988237625232896,1597988237934000128,2020-08-21 13:37:17.934000,2726.0,2734.0,2670.0,2694.0,nan,2703.982955,533523,14426370980.0,543734,2726.0,266,2724.0,551,2728.0,1162,2722.0,767,2730.0,4574,2720.0,683,2732.0,1238,2718.0,1032,2734.0,881,2716.0,1311
1597988238147808000,1597988238430000128,2020-08-21 13:37:18.430000,2726.0,2734.0,2670.0,2694.0,nan,2703.982955,533523,14426370980.0,543734,2726.0,266,2724.0,551,2728.0,1162,2722.0,762,2730.0,4574,2720.0,683,2732.0,1238,2718.0,1032,2734.0,881,2716.0,1311
1597988238623977984,1597988238932000000,2020-08-21 13:37:18.932000,2726.0,2734.0,2670.0,2694.0,nan,2703.982955,533523,14426370980.0,543734,2726.0,266,2724.0,551,2728.0,1160,2722.0,762,2730.0,4574,2720.0,683,2732.0,1238,2718.0,1032,2734.0,881,2716.0,1311
1597988239622993920,1597988239932000000,2020-08-21 13:37:19.932000,2726.0,2734.0,2670.0,2694.0,nan,2703.983037,533525,14426425500.0,543734,2726.0,264,2724.0,552,2728.0,1160,2722.0,762,2730.0,4574,2720.0,683,2732.0,1238,2718.0,1032,2734.0,881,2716.0,1311
1597988240156903936,1597988240416999936,2020-08-21 13:37:20.417000,2726.0,2734.0,2670.0,2694.0,nan,2703.983037,533525,14426425500.0,543734,2726.0,264,2724.0,552,2728.0,1160,2722.0,762,2730.0,4575,2720.0,683,2732.0,1238,2718.0,1032,2734.0,881,2716.0,1311
1597988240631768064,1597988240916000000,2020-08-21 13:37:20.916000,2726.0,2734.0,2670.0,2694.0,nan,2703.983037,533525,14426425500.0,543734,2726.0,265,2724.0,552,2728.0,1160,2722.0,762,2730.0,4575,2720.0,683,2732.0,1238,2718.0,1032,2734.0,881,2716.0,1311
1597988241151504896,1597988241423000064,2020-08-21 13:37:21.423000,2726.0,2734.0,2670.0,2694.0,nan,2703.983161,533528,14426507280.0,543734,2726.0,263,2724.0,552,2728.0,1160,2722.0,762,2730.0,4555,2720.0,683,2732.0,1238,2718.0,1032,2734.0,881,2716.0,1311
1597988242624002048,1597988242935000064,2020-08-21 13:37:22.935000,2724.0,2734.0,2670.0,2694.0,nan,2703.983949,533549,14427079320.0,543745,2726.0,287,2724.0,531,2728.0,1160,2722.0,762,2730.0,4555,2720.0,683,2732.0,1238,2718.0,1032,2734.0,881,2716.0,1311
1597988243121539072,1597988243432000000,2020-08-21 13:37:23.432000,2724.0,2734.0,2670.0,2694.0,nan,2703.984249,533557,14427297240.0,543745,2726.0,290,2724.0,519,2728.0,1160,2722.0,762,2730.0,4555,2720.0,683,2732.0,1238,2718.0,1032,2734.0,881,2716.0,1311
1597988243630963968,1597988243917999872,2020-08-21 13:37:23.918000,2724.0,2734.0,2670.0,2694.0,nan,2703.984324,533559,14427351720.0,543745,2726.0,402,2724.0,517,2728.0,1160,2722.0,762,2730.0,4555,2720.0,683,2732.0,1238,2718.0,1032,2734.0,881,2716.0,1311
1597988244118855936,1597988244433000192,2020-08-21 13:37:24.433000,2724.0,2734.0,2670.0,2694.0,nan,2703.984324,533559,14427351720.0,543745,2726.0,412,2724.0,517,2728.0,1160,2722.0,762,2730.0,4555,2720.0,683,2732.0,1238,2718.0,1032,2734.0,881,2716.0,1311
1597988244626706944,1597988244932000000,2020-08-21 13:37:24.932000,2724.0,2734.0,2670.0,2694.0,nan,2703.984324,533559,14427351720.0,543745,2726.0,428,2724.0,517,2728.0,1160,2722.0,762,2730.0,4555,2720.0,688,2732.0,1238,2718.0,1032,2734.0,881,2716.0,1311
1597988246158491904,1597988246423000064,2020-08-21 13:37:26.423000,2724.0,2734.0,2670.0,2694.0,nan,2703.98456,533565,14427515220.0,543746,2726.0,425,2724.0,514,2728.0,1160,2722.0,762,2730.0,4555,2720.0,688,2732.0,1238,2718.0,1032,2734.0,881,2716.0,1311
1597988246652741120,1597988246932000000,2020-08-21 13:37:26.932000,2724.0,2734.0,2670.0,2694.0,nan,2703.98456,533565,14427515220.0,543746,2726.0,425,2724.0,518,2728.0,1160,2722.0,761,2730.0,4555,2720.0,688,2732.0,1238,2718.0,1032,2734.0,881,2716.0,1311
1597988247134486016,1597988247436999936,2020-08-21 13:37:27.437000,2724.0,2734.0,2670.0,2694.0,nan,2703.98456,533565,14427515220.0,543746,2726.0,426,2724.0,518,2728.0,1160,2722.0,761,2730.0,4555,2720.0,688,2732.0,1238,2718.0,1032,2734.0,881,2716.0,1311
1597988248151771904,1597988248420999936,2020-08-21 13:37:28.421000,2724.0,2734.0,2670.0,2694.0,nan,2703.98456,533565,14427515220.0,543746,2726.0,426,2724.0,518,2728.0,1149,2722.0,762,2730.0,4555,2720.0,688,2732.0,1238,2718.0,1032,2734.0,881,2716.0,1311
1597988248632822016,1597988248938999808,2020-08-21 13:37:28.939000,2726.0,2734.0,2670.0,2694.0,nan,2703.984714,533569,14427624200.0,543745,2726.0,425,2724.0,515,2728.0,1149,2722.0,762,2730.0,4555,2720.0,688,2732.0,1238,2718.0,1032,2734.0,881,2716.0,1311
1597988249141469952,1597988249420000000,2020-08-21 13:37:29.420000,2724.0,2734.0,2670.0,2694.0,nan,2703.984752,533570,14427651440.0,543744,2726.0,425,2724.0,514,2728.0,1150,2722.0,762,2730.0,4565,2720.0,688,2732.0,1238,2718.0,1032,2734.0,881,2716.0,1311
1597988249612312064,1597988249930000128,2020-08-21 13:37:29.930000,2724.0,2734.0,2670.0,2694.0,nan,2703.984864,533573,14427733160.0,543742,2726.0,425,2724.0,510,2728.0,1151,2722.0,762,2730.0,4565,2720.0,688,2732.0,1238,2718.0,1032,2734.0,881,2716.0,1311
1597988250162129920,1597988250435000064,2020-08-21 13:37:30.435000,2724.0,2734.0,2670.0,2694.0,nan,2703.984864,533573,14427733160.0,543742,2726.0,425,2724.0,510,2728.0,1151,2722.0,762,2730.0,4565,2720.0,708,2732.0,1238,2718.0,1032,2734.0,881,2716.0,1311
1597988250628084992,1597988250933000192,2020-08-21 13:37:30.933000,2724.0,2734.0,2670.0,2694.0,nan,2703.984864,533573,14427733160.0,543742,2726.0,431,2724.0,510,2728.0,1151,2722.0,762,2730.0,4565,2720.0,708,2732.0,1238,2718.0,1032,2734.0,881,2716.0,1311
1597988251145123072,1597988251436000000,2020-08-21 13:37:31.436000,2724.0,2734.0,2670.0,2694.0,nan,2703.984939,533575,14427787640.0,543741,2726.0,431,2724.0,508,2728.0,1151,2722.0,762,2730.0,4565,2720.0,708,2732.0,1238,2718.0,1032,2734.0,881,2716.0,1311
1597988251643453952,1597988251914000128,2020-08-21 13:37:31.914000,2724.0,2734.0,2670.0,2694.0,nan,2703.985014,533577,14427842120.0,543741,2726.0,434,2724.0,506,2728.0,1150,2722.0,760,2730.0,4565,2720.0,708,2732.0,1238,2718.0,1032,2734.0,881,2716.0,1311
1597988252608760064,1597988252933000192,2020-08-21 13:37:32.933000,2726.0,2734.0,2670.0,2694.0,nan,2703.985056,533578,14427869380.0,543741,2726.0,433,2724.0,506,2728.0,1150,2722.0,760,2730.0,4565,2720.0,708,2732.0,1238,2718.0,1032,2734.0,881,2716.0,1311
1597988253133342976,1597988253424000000,2020-08-21 13:37:33.424000,2726.0,2734.0,2670.0,2694.0,nan,2703.985056,533578,14427869380.0,543741,2726.0,433,2724.0,506,2728.0,1149,2722.0,760,2730.0,4565,2720.0,708,2732.0,1238,2718.0,1032,2734.0,881,2716.0,1311
1597988253613688064,1597988253898999808,2020-08-21 13:37:33.899000,2726.0,2734.0,2670.0,2694.0,nan,2703.985056,533578,14427869380.0,543741,2726.0,435,2724.0,506,2728.0,1149,2722.0,760,2730.0,4565,2720.0,708,2732.0,1238,2718.0,1032,2734.0,881,2716.0,1311
1597988254123179008,1597988254438999808,2020-08-21 13:37:34.439000,2726.0,2734.0,2670.0,2694.0,nan,2703.985056,533578,14427869380.0,543741,2726.0,436,2724.0,509,2728.0,1149,2722.0,760,2730.0,4565,2720.0,708,2732.0,1238,2718.0,1032,2734.0,881,2716.0,1311
1597988254621966080,1597988254935000064,2020-08-21 13:37:34.935000,2724.0,2734.0,2670.0,2694.0,nan,2703.985431,533588,14428141780.0,543739,2726.0,436,2724.0,499,2728.0,1149,2722.0,760,2730.0,4565,2720.0,702,2732.0,1238,2718.0,1032,2734.0,881,2716.0,1311
1597988255111077120,1597988255433000192,2020-08-21 13:37:35.433000,2724.0,2734.0,2670.0,2694.0,nan,2703.985543,533591,14428223500.0,543739,2726.0,444,2724.0,498,2728.0,1149,2722.0,760,2730.0,4565,2720.0,702,2732.0,1238,2718.0,1033,2734.0,881,2716.0,1311
1597988255616438016,1597988255931000064,2020-08-21 13:37:35.931000,2724.0,2734.0,2670.0,2694.0,nan,2703.985618,533593,14428277980.0,543737,2726.0,444,2724.0,496,2728.0,1149,2722.0,760,2730.0,4565,2720.0,702,2732.0,1238,2718.0,1033,2734.0,881,2716.0,1311
1597988256146918912,1597988256426000128,2020-08-21 13:37:36.426000,2724.0,2734.0,2670.0,2694.0,nan,2703.993117,533793,14433725980.0,543624,2726.0,454,2724.0,296,2728.0,1149,2722.0,760,2730.0,4565,2720.0,702,2732.0,1238,2718.0,1032,2734.0,881,2716.0,1311
1597988256642993920,1597988256924999936,2020-08-21 13:37:36.925000,2724.0,2734.0,2670.0,2694.0,nan,2704.004231,534090,14441816200.0,543808,2724.0,404,2722.0,757,2726.0,482,2720.0,702,2728.0,1149,2718.0,1032,2730.0,4565,2716.0,1311,2732.0,1238,2714.0,635
1597988257117500928,1597988257427000064,2020-08-21 13:37:37.427000,2724.0,2734.0,2670.0,2694.0,nan,2704.004306,534092,14441870680.0,543808,2724.0,460,2722.0,771,2726.0,424,2720.0,702,2728.0,1151,2718.0,1031,2730.0,4566,2716.0,1312,2732.0,1237,2714.0,635
1597988257616901120,1597988257933000192,2020-08-21 13:37:37.933000,2724.0,2734.0,2670.0,2694.0,nan,2704.004306,534092,14441870680.0,543808,2724.0,486,2722.0,774,2726.0,424,2720.0,702,2728.0,1151,2718.0,1031,2730.0,4566,2716.0,1312,2732.0,1237,2714.0,583
1597988258114429952,1597988258416999936,2020-08-21 13:37:38.417000,2724.0,2734.0,2670.0,2694.0,nan,2704.004306,534092,14441870680.0,543808,2724.0,487,2722.0,775,2726.0,424,2720.0,712,2728.0,1151,2718.0,1031,2730.0,4626,2716.0,1312,2732.0,1237,2714.0,583
1597988258605071872,1597988258935000064,2020-08-21 13:37:38.935000,2722.0,2734.0,2670.0,2694.0,nan,2704.00434,534093,14441897900.0,543807,2724.0,487,2722.0,774,2726.0,424,2720.0,712,2728.0,1152,2718.0,1031,2730.0,4626,2716.0,1312,2732.0,1237,2714.0,583
1597988259139102976,1597988259405999872,2020-08-21 13:37:39.406000,2722.0,2734.0,2670.0,2694.0,nan,2704.00434,534093,14441897900.0,543807,2724.0,507,2722.0,770,2726.0,424,2720.0,712,2728.0,1152,2718.0,1031,2730.0,4626,2716.0,1312,2732.0,1237,2714.0,583
1597988259647077120,1597988259921999872,2020-08-21 13:37:39.922000,2724.0,2734.0,2670.0,2694.0,nan,2704.004378,534094,14441925140.0,543808,2724.0,520,2722.0,770,2726.0,424,2720.0,712,2728.0,1152,2718.0,1031,2730.0,4626,2716.0,1312,2732.0,1237,2714.0,582
1597988260121998080,1597988260427000064,2020-08-21 13:37:40.427000,2724.0,2734.0,2670.0,2694.0,nan,2704.004378,534094,14441925140.0,543808,2724.0,520,2722.0,770,2726.0,424,2720.0,712,2728.0,1146,2718.0,1031,2730.0,4626,2716.0,1312,2732.0,1237,2714.0,582
1597988260624902912,1597988260932000000,2020-08-21 13:37:40.932000,2724.0,2734.0,2670.0,2694.0,nan,2704.004378,534094,14441925140.0,543808,2724.0,520,2722.0,770,2726.0,425,2720.0,712,2728.0,1146,2718.0,1031,2730.0,4626,2716.0,1312,2732.0,1237,2714.0,582
1597988261150763008,1597988261723000064,2020-08-21 13:37:41.723000,2724.0,2734.0,2670.0,2694.0,nan,2704.004378,534094,14441925140.0,543808,2724.0,520,2722.0,764,2726.0,435,2720.0,713,2728.0,1151,2718.0,1031,2730.0,4626,2716.0,1312,2732.0,1237,2714.0,582
1597988261606391040,1597988261931000064,2020-08-21 13:37:41.931000,2724.0,2734.0,2670.0,2694.0,nan,2704.004378,534094,14441925140.0,543808,2724.0,520,2722.0,764,2726.0,434,2720.0,713,2728.0,1150,2718.0,1031,2730.0,4626,2716.0,1312,2732.0,1237,2714.0,582
1597988262125553920,1597988262435000064,2020-08-21 13:37:42.435000,2722.0,2734.0,2670.0,2694.0,nan,2704.004445,534096,14441979580.0,543808,2724.0,520,2722.0,762,2726.0,434,2720.0,713,2728.0,1152,2718.0,1031,2730.0,4626,2716.0,1312,2732.0,1237,2714.0,582
1597988262635919104,1597988262910000128,2020-08-21 13:37:42.910000,2722.0,2734.0,2670.0,2694.0,nan,2704.030217,534862,14462830100.0,543693,2722.0,76,2720.0,713,2724.0,543,2718.0,1031,2726.0,434,2716.0,1312,2728.0,1152,2714.0,582,2730.0,4626,2712.0,874
1597988263110935040,1597988263379000064,2020-08-21 13:37:43.379000,2722.0,2734.0,2670.0,2694.0,nan,2704.030434,534869,14463020540.0,543691,2722.0,247,2720.0,732,2724.0,470,2718.0,1031,2726.0,438,2716.0,1301,2728.0,1150,2714.0,584,2730.0,4626,2712.0,882
1597988263604811008,1597988263930000128,2020-08-21 13:37:43.930000,2722.0,2734.0,2670.0,2694.0,nan,2704.030534,534872,14463102200.0,543688,2722.0,259,2720.0,728,2724.0,471,2718.0,1031,2726.0,438,2716.0,1301,2728.0,1150,2714.0,584,2730.0,4626,2712.0,882
1597988264125934080,1597988264433000192,2020-08-21 13:37:44.433000,2722.0,2734.0,2670.0,2694.0,nan,2704.030534,534872,14463102200.0,543688,2722.0,255,2720.0,709,2724.0,476,2718.0,1031,2726.0,446,2716.0,1301,2728.0,1150,2714.0,584,2730.0,4626,2712.0,882
1597988264604399104,1597988264935000064,2020-08-21 13:37:44.935000,2722.0,2734.0,2670.0,2694.0,nan,2704.030534,534872,14463102200.0,543688,2722.0,255,2720.0,710,2724.0,476,2718.0,1031,2726.0,446,2716.0,1301,2728.0,1151,2714.0,584,2730.0,4626,2712.0,882
1597988265141740032,1597988265413000192,2020-08-21 13:37:45.413000,2722.0,2734.0,2670.0,2694.0,nan,2704.030534,534872,14463102200.0,543688,2722.0,255,2720.0,708,2724.0,476,2718.0,1031,2726.0,465,2716.0,1301,2728.0,1151,2714.0,584,2730.0,4626,2712.0,882
1597988265616756992,1597988265935000064,2020-08-21 13:37:45.935000,2722.0,2734.0,2670.0,2694.0,nan,2704.030568,534873,14463129420.0,543688,2722.0,254,2720.0,709,2724.0,476,2718.0,1031,2726.0,466,2716.0,1301,2728.0,1151,2714.0,584,2730.0,4626,2712.0,882
1597988266146897920,1597988266424999936,2020-08-21 13:37:46.425000,2722.0,2734.0,2670.0,2694.0,nan,2704.030602,534874,14463156640.0,543688,2722.0,253,2720.0,709,2724.0,476,2718.0,1031,2726.0,467,2716.0,1311,2728.0,1151,2714.0,584,2730.0,4626,2712.0,882
1597988266619070976,1597988266924000000,2020-08-21 13:37:46.924000,2722.0,2734.0,2670.0,2694.0,nan,2704.034061,534977,14465960300.0,543734,2722.0,132,2720.0,710,2724.0,476,2718.0,1031,2726.0,467,2716.0,1311,2728.0,1151,2714.0,584,2730.0,4626,2712.0,882
1597988267148347904,1597988267416999936,2020-08-21 13:37:47.417000,2720.0,2734.0,2670.0,2694.0,nan,2704.051003,535541,14481301780.0,543576,2722.0,159,2720.0,175,2724.0,476,2718.0,1031,2726.0,472,2716.0,1311,2728.0,1151,2714.0,584,2730.0,4626,2712.0,879
1597988267617304064,1597988267938999808,2020-08-21 13:37:47.939000,2722.0,2734.0,2670.0,2694.0,nan,2704.052618,535595,14482770620.0,543616,2722.0,459,2720.0,288,2724.0,434,2718.0,1031,2726.0,472,2716.0,1311,2728.0,1151,2714.0,584,2730.0,4627,2712.0,879
1597988268152679936,1597988268428999936,2020-08-21 13:37:48.429000,2722.0,2734.0,2670.0,2694.0,nan,2704.052652,535596,14482797840.0,543615,2722.0,483,2720.0,292,2724.0,435,2718.0,1031,2726.0,472,2716.0,1311,2728.0,1151,2714.0,584,2730.0,4627,2712.0,879
1597988268604532992,1597988268924999936,2020-08-21 13:37:48.925000,2722.0,2734.0,2670.0,2694.0,nan,2704.052652,535596,14482797840.0,543615,2722.0,473,2720.0,307,2724.0,435,2718.0,1031,2726.0,472,2716.0,1311,2728.0,1156,2714.0,584,2730.0,4627,2712.0,879
1597988269119137024,1597988269407000064,2020-08-21 13:37:49.407000,2720.0,2734.0,2670.0,2694.0,nan,2704.052681,535597,14482825040.0,543615,2722.0,511,2720.0,309,2724.0,435,2718.0,1031,2726.0,472,2716.0,1311,2728.0,1156,2714.0,584,2730.0,4627,2712.0,879
1597988269636570880,1597988269923000064,2020-08-21 13:37:49.923000,2720.0,2734.0,2670.0,2694.0,nan,2704.052681,535597,14482825040.0,543615,2722.0,511,2720.0,309,2724.0,435,2718.0,1031,2726.0,471,2716.0,1311,2728.0,1156,2714.0,584,2730.0,4627,2712.0,879
1597988270150908928,1597988270424000000,2020-08-21 13:37:50.424000,2720.0,2734.0,2670.0,2694.0,nan,2704.052711,535598,14482852240.0,543615,2722.0,512,2720.0,308,2724.0,437,2718.0,1031,2726.0,471,2716.0,1311,2728.0,1156,2714.0,584,2730.0,4627,2712.0,879
1597988270613147904,1597988270935000064,2020-08-21 13:37:50.935000,2720.0,2734.0,2670.0,2694.0,nan,2704.052741,535599,14482879440.0,543615,2722.0,512,2720.0,370,2724.0,437,2718.0,1031,2726.0,472,2716.0,1311,2728.0,1156,2714.0,584,2730.0,4627,2712.0,879
1597988271149093120,1597988271434000128,2020-08-21 13:37:51.434000,2720.0,2734.0,2670.0,2694.0,nan,2704.052741,535599,14482879440.0,543615,2722.0,497,2720.0,391,2724.0,437,2718.0,1031,2726.0,472,2716.0,1311,2728.0,1156,2714.0,584,2730.0,4627,2712.0,879
1597988272110942976,1597988272432000000,2020-08-21 13:37:52.432000,2722.0,2734.0,2670.0,2694.0,nan,2704.052774,535600,14482906660.0,543615,2722.0,496,2720.0,392,2724.0,437,2718.0,1025,2726.0,472,2716.0,1311,2728.0,1157,2714.0,584,2730.0,4627,2712.0,879
1597988272622184960,1597988272932000000,2020-08-21 13:37:52.932000,2722.0,2734.0,2670.0,2694.0,nan,2704.052808,535601,14482933880.0,543615,2722.0,495,2720.0,403,2724.0,437,2718.0,1025,2726.0,476,2716.0,1311,2728.0,1157,2714.0,584,2730.0,4627,2712.0,879
1597988273148044032,1597988273434000128,2020-08-21 13:37:53.434000,2722.0,2734.0,2670.0,2694.0,nan,2704.052808,535601,14482933880.0,543615,2722.0,480,2720.0,405,2724.0,437,2718.0,1026,2726.0,476,2716.0,1311,2728.0,1157,2714.0,584,2730.0,4627,2712.0,879
1597988273616800000,1597988273932000000,2020-08-21 13:37:53.932000,2722.0,2734.0,2670.0,2694.0,nan,2704.053143,535611,14483206080.0,543622,2722.0,470,2720.0,405,2724.0,438,2718.0,1026,2726.0,476,2716.0,1311,2728.0,1157,2714.0,584,2730.0,4627,2712.0,879
1597988274150158080,1597988274432000000,2020-08-21 13:37:54.432000,2722.0,2734.0,2670.0,2694.0,nan,2704.053177,535612,14483233300.0,543622,2722.0,470,2720.0,387,2724.0,438,2718.0,1026,2726.0,477,2716.0,1311,2728.0,1157,2714.0,584,2730.0,4627,2712.0,879
1597988274660102912,1597988275239000064,2020-08-21 13:37:55.239000,2720.0,2734.0,2670.0,2694.0,nan,2704.059129,535812,14488673300.0,543751,2722.0,471,2720.0,188,2724.0,438,2718.0,1026,2726.0,474,2716.0,1312,2728.0,1157,2714.0,584,2730.0,4627,2712.0,879
1597988275147478016,1597988275411000064,2020-08-21 13:37:55.411000,2720.0,2734.0,2670.0,2694.0,nan,2704.059516,535825,14489026900.0,543746,2722.0,554,2720.0,124,2724.0,483,2718.0,1026,2726.0,509,2716.0,1312,2728.0,1158,2714.0,584,2730.0,4627,2712.0,879
1597988275713954048,1597988275917999872,2020-08-21 13:37:55.918000,2720.0,2734.0,2670.0,2694.0,nan,2704.060219,535848,14489652600.0,543751,2722.0,551,2720.0,108,2724.0,484,2718.0,1026,2726.0,509,2716.0,1312,2728.0,1158,2714.0,584,2730.0,4627,2712.0,879
1597988276147151872,1597988276423000064,2020-08-21 13:37:56.423000,2720.0,2734.0,2670.0,2694.0,nan,2704.060962,535873,14490332600.0,543751,2722.0,551,2720.0,82,2724.0,484,2718.0,1026,2726.0,501,2716.0,1312,2728.0,1158,2714.0,584,2730.0,4627,2712.0,879
1597988276815756032,1597988277226000128,2020-08-21 13:37:57.226000,2720.0,2734.0,2670.0,2694.0,nan,2704.060962,535873,14490332600.0,543751,2722.0,551,2720.0,83,2724.0,484,2718.0,1026,2726.0,501,2716.0,1312,2728.0,1158,2714.0,584,2730.0,4627,2712.0,879
1597988277235087872,1597988277428999936,2020-08-21 13:37:57.429000,2720.0,2734.0,2670.0,2694.0,nan,2704.061111,535878,14490468600.0,543752,2722.0,551,2720.0,86,2724.0,484,2718.0,1027,2726.0,503,2716.0,1312,2728.0,1158,2714.0,584,2730.0,4627,2712.0,879
1597988277627686912,1597988277920000000,2020-08-21 13:37:57.920000,2720.0,2734.0,2670.0,2694.0,nan,2704.061825,535902,14491121400.0,543772,2722.0,552,2720.0,63,2724.0,484,2718.0,1027,2726.0,485,2716.0,1312,2728.0,1164,2714.0,584,2730.0,4627,2712.0,879
1597988278119560960,1597988278436000000,2020-08-21 13:37:58.436000,2720.0,2734.0,2670.0,2694.0,nan,2704.061825,535902,14491121400.0,543772,2722.0,552,2720.0,64,2724.0,486,2718.0,1039,2726.0,485,2716.0,1312,2728.0,1164,2714.0,584,2730.0,4627,2712.0,879
1597988278623408896,1597988278937999872,2020-08-21 13:37:58.938000,2720.0,2734.0,2670.0,2694.0,nan,2704.061825,535902,14491121400.0,543772,2722.0,594,2720.0,64,2724.0,486,2718.0,1039,2726.0,485,2716.0,1312,2728.0,1164,2714.0,579,2730.0,4627,2712.0,879
1597988279156925952,1597988279436000000,2020-08-21 13:37:59.436000,2722.0,2734.0,2670.0,2694.0,nan,2704.062327,535917,14491529700.0,543773,2722.0,579,2720.0,64,2724.0,486,2718.0,1039,2726.0,485,2716.0,1312,2728.0,1164,2714.0,579,2730.0,4627,2712.0,879
1597988279646396928,1597988279936999936,2020-08-21 13:37:59.937000,2722.0,2734.0,2670.0,2694.0,nan,2704.062327,535917,14491529700.0,543773,2722.0,580,2720.0,76,2724.0,486,2718.0,1039,2726.0,485,2716.0,1313,2728.0,1164,2714.0,579,2730.0,4627,2712.0,879
1597988280168339968,1597988280742000128,2020-08-21 13:38:00.742000,2720.0,2734.0,2670.0,2694.0,nan,2704.062624,535927,14491801700.0,543783,2722.0,580,2720.0,77,2724.0,486,2718.0,1028,2726.0,485,2716.0,1313,2728.0,1164,2714.0,579,2730.0,4627,2712.0,879
1597988280621129984,1597988280933000192,2020-08-21 13:38:00.933000,2720.0,2734.0,2670.0,2694.0,nan,2704.062803,535933,14491964900.0,543783,2722.0,580,2720.0,72,2724.0,486,2718.0,1028,2726.0,485,2716.0,1313,2728.0,1164,2714.0,579,2730.0,4627,2712.0,879
1597988281135360000,1597988281405999872,2020-08-21 13:38:01.406000,2720.0,2734.0,2670.0,2694.0,nan,2704.062832,535934,14491992100.0,543782,2722.0,613,2720.0,72,2724.0,487,2718.0,1027,2726.0,486,2716.0,1313,2728.0,1168,2714.0,579,2730.0,4627,2712.0,879
1597988281619343104,1597988281924999936,2020-08-21 13:38:01.925000,2722.0,2734.0,2670.0,2694.0,nan,2704.062866,535935,14492019320.0,543782,2722.0,612,2720.0,71,2724.0,487,2718.0,1026,2726.0,486,2716.0,1313,2728.0,1168,2714.0,579,2730.0,4627,2712.0,879
1597988282154265088,1597988282423000064,2020-08-21 13:38:02.423000,2722.0,2734.0,2670.0,2694.0,nan,2704.062899,535936,14492046540.0,543782,2722.0,612,2720.0,93,2724.0,487,2718.0,1026,2726.0,486,2716.0,1313,2728.0,1169,2714.0,579,2730.0,4627,2712.0,879
1597988282628456960,1597988282935000064,2020-08-21 13:38:02.935000,2722.0,2734.0,2670.0,2694.0,nan,2704.062899,535936,14492046540.0,543782,2722.0,614,2720.0,106,2724.0,487,2718.0,1026,2726.0,486,2716.0,1313,2728.0,1169,2714.0,579,2730.0,4627,2712.0,879
1597988283125496064,1597988283430000128,2020-08-21 13:38:03.430000,2722.0,2734.0,2670.0,2694.0,nan,2704.062899,535936,14492046540.0,543782,2722.0,614,2720.0,110,2724.0,487,2718.0,1027,2726.0,486,2716.0,1313,2728.0,1169,2714.0,579,2730.0,4627,2712.0,879
1597988283635150080,1597988283913000192,2020-08-21 13:38:03.913000,2720.0,2734.0,2670.0,2694.0,nan,2704.066051,536042,14494929740.0,543745,2720.0,114,2718.0,1028,2722.0,626,2716.0,1313,2724.0,487,2714.0,579,2726.0,486,2712.0,879,2728.0,1169,2710.0,878
1597988284131500032,1597988284435000064,2020-08-21 13:38:04.435000,2720.0,2734.0,2670.0,2694.0,nan,2704.066259,536049,14495120140.0,543739,2720.0,241,2718.0,1039,2722.0,539,2716.0,1313,2724.0,487,2714.0,578,2726.0,486,2712.0,881,2728.0,1170,2710.0,886
1597988284620698112,1597988284932000000,2020-08-21 13:38:04.932000,2720.0,2734.0,2670.0,2694.0,nan,2704.066348,536052,14495201740.0,543738,2720.0,294,2718.0,1044,2722.0,544,2716.0,1313,2724.0,492,2714.0,578,2726.0,486,2712.0,829,2728.0,1170,2710.0,886
1597988285127688960,1597988285413000192,2020-08-21 13:38:05.413000,2720.0,2734.0,2670.0,2694.0,nan,2704.066378,536053,14495228940.0,543738,2720.0,293,2718.0,1045,2722.0,544,2716.0,1307,2724.0,493,2714.0,584,2726.0,486,2712.0,829,2728.0,1170,2710.0,886
1597988285626073088,1597988285937999872,2020-08-21 13:38:05.938000,2720.0,2734.0,2670.0,2694.0,nan,2704.066378,536053,14495228940.0,543738,2720.0,336,2718.0,1045,2722.0,544,2716.0,1305,2724.0,493,2714.0,584,2726.0,486,2712.0,829,2728.0,1170,2710.0,886
1597988286149417984,1597988286428000000,2020-08-21 13:38:06.428000,2720.0,2734.0,2670.0,2694.0,nan,2704.066407,536054,14495256140.0,543738,2720.0,336,2718.0,1041,2722.0,544,2716.0,1305,2724.0,493,2714.0,584,2726.0,486,2712.0,829,2728.0,1170,2710.0,888
1597988286633821952,1597988286936000000,2020-08-21 13:38:06.936000,2718.0,2734.0,2670.0,2694.0,nan,2704.066459,536056,14495310500.0,543736,2720.0,338,2718.0,1040,2722.0,544,2716.0,1305,2724.0,493,2714.0,584,2726.0,487,2712.0,829,2728.0,1170,2710.0,888
1597988287130962944,1597988287435000064,2020-08-21 13:38:07.435000,2720.0,2734.0,2670.0,2694.0,nan,2704.067017,536075,14495827260.0,543718,2720.0,322,2718.0,1039,2722.0,544,2716.0,1305,2724.0,493,2714.0,584,2726.0,487,2712.0,829,2728.0,1170,2710.0,888
1597988287623480064,1597988287937999872,2020-08-21 13:38:07.938000,2720.0,2734.0,2670.0,2694.0,nan,2704.067221,536082,14496017640.0,543712,2720.0,316,2718.0,1038,2722.0,544,2716.0,1305,2724.0,493,2714.0,584,2726.0,487,2712.0,829,2728.0,1170,2710.0,888
1597988288152252928,1597988288436999936,2020-08-21 13:38:08.437000,2718.0,2734.0,2670.0,2694.0,nan,2704.067277,536084,14496072020.0,543712,2720.0,316,2718.0,1038,2722.0,544,2716.0,1305,2724.0,493,2714.0,584,2726.0,487,2712.0,829,2728.0,1169,2710.0,888
1597988288609923072,1597988288913000192,2020-08-21 13:38:08.913000,2720.0,2734.0,2670.0,2694.0,nan,2704.067455,536090,14496235220.0,543715,2720.0,310,2718.0,1036,2722.0,543,2716.0,1305,2724.0,493,2714.0,584,2726.0,487,2712.0,829,2728.0,1168,2710.0,888
1597988289133232128,1597988289432000000,2020-08-21 13:38:09.432000,2720.0,2734.0,2670.0,2694.0,nan,2704.067455,536090,14496235220.0,543715,2720.0,310,2718.0,1037,2722.0,543,2716.0,1305,2724.0,493,2714.0,584,2726.0,487,2712.0,829,2728.0,1168,2710.0,888
1597988289636877056,1597988289911000064,2020-08-21 13:38:09.911000,2718.0,2734.0,2670.0,2694.0,nan,2704.067975,536110,14496778820.0,543695,2720.0,311,2718.0,1018,2722.0,543,2716.0,1315,2724.0,494,2714.0,584,2726.0,487,2712.0,829,2728.0,1168,2710.0,888
1597988290120594944,1597988290417999872,2020-08-21 13:38:10.418000,2720.0,2734.0,2670.0,2694.0,nan,2704.068272,536121,14497077860.0,543696,2720.0,308,2718.0,1010,2722.0,543,2716.0,1315,2724.0,494,2714.0,595,2726.0,487,2712.0,829,2728.0,1168,2710.0,888
1597988290603710976,1597988290931000064,2020-08-21 13:38:10.931000,2718.0,2734.0,2670.0,2694.0,nan,2704.068948,536147,14497784540.0,543671,2720.0,308,2718.0,984,2722.0,544,2716.0,1315,2724.0,487,2714.0,595,2726.0,507,2712.0,829,2728.0,1148,2710.0,888
1597988291124151040,1597988291432000000,2020-08-21 13:38:11.432000,2718.0,2734.0,2670.0,2694.0,nan,2704.068973,536148,14497811720.0,543670,2720.0,418,2718.0,983,2722.0,544,2716.0,1365,2724.0,487,2714.0,595,2726.0,507,2712.0,829,2728.0,1148,2710.0,888
1597988291626188032,1597988291936000000,2020-08-21 13:38:11.936000,2720.0,2734.0,2670.0,2694.0,nan,2704.069033,536150,14497866120.0,543672,2720.0,429,2718.0,994,2722.0,544,2716.0,1365,2724.0,487,2714.0,595,2726.0,507,2712.0,829,2728.0,1148,2710.0,888
1597988292159568896,1597988292436999936,2020-08-21 13:38:12.437000,2718.0,2734.0,2670.0,2694.0,nan,2704.069059,536151,14497893300.0,543671,2720.0,430,2718.0,993,2722.0,544,2716.0,1365,2724.0,487,2714.0,595,2726.0,507,2712.0,829,2728.0,1147,2710.0,888
1597988292627074048,1597988292936000000,2020-08-21 13:38:12.936000,2718.0,2734.0,2670.0,2694.0,nan,2704.069085,536152,14497920480.0,543670,2720.0,429,2718.0,994,2722.0,544,2716.0,1365,2724.0,487,2714.0,595,2726.0,511,2712.0,829,2728.0,1146,2710.0,888
1597988293127569920,1597988293428000000,2020-08-21 13:38:13.428000,2718.0,2734.0,2670.0,2694.0,nan,2704.069111,536153,14497947660.0,543670,2720.0,423,2718.0,993,2722.0,544,2716.0,1365,2724.0,487,2714.0,595,2726.0,510,2712.0,829,2728.0,1146,2710.0,892
1597988293605178112,1597988293931000064,2020-08-21 13:38:13.931000,2718.0,2734.0,2670.0,2694.0,nan,2704.069137,536154,14497974840.0,543669,2720.0,424,2718.0,992,2722.0,544,2716.0,1365,2724.0,487,2714.0,595,2726.0,510,2712.0,829,2728.0,1146,2710.0,892
1597988294147081984,1597988294430000128,2020-08-21 13:38:14.430000,2718.0,2734.0,2670.0,2694.0,nan,2704.069601,536170,14498409980.0,543675,2720.0,441,2718.0,990,2722.0,544,2716.0,1365,2724.0,487,2714.0,595,2726.0,510,2712.0,829,2728.0,1146,2710.0,892
1597988294613522944,1597988294933000192,2020-08-21 13:38:14.933000,2718.0,2734.0,2670.0,2694.0,nan,2704.069601,536170,14498409980.0,543675,2720.0,441,2718.0,991,2722.0,544,2716.0,1365,2724.0,487,2714.0,595,2726.0,510,2712.0,829,2728.0,1146,2710.0,892
1597988295176856064,1597988295438999808,2020-08-21 13:38:15.439000,2718.0,2734.0,2670.0,2694.0,nan,2704.069731,536175,14498545880.0,543675,2720.0,443,2718.0,961,2722.0,544,2716.0,1365,2724.0,487,2714.0,595,2726.0,511,2712.0,829,2728.0,1146,2710.0,892
1597988295622477056,1597988295937999872,2020-08-21 13:38:15.938000,2718.0,2734.0,2670.0,2694.0,nan,2704.069783,536177,14498600240.0,543673,2720.0,443,2718.0,981,2722.0,544,2716.0,1365,2724.0,487,2714.0,595,2726.0,511,2712.0,829,2728.0,1146,2710.0,892
1597988296131137024,1597988296431000064,2020-08-21 13:38:16.431000,2720.0,2734.0,2670.0,2694.0,nan,2704.069872,536180,14498681840.0,543672,2720.0,441,2718.0,1007,2722.0,544,2716.0,1315,2724.0,487,2714.0,645,2726.0,511,2712.0,829,2728.0,1146,2710.0,891
1597988296630064896,1597988296903000064,2020-08-21 13:38:16.903000,2720.0,2734.0,2670.0,2694.0,nan,2704.069872,536180,14498681840.0,543672,2720.0,441,2718.0,1008,2722.0,544,2716.0,1315,2724.0,487,2714.0,645,2726.0,511,2712.0,829,2728.0,1146,2710.0,891
1597988297161349888,1597988297424999936,2020-08-21 13:38:17.425000,2718.0,2734.0,2670.0,2694.0,nan,2704.069898,536181,14498709020.0,543671,2720.0,441,2718.0,1006,2722.0,544,2716.0,1315,2724.0,487,2714.0,645,2726.0,512,2712.0,829,2728.0,1146,2710.0,891
1597988297628674048,1597988297937999872,2020-08-21 13:38:17.938000,2718.0,2734.0,2670.0,2694.0,nan,2704.070217,536193,14499035220.0,543663,2720.0,441,2718.0,997,2722.0,544,2716.0,1315,2724.0,487,2714.0,645,2726.0,512,2712.0,829,2728.0,1146,2710.0,891
1597988298139867904,1597988298433000192,2020-08-21 13:38:18.433000,2718.0,2734.0,2670.0,2694.0,nan,2704.070399,536200,14499225480.0,543657,2720.0,440,2718.0,991,2722.0,544,2716.0,1316,2724.0,487,2714.0,645,2726.0,512,2712.0,829,2728.0,1146,2710.0,891
1597988298628425984,1597988298876000000,2020-08-21 13:38:18.876000,2718.0,2734.0,2670.0,2694.0,nan,2704.070529,536205,14499361380.0,543652,2720.0,440,2718.0,986,2722.0,544,2716.0,1316,2724.0,487,2714.0,645,2726.0,512,2712.0,829,2728.0,1146,2710.0,891
1597988299136876032,1597988299417999872,2020-08-21 13:38:19.418000,2720.0,2734.0,2670.0,2694.0,nan,2704.070618,536208,14499442980.0,543655,2720.0,449,2718.0,986,2722.0,544,2716.0,1316,2724.0,488,2714.0,645,2726.0,512,2712.0,829,2728.0,1146,2710.0,891
1597988299628372992,1597988299933000192,2020-08-21 13:38:19.933000,2720.0,2734.0,2670.0,2694.0,nan,2704.070648,536209,14499470180.0,543655,2720.0,448,2718.0,987,2722.0,545,2716.0,1318,2724.0,488,2714.0,645,2726.0,512,2712.0,835,2728.0,1146,2710.0,891
1597988300162384896,1597988300418999808,2020-08-21 13:38:20.419000,2720.0,2734.0,2670.0,2694.0,nan,2704.070648,536209,14499470180.0,543655,2720.0,448,2718.0,987,2722.0,545,2716.0,1318,2724.0,488,2714.0,646,2726.0,512,2712.0,835,2728.0,1146,2710.0,891
1597988300623066880,1597988300936999936,2020-08-21 13:38:20.937000,2718.0,2734.0,2670.0,2694.0,nan,2704.07096,536221,14499796340.0,543655,2720.0,448,2718.0,975,2722.0,545,2716.0,1318,2724.0,488,2714.0,646,2726.0,512,2712.0,835,2728.0,1146,2710.0,891
1597988301699928064,1597988301433000192,2020-08-21 13:38:21.433000,2720.0,2734.0,2670.0,2694.0,nan,2704.071568,536244,14500421540.0,543635,2720.0,447,2718.0,955,2722.0,545,2716.0,1318,2724.0,488,2714.0,646,2726.0,512,2712.0,836,2728.0,1146,2710.0,886
1597988302031276032,1597988301933000192,2020-08-21 13:38:21.933000,2720.0,2734.0,2670.0,2694.0,nan,2704.071568,536244,14500421540.0,543635,2720.0,464,2718.0,956,2722.0,545,2716.0,1318,2724.0,488,2714.0,646,2726.0,512,2712.0,836,2728.0,1146,2710.0,886
1597988302147504128,1597988302412000000,2020-08-21 13:38:22.412000,2720.0,2734.0,2670.0,2694.0,nan,2704.071598,536245,14500448740.0,543636,2720.0,463,2718.0,957,2722.0,545,2716.0,1319,2724.0,488,2714.0,646,2726.0,512,2712.0,839,2728.0,1145,2710.0,886
1597988302638193920,1597988302926000128,2020-08-21 13:38:22.926000,2718.0,2734.0,2670.0,2694.0,nan,2704.071702,536249,14500557460.0,543636,2720.0,463,2718.0,956,2722.0,545,2716.0,1319,2724.0,488,2714.0,646,2726.0,512,2712.0,839,2728.0,1145,2710.0,886
1597988303124623104,1597988303428000000,2020-08-21 13:38:23.428000,2720.0,2734.0,2670.0,2694.0,nan,2704.071939,536258,14500802100.0,543628,2720.0,462,2718.0,948,2722.0,545,2716.0,1319,2724.0,488,2714.0,646,2726.0,512,2712.0,839,2728.0,1145,2710.0,886
1597988303605923072,1597988303917999872,2020-08-21 13:38:23.918000,2720.0,2734.0,2670.0,2694.0,nan,2704.071939,536258,14500802100.0,543628,2720.0,495,2718.0,949,2722.0,545,2716.0,1319,2724.0,488,2714.0,646,2726.0,512,2712.0,839,2728.0,1145,2710.0,886
1597988304168230912,1597988304435000064,2020-08-21 13:38:24.435000,2720.0,2734.0,2670.0,2694.0,nan,2704.071939,536258,14500802100.0,543628,2720.0,496,2718.0,950,2722.0,546,2716.0,1319,2724.0,489,2714.0,646,2726.0,512,2712.0,839,2728.0,1145,2710.0,886
1597988304640550912,1597988304928999936,2020-08-21 13:38:24.929000,2720.0,2734.0,2670.0,2694.0,nan,2704.071939,536258,14500802100.0,543628,2720.0,496,2718.0,950,2722.0,546,2716.0,1319,2724.0,489,2714.0,646,2726.0,509,2712.0,839,2728.0,1145,2710.0,886
1597988305117028096,1597988305433000192,2020-08-21 13:38:25.433000,2720.0,2734.0,2670.0,2694.0,nan,2704.071939,536258,14500802100.0,543628,2720.0,496,2718.0,952,2722.0,546,2716.0,1319,2724.0,489,2714.0,646,2726.0,509,2712.0,839,2728.0,1147,2710.0,886
1597988305624176896,1597988305936999936,2020-08-21 13:38:25.937000,2720.0,2734.0,2670.0,2694.0,nan,2704.077907,536459,14506269300.0,543496,2720.0,295,2718.0,956,2722.0,546,2716.0,1319,2724.0,489,2714.0,646,2726.0,509,2712.0,839,2728.0,1147,2710.0,886
1597988306152166912,1597988306417999872,2020-08-21 13:38:26.418000,2720.0,2734.0,2670.0,2694.0,nan,2704.086895,536762,14514510900.0,543544,2722.0,546,2720.0,122,2724.0,499,2718.0,999,2726.0,509,2716.0,1319,2728.0,1147,2714.0,647,2730.0,4677,2712.0,839
1597988306619141120,1597988306932000000,2020-08-21 13:38:26.932000,2720.0,2734.0,2670.0,2694.0,nan,2704.086954,536764,14514565300.0,543544,2722.0,571,2720.0,191,2724.0,511,2718.0,1007,2726.0,510,2716.0,1320,2728.0,1147,2714.0,647,2730.0,4677,2712.0,839
1597988307117196032,1597988307413000192,2020-08-21 13:38:27.413000,2720.0,2734.0,2670.0,2694.0,nan,2704.086984,536765,14514592500.0,543544,2722.0,568,2720.0,188,2724.0,511,2718.0,1004,2726.0,510,2716.0,1320,2728.0,1147,2714.0,647,2730.0,4677,2712.0,839
1597988307611853056,1597988307923000064,2020-08-21 13:38:27.923000,2720.0,2734.0,2670.0,2694.0,nan,2704.087251,536774,14514837300.0,543544,2722.0,568,2720.0,172,2724.0,511,2718.0,1005,2726.0,510,2716.0,1310,2728.0,1146,2714.0,647,2730.0,4677,2712.0,839
1597988308126424064,1597988308432000000,2020-08-21 13:38:28.432000,2720.0,2734.0,2670.0,2694.0,nan,2704.087369,536778,14514946100.0,543541,2722.0,568,2720.0,197,2724.0,511,2718.0,1018,2726.0,510,2716.0,1321,2728.0,1146,2714.0,647,2730.0,4677,2712.0,839
1597988308636956928,1597988308936999936,2020-08-21 13:38:28.937000,2720.0,2734.0,2670.0,2694.0,nan,2704.087458,536781,14515027700.0,543541,2722.0,566,2720.0,205,2724.0,511,2718.0,1028,2726.0,510,2716.0,1321,2728.0,1146,2714.0,647,2730.0,4677,2712.0,839
1597988309127362048,1597988309437999872,2020-08-21 13:38:29.438000,2720.0,2734.0,2670.0,2694.0,nan,2704.087488,536782,14515054900.0,543540,2722.0,586,2720.0,206,2724.0,511,2718.0,1028,2726.0,510,2716.0,1321,2728.0,1146,2714.0,647,2730.0,4657,2712.0,838
1597988309712448000,1597988309937999872,2020-08-21 13:38:29.938000,2720.0,2734.0,2670.0,2694.0,nan,2704.088051,536801,14515571700.0,543522,2722.0,586,2720.0,192,2724.0,501,2718.0,1029,2726.0,510,2716.0,1322,2728.0,1146,2714.0,647,2730.0,4657,2712.0,838
1597988310215116032,1597988310433000192,2020-08-21 13:38:30.433000,2722.0,2734.0,2670.0,2694.0,nan,2704.088085,536802,14515598920.0,543521,2722.0,585,2720.0,193,2724.0,502,2718.0,1029,2726.0,510,2716.0,1322,2728.0,1146,2714.0,647,2730.0,4657,2712.0,838
1597988310623480064,1597988310916000000,2020-08-21 13:38:30.916000,2720.0,2734.0,2670.0,2694.0,nan,2704.088796,536826,14516251720.0,543518,2722.0,585,2720.0,171,2724.0,507,2718.0,1030,2726.0,510,2716.0,1322,2728.0,1145,2714.0,647,2730.0,4657,2712.0,838
1597988311116508928,1597988311407000064,2020-08-21 13:38:31.407000,2720.0,2734.0,2670.0,2694.0,nan,2704.088859,536828,14516306140.0,543520,2722.0,585,2720.0,175,2724.0,507,2718.0,1032,2726.0,510,2716.0,1322,2728.0,1145,2714.0,647,2730.0,4657,2712.0,838
1597988311610878976,1597988311936000000,2020-08-21 13:38:31.936000,2720.0,2734.0,2670.0,2694.0,nan,2704.089155,536838,14516578140.0,543520,2722.0,586,2720.0,165,2724.0,507,2718.0,1030,2726.0,510,2716.0,1321,2728.0,1145,2714.0,647,2730.0,4657,2712.0,838
1597988312149512960,1597988312436999936,2020-08-21 13:38:32.437000,2720.0,2734.0,2670.0,2694.0,nan,2704.089185,536839,14516605340.0,543521,2722.0,617,2720.0,165,2724.0,521,2718.0,1030,2726.0,510,2716.0,1321,2728.0,1145,2714.0,657,2730.0,4662,2712.0,838
1597988312631606016,1597988312916999936,2020-08-21 13:38:32.917000,2720.0,2734.0,2670.0,2694.0,nan,2704.089185,536839,14516605340.0,543521,2722.0,618,2720.0,165,2724.0,522,2718.0,1030,2726.0,510,2716.0,1321,2728.0,1145,2714.0,657,2730.0,4662,2712.0,838
1597988313129864960,1597988313424000000,2020-08-21 13:38:33.424000,2720.0,2734.0,2670.0,2694.0,nan,2704.089215,536840,14516632540.0,543522,2722.0,619,2720.0,127,2724.0,522,2718.0,1027,2726.0,510,2716.0,1316,2728.0,1147,2714.0,657,2730.0,4662,2712.0,833
1597988313609381120,1597988313927000064,2020-08-21 13:38:33.927000,2720.0,2734.0,2670.0,2694.0,nan,2704.089274,536842,14516686940.0,543522,2722.0,619,2720.0,114,2724.0,522,2718.0,1028,2726.0,510,2716.0,1317,2728.0,1147,2714.0,662,2730.0,4662,2712.0,833
1597988314125296896,1597988314420999936,2020-08-21 13:38:34.421000,2720.0,2734.0,2670.0,2694.0,nan,2704.08957,536852,14516958940.0,543522,2722.0,619,2720.0,105,2724.0,522,2718.0,1028,2726.0,510,2716.0,1317,2728.0,1147,2714.0,663,2730.0,4662,2712.0,833
1597988314626268928,1597988314897000192,2020-08-21 13:38:34.897000,2720.0,2734.0,2670.0,2694.0,nan,2704.0896,536853,14516986140.0,543522,2722.0,621,2720.0,133,2724.0,522,2718.0,1028,2726.0,510,2716.0,1317,2728.0,1147,2714.0,663,2730.0,4662,2712.0,833
1597988315163595008,1597988315403000064,2020-08-21 13:38:35.403000,2720.0,2734.0,2670.0,2694.0,nan,2704.0896,536853,14516986140.0,543522,2722.0,622,2720.0,135,2724.0,522,2718.0,1030,2726.0,510,2716.0,1317,2728.0,1147,2714.0,663,2730.0,4662,2712.0,833
1597988315710522112,1597988315878000128,2020-08-21 13:38:35.878000,2720.0,2734.0,2670.0,2694.0,nan,2704.089659,536855,14517040540.0,543524,2722.0,622,2720.0,133,2724.0,523,2718.0,1030,2726.0,510,2716.0,1317,2728.0,1146,2714.0,663,2730.0,4664,2712.0,833
1597988316145967104,1597988316420000000,2020-08-21 13:38:36.420000,2720.0,2734.0,2670.0,2694.0,nan,2704.089689,536856,14517067740.0,543525,2722.0,622,2720.0,132,2724.0,522,2718.0,1031,2726.0,510,2716.0,1317,2728.0,1145,2714.0,663,2730.0,4664,2712.0,833
1597988316623238912,1597988316920999936,2020-08-21 13:38:36.921000,2720.0,2734.0,2670.0,2694.0,nan,2704.089718,536857,14517094940.0,543525,2722.0,622,2720.0,137,2724.0,524,2718.0,1031,2726.0,510,2716.0,1317,2728.0,1145,2714.0,663,2730.0,4664,2712.0,833
1597988317127319040,1597988317431000064,2020-08-21 13:38:37.431000,2720.0,2734.0,2670.0,2694.0,nan,2704.089896,536863,14517258140.0,543525,2722.0,622,2720.0,131,2724.0,524,2718.0,1031,2726.0,510,2716.0,1315,2728.0,1147,2714.0,663,2730.0,4664,2712.0,833
1597988317645466112,1597988317900999936,2020-08-21 13:38:37.901000,2720.0,2734.0,2670.0,2694.0,nan,2704.090489,536883,14517802140.0,543525,2722.0,622,2720.0,111,2724.0,524,2718.0,1042,2726.0,510,2716.0,1315,2728.0,1147,2714.0,663,2730.0,4662,2712.0,833
1597988318154497024,1597988318716000000,2020-08-21 13:38:38.716000,2720.0,2734.0,2670.0,2694.0,nan,2704.090489,536883,14517802140.0,543525,2722.0,622,2720.0,132,2724.0,524,2718.0,1041,2726.0,510,2716.0,1315,2728.0,1148,2714.0,663,2730.0,4662,2712.0,833
1597988318615980032,1597988318931000064,2020-08-21 13:38:38.931000,2720.0,2734.0,2670.0,2694.0,nan,2704.090519,536884,14517829340.0,543526,2722.0,622,2720.0,187,2724.0,524,2718.0,1041,2726.0,510,2716.0,1315,2728.0,1148,2714.0,663,2730.0,4662,2712.0,833
1597988319140179968,1597988319404000000,2020-08-21 13:38:39.404000,2720.0,2734.0,2670.0,2694.0,nan,2704.090845,536895,14518128540.0,543524,2722.0,622,2720.0,196,2724.0,524,2718.0,1041,2726.0,510,2716.0,1315,2728.0,1148,2714.0,663,2730.0,4662,2712.0,833
1597988319628709888,1597988319927000064,2020-08-21 13:38:39.927000,2722.0,2734.0,2670.0,2694.0,nan,2704.091174,536906,14518427760.0,543515,2722.0,621,2720.0,200,2724.0,524,2718.0,1043,2726.0,510,2716.0,1315,2728.0,1148,2714.0,663,2730.0,4662,2712.0,834
1597988320140721920,1597988320428999936,2020-08-21 13:38:40.429000,2720.0,2734.0,2670.0,2694.0,nan,2704.091263,536909,14518509360.0,543515,2722.0,620,2720.0,199,2724.0,524,2718.0,1043,2726.0,510,2716.0,1315,2728.0,1148,2714.0,663,2730.0,4662,2712.0,834
1597988320612523008,1597988320934000128,2020-08-21 13:38:40.934000,2720.0,2734.0,2670.0,2694.0,nan,2704.091263,536909,14518509360.0,543515,2722.0,622,2720.0,172,2724.0,524,2718.0,1048,2726.0,510,2716.0,1315,2728.0,1148,2714.0,663,2730.0,4662,2712.0,834
1597988321138952960,1597988321436999936,2020-08-21 13:38:41.437000,2720.0,2734.0,2670.0,2694.0,nan,2704.091263,536909,14518509360.0,543515,2722.0,622,2720.0,183,2724.0,524,2718.0,1049,2726.0,510,2716.0,1315,2728.0,1148,2714.0,663,2730.0,4662,2712.0,834
1597988321611471104,1597988321938999808,2020-08-21 13:38:41.939000,2720.0,2734.0,2670.0,2694.0,nan,2704.091263,536909,14518509360.0,543515,2722.0,622,2720.0,190,2724.0,524,2718.0,1064,2726.0,510,2716.0,1315,2728.0,1148,2714.0,663,2730.0,4663,2712.0,835
1597988322166313984,1597988322426000128,2020-08-21 13:38:42.426000,2720.0,2734.0,2670.0,2694.0,nan,2704.091263,536909,14518509360.0,543515,2722.0,622,2720.0,202,2724.0,524,2718.0,1064,2726.0,510,2716.0,1315,2728.0,1148,2714.0,663,2730.0,4663,2712.0,835
1597988322610454016,1597988322928999936,2020-08-21 13:38:42.929000,2720.0,2734.0,2670.0,2694.0,nan,2704.091263,536909,14518509360.0,543515,2722.0,622,2720.0,208,2724.0,524,2718.0,1064,2726.0,511,2716.0,1315,2728.0,1148,2714.0,644,2730.0,4663,2712.0,835
1597988323123237888,1597988323428999936,2020-08-21 13:38:43.429000,2720.0,2734.0,2670.0,2694.0,nan,2704.091263,536909,14518509360.0,543515,2722.0,622,2720.0,208,2724.0,525,2718.0,1064,2726.0,511,2716.0,1315,2728.0,1148,2714.0,644,2730.0,4663,2712.0,835
1597988323627866880,1597988323924999936,2020-08-21 13:38:43.925000,2720.0,2734.0,2670.0,2694.0,nan,2704.091293,536910,14518536560.0,543516,2722.0,622,2720.0,207,2724.0,525,2718.0,1064,2726.0,511,2716.0,1315,2728.0,1149,2714.0,644,2730.0,4663,2712.0,835
1597988324140293120,1597988324424999936,2020-08-21 13:38:44.425000,2720.0,2734.0,2670.0,2694.0,nan,2704.091293,536910,14518536560.0,543516,2722.0,642,2720.0,195,2724.0,525,2718.0,1064,2726.0,511,2716.0,1315,2728.0,1149,2714.0,644,2730.0,4663,2712.0,835
1597988324628645888,1597988324895000064,2020-08-21 13:38:44.895000,2720.0,2734.0,2670.0,2694.0,nan,2704.091352,536912,14518590960.0,543518,2722.0,644,2720.0,179,2724.0,525,2718.0,1064,2726.0,511,2716.0,1316,2728.0,1149,2714.0,644,2730.0,4663,2712.0,835
1597988325144118016,1597988325424000000,2020-08-21 13:38:45.424000,2720.0,2734.0,2670.0,2694.0,nan,2704.096328,537080,14523160560.0,543573,2720.0,64,2718.0,1065,2722.0,646,2716.0,1316,2724.0,525,2714.0,644,2726.0,511,2712.0,835,2728.0,1149,2710.0,893
1597988325683441920,1597988326224000000,2020-08-21 13:38:46.224000,2720.0,2734.0,2670.0,2694.0,nan,2704.096328,537080,14523160560.0,543573,2720.0,150,2718.0,1053,2722.0,640,2716.0,1316,2724.0,525,2714.0,644,2726.0,511,2712.0,835,2728.0,1149,2710.0,891
1597988326155286016,1597988326413000192,2020-08-21 13:38:46.413000,2720.0,2734.0,2670.0,2694.0,nan,2704.096328,537080,14523160560.0,543573,2720.0,164,2718.0,1051,2722.0,640,2716.0,1316,2724.0,525,2714.0,644,2726.0,521,2712.0,835,2728.0,1149,2710.0,891
1597988326743271936,1597988326921999872,2020-08-21 13:38:46.922000,2720.0,2734.0,2670.0,2694.0,nan,2704.096506,537086,14523323760.0,543574,2720.0,158,2718.0,1051,2722.0,640,2716.0,1316,2724.0,525,2714.0,644,2726.0,521,2712.0,835,2728.0,1149,2710.0,891
1597988327327746048,1597988327434000128,2020-08-21 13:38:47.434000,2720.0,2734.0,2670.0,2694.0,nan,2704.096761,537095,14523568500.0,543569,2720.0,155,2718.0,1049,2722.0,640,2716.0,1316,2724.0,525,2714.0,645,2726.0,521,2712.0,835,2728.0,1149,2710.0,891
1597988327639133952,1597988327936999936,2020-08-21 13:38:47.937000,2720.0,2734.0,2670.0,2694.0,nan,2704.09685,537098,14523650100.0,543566,2720.0,152,2718.0,1051,2722.0,640,2716.0,1326,2724.0,525,2714.0,645,2726.0,521,2712.0,835,2728.0,1149,2710.0,891
1597988328197544960,1597988328431000064,2020-08-21 13:38:48.431000,2720.0,2734.0,2670.0,2694.0,nan,2704.09685,537098,14523650100.0,543566,2720.0,152,2718.0,1051,2722.0,640,2716.0,1327,2724.0,525,2714.0,645,2726.0,522,2712.0,835,2728.0,1149,2710.0,891
1597988328686441984,1597988328881999872,2020-08-21 13:38:48.882000,2720.0,2734.0,2670.0,2694.0,nan,2704.096909,537100,14523704500.0,543566,2720.0,150,2718.0,1052,2722.0,640,2716.0,1332,2724.0,525,2714.0,653,2726.0,522,2712.0,835,2728.0,1149,2710.0,891
1597988329642895104,1597988329930000128,2020-08-21 13:38:49.930000,2720.0,2734.0,2670.0,2694.0,nan,2704.097205,537110,14523976500.0,543566,2720.0,140,2718.0,1052,2722.0,640,2716.0,1335,2724.0,525,2714.0,653,2726.0,522,2712.0,835,2728.0,1149,2710.0,888
1597988330140408064,1597988330434000128,2020-08-21 13:38:50.434000,2720.0,2734.0,2670.0,2694.0,nan,2704.097205,537110,14523976500.0,543566,2720.0,121,2718.0,1051,2722.0,640,2716.0,1335,2724.0,525,2714.0,653,2726.0,522,2712.0,835,2728.0,1149,2710.0,888
1597988330653925120,1597988330931000064,2020-08-21 13:38:50.931000,2720.0,2734.0,2670.0,2694.0,nan,2704.097205,537110,14523976500.0,543566,2720.0,121,2718.0,1052,2722.0,640,2716.0,1335,2724.0,525,2714.0,650,2726.0,524,2712.0,835,2728.0,1149,2710.0,888
1597988331136286976,1597988331408000000,2020-08-21 13:38:51.408000,2720.0,2734.0,2670.0,2694.0,nan,2704.097501,537120,14524248500.0,543566,2720.0,153,2718.0,1052,2722.0,640,2716.0,1335,2724.0,526,2714.0,650,2726.0,524,2712.0,835,2728.0,1149,2710.0,888
1597988331649529088,1597988331923000064,2020-08-21 13:38:51.923000,2718.0,2734.0,2670.0,2694.0,nan,2704.097646,537125,14524384480.0,543569,2720.0,157,2718.0,1052,2722.0,640,2716.0,1335,2724.0,526,2714.0,650,2726.0,524,2712.0,835,2728.0,1149,2710.0,888
1597988332193327104,1597988332427000064,2020-08-21 13:38:52.427000,2718.0,2734.0,2670.0,2694.0,nan,2704.097672,537126,14524411660.0,543569,2720.0,157,2718.0,1049,2722.0,640,2716.0,1337,2724.0,526,2714.0,650,2726.0,524,2712.0,835,2728.0,1149,2710.0,888
1597988332700197888,1597988332932000000,2020-08-21 13:38:52.932000,2720.0,2734.0,2670.0,2694.0,nan,2704.097761,537129,14524493260.0,543569,2720.0,154,2718.0,1051,2722.0,640,2716.0,1335,2724.0,526,2714.0,650,2726.0,524,2712.0,834,2728.0,1149,2710.0,888
1597988333163879936,1597988333436000000,2020-08-21 13:38:53.436000,2718.0,2734.0,2670.0,2694.0,nan,2704.098097,537142,14524846600.0,543556,2720.0,154,2718.0,1038,2722.0,640,2716.0,1335,2724.0,526,2714.0,650,2726.0,524,2712.0,834,2728.0,1149,2710.0,888
1597988333676535040,1597988333913000192,2020-08-21 13:38:53.913000,2718.0,2734.0,2670.0,2694.0,nan,2704.098097,537142,14524846600.0,543556,2720.0,170,2718.0,1039,2722.0,636,2716.0,1336,2724.0,526,2714.0,650,2726.0,524,2712.0,834,2728.0,1149,2710.0,888
1597988334143404032,1597988334436000000,2020-08-21 13:38:54.436000,2718.0,2734.0,2670.0,2694.0,nan,2704.098123,537143,14524873780.0,543555,2720.0,203,2718.0,1038,2722.0,636,2716.0,1336,2724.0,527,2714.0,650,2726.0,524,2712.0,834,2728.0,1149,2710.0,888
1597988334618569984,1597988334927000064,2020-08-21 13:38:54.927000,2718.0,2734.0,2670.0,2694.0,nan,2704.098123,537143,14524873780.0,543555,2720.0,314,2718.0,1043,2722.0,636,2716.0,1336,2724.0,527,2714.0,653,2726.0,525,2712.0,834,2728.0,1149,2710.0,888
1597988335144535040,1597988335376000000,2020-08-21 13:38:55.376000,2720.0,2734.0,2670.0,2694.0,nan,2704.098152,537144,14524900980.0,543555,2720.0,329,2718.0,1043,2722.0,636,2716.0,1336,2724.0,527,2714.0,653,2726.0,525,2712.0,834,2728.0,1149,2710.0,888
1597988336197799936,1597988336403000064,2020-08-21 13:38:56.403000,2720.0,2734.0,2670.0,2694.0,nan,2704.098833,537167,14525526580.0,543561,2720.0,306,2718.0,1043,2722.0,639,2716.0,1336,2724.0,527,2714.0,653,2726.0,525,2712.0,834,2728.0,1148,2710.0,888
1597988336616930048,1597988336936999936,2020-08-21 13:38:56.937000,2720.0,2734.0,2670.0,2694.0,nan,2704.098833,537167,14525526580.0,543561,2720.0,297,2718.0,1049,2722.0,639,2716.0,1336,2724.0,527,2714.0,653,2726.0,525,2712.0,834,2728.0,1148,2710.0,888
1597988337139506944,1597988337416999936,2020-08-21 13:38:57.417000,2718.0,2734.0,2670.0,2694.0,nan,2704.098915,537170,14525608140.0,543561,2720.0,300,2718.0,1047,2722.0,639,2716.0,1336,2724.0,527,2714.0,653,2726.0,525,2712.0,834,2728.0,1148,2710.0,890
1597988337654309120,1597988338216999936,2020-08-21 13:38:58.217000,2720.0,2734.0,2670.0,2694.0,nan,2704.099418,537187,14526070540.0,543557,2720.0,283,2718.0,1047,2722.0,639,2716.0,1336,2724.0,527,2714.0,653,2726.0,525,2712.0,834,2728.0,1149,2710.0,890
1597988338141296128,1597988338428000000,2020-08-21 13:38:58.428000,2720.0,2734.0,2670.0,2694.0,nan,2704.099418,537187,14526070540.0,543557,2720.0,284,2718.0,1047,2722.0,639,2716.0,1336,2724.0,527,2714.0,653,2726.0,525,2712.0,834,2728.0,1149,2710.0,890
1597988338625338880,1597988338928999936,2020-08-21 13:38:58.929000,2720.0,2734.0,2670.0,2694.0,nan,2704.099418,537187,14526070540.0,543557,2720.0,272,2718.0,1049,2722.0,639,2716.0,1336,2724.0,527,2714.0,653,2726.0,525,2712.0,834,2728.0,1149,2710.0,890
1597988339297003008,1597988339424000000,2020-08-21 13:38:59.424000,2720.0,2734.0,2670.0,2694.0,nan,2704.099473,537189,14526124920.0,543558,2720.0,271,2718.0,1048,2722.0,639,2716.0,1336,2724.0,527,2714.0,653,2726.0,525,2712.0,834,2728.0,1149,2710.0,890
1597988339632268032,1597988339934000128,2020-08-21 13:38:59.934000,2718.0,2734.0,2670.0,2694.0,nan,2704.099991,537209,14526668520.0,543538,2720.0,271,2718.0,1028,2722.0,639,2716.0,1336,2724.0,527,2714.0,653,2726.0,525,2712.0,834,2728.0,1149,2710.0,890
1597988340153064960,1597988340432000000,2020-08-21 13:39:00.432000,2718.0,2734.0,2670.0,2694.0,nan,2704.100017,537210,14526695700.0,543538,2720.0,271,2718.0,1027,2722.0,639,2716.0,1336,2724.0,527,2714.0,654,2726.0,525,2712.0,834,2728.0,1151,2710.0,890
1597988340666913024,1597988340924000000,2020-08-21 13:39:00.924000,2718.0,2734.0,2670.0,2694.0,nan,2704.10039,537223,14527049240.0,543540,2720.0,264,2718.0,1024,2722.0,639,2716.0,1336,2724.0,527,2714.0,654,2726.0,525,2712.0,834,2728.0,1151,2710.0,890
1597988341129114112,1597988341415000064,2020-08-21 13:39:01.415000,2720.0,2734.0,2670.0,2694.0,nan,2704.101925,537275,14528463620.0,543561,2720.0,213,2718.0,1023,2722.0,639,2716.0,1336,2724.0,527,2714.0,654,2726.0,525,2712.0,834,2728.0,1151,2710.0,890
1597988341652119040,1597988341936999936,2020-08-21 13:39:01.937000,2718.0,2734.0,2670.0,2694.0,nan,2704.101977,537277,14528517980.0,543561,2720.0,224,2718.0,1022,2722.0,638,2716.0,1336,2724.0,528,2714.0,654,2726.0,525,2712.0,834,2728.0,1151,2710.0,890
1597988342166053888,1597988342688000000,2020-08-21 13:39:02.688000,2720.0,2734.0,2670.0,2694.0,nan,2704.102007,537278,14528545180.0,543560,2720.0,245,2718.0,1024,2722.0,637,2716.0,1336,2724.0,528,2714.0,654,2726.0,525,2712.0,834,2728.0,1148,2710.0,890
1597988342657968128,1597988342924999936,2020-08-21 13:39:02.925000,2718.0,2734.0,2670.0,2694.0,nan,2704.102672,537303,14529224780.0,543549,2720.0,243,2718.0,1007,2722.0,637,2716.0,1336,2724.0,528,2714.0,654,2726.0,525,2712.0,834,2728.0,1148,2710.0,890
1597988343165468928,1597988343668999936,2020-08-21 13:39:03.669000,2720.0,2734.0,2670.0,2694.0,nan,2704.102753,537306,14529306340.0,543549,2720.0,251,2718.0,1006,2722.0,637,2716.0,1336,2724.0,528,2714.0,646,2726.0,576,2712.0,834,2728.0,1148,2710.0,890
1597988343626194944,1597988343936999936,2020-08-21 13:39:03.937000,2720.0,2734.0,2670.0,2694.0,nan,2704.102753,537306,14529306340.0,543549,2720.0,251,2718.0,1012,2722.0,637,2716.0,1336,2724.0,528,2714.0,646,2726.0,577,2712.0,834,2728.0,1148,2710.0,898
1597988344134928896,1597988344374000128,2020-08-21 13:39:04.374000,2720.0,2734.0,2670.0,2694.0,nan,2704.110176,537557,14536133540.0,543641,2722.0,637,2720.0,75,2724.0,528,2718.0,1014,2726.0,577,2716.0,1336,2728.0,1148,2714.0,646,2730.0,4663,2712.0,834
1597988344619684096,1597988344918999808,2020-08-21 13:39:04.919000,2720.0,2734.0,2670.0,2694.0,nan,2704.112718,537643,14538472740.0,543630,2722.0,654,2720.0,78,2724.0,528,2718.0,1024,2726.0,577,2716.0,1336,2728.0,1148,2714.0,647,2730.0,4664,2712.0,833
1597988345194117888,1597988345416999936,2020-08-21 13:39:05.417000,2720.0,2734.0,2670.0,2694.0,nan,2704.112807,537646,14538554340.0,543629,2722.0,679,2720.0,62,2724.0,546,2718.0,1024,2726.0,577,2716.0,1336,2728.0,1148,2714.0,647,2730.0,4672,2712.0,833
1597988345634938880,1597988345923000064,2020-08-21 13:39:05.923000,2720.0,2734.0,2670.0,2694.0,nan,2704.113279,537662,14538989540.0,543629,2722.0,680,2720.0,66,2724.0,547,2718.0,1024,2726.0,577,2716.0,1336,2728.0,1148,2714.0,647,2730.0,4672,2712.0,833
1597988346158809088,1597988346420999936,2020-08-21 13:39:06.421000,2720.0,2734.0,2670.0,2694.0,nan,2704.113309,537663,14539016740.0,543629,2722.0,680,2720.0,65,2724.0,547,2718.0,1024,2726.0,577,2716.0,1336,2728.0,1148,2714.0,647,2730.0,4672,2712.0,833
1597988346643200000,1597988346920000000,2020-08-21 13:39:06.920000,2720.0,2734.0,2670.0,2694.0,nan,2704.115229,537728,14540784740.0,543603,2722.0,680,2720.0,1,2724.0,547,2718.0,1020,2726.0,577,2716.0,1336,2728.0,1148,2714.0,647,2730.0,4672,2712.0,833
1597988347198712064,1597988347420999936,2020-08-21 13:39:07.421000,2720.0,2734.0,2670.0,2694.0,nan,2704.115347,537732,14540893540.0,543600,2720.0,138,2718.0,1020,2722.0,686,2716.0,1336,2724.0,532,2714.0,647,2726.0,577,2712.0,832,2728.0,1148,2710.0,897
1597988347635168000,1597988347923000064,2020-08-21 13:39:07.923000,2720.0,2734.0,2670.0,2694.0,nan,2704.115407,537734,14540947940.0,543599,2720.0,63,2718.0,1012,2722.0,677,2716.0,1336,2724.0,532,2714.0,646,2726.0,577,2712.0,833,2728.0,1138,2710.0,897
1597988348168474880,1597988348430000128,2020-08-21 13:39:08.430000,2720.0,2734.0,2670.0,2694.0,nan,2704.115407,537734,14540947940.0,543599,2720.0,92,2718.0,969,2722.0,677,2716.0,1336,2724.0,532,2714.0,646,2726.0,577,2712.0,833,2728.0,1138,2710.0,897
1597988348634563072,1597988348932000000,2020-08-21 13:39:08.932000,2720.0,2734.0,2670.0,2694.0,nan,2704.115436,537735,14540975140.0,543599,2720.0,122,2718.0,969,2722.0,675,2716.0,1336,2724.0,532,2714.0,646,2726.0,578,2712.0,833,2728.0,1139,2710.0,897
1597988349182736896,1597988349437999872,2020-08-21 13:39:09.438000,2720.0,2734.0,2670.0,2694.0,nan,2704.115761,537746,14541274340.0,543599,2720.0,151,2718.0,969,2722.0,675,2716.0,1336,2724.0,533,2714.0,646,2726.0,578,2712.0,836,2728.0,1139,2710.0,897
1597988349603585024,1597988349898000128,2020-08-21 13:39:09.898000,2720.0,2734.0,2670.0,2694.0,nan,2704.11585,537749,14541355940.0,543599,2720.0,161,2718.0,969,2722.0,675,2716.0,1336,2724.0,533,2714.0,646,2726.0,578,2712.0,836,2728.0,1132,2710.0,897
1597988350112892928,1597988350412000000,2020-08-21 13:39:10.412000,2720.0,2734.0,2670.0,2694.0,nan,2704.11585,537749,14541355940.0,543599,2720.0,161,2718.0,969,2722.0,676,2716.0,1336,2724.0,533,2714.0,646,2726.0,578,2712.0,836,2728.0,1132,2710.0,898
1597988350669829888,1597988350888000000,2020-08-21 13:39:10.888000,2718.0,2734.0,2670.0,2694.0,nan,2704.116366,537769,14541899540.0,543588,2720.0,165,2718.0,950,2722.0,676,2716.0,1336,2724.0,533,2714.0,646,2726.0,578,2712.0,836,2728.0,1132,2710.0,898
1597988351170103040,1597988351423000064,2020-08-21 13:39:11.423000,2720.0,2734.0,2670.0,2694.0,nan,2704.116425,537771,14541953940.0,543587,2720.0,276,2718.0,950,2722.0,677,2716.0,1336,2724.0,533,2714.0,646,2726.0,578,2712.0,836,2728.0,1132,2710.0,898
1597988351737614080,1597988351935000064,2020-08-21 13:39:11.935000,2720.0,2734.0,2670.0,2694.0,nan,2704.116484,537773,14542008340.0,543585,2720.0,299,2718.0,948,2722.0,679,2716.0,1336,2724.0,533,2714.0,646,2726.0,578,2712.0,836,2728.0,1132,2710.0,898
1597988352159451904,1597988352436999936,2020-08-21 13:39:12.437000,2718.0,2734.0,2670.0,2694.0,nan,2704.11651,537774,14542035520.0,543585,2720.0,300,2718.0,947,2722.0,679,2716.0,1336,2724.0,533,2714.0,646,2726.0,578,2712.0,836,2728.0,1132,2710.0,898
1597988352690802944,1597988352927000064,2020-08-21 13:39:12.927000,2720.0,2734.0,2670.0,2694.0,nan,2704.116569,537776,14542089920.0,543583,2720.0,302,2718.0,947,2722.0,679,2716.0,1336,2724.0,534,2714.0,669,2726.0,578,2712.0,836,2728.0,1134,2710.0,898
1597988353161030912,1597988353404999936,2020-08-21 13:39:13.405000,2720.0,2734.0,2670.0,2694.0,nan,2704.116569,537776,14542089920.0,543583,2720.0,302,2718.0,947,2722.0,679,2716.0,1337,2724.0,534,2714.0,669,2726.0,578,2712.0,836,2728.0,1134,2710.0,898
1597988353620744960,1597988353924999936,2020-08-21 13:39:13.925000,2720.0,2734.0,2670.0,2694.0,nan,2704.116687,537780,14542198720.0,543580,2720.0,298,2718.0,948,2722.0,679,2716.0,1338,2724.0,534,2714.0,669,2726.0,578,2712.0,836,2728.0,1134,2710.0,898
1597988354629112064,1597988354903000064,2020-08-21 13:39:14.903000,2720.0,2734.0,2670.0,2694.0,nan,2704.116687,537780,14542198720.0,543580,2720.0,299,2718.0,948,2722.0,679,2716.0,1338,2724.0,534,2714.0,669,2726.0,578,2712.0,836,2728.0,1134,2710.0,898
1597988355136428032,1597988355434000128,2020-08-21 13:39:15.434000,2720.0,2734.0,2670.0,2694.0,nan,2704.117012,537791,14542497920.0,543579,2720.0,289,2718.0,950,2722.0,679,2716.0,1338,2724.0,534,2714.0,669,2726.0,578,2712.0,836,2728.0,1134,2710.0,898
1597988355618821888,1597988355934000128,2020-08-21 13:39:15.934000,2718.0,2734.0,2670.0,2694.0,nan,2704.117348,537804,14542851260.0,543575,2720.0,319,2718.0,937,2722.0,679,2716.0,1337,2724.0,534,2714.0,673,2726.0,578,2712.0,836,2728.0,1134,2710.0,899
1597988356126872064,1597988356436000000,2020-08-21 13:39:16.436000,2720.0,2734.0,2670.0,2694.0,nan,2704.117429,537807,14542932820.0,543576,2720.0,323,2718.0,935,2722.0,679,2716.0,1337,2724.0,534,2714.0,673,2726.0,578,2712.0,836,2728.0,1134,2710.0,899
1597988356614129920,1597988356924999936,2020-08-21 13:39:16.925000,2718.0,2734.0,2670.0,2694.0,nan,2704.117455,537808,14542960000.0,543575,2720.0,325,2718.0,934,2722.0,679,2716.0,1337,2724.0,532,2714.0,673,2726.0,578,2712.0,836,2728.0,1135,2710.0,898
1597988357137280000,1597988357430000128,2020-08-21 13:39:17.430000,2718.0,2734.0,2670.0,2694.0,nan,2704.11748,537809,14542987180.0,543575,2720.0,328,2718.0,933,2722.0,679,2716.0,1337,2724.0,532,2714.0,673,2726.0,579,2712.0,836,2728.0,1134,2710.0,898
1597988357610725888,1597988357931000064,2020-08-21 13:39:17.931000,2718.0,2734.0,2670.0,2694.0,nan,2704.11748,537809,14542987180.0,543575,2720.0,345,2718.0,933,2722.0,679,2716.0,1337,2724.0,532,2714.0,674,2726.0,579,2712.0,836,2728.0,1134,2710.0,898
1597988358147482880,1597988358344000000,2020-08-21 13:39:18.344000,2718.0,2734.0,2670.0,2694.0,nan,2704.117558,537812,14543068720.0,543573,2720.0,345,2718.0,931,2722.0,679,2716.0,1337,2724.0,532,2714.0,674,2726.0,579,2712.0,836,2728.0,1134,2710.0,898
1597988358620576000,1597988358920000000,2020-08-21 13:39:18.920000,2718.0,2734.0,2670.0,2694.0,nan,2704.117609,537814,14543123080.0,543571,2720.0,371,2718.0,929,2722.0,679,2716.0,1337,2724.0,532,2714.0,674,2726.0,579,2712.0,836,2728.0,1134,2710.0,898
1597988359126650880,1597988359424999936,2020-08-21 13:39:19.425000,2718.0,2734.0,2670.0,2694.0,nan,2704.117609,537814,14543123080.0,543571,2720.0,376,2718.0,930,2722.0,679,2716.0,1337,2724.0,533,2714.0,674,2726.0,579,2712.0,836,2728.0,1134,2710.0,898
1597988359623183872,1597988359923000064,2020-08-21 13:39:19.923000,2720.0,2734.0,2670.0,2694.0,nan,2704.1182,537834,14543667080.0,543564,2720.0,352,2718.0,930,2722.0,680,2716.0,1337,2724.0,534,2714.0,674,2726.0,579,2712.0,836,2728.0,1134,2710.0,898
1597988360147226112,1597988360408999936,2020-08-21 13:39:20.409000,2720.0,2734.0,2670.0,2694.0,nan,2704.1182,537834,14543667080.0,543564,2720.0,369,2718.0,930,2722.0,680,2716.0,1341,2724.0,534,2714.0,674,2726.0,579,2712.0,836,2728.0,1134,2710.0,898
1597988360620440064,1597988360845999872,2020-08-21 13:39:20.846000,2720.0,2734.0,2670.0,2694.0,nan,2704.118259,537836,14543721480.0,543562,2720.0,367,2718.0,929,2722.0,680,2716.0,1341,2724.0,534,2714.0,674,2726.0,582,2712.0,836,2728.0,1133,2710.0,898
1597988361133404928,1597988361430000128,2020-08-21 13:39:21.430000,2720.0,2734.0,2670.0,2694.0,nan,2704.119735,537886,14545081480.0,543537,2720.0,317,2718.0,937,2722.0,680,2716.0,1341,2724.0,534,2714.0,674,2726.0,582,2712.0,836,2728.0,1133,2710.0,898
1597988361617125888,1597988361904000000,2020-08-21 13:39:21.904000,2720.0,2734.0,2670.0,2694.0,nan,2704.119791,537888,14545135860.0,543537,2720.0,301,2718.0,930,2722.0,680,2716.0,1342,2724.0,534,2714.0,671,2726.0,582,2712.0,836,2728.0,1133,2710.0,898
1597988362135798016,1597988362424999936,2020-08-21 13:39:22.425000,2720.0,2734.0,2670.0,2694.0,nan,2704.119791,537888,14545135860.0,543537,2720.0,303,2718.0,929,2722.0,680,2716.0,1343,2724.0,534,2714.0,671,2726.0,582,2712.0,836,2728.0,1133,2710.0,900
1597988362623608064,1597988362903000064,2020-08-21 13:39:22.903000,2720.0,2734.0,2670.0,2694.0,nan,2704.119791,537888,14545135860.0,543537,2720.0,305,2718.0,929,2722.0,680,2716.0,1343,2724.0,534,2714.0,672,2726.0,582,2712.0,836,2728.0,1133,2710.0,900
1597988363129583104,1597988363433000192,2020-08-21 13:39:23.433000,2720.0,2734.0,2670.0,2694.0,nan,2704.119791,537888,14545135860.0,543537,2720.0,305,2718.0,928,2722.0,680,2716.0,1344,2724.0,534,2714.0,672,2726.0,582,2712.0,836,2728.0,1132,2710.0,900
1597988363630330880,1597988363923000064,2020-08-21 13:39:23.923000,2720.0,2734.0,2670.0,2694.0,nan,2704.119791,537888,14545135860.0,543537,2720.0,309,2718.0,929,2722.0,680,2716.0,1344,2724.0,534,2714.0,672,2726.0,582,2712.0,836,2728.0,1132,2710.0,900
1597988364143910912,1597988364416000000,2020-08-21 13:39:24.416000,2720.0,2734.0,2670.0,2694.0,nan,2704.119791,537888,14545135860.0,543537,2720.0,310,2718.0,929,2722.0,680,2716.0,1345,2724.0,534,2714.0,672,2726.0,582,2712.0,836,2728.0,1132,2710.0,900
1597988364619121920,1597988364924999936,2020-08-21 13:39:24.925000,2718.0,2734.0,2670.0,2694.0,nan,2704.119946,537894,14545298940.0,543531,2720.0,314,2718.0,929,2722.0,679,2716.0,1345,2724.0,534,2714.0,672,2726.0,582,2712.0,836,2728.0,1132,2710.0,900
1597988365119177984,1597988365427000064,2020-08-21 13:39:25.427000,2718.0,2734.0,2670.0,2694.0,nan,2704.120023,537897,14545380480.0,543529,2720.0,315,2718.0,926,2722.0,679,2716.0,1345,2724.0,534,2714.0,672,2726.0,582,2712.0,836,2728.0,1132,2710.0,900
1597988365604656896,1597988365927000064,2020-08-21 13:39:25.927000,2718.0,2734.0,2670.0,2694.0,nan,2704.120023,537897,14545380480.0,543529,2720.0,315,2718.0,929,2722.0,679,2716.0,1345,2724.0,534,2714.0,672,2726.0,582,2712.0,836,2728.0,1132,2710.0,900
1597988366165735936,1597988366421999872,2020-08-21 13:39:26.422000,2718.0,2734.0,2670.0,2694.0,nan,2704.120023,537897,14545380480.0,543529,2720.0,315,2718.0,929,2722.0,679,2716.0,1343,2724.0,534,2714.0,672,2726.0,582,2712.0,836,2728.0,1132,2710.0,900
1597988366649605120,1597988366920000000,2020-08-21 13:39:26.920000,2718.0,2734.0,2670.0,2694.0,nan,2704.120023,537897,14545380480.0,543529,2720.0,315,2718.0,932,2722.0,679,2716.0,1343,2724.0,534,2714.0,673,2726.0,582,2712.0,836,2728.0,1132,2710.0,900
1597988367143247104,1597988367416000000,2020-08-21 13:39:27.416000,2718.0,2734.0,2670.0,2694.0,nan,2704.121313,537947,14546739480.0,543486,2720.0,319,2718.0,884,2722.0,679,2716.0,1363,2724.0,534,2714.0,673,2726.0,582,2712.0,836,2728.0,1132,2710.0,900
1597988367634594048,1597988367901999872,2020-08-21 13:39:27.902000,2718.0,2734.0,2670.0,2694.0,nan,2704.121468,537953,14546902560.0,543487,2720.0,334,2718.0,885,2722.0,680,2716.0,1363,2724.0,534,2714.0,673,2726.0,582,2712.0,836,2728.0,1132,2710.0,900
1597988368113202944,1597988368420999936,2020-08-21 13:39:28.421000,2718.0,2734.0,2670.0,2694.0,nan,2704.121468,537953,14546902560.0,543487,2720.0,333,2718.0,885,2722.0,680,2716.0,1363,2724.0,534,2714.0,673,2726.0,582,2712.0,836,2728.0,1132,2710.0,900
1597988368610490880,1597988368928999936,2020-08-21 13:39:28.929000,2720.0,2734.0,2670.0,2694.0,nan,2704.121497,537954,14546929760.0,543488,2720.0,348,2718.0,886,2722.0,680,2716.0,1363,2724.0,534,2714.0,673,2726.0,582,2712.0,836,2728.0,1132,2710.0,900
1597988369143515904,1597988369394000128,2020-08-21 13:39:29.394000,2720.0,2734.0,2670.0,2694.0,nan,2704.121497,537954,14546929760.0,543488,2720.0,350,2718.0,884,2722.0,680,2716.0,1363,2724.0,534,2714.0,673,2726.0,583,2712.0,837,2728.0,1132,2710.0,900
1597988369610087936,1597988369829999872,2020-08-21 13:39:29.830000,2720.0,2734.0,2670.0,2694.0,nan,2704.121527,537955,14546956960.0,543488,2720.0,349,2718.0,885,2722.0,680,2716.0,1363,2724.0,534,2714.0,673,2726.0,584,2712.0,837,2728.0,1132,2710.0,900
1597988370165206016,1597988370428999936,2020-08-21 13:39:30.429000,2720.0,2734.0,2670.0,2694.0,nan,2704.121527,537955,14546956960.0,543488,2720.0,349,2718.0,885,2722.0,680,2716.0,1363,2724.0,534,2714.0,673,2726.0,584,2712.0,837,2728.0,1132,2710.0,896
1597988370643332096,1597988370926000128,2020-08-21 13:39:30.926000,2720.0,2734.0,2670.0,2694.0,nan,2704.121822,537965,14547228960.0,543491,2720.0,352,2718.0,894,2722.0,680,2716.0,1363,2724.0,534,2714.0,673,2726.0,584,2712.0,837,2728.0,1132,2710.0,896
1597988371123208960,1597988371364000000,2020-08-21 13:39:31.364000,2718.0,2734.0,2670.0,2694.0,nan,2704.121848,537966,14547256140.0,543491,2720.0,352,2718.0,892,2722.0,680,2716.0,1363,2724.0,534,2714.0,673,2726.0,584,2712.0,837,2728.0,1132,2710.0,896
1597988371634779904,1597988371914000128,2020-08-21 13:39:31.914000,2720.0,2734.0,2670.0,2694.0,nan,2704.121929,537969,14547337700.0,543492,2720.0,355,2718.0,890,2722.0,680,2716.0,1363,2724.0,534,2714.0,673,2726.0,584,2712.0,837,2728.0,1132,2710.0,896
1597988372155787008,1597988372426000128,2020-08-21 13:39:32.426000,2720.0,2734.0,2670.0,2694.0,nan,2704.121958,537970,14547364900.0,543491,2720.0,359,2718.0,890,2722.0,680,2716.0,1363,2724.0,535,2714.0,673,2726.0,584,2712.0,838,2728.0,1132,2710.0,896
1597988372618914048,1597988372927000064,2020-08-21 13:39:32.927000,2720.0,2734.0,2670.0,2694.0,nan,2704.121958,537970,14547364900.0,543491,2720.0,360,2718.0,891,2722.0,680,2716.0,1363,2724.0,535,2714.0,673,2726.0,584,2712.0,838,2728.0,1132,2710.0,896
1597988373166309120,1597988373426000128,2020-08-21 13:39:33.426000,2720.0,2734.0,2670.0,2694.0,nan,2704.121958,537970,14547364900.0,543491,2720.0,360,2718.0,892,2722.0,680,2716.0,1364,2724.0,535,2714.0,673,2726.0,585,2712.0,838,2728.0,1131,2710.0,896
1597988373614152960,1597988373934000128,2020-08-21 13:39:33.934000,2720.0,2734.0,2670.0,2694.0,nan,2704.121958,537970,14547364900.0,543491,2720.0,364,2718.0,894,2722.0,680,2716.0,1364,2724.0,535,2714.0,673,2726.0,585,2712.0,838,2728.0,1131,2710.0,896
1597988374114297088,1597988374433000192,2020-08-21 13:39:34.433000,2720.0,2734.0,2670.0,2694.0,nan,2704.121958,537970,14547364900.0,543491,2720.0,364,2718.0,894,2722.0,680,2716.0,1365,2724.0,535,2714.0,673,2726.0,585,2712.0,838,2728.0,1131,2710.0,896
1597988375131297024,1597988375430000128,2020-08-21 13:39:35.430000,2720.0,2734.0,2670.0,2694.0,nan,2704.122313,537982,14547691300.0,543491,2720.0,353,2718.0,897,2722.0,680,2716.0,1365,2724.0,535,2714.0,672,2726.0,585,2712.0,838,2728.0,1131,2710.0,896
1597988375624140032,1597988375897000192,2020-08-21 13:39:35.897000,2720.0,2734.0,2670.0,2694.0,nan,2704.122313,537982,14547691300.0,543491,2720.0,354,2718.0,897,2722.0,680,2716.0,1369,2724.0,535,2714.0,672,2726.0,585,2712.0,838,2728.0,1131,2710.0,896
1597988376131373056,1597988376411000064,2020-08-21 13:39:36.411000,2720.0,2734.0,2670.0,2694.0,nan,2704.122313,537982,14547691300.0,543491,2720.0,356,2718.0,908,2722.0,680,2716.0,1369,2724.0,535,2714.0,672,2726.0,585,2712.0,838,2728.0,1131,2710.0,896
1597988376630277888,1597988376935000064,2020-08-21 13:39:36.935000,2720.0,2734.0,2670.0,2694.0,nan,2704.122313,537982,14547691300.0,543491,2720.0,362,2718.0,908,2722.0,680,2716.0,1369,2724.0,535,2714.0,673,2726.0,585,2712.0,838,2728.0,1131,2710.0,896
1597988377107702016,1597988377420999936,2020-08-21 13:39:37.421000,2720.0,2734.0,2670.0,2694.0,nan,2704.122342,537983,14547718500.0,543490,2720.0,362,2718.0,909,2722.0,680,2716.0,1369,2724.0,535,2714.0,673,2726.0,585,2712.0,838,2728.0,1131,2710.0,896
1597988377622739968,1597988377936000000,2020-08-21 13:39:37.936000,2720.0,2734.0,2670.0,2694.0,nan,2704.122342,537983,14547718500.0,543490,2720.0,362,2718.0,917,2722.0,680,2716.0,1369,2724.0,535,2714.0,673,2726.0,585,2712.0,838,2728.0,1131,2710.0,898
1597988378160780032,1597988378437999872,2020-08-21 13:39:38.438000,2720.0,2734.0,2670.0,2694.0,nan,2704.122401,537985,14547772900.0,543490,2720.0,362,2718.0,918,2722.0,680,2716.0,1374,2724.0,535,2714.0,673,2726.0,585,2712.0,838,2728.0,1131,2710.0,898
1597988378616027904,1597988378920999936,2020-08-21 13:39:38.921000,2720.0,2734.0,2670.0,2694.0,nan,2704.122456,537987,14547827280.0,543490,2720.0,375,2718.0,918,2722.0,680,2716.0,1374,2724.0,535,2714.0,673,2726.0,585,2712.0,838,2728.0,1131,2710.0,898
1597988379113268992,1597988379394000128,2020-08-21 13:39:39.394000,2720.0,2734.0,2670.0,2694.0,nan,2704.122456,537987,14547827280.0,543490,2720.0,375,2718.0,918,2722.0,680,2716.0,1378,2724.0,535,2714.0,673,2726.0,585,2712.0,838,2728.0,1131,2710.0,898
1597988379620027904,1597988379928000000,2020-08-21 13:39:39.928000,2720.0,2734.0,2670.0,2694.0,nan,2704.122456,537987,14547827280.0,543490,2720.0,375,2718.0,917,2722.0,680,2716.0,1378,2724.0,535,2714.0,673,2726.0,585,2712.0,838,2728.0,1131,2710.0,898
1597988380122851072,1597988380382999808,2020-08-21 13:39:40.383000,2720.0,2734.0,2670.0,2694.0,nan,2704.122456,537987,14547827280.0,543490,2720.0,375,2718.0,918,2722.0,680,2716.0,1378,2724.0,535,2714.0,673,2726.0,585,2712.0,838,2728.0,1131,2710.0,898
1597988380633093120,1597988380934000128,2020-08-21 13:39:40.934000,2720.0,2734.0,2670.0,2694.0,nan,2704.122486,537988,14547854480.0,543490,2720.0,374,2718.0,918,2722.0,680,2716.0,1381,2724.0,535,2714.0,673,2726.0,586,2712.0,838,2728.0,1130,2710.0,898
1597988381166255104,1597988381404000000,2020-08-21 13:39:41.404000,2718.0,2734.0,2670.0,2694.0,nan,2704.122512,537989,14547881660.0,543490,2720.0,374,2718.0,928,2722.0,680,2716.0,1381,2724.0,535,2714.0,673,2726.0,586,2712.0,838,2728.0,1130,2710.0,898
1597988381619802880,1597988381904999936,2020-08-21 13:39:41.905000,2718.0,2734.0,2670.0,2694.0,nan,2704.122589,537992,14547963200.0,543491,2720.0,384,2718.0,925,2722.0,680,2716.0,1380,2724.0,535,2714.0,673,2726.0,586,2712.0,838,2728.0,1130,2710.0,898
1597988382152576000,1597988382435000064,2020-08-21 13:39:42.435000,2720.0,2734.0,2670.0,2694.0,nan,2704.122644,537994,14548017580.0,543490,2720.0,383,2718.0,930,2722.0,677,2716.0,1380,2724.0,535,2714.0,673,2726.0,586,2712.0,838,2728.0,1130,2710.0,898
1597988382626671104,1597988382921999872,2020-08-21 13:39:42.922000,2718.0,2734.0,2670.0,2694.0,nan,2704.12267,537995,14548044760.0,543490,2720.0,383,2718.0,932,2722.0,677,2716.0,1382,2724.0,535,2714.0,673,2726.0,596,2712.0,838,2728.0,1130,2710.0,898
1597988383099736064,1597988383423000064,2020-08-21 13:39:43.423000,2718.0,2734.0,2670.0,2694.0,nan,2704.122696,537996,14548071940.0,543490,2720.0,383,2718.0,932,2722.0,677,2716.0,1383,2724.0,535,2714.0,673,2726.0,597,2712.0,838,2728.0,1129,2710.0,898
1597988383619107072,1597988383916000000,2020-08-21 13:39:43.916000,2718.0,2734.0,2670.0,2694.0,nan,2704.122696,537996,14548071940.0,543490,2720.0,383,2718.0,932,2722.0,682,2716.0,1383,2724.0,535,2714.0,673,2726.0,597,2712.0,838,2728.0,1129,2710.0,898
1597988384143956992,1597988384434000128,2020-08-21 13:39:44.434000,2718.0,2734.0,2670.0,2694.0,nan,2704.122722,537997,14548099120.0,543490,2720.0,383,2718.0,931,2722.0,682,2716.0,1383,2724.0,535,2714.0,673,2726.0,597,2712.0,838,2728.0,1129,2710.0,898
1597988384617587968,1597988384924000000,2020-08-21 13:39:44.924000,2718.0,2734.0,2670.0,2694.0,nan,2704.122722,537997,14548099120.0,543490,2720.0,387,2718.0,931,2722.0,682,2716.0,1383,2724.0,535,2714.0,673,2726.0,597,2712.0,838,2728.0,1129,2710.0,898
1597988385140317952,1597988385400999936,2020-08-21 13:39:45.401000,2718.0,2734.0,2670.0,2694.0,nan,2704.12291,538004,14548289420.0,543490,2720.0,385,2718.0,926,2722.0,682,2716.0,1382,2724.0,535,2714.0,676,2726.0,597,2712.0,835,2728.0,1129,2710.0,898
1597988385612891904,1597988385924000000,2020-08-21 13:39:45.924000,2718.0,2734.0,2670.0,2694.0,nan,2704.12291,538004,14548289420.0,543490,2720.0,385,2718.0,925,2722.0,682,2716.0,1382,2724.0,535,2714.0,676,2726.0,597,2712.0,835,2728.0,1129,2710.0,896
1597988386133256960,1597988386428999936,2020-08-21 13:39:46.429000,2720.0,2734.0,2670.0,2694.0,nan,2704.122939,538005,14548316620.0,543489,2720.0,384,2718.0,926,2722.0,682,2716.0,1382,2724.0,535,2714.0,676,2726.0,597,2712.0,835,2728.0,1129,2710.0,896
1597988386616199936,1597988386927000064,2020-08-21 13:39:46.927000,2718.0,2734.0,2670.0,2694.0,nan,2704.122965,538006,14548343800.0,543489,2720.0,384,2718.0,929,2722.0,682,2716.0,1382,2724.0,535,2714.0,676,2726.0,597,2712.0,835,2728.0,1129,2710.0,896
1597988387628442112,1597988387872000000,2020-08-21 13:39:47.872000,2718.0,2734.0,2670.0,2694.0,nan,2704.122965,538006,14548343800.0,543489,2720.0,384,2718.0,929,2722.0,682,2716.0,1382,2724.0,535,2714.0,676,2726.0,598,2712.0,835,2728.0,1129,2710.0,896
1597988388155123968,1597988388436999936,2020-08-21 13:39:48.437000,2718.0,2734.0,2670.0,2694.0,nan,2704.122991,538007,14548370980.0,543489,2720.0,384,2718.0,928,2722.0,682,2716.0,1382,2724.0,535,2714.0,676,2726.0,598,2712.0,835,2728.0,1129,2710.0,896
1597988388629585920,1597988388936000000,2020-08-21 13:39:48.936000,2720.0,2734.0,2670.0,2694.0,nan,2704.123046,538009,14548425360.0,543488,2720.0,396,2718.0,927,2722.0,682,2716.0,1384,2724.0,535,2714.0,676,2726.0,598,2712.0,835,2728.0,1129,2710.0,896
1597988389120966912,1597988389374000128,2020-08-21 13:39:49.374000,2720.0,2734.0,2670.0,2694.0,nan,2704.123046,538009,14548425360.0,543488,2720.0,396,2718.0,937,2722.0,682,2716.0,1384,2724.0,535,2714.0,676,2726.0,598,2712.0,835,2728.0,1129,2710.0,896
1597988389615698944,1597988389934000128,2020-08-21 13:39:49.934000,2720.0,2734.0,2670.0,2694.0,nan,2704.123046,538009,14548425360.0,543488,2720.0,396,2718.0,940,2722.0,682,2716.0,1384,2724.0,535,2714.0,676,2726.0,598,2712.0,835,2728.0,1129,2710.0,896
1597988390177914880,1597988390432000000,2020-08-21 13:39:50.432000,2720.0,2734.0,2670.0,2694.0,nan,2704.123046,538009,14548425360.0,543488,2720.0,396,2718.0,943,2722.0,682,2716.0,1384,2724.0,536,2714.0,676,2726.0,602,2712.0,835,2728.0,1129,2710.0,896
1597988390635305984,1597988390937999872,2020-08-21 13:39:50.938000,2720.0,2734.0,2670.0,2694.0,nan,2704.123076,538010,14548452560.0,543487,2720.0,368,2718.0,946,2722.0,682,2716.0,1384,2724.0,536,2714.0,676,2726.0,602,2712.0,835,2728.0,1129,2710.0,896
1597988391135804928,1597988391348000000,2020-08-21 13:39:51.348000,2720.0,2734.0,2670.0,2694.0,nan,2704.123105,538011,14548479760.0,543486,2720.0,337,2718.0,947,2722.0,682,2716.0,1388,2724.0,536,2714.0,676,2726.0,602,2712.0,835,2728.0,1129,2710.0,896
1597988391615401984,1597988391932000000,2020-08-21 13:39:51.932000,2720.0,2734.0,2670.0,2694.0,nan,2704.123105,538011,14548479760.0,543486,2720.0,337,2718.0,972,2722.0,682,2716.0,1384,2724.0,536,2714.0,676,2726.0,602,2712.0,835,2728.0,1129,2710.0,896
1597988392114684928,1597988392435000064,2020-08-21 13:39:52.435000,2718.0,2734.0,2670.0,2694.0,nan,2704.123234,538016,14548615660.0,543486,2720.0,337,2718.0,967,2722.0,682,2716.0,1384,2724.0,536,2714.0,676,2726.0,602,2712.0,835,2728.0,1129,2710.0,896
1597988392611193088,1597988392937999872,2020-08-21 13:39:52.938000,2720.0,2734.0,2670.0,2694.0,nan,2704.123293,538018,14548670060.0,543484,2720.0,335,2718.0,970,2722.0,682,2716.0,1384,2724.0,536,2714.0,676,2726.0,604,2712.0,835,2728.0,1129,2710.0,896
1597988393162041088,1597988393432000000,2020-08-21 13:39:53.432000,2720.0,2734.0,2670.0,2694.0,nan,2704.123293,538018,14548670060.0,543484,2720.0,335,2718.0,971,2722.0,682,2716.0,1384,2724.0,586,2714.0,676,2726.0,604,2712.0,835,2728.0,1129,2710.0,896
1597988393612449024,1597988393904999936,2020-08-21 13:39:53.905000,2718.0,2734.0,2670.0,2694.0,nan,2704.123319,538019,14548697240.0,543484,2720.0,336,2718.0,971,2722.0,682,2716.0,1387,2724.0,587,2714.0,676,2726.0,604,2712.0,835,2728.0,1129,2710.0,896
1597988394115730944,1597988394424999936,2020-08-21 13:39:54.425000,2718.0,2734.0,2670.0,2694.0,nan,2704.123319,538019,14548697240.0,543484,2720.0,354,2718.0,972,2722.0,682,2716.0,1387,2724.0,587,2714.0,676,2726.0,604,2712.0,835,2728.0,1129,2710.0,896
1597988394626437888,1597988394903000064,2020-08-21 13:39:54.903000,2718.0,2734.0,2670.0,2694.0,nan,2704.123374,538021,14548751620.0,543484,2720.0,353,2718.0,977,2722.0,682,2716.0,1387,2724.0,587,2714.0,676,2726.0,604,2712.0,835,2728.0,1129,2710.0,896
1597988395147119104,1597988395416000000,2020-08-21 13:39:55.416000,2718.0,2734.0,2670.0,2694.0,nan,2704.123426,538023,14548805980.0,543485,2720.0,403,2718.0,975,2722.0,682,2716.0,1387,2724.0,587,2714.0,676,2726.0,604,2712.0,835,2728.0,1129,2710.0,897
1597988395630104064,1597988395937999872,2020-08-21 13:39:55.938000,2720.0,2734.0,2670.0,2694.0,nan,2704.123455,538024,14548833180.0,543484,2720.0,408,2718.0,978,2722.0,682,2716.0,1387,2724.0,587,2714.0,673,2726.0,604,2712.0,835,2728.0,1129,2710.0,897
1597988396164549120,1597988396436000000,2020-08-21 13:39:56.436000,2720.0,2734.0,2670.0,2694.0,nan,2704.123455,538024,14548833180.0,543484,2720.0,458,2718.0,978,2722.0,682,2716.0,1387,2724.0,587,2714.0,673,2726.0,604,2712.0,835,2728.0,1129,2710.0,897
1597988396653718016,1597988396937999872,2020-08-21 13:39:56.938000,2720.0,2734.0,2670.0,2694.0,nan,2704.123485,538025,14548860380.0,543483,2720.0,457,2718.0,978,2722.0,682,2716.0,1386,2724.0,587,2714.0,673,2726.0,604,2712.0,835,2728.0,1129,2710.0,897
1597988397178194944,1597988397437999872,2020-08-21 13:39:57.438000,2720.0,2734.0,2670.0,2694.0,nan,2704.123485,538025,14548860380.0,543483,2720.0,458,2718.0,978,2722.0,682,2716.0,1386,2724.0,587,2714.0,673,2726.0,604,2712.0,835,2728.0,1129,2710.0,897
1597988397656935936,1597988397901999872,2020-08-21 13:39:57.902000,2718.0,2734.0,2670.0,2694.0,nan,2704.123614,538030,14548996280.0,543483,2720.0,508,2718.0,973,2722.0,682,2716.0,1396,2724.0,587,2714.0,673,2726.0,604,2712.0,835,2728.0,1129,2710.0,897
1597988398174642944,1597988398421999872,2020-08-21 13:39:58.422000,2720.0,2734.0,2670.0,2694.0,nan,2704.123673,538032,14549050680.0,543482,2720.0,566,2718.0,973,2722.0,682,2716.0,1396,2724.0,587,2714.0,678,2726.0,604,2712.0,835,2728.0,1129,2710.0,897
1597988398622336000,1597988398860999936,2020-08-21 13:39:58.861000,2718.0,2734.0,2670.0,2694.0,nan,2704.123725,538034,14549105040.0,543482,2720.0,568,2718.0,973,2722.0,682,2716.0,1386,2724.0,587,2714.0,677,2726.0,604,2712.0,835,2728.0,1129,2710.0,897
1597988399155337984,1597988399408999936,2020-08-21 13:39:59.409000,2718.0,2734.0,2670.0,2694.0,nan,2704.123725,538034,14549105040.0,543482,2720.0,568,2718.0,984,2722.0,682,2716.0,1386,2724.0,587,2714.0,677,2726.0,604,2712.0,835,2728.0,1129,2710.0,897
1597988399602818048,1597988399924999936,2020-08-21 13:39:59.925000,2718.0,2734.0,2670.0,2694.0,nan,2704.124528,538065,14549947640.0,543482,2720.0,568,2718.0,957,2722.0,682,2716.0,1386,2724.0,587,2714.0,677,2726.0,804,2712.0,835,2728.0,1129,2710.0,902
1597988400152492032,1597988400420999936,2020-08-21 13:40:00.421000,2718.0,2734.0,2670.0,2694.0,nan,2704.125301,538095,14550763040.0,543512,2720.0,568,2718.0,921,2722.0,682,2716.0,1386,2724.0,587,2714.0,677,2726.0,806,2712.0,835,2728.0,1129,2710.0,902
1597988400639304960,1597988400937999872,2020-08-21 13:40:00.938000,2720.0,2734.0,2670.0,2694.0,nan,2704.125331,538096,14550790240.0,543511,2720.0,585,2718.0,916,2722.0,682,2716.0,1386,2724.0,587,2714.0,677,2726.0,807,2712.0,835,2728.0,1129,2710.0,902
1597988401111279104,1597988401428999936,2020-08-21 13:40:01.429000,2720.0,2734.0,2670.0,2694.0,nan,2704.125331,538096,14550790240.0,543511,2720.0,585,2718.0,915,2722.0,684,2716.0,1386,2724.0,587,2714.0,677,2726.0,807,2712.0,835,2728.0,1129,2710.0,902
1597988401614086912,1597988401930000128,2020-08-21 13:40:01.930000,2720.0,2734.0,2670.0,2694.0,nan,2704.125891,538115,14551307040.0,543501,2720.0,566,2718.0,916,2722.0,684,2716.0,1386,2724.0,587,2714.0,677,2726.0,807,2712.0,835,2728.0,1130,2710.0,902
1597988402162151936,1597988402413000192,2020-08-21 13:40:02.413000,2718.0,2734.0,2670.0,2694.0,nan,2704.128469,538215,14554025040.0,543601,2720.0,580,2718.0,816,2722.0,684,2716.0,1388,2724.0,587,2714.0,677,2726.0,807,2712.0,835,2728.0,1130,2710.0,902
1597988402617451008,1597988402918999808,2020-08-21 13:40:02.919000,2718.0,2734.0,2670.0,2694.0,nan,2704.131046,538315,14556743040.0,543668,2720.0,593,2718.0,725,2722.0,683,2716.0,1388,2724.0,587,2714.0,677,2726.0,807,2712.0,835,2728.0,1130,2710.0,902
1597988403152289024,1597988403432000000,2020-08-21 13:40:03.432000,2718.0,2734.0,2670.0,2694.0,nan,2704.149751,539042,14576502900.0,543910,2718.0,135,2716.0,1388,2720.0,762,2714.0,677,2722.0,683,2712.0,835,2724.0,587,2710.0,902,2726.0,807,2708.0,1016
1597988403633442048,1597988403924000000,2020-08-21 13:40:03.924000,2718.0,2734.0,2670.0,2694.0,nan,2704.149854,539046,14576611620.0,543910,2718.0,305,2716.0,1394,2720.0,735,2714.0,677,2722.0,688,2712.0,816,2724.0,593,2710.0,905,2726.0,792,2708.0,1025
1597988404170255104,1597988404411000064,2020-08-21 13:40:04.411000,2716.0,2734.0,2670.0,2694.0,nan,2704.150125,539058,14576937580.0,543913,2718.0,325,2716.0,1381,2720.0,737,2714.0,677,2722.0,694,2712.0,817,2724.0,595,2710.0,905,2726.0,785,2708.0,1025
1597988404625345024,1597988404903000064,2020-08-21 13:40:04.903000,2716.0,2734.0,2670.0,2694.0,nan,2704.154677,539264,14582532680.0,543725,2718.0,371,2716.0,1238,2720.0,729,2714.0,670,2722.0,694,2712.0,823,2724.0,595,2710.0,905,2726.0,782,2708.0,1025
1597988405167375104,1597988405420000000,2020-08-21 13:40:05.420000,2718.0,2734.0,2670.0,2694.0,nan,2704.155919,539319,14584026660.0,543680,2718.0,623,2716.0,1189,2720.0,730,2714.0,670,2722.0,694,2712.0,823,2724.0,595,2710.0,905,2726.0,777,2708.0,1025
1597988405635088896,1597988405897000192,2020-08-21 13:40:05.897000,2718.0,2734.0,2670.0,2694.0,nan,2704.15597,539321,14584081020.0,543680,2718.0,632,2716.0,1193,2720.0,727,2714.0,670,2722.0,694,2712.0,823,2724.0,590,2710.0,905,2726.0,771,2708.0,1025
1597988406158750976,1597988406427000064,2020-08-21 13:40:06.427000,2718.0,2734.0,2670.0,2694.0,nan,2704.156176,539329,14584298460.0,543688,2718.0,632,2716.0,1194,2720.0,727,2714.0,670,2722.0,694,2712.0,823,2724.0,591,2710.0,905,2726.0,771,2708.0,1025
1597988406624142080,1597988406927000064,2020-08-21 13:40:06.927000,2716.0,2734.0,2670.0,2694.0,nan,2704.156311,539335,14584461440.0,543684,2718.0,631,2716.0,1189,2720.0,727,2714.0,670,2722.0,667,2712.0,823,2724.0,591,2710.0,905,2726.0,771,2708.0,1025
1597988407132574976,1597988407437999872,2020-08-21 13:40:07.438000,2716.0,2734.0,2670.0,2694.0,nan,2704.156509,539344,14584705880.0,543684,2718.0,635,2716.0,1178,2720.0,726,2714.0,670,2722.0,668,2712.0,823,2724.0,591,2710.0,905,2726.0,771,2708.0,1025
1597988407634884096,1597988407897000192,2020-08-21 13:40:07.897000,2718.0,2734.0,2670.0,2694.0,nan,2704.15674,539353,14584950500.0,543692,2718.0,637,2716.0,1178,2720.0,724,2714.0,670,2722.0,666,2712.0,823,2724.0,591,2710.0,905,2726.0,783,2708.0,1025
1597988408189479936,1597988408431000064,2020-08-21 13:40:08.431000,2718.0,2734.0,2670.0,2694.0,nan,2704.15674,539353,14584950500.0,543692,2718.0,640,2716.0,1178,2720.0,870,2714.0,670,2722.0,666,2712.0,823,2724.0,591,2710.0,906,2726.0,785,2708.0,1025
1597988408634190080,1597988408918999808,2020-08-21 13:40:08.919000,2716.0,2734.0,2670.0,2694.0,nan,2704.156959,539363,14585222100.0,543692,2718.0,640,2716.0,1168,2720.0,871,2714.0,671,2722.0,666,2712.0,823,2724.0,591,2710.0,906,2726.0,785,2708.0,1025
1597988409144256000,1597988409415000064,2020-08-21 13:40:09.415000,2716.0,2734.0,2670.0,2694.0,nan,2704.156981,539364,14585249260.0,543692,2718.0,690,2716.0,1170,2720.0,871,2714.0,671,2722.0,666,2712.0,823,2724.0,591,2710.0,906,2726.0,785,2708.0,1025
1597988409636670976,1597988409904999936,2020-08-21 13:40:09.905000,2718.0,2734.0,2670.0,2694.0,nan,2704.157029,539366,14585303600.0,543692,2718.0,689,2716.0,1172,2720.0,871,2714.0,671,2722.0,666,2712.0,823,2724.0,591,2710.0,906,2726.0,785,2708.0,1025
1597988410116325120,1597988410403000064,2020-08-21 13:40:10.403000,2716.0,2734.0,2670.0,2694.0,nan,2704.157161,539372,14585466560.0,543687,2718.0,689,2716.0,1166,2720.0,871,2714.0,671,2722.0,666,2712.0,823,2724.0,591,2710.0,906,2726.0,785,2708.0,1025
1597988410655449088,1597988410931000064,2020-08-21 13:40:10.931000,2716.0,2734.0,2670.0,2694.0,nan,2704.157696,539393,14586037320.0,543687,2718.0,670,2716.0,1167,2720.0,871,2714.0,672,2722.0,666,2712.0,823,2724.0,591,2710.0,906,2726.0,785,2708.0,1025
1597988411148294912,1597988411436000000,2020-08-21 13:40:11.436000,2716.0,2734.0,2670.0,2694.0,nan,2704.157765,539396,14586118820.0,543686,2718.0,715,2716.0,1186,2720.0,898,2714.0,672,2722.0,664,2712.0,823,2724.0,591,2710.0,906,2726.0,785,2708.0,1025
1597988411635655936,1597988411924999936,2020-08-21 13:40:11.925000,2716.0,2734.0,2670.0,2694.0,nan,2704.157904,539402,14586281820.0,543684,2718.0,718,2716.0,1182,2720.0,894,2714.0,672,2722.0,664,2712.0,823,2724.0,591,2710.0,911,2726.0,785,2708.0,1020
1597988412139834880,1597988412411000064,2020-08-21 13:40:12.411000,2716.0,2734.0,2670.0,2694.0,nan,2704.157904,539402,14586281820.0,543684,2718.0,718,2716.0,1175,2720.0,894,2714.0,672,2722.0,664,2712.0,824,2724.0,591,2710.0,911,2726.0,786,2708.0,1020
1597988412639596032,1597988412930000128,2020-08-21 13:40:12.930000,2716.0,2734.0,2670.0,2694.0,nan,2704.15973,539485,14588536120.0,543653,2718.0,723,2716.0,1044,2720.0,894,2714.0,672,2722.0,664,2712.0,824,2724.0,591,2710.0,909,2726.0,786,2708.0,1020
1597988413148094976,1597988413426000128,2020-08-21 13:40:13.426000,2716.0,2734.0,2670.0,2694.0,nan,2704.162104,539592,14591442380.0,543660,2718.0,718,2716.0,943,2720.0,894,2714.0,672,2722.0,664,2712.0,824,2724.0,590,2710.0,911,2726.0,786,2708.0,1020
1597988413659328000,1597988413916000000,2020-08-21 13:40:13.916000,2716.0,2734.0,2670.0,2694.0,nan,2704.162148,539594,14591496700.0,543658,2718.0,735,2716.0,946,2720.0,895,2714.0,672,2722.0,664,2712.0,824,2724.0,590,2710.0,911,2726.0,786,2708.0,1020
1597988414160408064,1597988414356000000,2020-08-21 13:40:14.356000,2716.0,2734.0,2670.0,2694.0,nan,2704.162261,539599,14591632520.0,543655,2718.0,735,2716.0,942,2720.0,890,2714.0,672,2722.0,664,2712.0,824,2724.0,590,2710.0,911,2726.0,785,2708.0,1020
1597988414652646912,1597988414920999936,2020-08-21 13:40:14.921000,2718.0,2734.0,2670.0,2694.0,nan,2704.165255,539735,14595326340.0,543656,2718.0,772,2716.0,815,2720.0,890,2714.0,672,2722.0,664,2712.0,824,2724.0,418,2710.0,911,2726.0,785,2708.0,1020
1597988415143096064,1597988415437999872,2020-08-21 13:40:15.438000,2716.0,2734.0,2670.0,2694.0,nan,2704.16561,539751,14595760920.0,543642,2718.0,771,2716.0,804,2720.0,890,2714.0,672,2722.0,663,2712.0,824,2724.0,417,2710.0,917,2726.0,785,2708.0,1020
1597988415706375936,1597988415935000064,2020-08-21 13:40:15.935000,2718.0,2734.0,2670.0,2694.0,nan,2704.165957,539766,14596168420.0,543653,2718.0,767,2716.0,793,2720.0,910,2714.0,672,2722.0,658,2712.0,824,2724.0,417,2710.0,917,2726.0,785,2708.0,1020
1597988416135009024,1597988416325999872,2020-08-21 13:40:16.326000,2716.0,2734.0,2670.0,2694.0,nan,2704.17402,540134,14606163300.0,543804,2718.0,765,2716.0,425,2720.0,910,2714.0,672,2722.0,659,2712.0,824,2724.0,417,2710.0,917,2726.0,786,2708.0,1020
1597988416629043968,1597988416935000064,2020-08-21 13:40:16.935000,2716.0,2734.0,2670.0,2694.0,nan,2704.183471,540566,14617896420.0,543737,2716.0,293,2714.0,671,2718.0,799,2712.0,824,2720.0,910,2710.0,917,2722.0,659,2708.0,1020,2724.0,417,2706.0,1496
1597988417191462912,1597988417420999936,2020-08-21 13:40:17.421000,2716.0,2734.0,2670.0,2694.0,nan,2704.184353,540614,14619199200.0,543731,2716.0,622,2714.0,631,2718.0,675,2712.0,824,2720.0,911,2710.0,906,2722.0,659,2708.0,1023,2724.0,398,2706.0,1504
1597988417622025984,1597988417892999936,2020-08-21 13:40:17.893000,2714.0,2734.0,2670.0,2694.0,nan,2704.184459,540619,14619334980.0,543732,2716.0,678,2714.0,632,2718.0,683,2712.0,819,2720.0,915,2710.0,912,2722.0,647,2708.0,971,2724.0,386,2706.0,1504
1597988418119628032,1597988418427000064,2020-08-21 13:40:18.427000,2716.0,2734.0,2670.0,2694.0,nan,2704.189481,540888,14626636400.0,543630,2716.0,646,2714.0,400,2718.0,677,2712.0,819,2720.0,916,2710.0,912,2722.0,641,2708.0,971,2724.0,403,2706.0,1504
1597988418608948992,1597988418917999872,2020-08-21 13:40:18.918000,2714.0,2734.0,2670.0,2694.0,nan,2704.189579,540893,14626772140.0,543631,2716.0,790,2714.0,394,2718.0,693,2712.0,820,2720.0,901,2710.0,913,2722.0,640,2708.0,971,2724.0,387,2706.0,1504
1597988419122848000,1597988419430000128,2020-08-21 13:40:19.430000,2714.0,2734.0,2670.0,2694.0,nan,2704.18987,540907,14627152300.0,543642,2716.0,796,2714.0,391,2718.0,691,2712.0,820,2720.0,905,2710.0,913,2722.0,640,2708.0,971,2724.0,371,2706.0,1504
1597988419619299072,1597988419924999936,2020-08-21 13:40:19.925000,2716.0,2734.0,2670.0,2694.0,nan,2704.190567,540943,14628129580.0,543640,2716.0,794,2714.0,365,2718.0,691,2712.0,820,2720.0,908,2710.0,913,2722.0,640,2708.0,971,2724.0,366,2706.0,1504
1597988420109809920,1597988420433000192,2020-08-21 13:40:20.433000,2716.0,2734.0,2670.0,2694.0,nan,2704.192134,541029,14630463660.0,543584,2716.0,794,2714.0,329,2718.0,615,2712.0,819,2720.0,908,2710.0,913,2722.0,640,2708.0,971,2724.0,366,2706.0,1505
1597988420619325952,1597988420932000000,2020-08-21 13:40:20.932000,2716.0,2734.0,2670.0,2694.0,nan,2704.1927,541060,14631305020.0,543555,2716.0,793,2714.0,299,2718.0,611,2712.0,819,2720.0,928,2710.0,913,2722.0,640,2708.0,971,2724.0,360,2706.0,1505
1597988421124421888,1597988421390000128,2020-08-21 13:40:21.390000,2716.0,2734.0,2670.0,2694.0,nan,2704.192943,541073,14631657880.0,543546,2716.0,860,2714.0,299,2718.0,614,2712.0,819,2720.0,928,2710.0,911,2722.0,640,2708.0,971,2724.0,360,2706.0,1507
1597988421617550080,1597988421928000000,2020-08-21 13:40:21.928000,2714.0,2734.0,2670.0,2694.0,nan,2704.193146,541084,14631956440.0,543547,2716.0,885,2714.0,284,2718.0,612,2712.0,820,2720.0,928,2710.0,910,2722.0,636,2708.0,970,2724.0,354,2706.0,1507
1597988422102508032,1597988422401999872,2020-08-21 13:40:22.402000,2716.0,2734.0,2670.0,2694.0,nan,2704.193432,541099,14632363620.0,543547,2716.0,901,2714.0,270,2718.0,616,2712.0,820,2720.0,927,2710.0,910,2722.0,636,2708.0,970,2724.0,350,2706.0,1507
1597988422643076096,1597988422921999872,2020-08-21 13:40:22.922000,2714.0,2734.0,2670.0,2694.0,nan,2704.19349,541102,14632445060.0,543550,2716.0,912,2714.0,270,2718.0,617,2712.0,821,2720.0,926,2710.0,910,2722.0,636,2708.0,971,2724.0,350,2706.0,1507
1597988423147038976,1597988423430000128,2020-08-21 13:40:23.430000,2716.0,2734.0,2670.0,2694.0,nan,2704.193567,541106,14632553640.0,543551,2716.0,911,2714.0,316,2718.0,617,2712.0,821,2720.0,926,2710.0,911,2722.0,635,2708.0,972,2724.0,350,2706.0,1507
1597988423630062080,1597988423857000192,2020-08-21 13:40:23.857000,2716.0,2734.0,2670.0,2694.0,nan,2704.193799,541118,14632879400.0,543555,2716.0,906,2714.0,348,2718.0,622,2712.0,821,2720.0,926,2710.0,911,2722.0,635,2708.0,972,2724.0,350,2706.0,1507
1597988424221917952,1597988424434000128,2020-08-21 13:40:24.434000,2714.0,2734.0,2670.0,2694.0,nan,2704.193904,541123,14633015180.0,543558,2716.0,715,2714.0,403,2718.0,622,2712.0,821,2720.0,925,2710.0,911,2722.0,635,2708.0,973,2724.0,350,2706.0,1507
1597988424624176128,1597988424924000000,2020-08-21 13:40:24.924000,2714.0,2734.0,2670.0,2694.0,nan,2704.193962,541126,14633096620.0,543559,2716.0,679,2714.0,474,2718.0,622,2712.0,821,2720.0,925,2710.0,924,2722.0,635,2708.0,973,2724.0,350,2706.0,1507
1597988425119813888,1597988425424999936,2020-08-21 13:40:25.425000,2716.0,2734.0,2670.0,2694.0,nan,2704.204054,541593,14645779860.0,543411,2716.0,267,2714.0,553,2718.0,622,2712.0,821,2720.0,925,2710.0,924,2722.0,635,2708.0,973,2724.0,350,2706.0,1507
1597988425623747072,1597988425930000128,2020-08-21 13:40:25.930000,2716.0,2734.0,2670.0,2694.0,nan,2704.210153,541873,14653384680.0,543492,2718.0,623,2716.0,428,2720.0,856,2714.0,637,2722.0,635,2712.0,822,2724.0,351,2710.0,924,2726.0,826,2708.0,974
1597988426268665088,1597988426431000064,2020-08-21 13:40:26.431000,2716.0,2734.0,2670.0,2694.0,nan,2704.210389,541883,14653656380.0,543493,2718.0,619,2716.0,473,2720.0,855,2714.0,667,2722.0,634,2712.0,823,2724.0,352,2710.0,925,2726.0,827,2708.0,976
1597988426762553088,1597988426934000128,2020-08-21 13:40:26.934000,2716.0,2734.0,2670.0,2694.0,nan,2704.210606,541893,14653927980.0,543483,2718.0,656,2716.0,470,2720.0,855,2714.0,668,2722.0,634,2712.0,823,2724.0,362,2710.0,925,2726.0,827,2708.0,976
1597988427143236096,1597988427434000128,2020-08-21 13:40:27.434000,2716.0,2734.0,2670.0,2694.0,nan,2704.21065,541895,14653982300.0,543482,2718.0,622,2716.0,472,2720.0,855,2714.0,684,2722.0,634,2712.0,823,2724.0,362,2710.0,924,2726.0,827,2708.0,981
1597988427623376896,1597988427918999808,2020-08-21 13:40:27.919000,2716.0,2734.0,2670.0,2694.0,nan,2704.21065,541895,14653982300.0,543482,2718.0,619,2716.0,475,2720.0,854,2714.0,683,2722.0,634,2712.0,823,2724.0,361,2710.0,924,2726.0,826,2708.0,981
1597988428124110080,1597988428412000000,2020-08-21 13:40:28.412000,2716.0,2734.0,2670.0,2694.0,nan,2704.210671,541896,14654009460.0,543482,2718.0,648,2716.0,476,2720.0,855,2714.0,684,2722.0,635,2712.0,829,2724.0,362,2710.0,924,2726.0,826,2708.0,981
1597988428602801920,1597988428924999936,2020-08-21 13:40:28.925000,2716.0,2734.0,2670.0,2694.0,nan,2704.210671,541896,14654009460.0,543482,2718.0,648,2716.0,477,2720.0,850,2714.0,689,2722.0,635,2712.0,828,2724.0,362,2710.0,930,2726.0,826,2708.0,981
1597988429132946944,1597988429424999936,2020-08-21 13:40:29.425000,2716.0,2734.0,2670.0,2694.0,nan,2704.210671,541896,14654009460.0,543482,2718.0,648,2716.0,477,2720.0,850,2714.0,641,2722.0,636,2712.0,828,2724.0,362,2710.0,930,2726.0,826,2708.0,986
1597988429609217024,1597988429936999936,2020-08-21 13:40:29.937000,2716.0,2734.0,2670.0,2694.0,nan,2704.210671,541896,14654009460.0,543482,2718.0,649,2716.0,480,2720.0,871,2714.0,650,2722.0,635,2712.0,827,2724.0,341,2710.0,936,2726.0,825,2708.0,986
1597988430134301952,1597988430434000128,2020-08-21 13:40:30.434000,2716.0,2734.0,2670.0,2694.0,nan,2704.210671,541896,14654009460.0,543482,2718.0,651,2716.0,223,2720.0,871,2714.0,651,2722.0,635,2712.0,827,2724.0,342,2710.0,936,2726.0,825,2708.0,986
1597988430645647872,1597988430927000064,2020-08-21 13:40:30.927000,2718.0,2734.0,2670.0,2694.0,nan,2704.211157,541918,14654607020.0,543462,2718.0,649,2716.0,113,2720.0,871,2714.0,652,2722.0,635,2712.0,827,2724.0,342,2710.0,936,2726.0,825,2708.0,986
1597988431115209984,1597988431431000064,2020-08-21 13:40:31.431000,2716.0,2734.0,2670.0,2694.0,nan,2704.2114,541929,14654905800.0,543453,2718.0,648,2716.0,94,2720.0,870,2714.0,653,2722.0,633,2712.0,828,2724.0,342,2710.0,936,2726.0,825,2708.0,986
1597988431623340032,1597988431912000000,2020-08-21 13:40:31.912000,2716.0,2734.0,2670.0,2694.0,nan,2704.211702,541941,14655231940.0,543465,2718.0,638,2716.0,93,2720.0,870,2714.0,653,2722.0,633,2712.0,861,2724.0,342,2710.0,936,2726.0,825,2708.0,986
1597988432137436928,1597988432428000000,2020-08-21 13:40:32.428000,2716.0,2734.0,2670.0,2694.0,nan,2704.214464,542068,14658681260.0,543424,2716.0,45,2714.0,653,2718.0,638,2712.0,861,2720.0,870,2710.0,936,2722.0,633,2708.0,986,2724.0,337,2706.0,1516
1597988432613533952,1597988432936999936,2020-08-21 13:40:32.937000,2716.0,2734.0,2670.0,2694.0,nan,2704.216246,542150,14660908380.0,543394,2716.0,108,2714.0,659,2718.0,618,2712.0,861,2720.0,870,2710.0,938,2722.0,628,2708.0,986,2724.0,337,2706.0,1516
1597988433137344000,1597988433437999872,2020-08-21 13:40:33.438000,2716.0,2734.0,2670.0,2694.0,nan,2704.216333,542154,14661017020.0,543397,2716.0,108,2714.0,664,2718.0,639,2712.0,861,2720.0,870,2710.0,938,2722.0,628,2708.0,986,2724.0,337,2706.0,1516
