local_nano_time,quote_nano_time,datetime,last_price,highest,lowest,open,close,average,volume,amount,open_interest,ask_price1,ask_volume1,bid_price1,bid_volume1,ask_price2,ask_volume2,bid_price2,bid_volume2,ask_price3,ask_volume3,bid_price3,bid_volume3,ask_price4,ask_volume4,bid_price4,bid_volume4,ask_price5,ask_volume5,bid_price5,bid_volume5
1597988226568075008,1597988226913000192,2020-08-21 13:37:06.913000,4694.6,4719.6,4680.0,4691.6,nan,4699.53,71038,100153558740.0,112507,4694.6,6,4694.2,2,nan,0,nan,0,nan,0,nan,0,nan,0,nan,0,nan,0,nan,0
1597988227076349952,1597988227436000000,2020-08-21 13:37:07.436000,4694.6,4719.6,4680.0,4691.6,nan,4699.53,71038,100153558740.0,112507,4694.4,2,4694.2,2,nan,0,nan,0,nan,0,nan,0,nan,0,nan,0,nan,0,nan,0
1597988227562267904,1597988227936000000,2020-08-21 13:37:07.936000,4694.2,4719.6,4680.0,4691.6,nan,4699.53,71041,100157783640.0,112509,4694.4,6,4694.2,2,nan,0,nan,0,nan,0,nan,0,nan,0,nan,0,nan,0,nan,0
1597988228079091968,1597988228427000064,2020-08-21 13:37:08.427000,4694.2,4719.6,4680.0,4691.6,nan,4699.529,71042,100159191900.0,112508,4694.4,7,4694.2,1,nan,0,nan,0,nan,0,nan,0,nan,0,nan,0,nan,0,nan,0
1597988228559457024,1597988228901999872,2020-08-21 13:37:08.902000,4694.2,4719.6,4680.0,4691.6,nan,4699.529,71043,100160600160.0,112508,4694.2,5,4694.0,2,nan,0,nan,0,nan,0,nan,0,nan,0,nan,0,nan,0,nan,0
1597988229081121024,1597988229431000064,2020-08-21 13:37:09.431000,4694.4,4719.6,4680.0,4691.6,nan,4699.529,71050,100170458100.0,112507,4694.6,1,4694.2,2,nan,0,nan,0,nan,0,nan,0,nan,0,nan,0,nan,0,nan,0
1597988229561807872,1597988229932000000,2020-08-21 13:37:09.932000,4694.2,4719.6,4680.0,4691.6,nan,4699.528,71059,100183132980.0,112511,4694.6,1,4694.4,1,nan,0,nan,0,nan,0,nan,0,nan,0,nan,0,nan,0,nan,0
1597988230056815104,1597988230432000000,2020-08-21 13:37:10.432000,4694.6,4719.6,4680.0,4691.6,nan,4699.528,71060,100184541360.0,112512,4695.0,1,4694.4,2,nan,0,nan,0,nan,0,nan,0,nan,0,nan,0,nan,0,nan,0
1597988230550704896,1597988230935000064,2020-08-21 13:37:10.935000,4694.6,4719.6,4680.0,4691.6,nan,4699.528,71064,100190175060.0,112513,4695.2,3,4694.4,3,nan,0,nan,0,nan,0,nan,0,nan,0,nan,0,nan,0,nan,0
1597988231047666944,1597988231436999936,2020-08-21 13:37:11.437000,4694.6,4719.6,4680.0,4691.6,nan,4699.528,71064,100190175060.0,112513,4695.0,1,4694.4,3,nan,0,nan,0,nan,0,nan,0,nan,0,nan,0,nan,0,nan,0
1597988231558139904,1597988231910000128,2020-08-21 13:37:11.910000,4695.0,4719.6,4680.0,4691.6,nan,4699.528,71065,100191583560.0,112513,4695.2,3,4694.4,3,nan,0,nan,0,nan,0,nan,0,nan,0,nan,0,nan,0,nan,0
1597988232043254016,1597988232423000064,2020-08-21 13:37:12.423000,4695.0,4719.6,4680.0,4691.6,nan,4699.528,71065,100191583560.0,112513,4695.2,3,4694.4,3,nan,0,nan,0,nan,0,nan,0,nan,0,nan,0,nan,0,nan,0
1597988232540023040,1597988232932000000,2020-08-21 13:37:12.932000,4694.4,4719.6,4680.0,4691.6,nan,4699.528,71067,100194400380.0,112514,4695.2,3,4694.4,2,nan,0,nan,0,nan,0,nan,0,nan,0,nan,0,nan,0,nan,0
1597988233042125056,1597988233405999872,2020-08-21 13:37:13.406000,4694.4,4719.6,4680.0,4691.6,nan,4699.528,71068,100195808700.0,112515,4695.2,4,4694.6,1,nan,0,nan,0,nan,0,nan,0,nan,0,nan,0,nan,0,nan,0
1597988233544459008,1597988233912000000,2020-08-21 13:37:13.912000,4694.4,4719.6,4680.0,4691.6,nan,4699.528,71069,100197217020.0,112515,4695.2,4,4694.4,2,nan,0,nan,0,nan,0,nan,0,nan,0,nan,0,nan,0,nan,0
1597988234047290880,1597988234427000064,2020-08-21 13:37:14.427000,4694.4,4719.6,4680.0,4691.6,nan,4699.528,71069,100197217020.0,112515,4695.2,4,4694.4,3,nan,0,nan,0,nan,0,nan,0,nan,0,nan,0,nan,0,nan,0
1597988234551941120,1597988234937999872,2020-08-21 13:37:14.938000,4694.4,4719.6,4680.0,4691.6,nan,4699.527,71070,100198625340.0,112516,4695.0,1,4694.4,3,nan,0,nan,0,nan,0,nan,0,nan,0,nan,0,nan,0,nan,0
1597988235541967104,1597988235905999872,2020-08-21 13:37:15.906000,4695.0,4719.6,4680.0,4691.6,nan,4699.527,71071,100200033840.0,112517,4695.2,4,4694.6,1,nan,0,nan,0,nan,0,nan,0,nan,0,nan,0,nan,0,nan,0
1597988236045650944,1597988236432000000,2020-08-21 13:37:16.432000,4695.0,4719.6,4680.0,4691.6,nan,4699.527,71072,100201442340.0,112517,4695.0,4,4694.6,2,nan,0,nan,0,nan,0,nan,0,nan,0,nan,0,nan,0,nan,0
1597988236545712896,1597988236918999808,2020-08-21 13:37:16.919000,4695.0,4719.6,4680.0,4691.6,nan,4699.527,71074,100204259340.0,112519,4695.0,2,4694.6,1,nan,0,nan,0,nan,0,nan,0,nan,0,nan,0,nan,0,nan,0
1597988237050629888,1597988237435000064,2020-08-21 13:37:17.435000,4694.2,4719.6,4680.0,4691.6,nan,4699.527,71081,100214117520.0,112519,4694.4,3,4694.0,4,nan,0,nan,0,nan,0,nan,0,nan,0,nan,0,nan,0,nan,0
1597988237553559040,1597988237934000128,2020-08-21 13:37:17.934000,4694.2,4719.6,4680.0,4691.6,nan,4699.527,71081,100214117520.0,112519,4694.4,1,4694.0,5,nan,0,nan,0,nan,0,nan,0,nan,0,nan,0,nan,0,nan,0
1597988238059664896,1597988238430000128,2020-08-21 13:37:18.430000,4694.0,4719.6,4680.0,4691.6,nan,4699.527,71083,100216933920.0,112521,4694.4,1,4694.0,2,nan,0,nan,0,nan,0,nan,0,nan,0,nan,0,nan,0,nan,0
1597988238552273920,1597988238932000000,2020-08-21 13:37:18.932000,4693.4,4719.6,4680.0,4691.6,nan,4699.526,71089,100225382760.0,112521,4694.8,2,4693.4,4,nan,0,nan,0,nan,0,nan,0,nan,0,nan,0,nan,0,nan,0
1597988239056112128,1597988239420999936,2020-08-21 13:37:19.421000,4693.4,4719.6,4680.0,4691.6,nan,4699.526,71092,100229606820.0,112522,4694.0,1,4693.4,2,nan,0,nan,0,nan,0,nan,0,nan,0,nan,0,nan,0,nan,0
1597988239560377088,1597988239932000000,2020-08-21 13:37:19.932000,4693.8,4719.6,4680.0,4691.6,nan,4699.526,71094,100232422980.0,112522,4694.0,1,4693.4,1,nan,0,nan,0,nan,0,nan,0,nan,0,nan,0,nan,0,nan,0
1597988240067033088,1597988240416999936,2020-08-21 13:37:20.417000,4693.8,4719.6,4680.0,4691.6,nan,4699.526,71095,100233831120.0,112523,4694.0,2,4693.4,1,nan,0,nan,0,nan,0,nan,0,nan,0,nan,0,nan,0,nan,0
1597988240550945024,1597988240916000000,2020-08-21 13:37:20.916000,4693.2,4719.6,4680.0,4691.6,nan,4699.525,71097,100236647100.0,112525,4693.4,1,4693.2,4,nan,0,nan,0,nan,0,nan,0,nan,0,nan,0,nan,0,nan,0
1597988241067872000,1597988241423000064,2020-08-21 13:37:21.423000,4693.8,4719.6,4680.0,4691.6,nan,4699.525,71101,100242279420.0,112527,4694.0,3,4693.8,1,nan,0,nan,0,nan,0,nan,0,nan,0,nan,0,nan,0,nan,0
1597988241571953920,1597988241936000000,2020-08-21 13:37:21.936000,4693.8,4719.6,4680.0,4691.6,nan,4699.524,71111,100256359620.0,112536,4693.8,5,4693.0,11,nan,0,nan,0,nan,0,nan,0,nan,0,nan,0,nan,0,nan,0
1597988242076295936,1597988242423000064,2020-08-21 13:37:22.423000,4693.0,4719.6,4680.0,4691.6,nan,4699.523,71123,100273254420.0,112544,4693.0,1,4692.8,2,nan,0,nan,0,nan,0,nan,0,nan,0,nan,0,nan,0,nan,0
1597988242568964096,1597988242935000064,2020-08-21 13:37:22.935000,4693.0,4719.6,4680.0,4691.6,nan,4699.523,71128,100280293800.0,112542,4693.4,1,4692.6,12,nan,0,nan,0,nan,0,nan,0,nan,0,nan,0,nan,0,nan,0
1597988243070553088,1597988243432000000,2020-08-21 13:37:23.432000,4692.8,4719.6,4680.0,4691.6,nan,4699.522,71131,100284517200.0,112545,4692.8,2,4692.6,10,nan,0,nan,0,nan,0,nan,0,nan,0,nan,0,nan,0,nan,0
1597988243578458112,1597988243917999872,2020-08-21 13:37:23.918000,4692.8,4719.6,4680.0,4691.6,nan,4699.522,71136,100291556160.0,112542,4693.2,3,4692.6,6,nan,0,nan,0,nan,0,nan,0,nan,0,nan,0,nan,0,nan,0
1597988244069506048,1597988244433000192,2020-08-21 13:37:24.433000,4692.6,4719.6,4680.0,4691.6,nan,4699.522,71139,100295779500.0,112541,4693.2,3,4692.8,1,nan,0,nan,0,nan,0,nan,0,nan,0,nan,0,nan,0,nan,0
1597988244575182080,1597988244932000000,2020-08-21 13:37:24.932000,4693.0,4719.6,4680.0,4691.6,nan,4699.521,71141,100298595180.0,112543,4692.8,4,4692.6,6,nan,0,nan,0,nan,0,nan,0,nan,0,nan,0,nan,0,nan,0
1597988245073540096,1597988245427000064,2020-08-21 13:37:25.427000,4692.8,4719.6,4680.0,4691.6,nan,4699.521,71143,100301410860.0,112545,4692.8,3,4692.6,6,nan,0,nan,0,nan,0,nan,0,nan,0,nan,0,nan,0,nan,0
1597988245561417984,1597988245882999808,2020-08-21 13:37:25.883000,4692.6,4719.6,4680.0,4691.6,nan,4699.521,71146,100305634320.0,112545,4692.8,1,4692.6,5,nan,0,nan,0,nan,0,nan,0,nan,0,nan,0,nan,0,nan,0
1597988246099683072,1597988246423000064,2020-08-21 13:37:26.423000,4692.6,4719.6,4680.0,4691.6,nan,4699.52,71152,100314081000.0,112549,4692.6,1,4692.2,11,nan,0,nan,0,nan,0,nan,0,nan,0,nan,0,nan,0,nan,0
1597988246576369920,1597988246932000000,2020-08-21 13:37:26.932000,4692.6,4719.6,4680.0,4691.6,nan,4699.52,71158,100322527320.0,112553,4692.4,2,4692.2,8,nan,0,nan,0,nan,0,nan,0,nan,0,nan,0,nan,0,nan,0
1597988247060898048,1597988247436999936,2020-08-21 13:37:27.437000,4692.2,4719.6,4680.0,4691.6,nan,4699.519,71167,100335196500.0,112553,4692.6,1,4692.4,2,nan,0,nan,0,nan,0,nan,0,nan,0,nan,0,nan,0,nan,0
1597988247571448064,1597988247912000000,2020-08-21 13:37:27.912000,4692.2,4719.6,4680.0,4691.6,nan,4699.518,71175,100346458500.0,112557,4693.0,1,4692.0,10,nan,0,nan,0,nan,0,nan,0,nan,0,nan,0,nan,0,nan,0
1597988248068726016,1597988248420999936,2020-08-21 13:37:28.421000,4692.2,4719.6,4680.0,4691.6,nan,4699.517,71181,100354905120.0,112557,4692.8,1,4692.2,1,nan,0,nan,0,nan,0,nan,0,nan,0,nan,0,nan,0,nan,0
1597988248558548992,1597988248938999808,2020-08-21 13:37:28.939000,4692.2,4719.6,4680.0,4691.6,nan,4699.517,71181,100354905120.0,112557,4692.8,2,4692.6,2,nan,0,nan,0,nan,0,nan,0,nan,0,nan,0,nan,0,nan,0
1597988249057550080,1597988249420000000,2020-08-21 13:37:29.420000,4692.6,4719.6,4680.0,4691.6,nan,4699.517,71184,100359128580.0,112559,4693.0,1,4692.6,1,nan,0,nan,0,nan,0,nan,0,nan,0,nan,0,nan,0,nan,0
1597988249555424000,1597988249930000128,2020-08-21 13:37:29.930000,4692.6,4719.6,4680.0,4691.6,nan,4699.517,71189,100366167600.0,112562,4692.6,22,4692.4,1,nan,0,nan,0,nan,0,nan,0,nan,0,nan,0,nan,0,nan,0
1597988250070404096,1597988250435000064,2020-08-21 13:37:30.435000,4692.4,4719.6,4680.0,4691.6,nan,4699.516,71192,100370390700.0,112564,4692.4,6,4692.2,1,nan,0,nan,0,nan,0,nan,0,nan,0,nan,0,nan,0,nan,0
1597988250570340096,1597988250933000192,2020-08-21 13:37:30.933000,4692.2,4719.6,4680.0,4691.6,nan,4699.516,71193,100371798360.0,112565,4692.2,1,4692.0,9,nan,0,nan,0,nan,0,nan,0,nan,0,nan,0,nan,0,nan,0
1597988251069746944,1597988251436000000,2020-08-21 13:37:31.436000,4692.2,4719.6,4680.0,4691.6,nan,4699.515,71201,100383059400.0,112567,4692.2,1,4692.0,5,nan,0,nan,0,nan,0,nan,0,nan,0,nan,0,nan,0,nan,0
1597988251557280000,1597988251914000128,2020-08-21 13:37:31.914000,4692.2,4719.6,4680.0,4691.6,nan,4699.515,71206,100390097460.0,112568,4692.4,6,4692.0,1,nan,0,nan,0,nan,0,nan,0,nan,0,nan,0,nan,0,nan,0
1597988252056349952,1597988252421999872,2020-08-21 13:37:32.422000,4692.0,4719.6,4680.0,4691.6,nan,4699.515,71207,100391505060.0,112569,4692.0,3,4691.8,4,nan,0,nan,0,nan,0,nan,0,nan,0,nan,0,nan,0,nan,0
1597988252573993984,1597988252933000192,2020-08-21 13:37:32.933000,4691.8,4719.6,4680.0,4691.6,nan,4699.514,71212,100398542880.0,112571,4692.0,1,4691.8,1,nan,0,nan,0,nan,0,nan,0,nan,0,nan,0,nan,0,nan,0
1597988253058032128,1597988253424000000,2020-08-21 13:37:33.424000,4691.4,4719.6,4680.0,4691.6,nan,4699.514,71215,100402765440.0,112573,4692.2,2,4691.2,4,nan,0,nan,0,nan,0,nan,0,nan,0,nan,0,nan,0,nan,0
1597988253575784960,1597988253898999808,2020-08-21 13:37:33.899000,4691.2,4719.6,4680.0,4691.6,nan,4699.513,71225,100416839880.0,112569,4692.2,2,4691.8,1,nan,0,nan,0,nan,0,nan,0,nan,0,nan,0,nan,0,nan,0
1597988254069021952,1597988254438999808,2020-08-21 13:37:34.439000,4692.0,4719.6,4680.0,4691.6,nan,4699.512,71233,100428100320.0,112565,4692.2,2,4692.0,1,nan,0,nan,0,nan,0,nan,0,nan,0,nan,0,nan,0,nan,0
1597988254571401984,1597988254935000064,2020-08-21 13:37:34.935000,4691.0,4719.6,4680.0,4691.6,nan,4699.511,71239,100436544600.0,112570,4691.8,2,4691.0,14,nan,0,nan,0,nan,0,nan,0,nan,0,nan,0,nan,0,nan,0
1597988255077400064,1597988255433000192,2020-08-21 13:37:35.433000,4691.8,4719.6,4680.0,4691.6,nan,4699.51,71249,100450618980.0,112574,4692.0,4,4691.4,1,nan,0,nan,0,nan,0,nan,0,nan,0,nan,0,nan,0,nan,0
1597988255587939072,1597988255931000064,2020-08-21 13:37:35.931000,4691.6,4719.6,4680.0,4691.6,nan,4699.509,71256,100460471880.0,112576,4691.8,1,4691.6,1,nan,0,nan,0,nan,0,nan,0,nan,0,nan,0,nan,0,nan,0
1597988256073722880,1597988256426000128,2020-08-21 13:37:36.426000,4692.0,4719.6,4680.0,4691.6,nan,4699.509,71263,100470325020.0,112578,4692.2,4,4692.0,5,nan,0,nan,0,nan,0,nan,0,nan,0,nan,0,nan,0,nan,0
1597988256586864896,1597988256924999936,2020-08-21 13:37:36.925000,4692.2,4719.6,4680.0,4691.6,nan,4699.507,71278,100491440280.0,112589,4692.6,20,4692.2,5,nan,0,nan,0,nan,0,nan,0,nan,0,nan,0,nan,0,nan,0
1597988257081038080,1597988257427000064,2020-08-21 13:37:37.427000,4692.4,4719.6,4680.0,4691.6,nan,4699.505,71299,100521003600.0,112595,4692.6,1,4692.2,3,nan,0,nan,0,nan,0,nan,0,nan,0,nan,0,nan,0,nan,0
1597988257587884032,1597988257933000192,2020-08-21 13:37:37.933000,4693.0,4719.6,4680.0,4691.6,nan,4699.505,71303,100526635020.0,112598,4693.0,1,4692.8,4,nan,0,nan,0,nan,0,nan,0,nan,0,nan,0,nan,0,nan,0
1597988258072404992,1597988258416999936,2020-08-21 13:37:38.417000,4692.8,4719.6,4680.0,4691.6,nan,4699.505,71305,100529450700.0,112599,4693.6,1,4692.6,2,nan,0,nan,0,nan,0,nan,0,nan,0,nan,0,nan,0,nan,0
1597988258573956096,1597988258935000064,2020-08-21 13:37:38.935000,4692.8,4719.6,4680.0,4691.6,nan,4699.504,71308,100533674100.0,112599,4692.8,1,4692.6,1,nan,0,nan,0,nan,0,nan,0,nan,0,nan,0,nan,0,nan,0
1597988259072898048,1597988259405999872,2020-08-21 13:37:39.406000,4692.4,4719.6,4680.0,4691.6,nan,4699.504,71310,100536489600.0,112601,4692.6,4,4692.4,1,nan,0,nan,0,nan,0,nan,0,nan,0,nan,0,nan,0,nan,0
1597988259580019968,1597988259921999872,2020-08-21 13:37:39.922000,4692.0,4719.6,4680.0,4691.6,nan,4699.503,71316,100544935620.0,112604,4692.0,1,4691.8,3,nan,0,nan,0,nan,0,nan,0,nan,0,nan,0,nan,0,nan,0
1597988260090232064,1597988260427000064,2020-08-21 13:37:40.427000,4692.4,4719.6,4680.0,4691.6,nan,4699.503,71320,100550566200.0,112606,4692.6,9,4692.2,1,nan,0,nan,0,nan,0,nan,0,nan,0,nan,0,nan,0,nan,0
1597988260573136896,1597988260932000000,2020-08-21 13:37:40.932000,4692.0,4719.6,4680.0,4691.6,nan,4699.502,71326,100559011740.0,112607,4692.0,7,4691.6,2,nan,0,nan,0,nan,0,nan,0,nan,0,nan,0,nan,0,nan,0
1597988261073377024,1597988261436000000,2020-08-21 13:37:41.436000,4691.6,4719.6,4680.0,4691.6,nan,4699.502,71328,100561826700.0,112607,4691.8,1,4691.4,4,nan,0,nan,0,nan,0,nan,0,nan,0,nan,0,nan,0,nan,0
1597988261574295040,1597988261931000064,2020-08-21 13:37:41.931000,4691.6,4719.6,4680.0,4691.6,nan,4699.502,71332,100567456740.0,112609,4691.6,1,4691.4,6,nan,0,nan,0,nan,0,nan,0,nan,0,nan,0,nan,0,nan,0
1597988262074051072,1597988262435000064,2020-08-21 13:37:42.435000,4691.6,4719.6,4680.0,4691.6,nan,4699.501,71334,100570271700.0,112610,4692.6,11,4691.8,2,nan,0,nan,0,nan,0,nan,0,nan,0,nan,0,nan,0,nan,0
1597988262578772992,1597988262910000128,2020-08-21 13:37:42.910000,4691.6,4719.6,4680.0,4691.6,nan,4699.501,71335,100571679180.0,112611,4692.4,1,4691.6,3,nan,0,nan,0,nan,0,nan,0,nan,0,nan,0,nan,0,nan,0
1597988263062223872,1597988263379000064,2020-08-21 13:37:43.379000,4692.2,4719.6,4680.0,4691.6,nan,4699.501,71337,100574494320.0,112613,4692.2,2,4691.6,3,nan,0,nan,0,nan,0,nan,0,nan,0,nan,0,nan,0,nan,0
1597988263580243968,1597988263930000128,2020-08-21 13:37:43.930000,4691.4,4719.6,4680.0,4691.6,nan,4699.501,71342,100581531600.0,112609,4692.2,4,4691.8,1,nan,0,nan,0,nan,0,nan,0,nan,0,nan,0,nan,0,nan,0
1597988264062639104,1597988264433000192,2020-08-21 13:37:44.433000,4691.8,4719.6,4680.0,4691.6,nan,4699.5,71343,100582939140.0,112609,4692.2,3,4691.8,3,nan,0,nan,0,nan,0,nan,0,nan,0,nan,0,nan,0,nan,0
1597988264561541888,1597988264935000064,2020-08-21 13:37:44.935000,4691.8,4719.6,4680.0,4691.6,nan,4699.5,71346,100587161760.0,112612,4692.2,3,4691.4,4,nan,0,nan,0,nan,0,nan,0,nan,0,nan,0,nan,0,nan,0
1597988265067365120,1597988265413000192,2020-08-21 13:37:45.413000,4691.8,4719.6,4680.0,4691.6,nan,4699.5,71346,100587161760.0,112612,4692.2,3,4691.6,1,nan,0,nan,0,nan,0,nan,0,nan,0,nan,0,nan,0,nan,0
1597988265558995968,1597988265935000064,2020-08-21 13:37:45.935000,4692.6,4719.6,4680.0,4691.6,nan,4699.5,71351,100594200060.0,112616,4692.6,9,4691.6,1,nan,0,nan,0,nan,0,nan,0,nan,0,nan,0,nan,0,nan,0
1597988266092241920,1597988266424999936,2020-08-21 13:37:46.425000,4692.2,4719.6,4680.0,4691.6,nan,4699.499,71359,100605462180.0,112621,4692.6,2,4692.2,2,nan,0,nan,0,nan,0,nan,0,nan,0,nan,0,nan,0,nan,0
1597988266563032064,1597988266924000000,2020-08-21 13:37:46.924000,4692.6,4719.6,4680.0,4691.6,nan,4699.498,71363,100611093300.0,112620,4693.6,2,4692.8,3,nan,0,nan,0,nan,0,nan,0,nan,0,nan,0,nan,0,nan,0
1597988267111512064,1597988267416999936,2020-08-21 13:37:47.417000,4692.8,4719.6,4680.0,4691.6,nan,4699.498,71365,100613908980.0,112620,4692.6,1,4692.4,2,nan,0,nan,0,nan,0,nan,0,nan,0,nan,0,nan,0,nan,0
1597988267577469952,1597988267938999808,2020-08-21 13:37:47.939000,4692.8,4719.6,4680.0,4691.6,nan,4699.498,71367,100616724600.0,112620,4694.4,6,4692.8,4,nan,0,nan,0,nan,0,nan,0,nan,0,nan,0,nan,0,nan,0
1597988268084261120,1597988268428999936,2020-08-21 13:37:48.429000,4692.8,4719.6,4680.0,4691.6,nan,4699.498,71368,100618132440.0,112620,4694.0,2,4692.8,4,nan,0,nan,0,nan,0,nan,0,nan,0,nan,0,nan,0,nan,0
1597988268587986944,1597988268924999936,2020-08-21 13:37:48.925000,4693.6,4719.6,4680.0,4691.6,nan,4699.498,71371,100622356200.0,112620,4693.6,5,4692.8,2,nan,0,nan,0,nan,0,nan,0,nan,0,nan,0,nan,0,nan,0
1597988269083960064,1597988269407000064,2020-08-21 13:37:49.407000,4692.8,4719.6,4680.0,4691.6,nan,4699.497,71382,100637844840.0,112618,4693.4,1,4692.8,1,nan,0,nan,0,nan,0,nan,0,nan,0,nan,0,nan,0,nan,0
1597988269579749888,1597988269923000064,2020-08-21 13:37:49.923000,4692.8,4719.6,4680.0,4691.6,nan,4699.497,71383,100639252680.0,112619,4693.4,2,4692.4,1,nan,0,nan,0,nan,0,nan,0,nan,0,nan,0,nan,0,nan,0
1597988270079826944,1597988270424000000,2020-08-21 13:37:50.424000,4692.8,4719.6,4680.0,4691.6,nan,4699.497,71383,100639252680.0,112619,4693.4,1,4692.4,2,nan,0,nan,0,nan,0,nan,0,nan,0,nan,0,nan,0,nan,0
1597988270568923904,1597988270935000064,2020-08-21 13:37:50.935000,4692.8,4719.6,4680.0,4691.6,nan,4699.497,71383,100639252680.0,112619,4693.0,1,4692.6,1,nan,0,nan,0,nan,0,nan,0,nan,0,nan,0,nan,0,nan,0
1597988271071661056,1597988271434000128,2020-08-21 13:37:51.434000,4692.8,4719.6,4680.0,4691.6,nan,4699.497,71383,100639252680.0,112619,4693.0,1,4692.6,1,nan,0,nan,0,nan,0,nan,0,nan,0,nan,0,nan,0,nan,0
1597988271567812096,1597988271913000192,2020-08-21 13:37:51.913000,4693.0,4719.6,4680.0,4691.6,nan,4699.497,71384,100640660580.0,112620,4693.4,2,4692.6,1,nan,0,nan,0,nan,0,nan,0,nan,0,nan,0,nan,0,nan,0
1597988272069688064,1597988272432000000,2020-08-21 13:37:52.432000,4693.0,4719.6,4680.0,4691.6,nan,4699.497,71384,100640660580.0,112620,4693.4,2,4692.6,1,nan,0,nan,0,nan,0,nan,0,nan,0,nan,0,nan,0,nan,0
1597988272570097920,1597988272932000000,2020-08-21 13:37:52.932000,4692.6,4719.6,4680.0,4691.6,nan,4699.496,71386,100643476200.0,112620,4693.4,2,4692.4,1,nan,0,nan,0,nan,0,nan,0,nan,0,nan,0,nan,0,nan,0
1597988273080200960,1597988273434000128,2020-08-21 13:37:53.434000,4692.6,4719.6,4680.0,4691.6,nan,4699.496,71386,100643476200.0,112620,4693.4,3,4692.4,1,nan,0,nan,0,nan,0,nan,0,nan,0,nan,0,nan,0,nan,0
1597988273565765888,1597988273932000000,2020-08-21 13:37:53.932000,4692.6,4719.6,4680.0,4691.6,nan,4699.496,71386,100643476200.0,112620,4693.4,2,4692.4,1,nan,0,nan,0,nan,0,nan,0,nan,0,nan,0,nan,0,nan,0
1597988274069818880,1597988274432000000,2020-08-21 13:37:54.432000,4692.6,4719.6,4680.0,4691.6,nan,4699.496,71386,100643476200.0,112620,4692.8,1,4692.6,1,nan,0,nan,0,nan,0,nan,0,nan,0,nan,0,nan,0,nan,0
1597988274567494912,1597988274931000064,2020-08-21 13:37:54.931000,4693.4,4719.6,4680.0,4691.6,nan,4699.496,71389,100647699780.0,112621,4693.4,1,4692.2,8,nan,0,nan,0,nan,0,nan,0,nan,0,nan,0,nan,0,nan,0
1597988275065186048,1597988275411000064,2020-08-21 13:37:55.411000,4694.2,4719.6,4680.0,4691.6,nan,4699.495,71399,100661780940.0,112621,4693.4,1,4692.6,1,nan,0,nan,0,nan,0,nan,0,nan,0,nan,0,nan,0,nan,0
1597988275569111040,1597988275917999872,2020-08-21 13:37:55.918000,4693.4,4719.6,4680.0,4691.6,nan,4699.495,71402,100666005000.0,112624,4694.2,2,4693.4,1,nan,0,nan,0,nan,0,nan,0,nan,0,nan,0,nan,0,nan,0
1597988276088027904,1597988276423000064,2020-08-21 13:37:56.423000,4693.4,4719.6,4680.0,4691.6,nan,4699.495,71402,100666005000.0,112624,4694.4,1,4692.8,4,nan,0,nan,0,nan,0,nan,0,nan,0,nan,0,nan,0,nan,0
1597988276578336000,1597988276926000128,2020-08-21 13:37:56.926000,4693.4,4719.6,4680.0,4691.6,nan,4699.495,71402,100666005000.0,112624,4694.4,2,4693.6,1,nan,0,nan,0,nan,0,nan,0,nan,0,nan,0,nan,0,nan,0
1597988277091845120,1597988277428999936,2020-08-21 13:37:57.429000,4693.6,4719.6,4680.0,4691.6,nan,4699.495,71403,100667413080.0,112625,4694.4,1,4693.0,5,nan,0,nan,0,nan,0,nan,0,nan,0,nan,0,nan,0,nan,0
1597988277580250112,1597988277920000000,2020-08-21 13:37:57.920000,4693.2,4719.6,4680.0,4691.6,nan,4699.495,71405,100670229000.0,112627,4694.4,2,4693.0,8,nan,0,nan,0,nan,0,nan,0,nan,0,nan,0,nan,0,nan,0
1597988278074548992,1597988278436000000,2020-08-21 13:37:58.436000,4694.2,4719.6,4680.0,4691.6,nan,4699.495,71409,100675861860.0,112629,4694.2,1,4693.0,7,nan,0,nan,0,nan,0,nan,0,nan,0,nan,0,nan,0,nan,0
1597988278569242112,1597988278937999872,2020-08-21 13:37:58.938000,4693.0,4719.6,4680.0,4691.6,nan,4699.494,71411,100678677900.0,112628,4694.2,1,4693.0,9,nan,0,nan,0,nan,0,nan,0,nan,0,nan,0,nan,0,nan,0
1597988279067883008,1597988279436000000,2020-08-21 13:37:59.436000,4694.0,4719.6,4680.0,4691.6,nan,4699.494,71413,100681494000.0,112627,4694.2,1,4693.2,1,nan,0,nan,0,nan,0,nan,0,nan,0,nan,0,nan,0,nan,0
1597988279574273024,1597988279936999936,2020-08-21 13:37:59.937000,4693.2,4719.6,4680.0,4691.6,nan,4699.494,71414,100682901960.0,112627,4694.2,1,4693.2,3,nan,0,nan,0,nan,0,nan,0,nan,0,nan,0,nan,0,nan,0
1597988280078114048,1597988280436000000,2020-08-21 13:38:00.436000,4693.2,4719.6,4680.0,4691.6,nan,4699.494,71417,100687125840.0,112629,4694.2,1,4693.4,1,nan,0,nan,0,nan,0,nan,0,nan,0,nan,0,nan,0,nan,0
1597988280572896000,1597988280933000192,2020-08-21 13:38:00.933000,4693.2,4719.6,4680.0,4691.6,nan,4699.494,71418,100688533800.0,112630,4694.2,1,4693.4,1,nan,0,nan,0,nan,0,nan,0,nan,0,nan,0,nan,0,nan,0
1597988281074742016,1597988281405999872,2020-08-21 13:38:01.406000,4693.2,4719.6,4680.0,4691.6,nan,4699.494,71418,100688533800.0,112630,4693.6,1,4693.4,1,nan,0,nan,0,nan,0,nan,0,nan,0,nan,0,nan,0,nan,0
1597988281585536000,1597988281924999936,2020-08-21 13:38:01.925000,4693.6,4719.6,4680.0,4691.6,nan,4699.494,71419,100689941880.0,112631,4693.6,2,4693.4,2,nan,0,nan,0,nan,0,nan,0,nan,0,nan,0,nan,0,nan,0
1597988282066895104,1597988282423000064,2020-08-21 13:38:02.423000,4693.4,4719.6,4680.0,4691.6,nan,4699.494,71421,100692757920.0,112632,4693.4,2,4693.2,3,nan,0,nan,0,nan,0,nan,0,nan,0,nan,0,nan,0,nan,0
1597988282569496064,1597988282935000064,2020-08-21 13:38:02.935000,4693.4,4719.6,4680.0,4691.6,nan,4699.493,71425,100698389880.0,112635,4693.6,2,4693.4,1,nan,0,nan,0,nan,0,nan,0,nan,0,nan,0,nan,0,nan,0
1597988283068919040,1597988283430000128,2020-08-21 13:38:03.430000,4693.2,4719.6,4680.0,4691.6,nan,4699.493,71427,100701205860.0,112636,4693.4,1,4693.0,7,nan,0,nan,0,nan,0,nan,0,nan,0,nan,0,nan,0,nan,0
1597988283571891968,1597988283913000192,2020-08-21 13:38:03.913000,4693.2,4719.6,4680.0,4691.6,nan,4699.493,71427,100701205860.0,112636,4693.2,1,4693.0,7,nan,0,nan,0,nan,0,nan,0,nan,0,nan,0,nan,0,nan,0
1597988284073359872,1597988284435000064,2020-08-21 13:38:04.435000,4693.0,4719.6,4680.0,4691.6,nan,4699.493,71428,100702613760.0,112636,4693.2,1,4693.0,5,nan,0,nan,0,nan,0,nan,0,nan,0,nan,0,nan,0,nan,0
1597988284568269056,1597988284932000000,2020-08-21 13:38:04.932000,4693.0,4719.6,4680.0,4691.6,nan,4699.492,71433,100709653800.0,112637,4694.4,4,4693.0,3,nan,0,nan,0,nan,0,nan,0,nan,0,nan,0,nan,0,nan,0
1597988285086458112,1597988285413000192,2020-08-21 13:38:05.413000,4693.0,4719.6,4680.0,4691.6,nan,4699.492,71433,100709653800.0,112637,4694.0,5,4693.8,1,nan,0,nan,0,nan,0,nan,0,nan,0,nan,0,nan,0,nan,0
1597988285581847040,1597988285937999872,2020-08-21 13:38:05.938000,4693.4,4719.6,4680.0,4691.6,nan,4699.492,71438,100716693660.0,112642,4693.4,5,4693.2,1,nan,0,nan,0,nan,0,nan,0,nan,0,nan,0,nan,0,nan,0
1597988286081680896,1597988286428000000,2020-08-21 13:38:06.428000,4692.4,4719.6,4680.0,4691.6,nan,4699.492,71443,100723732800.0,112643,4692.8,1,4692.4,3,nan,0,nan,0,nan,0,nan,0,nan,0,nan,0,nan,0,nan,0
1597988286585904896,1597988286936000000,2020-08-21 13:38:06.936000,4692.4,4719.6,4680.0,4691.6,nan,4699.491,71446,100727955960.0,112642,4692.4,1,4692.2,7,nan,0,nan,0,nan,0,nan,0,nan,0,nan,0,nan,0,nan,0
1597988287106483968,1597988287435000064,2020-08-21 13:38:07.435000,4692.2,4719.6,4680.0,4691.6,nan,4699.491,71453,100737809580.0,112644,4692.2,2,4692.0,3,nan,0,nan,0,nan,0,nan,0,nan,0,nan,0,nan,0,nan,0
1597988287589028096,1597988287937999872,2020-08-21 13:38:07.938000,4691.8,4719.6,4680.0,4691.6,nan,4699.49,71457,100743439920.0,112647,4692.0,2,4691.6,4,nan,0,nan,0,nan,0,nan,0,nan,0,nan,0,nan,0,nan,0
1597988288094776064,1597988288436999936,2020-08-21 13:38:08.437000,4691.6,4719.6,4680.0,4691.6,nan,4699.489,71463,100751885040.0,112649,4692.0,1,4691.8,1,nan,0,nan,0,nan,0,nan,0,nan,0,nan,0,nan,0,nan,0
1597988288598192896,1597988288913000192,2020-08-21 13:38:08.913000,4692.2,4719.6,4680.0,4691.6,nan,4699.489,71466,100756107900.0,112652,4692.2,2,4691.8,1,nan,0,nan,0,nan,0,nan,0,nan,0,nan,0,nan,0,nan,0
1597988289089329920,1597988289432000000,2020-08-21 13:38:09.432000,4692.2,4719.6,4680.0,4691.6,nan,4699.489,71466,100756107900.0,112652,4692.2,2,4692.0,1,nan,0,nan,0,nan,0,nan,0,nan,0,nan,0,nan,0,nan,0
1597988289580332032,1597988289911000064,2020-08-21 13:38:09.911000,4692.2,4719.6,4680.0,4691.6,nan,4699.489,71469,100760330820.0,112654,4692.4,1,4692.0,3,nan,0,nan,0,nan,0,nan,0,nan,0,nan,0,nan,0,nan,0
1597988290078025984,1597988290417999872,2020-08-21 13:38:10.418000,4692.6,4719.6,4680.0,4691.6,nan,4699.489,71472,100764553980.0,112656,4692.8,1,4692.2,1,nan,0,nan,0,nan,0,nan,0,nan,0,nan,0,nan,0,nan,0
1597988290590572032,1597988290931000064,2020-08-21 13:38:10.931000,4692.2,4719.6,4680.0,4691.6,nan,4699.488,71473,100765961640.0,112656,4692.6,4,4692.0,4,nan,0,nan,0,nan,0,nan,0,nan,0,nan,0,nan,0,nan,0
1597988291080004096,1597988291432000000,2020-08-21 13:38:11.432000,4692.2,4719.6,4680.0,4691.6,nan,4699.488,71474,100767369300.0,112657,4692.6,4,4692.0,6,nan,0,nan,0,nan,0,nan,0,nan,0,nan,0,nan,0,nan,0
1597988291581865984,1597988291936000000,2020-08-21 13:38:11.936000,4692.2,4719.6,4680.0,4691.6,nan,4699.488,71474,100767369300.0,112657,4692.6,4,4692.2,1,nan,0,nan,0,nan,0,nan,0,nan,0,nan,0,nan,0,nan,0
1597988292072808960,1597988292436999936,2020-08-21 13:38:12.437000,4692.6,4719.6,4680.0,4691.6,nan,4699.488,71475,100768777080.0,112658,4692.6,3,4692.2,2,nan,0,nan,0,nan,0,nan,0,nan,0,nan,0,nan,0,nan,0
1597988292575814912,1597988292936000000,2020-08-21 13:38:12.936000,4693.0,4719.6,4680.0,4691.6,nan,4699.488,71480,100775816160.0,112660,4693.0,2,4692.6,2,nan,0,nan,0,nan,0,nan,0,nan,0,nan,0,nan,0,nan,0
1597988293083661056,1597988293428000000,2020-08-21 13:38:13.428000,4692.8,4719.6,4680.0,4691.6,nan,4699.487,71484,100781447700.0,112659,4693.2,1,4692.6,4,nan,0,nan,0,nan,0,nan,0,nan,0,nan,0,nan,0,nan,0
1597988293585265920,1597988293931000064,2020-08-21 13:38:13.931000,4692.8,4719.6,4680.0,4691.6,nan,4699.487,71488,100787079180.0,112663,4693.0,1,4692.6,5,nan,0,nan,0,nan,0,nan,0,nan,0,nan,0,nan,0,nan,0
1597988294079144960,1597988294430000128,2020-08-21 13:38:14.430000,4693.0,4719.6,4680.0,4691.6,nan,4699.487,71489,100788487080.0,112663,4693.8,6,4693.6,1,nan,0,nan,0,nan,0,nan,0,nan,0,nan,0,nan,0,nan,0
1597988294594939904,1597988294933000192,2020-08-21 13:38:14.933000,4693.6,4719.6,4680.0,4691.6,nan,4699.487,71490,100789895160.0,112664,4693.2,3,4692.6,5,nan,0,nan,0,nan,0,nan,0,nan,0,nan,0,nan,0,nan,0
1597988295099981056,1597988295438999808,2020-08-21 13:38:15.439000,4692.6,4719.6,4680.0,4691.6,nan,4699.487,71491,100791302940.0,112665,4693.0,1,4692.6,3,nan,0,nan,0,nan,0,nan,0,nan,0,nan,0,nan,0,nan,0
1597988295587380992,1597988295937999872,2020-08-21 13:38:15.938000,4692.8,4719.6,4680.0,4691.6,nan,4699.486,71495,100796934120.0,112669,4693.0,1,4692.6,2,nan,0,nan,0,nan,0,nan,0,nan,0,nan,0,nan,0,nan,0
1597988296080260096,1597988296431000064,2020-08-21 13:38:16.431000,4692.6,4719.6,4680.0,4691.6,nan,4699.486,71498,100801157460.0,112668,4692.8,1,4692.2,4,nan,0,nan,0,nan,0,nan,0,nan,0,nan,0,nan,0,nan,0
1597988296594501120,1597988296903000064,2020-08-21 13:38:16.903000,4692.0,4719.6,4680.0,4691.6,nan,4699.485,71504,100809603300.0,112669,4692.8,1,4692.0,3,nan,0,nan,0,nan,0,nan,0,nan,0,nan,0,nan,0,nan,0
1597988297084002048,1597988297424999936,2020-08-21 13:38:17.425000,4692.0,4719.6,4680.0,4691.6,nan,4699.485,71504,100809603300.0,112669,4692.2,2,4692.0,3,nan,0,nan,0,nan,0,nan,0,nan,0,nan,0,nan,0,nan,0
1597988297588603904,1597988297937999872,2020-08-21 13:38:17.938000,4692.2,4719.6,4680.0,4691.6,nan,4699.485,71507,100813826280.0,112670,4692.6,6,4692.0,3,nan,0,nan,0,nan,0,nan,0,nan,0,nan,0,nan,0,nan,0
1597988298094949120,1597988298433000192,2020-08-21 13:38:18.433000,4692.2,4719.6,4680.0,4691.6,nan,4699.485,71507,100813826280.0,112670,4692.6,5,4692.0,4,nan,0,nan,0,nan,0,nan,0,nan,0,nan,0,nan,0,nan,0
1597988298584029952,1597988298876000000,2020-08-21 13:38:18.876000,4692.2,4719.6,4680.0,4691.6,nan,4699.485,71513,100822272600.0,112670,4692.6,3,4692.0,4,nan,0,nan,0,nan,0,nan,0,nan,0,nan,0,nan,0,nan,0
1597988299081348096,1597988299417999872,2020-08-21 13:38:19.418000,4692.2,4719.6,4680.0,4691.6,nan,4699.484,71515,100825088040.0,112672,4692.6,2,4692.0,5,nan,0,nan,0,nan,0,nan,0,nan,0,nan,0,nan,0,nan,0
1597988299577885952,1597988299933000192,2020-08-21 13:38:19.933000,4692.2,4719.6,4680.0,4691.6,nan,4699.484,71515,100825088040.0,112672,4692.6,2,4692.2,2,nan,0,nan,0,nan,0,nan,0,nan,0,nan,0,nan,0,nan,0
1597988300077999104,1597988300418999808,2020-08-21 13:38:20.419000,4692.2,4719.6,4680.0,4691.6,nan,4699.484,71515,100825088040.0,112672,4692.6,2,4692.2,2,nan,0,nan,0,nan,0,nan,0,nan,0,nan,0,nan,0,nan,0
1597988300580549120,1597988300936999936,2020-08-21 13:38:20.937000,4692.4,4719.6,4680.0,4691.6,nan,4699.484,71516,100826495760.0,112673,4692.4,2,4692.2,2,nan,0,nan,0,nan,0,nan,0,nan,0,nan,0,nan,0,nan,0
1597988301300347904,1597988301433000192,2020-08-21 13:38:21.433000,4692.2,4719.6,4680.0,4691.6,nan,4699.484,71519,100830718800.0,112674,4692.4,1,4692.0,4,nan,0,nan,0,nan,0,nan,0,nan,0,nan,0,nan,0,nan,0
1597988301580461056,1597988301933000192,2020-08-21 13:38:21.933000,4692.2,4719.6,4680.0,4691.6,nan,4699.484,71521,100833534120.0,112676,4692.4,1,4692.2,1,nan,0,nan,0,nan,0,nan,0,nan,0,nan,0,nan,0,nan,0
1597988302087026944,1597988302412000000,2020-08-21 13:38:22.412000,4692.0,4719.6,4680.0,4691.6,nan,4699.483,71524,100837757040.0,112677,4692.4,1,4692.0,3,nan,0,nan,0,nan,0,nan,0,nan,0,nan,0,nan,0,nan,0
1597988302589287936,1597988302926000128,2020-08-21 13:38:22.926000,4692.0,4719.6,4680.0,4691.6,nan,4699.483,71524,100837757040.0,112677,4692.4,1,4692.0,3,nan,0,nan,0,nan,0,nan,0,nan,0,nan,0,nan,0,nan,0
1597988303077654016,1597988303428000000,2020-08-21 13:38:23.428000,4692.2,4719.6,4680.0,4691.6,nan,4699.483,71525,100839164700.0,112677,4692.4,1,4692.0,3,nan,0,nan,0,nan,0,nan,0,nan,0,nan,0,nan,0,nan,0
1597988303804674048,1597988303917999872,2020-08-21 13:38:23.918000,4692.2,4719.6,4680.0,4691.6,nan,4699.483,71525,100839164700.0,112677,4692.4,1,4692.2,1,nan,0,nan,0,nan,0,nan,0,nan,0,nan,0,nan,0,nan,0
1597988304082918912,1597988304435000064,2020-08-21 13:38:24.435000,4692.2,4719.6,4680.0,4691.6,nan,4699.483,71526,100840572360.0,112678,4692.4,1,4692.0,3,nan,0,nan,0,nan,0,nan,0,nan,0,nan,0,nan,0,nan,0
1597988304582169088,1597988304928999936,2020-08-21 13:38:24.929000,4692.0,4719.6,4680.0,4691.6,nan,4699.483,71530,100846202880.0,112680,4692.6,2,4691.8,3,nan,0,nan,0,nan,0,nan,0,nan,0,nan,0,nan,0,nan,0
1597988305084958976,1597988305433000192,2020-08-21 13:38:25.433000,4692.0,4719.6,4680.0,4691.6,nan,4699.483,71530,100846202880.0,112680,4692.6,2,4692.4,20,nan,0,nan,0,nan,0,nan,0,nan,0,nan,0,nan,0,nan,0
1597988305590152960,1597988305936999936,2020-08-21 13:38:25.937000,4692.4,4719.6,4680.0,4691.6,nan,4699.482,71538,100857464760.0,112682,4693.0,2,4692.6,1,nan,0,nan,0,nan,0,nan,0,nan,0,nan,0,nan,0,nan,0
1597988306089264896,1597988306417999872,2020-08-21 13:38:26.418000,4693.0,4719.6,4680.0,4691.6,nan,4699.482,71540,100860280440.0,112683,4692.6,2,4692.4,14,nan,0,nan,0,nan,0,nan,0,nan,0,nan,0,nan,0,nan,0
1597988306596768000,1597988306932000000,2020-08-21 13:38:26.932000,4692.6,4719.6,4680.0,4691.6,nan,4699.482,71543,100864503660.0,112682,4692.6,1,4692.4,12,nan,0,nan,0,nan,0,nan,0,nan,0,nan,0,nan,0,nan,0
1597988307079203072,1597988307413000192,2020-08-21 13:38:27.413000,4692.4,4719.6,4680.0,4691.6,nan,4699.481,71550,100874357760.0,112680,4693.0,1,4692.4,7,nan,0,nan,0,nan,0,nan,0,nan,0,nan,0,nan,0,nan,0
1597988307584499968,1597988307923000064,2020-08-21 13:38:27.923000,4692.4,4719.6,4680.0,4691.6,nan,4699.481,71550,100874357760.0,112680,4692.6,1,4692.4,7,nan,0,nan,0,nan,0,nan,0,nan,0,nan,0,nan,0,nan,0
1597988308084481024,1597988308432000000,2020-08-21 13:38:28.432000,4692.6,4719.6,4680.0,4691.6,nan,4699.481,71551,100875765540.0,112680,4692.8,2,4692.4,7,nan,0,nan,0,nan,0,nan,0,nan,0,nan,0,nan,0,nan,0
1597988308600375040,1597988308936999936,2020-08-21 13:38:28.937000,4692.6,4719.6,4680.0,4691.6,nan,4699.481,71551,100875765540.0,112680,4692.8,3,4692.4,7,nan,0,nan,0,nan,0,nan,0,nan,0,nan,0,nan,0,nan,0
1597988309094464000,1597988309437999872,2020-08-21 13:38:29.438000,4692.8,4719.6,4680.0,4691.6,nan,4699.481,71553,100878581220.0,112680,4692.8,1,4692.4,7,nan,0,nan,0,nan,0,nan,0,nan,0,nan,0,nan,0,nan,0
1597988309698926080,1597988309937999872,2020-08-21 13:38:29.938000,4692.6,4719.6,4680.0,4691.6,nan,4699.48,71555,100881396780.0,112681,4692.8,1,4692.4,7,nan,0,nan,0,nan,0,nan,0,nan,0,nan,0,nan,0,nan,0
1597988310090437888,1597988310433000192,2020-08-21 13:38:30.433000,4692.8,4719.6,4680.0,4691.6,nan,4699.48,71558,100885620060.0,112683,4693.0,3,4692.4,5,nan,0,nan,0,nan,0,nan,0,nan,0,nan,0,nan,0,nan,0
1597988310582977024,1597988310916000000,2020-08-21 13:38:30.916000,4692.8,4719.6,4680.0,4691.6,nan,4699.48,71558,100885620060.0,112683,4693.0,3,4692.4,6,nan,0,nan,0,nan,0,nan,0,nan,0,nan,0,nan,0,nan,0
1597988311087676928,1597988311407000064,2020-08-21 13:38:31.407000,4693.2,4719.6,4680.0,4691.6,nan,4699.48,71565,100895475600.0,112688,4693.4,4,4693.2,3,nan,0,nan,0,nan,0,nan,0,nan,0,nan,0,nan,0,nan,0
1597988311599771904,1597988311936000000,2020-08-21 13:38:31.936000,4693.2,4719.6,4680.0,4691.6,nan,4699.479,71566,100896883560.0,112689,4693.4,5,4693.2,2,nan,0,nan,0,nan,0,nan,0,nan,0,nan,0,nan,0,nan,0
1597988312088441088,1597988312436999936,2020-08-21 13:38:32.437000,4693.2,4719.6,4680.0,4691.6,nan,4699.479,71568,100899699480.0,112690,4693.4,5,4692.4,6,nan,0,nan,0,nan,0,nan,0,nan,0,nan,0,nan,0,nan,0
1597988312606422016,1597988312916999936,2020-08-21 13:38:32.917000,4693.2,4719.6,4680.0,4691.6,nan,4699.479,71568,100899699480.0,112690,4693.4,5,4692.4,7,nan,0,nan,0,nan,0,nan,0,nan,0,nan,0,nan,0,nan,0
1597988313082359040,1597988313424000000,2020-08-21 13:38:33.424000,4692.4,4719.6,4680.0,4691.6,nan,4699.479,71569,100901107200.0,112690,4693.4,5,4692.4,7,nan,0,nan,0,nan,0,nan,0,nan,0,nan,0,nan,0,nan,0
1597988313593032960,1597988313927000064,2020-08-21 13:38:33.927000,4692.4,4719.6,4680.0,4691.6,nan,4699.479,71569,100901107200.0,112690,4693.4,5,4692.6,2,nan,0,nan,0,nan,0,nan,0,nan,0,nan,0,nan,0,nan,0
1597988314085447936,1597988314420999936,2020-08-21 13:38:34.421000,4692.4,4719.6,4680.0,4691.6,nan,4699.479,71569,100901107200.0,112690,4693.4,5,4692.6,3,nan,0,nan,0,nan,0,nan,0,nan,0,nan,0,nan,0,nan,0
1597988314588502016,1597988314897000192,2020-08-21 13:38:34.897000,4692.4,4719.6,4680.0,4691.6,nan,4699.479,71569,100901107200.0,112690,4693.2,1,4692.6,4,nan,0,nan,0,nan,0,nan,0,nan,0,nan,0,nan,0,nan,0
1597988315086466048,1597988315403000064,2020-08-21 13:38:35.403000,4692.4,4719.6,4680.0,4691.6,nan,4699.479,71569,100901107200.0,112690,4693.2,3,4692.8,1,nan,0,nan,0,nan,0,nan,0,nan,0,nan,0,nan,0,nan,0
1597988315609760000,1597988315878000128,2020-08-21 13:38:35.878000,4693.0,4719.6,4680.0,4691.6,nan,4699.479,71571,100903922820.0,112691,4693.2,3,4692.6,4,nan,0,nan,0,nan,0,nan,0,nan,0,nan,0,nan,0,nan,0
1597988316086632960,1597988316420000000,2020-08-21 13:38:36.420000,4693.0,4719.6,4680.0,4691.6,nan,4699.479,71571,100903922820.0,112691,4693.2,3,4693.0,1,nan,0,nan,0,nan,0,nan,0,nan,0,nan,0,nan,0,nan,0
1597988316589114112,1597988316920999936,2020-08-21 13:38:36.921000,4693.0,4719.6,4680.0,4691.6,nan,4699.479,71571,100903922820.0,112691,4693.2,3,4693.0,1,nan,0,nan,0,nan,0,nan,0,nan,0,nan,0,nan,0,nan,0
1597988317091977984,1597988317431000064,2020-08-21 13:38:37.431000,4693.0,4719.6,4680.0,4691.6,nan,4699.479,71571,100903922820.0,112691,4693.2,3,4693.0,1,nan,0,nan,0,nan,0,nan,0,nan,0,nan,0,nan,0,nan,0
1597988317588459008,1597988317900999936,2020-08-21 13:38:37.901000,4693.0,4719.6,4680.0,4691.6,nan,4699.479,71571,100903922820.0,112691,4693.2,3,4693.0,2,nan,0,nan,0,nan,0,nan,0,nan,0,nan,0,nan,0,nan,0
1597988318097806080,1597988318426000128,2020-08-21 13:38:38.426000,4693.2,4719.6,4680.0,4691.6,nan,4699.479,71573,100906738740.0,112692,4693.2,1,4693.0,3,nan,0,nan,0,nan,0,nan,0,nan,0,nan,0,nan,0,nan,0
1597988318591814912,1597988318931000064,2020-08-21 13:38:38.931000,4693.0,4719.6,4680.0,4691.6,nan,4699.479,71575,100909554600.0,112693,4693.4,5,4693.0,2,nan,0,nan,0,nan,0,nan,0,nan,0,nan,0,nan,0,nan,0
1597988319094957056,1597988319404000000,2020-08-21 13:38:39.404000,4693.0,4719.6,4680.0,4691.6,nan,4699.478,71577,100912370400.0,112695,4693.4,5,4692.6,5,nan,0,nan,0,nan,0,nan,0,nan,0,nan,0,nan,0,nan,0
1597988319604913920,1597988319927000064,2020-08-21 13:38:39.927000,4692.6,4719.6,4680.0,4691.6,nan,4699.478,71578,100913778180.0,112694,4693.4,5,4692.6,4,nan,0,nan,0,nan,0,nan,0,nan,0,nan,0,nan,0,nan,0
1597988320087804928,1597988320428999936,2020-08-21 13:38:40.429000,4692.6,4719.6,4680.0,4691.6,nan,4699.478,71579,100915185960.0,112695,4693.2,1,4692.6,3,nan,0,nan,0,nan,0,nan,0,nan,0,nan,0,nan,0,nan,0
1597988320634887936,1597988320934000128,2020-08-21 13:38:40.934000,4692.6,4719.6,4680.0,4691.6,nan,4699.478,71579,100915185960.0,112695,4693.2,1,4692.6,2,nan,0,nan,0,nan,0,nan,0,nan,0,nan,0,nan,0,nan,0
1597988321090202112,1597988321436999936,2020-08-21 13:38:41.437000,4692.6,4719.6,4680.0,4691.6,nan,4699.478,71581,100918001520.0,112696,4693.2,1,4692.4,10,nan,0,nan,0,nan,0,nan,0,nan,0,nan,0,nan,0,nan,0
1597988321608922880,1597988321938999808,2020-08-21 13:38:41.939000,4692.6,4719.6,4680.0,4691.6,nan,4699.478,71581,100918001520.0,112696,4693.0,1,4692.4,10,nan,0,nan,0,nan,0,nan,0,nan,0,nan,0,nan,0,nan,0
1597988322092097024,1597988322426000128,2020-08-21 13:38:42.426000,4693.0,4719.6,4680.0,4691.6,nan,4699.478,71582,100919409420.0,112697,4693.2,1,4692.4,10,nan,0,nan,0,nan,0,nan,0,nan,0,nan,0,nan,0,nan,0
1597988322601723904,1597988322928999936,2020-08-21 13:38:42.929000,4693.2,4719.6,4680.0,4691.6,nan,4699.478,71583,100920817380.0,112696,4693.4,5,4692.4,10,nan,0,nan,0,nan,0,nan,0,nan,0,nan,0,nan,0,nan,0
1597988323090471936,1597988323428999936,2020-08-21 13:38:43.429000,4693.2,4719.6,4680.0,4691.6,nan,4699.478,71583,100920817380.0,112696,4693.4,5,4692.4,10,nan,0,nan,0,nan,0,nan,0,nan,0,nan,0,nan,0,nan,0
1597988323591011072,1597988323924999936,2020-08-21 13:38:43.925000,4693.2,4719.6,4680.0,4691.6,nan,4699.478,71583,100920817380.0,112696,4693.4,5,4692.4,10,nan,0,nan,0,nan,0,nan,0,nan,0,nan,0,nan,0,nan,0
1597988324090412032,1597988324424999936,2020-08-21 13:38:44.425000,4693.2,4719.6,4680.0,4691.6,nan,4699.478,71583,100920817380.0,112696,4693.4,5,4692.6,1,nan,0,nan,0,nan,0,nan,0,nan,0,nan,0,nan,0,nan,0
1597988324597967104,1597988324895000064,2020-08-21 13:38:44.895000,4692.6,4719.6,4680.0,4691.6,nan,4699.478,71584,100922225160.0,112697,4692.6,1,4692.4,10,nan,0,nan,0,nan,0,nan,0,nan,0,nan,0,nan,0,nan,0
1597988325107154944,1597988325424000000,2020-08-21 13:38:45.424000,4692.4,4719.6,4680.0,4691.6,nan,4699.477,71587,100926448560.0,112697,4693.4,5,4692.4,9,nan,0,nan,0,nan,0,nan,0,nan,0,nan,0,nan,0,nan,0
1597988325607632896,1597988325935000064,2020-08-21 13:38:45.935000,4693.2,4719.6,4680.0,4691.6,nan,4699.477,71588,100927856520.0,112697,4693.2,1,4692.4,9,nan,0,nan,0,nan,0,nan,0,nan,0,nan,0,nan,0,nan,0
1597988326103952896,1597988326413000192,2020-08-21 13:38:46.413000,4692.6,4719.6,4680.0,4691.6,nan,4699.477,71589,100929264300.0,112697,4693.0,1,4692.4,9,nan,0,nan,0,nan,0,nan,0,nan,0,nan,0,nan,0,nan,0
1597988326596588032,1597988326921999872,2020-08-21 13:38:46.922000,4692.6,4719.6,4680.0,4691.6,nan,4699.477,71589,100929264300.0,112697,4692.8,1,4692.4,9,nan,0,nan,0,nan,0,nan,0,nan,0,nan,0,nan,0,nan,0
1597988327086767104,1597988327434000128,2020-08-21 13:38:47.434000,4692.6,4719.6,4680.0,4691.6,nan,4699.477,71589,100929264300.0,112697,4692.8,1,4692.6,1,nan,0,nan,0,nan,0,nan,0,nan,0,nan,0,nan,0,nan,0
1597988327604230912,1597988327936999936,2020-08-21 13:38:47.937000,4692.6,4719.6,4680.0,4691.6,nan,4699.477,71589,100929264300.0,112697,4692.8,2,4692.6,1,nan,0,nan,0,nan,0,nan,0,nan,0,nan,0,nan,0,nan,0
1597988328094892032,1597988328431000064,2020-08-21 13:38:48.431000,4692.6,4719.6,4680.0,4691.6,nan,4699.477,71590,100930672080.0,112698,4692.8,2,4692.4,9,nan,0,nan,0,nan,0,nan,0,nan,0,nan,0,nan,0,nan,0
1597988328605934080,1597988328881999872,2020-08-21 13:38:48.882000,4692.8,4719.6,4680.0,4691.6,nan,4699.477,71591,100932079920.0,112698,4692.8,1,4692.4,9,nan,0,nan,0,nan,0,nan,0,nan,0,nan,0,nan,0,nan,0
1597988329125740032,1597988329400000000,2020-08-21 13:38:49.400000,4692.8,4719.6,4680.0,4691.6,nan,4699.477,71591,100932079920.0,112698,4692.8,1,4692.4,9,nan,0,nan,0,nan,0,nan,0,nan,0,nan,0,nan,0,nan,0
1597988329606317056,1597988329930000128,2020-08-21 13:38:49.930000,4692.8,4719.6,4680.0,4691.6,nan,4699.477,71592,100933487760.0,112699,4693.0,1,4692.4,9,nan,0,nan,0,nan,0,nan,0,nan,0,nan,0,nan,0,nan,0
1597988330096656896,1597988330434000128,2020-08-21 13:38:50.434000,4692.4,4719.6,4680.0,4691.6,nan,4699.477,71593,100934895480.0,112700,4693.0,1,4692.4,8,nan,0,nan,0,nan,0,nan,0,nan,0,nan,0,nan,0,nan,0
1597988330593167872,1597988330931000064,2020-08-21 13:38:50.931000,4692.4,4719.6,4680.0,4691.6,nan,4699.477,71593,100934895480.0,112700,4692.8,1,4692.6,1,nan,0,nan,0,nan,0,nan,0,nan,0,nan,0,nan,0,nan,0
1597988331101485056,1597988331408000000,2020-08-21 13:38:51.408000,4692.4,4719.6,4680.0,4691.6,nan,4699.477,71595,100937710980.0,112701,4693.0,1,4692.4,7,nan,0,nan,0,nan,0,nan,0,nan,0,nan,0,nan,0,nan,0
1597988331597980928,1597988331923000064,2020-08-21 13:38:51.923000,4692.4,4719.6,4680.0,4691.6,nan,4699.476,71601,100946157300.0,112702,4692.8,1,4692.4,1,nan,0,nan,0,nan,0,nan,0,nan,0,nan,0,nan,0,nan,0
1597988332100342016,1597988332427000064,2020-08-21 13:38:52.427000,4692.4,4719.6,4680.0,4691.6,nan,4699.476,71602,100947565020.0,112702,4692.8,1,4692.0,5,nan,0,nan,0,nan,0,nan,0,nan,0,nan,0,nan,0,nan,0
1597988332657167872,1597988332932000000,2020-08-21 13:38:52.932000,4692.4,4719.6,4680.0,4691.6,nan,4699.476,71603,100948972740.0,112702,4693.0,1,4692.8,1,nan,0,nan,0,nan,0,nan,0,nan,0,nan,0,nan,0,nan,0
1597988333109854976,1597988333436000000,2020-08-21 13:38:53.436000,4692.8,4719.6,4680.0,4691.6,nan,4699.476,71604,100950380580.0,112703,4692.6,5,4692.0,5,nan,0,nan,0,nan,0,nan,0,nan,0,nan,0,nan,0,nan,0
1597988333639375104,1597988333913000192,2020-08-21 13:38:53.913000,4692.8,4719.6,4680.0,4691.6,nan,4699.476,71604,100950380580.0,112703,4692.8,2,4692.0,5,nan,0,nan,0,nan,0,nan,0,nan,0,nan,0,nan,0,nan,0
1597988334111878912,1597988334436000000,2020-08-21 13:38:54.436000,4692.0,4719.6,4680.0,4691.6,nan,4699.476,71605,100951788180.0,112702,4692.8,2,4692.0,4,nan,0,nan,0,nan,0,nan,0,nan,0,nan,0,nan,0,nan,0
1597988334598938112,1597988334927000064,2020-08-21 13:38:54.927000,4692.0,4719.6,4680.0,4691.6,nan,4699.476,71605,100951788180.0,112702,4692.8,2,4692.0,4,nan,0,nan,0,nan,0,nan,0,nan,0,nan,0,nan,0,nan,0
1597988335091794944,1597988335376000000,2020-08-21 13:38:55.376000,4692.0,4719.6,4680.0,4691.6,nan,4699.476,71605,100951788180.0,112702,4692.8,2,4692.0,4,nan,0,nan,0,nan,0,nan,0,nan,0,nan,0,nan,0,nan,0
1597988335621618944,1597988335924999936,2020-08-21 13:38:55.925000,4692.0,4719.6,4680.0,4691.6,nan,4699.476,71606,100953195780.0,112702,4692.6,1,4692.0,5,nan,0,nan,0,nan,0,nan,0,nan,0,nan,0,nan,0,nan,0
1597988336106846976,1597988336403000064,2020-08-21 13:38:56.403000,4692.0,4719.6,4680.0,4691.6,nan,4699.476,71606,100953195780.0,112702,4692.6,1,4692.2,1,nan,0,nan,0,nan,0,nan,0,nan,0,nan,0,nan,0,nan,0
1597988336596680960,1597988336936999936,2020-08-21 13:38:56.937000,4692.0,4719.6,4680.0,4691.6,nan,4699.476,71606,100953195780.0,112702,4692.4,1,4692.2,2,nan,0,nan,0,nan,0,nan,0,nan,0,nan,0,nan,0,nan,0
1597988337109349120,1597988337416999936,2020-08-21 13:38:57.417000,4692.0,4719.6,4680.0,4691.6,nan,4699.476,71607,100954603380.0,112702,4692.4,1,4692.2,1,nan,0,nan,0,nan,0,nan,0,nan,0,nan,0,nan,0,nan,0
1597988337599766016,1597988337934000128,2020-08-21 13:38:57.934000,4692.4,4719.6,4680.0,4691.6,nan,4699.475,71608,100956011100.0,112701,4692.8,1,4692.2,1,nan,0,nan,0,nan,0,nan,0,nan,0,nan,0,nan,0,nan,0
1597988338100154880,1597988338428000000,2020-08-21 13:38:58.428000,4692.4,4719.6,4680.0,4691.6,nan,4699.475,71608,100956011100.0,112701,4692.8,1,4692.6,1,nan,0,nan,0,nan,0,nan,0,nan,0,nan,0,nan,0,nan,0
1597988338609113088,1597988338928999936,2020-08-21 13:38:58.929000,4692.6,4719.6,4680.0,4691.6,nan,4699.475,71609,100957418880.0,112702,4692.4,2,4692.2,2,nan,0,nan,0,nan,0,nan,0,nan,0,nan,0,nan,0,nan,0
1597988339168151040,1597988339424000000,2020-08-21 13:38:59.424000,4692.2,4719.6,4680.0,4691.6,nan,4699.475,71611,100960234200.0,112702,4692.6,1,4692.2,1,nan,0,nan,0,nan,0,nan,0,nan,0,nan,0,nan,0,nan,0
1597988339608827904,1597988339934000128,2020-08-21 13:38:59.934000,4692.2,4719.6,4680.0,4691.6,nan,4699.475,71611,100960234200.0,112702,4692.6,1,4692.2,1,nan,0,nan,0,nan,0,nan,0,nan,0,nan,0,nan,0,nan,0
1597988340098947072,1597988340432000000,2020-08-21 13:39:00.432000,4692.2,4719.6,4680.0,4691.6,nan,4699.475,71612,100961641860.0,112702,4692.8,1,4692.6,1,nan,0,nan,0,nan,0,nan,0,nan,0,nan,0,nan,0,nan,0
1597988340609665024,1597988340924000000,2020-08-21 13:39:00.924000,4692.0,4719.6,4680.0,4691.6,nan,4699.475,71615,100965864780.0,112703,4692.8,2,4692.0,3,nan,0,nan,0,nan,0,nan,0,nan,0,nan,0,nan,0,nan,0
1597988341138544128,1597988341415000064,2020-08-21 13:39:01.415000,4692.0,4719.6,4680.0,4691.6,nan,4699.475,71617,100968679980.0,112703,4692.8,2,4692.6,1,nan,0,nan,0,nan,0,nan,0,nan,0,nan,0,nan,0,nan,0
1597988341616692992,1597988341936999936,2020-08-21 13:39:01.937000,4692.6,4719.6,4680.0,4691.6,nan,4699.474,71619,100971495540.0,112703,4692.8,3,4692.0,14,nan,0,nan,0,nan,0,nan,0,nan,0,nan,0,nan,0,nan,0
1597988342115173888,1597988342410000128,2020-08-21 13:39:02.410000,4692.6,4719.6,4680.0,4691.6,nan,4699.474,71619,100971495540.0,112703,4692.4,1,4692.2,2,nan,0,nan,0,nan,0,nan,0,nan,0,nan,0,nan,0,nan,0
1597988342603869952,1597988342924999936,2020-08-21 13:39:02.925000,4692.2,4719.6,4680.0,4691.6,nan,4699.474,71620,100972903200.0,112703,4692.4,1,4692.0,14,nan,0,nan,0,nan,0,nan,0,nan,0,nan,0,nan,0,nan,0
1597988343104264960,1597988343435000064,2020-08-21 13:39:03.435000,4692.2,4719.6,4680.0,4691.6,nan,4699.474,71625,100979941260.0,112705,4692.4,3,4692.2,2,nan,0,nan,0,nan,0,nan,0,nan,0,nan,0,nan,0,nan,0
1597988343636303872,1597988343936999936,2020-08-21 13:39:03.937000,4692.4,4719.6,4680.0,4691.6,nan,4699.473,71629,100985571900.0,112706,4692.4,4,4692.0,1,nan,0,nan,0,nan,0,nan,0,nan,0,nan,0,nan,0,nan,0
1597988344101443072,1597988344374000128,2020-08-21 13:39:04.374000,4692.4,4719.6,4680.0,4691.6,nan,4699.472,71640,101001055860.0,112716,4692.4,3,4691.8,5,nan,0,nan,0,nan,0,nan,0,nan,0,nan,0,nan,0,nan,0
1597988344633731072,1597988344918999808,2020-08-21 13:39:04.919000,4692.4,4719.6,4680.0,4691.6,nan,4699.472,71644,101006686740.0,112719,4692.4,1,4691.8,5,nan,0,nan,0,nan,0,nan,0,nan,0,nan,0,nan,0,nan,0
1597988345105273088,1597988345416999936,2020-08-21 13:39:05.417000,4692.4,4719.6,4680.0,4691.6,nan,4699.472,71644,101006686740.0,112719,4692.2,1,4692.0,2,nan,0,nan,0,nan,0,nan,0,nan,0,nan,0,nan,0,nan,0
1597988345609321984,1597988345923000064,2020-08-21 13:39:05.923000,4692.0,4719.6,4680.0,4691.6,nan,4699.471,71647,101010909660.0,112719,4692.2,1,4691.8,7,nan,0,nan,0,nan,0,nan,0,nan,0,nan,0,nan,0,nan,0
1597988346119930112,1597988346420999936,2020-08-21 13:39:06.421000,4692.2,4719.6,4680.0,4691.6,nan,4699.471,71648,101012317320.0,112720,4692.6,2,4691.8,7,nan,0,nan,0,nan,0,nan,0,nan,0,nan,0,nan,0,nan,0
1597988346611254016,1597988346920000000,2020-08-21 13:39:06.920000,4692.0,4719.6,4680.0,4691.6,nan,4699.471,71650,101015132520.0,112721,4692.0,1,4691.8,7,nan,0,nan,0,nan,0,nan,0,nan,0,nan,0,nan,0,nan,0
1597988347372920064,1597988347420999936,2020-08-21 13:39:07.421000,4692.0,4719.6,4680.0,4691.6,nan,4699.471,71651,101016540120.0,112721,4692.2,1,4691.8,7,nan,0,nan,0,nan,0,nan,0,nan,0,nan,0,nan,0,nan,0
1597988347612400896,1597988347923000064,2020-08-21 13:39:07.923000,4692.2,4719.6,4680.0,4691.6,nan,4699.471,71652,101017947780.0,112722,4692.2,1,4691.8,8,nan,0,nan,0,nan,0,nan,0,nan,0,nan,0,nan,0,nan,0
1597988348140456960,1597988348430000128,2020-08-21 13:39:08.430000,4691.8,4719.6,4680.0,4691.6,nan,4699.471,71653,101019355320.0,112723,4692.2,1,4691.8,7,nan,0,nan,0,nan,0,nan,0,nan,0,nan,0,nan,0,nan,0
1597988348607545088,1597988348932000000,2020-08-21 13:39:08.932000,4692.2,4719.6,4680.0,4691.6,nan,4699.471,71655,101022170520.0,112724,4692.4,1,4691.8,6,nan,0,nan,0,nan,0,nan,0,nan,0,nan,0,nan,0,nan,0
1597988349119859968,1597988349437999872,2020-08-21 13:39:09.438000,4692.2,4719.6,4680.0,4691.6,nan,4699.471,71655,101022170520.0,112724,4692.4,1,4691.8,6,nan,0,nan,0,nan,0,nan,0,nan,0,nan,0,nan,0,nan,0
1597988350095620096,1597988350412000000,2020-08-21 13:39:10.412000,4692.2,4719.6,4680.0,4691.6,nan,4699.471,71655,101022170520.0,112724,4692.4,1,4692.2,4,nan,0,nan,0,nan,0,nan,0,nan,0,nan,0,nan,0,nan,0
1597988350616786944,1597988350888000000,2020-08-21 13:39:10.888000,4692.2,4719.6,4680.0,4691.6,nan,4699.47,71657,101024985900.0,112725,4692.6,2,4692.2,3,nan,0,nan,0,nan,0,nan,0,nan,0,nan,0,nan,0,nan,0
1597988351115533056,1597988351423000064,2020-08-21 13:39:11.423000,4692.6,4719.6,4680.0,4691.6,nan,4699.47,71659,101027801340.0,112727,4692.6,1,4692.2,2,nan,0,nan,0,nan,0,nan,0,nan,0,nan,0,nan,0,nan,0
1597988351651291904,1597988351935000064,2020-08-21 13:39:11.935000,4692.6,4719.6,4680.0,4691.6,nan,4699.47,71660,101029209120.0,112728,4692.8,1,4692.2,2,nan,0,nan,0,nan,0,nan,0,nan,0,nan,0,nan,0,nan,0
1597988352105278976,1597988352436999936,2020-08-21 13:39:12.437000,4692.2,4719.6,4680.0,4691.6,nan,4699.47,71664,101034839700.0,112731,4692.8,1,4691.8,7,nan,0,nan,0,nan,0,nan,0,nan,0,nan,0,nan,0,nan,0
1597988352609636096,1597988352927000064,2020-08-21 13:39:12.927000,4692.2,4719.6,4680.0,4691.6,nan,4699.47,71664,101034839700.0,112731,4692.8,1,4691.8,7,nan,0,nan,0,nan,0,nan,0,nan,0,nan,0,nan,0,nan,0
1597988353126400000,1597988353404999936,2020-08-21 13:39:13.405000,4692.2,4719.6,4680.0,4691.6,nan,4699.469,71667,101039062920.0,112734,4692.8,1,4691.8,7,nan,0,nan,0,nan,0,nan,0,nan,0,nan,0,nan,0,nan,0
1597988353629561088,1597988353924999936,2020-08-21 13:39:13.925000,4692.2,4719.6,4680.0,4691.6,nan,4699.469,71667,101039062920.0,112734,4692.8,1,4691.8,7,nan,0,nan,0,nan,0,nan,0,nan,0,nan,0,nan,0,nan,0
1597988354103659008,1597988354382999808,2020-08-21 13:39:14.383000,4692.0,4719.6,4680.0,4691.6,nan,4699.469,71670,101043285720.0,112735,4692.8,1,4691.8,7,nan,0,nan,0,nan,0,nan,0,nan,0,nan,0,nan,0,nan,0
1597988354605691904,1597988354903000064,2020-08-21 13:39:14.903000,4692.0,4719.6,4680.0,4691.6,nan,4699.469,71670,101043285720.0,112735,4692.8,2,4691.8,7,nan,0,nan,0,nan,0,nan,0,nan,0,nan,0,nan,0,nan,0
1597988355110628096,1597988355434000128,2020-08-21 13:39:15.434000,4692.0,4719.6,4680.0,4691.6,nan,4699.469,71670,101043285720.0,112735,4692.6,1,4691.8,7,nan,0,nan,0,nan,0,nan,0,nan,0,nan,0,nan,0,nan,0
1597988355610505984,1597988355934000128,2020-08-21 13:39:15.934000,4691.8,4719.6,4680.0,4691.6,nan,4699.469,71671,101044693260.0,112735,4692.2,1,4691.8,6,nan,0,nan,0,nan,0,nan,0,nan,0,nan,0,nan,0,nan,0
1597988356122038016,1597988356436000000,2020-08-21 13:39:16.436000,4691.8,4719.6,4680.0,4691.6,nan,4699.469,71671,101044693260.0,112735,4692.0,1,4691.8,6,nan,0,nan,0,nan,0,nan,0,nan,0,nan,0,nan,0,nan,0
1597988356627983104,1597988356924999936,2020-08-21 13:39:16.925000,4692.2,4719.6,4680.0,4691.6,nan,4699.469,71675,101050323600.0,112736,4692.8,2,4692.6,1,nan,0,nan,0,nan,0,nan,0,nan,0,nan,0,nan,0,nan,0
1597988357128156928,1597988357430000128,2020-08-21 13:39:17.430000,4691.8,4719.6,4680.0,4691.6,nan,4699.468,71678,101054546700.0,112737,4692.4,7,4691.8,5,nan,0,nan,0,nan,0,nan,0,nan,0,nan,0,nan,0,nan,0
1597988357627493120,1597988357931000064,2020-08-21 13:39:17.931000,4691.8,4719.6,4680.0,4691.6,nan,4699.468,71678,101054546700.0,112737,4692.2,1,4692.0,1,nan,0,nan,0,nan,0,nan,0,nan,0,nan,0,nan,0,nan,0
1597988358110595072,1597988358344000000,2020-08-21 13:39:18.344000,4692.0,4719.6,4680.0,4691.6,nan,4699.468,71680,101057361960.0,112736,4692.6,7,4691.8,5,nan,0,nan,0,nan,0,nan,0,nan,0,nan,0,nan,0,nan,0
1597988358612606976,1597988358920000000,2020-08-21 13:39:18.920000,4691.8,4719.6,4680.0,4691.6,nan,4699.468,71681,101058769500.0,112736,4692.4,1,4691.8,4,nan,0,nan,0,nan,0,nan,0,nan,0,nan,0,nan,0,nan,0
1597988359124974080,1597988359424999936,2020-08-21 13:39:19.425000,4691.8,4719.6,4680.0,4691.6,nan,4699.468,71681,101058769500.0,112736,4692.6,5,4692.0,2,nan,0,nan,0,nan,0,nan,0,nan,0,nan,0,nan,0,nan,0
1597988359635674880,1597988359923000064,2020-08-21 13:39:19.923000,4691.8,4719.6,4680.0,4691.6,nan,4699.468,71681,101058769500.0,112736,4692.4,1,4692.0,2,nan,0,nan,0,nan,0,nan,0,nan,0,nan,0,nan,0,nan,0
1597988360105776128,1597988360408999936,2020-08-21 13:39:20.409000,4691.8,4719.6,4680.0,4691.6,nan,4699.468,71682,101060177040.0,112737,4692.4,1,4692.0,1,nan,0,nan,0,nan,0,nan,0,nan,0,nan,0,nan,0,nan,0
1597988361110170880,1597988361430000128,2020-08-21 13:39:21.430000,4692.0,4719.6,4680.0,4691.6,nan,4699.468,71683,101061584640.0,112737,4692.4,1,4691.8,4,nan,0,nan,0,nan,0,nan,0,nan,0,nan,0,nan,0,nan,0
1597988362110039040,1597988362424999936,2020-08-21 13:39:22.425000,4692.4,4719.6,4680.0,4691.6,nan,4699.468,71684,101062992360.0,112738,4692.6,1,4692.4,4,nan,0,nan,0,nan,0,nan,0,nan,0,nan,0,nan,0,nan,0
1597988362618862080,1597988362903000064,2020-08-21 13:39:22.903000,4692.6,4719.6,4680.0,4691.6,nan,4699.467,71686,101065807860.0,112738,4692.8,2,4692.4,3,nan,0,nan,0,nan,0,nan,0,nan,0,nan,0,nan,0,nan,0
1597988363123535872,1597988363433000192,2020-08-21 13:39:23.433000,4692.4,4719.6,4680.0,4691.6,nan,4699.467,71689,101070031020.0,112737,4692.8,2,4692.0,1,nan,0,nan,0,nan,0,nan,0,nan,0,nan,0,nan,0,nan,0
1597988363644577024,1597988363923000064,2020-08-21 13:39:23.923000,4692.0,4719.6,4680.0,4691.6,nan,4699.467,71690,101071438620.0,112738,4692.8,2,4692.2,1,nan,0,nan,0,nan,0,nan,0,nan,0,nan,0,nan,0,nan,0
1597988364130804992,1597988364416000000,2020-08-21 13:39:24.416000,4692.0,4719.6,4680.0,4691.6,nan,4699.467,71690,101071438620.0,112738,4692.8,2,4691.8,7,nan,0,nan,0,nan,0,nan,0,nan,0,nan,0,nan,0,nan,0
1597988364635520000,1597988364924999936,2020-08-21 13:39:24.925000,4692.8,4719.6,4680.0,4691.6,nan,4699.466,71696,101079884160.0,112742,4692.8,1,4691.8,2,nan,0,nan,0,nan,0,nan,0,nan,0,nan,0,nan,0,nan,0
1597988365118426112,1597988365427000064,2020-08-21 13:39:25.427000,4692.0,4719.6,4680.0,4691.6,nan,4699.466,71697,101081291760.0,112742,4692.8,1,4692.0,1,nan,0,nan,0,nan,0,nan,0,nan,0,nan,0,nan,0,nan,0
1597988365628966912,1597988365927000064,2020-08-21 13:39:25.927000,4691.8,4719.6,4680.0,4691.6,nan,4699.466,71699,101084106900.0,112742,4692.8,1,4691.8,1,nan,0,nan,0,nan,0,nan,0,nan,0,nan,0,nan,0,nan,0
1597988366191702016,1597988366421999872,2020-08-21 13:39:26.422000,4691.8,4719.6,4680.0,4691.6,nan,4699.466,71699,101084106900.0,112742,4692.8,1,4691.8,2,nan,0,nan,0,nan,0,nan,0,nan,0,nan,0,nan,0,nan,0
1597988366646401024,1597988366920000000,2020-08-21 13:39:26.920000,4692.6,4719.6,4680.0,4691.6,nan,4699.466,71700,101085514680.0,112743,4692.6,2,4691.8,2,nan,0,nan,0,nan,0,nan,0,nan,0,nan,0,nan,0,nan,0
1597988367174019072,1597988367416000000,2020-08-21 13:39:27.416000,4691.8,4719.6,4680.0,4691.6,nan,4699.466,71701,101086922220.0,112743,4692.6,2,4691.8,2,nan,0,nan,0,nan,0,nan,0,nan,0,nan,0,nan,0,nan,0
1597988367662827008,1597988367901999872,2020-08-21 13:39:27.902000,4691.8,4719.6,4680.0,4691.6,nan,4699.466,71701,101086922220.0,112743,4692.6,2,4691.8,2,nan,0,nan,0,nan,0,nan,0,nan,0,nan,0,nan,0,nan,0
1597988368109616128,1597988368420999936,2020-08-21 13:39:28.421000,4691.8,4719.6,4680.0,4691.6,nan,4699.466,71701,101086922220.0,112743,4692.6,2,4691.8,2,nan,0,nan,0,nan,0,nan,0,nan,0,nan,0,nan,0,nan,0
1597988368617399040,1597988368928999936,2020-08-21 13:39:28.929000,4691.8,4719.6,4680.0,4691.6,nan,4699.466,71701,101086922220.0,112743,4692.6,2,4691.8,3,nan,0,nan,0,nan,0,nan,0,nan,0,nan,0,nan,0,nan,0
1597988369131764992,1597988369394000128,2020-08-21 13:39:29.394000,4691.8,4719.6,4680.0,4691.6,nan,4699.466,71703,101089737300.0,112744,4692.6,2,4691.8,2,nan,0,nan,0,nan,0,nan,0,nan,0,nan,0,nan,0,nan,0
1597988369623688960,1597988369829999872,2020-08-21 13:39:29.830000,4691.8,4719.6,4680.0,4691.6,nan,4699.466,71703,101089737300.0,112744,4692.6,2,4691.8,2,nan,0,nan,0,nan,0,nan,0,nan,0,nan,0,nan,0,nan,0
1597988370122416128,1597988370428999936,2020-08-21 13:39:30.429000,4691.8,4719.6,4680.0,4691.6,nan,4699.466,71703,101089737300.0,112744,4692.6,2,4691.8,2,nan,0,nan,0,nan,0,nan,0,nan,0,nan,0,nan,0,nan,0
1597988370647422976,1597988370926000128,2020-08-21 13:39:30.926000,4691.8,4719.6,4680.0,4691.6,nan,4699.466,71704,101091144840.0,112745,4692.4,1,4691.8,1,nan,0,nan,0,nan,0,nan,0,nan,0,nan,0,nan,0,nan,0
1597988371114451968,1597988371364000000,2020-08-21 13:39:31.364000,4691.8,4719.6,4680.0,4691.6,nan,4699.466,71705,101092552380.0,112746,4692.4,1,4691.6,1,nan,0,nan,0,nan,0,nan,0,nan,0,nan,0,nan,0,nan,0
1597988371659826944,1597988371914000128,2020-08-21 13:39:31.914000,4691.8,4719.6,4680.0,4691.6,nan,4699.466,71705,101092552380.0,112746,4692.4,1,4691.6,1,nan,0,nan,0,nan,0,nan,0,nan,0,nan,0,nan,0,nan,0
1597988372128238080,1597988372426000128,2020-08-21 13:39:32.426000,4691.8,4719.6,4680.0,4691.6,nan,4699.466,71705,101092552380.0,112746,4692.4,1,4691.6,1,nan,0,nan,0,nan,0,nan,0,nan,0,nan,0,nan,0,nan,0
1597988372616536064,1597988372927000064,2020-08-21 13:39:32.927000,4692.4,4719.6,4680.0,4691.6,nan,4699.465,71707,101095367760.0,112748,4692.6,2,4691.6,1,nan,0,nan,0,nan,0,nan,0,nan,0,nan,0,nan,0,nan,0
1597988373113593088,1597988373426000128,2020-08-21 13:39:33.426000,4692.6,4719.6,4680.0,4691.6,nan,4699.465,71709,101098183080.0,112750,4692.6,2,4691.8,1,nan,0,nan,0,nan,0,nan,0,nan,0,nan,0,nan,0,nan,0
1597988373627502080,1597988373934000128,2020-08-21 13:39:33.934000,4692.6,4719.6,4680.0,4691.6,nan,4699.465,71710,101099590860.0,112751,4692.6,1,4692.4,1,nan,0,nan,0,nan,0,nan,0,nan,0,nan,0,nan,0,nan,0
1597988374133320960,1597988374433000192,2020-08-21 13:39:34.433000,4691.8,4719.6,4680.0,4691.6,nan,4699.465,71712,101102406120.0,112752,4692.6,2,4691.8,1,nan,0,nan,0,nan,0,nan,0,nan,0,nan,0,nan,0,nan,0
1597988374688376064,1597988374936999936,2020-08-21 13:39:34.937000,4692.0,4719.6,4680.0,4691.6,nan,4699.465,71714,101105221500.0,112753,4692.6,1,4691.6,1,nan,0,nan,0,nan,0,nan,0,nan,0,nan,0,nan,0,nan,0
1597988375129364992,1597988375430000128,2020-08-21 13:39:35.430000,4692.4,4719.6,4680.0,4691.6,nan,4699.464,71716,101108036700.0,112755,4692.6,2,4691.6,3,nan,0,nan,0,nan,0,nan,0,nan,0,nan,0,nan,0,nan,0
1597988375646339072,1597988375897000192,2020-08-21 13:39:35.897000,4691.6,4719.6,4680.0,4691.6,nan,4699.464,71717,101109444180.0,112756,4692.4,1,4691.8,1,nan,0,nan,0,nan,0,nan,0,nan,0,nan,0,nan,0,nan,0
1597988376124252928,1597988376411000064,2020-08-21 13:39:36.411000,4691.6,4719.6,4680.0,4691.6,nan,4699.464,71718,101110851660.0,112756,4692.4,1,4691.6,1,nan,0,nan,0,nan,0,nan,0,nan,0,nan,0,nan,0,nan,0
1597988376641777920,1597988376935000064,2020-08-21 13:39:36.935000,4691.6,4719.6,4680.0,4691.6,nan,4699.464,71718,101110851660.0,112756,4691.8,1,4691.6,2,nan,0,nan,0,nan,0,nan,0,nan,0,nan,0,nan,0,nan,0
1597988377148830976,1597988377420999936,2020-08-21 13:39:37.421000,4691.8,4719.6,4680.0,4691.6,nan,4699.464,71719,101112259200.0,112756,4692.4,1,4692.0,1,nan,0,nan,0,nan,0,nan,0,nan,0,nan,0,nan,0,nan,0
1597988377641350912,1597988377936000000,2020-08-21 13:39:37.936000,4692.0,4719.6,4680.0,4691.6,nan,4699.464,71723,101117889540.0,112757,4692.6,3,4691.6,1,nan,0,nan,0,nan,0,nan,0,nan,0,nan,0,nan,0,nan,0
1597988378139887104,1597988378437999872,2020-08-21 13:39:38.438000,4692.2,4719.6,4680.0,4691.6,nan,4699.463,71725,101120704680.0,112757,4692.4,2,4691.6,1,nan,0,nan,0,nan,0,nan,0,nan,0,nan,0,nan,0,nan,0
1597988378634480128,1597988378920999936,2020-08-21 13:39:38.921000,4692.2,4719.6,4680.0,4691.6,nan,4699.463,71725,101120704680.0,112757,4692.4,2,4691.8,10,nan,0,nan,0,nan,0,nan,0,nan,0,nan,0,nan,0,nan,0
1597988379129794048,1597988379394000128,2020-08-21 13:39:39.394000,4692.0,4719.6,4680.0,4691.6,nan,4699.463,71727,101123520000.0,112758,4692.6,3,4691.8,10,nan,0,nan,0,nan,0,nan,0,nan,0,nan,0,nan,0,nan,0
1597988379634743040,1597988379928000000,2020-08-21 13:39:39.928000,4692.0,4719.6,4680.0,4691.6,nan,4699.463,71727,101123520000.0,112758,4692.6,3,4691.8,10,nan,0,nan,0,nan,0,nan,0,nan,0,nan,0,nan,0,nan,0
1597988380146573056,1597988380382999808,2020-08-21 13:39:40.383000,4692.0,4719.6,4680.0,4691.6,nan,4699.463,71727,101123520000.0,112758,4692.0,1,4691.8,11,nan,0,nan,0,nan,0,nan,0,nan,0,nan,0,nan,0,nan,0
1597988380655547904,1597988380934000128,2020-08-21 13:39:40.934000,4692.2,4719.6,4680.0,4691.6,nan,4699.462,71739,101140414440.0,112755,4693.8,6,4692.0,3,nan,0,nan,0,nan,0,nan,0,nan,0,nan,0,nan,0,nan,0
1597988381164293888,1597988381719000064,2020-08-21 13:39:41.719000,4692.2,4719.6,4680.0,4691.6,nan,4699.462,71739,101140414440.0,112755,4692.8,2,4692.4,2,nan,0,nan,0,nan,0,nan,0,nan,0,nan,0,nan,0,nan,0
1597988381646917120,1597988382240999936,2020-08-21 13:39:42.241000,4692.0,4719.6,4680.0,4691.6,nan,4699.462,71742,101144637360.0,112757,4693.0,1,4692.0,4,nan,0,nan,0,nan,0,nan,0,nan,0,nan,0,nan,0,nan,0
1597988382151586048,1597988382732000000,2020-08-21 13:39:42.732000,4692.8,4719.6,4680.0,4691.6,nan,4699.462,71743,101146045200.0,112758,4693.0,2,4692.0,6,nan,0,nan,0,nan,0,nan,0,nan,0,nan,0,nan,0,nan,0
1597988382641786880,1597988382921999872,2020-08-21 13:39:42.922000,4692.8,4719.6,4680.0,4691.6,nan,4699.462,71743,101146045200.0,112758,4692.4,1,4692.2,1,nan,0,nan,0,nan,0,nan,0,nan,0,nan,0,nan,0,nan,0
1597988383130825984,1597988383423000064,2020-08-21 13:39:43.423000,4692.2,4719.6,4680.0,4691.6,nan,4699.461,71747,101151675780.0,112759,4693.0,1,4692.0,4,nan,0,nan,0,nan,0,nan,0,nan,0,nan,0,nan,0,nan,0
1597988383636974080,1597988383916000000,2020-08-21 13:39:43.916000,4693.0,4719.6,4680.0,4691.6,nan,4699.461,71750,101155899420.0,112761,4693.0,1,4692.0,7,nan,0,nan,0,nan,0,nan,0,nan,0,nan,0,nan,0,nan,0
1597988384142177024,1597988384434000128,2020-08-21 13:39:44.434000,4693.0,4719.6,4680.0,4691.6,nan,4699.461,71750,101155899420.0,112761,4693.0,1,4692.2,1,nan,0,nan,0,nan,0,nan,0,nan,0,nan,0,nan,0,nan,0
1597988384633103872,1597988384924000000,2020-08-21 13:39:44.924000,4692.2,4719.6,4680.0,4691.6,nan,4699.461,71751,101157307080.0,112762,4693.0,1,4692.2,2,nan,0,nan,0,nan,0,nan,0,nan,0,nan,0,nan,0,nan,0
1597988385135936000,1597988385400999936,2020-08-21 13:39:45.401000,4692.2,4719.6,4680.0,4691.6,nan,4699.461,71751,101157307080.0,112762,4693.0,1,4692.0,9,nan,0,nan,0,nan,0,nan,0,nan,0,nan,0,nan,0,nan,0
1597988385641753088,1597988386194000128,2020-08-21 13:39:46.194000,4693.4,4719.6,4680.0,4691.6,nan,4699.461,71753,101160123000.0,112763,4693.0,1,4692.2,1,nan,0,nan,0,nan,0,nan,0,nan,0,nan,0,nan,0,nan,0
1597988386148849920,1597988386428999936,2020-08-21 13:39:46.429000,4693.4,4719.6,4680.0,4691.6,nan,4699.461,71753,101160123000.0,112763,4693.0,1,4692.2,2,nan,0,nan,0,nan,0,nan,0,nan,0,nan,0,nan,0,nan,0
1597988386641092096,1597988386927000064,2020-08-21 13:39:46.927000,4692.2,4719.6,4680.0,4691.6,nan,4699.461,71755,101162938680.0,112764,4693.6,5,4692.0,9,nan,0,nan,0,nan,0,nan,0,nan,0,nan,0,nan,0,nan,0
1597988387137000960,1597988387426000128,2020-08-21 13:39:47.426000,4692.2,4719.6,4680.0,4691.6,nan,4699.461,71755,101162938680.0,112764,4693.2,1,4692.4,2,nan,0,nan,0,nan,0,nan,0,nan,0,nan,0,nan,0,nan,0
1597988387647960064,1597988387872000000,2020-08-21 13:39:47.872000,4692.2,4719.6,4680.0,4691.6,nan,4699.461,71755,101162938680.0,112764,4692.4,1,4692.0,9,nan,0,nan,0,nan,0,nan,0,nan,0,nan,0,nan,0,nan,0
1597988388141327872,1597988388436999936,2020-08-21 13:39:48.437000,4692.2,4719.6,4680.0,4691.6,nan,4699.461,71755,101162938680.0,112764,4693.2,2,4692.0,10,nan,0,nan,0,nan,0,nan,0,nan,0,nan,0,nan,0,nan,0
1597988388646717952,1597988389175000064,2020-08-21 13:39:49.175000,4692.2,4719.6,4680.0,4691.6,nan,4699.461,71756,101164346340.0,112765,4693.0,1,4692.0,10,nan,0,nan,0,nan,0,nan,0,nan,0,nan,0,nan,0,nan,0
1597988389133117952,1597988389374000128,2020-08-21 13:39:49.374000,4692.2,4719.6,4680.0,4691.6,nan,4699.461,71756,101164346340.0,112765,4693.0,1,4692.2,1,nan,0,nan,0,nan,0,nan,0,nan,0,nan,0,nan,0,nan,0
1597988389638045952,1597988389934000128,2020-08-21 13:39:49.934000,4692.8,4719.6,4680.0,4691.6,nan,4699.46,71757,101165754180.0,112766,4692.8,2,4692.2,1,nan,0,nan,0,nan,0,nan,0,nan,0,nan,0,nan,0,nan,0
1597988390158189056,1597988390432000000,2020-08-21 13:39:50.432000,4692.8,4719.6,4680.0,4691.6,nan,4699.46,71757,101165754180.0,112766,4692.8,2,4692.2,4,nan,0,nan,0,nan,0,nan,0,nan,0,nan,0,nan,0,nan,0
1597988390648909056,1597988390937999872,2020-08-21 13:39:50.938000,4692.8,4719.6,4680.0,4691.6,nan,4699.46,71758,101167162020.0,112767,4692.8,1,4692.2,4,nan,0,nan,0,nan,0,nan,0,nan,0,nan,0,nan,0,nan,0
1597988391139382016,1597988391348000000,2020-08-21 13:39:51.348000,4692.8,4719.6,4680.0,4691.6,nan,4699.46,71758,101167162020.0,112767,4692.8,4,4692.2,4,nan,0,nan,0,nan,0,nan,0,nan,0,nan,0,nan,0,nan,0
1597988391628453888,1597988391932000000,2020-08-21 13:39:51.932000,4692.8,4719.6,4680.0,4691.6,nan,4699.46,71759,101168569860.0,112767,4692.8,3,4692.2,4,nan,0,nan,0,nan,0,nan,0,nan,0,nan,0,nan,0,nan,0
1597988392130038016,1597988392435000064,2020-08-21 13:39:52.435000,4692.8,4719.6,4680.0,4691.6,nan,4699.46,71761,101171385420.0,112769,4692.8,2,4692.4,2,nan,0,nan,0,nan,0,nan,0,nan,0,nan,0,nan,0,nan,0
1597988392627185920,1597988392937999872,2020-08-21 13:39:52.938000,4692.4,4719.6,4680.0,4691.6,nan,4699.46,71763,101174200860.0,112771,4692.6,1,4692.2,5,nan,0,nan,0,nan,0,nan,0,nan,0,nan,0,nan,0,nan,0
1597988393162467072,1597988393432000000,2020-08-21 13:39:53.432000,4692.2,4719.6,4680.0,4691.6,nan,4699.46,71764,101175608520.0,112772,4692.6,1,4692.2,4,nan,0,nan,0,nan,0,nan,0,nan,0,nan,0,nan,0,nan,0
1597988393636496896,1597988393904999936,2020-08-21 13:39:53.905000,4692.2,4719.6,4680.0,4691.6,nan,4699.46,71764,101175608520.0,112772,4692.4,1,4692.2,4,nan,0,nan,0,nan,0,nan,0,nan,0,nan,0,nan,0,nan,0
1597988394131993088,1597988394424999936,2020-08-21 13:39:54.425000,4692.2,4719.6,4680.0,4691.6,nan,4699.46,71764,101175608520.0,112772,4692.4,1,4692.2,4,nan,0,nan,0,nan,0,nan,0,nan,0,nan,0,nan,0,nan,0
1597988394648133888,1597988394903000064,2020-08-21 13:39:54.903000,4692.4,4719.6,4680.0,4691.6,nan,4699.46,71766,101178423900.0,112773,4692.6,1,4692.2,3,nan,0,nan,0,nan,0,nan,0,nan,0,nan,0,nan,0,nan,0
1597988395150222080,1597988395680999936,2020-08-21 13:39:55.681000,4692.6,4719.6,4680.0,4691.6,nan,4699.459,71767,101179831680.0,112774,4692.8,2,4692.2,3,nan,0,nan,0,nan,0,nan,0,nan,0,nan,0,nan,0,nan,0
1597988395630987008,1597988395937999872,2020-08-21 13:39:55.938000,4692.6,4719.6,4680.0,4691.6,nan,4699.459,71767,101179831680.0,112774,4692.6,1,4692.2,3,nan,0,nan,0,nan,0,nan,0,nan,0,nan,0,nan,0,nan,0
1597988396134192896,1597988396436000000,2020-08-21 13:39:56.436000,4692.6,4719.6,4680.0,4691.6,nan,4699.459,71767,101179831680.0,112774,4692.6,1,4692.2,3,nan,0,nan,0,nan,0,nan,0,nan,0,nan,0,nan,0,nan,0
1597988396676987904,1597988396937999872,2020-08-21 13:39:56.938000,4692.2,4719.6,4680.0,4691.6,nan,4699.459,71769,101182647120.0,112774,4692.6,1,4692.2,2,nan,0,nan,0,nan,0,nan,0,nan,0,nan,0,nan,0,nan,0
1597988397133111040,1597988397437999872,2020-08-21 13:39:57.438000,4692.2,4719.6,4680.0,4691.6,nan,4699.459,71772,101186870100.0,112774,4692.2,1,4692.0,9,nan,0,nan,0,nan,0,nan,0,nan,0,nan,0,nan,0,nan,0
1597988397646650880,1597988397901999872,2020-08-21 13:39:57.902000,4692.0,4719.6,4680.0,4691.6,nan,4699.459,71773,101188277700.0,112774,4692.2,1,4692.0,8,nan,0,nan,0,nan,0,nan,0,nan,0,nan,0,nan,0,nan,0
1597988398146853888,1597988398421999872,2020-08-21 13:39:58.422000,4692.2,4719.6,4680.0,4691.6,nan,4699.458,71777,101193908160.0,112774,4692.6,1,4692.0,5,nan,0,nan,0,nan,0,nan,0,nan,0,nan,0,nan,0,nan,0
1597988398647504896,1597988399094000128,2020-08-21 13:39:59.094000,4692.0,4719.6,4680.0,4691.6,nan,4699.458,71781,101199538560.0,112775,4692.2,1,4692.0,1,nan,0,nan,0,nan,0,nan,0,nan,0,nan,0,nan,0,nan,0
1597988399145614080,1597988399408999936,2020-08-21 13:39:59.409000,4692.0,4719.6,4680.0,4691.6,nan,4699.458,71785,101205168840.0,112775,4692.2,1,4691.8,15,nan,0,nan,0,nan,0,nan,0,nan,0,nan,0,nan,0,nan,0
1597988399632407040,1597988399924999936,2020-08-21 13:39:59.925000,4691.8,4719.6,4680.0,4691.6,nan,4699.457,71786,101206576380.0,112774,4692.2,1,4691.8,14,nan,0,nan,0,nan,0,nan,0,nan,0,nan,0,nan,0,nan,0
1597988400137613056,1597988400420999936,2020-08-21 13:40:00.421000,4691.8,4719.6,4680.0,4691.6,nan,4699.457,71786,101206576380.0,112774,4692.2,1,4691.8,14,nan,0,nan,0,nan,0,nan,0,nan,0,nan,0,nan,0,nan,0
1597988400641906944,1597988400937999872,2020-08-21 13:40:00.938000,4691.8,4719.6,4680.0,4691.6,nan,4699.457,71787,101207983920.0,112775,4692.0,1,4691.8,14,nan,0,nan,0,nan,0,nan,0,nan,0,nan,0,nan,0,nan,0
1597988401144020992,1597988401428999936,2020-08-21 13:40:01.429000,4691.8,4719.6,4680.0,4691.6,nan,4699.457,71793,101216429340.0,112772,4692.6,2,4691.8,10,nan,0,nan,0,nan,0,nan,0,nan,0,nan,0,nan,0,nan,0
1597988401653839104,1597988402216999936,2020-08-21 13:40:02.217000,4691.8,4719.6,4680.0,4691.6,nan,4699.456,71798,101223467040.0,112773,4692.6,2,4691.8,6,nan,0,nan,0,nan,0,nan,0,nan,0,nan,0,nan,0,nan,0
1597988402150277888,1597988402413000192,2020-08-21 13:40:02.413000,4691.8,4719.6,4680.0,4691.6,nan,4699.456,71799,101224874580.0,112774,4692.6,2,4691.8,5,nan,0,nan,0,nan,0,nan,0,nan,0,nan,0,nan,0,nan,0
1597988402643792896,1597988402918999808,2020-08-21 13:40:02.919000,4691.8,4719.6,4680.0,4691.6,nan,4699.456,71801,101227689660.0,112774,4692.6,2,4691.8,5,nan,0,nan,0,nan,0,nan,0,nan,0,nan,0,nan,0,nan,0
1597988403132656128,1597988403432000000,2020-08-21 13:40:03.432000,4691.8,4719.6,4680.0,4691.6,nan,4699.456,71801,101227689660.0,112774,4692.6,2,4691.8,5,nan,0,nan,0,nan,0,nan,0,nan,0,nan,0,nan,0,nan,0
1597988403652907008,1597988403924000000,2020-08-21 13:40:03.924000,4691.8,4719.6,4680.0,4691.6,nan,4699.456,71801,101227689660.0,112774,4692.6,3,4691.8,5,nan,0,nan,0,nan,0,nan,0,nan,0,nan,0,nan,0,nan,0
1597988404034214912,1597988404411000064,2020-08-21 13:40:04.411000,4691.8,4719.6,4680.0,4691.6,nan,4699.456,71803,101230504740.0,112774,4692.4,5,4691.8,3,nan,0,nan,0,nan,0,nan,0,nan,0,nan,0,nan,0,nan,0
1597988404541472000,1597988404903000064,2020-08-21 13:40:04.903000,4691.6,4719.6,4680.0,4691.6,nan,4699.454,71815,101247396300.0,112775,4692.4,1,4691.6,3,nan,0,nan,0,nan,0,nan,0,nan,0,nan,0,nan,0,nan,0
1597988405039108096,1597988405420000000,2020-08-21 13:40:05.420000,4692.4,4719.6,4680.0,4691.6,nan,4699.454,71818,101251618980.0,112776,4692.6,2,4691.6,3,nan,0,nan,0,nan,0,nan,0,nan,0,nan,0,nan,0,nan,0
1597988405545891072,1597988405897000192,2020-08-21 13:40:05.897000,4691.6,4719.6,4680.0,4691.6,nan,4699.453,71825,101261471760.0,112774,4692.4,2,4691.4,6,nan,0,nan,0,nan,0,nan,0,nan,0,nan,0,nan,0,nan,0
1597988406048347904,1597988406427000064,2020-08-21 13:40:06.427000,4691.2,4719.6,4680.0,4691.6,nan,4699.452,71834,101274138420.0,112771,4691.4,8,4691.0,18,nan,0,nan,0,nan,0,nan,0,nan,0,nan,0,nan,0,nan,0
1597988406548860928,1597988406927000064,2020-08-21 13:40:06.927000,4691.0,4719.6,4680.0,4691.6,nan,4699.45,71857,101306506200.0,112784,4691.0,1,4690.8,1,nan,0,nan,0,nan,0,nan,0,nan,0,nan,0,nan,0,nan,0
1597988407077443072,1597988407437999872,2020-08-21 13:40:07.438000,4690.6,4719.6,4680.0,4691.6,nan,4699.449,71866,101319171240.0,112790,4691.0,3,4690.6,1,nan,0,nan,0,nan,0,nan,0,nan,0,nan,0,nan,0,nan,0
1597988407572910080,1597988407897000192,2020-08-21 13:40:07.897000,4690.4,4719.6,4680.0,4691.6,nan,4699.448,71868,101321985540.0,112790,4690.6,5,4690.2,8,nan,0,nan,0,nan,0,nan,0,nan,0,nan,0,nan,0,nan,0
1597988408084107008,1597988408431000064,2020-08-21 13:40:08.431000,4690.2,4719.6,4680.0,4691.6,nan,4699.448,71872,101327613840.0,112792,4690.6,7,4690.2,5,nan,0,nan,0,nan,0,nan,0,nan,0,nan,0,nan,0,nan,0
1597988408561249024,1597988408918999808,2020-08-21 13:40:08.919000,4690.0,4719.6,4680.0,4691.6,nan,4699.447,71879,101337463200.0,112790,4690.2,1,4690.0,45,nan,0,nan,0,nan,0,nan,0,nan,0,nan,0,nan,0,nan,0
1597988409079521024,1597988409415000064,2020-08-21 13:40:09.415000,4690.0,4719.6,4680.0,4691.6,nan,4699.442,71917,101390929560.0,112806,4690.2,2,4690.0,13,nan,0,nan,0,nan,0,nan,0,nan,0,nan,0,nan,0,nan,0
1597988409564965888,1597988409904999936,2020-08-21 13:40:09.905000,4690.2,4719.6,4680.0,4691.6,nan,4699.44,71934,101414848740.0,112813,4690.2,2,4690.0,2,nan,0,nan,0,nan,0,nan,0,nan,0,nan,0,nan,0,nan,0
1597988410081253120,1597988410403000064,2020-08-21 13:40:10.403000,4690.0,4719.6,4680.0,4691.6,nan,4699.439,71940,101423290740.0,112815,4690.0,3,4689.6,22,nan,0,nan,0,nan,0,nan,0,nan,0,nan,0,nan,0,nan,0
1597988410579012096,1597988410931000064,2020-08-21 13:40:10.931000,4689.8,4719.6,4680.0,4691.6,nan,4699.439,71943,101427511500.0,112813,4690.0,6,4689.6,21,nan,0,nan,0,nan,0,nan,0,nan,0,nan,0,nan,0,nan,0
1597988411060134912,1597988411436000000,2020-08-21 13:40:11.436000,4689.8,4719.6,4680.0,4691.6,nan,4699.437,71952,101440173840.0,112813,4690.0,2,4689.6,16,nan,0,nan,0,nan,0,nan,0,nan,0,nan,0,nan,0,nan,0
1597988411559887872,1597988411924999936,2020-08-21 13:40:11.925000,4690.0,4719.6,4680.0,4691.6,nan,4699.437,71953,101441580840.0,112814,4690.0,3,4689.6,16,nan,0,nan,0,nan,0,nan,0,nan,0,nan,0,nan,0,nan,0
1597988412064198912,1597988412411000064,2020-08-21 13:40:12.411000,4690.0,4719.6,4680.0,4691.6,nan,4699.436,71959,101450022540.0,112812,4690.0,2,4689.6,17,nan,0,nan,0,nan,0,nan,0,nan,0,nan,0,nan,0,nan,0
1597988412608352000,1597988412930000128,2020-08-21 13:40:12.930000,4690.0,4719.6,4680.0,4691.6,nan,4699.436,71964,101457057540.0,112813,4690.2,3,4690.0,3,nan,0,nan,0,nan,0,nan,0,nan,0,nan,0,nan,0,nan,0
1597988413074118912,1597988413426000128,2020-08-21 13:40:13.426000,4689.6,4719.6,4680.0,4691.6,nan,4699.435,71972,101468313540.0,112812,4690.6,4,4689.6,15,nan,0,nan,0,nan,0,nan,0,nan,0,nan,0,nan,0,nan,0
1597988413564099072,1597988413916000000,2020-08-21 13:40:13.916000,4689.6,4719.6,4680.0,4691.6,nan,4699.434,71979,101478161700.0,112812,4690.6,4,4690.2,1,nan,0,nan,0,nan,0,nan,0,nan,0,nan,0,nan,0,nan,0
1597988414097822976,1597988414356000000,2020-08-21 13:40:14.356000,4690.4,4719.6,4680.0,4691.6,nan,4699.433,71982,101482382940.0,112812,4690.6,4,4690.0,1,nan,0,nan,0,nan,0,nan,0,nan,0,nan,0,nan,0,nan,0
1597988414557161984,1597988414920999936,2020-08-21 13:40:14.921000,4689.6,4719.6,4680.0,4691.6,nan,4699.433,71988,101490824820.0,112815,4689.8,3,4689.6,15,nan,0,nan,0,nan,0,nan,0,nan,0,nan,0,nan,0,nan,0
1597988415066483968,1597988415437999872,2020-08-21 13:40:15.438000,4689.6,4719.6,4680.0,4691.6,nan,4699.431,72002,101510521140.0,112818,4690.0,6,4689.4,1,nan,0,nan,0,nan,0,nan,0,nan,0,nan,0,nan,0,nan,0
1597988415559494912,1597988415935000064,2020-08-21 13:40:15.935000,4689.0,4719.6,4680.0,4691.6,nan,4699.429,72011,101523181980.0,112824,4689.6,5,4689.0,11,nan,0,nan,0,nan,0,nan,0,nan,0,nan,0,nan,0,nan,0
1597988416083229952,1597988416325999872,2020-08-21 13:40:16.326000,4689.0,4719.6,4680.0,4691.6,nan,4699.427,72030,101549908740.0,112836,4689.0,7,4688.6,6,nan,0,nan,0,nan,0,nan,0,nan,0,nan,0,nan,0,nan,0
1597988416580297984,1597988416935000064,2020-08-21 13:40:16.935000,4688.8,4719.6,4680.0,4691.6,nan,4699.425,72043,101568194580.0,112841,4688.6,4,4688.2,4,nan,0,nan,0,nan,0,nan,0,nan,0,nan,0,nan,0,nan,0
1597988417073637888,1597988417420999936,2020-08-21 13:40:17.421000,4688.4,4719.6,4680.0,4691.6,nan,4699.422,72061,101593512720.0,112840,4688.6,6,4688.2,1,nan,0,nan,0,nan,0,nan,0,nan,0,nan,0,nan,0,nan,0
1597988417596792064,1597988417892999936,2020-08-21 13:40:17.893000,4688.2,4719.6,4680.0,4691.6,nan,4699.421,72065,101599138740.0,112842,4688.2,6,4688.0,21,nan,0,nan,0,nan,0,nan,0,nan,0,nan,0,nan,0,nan,0
1597988418075770112,1597988418427000064,2020-08-21 13:40:18.427000,4688.2,4719.6,4680.0,4691.6,nan,4699.42,72073,101610390240.0,112845,4688.2,10,4688.0,18,nan,0,nan,0,nan,0,nan,0,nan,0,nan,0,nan,0,nan,0
1597988418565600000,1597988418931000064,2020-08-21 13:40:18.931000,4688.0,4719.6,4680.0,4691.6,nan,4699.418,72088,101631486360.0,112854,4688.2,10,4688.0,5,nan,0,nan,0,nan,0,nan,0,nan,0,nan,0,nan,0,nan,0
1597988419080547072,1597988419430000128,2020-08-21 13:40:19.430000,4688.0,4719.6,4680.0,4691.6,nan,4699.414,72113,101666645940.0,112857,4688.0,2,4687.6,7,nan,0,nan,0,nan,0,nan,0,nan,0,nan,0,nan,0,nan,0
1597988419570683904,1597988419924999936,2020-08-21 13:40:19.925000,4687.6,4719.6,4680.0,4691.6,nan,4699.413,72120,101676490560.0,112863,4688.0,2,4687.6,6,nan,0,nan,0,nan,0,nan,0,nan,0,nan,0,nan,0,nan,0
1597988420073113088,1597988420433000192,2020-08-21 13:40:20.433000,4687.2,4719.6,4680.0,4691.6,nan,4699.41,72138,101701802520.0,112878,4687.2,4,4687.0,11,nan,0,nan,0,nan,0,nan,0,nan,0,nan,0,nan,0,nan,0
1597988420681724928,1597988420932000000,2020-08-21 13:40:20.932000,4687.0,4719.6,4680.0,4691.6,nan,4699.406,72159,101731331580.0,112888,4687.4,1,4687.0,7,nan,0,nan,0,nan,0,nan,0,nan,0,nan,0,nan,0,nan,0
1597988421079992064,1597988421390000128,2020-08-21 13:40:21.390000,4687.0,4719.6,4680.0,4691.6,nan,4699.404,72174,101752424520.0,112895,4688.0,2,4687.0,3,nan,0,nan,0,nan,0,nan,0,nan,0,nan,0,nan,0,nan,0
1597988421590565888,1597988421928000000,2020-08-21 13:40:21.928000,4688.0,4719.6,4680.0,4691.6,nan,4699.402,72184,101766487200.0,112900,4688.2,13,4688.0,1,nan,0,nan,0,nan,0,nan,0,nan,0,nan,0,nan,0,nan,0
1597988422075387904,1597988422401999872,2020-08-21 13:40:22.402000,4688.0,4719.6,4680.0,4691.6,nan,4699.401,72191,101776332060.0,112902,4687.8,1,4687.4,6,nan,0,nan,0,nan,0,nan,0,nan,0,nan,0,nan,0,nan,0
1597988422581976064,1597988422921999872,2020-08-21 13:40:22.922000,4687.4,4719.6,4680.0,4691.6,nan,4699.4,72197,101784769500.0,112903,4688.0,11,4687.8,2,nan,0,nan,0,nan,0,nan,0,nan,0,nan,0,nan,0,nan,0
1597988423079590912,1597988423430000128,2020-08-21 13:40:23.430000,4688.0,4719.6,4680.0,4691.6,nan,4699.399,72204,101794614060.0,112909,4687.6,1,4687.4,1,nan,0,nan,0,nan,0,nan,0,nan,0,nan,0,nan,0,nan,0
1597988423559162112,1597988423857000192,2020-08-21 13:40:23.857000,4688.0,4719.6,4680.0,4691.6,nan,4699.398,72210,101803052280.0,112912,4688.0,3,4687.8,1,nan,0,nan,0,nan,0,nan,0,nan,0,nan,0,nan,0,nan,0
1597988424121039872,1597988424434000128,2020-08-21 13:40:24.434000,4687.6,4719.6,4680.0,4691.6,nan,4699.396,72218,101814303240.0,112917,4688.2,8,4687.4,1,nan,0,nan,0,nan,0,nan,0,nan,0,nan,0,nan,0,nan,0
1597988424563621888,1597988424924000000,2020-08-21 13:40:24.924000,4687.8,4719.6,4680.0,4691.6,nan,4699.394,72231,101832584520.0,112926,4687.4,1,4687.2,3,nan,0,nan,0,nan,0,nan,0,nan,0,nan,0,nan,0,nan,0
1597988425065168896,1597988425424999936,2020-08-21 13:40:25.425000,4687.6,4719.6,4680.0,4691.6,nan,4699.394,72235,101838209580.0,112926,4688.0,1,4687.8,1,nan,0,nan,0,nan,0,nan,0,nan,0,nan,0,nan,0,nan,0
1597988425575365120,1597988425930000128,2020-08-21 13:40:25.930000,4688.2,4719.6,4680.0,4691.6,nan,4699.393,72240,101845241340.0,112926,4687.8,2,4687.6,1,nan,0,nan,0,nan,0,nan,0,nan,0,nan,0,nan,0,nan,0
1597988426059702016,1597988426431000064,2020-08-21 13:40:26.431000,4688.0,4719.6,4680.0,4691.6,nan,4699.392,72246,101853679500.0,112931,4688.2,7,4688.0,1,nan,0,nan,0,nan,0,nan,0,nan,0,nan,0,nan,0,nan,0
1597988426569353984,1597988426934000128,2020-08-21 13:40:26.934000,4688.0,4719.6,4680.0,4691.6,nan,4699.392,72247,101855085900.0,112931,4688.2,7,4687.8,2,nan,0,nan,0,nan,0,nan,0,nan,0,nan,0,nan,0,nan,0
1597988427091132928,1597988427434000128,2020-08-21 13:40:27.434000,4687.8,4719.6,4680.0,4691.6,nan,4699.391,72251,101860711260.0,112935,4687.8,1,4687.4,2,nan,0,nan,0,nan,0,nan,0,nan,0,nan,0,nan,0,nan,0
1597988427558952960,1597988427918999808,2020-08-21 13:40:27.919000,4687.8,4719.6,4680.0,4691.6,nan,4699.39,72256,101867743080.0,112935,4688.2,6,4687.8,3,nan,0,nan,0,nan,0,nan,0,nan,0,nan,0,nan,0,nan,0
1597988428064102912,1597988428412000000,2020-08-21 13:40:28.412000,4687.2,4719.6,4680.0,4691.6,nan,4699.388,72267,101883212040.0,112939,4687.2,2,4686.8,5,nan,0,nan,0,nan,0,nan,0,nan,0,nan,0,nan,0,nan,0
1597988428568258048,1597988428924999936,2020-08-21 13:40:28.925000,4687.2,4719.6,4680.0,4691.6,nan,4699.388,72271,101888836680.0,112941,4688.2,2,4687.8,1,nan,0,nan,0,nan,0,nan,0,nan,0,nan,0,nan,0,nan,0
1597988429068968960,1597988429424999936,2020-08-21 13:40:29.425000,4687.8,4719.6,4680.0,4691.6,nan,4699.387,72274,101893055940.0,112941,4688.4,1,4687.4,3,nan,0,nan,0,nan,0,nan,0,nan,0,nan,0,nan,0,nan,0
1597988429561843968,1597988429936999936,2020-08-21 13:40:29.937000,4687.4,4719.6,4680.0,4691.6,nan,4699.387,72277,101897274660.0,112942,4687.8,1,4687.4,4,nan,0,nan,0,nan,0,nan,0,nan,0,nan,0,nan,0,nan,0
1597988430053774080,1597988430434000128,2020-08-21 13:40:30.434000,4687.8,4719.6,4680.0,4691.6,nan,4699.386,72284,101907119160.0,112945,4688.4,2,4687.6,1,nan,0,nan,0,nan,0,nan,0,nan,0,nan,0,nan,0,nan,0
1597988430562725888,1597988430927000064,2020-08-21 13:40:30.927000,4688.4,4719.6,4680.0,4691.6,nan,4699.385,72286,101909932200.0,112946,4688.6,12,4687.8,3,nan,0,nan,0,nan,0,nan,0,nan,0,nan,0,nan,0,nan,0
1597988431061414912,1597988431431000064,2020-08-21 13:40:31.431000,4687.8,4719.6,4680.0,4691.6,nan,4699.385,72290,101915557860.0,112949,4688.6,12,4687.8,1,nan,0,nan,0,nan,0,nan,0,nan,0,nan,0,nan,0,nan,0
1597988431567056896,1597988431912000000,2020-08-21 13:40:31.912000,4687.8,4719.6,4680.0,4691.6,nan,4699.385,72291,101916964200.0,112949,4687.8,1,4687.6,1,nan,0,nan,0,nan,0,nan,0,nan,0,nan,0,nan,0,nan,0
1597988432063986944,1597988432428000000,2020-08-21 13:40:32.428000,4688.4,4719.6,4680.0,4691.6,nan,4699.384,72294,101921183640.0,112950,4688.6,12,4688.4,2,nan,0,nan,0,nan,0,nan,0,nan,0,nan,0,nan,0,nan,0
1597988432565462016,1597988432936999936,2020-08-21 13:40:32.937000,4688.6,4719.6,4680.0,4691.6,nan,4699.382,72307,101939469180.0,112954,4688.8,2,4688.4,3,nan,0,nan,0,nan,0,nan,0,nan,0,nan,0,nan,0,nan,0
1597988433083006976,1597988433437999872,2020-08-21 13:40:33.438000,4689.4,4719.6,4680.0,4691.6,nan,4699.38,72322,101960570160.0,112957,4689.4,1,4689.0,4,nan,0,nan,0,nan,0,nan,0,nan,0,nan,0,nan,0,nan,0
1597988433574091008,1597988433934000128,2020-08-21 13:40:33.934000,4689.0,4719.6,4680.0,4691.6,nan,4699.379,72328,101969011080.0,112960,4689.6,6,4688.6,2,nan,0,nan,0,nan,0,nan,0,nan,0,nan,0,nan,0,nan,0
1597988434079834112,1597988434405999872,2020-08-21 13:40:34.406000,4689.6,4719.6,4680.0,4691.6,nan,4699.379,72330,101971824840.0,112960,4689.6,5,4688.8,3,nan,0,nan,0,nan,0,nan,0,nan,0,nan,0,nan,0,nan,0
1597988434589074944,1597988434923000064,2020-08-21 13:40:34.923000,4689.6,4719.6,4680.0,4691.6,nan,4699.378,72339,101984486640.0,112960,4690.0,7,4689.0,3,nan,0,nan,0,nan,0,nan,0,nan,0,nan,0,nan,0,nan,0
1597988435079844096,1597988435428999936,2020-08-21 13:40:35.429000,4689.6,4719.6,4680.0,4691.6,nan,4699.377,72348,101997149400.0,112962,4689.6,1,4689.2,1,nan,0,nan,0,nan,0,nan,0,nan,0,nan,0,nan,0,nan,0
1597988435572111872,1597988435910000128,2020-08-21 13:40:35.910000,4689.6,4719.6,4680.0,4691.6,nan,4699.375,72361,102015440580.0,112969,4691.0,1,4689.6,1,nan,0,nan,0,nan,0,nan,0,nan,0,nan,0,nan,0,nan,0
1597988436102348032,1597988436435000064,2020-08-21 13:40:36.435000,4690.0,4719.6,4680.0,4691.6,nan,4699.375,72364,102019661880.0,112968,4690.8,2,4689.8,2,nan,0,nan,0,nan,0,nan,0,nan,0,nan,0,nan,0,nan,0
1597988436586283008,1597988436894000128,2020-08-21 13:40:36.894000,4690.8,4719.6,4680.0,4691.6,nan,4699.374,72369,102026697480.0,112972,4690.8,1,4690.0,1,nan,0,nan,0,nan,0,nan,0,nan,0,nan,0,nan,0,nan,0
1597988437082034944,1597988437357000192,2020-08-21 13:40:37.357000,4690.4,4719.6,4680.0,4691.6,nan,4699.373,72376,102036548820.0,112976,4691.0,1,4690.0,1,nan,0,nan,0,nan,0,nan,0,nan,0,nan,0,nan,0,nan,0
1597988437583296000,1597988437937999872,2020-08-21 13:40:37.938000,4691.0,4719.6,4680.0,4691.6,nan,4699.373,72378,102039363420.0,112977,4691.4,1,4691.0,6,nan,0,nan,0,nan,0,nan,0,nan,0,nan,0,nan,0,nan,0
1597988438082885888,1597988438430000128,2020-08-21 13:40:38.430000,4691.2,4719.6,4680.0,4691.6,nan,4699.372,72383,102046400400.0,112980,4691.8,2,4691.0,7,nan,0,nan,0,nan,0,nan,0,nan,0,nan,0,nan,0,nan,0
1597988438591710976,1597988438938999808,2020-08-21 13:40:38.939000,4692.4,4719.6,4680.0,4691.6,nan,4699.372,72389,102054845940.0,112985,4691.6,1,4691.2,1,nan,0,nan,0,nan,0,nan,0,nan,0,nan,0,nan,0,nan,0
1597988439094681088,1597988439433000192,2020-08-21 13:40:39.433000,4692.2,4719.6,4680.0,4691.6,nan,4699.372,72391,102057661140.0,112985,4692.2,1,4691.6,1,nan,0,nan,0,nan,0,nan,0,nan,0,nan,0,nan,0,nan,0
1597988439594268928,1597988439926000128,2020-08-21 13:40:39.926000,4692.2,4719.6,4680.0,4691.6,nan,4699.371,72392,102059068800.0,112986,4692.2,2,4691.8,1,nan,0,nan,0,nan,0,nan,0,nan,0,nan,0,nan,0,nan,0
1597988440083601920,1597988440408000000,2020-08-21 13:40:40.408000,4691.6,4719.6,4680.0,4691.6,nan,4699.371,72396,102064699140.0,112987,4692.4,1,4691.6,1,nan,0,nan,0,nan,0,nan,0,nan,0,nan,0,nan,0,nan,0
1597988440593325056,1597988440938999808,2020-08-21 13:40:40.939000,4691.6,4719.6,4680.0,4691.6,nan,4699.371,72396,102064699140.0,112987,4692.0,1,4691.6,2,nan,0,nan,0,nan,0,nan,0,nan,0,nan,0,nan,0,nan,0
1597988441080975104,1597988441420999936,2020-08-21 13:40:41.421000,4691.6,4719.6,4680.0,4691.6,nan,4699.371,72400,102070329120.0,112988,4691.8,1,4691.6,4,nan,0,nan,0,nan,0,nan,0,nan,0,nan,0,nan,0,nan,0
1597988441586992128,1597988441924000000,2020-08-21 13:40:41.924000,4691.6,4719.6,4680.0,4691.6,nan,4699.37,72406,102078774000.0,112989,4691.6,3,4691.0,8,nan,0,nan,0,nan,0,nan,0,nan,0,nan,0,nan,0,nan,0
1597988442072786944,1597988442428000000,2020-08-21 13:40:42.428000,4691.6,4719.6,4680.0,4691.6,nan,4699.37,72407,102080181480.0,112990,4691.4,2,4691.0,7,nan,0,nan,0,nan,0,nan,0,nan,0,nan,0,nan,0,nan,0
1597988442578778880,1597988442924000000,2020-08-21 13:40:42.924000,4691.6,4719.6,4680.0,4691.6,nan,4699.37,72408,102081588960.0,112991,4691.2,1,4691.0,8,nan,0,nan,0,nan,0,nan,0,nan,0,nan,0,nan,0,nan,0
1597988443092552960,1597988443434000128,2020-08-21 13:40:43.434000,4691.2,4719.6,4680.0,4691.6,nan,4699.37,72409,102082996320.0,112992,4691.4,1,4691.0,11,nan,0,nan,0,nan,0,nan,0,nan,0,nan,0,nan,0,nan,0
1597988443572018944,1597988443938999808,2020-08-21 13:40:43.939000,4691.4,4719.6,4680.0,4691.6,nan,4699.369,72411,102085811160.0,112993,4691.6,10,4691.2,6,nan,0,nan,0,nan,0,nan,0,nan,0,nan,0,nan,0,nan,0
1597988444069178112,1597988444435000064,2020-08-21 13:40:44.435000,4692.0,4719.6,4680.0,4691.6,nan,4699.368,72427,102108331440.0,112999,4692.4,1,4692.0,6,nan,0,nan,0,nan,0,nan,0,nan,0,nan,0,nan,0,nan,0
1597988444577787904,1597988444905999872,2020-08-21 13:40:44.906000,4692.2,4719.6,4680.0,4691.6,nan,4699.367,72430,102112554480.0,113001,4692.4,1,4692.0,7,nan,0,nan,0,nan,0,nan,0,nan,0,nan,0,nan,0,nan,0
1597988445090065920,1597988445427000064,2020-08-21 13:40:45.427000,4692.6,4719.6,4680.0,4691.6,nan,4699.367,72432,102115370040.0,113002,4692.8,2,4692.4,1,nan,0,nan,0,nan,0,nan,0,nan,0,nan,0,nan,0,nan,0
1597988445596066048,1597988445926000128,2020-08-21 13:40:45.926000,4692.2,4719.6,4680.0,4691.6,nan,4699.367,72435,102119593260.0,113004,4692.8,1,4692.2,4,nan,0,nan,0,nan,0,nan,0,nan,0,nan,0,nan,0,nan,0
1597988446110758912,1597988446435000064,2020-08-21 13:40:46.435000,4693.0,4719.6,4680.0,4691.6,nan,4699.366,72441,102128040240.0,113008,4692.6,1,4692.4,1,nan,0,nan,0,nan,0,nan,0,nan,0,nan,0,nan,0,nan,0
1597988446574750976,1597988446924999936,2020-08-21 13:40:46.925000,4692.2,4719.6,4680.0,4691.6,nan,4699.366,72446,102135078840.0,113007,4692.4,6,4692.2,2,nan,0,nan,0,nan,0,nan,0,nan,0,nan,0,nan,0,nan,0
1597988447068814080,1597988447360999936,2020-08-21 13:40:47.361000,4693.0,4719.6,4680.0,4691.6,nan,4699.365,72460,102154787460.0,113013,4693.0,2,4692.8,1,nan,0,nan,0,nan,0,nan,0,nan,0,nan,0,nan,0,nan,0
1597988447584016896,1597988447936999936,2020-08-21 13:40:47.937000,4692.2,4719.6,4680.0,4691.6,nan,4699.364,72464,102160418520.0,113014,4692.8,4,4692.2,1,nan,0,nan,0,nan,0,nan,0,nan,0,nan,0,nan,0,nan,0
1597988448086525952,1597988448424999936,2020-08-21 13:40:48.425000,4692.2,4719.6,4680.0,4691.6,nan,4699.364,72465,102161826180.0,113014,4692.8,5,4692.2,3,nan,0,nan,0,nan,0,nan,0,nan,0,nan,0,nan,0,nan,0
1597988448568622080,1597988448924999936,2020-08-21 13:40:48.925000,4692.2,4719.6,4680.0,4691.6,nan,4699.364,72466,102163233840.0,113015,4692.4,1,4692.2,2,nan,0,nan,0,nan,0,nan,0,nan,0,nan,0,nan,0,nan,0
1597988449070713088,1597988449431000064,2020-08-21 13:40:49.431000,4692.4,4719.6,4680.0,4691.6,nan,4699.364,72470,102168864540.0,113016,4692.4,1,4692.0,8,nan,0,nan,0,nan,0,nan,0,nan,0,nan,0,nan,0,nan,0
1597988449573681920,1597988449894000128,2020-08-21 13:40:49.894000,4692.0,4719.6,4680.0,4691.6,nan,4699.363,72473,102173087460.0,113017,4692.2,2,4692.0,6,nan,0,nan,0,nan,0,nan,0,nan,0,nan,0,nan,0,nan,0
1597988450083864064,1597988450418999808,2020-08-21 13:40:50.419000,4692.2,4719.6,4680.0,4691.6,nan,4699.363,72477,102178717920.0,113021,4692.2,1,4692.0,3,nan,0,nan,0,nan,0,nan,0,nan,0,nan,0,nan,0,nan,0
1597988450567896064,1597988450928000000,2020-08-21 13:40:50.928000,4692.2,4719.6,4680.0,4691.6,nan,4699.363,72481,102184348380.0,113024,4691.6,1,4691.4,4,nan,0,nan,0,nan,0,nan,0,nan,0,nan,0,nan,0,nan,0
1597988451083333888,1597988451423000064,2020-08-21 13:40:51.423000,4691.4,4719.6,4680.0,4691.6,nan,4699.362,72483,102187163280.0,113026,4692.4,1,4692.2,2,nan,0,nan,0,nan,0,nan,0,nan,0,nan,0,nan,0,nan,0
1597988451590849024,1597988451933000192,2020-08-21 13:40:51.933000,4692.2,4719.6,4680.0,4691.6,nan,4699.362,72486,102191386260.0,113028,4692.2,10,4691.4,3,nan,0,nan,0,nan,0,nan,0,nan,0,nan,0,nan,0,nan,0
1597988452087909888,1597988452424999936,2020-08-21 13:40:52.425000,4691.4,4719.6,4680.0,4691.6,nan,4699.362,72489,102195608520.0,113031,4692.2,5,4691.2,6,nan,0,nan,0,nan,0,nan,0,nan,0,nan,0,nan,0,nan,0
1597988452570760960,1597988452930000128,2020-08-21 13:40:52.930000,4691.4,4719.6,4680.0,4691.6,nan,4699.362,72490,102197015940.0,113032,4692.0,1,4691.2,6,nan,0,nan,0,nan,0,nan,0,nan,0,nan,0,nan,0,nan,0
1597988453070305024,1597988453424999936,2020-08-21 13:40:53.425000,4691.6,4719.6,4680.0,4691.6,nan,4699.361,72494,102202646160.0,113034,4692.0,1,4691.4,1,nan,0,nan,0,nan,0,nan,0,nan,0,nan,0,nan,0,nan,0
1597988453574874880,1597988453932000000,2020-08-21 13:40:53.932000,4692.2,4719.6,4680.0,4691.6,nan,4699.361,72498,102208276020.0,113036,4692.0,1,4691.2,5,nan,0,nan,0,nan,0,nan,0,nan,0,nan,0,nan,0,nan,0
1597988454070574080,1597988454428000000,2020-08-21 13:40:54.428000,4692.2,4719.6,4680.0,4691.6,nan,4699.361,72498,102208276020.0,113036,4692.0,6,4691.2,5,nan,0,nan,0,nan,0,nan,0,nan,0,nan,0,nan,0,nan,0
1597988454570135040,1597988454931000064,2020-08-21 13:40:54.931000,4691.4,4719.6,4680.0,4691.6,nan,4699.36,72501,102212498160.0,113036,4691.4,1,4691.2,3,nan,0,nan,0,nan,0,nan,0,nan,0,nan,0,nan,0,nan,0
1597988455068751872,1597988455435000064,2020-08-21 13:40:55.435000,4691.8,4719.6,4680.0,4691.6,nan,4699.36,72509,102223757580.0,113044,4691.8,1,4691.0,4,nan,0,nan,0,nan,0,nan,0,nan,0,nan,0,nan,0,nan,0
1597988455566755072,1597988455936999936,2020-08-21 13:40:55.937000,4691.6,4719.6,4680.0,4691.6,nan,4699.359,72517,102235016700.0,113050,4691.8,2,4690.8,1,nan,0,nan,0,nan,0,nan,0,nan,0,nan,0,nan,0,nan,0
1597988456075192064,1597988456432000000,2020-08-21 13:40:56.432000,4691.6,4719.6,4680.0,4691.6,nan,4699.359,72517,102235016700.0,113050,4691.6,2,4690.8,1,nan,0,nan,0,nan,0,nan,0,nan,0,nan,0,nan,0,nan,0
1597988456573647104,1597988456905999872,2020-08-21 13:40:56.906000,4691.6,4719.6,4680.0,4691.6,nan,4699.359,72517,102235016700.0,113050,4691.6,2,4690.8,2,nan,0,nan,0,nan,0,nan,0,nan,0,nan,0,nan,0,nan,0
1597988457073527040,1597988457434000128,2020-08-21 13:40:57.434000,4691.6,4719.6,4680.0,4691.6,nan,4699.358,72521,102240646200.0,113054,4691.6,1,4691.0,1,nan,0,nan,0,nan,0,nan,0,nan,0,nan,0,nan,0,nan,0
1597988457581894912,1597988457931000064,2020-08-21 13:40:57.931000,4691.0,4719.6,4680.0,4691.6,nan,4699.358,72522,102242053500.0,113054,4691.6,2,4690.8,3,nan,0,nan,0,nan,0,nan,0,nan,0,nan,0,nan,0,nan,0
1597988458066366976,1597988458434000128,2020-08-21 13:40:58.434000,4691.0,4719.6,4680.0,4691.6,nan,4699.358,72522,102242053500.0,113054,4691.6,1,4690.8,3,nan,0,nan,0,nan,0,nan,0,nan,0,nan,0,nan,0,nan,0
1597988458565123072,1597988458926000128,2020-08-21 13:40:58.926000,4691.6,4719.6,4680.0,4691.6,nan,4699.358,72523,102243460980.0,113055,4691.6,4,4691.0,1,nan,0,nan,0,nan,0,nan,0,nan,0,nan,0,nan,0,nan,0
1597988459066726912,1597988459404000000,2020-08-21 13:40:59.404000,4691.6,4719.6,4680.0,4691.6,nan,4699.358,72525,102246275940.0,113057,4691.6,2,4691.0,1,nan,0,nan,0,nan,0,nan,0,nan,0,nan,0,nan,0,nan,0
1597988459567798016,1597988459904000000,2020-08-21 13:40:59.904000,4691.2,4719.6,4680.0,4691.6,nan,4699.358,72526,102247683300.0,113058,4691.6,2,4691.2,1,nan,0,nan,0,nan,0,nan,0,nan,0,nan,0,nan,0,nan,0
1597988460071699968,1597988460424999936,2020-08-21 13:41:00.425000,4691.6,4719.6,4680.0,4691.6,nan,4699.357,72531,102254720700.0,113063,4691.8,1,4691.6,16,nan,0,nan,0,nan,0,nan,0,nan,0,nan,0,nan,0,nan,0
1597988460572834048,1597988460937999872,2020-08-21 13:41:00.938000,4691.8,4719.6,4680.0,4691.6,nan,4699.357,72534,102258943320.0,113066,4692.0,7,4691.6,17,nan,0,nan,0,nan,0,nan,0,nan,0,nan,0,nan,0,nan,0
1597988461092954880,1597988461427000064,2020-08-21 13:41:01.427000,4692.0,4719.6,4680.0,4691.6,nan,4699.356,72538,102264573540.0,113067,4692.0,6,4691.6,16,nan,0,nan,0,nan,0,nan,0,nan,0,nan,0,nan,0,nan,0
1597988461588515072,1597988461891000064,2020-08-21 13:41:01.891000,4692.0,4719.6,4680.0,4691.6,nan,4699.356,72540,102267388740.0,113068,4692.0,4,4691.8,3,nan,0,nan,0,nan,0,nan,0,nan,0,nan,0,nan,0,nan,0
1597988462076750080,1597988462420999936,2020-08-21 13:41:02.421000,4692.4,4719.6,4680.0,4691.6,nan,4699.355,72549,102280057320.0,113075,4692.6,1,4692.0,3,nan,0,nan,0,nan,0,nan,0,nan,0,nan,0,nan,0,nan,0
1597988462583767040,1597988462911000064,2020-08-21 13:41:02.911000,4692.4,4719.6,4680.0,4691.6,nan,4699.355,72551,102282872640.0,113076,4692.4,1,4692.2,1,nan,0,nan,0,nan,0,nan,0,nan,0,nan,0,nan,0,nan,0
1597988463080719872,1597988463430000128,2020-08-21 13:41:03.430000,4692.6,4719.6,4680.0,4691.6,nan,4699.355,72554,102287095860.0,113079,4692.8,6,4692.4,3,nan,0,nan,0,nan,0,nan,0,nan,0,nan,0,nan,0,nan,0
1597988463580243968,1597988463935000064,2020-08-21 13:41:03.935000,4692.6,4719.6,4680.0,4691.6,nan,4699.355,72556,102289911420.0,113080,4692.8,6,4692.4,5,nan,0,nan,0,nan,0,nan,0,nan,0,nan,0,nan,0,nan,0
1597988464099383040,1597988464432000000,2020-08-21 13:41:04.432000,4692.8,4719.6,4680.0,4691.6,nan,4699.354,72559,102294134880.0,113083,4692.8,6,4692.4,6,nan,0,nan,0,nan,0,nan,0,nan,0,nan,0,nan,0,nan,0
1597988464571064064,1597988464926000128,2020-08-21 13:41:04.926000,4692.8,4719.6,4680.0,4691.6,nan,4699.354,72561,102296950560.0,113083,4692.6,1,4692.4,6,nan,0,nan,0,nan,0,nan,0,nan,0,nan,0,nan,0,nan,0
1597988465088194048,1597988465426000128,2020-08-21 13:41:05.426000,4692.6,4719.6,4680.0,4691.6,nan,4699.354,72564,102301173780.0,113086,4692.8,5,4692.6,4,nan,0,nan,0,nan,0,nan,0,nan,0,nan,0,nan,0,nan,0
1597988465581074944,1597988465921999872,2020-08-21 13:41:05.922000,4692.6,4719.6,4680.0,4691.6,nan,4699.352,72579,102322290240.0,113096,4692.6,3,4692.2,2,nan,0,nan,0,nan,0,nan,0,nan,0,nan,0,nan,0,nan,0
1597988466082276096,1597988466433000192,2020-08-21 13:41:06.433000,4692.2,4719.6,4680.0,4691.6,nan,4699.352,72585,102330736140.0,113100,4692.2,1,4692.0,5,nan,0,nan,0,nan,0,nan,0,nan,0,nan,0,nan,0,nan,0
1597988466574105088,1597988466938999808,2020-08-21 13:41:06.939000,4692.2,4719.6,4680.0,4691.6,nan,4699.351,72591,102339181800.0,113105,4692.4,1,4691.8,2,nan,0,nan,0,nan,0,nan,0,nan,0,nan,0,nan,0,nan,0
1597988467087504896,1597988467434000128,2020-08-21 13:41:07.434000,4692.4,4719.6,4680.0,4691.6,nan,4699.351,72594,102343404600.0,113107,4692.2,1,4691.6,16,nan,0,nan,0,nan,0,nan,0,nan,0,nan,0,nan,0,nan,0
1597988467575956992,1597988467888999936,2020-08-21 13:41:07.889000,4692.2,4719.6,4680.0,4691.6,nan,4699.351,72596,102346219800.0,113107,4692.2,4,4692.0,1,nan,0,nan,0,nan,0,nan,0,nan,0,nan,0,nan,0,nan,0
1597988468080175104,1597988468428000000,2020-08-21 13:41:08.428000,4692.2,4719.6,4680.0,4691.6,nan,4699.35,72600,102351850440.0,113111,4692.6,3,4692.4,1,nan,0,nan,0,nan,0,nan,0,nan,0,nan,0,nan,0,nan,0
1597988468577298944,1597988468913000192,2020-08-21 13:41:08.913000,4692.0,4719.6,4680.0,4691.6,nan,4699.35,72602,102354665700.0,113111,4692.6,6,4691.6,16,nan,0,nan,0,nan,0,nan,0,nan,0,nan,0,nan,0,nan,0
1597988469098597120,1597988469435000064,2020-08-21 13:41:09.435000,4692.0,4719.6,4680.0,4691.6,nan,4699.35,72602,102354665700.0,113111,4692.6,6,4691.8,1,nan,0,nan,0,nan,0,nan,0,nan,0,nan,0,nan,0,nan,0
1597988470080046080,1597988470438999808,2020-08-21 13:41:10.439000,4692.6,4719.6,4680.0,4691.6,nan,4699.35,72603,102356073480.0,113112,4692.6,5,4691.8,1,nan,0,nan,0,nan,0,nan,0,nan,0,nan,0,nan,0,nan,0
1597988470584620032,1597988470926000128,2020-08-21 13:41:10.926000,4692.6,4719.6,4680.0,4691.6,nan,4699.35,72604,102357481260.0,113113,4692.4,1,4691.8,2,nan,0,nan,0,nan,0,nan,0,nan,0,nan,0,nan,0,nan,0
1597988471086693120,1597988471436000000,2020-08-21 13:41:11.436000,4692.0,4719.6,4680.0,4691.6,nan,4699.35,72605,102358888860.0,113114,4692.2,1,4692.0,1,nan,0,nan,0,nan,0,nan,0,nan,0,nan,0,nan,0,nan,0
1597988472080773888,1597988472436999936,2020-08-21 13:41:12.437000,4692.0,4719.6,4680.0,4691.6,nan,4699.35,72606,102360296460.0,113114,4692.0,2,4691.8,2,nan,0,nan,0,nan,0,nan,0,nan,0,nan,0,nan,0,nan,0
1597988472582853120,1597988472932000000,2020-08-21 13:41:12.932000,4692.0,4719.6,4680.0,4691.6,nan,4699.35,72606,102360296460.0,113114,4692.0,2,4691.8,2,nan,0,nan,0,nan,0,nan,0,nan,0,nan,0,nan,0,nan,0
1597988473076425984,1597988473436000000,2020-08-21 13:41:13.436000,4691.8,4719.6,4680.0,4691.6,nan,4699.35,72607,102361704000.0,113113,4692.0,6,4691.8,1,nan,0,nan,0,nan,0,nan,0,nan,0,nan,0,nan,0,nan,0
1597988473583517952,1597988473928999936,2020-08-21 13:41:13.929000,4691.6,4719.6,4680.0,4691.6,nan,4699.349,72610,102365926500.0,113113,4692.0,6,4691.6,14,nan,0,nan,0,nan,0,nan,0,nan,0,nan,0,nan,0,nan,0
1597988474080622080,1597988474404000000,2020-08-21 13:41:14.404000,4691.6,4719.6,4680.0,4691.6,nan,4699.349,72612,102368741460.0,113113,4692.0,8,4691.6,12,nan,0,nan,0,nan,0,nan,0,nan,0,nan,0,nan,0,nan,0
