local_nano_time,quote_nano_time,datetime,last_price,highest,lowest,open,close,average,volume,amount,open_interest,ask_price1,ask_volume1,bid_price1,bid_volume1,ask_price2,ask_volume2,bid_price2,bid_volume2,ask_price3,ask_volume3,bid_price3,bid_volume3,ask_price4,ask_volume4,bid_price4,bid_volume4,ask_price5,ask_volume5,bid_price5,bid_volume5
1597988226225081088,1597988226000001024,2020-08-21 13:37:06.000001,1782.0,1843.0,1764.0,1840.0,nan,1796.0,1502856,53982587520.0,665510,1782.0,708,1781.0,231,nan,0,nan,0,nan,0,nan,0,nan,0,nan,0,nan,0,nan,0
1597988226683425024,1597988227000000000,2020-08-21 13:37:07.000000,1781.0,1843.0,1764.0,1840.0,nan,1796.0,1502869,53983054480.0,665510,1782.0,708,1781.0,202,nan,0,nan,0,nan,0,nan,0,nan,0,nan,0,nan,0,nan,0
1597988227189016064,1597988227000001024,2020-08-21 13:37:07.000001,1781.0,1843.0,1764.0,1840.0,nan,1796.0,1502871,53983126320.0,665510,1782.0,706,1781.0,220,nan,0,nan,0,nan,0,nan,0,nan,0,nan,0,nan,0,nan,0
1597988227689017088,1597988228000000000,2020-08-21 13:37:08.000000,1782.0,1843.0,1764.0,1840.0,nan,1796.0,1503070,53990274400.0,665409,1782.0,552,1781.0,238,nan,0,nan,0,nan,0,nan,0,nan,0,nan,0,nan,0,nan,0
1597988228187430912,1597988228000001024,2020-08-21 13:37:08.000001,1782.0,1843.0,1764.0,1840.0,nan,1796.0,1503080,53990633600.0,665409,1782.0,544,1781.0,250,nan,0,nan,0,nan,0,nan,0,nan,0,nan,0,nan,0,nan,0
1597988228686668032,1597988229000000000,2020-08-21 13:37:09.000000,1782.0,1843.0,1764.0,1840.0,nan,1796.0,1503091,53991028720.0,665408,1782.0,563,1781.0,241,nan,0,nan,0,nan,0,nan,0,nan,0,nan,0,nan,0,nan,0
1597988229189134080,1597988229000001024,2020-08-21 13:37:09.000001,1782.0,1843.0,1764.0,1840.0,nan,1796.0,1503091,53991028720.0,665408,1782.0,568,1781.0,233,nan,0,nan,0,nan,0,nan,0,nan,0,nan,0,nan,0,nan,0
1597988229692705024,1597988230000000000,2020-08-21 13:37:10.000000,1781.0,1843.0,1764.0,1840.0,nan,1796.0,1503097,53991244240.0,665403,1782.0,563,1781.0,236,nan,0,nan,0,nan,0,nan,0,nan,0,nan,0,nan,0,nan,0
1597988230241978112,1597988230000001024,2020-08-21 13:37:10.000001,1782.0,1843.0,1764.0,1840.0,nan,1796.0,1503104,53991495680.0,665399,1782.0,580,1781.0,232,nan,0,nan,0,nan,0,nan,0,nan,0,nan,0,nan,0,nan,0
1597988230693511936,1597988231000000000,2020-08-21 13:37:11.000000,1781.0,1843.0,1764.0,1840.0,nan,1796.0,1503140,53992788800.0,665396,1782.0,581,1781.0,205,nan,0,nan,0,nan,0,nan,0,nan,0,nan,0,nan,0,nan,0
1597988231191611904,1597988231000001024,2020-08-21 13:37:11.000001,1782.0,1843.0,1764.0,1840.0,nan,1796.0,1503141,53992824720.0,665395,1782.0,617,1781.0,242,nan,0,nan,0,nan,0,nan,0,nan,0,nan,0,nan,0,nan,0
1597988231695616000,1597988232000000000,2020-08-21 13:37:12.000000,1782.0,1843.0,1764.0,1840.0,nan,1796.0,1503141,53992824720.0,665395,1782.0,619,1781.0,242,nan,0,nan,0,nan,0,nan,0,nan,0,nan,0,nan,0,nan,0
1597988232198918912,1597988232000001024,2020-08-21 13:37:12.000001,1781.0,1843.0,1764.0,1840.0,nan,1796.0,1503148,53993076160.0,665393,1782.0,619,1781.0,251,nan,0,nan,0,nan,0,nan,0,nan,0,nan,0,nan,0,nan,0
1597988232689164032,1597988233000000000,2020-08-21 13:37:13.000000,1782.0,1843.0,1764.0,1840.0,nan,1796.0,1503151,53993183920.0,665394,1782.0,617,1781.0,251,nan,0,nan,0,nan,0,nan,0,nan,0,nan,0,nan,0,nan,0
1597988233188596992,1597988233000001024,2020-08-21 13:37:13.000001,1782.0,1843.0,1764.0,1840.0,nan,1796.0,1503155,53993327600.0,665394,1782.0,614,1781.0,272,nan,0,nan,0,nan,0,nan,0,nan,0,nan,0,nan,0,nan,0
1597988233695122944,1597988234000000000,2020-08-21 13:37:14.000000,1781.0,1843.0,1764.0,1840.0,nan,1796.0,1503163,53993614960.0,665390,1782.0,608,1781.0,271,nan,0,nan,0,nan,0,nan,0,nan,0,nan,0,nan,0,nan,0
1597988234190096896,1597988234000001024,2020-08-21 13:37:14.000001,1781.0,1843.0,1764.0,1840.0,nan,1796.0,1503214,53995446880.0,665413,1782.0,614,1781.0,227,nan,0,nan,0,nan,0,nan,0,nan,0,nan,0,nan,0,nan,0
1597988234694780928,1597988235000000000,2020-08-21 13:37:15.000000,1782.0,1843.0,1764.0,1840.0,nan,1796.0,1503222,53995734240.0,665413,1782.0,609,1781.0,227,nan,0,nan,0,nan,0,nan,0,nan,0,nan,0,nan,0,nan,0
1597988235197455872,1597988235000001024,2020-08-21 13:37:15.000001,1782.0,1843.0,1764.0,1840.0,nan,1796.0,1503223,53995770160.0,665412,1782.0,610,1781.0,228,nan,0,nan,0,nan,0,nan,0,nan,0,nan,0,nan,0,nan,0
1597988235858758912,1597988236000000000,2020-08-21 13:37:16.000000,1781.0,1843.0,1764.0,1840.0,nan,1796.0,1503224,53995806080.0,665412,1782.0,611,1781.0,228,nan,0,nan,0,nan,0,nan,0,nan,0,nan,0,nan,0,nan,0
1597988236206780928,1597988236000001024,2020-08-21 13:37:16.000001,1781.0,1843.0,1764.0,1840.0,nan,1796.0,1503398,54002056160.0,665356,1782.0,610,1781.0,64,nan,0,nan,0,nan,0,nan,0,nan,0,nan,0,nan,0,nan,0
1597988236692996096,1597988237000000000,2020-08-21 13:37:17.000000,1782.0,1843.0,1764.0,1840.0,nan,1796.0,1503489,54005324880.0,665412,1781.0,1,1780.0,705,nan,0,nan,0,nan,0,nan,0,nan,0,nan,0,nan,0,nan,0
1597988237201329920,1597988237000001024,2020-08-21 13:37:17.000001,1781.0,1843.0,1764.0,1840.0,nan,1796.0,1503493,54005468560.0,665411,1781.0,48,1780.0,706,nan,0,nan,0,nan,0,nan,0,nan,0,nan,0,nan,0,nan,0
1597988237699532032,1597988238000000000,2020-08-21 13:37:18.000000,1780.0,1843.0,1764.0,1840.0,nan,1796.0,1503511,54006115120.0,665427,1781.0,111,1780.0,696,nan,0,nan,0,nan,0,nan,0,nan,0,nan,0,nan,0,nan,0
1597988238205647104,1597988238000001024,2020-08-21 13:37:18.000001,1781.0,1843.0,1764.0,1840.0,nan,1796.0,1503534,54006941280.0,665423,1781.0,104,1780.0,691,nan,0,nan,0,nan,0,nan,0,nan,0,nan,0,nan,0,nan,0
1597988238695365888,1597988239000000000,2020-08-21 13:37:19.000000,1781.0,1843.0,1764.0,1840.0,nan,1796.0,1503614,54009814880.0,665487,1781.0,70,1780.0,637,nan,0,nan,0,nan,0,nan,0,nan,0,nan,0,nan,0,nan,0
1597988239185496064,1597988239000001024,2020-08-21 13:37:19.000001,1781.0,1843.0,1764.0,1840.0,nan,1796.0,1503622,54010102240.0,665486,1781.0,58,1780.0,639,nan,0,nan,0,nan,0,nan,0,nan,0,nan,0,nan,0,nan,0
1597988239690902016,1597988240000000000,2020-08-21 13:37:20.000000,1781.0,1843.0,1764.0,1840.0,nan,1796.0,1503627,54010281840.0,665485,1781.0,57,1780.0,635,nan,0,nan,0,nan,0,nan,0,nan,0,nan,0,nan,0,nan,0
1597988240198550016,1597988240000001024,2020-08-21 13:37:20.000001,1781.0,1843.0,1764.0,1840.0,nan,1796.0,1503627,54010281840.0,665485,1781.0,89,1780.0,639,nan,0,nan,0,nan,0,nan,0,nan,0,nan,0,nan,0,nan,0
1597988240693395968,1597988241000000000,2020-08-21 13:37:21.000000,1781.0,1843.0,1764.0,1840.0,nan,1796.0,1503631,54010425520.0,665486,1781.0,113,1780.0,629,nan,0,nan,0,nan,0,nan,0,nan,0,nan,0,nan,0,nan,0
1597988241190554112,1597988241000001024,2020-08-21 13:37:21.000001,1781.0,1843.0,1764.0,1840.0,nan,1796.0,1503631,54010425520.0,665486,1781.0,179,1780.0,631,nan,0,nan,0,nan,0,nan,0,nan,0,nan,0,nan,0,nan,0
1597988241696269056,1597988242000000000,2020-08-21 13:37:22.000000,1781.0,1843.0,1764.0,1840.0,nan,1796.0,1503638,54010676960.0,665484,1781.0,220,1780.0,629,nan,0,nan,0,nan,0,nan,0,nan,0,nan,0,nan,0,nan,0
1597988242190417920,1597988242000001024,2020-08-21 13:37:22.000001,1781.0,1843.0,1764.0,1840.0,nan,1796.0,1503639,54010712880.0,665484,1781.0,245,1780.0,631,nan,0,nan,0,nan,0,nan,0,nan,0,nan,0,nan,0,nan,0
1597988242701697024,1597988243000000000,2020-08-21 13:37:23.000000,1781.0,1843.0,1764.0,1840.0,nan,1796.0,1503644,54010892480.0,665484,1781.0,251,1780.0,632,nan,0,nan,0,nan,0,nan,0,nan,0,nan,0,nan,0,nan,0
1597988243190659072,1597988243000001024,2020-08-21 13:37:23.000001,1781.0,1843.0,1764.0,1840.0,nan,1796.0,1503646,54010964320.0,665484,1781.0,255,1780.0,640,nan,0,nan,0,nan,0,nan,0,nan,0,nan,0,nan,0,nan,0
1597988243692369920,1597988244000000000,2020-08-21 13:37:24.000000,1781.0,1843.0,1764.0,1840.0,nan,1796.0,1503650,54011108000.0,665481,1781.0,257,1780.0,642,nan,0,nan,0,nan,0,nan,0,nan,0,nan,0,nan,0,nan,0
1597988244200338944,1597988244000001024,2020-08-21 13:37:24.000001,1780.0,1843.0,1764.0,1840.0,nan,1796.0,1503662,54011539040.0,665482,1781.0,266,1780.0,631,nan,0,nan,0,nan,0,nan,0,nan,0,nan,0,nan,0,nan,0
1597988244696198912,1597988245000000000,2020-08-21 13:37:25.000000,1781.0,1843.0,1764.0,1840.0,nan,1796.0,1503679,54012149680.0,665473,1781.0,264,1780.0,616,nan,0,nan,0,nan,0,nan,0,nan,0,nan,0,nan,0,nan,0
1597988245200230912,1597988245000001024,2020-08-21 13:37:25.000001,1780.0,1843.0,1764.0,1840.0,nan,1796.0,1503705,54013083600.0,665475,1781.0,334,1780.0,592,nan,0,nan,0,nan,0,nan,0,nan,0,nan,0,nan,0,nan,0
1597988245699011072,1597988246000000000,2020-08-21 13:37:26.000000,1780.0,1843.0,1764.0,1840.0,nan,1796.0,1503709,54013227280.0,665475,1781.0,339,1780.0,591,nan,0,nan,0,nan,0,nan,0,nan,0,nan,0,nan,0,nan,0
1597988246202683904,1597988246000001024,2020-08-21 13:37:26.000001,1781.0,1843.0,1764.0,1840.0,nan,1796.0,1503714,54013406880.0,665470,1781.0,337,1780.0,593,nan,0,nan,0,nan,0,nan,0,nan,0,nan,0,nan,0,nan,0
1597988246710733056,1597988247000000000,2020-08-21 13:37:27.000000,1781.0,1843.0,1764.0,1840.0,nan,1796.0,1503725,54013802000.0,665460,1781.0,327,1780.0,593,nan,0,nan,0,nan,0,nan,0,nan,0,nan,0,nan,0,nan,0
1597988247195290112,1597988247000001024,2020-08-21 13:37:27.000001,1780.0,1843.0,1764.0,1840.0,nan,1796.0,1503727,54013873840.0,665460,1781.0,330,1780.0,588,nan,0,nan,0,nan,0,nan,0,nan,0,nan,0,nan,0,nan,0
1597988247698960896,1597988248000000000,2020-08-21 13:37:28.000000,1781.0,1843.0,1764.0,1840.0,nan,1796.0,1503728,54013909760.0,665459,1781.0,387,1780.0,601,nan,0,nan,0,nan,0,nan,0,nan,0,nan,0,nan,0,nan,0
1597988248225956096,1597988248000001024,2020-08-21 13:37:28.000001,1780.0,1843.0,1764.0,1840.0,nan,1796.0,1503730,54013981600.0,665459,1781.0,459,1780.0,601,nan,0,nan,0,nan,0,nan,0,nan,0,nan,0,nan,0,nan,0
1597988248696340992,1597988249000000000,2020-08-21 13:37:29.000000,1780.0,1843.0,1764.0,1840.0,nan,1796.0,1503732,54014053440.0,665461,1781.0,460,1780.0,602,nan,0,nan,0,nan,0,nan,0,nan,0,nan,0,nan,0,nan,0
1597988249338731008,1597988249000001024,2020-08-21 13:37:29.000001,1781.0,1843.0,1764.0,1840.0,nan,1796.0,1503734,54014125280.0,665461,1781.0,461,1780.0,601,nan,0,nan,0,nan,0,nan,0,nan,0,nan,0,nan,0,nan,0
1597988249701689088,1597988250000000000,2020-08-21 13:37:30.000000,1781.0,1843.0,1764.0,1840.0,nan,1796.0,1503738,54014268960.0,665462,1781.0,582,1780.0,611,nan,0,nan,0,nan,0,nan,0,nan,0,nan,0,nan,0,nan,0
1597988250208335104,1597988250000001024,2020-08-21 13:37:30.000001,1781.0,1843.0,1764.0,1840.0,nan,1796.0,1503744,54014484480.0,665462,1781.0,578,1780.0,567,nan,0,nan,0,nan,0,nan,0,nan,0,nan,0,nan,0,nan,0
1597988250707738880,1597988251000000000,2020-08-21 13:37:31.000000,1781.0,1843.0,1764.0,1840.0,nan,1796.0,1503746,54014556320.0,665462,1781.0,576,1780.0,567,nan,0,nan,0,nan,0,nan,0,nan,0,nan,0,nan,0,nan,0
1597988251199225088,1597988251000001024,2020-08-21 13:37:31.000001,1780.0,1843.0,1764.0,1840.0,nan,1796.0,1503769,54015382480.0,665463,1781.0,579,1780.0,483,nan,0,nan,0,nan,0,nan,0,nan,0,nan,0,nan,0,nan,0
1597988251701893120,1597988252000000000,2020-08-21 13:37:32.000000,1780.0,1843.0,1764.0,1840.0,nan,1796.0,1503803,54016603760.0,665496,1781.0,559,1780.0,427,nan,0,nan,0,nan,0,nan,0,nan,0,nan,0,nan,0,nan,0
1597988252202451968,1597988252000001024,2020-08-21 13:37:32.000001,1781.0,1843.0,1764.0,1840.0,nan,1796.0,1503805,54016675600.0,665496,1781.0,569,1780.0,428,nan,0,nan,0,nan,0,nan,0,nan,0,nan,0,nan,0,nan,0
1597988252691618048,1597988253000000000,2020-08-21 13:37:33.000000,1781.0,1843.0,1764.0,1840.0,nan,1796.0,1503825,54017394000.0,665516,1781.0,569,1780.0,427,nan,0,nan,0,nan,0,nan,0,nan,0,nan,0,nan,0,nan,0
1597988253203312128,1597988253000001024,2020-08-21 13:37:33.000001,1781.0,1843.0,1764.0,1840.0,nan,1796.0,1503827,54017465840.0,665516,1781.0,568,1780.0,435,nan,0,nan,0,nan,0,nan,0,nan,0,nan,0,nan,0,nan,0
1597988253702424064,1597988254000000000,2020-08-21 13:37:34.000000,1780.0,1843.0,1764.0,1840.0,nan,1796.0,1503832,54017645440.0,665514,1781.0,568,1780.0,466,nan,0,nan,0,nan,0,nan,0,nan,0,nan,0,nan,0,nan,0
1597988254206258944,1597988254000001024,2020-08-21 13:37:34.000001,1780.0,1843.0,1764.0,1840.0,nan,1796.0,1503832,54017645440.0,665514,1781.0,569,1780.0,480,nan,0,nan,0,nan,0,nan,0,nan,0,nan,0,nan,0,nan,0
1597988254735415040,1597988255000000000,2020-08-21 13:37:35.000000,1780.0,1843.0,1764.0,1840.0,nan,1796.0,1503855,54018471600.0,665530,1781.0,580,1780.0,478,nan,0,nan,0,nan,0,nan,0,nan,0,nan,0,nan,0,nan,0
1597988255206202880,1597988255000001024,2020-08-21 13:37:35.000001,1780.0,1843.0,1764.0,1840.0,nan,1796.0,1503855,54018471600.0,665530,1781.0,582,1780.0,479,nan,0,nan,0,nan,0,nan,0,nan,0,nan,0,nan,0,nan,0
1597988255702467072,1597988256000000000,2020-08-21 13:37:36.000000,1780.0,1843.0,1764.0,1840.0,nan,1796.0,1503855,54018471600.0,665530,1781.0,582,1780.0,481,nan,0,nan,0,nan,0,nan,0,nan,0,nan,0,nan,0,nan,0
1597988256209111040,1597988256000001024,2020-08-21 13:37:36.000001,1780.0,1843.0,1764.0,1840.0,nan,1796.0,1503873,54019118160.0,665535,1781.0,585,1780.0,463,nan,0,nan,0,nan,0,nan,0,nan,0,nan,0,nan,0,nan,0
1597988256702784000,1597988257000000000,2020-08-21 13:37:37.000000,1780.0,1843.0,1764.0,1840.0,nan,1796.0,1503874,54019154080.0,665536,1781.0,593,1780.0,462,nan,0,nan,0,nan,0,nan,0,nan,0,nan,0,nan,0,nan,0
1597988257205979904,1597988257000001024,2020-08-21 13:37:37.000001,1781.0,1843.0,1764.0,1840.0,nan,1796.0,1503876,54019225920.0,665536,1781.0,598,1780.0,461,nan,0,nan,0,nan,0,nan,0,nan,0,nan,0,nan,0,nan,0
1597988257702810112,1597988258000000000,2020-08-21 13:37:38.000000,1780.0,1843.0,1764.0,1840.0,nan,1796.0,1503883,54019477360.0,665538,1781.0,600,1780.0,474,nan,0,nan,0,nan,0,nan,0,nan,0,nan,0,nan,0,nan,0
1597988258217657088,1597988258000001024,2020-08-21 13:37:38.000001,1780.0,1843.0,1764.0,1840.0,nan,1796.0,1503885,54019549200.0,665537,1781.0,599,1780.0,485,nan,0,nan,0,nan,0,nan,0,nan,0,nan,0,nan,0,nan,0
1597988258707641088,1597988259000000000,2020-08-21 13:37:39.000000,1780.0,1843.0,1764.0,1840.0,nan,1796.0,1503888,54019656960.0,665536,1781.0,606,1780.0,521,nan,0,nan,0,nan,0,nan,0,nan,0,nan,0,nan,0,nan,0
1597988259204001024,1597988259000001024,2020-08-21 13:37:39.000001,1780.0,1843.0,1764.0,1840.0,nan,1796.0,1503890,54019728800.0,665536,1781.0,615,1780.0,521,nan,0,nan,0,nan,0,nan,0,nan,0,nan,0,nan,0,nan,0
1597988259711141888,1597988260000000000,2020-08-21 13:37:40.000000,1780.0,1843.0,1764.0,1840.0,nan,1796.0,1503892,54019800640.0,665536,1781.0,622,1780.0,523,nan,0,nan,0,nan,0,nan,0,nan,0,nan,0,nan,0,nan,0
1597988260214955008,1597988260000001024,2020-08-21 13:37:40.000001,1780.0,1843.0,1764.0,1840.0,nan,1796.0,1503894,54019872480.0,665538,1781.0,628,1780.0,523,nan,0,nan,0,nan,0,nan,0,nan,0,nan,0,nan,0,nan,0
1597988260718697984,1597988261000000000,2020-08-21 13:37:41.000000,1780.0,1843.0,1764.0,1840.0,nan,1796.0,1503895,54019908400.0,665539,1781.0,633,1780.0,582,nan,0,nan,0,nan,0,nan,0,nan,0,nan,0,nan,0,nan,0
1597988261195918080,1597988261000001024,2020-08-21 13:37:41.000001,1780.0,1843.0,1764.0,1840.0,nan,1796.0,1503896,54019944320.0,665540,1781.0,638,1780.0,582,nan,0,nan,0,nan,0,nan,0,nan,0,nan,0,nan,0,nan,0
1597988261698277888,1597988262000000000,2020-08-21 13:37:42.000000,1780.0,1843.0,1764.0,1840.0,nan,1796.0,1503897,54019980240.0,665541,1781.0,660,1780.0,585,nan,0,nan,0,nan,0,nan,0,nan,0,nan,0,nan,0,nan,0
1597988262197315072,1597988262000001024,2020-08-21 13:37:42.000001,1780.0,1843.0,1764.0,1840.0,nan,1796.0,1503909,54020411280.0,665551,1781.0,670,1780.0,573,nan,0,nan,0,nan,0,nan,0,nan,0,nan,0,nan,0,nan,0
1597988262704129024,1597988263000000000,2020-08-21 13:37:43.000000,1780.0,1843.0,1764.0,1840.0,nan,1796.0,1503910,54020447200.0,665552,1781.0,670,1780.0,575,nan,0,nan,0,nan,0,nan,0,nan,0,nan,0,nan,0,nan,0
1597988263198892032,1597988263000001024,2020-08-21 13:37:43.000001,1781.0,1843.0,1764.0,1840.0,nan,1796.0,1503913,54020554960.0,665552,1781.0,669,1780.0,577,nan,0,nan,0,nan,0,nan,0,nan,0,nan,0,nan,0,nan,0
1597988263698309888,1597988264000000000,2020-08-21 13:37:44.000000,1780.0,1843.0,1764.0,1840.0,nan,1796.0,1504012,54024111040.0,665505,1781.0,669,1780.0,479,nan,0,nan,0,nan,0,nan,0,nan,0,nan,0,nan,0,nan,0
1597988264206243072,1597988264000001024,2020-08-21 13:37:44.000001,1780.0,1843.0,1764.0,1840.0,nan,1796.0,1504013,54024146960.0,665505,1781.0,679,1780.0,480,nan,0,nan,0,nan,0,nan,0,nan,0,nan,0,nan,0,nan,0
1597988264702364928,1597988265000000000,2020-08-21 13:37:45.000000,1780.0,1843.0,1764.0,1840.0,nan,1796.0,1504037,54025009040.0,665483,1781.0,669,1780.0,456,nan,0,nan,0,nan,0,nan,0,nan,0,nan,0,nan,0,nan,0
1597988265200294912,1597988265000001024,2020-08-21 13:37:45.000001,1780.0,1843.0,1764.0,1840.0,nan,1796.0,1504349,54036216080.0,665418,1781.0,670,1780.0,144,nan,0,nan,0,nan,0,nan,0,nan,0,nan,0,nan,0,nan,0
1597988265703291904,1597988266000000000,2020-08-21 13:37:46.000000,1780.0,1843.0,1764.0,1840.0,nan,1796.0,1504511,54042035120.0,665499,1780.0,67,1779.0,548,nan,0,nan,0,nan,0,nan,0,nan,0,nan,0,nan,0,nan,0
1597988266201248000,1597988266000001024,2020-08-21 13:37:46.000001,1780.0,1843.0,1764.0,1840.0,nan,1796.0,1504511,54042035120.0,665499,1780.0,220,1779.0,534,nan,0,nan,0,nan,0,nan,0,nan,0,nan,0,nan,0,nan,0
1597988266701765120,1597988267000000000,2020-08-21 13:37:47.000000,1780.0,1843.0,1764.0,1840.0,nan,1796.0,1504516,54042214720.0,665504,1780.0,265,1779.0,534,nan,0,nan,0,nan,0,nan,0,nan,0,nan,0,nan,0,nan,0
1597988267207377920,1597988267000001024,2020-08-21 13:37:47.000001,1780.0,1843.0,1764.0,1840.0,nan,1796.0,1504591,54044908720.0,665454,1780.0,224,1779.0,501,nan,0,nan,0,nan,0,nan,0,nan,0,nan,0,nan,0,nan,0
1597988267709049088,1597988268000000000,2020-08-21 13:37:48.000000,1780.0,1843.0,1764.0,1840.0,nan,1796.0,1504594,54045016480.0,665456,1780.0,234,1779.0,502,nan,0,nan,0,nan,0,nan,0,nan,0,nan,0,nan,0,nan,0
1597988268206002944,1597988268000001024,2020-08-21 13:37:48.000001,1780.0,1843.0,1764.0,1840.0,nan,1796.0,1504607,54045483440.0,665466,1780.0,224,1779.0,528,nan,0,nan,0,nan,0,nan,0,nan,0,nan,0,nan,0,nan,0
1597988268705902080,1597988269000000000,2020-08-21 13:37:49.000000,1780.0,1843.0,1764.0,1840.0,nan,1796.0,1504609,54045555280.0,665468,1780.0,224,1779.0,528,nan,0,nan,0,nan,0,nan,0,nan,0,nan,0,nan,0,nan,0
1597988269203465984,1597988269000001024,2020-08-21 13:37:49.000001,1780.0,1843.0,1764.0,1840.0,nan,1796.0,1504616,54045806720.0,665463,1780.0,242,1779.0,524,nan,0,nan,0,nan,0,nan,0,nan,0,nan,0,nan,0,nan,0
1597988269718721024,1597988270000000000,2020-08-21 13:37:50.000000,1780.0,1843.0,1764.0,1840.0,nan,1796.0,1504619,54045914480.0,665466,1780.0,244,1779.0,524,nan,0,nan,0,nan,0,nan,0,nan,0,nan,0,nan,0,nan,0
1597988270205308928,1597988270000001024,2020-08-21 13:37:50.000001,1780.0,1843.0,1764.0,1840.0,nan,1796.0,1504619,54045914480.0,665466,1780.0,246,1779.0,524,nan,0,nan,0,nan,0,nan,0,nan,0,nan,0,nan,0,nan,0
1597988270708931072,1597988271000000000,2020-08-21 13:37:51.000000,1780.0,1843.0,1764.0,1840.0,nan,1796.0,1504620,54045950400.0,665466,1780.0,253,1779.0,529,nan,0,nan,0,nan,0,nan,0,nan,0,nan,0,nan,0,nan,0
1597988271205894912,1597988271000001024,2020-08-21 13:37:51.000001,1780.0,1843.0,1764.0,1840.0,nan,1796.0,1504623,54046058160.0,665469,1780.0,252,1779.0,530,nan,0,nan,0,nan,0,nan,0,nan,0,nan,0,nan,0,nan,0
1597988271707905024,1597988272000000000,2020-08-21 13:37:52.000000,1780.0,1843.0,1764.0,1840.0,nan,1796.0,1504633,54046417360.0,665479,1780.0,243,1779.0,531,nan,0,nan,0,nan,0,nan,0,nan,0,nan,0,nan,0,nan,0
1597988272204666880,1597988272000001024,2020-08-21 13:37:52.000001,1780.0,1843.0,1764.0,1840.0,nan,1796.0,1504665,54047566800.0,665476,1780.0,213,1779.0,531,nan,0,nan,0,nan,0,nan,0,nan,0,nan,0,nan,0,nan,0
1597988272722812928,1597988273000000000,2020-08-21 13:37:53.000000,1780.0,1843.0,1764.0,1840.0,nan,1796.0,1504668,54047674560.0,665479,1780.0,211,1779.0,535,nan,0,nan,0,nan,0,nan,0,nan,0,nan,0,nan,0,nan,0
1597988273206768128,1597988273000001024,2020-08-21 13:37:53.000001,1780.0,1843.0,1764.0,1840.0,nan,1796.0,1504881,54055325520.0,665446,1781.0,795,1780.0,102,nan,0,nan,0,nan,0,nan,0,nan,0,nan,0,nan,0,nan,0
1597988273708875008,1597988274000000000,2020-08-21 13:37:54.000000,1780.0,1843.0,1764.0,1840.0,nan,1796.0,1504894,54055792480.0,665447,1781.0,780,1780.0,252,nan,0,nan,0,nan,0,nan,0,nan,0,nan,0,nan,0,nan,0
1597988274208921088,1597988274000001024,2020-08-21 13:37:54.000001,1780.0,1843.0,1764.0,1840.0,nan,1796.0,1504895,54055828400.0,665448,1781.0,781,1780.0,350,nan,0,nan,0,nan,0,nan,0,nan,0,nan,0,nan,0,nan,0
1597988274707969024,1597988275000000000,2020-08-21 13:37:55.000000,1780.0,1843.0,1764.0,1840.0,nan,1796.0,1504899,54055972080.0,665452,1781.0,782,1780.0,388,nan,0,nan,0,nan,0,nan,0,nan,0,nan,0,nan,0,nan,0
1597988275213634048,1597988275000001024,2020-08-21 13:37:55.000001,1780.0,1843.0,1764.0,1840.0,nan,1796.0,1504900,54056008000.0,665453,1781.0,782,1780.0,320,nan,0,nan,0,nan,0,nan,0,nan,0,nan,0,nan,0,nan,0
1597988275709637888,1597988276000000000,2020-08-21 13:37:56.000000,1780.0,1843.0,1764.0,1840.0,nan,1796.0,1504906,54056223520.0,665459,1781.0,807,1780.0,315,nan,0,nan,0,nan,0,nan,0,nan,0,nan,0,nan,0,nan,0
1597988276214907904,1597988276000001024,2020-08-21 13:37:56.000001,1780.0,1843.0,1764.0,1840.0,nan,1796.0,1505015,54060138800.0,665404,1781.0,791,1780.0,206,nan,0,nan,0,nan,0,nan,0,nan,0,nan,0,nan,0,nan,0
1597988276803404032,1597988277000000000,2020-08-21 13:37:57.000000,1780.0,1843.0,1764.0,1840.0,nan,1796.0,1505021,54060354320.0,665399,1781.0,790,1780.0,202,nan,0,nan,0,nan,0,nan,0,nan,0,nan,0,nan,0,nan,0
1597988277257530880,1597988277000001024,2020-08-21 13:37:57.000001,1780.0,1843.0,1764.0,1840.0,nan,1796.0,1505030,54060677600.0,665394,1781.0,790,1780.0,194,nan,0,nan,0,nan,0,nan,0,nan,0,nan,0,nan,0,nan,0
1597988277716504064,1597988278000000000,2020-08-21 13:37:58.000000,1780.0,1843.0,1764.0,1840.0,nan,1796.0,1505032,54060749440.0,665393,1781.0,792,1780.0,200,nan,0,nan,0,nan,0,nan,0,nan,0,nan,0,nan,0,nan,0
1597988278214514944,1597988278000001024,2020-08-21 13:37:58.000001,1781.0,1843.0,1764.0,1840.0,nan,1796.0,1505033,54060785360.0,665393,1781.0,794,1780.0,200,nan,0,nan,0,nan,0,nan,0,nan,0,nan,0,nan,0,nan,0
1597988278715943936,1597988279000000000,2020-08-21 13:37:59.000000,1780.0,1843.0,1764.0,1840.0,nan,1796.0,1505037,54060929040.0,665393,1781.0,795,1780.0,196,nan,0,nan,0,nan,0,nan,0,nan,0,nan,0,nan,0,nan,0
1597988279213192960,1597988279000001024,2020-08-21 13:37:59.000001,1780.0,1843.0,1764.0,1840.0,nan,1796.0,1505037,54060929040.0,665393,1781.0,796,1780.0,198,nan,0,nan,0,nan,0,nan,0,nan,0,nan,0,nan,0,nan,0
1597988279712467968,1597988280000000000,2020-08-21 13:38:00.000000,1780.0,1843.0,1764.0,1840.0,nan,1796.0,1505044,54061180480.0,665393,1781.0,814,1780.0,266,nan,0,nan,0,nan,0,nan,0,nan,0,nan,0,nan,0,nan,0
1597988280223333888,1597988280000001024,2020-08-21 13:38:00.000001,1781.0,1843.0,1764.0,1840.0,nan,1796.0,1505045,54061216400.0,665393,1781.0,816,1780.0,266,nan,0,nan,0,nan,0,nan,0,nan,0,nan,0,nan,0,nan,0
1597988280713618944,1597988281000000000,2020-08-21 13:38:01.000000,1780.0,1843.0,1764.0,1840.0,nan,1796.0,1505058,54061683360.0,665393,1781.0,804,1780.0,261,nan,0,nan,0,nan,0,nan,0,nan,0,nan,0,nan,0,nan,0
1597988281207124992,1597988281000001024,2020-08-21 13:38:01.000001,1780.0,1843.0,1764.0,1840.0,nan,1796.0,1505061,54061791120.0,665390,1781.0,811,1780.0,262,nan,0,nan,0,nan,0,nan,0,nan,0,nan,0,nan,0,nan,0
1597988281712145920,1597988282000000000,2020-08-21 13:38:02.000000,1780.0,1843.0,1764.0,1840.0,nan,1796.0,1505066,54061970720.0,665390,1781.0,811,1780.0,262,nan,0,nan,0,nan,0,nan,0,nan,0,nan,0,nan,0,nan,0
1597988282212118016,1597988282000001024,2020-08-21 13:38:02.000001,1780.0,1843.0,1764.0,1840.0,nan,1796.0,1505066,54061970720.0,665390,1781.0,824,1780.0,324,nan,0,nan,0,nan,0,nan,0,nan,0,nan,0,nan,0,nan,0
1597988282710353920,1597988283000000000,2020-08-21 13:38:03.000000,1780.0,1843.0,1764.0,1840.0,nan,1796.0,1505070,54062114400.0,665388,1781.0,824,1780.0,335,nan,0,nan,0,nan,0,nan,0,nan,0,nan,0,nan,0,nan,0
1597988283211322880,1597988283000001024,2020-08-21 13:38:03.000001,1780.0,1843.0,1764.0,1840.0,nan,1796.0,1505070,54062114400.0,665388,1781.0,825,1780.0,336,nan,0,nan,0,nan,0,nan,0,nan,0,nan,0,nan,0,nan,0
1597988283712482048,1597988284000000000,2020-08-21 13:38:04.000000,1780.0,1843.0,1764.0,1840.0,nan,1796.0,1505072,54062186240.0,665387,1781.0,825,1780.0,337,nan,0,nan,0,nan,0,nan,0,nan,0,nan,0,nan,0,nan,0
1597988284210578944,1597988284000001024,2020-08-21 13:38:04.000001,1781.0,1843.0,1764.0,1840.0,nan,1796.0,1505076,54062329920.0,665387,1781.0,922,1780.0,339,nan,0,nan,0,nan,0,nan,0,nan,0,nan,0,nan,0,nan,0
1597988284712068096,1597988285000000000,2020-08-21 13:38:05.000000,1780.0,1843.0,1764.0,1840.0,nan,1796.0,1505086,54062689120.0,665393,1781.0,923,1780.0,329,nan,0,nan,0,nan,0,nan,0,nan,0,nan,0,nan,0,nan,0
1597988285209559040,1597988285000001024,2020-08-21 13:38:05.000001,1780.0,1843.0,1764.0,1840.0,nan,1796.0,1505086,54062689120.0,665393,1781.0,922,1780.0,331,nan,0,nan,0,nan,0,nan,0,nan,0,nan,0,nan,0,nan,0
1597988285709954048,1597988286000000000,2020-08-21 13:38:06.000000,1781.0,1843.0,1764.0,1840.0,nan,1796.0,1505089,54062796880.0,665393,1781.0,920,1780.0,349,nan,0,nan,0,nan,0,nan,0,nan,0,nan,0,nan,0,nan,0
1597988286213736960,1597988286000001024,2020-08-21 13:38:06.000001,1781.0,1843.0,1764.0,1840.0,nan,1796.0,1505090,54062832800.0,665393,1781.0,918,1780.0,349,nan,0,nan,0,nan,0,nan,0,nan,0,nan,0,nan,0,nan,0
1597988286708794880,1597988287000000000,2020-08-21 13:38:07.000000,1780.0,1843.0,1764.0,1840.0,nan,1796.0,1505191,54066460720.0,665443,1781.0,919,1780.0,347,nan,0,nan,0,nan,0,nan,0,nan,0,nan,0,nan,0,nan,0
1597988287215855104,1597988287000001024,2020-08-21 13:38:07.000001,1781.0,1843.0,1764.0,1840.0,nan,1796.0,1505194,54066568480.0,665444,1781.0,932,1780.0,345,nan,0,nan,0,nan,0,nan,0,nan,0,nan,0,nan,0,nan,0
1597988287718652928,1597988288000000000,2020-08-21 13:38:08.000000,1781.0,1843.0,1764.0,1840.0,nan,1796.0,1505194,54066568480.0,665444,1781.0,932,1780.0,346,nan,0,nan,0,nan,0,nan,0,nan,0,nan,0,nan,0,nan,0
1597988288212502016,1597988288000001024,2020-08-21 13:38:08.000001,1780.0,1843.0,1764.0,1840.0,nan,1796.0,1505196,54066640320.0,665445,1781.0,947,1780.0,346,nan,0,nan,0,nan,0,nan,0,nan,0,nan,0,nan,0,nan,0
1597988288718556928,1597988289000000000,2020-08-21 13:38:09.000000,1780.0,1843.0,1764.0,1840.0,nan,1796.0,1505206,54066999520.0,665450,1781.0,959,1780.0,336,nan,0,nan,0,nan,0,nan,0,nan,0,nan,0,nan,0,nan,0
1597988289219492096,1597988289000001024,2020-08-21 13:38:09.000001,1780.0,1843.0,1764.0,1840.0,nan,1796.0,1505206,54066999520.0,665450,1781.0,958,1780.0,336,nan,0,nan,0,nan,0,nan,0,nan,0,nan,0,nan,0,nan,0
1597988289798397952,1597988290000000000,2020-08-21 13:38:10.000000,1781.0,1843.0,1764.0,1840.0,nan,1796.0,1505251,54068615920.0,665495,1781.0,950,1780.0,302,nan,0,nan,0,nan,0,nan,0,nan,0,nan,0,nan,0,nan,0
1597988290219938048,1597988290000001024,2020-08-21 13:38:10.000001,1781.0,1843.0,1764.0,1840.0,nan,1796.0,1505255,54068759600.0,665497,1781.0,953,1780.0,303,nan,0,nan,0,nan,0,nan,0,nan,0,nan,0,nan,0,nan,0
1597988290714328064,1597988291000000000,2020-08-21 13:38:11.000000,1781.0,1843.0,1764.0,1840.0,nan,1796.0,1505255,54068759600.0,665497,1781.0,958,1780.0,303,nan,0,nan,0,nan,0,nan,0,nan,0,nan,0,nan,0,nan,0
1597988291213244928,1597988291000001024,2020-08-21 13:38:11.000001,1781.0,1843.0,1764.0,1840.0,nan,1796.0,1505257,54068831440.0,665498,1781.0,956,1780.0,304,nan,0,nan,0,nan,0,nan,0,nan,0,nan,0,nan,0,nan,0
1597988291717953024,1597988292000000000,2020-08-21 13:38:12.000000,1781.0,1843.0,1764.0,1840.0,nan,1796.0,1505257,54068831440.0,665498,1781.0,957,1780.0,304,nan,0,nan,0,nan,0,nan,0,nan,0,nan,0,nan,0,nan,0
1597988292213138944,1597988292000001024,2020-08-21 13:38:12.000001,1781.0,1843.0,1764.0,1840.0,nan,1796.0,1505260,54068939200.0,665499,1781.0,955,1780.0,309,nan,0,nan,0,nan,0,nan,0,nan,0,nan,0,nan,0,nan,0
1597988292715470080,1597988293000000000,2020-08-21 13:38:13.000000,1780.0,1843.0,1764.0,1840.0,nan,1796.0,1505268,54069226560.0,665506,1781.0,956,1780.0,302,nan,0,nan,0,nan,0,nan,0,nan,0,nan,0,nan,0,nan,0
1597988293216879104,1597988293000001024,2020-08-21 13:38:13.000001,1780.0,1843.0,1764.0,1840.0,nan,1796.0,1505468,54076410560.0,665686,1781.0,956,1780.0,104,nan,0,nan,0,nan,0,nan,0,nan,0,nan,0,nan,0,nan,0
1597988293720829952,1597988294000000000,2020-08-21 13:38:14.000000,1779.0,1843.0,1764.0,1840.0,nan,1796.0,1505584,54080577280.0,665701,1780.0,36,1779.0,520,nan,0,nan,0,nan,0,nan,0,nan,0,nan,0,nan,0,nan,0
1597988294215570944,1597988294000001024,2020-08-21 13:38:14.000001,1779.0,1843.0,1764.0,1840.0,nan,1796.0,1505589,54080756880.0,665699,1780.0,168,1779.0,573,nan,0,nan,0,nan,0,nan,0,nan,0,nan,0,nan,0,nan,0
1597988294721041920,1597988295000000000,2020-08-21 13:38:15.000000,1780.0,1843.0,1764.0,1840.0,nan,1796.0,1505592,54080864640.0,665697,1780.0,237,1779.0,573,nan,0,nan,0,nan,0,nan,0,nan,0,nan,0,nan,0,nan,0
1597988295219749888,1597988295000001024,2020-08-21 13:38:15.000001,1780.0,1843.0,1764.0,1840.0,nan,1796.0,1505592,54080864640.0,665697,1780.0,361,1779.0,552,nan,0,nan,0,nan,0,nan,0,nan,0,nan,0,nan,0,nan,0
1597988295722898944,1597988296000000000,2020-08-21 13:38:16.000000,1780.0,1843.0,1764.0,1840.0,nan,1796.0,1505599,54081116080.0,665703,1780.0,354,1779.0,552,nan,0,nan,0,nan,0,nan,0,nan,0,nan,0,nan,0,nan,0
1597988296218294016,1597988296000001024,2020-08-21 13:38:16.000001,1780.0,1843.0,1764.0,1840.0,nan,1796.0,1505600,54081152000.0,665704,1780.0,353,1779.0,557,nan,0,nan,0,nan,0,nan,0,nan,0,nan,0,nan,0,nan,0
1597988296728144896,1597988297000000000,2020-08-21 13:38:17.000000,1780.0,1843.0,1764.0,1840.0,nan,1796.0,1505630,54082229600.0,665701,1780.0,324,1779.0,558,nan,0,nan,0,nan,0,nan,0,nan,0,nan,0,nan,0,nan,0
1597988297220836096,1597988297000001024,2020-08-21 13:38:17.000001,1780.0,1843.0,1764.0,1840.0,nan,1796.0,1505672,54083738240.0,665736,1780.0,285,1779.0,558,nan,0,nan,0,nan,0,nan,0,nan,0,nan,0,nan,0,nan,0
1597988297719279104,1597988298000000000,2020-08-21 13:38:18.000000,1780.0,1843.0,1764.0,1840.0,nan,1796.0,1505674,54083810080.0,665736,1780.0,290,1779.0,571,nan,0,nan,0,nan,0,nan,0,nan,0,nan,0,nan,0,nan,0
1597988298224048896,1597988298000001024,2020-08-21 13:38:18.000001,1779.0,1843.0,1764.0,1840.0,nan,1796.0,1505676,54083881920.0,665736,1780.0,290,1779.0,569,nan,0,nan,0,nan,0,nan,0,nan,0,nan,0,nan,0,nan,0
1597988298727398912,1597988299000000000,2020-08-21 13:38:19.000000,1779.0,1843.0,1764.0,1840.0,nan,1796.0,1505687,54084277040.0,665731,1780.0,284,1779.0,569,nan,0,nan,0,nan,0,nan,0,nan,0,nan,0,nan,0,nan,0
1597988299220694016,1597988299000001024,2020-08-21 13:38:19.000001,1779.0,1843.0,1764.0,1840.0,nan,1796.0,1505692,54084456640.0,665726,1780.0,281,1779.0,566,nan,0,nan,0,nan,0,nan,0,nan,0,nan,0,nan,0,nan,0
1597988299721103872,1597988300000000000,2020-08-21 13:38:20.000000,1780.0,1843.0,1764.0,1840.0,nan,1796.0,1505694,54084528480.0,665724,1780.0,281,1779.0,568,nan,0,nan,0,nan,0,nan,0,nan,0,nan,0,nan,0,nan,0
1597988300224301056,1597988300000001024,2020-08-21 13:38:20.000001,1779.0,1843.0,1764.0,1840.0,nan,1796.0,1505702,54084815840.0,665724,1780.0,290,1779.0,547,nan,0,nan,0,nan,0,nan,0,nan,0,nan,0,nan,0,nan,0
1597988300759662080,1597988301000000000,2020-08-21 13:38:21.000000,1780.0,1843.0,1764.0,1840.0,nan,1796.0,1505703,54084851760.0,665724,1780.0,295,1779.0,558,nan,0,nan,0,nan,0,nan,0,nan,0,nan,0,nan,0,nan,0
1597988301518061056,1597988301000001024,2020-08-21 13:38:21.000001,1780.0,1843.0,1764.0,1840.0,nan,1796.0,1505708,54085031360.0,665724,1780.0,291,1779.0,558,nan,0,nan,0,nan,0,nan,0,nan,0,nan,0,nan,0,nan,0
1597988301908896000,1597988302000000000,2020-08-21 13:38:22.000000,1780.0,1843.0,1764.0,1840.0,nan,1796.0,1505768,54087186560.0,665704,1780.0,263,1779.0,528,nan,0,nan,0,nan,0,nan,0,nan,0,nan,0,nan,0,nan,0
1597988302219763968,1597988302000001024,2020-08-21 13:38:22.000001,1780.0,1843.0,1764.0,1840.0,nan,1796.0,1505769,54087222480.0,665704,1780.0,277,1779.0,528,nan,0,nan,0,nan,0,nan,0,nan,0,nan,0,nan,0,nan,0
1597988303216212992,1597988303000001024,2020-08-21 13:38:23.000001,1780.0,1843.0,1764.0,1840.0,nan,1796.0,1505769,54087222480.0,665704,1780.0,285,1779.0,528,nan,0,nan,0,nan,0,nan,0,nan,0,nan,0,nan,0,nan,0
1597988303845576960,1597988304000000000,2020-08-21 13:38:24.000000,1780.0,1843.0,1764.0,1840.0,nan,1796.0,1505770,54087258400.0,665704,1780.0,284,1779.0,527,nan,0,nan,0,nan,0,nan,0,nan,0,nan,0,nan,0,nan,0
1597988304222583040,1597988304000001024,2020-08-21 13:38:24.000001,1779.0,1843.0,1764.0,1840.0,nan,1796.0,1505771,54087294320.0,665704,1780.0,385,1779.0,530,nan,0,nan,0,nan,0,nan,0,nan,0,nan,0,nan,0,nan,0
1597988304718758912,1597988305000000000,2020-08-21 13:38:25.000000,1779.0,1843.0,1764.0,1840.0,nan,1796.0,1505771,54087294320.0,665704,1780.0,397,1779.0,509,nan,0,nan,0,nan,0,nan,0,nan,0,nan,0,nan,0,nan,0
1597988305217969920,1597988305000001024,2020-08-21 13:38:25.000001,1779.0,1843.0,1764.0,1840.0,nan,1796.0,1505771,54087294320.0,665704,1780.0,426,1779.0,509,nan,0,nan,0,nan,0,nan,0,nan,0,nan,0,nan,0,nan,0
1597988305719333888,1597988306000000000,2020-08-21 13:38:26.000000,1780.0,1843.0,1764.0,1840.0,nan,1796.0,1505805,54088515600.0,665671,1780.0,392,1779.0,515,nan,0,nan,0,nan,0,nan,0,nan,0,nan,0,nan,0,nan,0
1597988306219855872,1597988306000001024,2020-08-21 13:38:26.000001,1779.0,1843.0,1764.0,1840.0,nan,1796.0,1505807,54088587440.0,665669,1780.0,393,1779.0,516,nan,0,nan,0,nan,0,nan,0,nan,0,nan,0,nan,0,nan,0
1597988306719185920,1597988307000000000,2020-08-21 13:38:27.000000,1779.0,1843.0,1764.0,1840.0,nan,1796.0,1505809,54088659280.0,665670,1780.0,392,1779.0,515,nan,0,nan,0,nan,0,nan,0,nan,0,nan,0,nan,0,nan,0
1597988307221785088,1597988307000001024,2020-08-21 13:38:27.000001,1779.0,1843.0,1764.0,1840.0,nan,1796.0,1505811,54088731120.0,665671,1780.0,395,1779.0,514,nan,0,nan,0,nan,0,nan,0,nan,0,nan,0,nan,0,nan,0
1597988308224869120,1597988308000001024,2020-08-21 13:38:28.000001,1780.0,1843.0,1764.0,1840.0,nan,1796.0,1505812,54088767040.0,665672,1780.0,406,1779.0,514,nan,0,nan,0,nan,0,nan,0,nan,0,nan,0,nan,0,nan,0
1597988308733367040,1597988309000000000,2020-08-21 13:38:29.000000,1780.0,1843.0,1764.0,1840.0,nan,1796.0,1505813,54088802960.0,665673,1780.0,406,1779.0,515,nan,0,nan,0,nan,0,nan,0,nan,0,nan,0,nan,0,nan,0
1597988309221196032,1597988309000001024,2020-08-21 13:38:29.000001,1779.0,1843.0,1764.0,1840.0,nan,1796.0,1505817,54088946640.0,665674,1780.0,404,1779.0,513,nan,0,nan,0,nan,0,nan,0,nan,0,nan,0,nan,0,nan,0
1597988309968692992,1597988310000000000,2020-08-21 13:38:30.000000,1780.0,1843.0,1764.0,1840.0,nan,1796.0,1505819,54089018480.0,665675,1780.0,417,1779.0,512,nan,0,nan,0,nan,0,nan,0,nan,0,nan,0,nan,0,nan,0
1597988310247617024,1597988310000001024,2020-08-21 13:38:30.000001,1779.0,1843.0,1764.0,1840.0,nan,1796.0,1505821,54089090320.0,665674,1780.0,420,1779.0,510,nan,0,nan,0,nan,0,nan,0,nan,0,nan,0,nan,0,nan,0
1597988310725573120,1597988311000000000,2020-08-21 13:38:31.000000,1779.0,1843.0,1764.0,1840.0,nan,1796.0,1505821,54089090320.0,665674,1780.0,429,1779.0,510,nan,0,nan,0,nan,0,nan,0,nan,0,nan,0,nan,0,nan,0
1597988311233913088,1597988311000001024,2020-08-21 13:38:31.000001,1780.0,1843.0,1764.0,1840.0,nan,1796.0,1505824,54089198080.0,665675,1780.0,442,1779.0,509,nan,0,nan,0,nan,0,nan,0,nan,0,nan,0,nan,0,nan,0
1597988311739920896,1597988312000000000,2020-08-21 13:38:32.000000,1780.0,1843.0,1764.0,1840.0,nan,1796.0,1505844,54089916480.0,665675,1780.0,427,1779.0,520,nan,0,nan,0,nan,0,nan,0,nan,0,nan,0,nan,0,nan,0
1597988312223350016,1597988312000001024,2020-08-21 13:38:32.000001,1780.0,1843.0,1764.0,1840.0,nan,1796.0,1505845,54089952400.0,665675,1780.0,425,1779.0,519,nan,0,nan,0,nan,0,nan,0,nan,0,nan,0,nan,0,nan,0
1597988312725402880,1597988313000000000,2020-08-21 13:38:33.000000,1780.0,1843.0,1764.0,1840.0,nan,1796.0,1505846,54089988320.0,665676,1780.0,424,1779.0,522,nan,0,nan,0,nan,0,nan,0,nan,0,nan,0,nan,0,nan,0
1597988313229748992,1597988313000001024,2020-08-21 13:38:33.000001,1779.0,1843.0,1764.0,1840.0,nan,1796.0,1505876,54091065920.0,665683,1780.0,424,1779.0,493,nan,0,nan,0,nan,0,nan,0,nan,0,nan,0,nan,0,nan,0
1597988313725897984,1597988314000000000,2020-08-21 13:38:34.000000,1780.0,1843.0,1764.0,1840.0,nan,1796.0,1505885,54091389200.0,665692,1780.0,415,1779.0,490,nan,0,nan,0,nan,0,nan,0,nan,0,nan,0,nan,0,nan,0
1597988314225091072,1597988314000001024,2020-08-21 13:38:34.000001,1779.0,1843.0,1764.0,1840.0,nan,1796.0,1505888,54091496960.0,665691,1780.0,421,1779.0,493,nan,0,nan,0,nan,0,nan,0,nan,0,nan,0,nan,0,nan,0
1597988314725995008,1597988315000000000,2020-08-21 13:38:35.000000,1780.0,1843.0,1764.0,1840.0,nan,1796.0,1505895,54091748400.0,665697,1780.0,418,1779.0,493,nan,0,nan,0,nan,0,nan,0,nan,0,nan,0,nan,0,nan,0
1597988315230720000,1597988315000001024,2020-08-21 13:38:35.000001,1780.0,1843.0,1764.0,1840.0,nan,1796.0,1505903,54092035760.0,665700,1780.0,410,1779.0,539,nan,0,nan,0,nan,0,nan,0,nan,0,nan,0,nan,0,nan,0
1597988315739766016,1597988316000000000,2020-08-21 13:38:36.000000,1780.0,1843.0,1764.0,1840.0,nan,1796.0,1505937,54093257040.0,665716,1780.0,384,1779.0,506,nan,0,nan,0,nan,0,nan,0,nan,0,nan,0,nan,0,nan,0
1597988316227331072,1597988316000001024,2020-08-21 13:38:36.000001,1780.0,1843.0,1764.0,1840.0,nan,1796.0,1505942,54093436640.0,665721,1780.0,384,1779.0,502,nan,0,nan,0,nan,0,nan,0,nan,0,nan,0,nan,0,nan,0
1597988316729939968,1597988317000000000,2020-08-21 13:38:37.000000,1780.0,1843.0,1764.0,1840.0,nan,1796.0,1505942,54093436640.0,665721,1780.0,383,1779.0,502,nan,0,nan,0,nan,0,nan,0,nan,0,nan,0,nan,0,nan,0
1597988317237755904,1597988317000001024,2020-08-21 13:38:37.000001,1779.0,1843.0,1764.0,1840.0,nan,1796.0,1505946,54093580320.0,665723,1780.0,380,1779.0,499,nan,0,nan,0,nan,0,nan,0,nan,0,nan,0,nan,0,nan,0
1597988317729268992,1597988318000000000,2020-08-21 13:38:38.000000,1780.0,1843.0,1764.0,1840.0,nan,1796.0,1505953,54093831760.0,665730,1780.0,375,1779.0,496,nan,0,nan,0,nan,0,nan,0,nan,0,nan,0,nan,0,nan,0
1597988318228732928,1597988318000001024,2020-08-21 13:38:38.000001,1780.0,1843.0,1764.0,1840.0,nan,1796.0,1505957,54093975440.0,665732,1780.0,373,1779.0,496,nan,0,nan,0,nan,0,nan,0,nan,0,nan,0,nan,0,nan,0
1597988318729563904,1597988319000000000,2020-08-21 13:38:39.000000,1780.0,1843.0,1764.0,1840.0,nan,1796.0,1505959,54094047280.0,665732,1780.0,426,1779.0,495,nan,0,nan,0,nan,0,nan,0,nan,0,nan,0,nan,0,nan,0
1597988319233820928,1597988319000001024,2020-08-21 13:38:39.000001,1779.0,1843.0,1764.0,1840.0,nan,1796.0,1505962,54094155040.0,665734,1780.0,431,1779.0,494,nan,0,nan,0,nan,0,nan,0,nan,0,nan,0,nan,0,nan,0
1597988319735432960,1597988320000000000,2020-08-21 13:38:40.000000,1780.0,1843.0,1764.0,1840.0,nan,1796.0,1505998,54095448160.0,665734,1780.0,395,1779.0,494,nan,0,nan,0,nan,0,nan,0,nan,0,nan,0,nan,0,nan,0
1597988320231184896,1597988320000001024,2020-08-21 13:38:40.000001,1780.0,1843.0,1764.0,1840.0,nan,1796.0,1505999,54095484080.0,665735,1780.0,395,1779.0,494,nan,0,nan,0,nan,0,nan,0,nan,0,nan,0,nan,0,nan,0
1597988320740215040,1597988321000000000,2020-08-21 13:38:41.000000,1780.0,1843.0,1764.0,1840.0,nan,1796.0,1505999,54095484080.0,665735,1780.0,394,1779.0,494,nan,0,nan,0,nan,0,nan,0,nan,0,nan,0,nan,0,nan,0
1597988321235714048,1597988321000001024,2020-08-21 13:38:41.000001,1780.0,1843.0,1764.0,1840.0,nan,1796.0,1505999,54095484080.0,665735,1780.0,445,1779.0,494,nan,0,nan,0,nan,0,nan,0,nan,0,nan,0,nan,0,nan,0
1597988321742844928,1597988322000000000,2020-08-21 13:38:42.000000,1780.0,1843.0,1764.0,1840.0,nan,1796.0,1505999,54095484080.0,665735,1780.0,447,1779.0,494,nan,0,nan,0,nan,0,nan,0,nan,0,nan,0,nan,0,nan,0
1597988322235990016,1597988322000001024,2020-08-21 13:38:42.000001,1779.0,1843.0,1764.0,1840.0,nan,1796.0,1506000,54095520000.0,665735,1780.0,455,1779.0,495,nan,0,nan,0,nan,0,nan,0,nan,0,nan,0,nan,0,nan,0
1597988322733150976,1597988323000000000,2020-08-21 13:38:43.000000,1780.0,1843.0,1764.0,1840.0,nan,1796.0,1506001,54095555920.0,665736,1780.0,454,1779.0,514,nan,0,nan,0,nan,0,nan,0,nan,0,nan,0,nan,0,nan,0
1597988323221946880,1597988323000001024,2020-08-21 13:38:43.000001,1780.0,1843.0,1764.0,1840.0,nan,1796.0,1506004,54095663680.0,665737,1780.0,457,1779.0,512,nan,0,nan,0,nan,0,nan,0,nan,0,nan,0,nan,0,nan,0
1597988323725078016,1597988324000000000,2020-08-21 13:38:44.000000,1780.0,1843.0,1764.0,1840.0,nan,1796.0,1506004,54095663680.0,665737,1780.0,461,1779.0,513,nan,0,nan,0,nan,0,nan,0,nan,0,nan,0,nan,0,nan,0
1597988324232871936,1597988324000001024,2020-08-21 13:38:44.000001,1780.0,1843.0,1764.0,1840.0,nan,1796.0,1506004,54095663680.0,665737,1780.0,461,1779.0,494,nan,0,nan,0,nan,0,nan,0,nan,0,nan,0,nan,0,nan,0
1597988324784636928,1597988325000000000,2020-08-21 13:38:45.000000,1780.0,1843.0,1764.0,1840.0,nan,1796.0,1506009,54095843280.0,665739,1780.0,456,1779.0,492,nan,0,nan,0,nan,0,nan,0,nan,0,nan,0,nan,0,nan,0
1597988325290611968,1597988325000001024,2020-08-21 13:38:45.000001,1780.0,1843.0,1764.0,1840.0,nan,1796.0,1506009,54095843280.0,665739,1780.0,478,1779.0,513,nan,0,nan,0,nan,0,nan,0,nan,0,nan,0,nan,0,nan,0
1597988325793056000,1597988326000000000,2020-08-21 13:38:46.000000,1779.0,1843.0,1764.0,1840.0,nan,1796.0,1506022,54096310240.0,665752,1780.0,482,1779.0,501,nan,0,nan,0,nan,0,nan,0,nan,0,nan,0,nan,0,nan,0
1597988326290205952,1597988326000001024,2020-08-21 13:38:46.000001,1779.0,1843.0,1764.0,1840.0,nan,1796.0,1506082,54098465440.0,665730,1780.0,430,1779.0,493,nan,0,nan,0,nan,0,nan,0,nan,0,nan,0,nan,0,nan,0
1597988326774542080,1597988327000000000,2020-08-21 13:38:47.000000,1779.0,1843.0,1764.0,1840.0,nan,1796.0,1506116,54099686720.0,665729,1780.0,430,1779.0,460,nan,0,nan,0,nan,0,nan,0,nan,0,nan,0,nan,0,nan,0
1597988327276321024,1597988327000001024,2020-08-21 13:38:47.000001,1780.0,1843.0,1764.0,1840.0,nan,1796.0,1506117,54099722640.0,665729,1780.0,430,1779.0,484,nan,0,nan,0,nan,0,nan,0,nan,0,nan,0,nan,0,nan,0
1597988327732480000,1597988328000000000,2020-08-21 13:38:48.000000,1779.0,1843.0,1764.0,1840.0,nan,1796.0,1506119,54099794480.0,665730,1780.0,429,1779.0,487,nan,0,nan,0,nan,0,nan,0,nan,0,nan,0,nan,0,nan,0
1597988328320809984,1597988328000001024,2020-08-21 13:38:48.000001,1779.0,1843.0,1764.0,1840.0,nan,1796.0,1506121,54099866320.0,665728,1780.0,430,1779.0,486,nan,0,nan,0,nan,0,nan,0,nan,0,nan,0,nan,0,nan,0
1597988328797644032,1597988329000000000,2020-08-21 13:38:49.000000,1779.0,1843.0,1764.0,1840.0,nan,1796.0,1506129,54100153680.0,665734,1780.0,431,1779.0,482,nan,0,nan,0,nan,0,nan,0,nan,0,nan,0,nan,0,nan,0
1597988329295837952,1597988329000001024,2020-08-21 13:38:49.000001,1779.0,1843.0,1764.0,1840.0,nan,1796.0,1506140,54100548800.0,665734,1780.0,430,1779.0,482,nan,0,nan,0,nan,0,nan,0,nan,0,nan,0,nan,0,nan,0
1597988329735582976,1597988330000000000,2020-08-21 13:38:50.000000,1779.0,1843.0,1764.0,1840.0,nan,1796.0,1506140,54100548800.0,665734,1780.0,453,1779.0,483,nan,0,nan,0,nan,0,nan,0,nan,0,nan,0,nan,0,nan,0
1597988330234095104,1597988330000001024,2020-08-21 13:38:50.000001,1780.0,1843.0,1764.0,1840.0,nan,1796.0,1506141,54100584720.0,665734,1780.0,409,1779.0,483,nan,0,nan,0,nan,0,nan,0,nan,0,nan,0,nan,0,nan,0
1597988330733853952,1597988331000000000,2020-08-21 13:38:51.000000,1779.0,1843.0,1764.0,1840.0,nan,1796.0,1506193,54102452560.0,665786,1780.0,407,1779.0,459,nan,0,nan,0,nan,0,nan,0,nan,0,nan,0,nan,0,nan,0
1597988331236449024,1597988331000001024,2020-08-21 13:38:51.000001,1779.0,1843.0,1764.0,1840.0,nan,1796.0,1506193,54102452560.0,665786,1780.0,475,1779.0,459,nan,0,nan,0,nan,0,nan,0,nan,0,nan,0,nan,0,nan,0
1597988331737721088,1597988332000000000,2020-08-21 13:38:52.000000,1779.0,1843.0,1764.0,1840.0,nan,1796.0,1506197,54102596240.0,665789,1780.0,481,1779.0,458,nan,0,nan,0,nan,0,nan,0,nan,0,nan,0,nan,0,nan,0
1597988332246535936,1597988332000001024,2020-08-21 13:38:52.000001,1779.0,1843.0,1764.0,1840.0,nan,1796.0,1506199,54102668080.0,665789,1780.0,481,1779.0,456,nan,0,nan,0,nan,0,nan,0,nan,0,nan,0,nan,0,nan,0
1597988332745345024,1597988333000000000,2020-08-21 13:38:53.000000,1779.0,1843.0,1764.0,1840.0,nan,1796.0,1506201,54102739920.0,665791,1780.0,491,1779.0,449,nan,0,nan,0,nan,0,nan,0,nan,0,nan,0,nan,0,nan,0
1597988333265231872,1597988333000001024,2020-08-21 13:38:53.000001,1780.0,1843.0,1764.0,1840.0,nan,1796.0,1506206,54102919520.0,665796,1780.0,487,1779.0,450,nan,0,nan,0,nan,0,nan,0,nan,0,nan,0,nan,0,nan,0
1597988333816861952,1597988334000000000,2020-08-21 13:38:54.000000,1779.0,1843.0,1764.0,1840.0,nan,1796.0,1506214,54103206880.0,665801,1780.0,491,1779.0,491,nan,0,nan,0,nan,0,nan,0,nan,0,nan,0,nan,0,nan,0
1597988334249630976,1597988334000001024,2020-08-21 13:38:54.000001,1779.0,1843.0,1764.0,1840.0,nan,1796.0,1506215,54103242800.0,665802,1780.0,490,1779.0,490,nan,0,nan,0,nan,0,nan,0,nan,0,nan,0,nan,0,nan,0
1597988334748883968,1597988335000000000,2020-08-21 13:38:55.000000,1779.0,1843.0,1764.0,1840.0,nan,1796.0,1506220,54103422400.0,665806,1780.0,489,1779.0,485,nan,0,nan,0,nan,0,nan,0,nan,0,nan,0,nan,0,nan,0
1597988335239247104,1597988335000001024,2020-08-21 13:38:55.000001,1780.0,1843.0,1764.0,1840.0,nan,1796.0,1506223,54103530160.0,665809,1780.0,508,1779.0,485,nan,0,nan,0,nan,0,nan,0,nan,0,nan,0,nan,0,nan,0
1597988336236833024,1597988336000001024,2020-08-21 13:38:56.000001,1780.0,1843.0,1764.0,1840.0,nan,1796.0,1506223,54103530160.0,665809,1780.0,514,1779.0,485,nan,0,nan,0,nan,0,nan,0,nan,0,nan,0,nan,0,nan,0
1597988336765199872,1597988337000000000,2020-08-21 13:38:57.000000,1780.0,1843.0,1764.0,1840.0,nan,1796.0,1506236,54103997120.0,665820,1780.0,508,1779.0,482,nan,0,nan,0,nan,0,nan,0,nan,0,nan,0,nan,0,nan,0
1597988337258006016,1597988337000001024,2020-08-21 13:38:57.000001,1779.0,1843.0,1764.0,1840.0,nan,1796.0,1506261,54104895120.0,665821,1780.0,503,1779.0,467,nan,0,nan,0,nan,0,nan,0,nan,0,nan,0,nan,0,nan,0
1597988337873673984,1597988338000000000,2020-08-21 13:38:58.000000,1779.0,1843.0,1764.0,1840.0,nan,1796.0,1506263,54104966960.0,665821,1780.0,504,1779.0,475,nan,0,nan,0,nan,0,nan,0,nan,0,nan,0,nan,0,nan,0
1597988338236772096,1597988338000001024,2020-08-21 13:38:58.000001,1780.0,1843.0,1764.0,1840.0,nan,1796.0,1506278,54105505760.0,665825,1780.0,492,1779.0,476,nan,0,nan,0,nan,0,nan,0,nan,0,nan,0,nan,0,nan,0
1597988338746395904,1597988339000000000,2020-08-21 13:38:59.000000,1780.0,1843.0,1764.0,1840.0,nan,1796.0,1506288,54105864960.0,665835,1780.0,482,1779.0,548,nan,0,nan,0,nan,0,nan,0,nan,0,nan,0,nan,0,nan,0
1597988339743926016,1597988340000000000,2020-08-21 13:39:00.000000,1779.0,1843.0,1764.0,1840.0,nan,1796.0,1506308,54106583360.0,665825,1780.0,483,1779.0,555,nan,0,nan,0,nan,0,nan,0,nan,0,nan,0,nan,0,nan,0
1597988340243255040,1597988340000001024,2020-08-21 13:39:00.000001,1779.0,1843.0,1764.0,1840.0,nan,1796.0,1506309,54106619280.0,665825,1780.0,486,1779.0,554,nan,0,nan,0,nan,0,nan,0,nan,0,nan,0,nan,0,nan,0
1597988340743026944,1597988341000000000,2020-08-21 13:39:01.000000,1780.0,1843.0,1764.0,1840.0,nan,1796.0,1506319,54106978480.0,665832,1780.0,490,1779.0,554,nan,0,nan,0,nan,0,nan,0,nan,0,nan,0,nan,0,nan,0
1597988341248432896,1597988341000001024,2020-08-21 13:39:01.000001,1780.0,1843.0,1764.0,1840.0,nan,1796.0,1506319,54106978480.0,665832,1780.0,489,1779.0,562,nan,0,nan,0,nan,0,nan,0,nan,0,nan,0,nan,0,nan,0
1597988341782532096,1597988342000000000,2020-08-21 13:39:02.000000,1780.0,1843.0,1764.0,1840.0,nan,1796.0,1506319,54106978480.0,665832,1780.0,491,1779.0,562,nan,0,nan,0,nan,0,nan,0,nan,0,nan,0,nan,0,nan,0
1597988342238654976,1597988342000001024,2020-08-21 13:39:02.000001,1780.0,1843.0,1764.0,1840.0,nan,1796.0,1506319,54106978480.0,665832,1780.0,498,1779.0,562,nan,0,nan,0,nan,0,nan,0,nan,0,nan,0,nan,0,nan,0
1597988342742540032,1597988343000000000,2020-08-21 13:39:03.000000,1780.0,1843.0,1764.0,1840.0,nan,1796.0,1506319,54106978480.0,665832,1780.0,499,1779.0,564,nan,0,nan,0,nan,0,nan,0,nan,0,nan,0,nan,0,nan,0
1597988343247057920,1597988343000001024,2020-08-21 13:39:03.000001,1780.0,1843.0,1764.0,1840.0,nan,1796.0,1506321,54107050320.0,665833,1780.0,498,1779.0,563,nan,0,nan,0,nan,0,nan,0,nan,0,nan,0,nan,0,nan,0
1597988343741111040,1597988344000000000,2020-08-21 13:39:04.000000,1779.0,1843.0,1764.0,1840.0,nan,1796.0,1506323,54107122160.0,665831,1780.0,498,1779.0,606,nan,0,nan,0,nan,0,nan,0,nan,0,nan,0,nan,0,nan,0
1597988344240318976,1597988344000001024,2020-08-21 13:39:04.000001,1780.0,1843.0,1764.0,1840.0,nan,1796.0,1506324,54107158080.0,665832,1780.0,498,1779.0,606,nan,0,nan,0,nan,0,nan,0,nan,0,nan,0,nan,0,nan,0
1597988344746857984,1597988345000000000,2020-08-21 13:39:05.000000,1780.0,1843.0,1764.0,1840.0,nan,1796.0,1506324,54107158080.0,665832,1780.0,497,1779.0,607,nan,0,nan,0,nan,0,nan,0,nan,0,nan,0,nan,0,nan,0
1597988345294484992,1597988345000001024,2020-08-21 13:39:05.000001,1780.0,1843.0,1764.0,1840.0,nan,1796.0,1506324,54107158080.0,665832,1780.0,505,1779.0,606,nan,0,nan,0,nan,0,nan,0,nan,0,nan,0,nan,0,nan,0
1597988345756403968,1597988346000000000,2020-08-21 13:39:06.000000,1779.0,1843.0,1764.0,1840.0,nan,1796.0,1506338,54107660960.0,665835,1780.0,504,1779.0,595,nan,0,nan,0,nan,0,nan,0,nan,0,nan,0,nan,0,nan,0
1597988346254898944,1597988346000001024,2020-08-21 13:39:06.000001,1779.0,1843.0,1764.0,1840.0,nan,1796.0,1506344,54107876480.0,665835,1780.0,506,1779.0,590,nan,0,nan,0,nan,0,nan,0,nan,0,nan,0,nan,0,nan,0
1597988346757456896,1597988347000000000,2020-08-21 13:39:07.000000,1779.0,1843.0,1764.0,1840.0,nan,1796.0,1506344,54107876480.0,665835,1780.0,504,1779.0,591,nan,0,nan,0,nan,0,nan,0,nan,0,nan,0,nan,0,nan,0
1597988347456715008,1597988347000001024,2020-08-21 13:39:07.000001,1779.0,1843.0,1764.0,1840.0,nan,1796.0,1506344,54107876480.0,665835,1780.0,506,1779.0,591,nan,0,nan,0,nan,0,nan,0,nan,0,nan,0,nan,0,nan,0
1597988347740783104,1597988348000000000,2020-08-21 13:39:08.000000,1780.0,1843.0,1764.0,1840.0,nan,1796.0,1506345,54107912400.0,665835,1780.0,505,1779.0,590,nan,0,nan,0,nan,0,nan,0,nan,0,nan,0,nan,0,nan,0
1597988348242392064,1597988348000001024,2020-08-21 13:39:08.000001,1780.0,1843.0,1764.0,1840.0,nan,1796.0,1506346,54107948320.0,665835,1780.0,503,1779.0,595,nan,0,nan,0,nan,0,nan,0,nan,0,nan,0,nan,0,nan,0
1597988349270040064,1597988349000001024,2020-08-21 13:39:09.000001,1779.0,1843.0,1764.0,1840.0,nan,1796.0,1506347,54107984240.0,665834,1780.0,503,1779.0,595,nan,0,nan,0,nan,0,nan,0,nan,0,nan,0,nan,0,nan,0
1597988349735866880,1597988350000000000,2020-08-21 13:39:10.000000,1779.0,1843.0,1764.0,1840.0,nan,1796.0,1506347,54107984240.0,665834,1780.0,505,1779.0,599,nan,0,nan,0,nan,0,nan,0,nan,0,nan,0,nan,0,nan,0
1597988350246983936,1597988350000001024,2020-08-21 13:39:10.000001,1779.0,1843.0,1764.0,1840.0,nan,1796.0,1506347,54107984240.0,665834,1780.0,507,1779.0,599,nan,0,nan,0,nan,0,nan,0,nan,0,nan,0,nan,0,nan,0
1597988350804594944,1597988351000000000,2020-08-21 13:39:11.000000,1779.0,1843.0,1764.0,1840.0,nan,1796.0,1506347,54107984240.0,665834,1780.0,507,1779.0,600,nan,0,nan,0,nan,0,nan,0,nan,0,nan,0,nan,0,nan,0
1597988351244226048,1597988351000001024,2020-08-21 13:39:11.000001,1780.0,1843.0,1764.0,1840.0,nan,1796.0,1506349,54108056080.0,665834,1780.0,507,1779.0,602,nan,0,nan,0,nan,0,nan,0,nan,0,nan,0,nan,0,nan,0
1597988351784432896,1597988352000000000,2020-08-21 13:39:12.000000,1779.0,1843.0,1764.0,1840.0,nan,1796.0,1506412,54110319040.0,665782,1780.0,509,1779.0,627,nan,0,nan,0,nan,0,nan,0,nan,0,nan,0,nan,0,nan,0
1597988352344082944,1597988352000001024,2020-08-21 13:39:12.000001,1779.0,1843.0,1764.0,1840.0,nan,1796.0,1506414,54110390880.0,665780,1780.0,513,1779.0,636,nan,0,nan,0,nan,0,nan,0,nan,0,nan,0,nan,0,nan,0
1597988352792723968,1597988353000000000,2020-08-21 13:39:13.000000,1780.0,1843.0,1764.0,1840.0,nan,1796.0,1506419,54110570480.0,665785,1780.0,508,1779.0,640,nan,0,nan,0,nan,0,nan,0,nan,0,nan,0,nan,0,nan,0
1597988353244045056,1597988353000001024,2020-08-21 13:39:13.000001,1779.0,1843.0,1764.0,1840.0,nan,1796.0,1506507,54113731440.0,665779,1780.0,490,1779.0,573,nan,0,nan,0,nan,0,nan,0,nan,0,nan,0,nan,0,nan,0
1597988353756346880,1597988354000000000,2020-08-21 13:39:14.000000,1779.0,1843.0,1764.0,1840.0,nan,1796.0,1506507,54113731440.0,665779,1780.0,490,1779.0,578,nan,0,nan,0,nan,0,nan,0,nan,0,nan,0,nan,0,nan,0
1597988354240570112,1597988354000001024,2020-08-21 13:39:14.000001,1779.0,1843.0,1764.0,1840.0,nan,1796.0,1506507,54113731440.0,665779,1780.0,489,1779.0,576,nan,0,nan,0,nan,0,nan,0,nan,0,nan,0,nan,0,nan,0
1597988354738697984,1597988355000000000,2020-08-21 13:39:15.000000,1780.0,1843.0,1764.0,1840.0,nan,1796.0,1506519,54114162480.0,665784,1780.0,488,1779.0,576,nan,0,nan,0,nan,0,nan,0,nan,0,nan,0,nan,0,nan,0
1597988355242267904,1597988355000001024,2020-08-21 13:39:15.000001,1780.0,1843.0,1764.0,1840.0,nan,1796.0,1506519,54114162480.0,665784,1780.0,489,1779.0,576,nan,0,nan,0,nan,0,nan,0,nan,0,nan,0,nan,0,nan,0
1597988355739350016,1597988356000000000,2020-08-21 13:39:16.000000,1780.0,1843.0,1764.0,1840.0,nan,1796.0,1506519,54114162480.0,665784,1780.0,490,1779.0,576,nan,0,nan,0,nan,0,nan,0,nan,0,nan,0,nan,0,nan,0
1597988356239699968,1597988356000001024,2020-08-21 13:39:16.000001,1780.0,1843.0,1764.0,1840.0,nan,1796.0,1506520,54114198400.0,665784,1780.0,494,1779.0,576,nan,0,nan,0,nan,0,nan,0,nan,0,nan,0,nan,0,nan,0
1597988357245374976,1597988357000001024,2020-08-21 13:39:17.000001,1780.0,1843.0,1764.0,1840.0,nan,1796.0,1506520,54114198400.0,665784,1780.0,494,1779.0,589,nan,0,nan,0,nan,0,nan,0,nan,0,nan,0,nan,0,nan,0
1597988357742711040,1597988358000000000,2020-08-21 13:39:18.000000,1779.0,1843.0,1764.0,1840.0,nan,1796.0,1506521,54114234320.0,665784,1780.0,494,1779.0,594,nan,0,nan,0,nan,0,nan,0,nan,0,nan,0,nan,0,nan,0
1597988358242432000,1597988358000001024,2020-08-21 13:39:18.000001,1779.0,1843.0,1764.0,1840.0,nan,1796.0,1506530,54114557600.0,665788,1780.0,509,1779.0,592,nan,0,nan,0,nan,0,nan,0,nan,0,nan,0,nan,0,nan,0
1597988358741270016,1597988359000000000,2020-08-21 13:39:19.000000,1780.0,1843.0,1764.0,1840.0,nan,1796.0,1506533,54114665360.0,665788,1780.0,507,1779.0,591,nan,0,nan,0,nan,0,nan,0,nan,0,nan,0,nan,0,nan,0
1597988359243492096,1597988359000001024,2020-08-21 13:39:19.000001,1780.0,1843.0,1764.0,1840.0,nan,1796.0,1506534,54114701280.0,665789,1780.0,506,1779.0,592,nan,0,nan,0,nan,0,nan,0,nan,0,nan,0,nan,0,nan,0
1597988359741658880,1597988360000000000,2020-08-21 13:39:20.000000,1780.0,1843.0,1764.0,1840.0,nan,1796.0,1506551,54115311920.0,665806,1780.0,489,1779.0,593,nan,0,nan,0,nan,0,nan,0,nan,0,nan,0,nan,0,nan,0
1597988360246145024,1597988360000001024,2020-08-21 13:39:20.000001,1780.0,1843.0,1764.0,1840.0,nan,1796.0,1506551,54115311920.0,665806,1780.0,498,1779.0,593,nan,0,nan,0,nan,0,nan,0,nan,0,nan,0,nan,0,nan,0
1597988360744375040,1597988361000000000,2020-08-21 13:39:21.000000,1780.0,1843.0,1764.0,1840.0,nan,1796.0,1506553,54115383760.0,665807,1780.0,472,1779.0,593,nan,0,nan,0,nan,0,nan,0,nan,0,nan,0,nan,0,nan,0
1597988361244228096,1597988361000001024,2020-08-21 13:39:21.000001,1780.0,1843.0,1764.0,1840.0,nan,1796.0,1506559,54115599280.0,665813,1780.0,491,1779.0,585,nan,0,nan,0,nan,0,nan,0,nan,0,nan,0,nan,0,nan,0
1597988361746333952,1597988362000000000,2020-08-21 13:39:22.000000,1780.0,1843.0,1764.0,1840.0,nan,1796.0,1506559,54115599280.0,665813,1780.0,497,1779.0,585,nan,0,nan,0,nan,0,nan,0,nan,0,nan,0,nan,0,nan,0
1597988362243141120,1597988362000001024,2020-08-21 13:39:22.000001,1780.0,1843.0,1764.0,1840.0,nan,1796.0,1506567,54115886640.0,665818,1780.0,494,1779.0,580,nan,0,nan,0,nan,0,nan,0,nan,0,nan,0,nan,0,nan,0
1597988362772954112,1597988363000000000,2020-08-21 13:39:23.000000,1780.0,1843.0,1764.0,1840.0,nan,1796.0,1506567,54115886640.0,665818,1780.0,495,1779.0,590,nan,0,nan,0,nan,0,nan,0,nan,0,nan,0,nan,0,nan,0
1597988363249180928,1597988363000001024,2020-08-21 13:39:23.000001,1780.0,1843.0,1764.0,1840.0,nan,1796.0,1506568,54115922560.0,665819,1780.0,494,1779.0,590,nan,0,nan,0,nan,0,nan,0,nan,0,nan,0,nan,0,nan,0
1597988363748171008,1597988364000000000,2020-08-21 13:39:24.000000,1780.0,1843.0,1764.0,1840.0,nan,1796.0,1506568,54115922560.0,665819,1780.0,494,1779.0,591,nan,0,nan,0,nan,0,nan,0,nan,0,nan,0,nan,0,nan,0
1597988364249318912,1597988364000001024,2020-08-21 13:39:24.000001,1780.0,1843.0,1764.0,1840.0,nan,1796.0,1506568,54115922560.0,665819,1780.0,495,1779.0,592,nan,0,nan,0,nan,0,nan,0,nan,0,nan,0,nan,0,nan,0
1597988364751412992,1597988365000000000,2020-08-21 13:39:25.000000,1780.0,1843.0,1764.0,1840.0,nan,1796.0,1506568,54115922560.0,665819,1780.0,486,1779.0,592,nan,0,nan,0,nan,0,nan,0,nan,0,nan,0,nan,0,nan,0
1597988365250995968,1597988365000001024,2020-08-21 13:39:25.000001,1779.0,1843.0,1764.0,1840.0,nan,1796.0,1506569,54115958480.0,665820,1780.0,489,1779.0,596,nan,0,nan,0,nan,0,nan,0,nan,0,nan,0,nan,0,nan,0
1597988365746757120,1597988366000000000,2020-08-21 13:39:26.000000,1780.0,1843.0,1764.0,1840.0,nan,1796.0,1506585,54116533200.0,665831,1780.0,476,1779.0,595,nan,0,nan,0,nan,0,nan,0,nan,0,nan,0,nan,0,nan,0
1597988366247823872,1597988366000001024,2020-08-21 13:39:26.000001,1779.0,1843.0,1764.0,1840.0,nan,1796.0,1506586,54116569120.0,665831,1780.0,480,1779.0,594,nan,0,nan,0,nan,0,nan,0,nan,0,nan,0,nan,0,nan,0
1597988366761369088,1597988367000000000,2020-08-21 13:39:27.000000,1780.0,1843.0,1764.0,1840.0,nan,1796.0,1506587,54116605040.0,665831,1780.0,479,1779.0,594,nan,0,nan,0,nan,0,nan,0,nan,0,nan,0,nan,0,nan,0
1597988367254033920,1597988367000001024,2020-08-21 13:39:27.000001,1780.0,1843.0,1764.0,1840.0,nan,1796.0,1506597,54116964240.0,665831,1780.0,473,1779.0,594,nan,0,nan,0,nan,0,nan,0,nan,0,nan,0,nan,0,nan,0
1597988367748942080,1597988368000000000,2020-08-21 13:39:28.000000,1780.0,1843.0,1764.0,1840.0,nan,1796.0,1506600,54117072000.0,665831,1780.0,480,1779.0,593,nan,0,nan,0,nan,0,nan,0,nan,0,nan,0,nan,0,nan,0
1597988368258191872,1597988368000001024,2020-08-21 13:39:28.000001,1780.0,1843.0,1764.0,1840.0,nan,1796.0,1506600,54117072000.0,665831,1780.0,479,1779.0,618,nan,0,nan,0,nan,0,nan,0,nan,0,nan,0,nan,0,nan,0
1597988368749495040,1597988369000000000,2020-08-21 13:39:29.000000,1780.0,1843.0,1764.0,1840.0,nan,1796.0,1506601,54117107920.0,665831,1780.0,477,1779.0,618,nan,0,nan,0,nan,0,nan,0,nan,0,nan,0,nan,0,nan,0
1597988369253337088,1597988369000001024,2020-08-21 13:39:29.000001,1780.0,1843.0,1764.0,1840.0,nan,1796.0,1506603,54117179760.0,665833,1780.0,476,1779.0,618,nan,0,nan,0,nan,0,nan,0,nan,0,nan,0,nan,0,nan,0
1597988369754475008,1597988370000000000,2020-08-21 13:39:30.000000,1780.0,1843.0,1764.0,1840.0,nan,1796.0,1506605,54117251600.0,665834,1780.0,475,1779.0,624,nan,0,nan,0,nan,0,nan,0,nan,0,nan,0,nan,0,nan,0
1597988370257309952,1597988370000001024,2020-08-21 13:39:30.000001,1780.0,1843.0,1764.0,1840.0,nan,1796.0,1506609,54117395280.0,665838,1780.0,471,1779.0,625,nan,0,nan,0,nan,0,nan,0,nan,0,nan,0,nan,0,nan,0
1597988370756566016,1597988371000000000,2020-08-21 13:39:31.000000,1780.0,1843.0,1764.0,1840.0,nan,1796.0,1506609,54117395280.0,665838,1780.0,471,1779.0,624,nan,0,nan,0,nan,0,nan,0,nan,0,nan,0,nan,0,nan,0
1597988371255197952,1597988371000001024,2020-08-21 13:39:31.000001,1780.0,1843.0,1764.0,1840.0,nan,1796.0,1506613,54117538960.0,665840,1780.0,467,1779.0,624,nan,0,nan,0,nan,0,nan,0,nan,0,nan,0,nan,0,nan,0
1597988371754647040,1597988372000000000,2020-08-21 13:39:32.000000,1780.0,1843.0,1764.0,1840.0,nan,1796.0,1506615,54117610800.0,665841,1780.0,465,1779.0,624,nan,0,nan,0,nan,0,nan,0,nan,0,nan,0,nan,0,nan,0
1597988372251286016,1597988372000001024,2020-08-21 13:39:32.000001,1779.0,1843.0,1764.0,1840.0,nan,1796.0,1506617,54117682640.0,665843,1780.0,467,1779.0,622,nan,0,nan,0,nan,0,nan,0,nan,0,nan,0,nan,0,nan,0
1597988372769374976,1597988373000000000,2020-08-21 13:39:33.000000,1779.0,1843.0,1764.0,1840.0,nan,1796.0,1506617,54117682640.0,665843,1780.0,468,1779.0,622,nan,0,nan,0,nan,0,nan,0,nan,0,nan,0,nan,0,nan,0
1597988373250813952,1597988373000001024,2020-08-21 13:39:33.000001,1779.0,1843.0,1764.0,1840.0,nan,1796.0,1506617,54117682640.0,665843,1780.0,469,1779.0,623,nan,0,nan,0,nan,0,nan,0,nan,0,nan,0,nan,0,nan,0
1597988373759197952,1597988374000000000,2020-08-21 13:39:34.000000,1779.0,1843.0,1764.0,1840.0,nan,1796.0,1506617,54117682640.0,665843,1780.0,468,1779.0,623,nan,0,nan,0,nan,0,nan,0,nan,0,nan,0,nan,0,nan,0
1597988374257654016,1597988374000001024,2020-08-21 13:39:34.000001,1779.0,1843.0,1764.0,1840.0,nan,1796.0,1506617,54117682640.0,665843,1780.0,471,1779.0,622,nan,0,nan,0,nan,0,nan,0,nan,0,nan,0,nan,0,nan,0
1597988374766560000,1597988375000000000,2020-08-21 13:39:35.000000,1779.0,1843.0,1764.0,1840.0,nan,1796.0,1506632,54118221440.0,665858,1780.0,475,1779.0,608,nan,0,nan,0,nan,0,nan,0,nan,0,nan,0,nan,0,nan,0
1597988375757385984,1597988376000000000,2020-08-21 13:39:36.000000,1779.0,1843.0,1764.0,1840.0,nan,1796.0,1506632,54118221440.0,665858,1780.0,477,1779.0,608,nan,0,nan,0,nan,0,nan,0,nan,0,nan,0,nan,0,nan,0
1597988376254297088,1597988376000001024,2020-08-21 13:39:36.000001,1779.0,1843.0,1764.0,1840.0,nan,1796.0,1506632,54118221440.0,665858,1780.0,487,1779.0,609,nan,0,nan,0,nan,0,nan,0,nan,0,nan,0,nan,0,nan,0
1597988376761199104,1597988377000000000,2020-08-21 13:39:37.000000,1779.0,1843.0,1764.0,1840.0,nan,1796.0,1506632,54118221440.0,665858,1780.0,487,1779.0,608,nan,0,nan,0,nan,0,nan,0,nan,0,nan,0,nan,0,nan,0
1597988377260909056,1597988377000001024,2020-08-21 13:39:37.000001,1780.0,1843.0,1764.0,1840.0,nan,1796.0,1506637,54118401040.0,665862,1780.0,482,1779.0,608,nan,0,nan,0,nan,0,nan,0,nan,0,nan,0,nan,0,nan,0
1597988377762476032,1597988378000000000,2020-08-21 13:39:38.000000,1780.0,1843.0,1764.0,1840.0,nan,1796.0,1506637,54118401040.0,665862,1780.0,472,1779.0,609,nan,0,nan,0,nan,0,nan,0,nan,0,nan,0,nan,0,nan,0
1597988378367749888,1597988378000001024,2020-08-21 13:39:38.000001,1779.0,1843.0,1764.0,1840.0,nan,1796.0,1506647,54118760240.0,665862,1780.0,473,1779.0,599,nan,0,nan,0,nan,0,nan,0,nan,0,nan,0,nan,0,nan,0
1597988378746786048,1597988379000000000,2020-08-21 13:39:39.000000,1779.0,1843.0,1764.0,1840.0,nan,1796.0,1506647,54118760240.0,665862,1780.0,480,1779.0,599,nan,0,nan,0,nan,0,nan,0,nan,0,nan,0,nan,0,nan,0
1597988379250158080,1597988379000001024,2020-08-21 13:39:39.000001,1779.0,1843.0,1764.0,1840.0,nan,1796.0,1506648,54118796160.0,665863,1780.0,482,1779.0,597,nan,0,nan,0,nan,0,nan,0,nan,0,nan,0,nan,0,nan,0
1597988380252494080,1597988380000001024,2020-08-21 13:39:40.000001,1779.0,1843.0,1764.0,1840.0,nan,1796.0,1506648,54118796160.0,665863,1780.0,483,1779.0,597,nan,0,nan,0,nan,0,nan,0,nan,0,nan,0,nan,0,nan,0
1597988380756611072,1597988381000000000,2020-08-21 13:39:41.000000,1780.0,1843.0,1764.0,1840.0,nan,1796.0,1506650,54118868000.0,665863,1780.0,482,1779.0,597,nan,0,nan,0,nan,0,nan,0,nan,0,nan,0,nan,0,nan,0
1597988381251424000,1597988381000001024,2020-08-21 13:39:41.000001,1780.0,1843.0,1764.0,1840.0,nan,1796.0,1506651,54118903920.0,665863,1780.0,481,1779.0,594,nan,0,nan,0,nan,0,nan,0,nan,0,nan,0,nan,0,nan,0
1597988381755575040,1597988382000000000,2020-08-21 13:39:42.000000,1780.0,1843.0,1764.0,1840.0,nan,1796.0,1506651,54118903920.0,665863,1780.0,483,1779.0,594,nan,0,nan,0,nan,0,nan,0,nan,0,nan,0,nan,0,nan,0
1597988382252212992,1597988382000001024,2020-08-21 13:39:42.000001,1780.0,1843.0,1764.0,1840.0,nan,1796.0,1506653,54118975760.0,665864,1780.0,481,1779.0,594,nan,0,nan,0,nan,0,nan,0,nan,0,nan,0,nan,0,nan,0
1597988382753828096,1597988383000000000,2020-08-21 13:39:43.000000,1780.0,1843.0,1764.0,1840.0,nan,1796.0,1506653,54118975760.0,665864,1780.0,482,1779.0,594,nan,0,nan,0,nan,0,nan,0,nan,0,nan,0,nan,0,nan,0
1597988383255200000,1597988383000001024,2020-08-21 13:39:43.000001,1780.0,1843.0,1764.0,1840.0,nan,1796.0,1506654,54119011680.0,665863,1780.0,485,1779.0,594,nan,0,nan,0,nan,0,nan,0,nan,0,nan,0,nan,0,nan,0
1597988383753032960,1597988384000000000,2020-08-21 13:39:44.000000,1779.0,1843.0,1764.0,1840.0,nan,1796.0,1506655,54119047600.0,665864,1780.0,487,1779.0,593,nan,0,nan,0,nan,0,nan,0,nan,0,nan,0,nan,0,nan,0
1597988384254455040,1597988384000001024,2020-08-21 13:39:44.000001,1780.0,1843.0,1764.0,1840.0,nan,1796.0,1506657,54119119440.0,665862,1780.0,489,1779.0,593,nan,0,nan,0,nan,0,nan,0,nan,0,nan,0,nan,0,nan,0
1597988385257362944,1597988385000001024,2020-08-21 13:39:45.000001,1780.0,1843.0,1764.0,1840.0,nan,1796.0,1506659,54119191280.0,665860,1780.0,487,1779.0,594,nan,0,nan,0,nan,0,nan,0,nan,0,nan,0,nan,0,nan,0
1597988385754528000,1597988386000000000,2020-08-21 13:39:46.000000,1780.0,1843.0,1764.0,1840.0,nan,1796.0,1506659,54119191280.0,665860,1780.0,488,1779.0,594,nan,0,nan,0,nan,0,nan,0,nan,0,nan,0,nan,0,nan,0
1597988386255616000,1597988386000001024,2020-08-21 13:39:46.000001,1780.0,1843.0,1764.0,1840.0,nan,1796.0,1506659,54119191280.0,665860,1780.0,488,1779.0,595,nan,0,nan,0,nan,0,nan,0,nan,0,nan,0,nan,0,nan,0
1597988387255045888,1597988387000001024,2020-08-21 13:39:47.000001,1780.0,1843.0,1764.0,1840.0,nan,1796.0,1506659,54119191280.0,665860,1780.0,491,1779.0,600,nan,0,nan,0,nan,0,nan,0,nan,0,nan,0,nan,0,nan,0
1597988387753287936,1597988388000000000,2020-08-21 13:39:48.000000,1780.0,1843.0,1764.0,1840.0,nan,1796.0,1506659,54119191280.0,665860,1780.0,491,1779.0,578,nan,0,nan,0,nan,0,nan,0,nan,0,nan,0,nan,0,nan,0
1597988388259277056,1597988388000001024,2020-08-21 13:39:48.000001,1779.0,1843.0,1764.0,1840.0,nan,1796.0,1506660,54119227200.0,665861,1780.0,491,1779.0,578,nan,0,nan,0,nan,0,nan,0,nan,0,nan,0,nan,0,nan,0
1597988388758714112,1597988389000000000,2020-08-21 13:39:49.000000,1780.0,1843.0,1764.0,1840.0,nan,1796.0,1506666,54119442720.0,665861,1780.0,487,1779.0,577,nan,0,nan,0,nan,0,nan,0,nan,0,nan,0,nan,0,nan,0
1597988389258508032,1597988389000001024,2020-08-21 13:39:49.000001,1779.0,1843.0,1764.0,1840.0,nan,1796.0,1506669,54119550480.0,665861,1780.0,487,1779.0,574,nan,0,nan,0,nan,0,nan,0,nan,0,nan,0,nan,0,nan,0
1597988390253990912,1597988390000001024,2020-08-21 13:39:50.000001,1779.0,1843.0,1764.0,1840.0,nan,1796.0,1506669,54119550480.0,665861,1780.0,488,1779.0,574,nan,0,nan,0,nan,0,nan,0,nan,0,nan,0,nan,0,nan,0
1597988390763706112,1597988391000000000,2020-08-21 13:39:51.000000,1779.0,1843.0,1764.0,1840.0,nan,1796.0,1506675,54119766000.0,665862,1780.0,486,1779.0,574,nan,0,nan,0,nan,0,nan,0,nan,0,nan,0,nan,0,nan,0
1597988391256486912,1597988391000001024,2020-08-21 13:39:51.000001,1779.0,1843.0,1764.0,1840.0,nan,1796.0,1506675,54119766000.0,665862,1780.0,487,1779.0,574,nan,0,nan,0,nan,0,nan,0,nan,0,nan,0,nan,0,nan,0
1597988392262198016,1597988392000001024,2020-08-21 13:39:52.000001,1779.0,1843.0,1764.0,1840.0,nan,1796.0,1506677,54119837840.0,665862,1780.0,492,1779.0,573,nan,0,nan,0,nan,0,nan,0,nan,0,nan,0,nan,0,nan,0
1597988392758892032,1597988393000000000,2020-08-21 13:39:53.000000,1779.0,1843.0,1764.0,1840.0,nan,1796.0,1506677,54119837840.0,665862,1780.0,508,1779.0,574,nan,0,nan,0,nan,0,nan,0,nan,0,nan,0,nan,0,nan,0
1597988393258092032,1597988393000001024,2020-08-21 13:39:53.000001,1779.0,1843.0,1764.0,1840.0,nan,1796.0,1506687,54120197040.0,665855,1780.0,519,1779.0,564,nan,0,nan,0,nan,0,nan,0,nan,0,nan,0,nan,0,nan,0
1597988394259333120,1597988394000001024,2020-08-21 13:39:54.000001,1779.0,1843.0,1764.0,1840.0,nan,1796.0,1506687,54120197040.0,665855,1780.0,519,1779.0,564,nan,0,nan,0,nan,0,nan,0,nan,0,nan,0,nan,0,nan,0
1597988394766159104,1597988395000000000,2020-08-21 13:39:55.000000,1779.0,1843.0,1764.0,1840.0,nan,1796.0,1506687,54120197040.0,665855,1780.0,520,1779.0,564,nan,0,nan,0,nan,0,nan,0,nan,0,nan,0,nan,0,nan,0
1597988395260655104,1597988395000001024,2020-08-21 13:39:55.000001,1779.0,1843.0,1764.0,1840.0,nan,1796.0,1506687,54120197040.0,665855,1780.0,520,1779.0,555,nan,0,nan,0,nan,0,nan,0,nan,0,nan,0,nan,0,nan,0
1597988395760836096,1597988396000000000,2020-08-21 13:39:56.000000,1779.0,1843.0,1764.0,1840.0,nan,1796.0,1506687,54120197040.0,665855,1780.0,521,1779.0,555,nan,0,nan,0,nan,0,nan,0,nan,0,nan,0,nan,0,nan,0
1597988396265083904,1597988396000001024,2020-08-21 13:39:56.000001,1779.0,1843.0,1764.0,1840.0,nan,1796.0,1506687,54120197040.0,665855,1780.0,541,1779.0,555,nan,0,nan,0,nan,0,nan,0,nan,0,nan,0,nan,0,nan,0
1597988396770053888,1597988397000000000,2020-08-21 13:39:57.000000,1779.0,1843.0,1764.0,1840.0,nan,1796.0,1506692,54120376640.0,665857,1780.0,543,1779.0,550,nan,0,nan,0,nan,0,nan,0,nan,0,nan,0,nan,0,nan,0
1597988397261836032,1597988397000001024,2020-08-21 13:39:57.000001,1779.0,1843.0,1764.0,1840.0,nan,1796.0,1506692,54120376640.0,665857,1780.0,585,1779.0,543,nan,0,nan,0,nan,0,nan,0,nan,0,nan,0,nan,0,nan,0
1597988397766996992,1597988398000000000,2020-08-21 13:39:58.000000,1779.0,1843.0,1764.0,1840.0,nan,1796.0,1506692,54120376640.0,665857,1780.0,585,1779.0,543,nan,0,nan,0,nan,0,nan,0,nan,0,nan,0,nan,0,nan,0
1597988398270369024,1597988398000001024,2020-08-21 13:39:58.000001,1779.0,1843.0,1764.0,1840.0,nan,1796.0,1506696,54120520320.0,665855,1780.0,585,1779.0,539,nan,0,nan,0,nan,0,nan,0,nan,0,nan,0,nan,0,nan,0
1597988398762906880,1597988399000000000,2020-08-21 13:39:59.000000,1779.0,1843.0,1764.0,1840.0,nan,1796.0,1506697,54120556240.0,665855,1780.0,584,1779.0,538,nan,0,nan,0,nan,0,nan,0,nan,0,nan,0,nan,0,nan,0
1597988399263198976,1597988399000001024,2020-08-21 13:39:59.000001,1779.0,1843.0,1764.0,1840.0,nan,1796.0,1506697,54120556240.0,665855,1780.0,586,1779.0,538,nan,0,nan,0,nan,0,nan,0,nan,0,nan,0,nan,0,nan,0
1597988399763297024,1597988400000000000,2020-08-21 13:40:00.000000,1779.0,1843.0,1764.0,1840.0,nan,1796.0,1506698,54120592160.0,665856,1780.0,586,1779.0,537,nan,0,nan,0,nan,0,nan,0,nan,0,nan,0,nan,0,nan,0
1597988400267077120,1597988400000001024,2020-08-21 13:40:00.000001,1780.0,1843.0,1764.0,1840.0,nan,1796.0,1506699,54120628080.0,665855,1780.0,585,1779.0,537,nan,0,nan,0,nan,0,nan,0,nan,0,nan,0,nan,0,nan,0
1597988400766737920,1597988401000000000,2020-08-21 13:40:01.000000,1779.0,1843.0,1764.0,1840.0,nan,1796.0,1506700,54120664000.0,665856,1780.0,586,1779.0,536,nan,0,nan,0,nan,0,nan,0,nan,0,nan,0,nan,0,nan,0
1597988401270350080,1597988401000001024,2020-08-21 13:40:01.000001,1779.0,1843.0,1764.0,1840.0,nan,1796.0,1506700,54120664000.0,665856,1780.0,586,1779.0,537,nan,0,nan,0,nan,0,nan,0,nan,0,nan,0,nan,0,nan,0
1597988401770035968,1597988402000000000,2020-08-21 13:40:02.000000,1779.0,1843.0,1764.0,1840.0,nan,1796.0,1506701,54120699920.0,665857,1780.0,587,1779.0,536,nan,0,nan,0,nan,0,nan,0,nan,0,nan,0,nan,0,nan,0
1597988402271387904,1597988402000001024,2020-08-21 13:40:02.000001,1779.0,1843.0,1764.0,1840.0,nan,1796.0,1506702,54120735840.0,665857,1780.0,593,1779.0,533,nan,0,nan,0,nan,0,nan,0,nan,0,nan,0,nan,0,nan,0
1597988402768217088,1597988403000000000,2020-08-21 13:40:03.000000,1779.0,1843.0,1764.0,1840.0,nan,1796.0,1506702,54120735840.0,665857,1780.0,595,1779.0,533,nan,0,nan,0,nan,0,nan,0,nan,0,nan,0,nan,0,nan,0
1597988403271458048,1597988403000001024,2020-08-21 13:40:03.000001,1779.0,1843.0,1764.0,1840.0,nan,1796.0,1506702,54120735840.0,665857,1780.0,595,1779.0,537,nan,0,nan,0,nan,0,nan,0,nan,0,nan,0,nan,0,nan,0
1597988403763497984,1597988404000000000,2020-08-21 13:40:04.000000,1779.0,1843.0,1764.0,1840.0,nan,1796.0,1506703,54120771760.0,665856,1780.0,594,1779.0,536,nan,0,nan,0,nan,0,nan,0,nan,0,nan,0,nan,0,nan,0
1597988404261278976,1597988404000001024,2020-08-21 13:40:04.000001,1779.0,1843.0,1764.0,1840.0,nan,1796.0,1506703,54120771760.0,665856,1780.0,595,1779.0,535,nan,0,nan,0,nan,0,nan,0,nan,0,nan,0,nan,0,nan,0
1597988404760734976,1597988405000000000,2020-08-21 13:40:05.000000,1780.0,1843.0,1764.0,1840.0,nan,1796.0,1506713,54121130960.0,665856,1780.0,585,1779.0,535,nan,0,nan,0,nan,0,nan,0,nan,0,nan,0,nan,0,nan,0
1597988405264413952,1597988405000001024,2020-08-21 13:40:05.000001,1780.0,1843.0,1764.0,1840.0,nan,1796.0,1506716,54121238720.0,665858,1780.0,594,1779.0,533,nan,0,nan,0,nan,0,nan,0,nan,0,nan,0,nan,0,nan,0
1597988405762561024,1597988406000000000,2020-08-21 13:40:06.000000,1780.0,1843.0,1764.0,1840.0,nan,1796.0,1506716,54121238720.0,665858,1780.0,594,1779.0,535,nan,0,nan,0,nan,0,nan,0,nan,0,nan,0,nan,0,nan,0
1597988406268129024,1597988406000001024,2020-08-21 13:40:06.000001,1779.0,1843.0,1764.0,1840.0,nan,1796.0,1506717,54121274640.0,665859,1780.0,595,1779.0,529,nan,0,nan,0,nan,0,nan,0,nan,0,nan,0,nan,0,nan,0
1597988406769208064,1597988407000000000,2020-08-21 13:40:07.000000,1779.0,1843.0,1764.0,1840.0,nan,1796.0,1506717,54121274640.0,665859,1780.0,694,1779.0,530,nan,0,nan,0,nan,0,nan,0,nan,0,nan,0,nan,0,nan,0
1597988407309825024,1597988407000001024,2020-08-21 13:40:07.000001,1779.0,1843.0,1764.0,1840.0,nan,1796.0,1506717,54121274640.0,665859,1780.0,704,1779.0,530,nan,0,nan,0,nan,0,nan,0,nan,0,nan,0,nan,0,nan,0
1597988407767938048,1597988408000000000,2020-08-21 13:40:08.000000,1780.0,1843.0,1764.0,1840.0,nan,1796.0,1506718,54121310560.0,665859,1780.0,703,1779.0,462,nan,0,nan,0,nan,0,nan,0,nan,0,nan,0,nan,0,nan,0
1597988408267162112,1597988408000001024,2020-08-21 13:40:08.000001,1780.0,1843.0,1764.0,1840.0,nan,1796.0,1506718,54121310560.0,665859,1780.0,707,1779.0,462,nan,0,nan,0,nan,0,nan,0,nan,0,nan,0,nan,0,nan,0
1597988408813444096,1597988409000000000,2020-08-21 13:40:09.000000,1779.0,1843.0,1764.0,1840.0,nan,1796.0,1506723,54121490160.0,665864,1780.0,709,1779.0,457,nan,0,nan,0,nan,0,nan,0,nan,0,nan,0,nan,0,nan,0
1597988409261733120,1597988409000001024,2020-08-21 13:40:09.000001,1779.0,1843.0,1764.0,1840.0,nan,1796.0,1507181,54137941520.0,665910,1779.0,411,1778.0,956,nan,0,nan,0,nan,0,nan,0,nan,0,nan,0,nan,0,nan,0
1597988409768346112,1597988410000000000,2020-08-21 13:40:10.000000,1778.0,1843.0,1764.0,1840.0,nan,1796.0,1507184,54138049280.0,665913,1779.0,499,1778.0,942,nan,0,nan,0,nan,0,nan,0,nan,0,nan,0,nan,0,nan,0
1597988410266832896,1597988410000001024,2020-08-21 13:40:10.000001,1778.0,1843.0,1764.0,1840.0,nan,1796.0,1507216,54139198720.0,665898,1779.0,581,1778.0,936,nan,0,nan,0,nan,0,nan,0,nan,0,nan,0,nan,0,nan,0
1597988410765182976,1597988411000000000,2020-08-21 13:40:11.000000,1779.0,1843.0,1764.0,1840.0,nan,1796.0,1507219,54139306480.0,665896,1779.0,589,1778.0,934,nan,0,nan,0,nan,0,nan,0,nan,0,nan,0,nan,0,nan,0
1597988411269095936,1597988411000001024,2020-08-21 13:40:11.000001,1779.0,1843.0,1764.0,1840.0,nan,1796.0,1507223,54139450160.0,665896,1779.0,586,1778.0,933,nan,0,nan,0,nan,0,nan,0,nan,0,nan,0,nan,0,nan,0
1597988411771888896,1597988412000000000,2020-08-21 13:40:12.000000,1778.0,1843.0,1764.0,1840.0,nan,1796.0,1507224,54139486080.0,665896,1779.0,664,1778.0,932,nan,0,nan,0,nan,0,nan,0,nan,0,nan,0,nan,0,nan,0
1597988412268247040,1597988412000001024,2020-08-21 13:40:12.000001,1779.0,1843.0,1764.0,1840.0,nan,1796.0,1507226,54139557920.0,665896,1779.0,663,1778.0,933,nan,0,nan,0,nan,0,nan,0,nan,0,nan,0,nan,0,nan,0
1597988412773273088,1597988413000000000,2020-08-21 13:40:13.000000,1779.0,1843.0,1764.0,1840.0,nan,1796.0,1507226,54139557920.0,665896,1779.0,682,1778.0,933,nan,0,nan,0,nan,0,nan,0,nan,0,nan,0,nan,0,nan,0
1597988413267887104,1597988413000001024,2020-08-21 13:40:13.000001,1779.0,1843.0,1764.0,1840.0,nan,1796.0,1507227,54139593840.0,665895,1779.0,695,1778.0,1033,nan,0,nan,0,nan,0,nan,0,nan,0,nan,0,nan,0,nan,0
1597988413766053120,1597988414000000000,2020-08-21 13:40:14.000000,1778.0,1843.0,1764.0,1840.0,nan,1796.0,1507234,54139845280.0,665891,1779.0,697,1778.0,1033,nan,0,nan,0,nan,0,nan,0,nan,0,nan,0,nan,0,nan,0
1597988414268193024,1597988414000001024,2020-08-21 13:40:14.000001,1779.0,1843.0,1764.0,1840.0,nan,1796.0,1507238,54139988960.0,665887,1779.0,693,1778.0,1033,nan,0,nan,0,nan,0,nan,0,nan,0,nan,0,nan,0,nan,0
1597988414778132992,1597988415000000000,2020-08-21 13:40:15.000000,1779.0,1843.0,1764.0,1840.0,nan,1796.0,1507264,54140922880.0,665887,1779.0,668,1778.0,1070,nan,0,nan,0,nan,0,nan,0,nan,0,nan,0,nan,0,nan,0
1597988415271448064,1597988415000001024,2020-08-21 13:40:15.000001,1778.0,1843.0,1764.0,1840.0,nan,1796.0,1507268,54141066560.0,665887,1779.0,665,1778.0,1067,nan,0,nan,0,nan,0,nan,0,nan,0,nan,0,nan,0,nan,0
1597988415775385088,1597988416000000000,2020-08-21 13:40:16.000000,1778.0,1843.0,1764.0,1840.0,nan,1796.0,1507370,54144730400.0,665786,1779.0,565,1778.0,1065,nan,0,nan,0,nan,0,nan,0,nan,0,nan,0,nan,0,nan,0
1597988416270138112,1597988416000001024,2020-08-21 13:40:16.000001,1779.0,1843.0,1764.0,1840.0,nan,1796.0,1507373,54144838160.0,665788,1779.0,564,1778.0,1063,nan,0,nan,0,nan,0,nan,0,nan,0,nan,0,nan,0,nan,0
1597988416770216960,1597988417000000000,2020-08-21 13:40:17.000000,1779.0,1843.0,1764.0,1840.0,nan,1796.0,1507384,54145233280.0,665789,1779.0,564,1778.0,1057,nan,0,nan,0,nan,0,nan,0,nan,0,nan,0,nan,0,nan,0
1597988417270995968,1597988417000001024,2020-08-21 13:40:17.000001,1778.0,1843.0,1764.0,1840.0,nan,1796.0,1507386,54145305120.0,665790,1779.0,563,1778.0,1060,nan,0,nan,0,nan,0,nan,0,nan,0,nan,0,nan,0,nan,0
1597988417780148992,1597988418000000000,2020-08-21 13:40:18.000000,1779.0,1843.0,1764.0,1840.0,nan,1796.0,1507387,54145341040.0,665789,1779.0,562,1778.0,1061,nan,0,nan,0,nan,0,nan,0,nan,0,nan,0,nan,0,nan,0
1597988418272274944,1597988418000001024,2020-08-21 13:40:18.000001,1778.0,1843.0,1764.0,1840.0,nan,1796.0,1507397,54145700240.0,665795,1779.0,561,1778.0,1062,nan,0,nan,0,nan,0,nan,0,nan,0,nan,0,nan,0,nan,0
1597988418778557952,1597988419000000000,2020-08-21 13:40:19.000000,1778.0,1843.0,1764.0,1840.0,nan,1796.0,1507401,54145843920.0,665799,1779.0,567,1778.0,1058,nan,0,nan,0,nan,0,nan,0,nan,0,nan,0,nan,0,nan,0
1597988419275738880,1597988419000001024,2020-08-21 13:40:19.000001,1778.0,1843.0,1764.0,1840.0,nan,1796.0,1507405,54145987600.0,665803,1779.0,569,1778.0,1059,nan,0,nan,0,nan,0,nan,0,nan,0,nan,0,nan,0,nan,0
1597988419775495936,1597988420000000000,2020-08-21 13:40:20.000000,1779.0,1843.0,1764.0,1840.0,nan,1796.0,1507431,54146921520.0,665804,1779.0,555,1778.0,1079,nan,0,nan,0,nan,0,nan,0,nan,0,nan,0,nan,0,nan,0
1597988420286968064,1597988420000001024,2020-08-21 13:40:20.000001,1778.0,1843.0,1764.0,1840.0,nan,1796.0,1507432,54146957440.0,665805,1779.0,515,1778.0,1079,nan,0,nan,0,nan,0,nan,0,nan,0,nan,0,nan,0,nan,0
1597988420768841984,1597988421000000000,2020-08-21 13:40:21.000000,1778.0,1843.0,1764.0,1840.0,nan,1796.0,1507436,54147101120.0,665805,1779.0,519,1778.0,1075,nan,0,nan,0,nan,0,nan,0,nan,0,nan,0,nan,0,nan,0
1597988421270665984,1597988421000001024,2020-08-21 13:40:21.000001,1778.0,1843.0,1764.0,1840.0,nan,1796.0,1507436,54147101120.0,665805,1779.0,523,1778.0,1077,nan,0,nan,0,nan,0,nan,0,nan,0,nan,0,nan,0,nan,0
1597988421767446016,1597988422000000000,2020-08-21 13:40:22.000000,1778.0,1843.0,1764.0,1840.0,nan,1796.0,1507438,54147172960.0,665805,1779.0,532,1778.0,1076,nan,0,nan,0,nan,0,nan,0,nan,0,nan,0,nan,0,nan,0
1597988422268168960,1597988422000001024,2020-08-21 13:40:22.000001,1778.0,1843.0,1764.0,1840.0,nan,1796.0,1507440,54147244800.0,665806,1779.0,601,1778.0,1076,nan,0,nan,0,nan,0,nan,0,nan,0,nan,0,nan,0,nan,0
1597988422769748992,1597988423000000000,2020-08-21 13:40:23.000000,1779.0,1843.0,1764.0,1840.0,nan,1796.0,1507441,54147280720.0,665805,1779.0,612,1778.0,1076,nan,0,nan,0,nan,0,nan,0,nan,0,nan,0,nan,0,nan,0
1597988423275245056,1597988423000001024,2020-08-21 13:40:23.000001,1779.0,1843.0,1764.0,1840.0,nan,1796.0,1507442,54147316640.0,665805,1779.0,611,1778.0,1076,nan,0,nan,0,nan,0,nan,0,nan,0,nan,0,nan,0,nan,0
1597988423777359872,1597988424000000000,2020-08-21 13:40:24.000000,1778.0,1843.0,1764.0,1840.0,nan,1796.0,1507443,54147352560.0,665804,1779.0,614,1778.0,1076,nan,0,nan,0,nan,0,nan,0,nan,0,nan,0,nan,0,nan,0
1597988424279443968,1597988424000001024,2020-08-21 13:40:24.000001,1778.0,1843.0,1764.0,1840.0,nan,1796.0,1507443,54147352560.0,665804,1779.0,617,1778.0,1075,nan,0,nan,0,nan,0,nan,0,nan,0,nan,0,nan,0,nan,0
1597988424772037888,1597988425000000000,2020-08-21 13:40:25.000000,1779.0,1843.0,1764.0,1840.0,nan,1796.0,1507448,54147532160.0,665804,1779.0,613,1778.0,1083,nan,0,nan,0,nan,0,nan,0,nan,0,nan,0,nan,0,nan,0
1597988425274289920,1597988425000001024,2020-08-21 13:40:25.000001,1779.0,1843.0,1764.0,1840.0,nan,1796.0,1507452,54147675840.0,665802,1779.0,617,1778.0,1082,nan,0,nan,0,nan,0,nan,0,nan,0,nan,0,nan,0,nan,0
1597988425775386880,1597988426000000000,2020-08-21 13:40:26.000000,1779.0,1843.0,1764.0,1840.0,nan,1796.0,1507454,54147747680.0,665800,1779.0,615,1778.0,1091,nan,0,nan,0,nan,0,nan,0,nan,0,nan,0,nan,0,nan,0
1597988426284715008,1597988426000001024,2020-08-21 13:40:26.000001,1778.0,1843.0,1764.0,1840.0,nan,1796.0,1507460,54147963200.0,665796,1779.0,615,1778.0,1095,nan,0,nan,0,nan,0,nan,0,nan,0,nan,0,nan,0,nan,0
1597988426840652032,1597988427000000000,2020-08-21 13:40:27.000000,1779.0,1843.0,1764.0,1840.0,nan,1796.0,1507461,54147999120.0,665796,1779.0,615,1778.0,1096,nan,0,nan,0,nan,0,nan,0,nan,0,nan,0,nan,0,nan,0
1597988427273508096,1597988427000001024,2020-08-21 13:40:27.000001,1779.0,1843.0,1764.0,1840.0,nan,1796.0,1507469,54148286480.0,665788,1779.0,606,1778.0,1089,nan,0,nan,0,nan,0,nan,0,nan,0,nan,0,nan,0,nan,0
1597988427782752000,1597988428000000000,2020-08-21 13:40:28.000000,1779.0,1843.0,1764.0,1840.0,nan,1796.0,1507478,54148609760.0,665788,1779.0,619,1778.0,1099,nan,0,nan,0,nan,0,nan,0,nan,0,nan,0,nan,0,nan,0
1597988428277498880,1597988428000001024,2020-08-21 13:40:28.000001,1779.0,1843.0,1764.0,1840.0,nan,1796.0,1507480,54148681600.0,665786,1779.0,617,1778.0,1103,nan,0,nan,0,nan,0,nan,0,nan,0,nan,0,nan,0,nan,0
1597988428777761024,1597988429000000000,2020-08-21 13:40:29.000000,1779.0,1843.0,1764.0,1840.0,nan,1796.0,1507481,54148717520.0,665785,1779.0,616,1778.0,1102,nan,0,nan,0,nan,0,nan,0,nan,0,nan,0,nan,0,nan,0
1597988429279522048,1597988429000001024,2020-08-21 13:40:29.000001,1778.0,1843.0,1764.0,1840.0,nan,1796.0,1507485,54148861200.0,665781,1779.0,615,1778.0,1102,nan,0,nan,0,nan,0,nan,0,nan,0,nan,0,nan,0,nan,0
1597988429783723008,1597988430000000000,2020-08-21 13:40:30.000000,1779.0,1843.0,1764.0,1840.0,nan,1796.0,1507491,54149076720.0,665781,1779.0,610,1778.0,1104,nan,0,nan,0,nan,0,nan,0,nan,0,nan,0,nan,0,nan,0
1597988430303776000,1597988430000001024,2020-08-21 13:40:30.000001,1778.0,1843.0,1764.0,1840.0,nan,1796.0,1507563,54151662960.0,665824,1779.0,561,1778.0,1030,nan,0,nan,0,nan,0,nan,0,nan,0,nan,0,nan,0,nan,0
1597988430781574912,1597988431000000000,2020-08-21 13:40:31.000000,1778.0,1843.0,1764.0,1840.0,nan,1796.0,1507604,54153135680.0,665865,1779.0,561,1778.0,989,nan,0,nan,0,nan,0,nan,0,nan,0,nan,0,nan,0,nan,0
1597988431295994880,1597988431000001024,2020-08-21 13:40:31.000001,1779.0,1843.0,1764.0,1840.0,nan,1796.0,1507605,54153171600.0,665865,1779.0,561,1778.0,989,nan,0,nan,0,nan,0,nan,0,nan,0,nan,0,nan,0,nan,0
1597988431791429888,1597988432000000000,2020-08-21 13:40:32.000000,1778.0,1843.0,1764.0,1840.0,nan,1796.0,1507609,54153315280.0,665865,1779.0,581,1778.0,985,nan,0,nan,0,nan,0,nan,0,nan,0,nan,0,nan,0,nan,0
1597988432277221888,1597988432000001024,2020-08-21 13:40:32.000001,1778.0,1843.0,1764.0,1840.0,nan,1796.0,1507621,54153746320.0,665877,1779.0,591,1778.0,973,nan,0,nan,0,nan,0,nan,0,nan,0,nan,0,nan,0,nan,0
1597988432782958080,1597988433000000000,2020-08-21 13:40:33.000000,1779.0,1843.0,1764.0,1840.0,nan,1796.0,1507625,54153890000.0,665876,1779.0,589,1778.0,973,nan,0,nan,0,nan,0,nan,0,nan,0,nan,0,nan,0,nan,0
1597988433280369920,1597988433000001024,2020-08-21 13:40:33.000001,1779.0,1843.0,1764.0,1840.0,nan,1796.0,1507626,54153925920.0,665876,1779.0,588,1778.0,967,nan,0,nan,0,nan,0,nan,0,nan,0,nan,0,nan,0,nan,0
1597988433834885120,1597988434000000000,2020-08-21 13:40:34.000000,1778.0,1843.0,1764.0,1840.0,nan,1796.0,1507629,54154033680.0,665877,1779.0,587,1778.0,965,nan,0,nan,0,nan,0,nan,0,nan,0,nan,0,nan,0,nan,0
1597988434281662976,1597988434000001024,2020-08-21 13:40:34.000001,1779.0,1843.0,1764.0,1840.0,nan,1796.0,1507636,54154285120.0,665876,1779.0,583,1778.0,964,nan,0,nan,0,nan,0,nan,0,nan,0,nan,0,nan,0,nan,0
1597988434785042944,1597988435000000000,2020-08-21 13:40:35.000000,1778.0,1843.0,1764.0,1840.0,nan,1796.0,1507637,54154321040.0,665877,1779.0,583,1778.0,962,nan,0,nan,0,nan,0,nan,0,nan,0,nan,0,nan,0,nan,0
1597988435279011072,1597988435000001024,2020-08-21 13:40:35.000001,1778.0,1843.0,1764.0,1840.0,nan,1796.0,1507637,54154321040.0,665877,1779.0,582,1778.0,961,nan,0,nan,0,nan,0,nan,0,nan,0,nan,0,nan,0,nan,0
1597988435778708992,1597988436000000000,2020-08-21 13:40:36.000000,1779.0,1843.0,1764.0,1840.0,nan,1796.0,1507650,54154788000.0,665884,1779.0,581,1778.0,951,nan,0,nan,0,nan,0,nan,0,nan,0,nan,0,nan,0,nan,0
1597988436284570112,1597988436000001024,2020-08-21 13:40:36.000001,1779.0,1843.0,1764.0,1840.0,nan,1796.0,1507650,54154788000.0,665884,1779.0,582,1778.0,952,nan,0,nan,0,nan,0,nan,0,nan,0,nan,0,nan,0,nan,0
1597988436794705920,1597988437000000000,2020-08-21 13:40:37.000000,1778.0,1843.0,1764.0,1840.0,nan,1796.0,1507651,54154823920.0,665885,1779.0,588,1778.0,952,nan,0,nan,0,nan,0,nan,0,nan,0,nan,0,nan,0,nan,0
1597988437303372032,1597988437000001024,2020-08-21 13:40:37.000001,1778.0,1843.0,1764.0,1840.0,nan,1796.0,1507651,54154823920.0,665885,1779.0,588,1778.0,953,nan,0,nan,0,nan,0,nan,0,nan,0,nan,0,nan,0,nan,0
1597988437804049920,1597988438000000000,2020-08-21 13:40:38.000000,1778.0,1843.0,1764.0,1840.0,nan,1796.0,1507651,54154823920.0,665885,1779.0,588,1778.0,954,nan,0,nan,0,nan,0,nan,0,nan,0,nan,0,nan,0,nan,0
1597988438288167936,1597988438000001024,2020-08-21 13:40:38.000001,1778.0,1843.0,1764.0,1840.0,nan,1796.0,1507652,54154859840.0,665886,1779.0,593,1778.0,961,nan,0,nan,0,nan,0,nan,0,nan,0,nan,0,nan,0,nan,0
1597988438780796928,1597988439000000000,2020-08-21 13:40:39.000000,1778.0,1843.0,1764.0,1840.0,nan,1796.0,1507652,54154859840.0,665886,1779.0,594,1778.0,962,nan,0,nan,0,nan,0,nan,0,nan,0,nan,0,nan,0,nan,0
1597988439281572096,1597988439000001024,2020-08-21 13:40:39.000001,1778.0,1843.0,1764.0,1840.0,nan,1796.0,1507652,54154859840.0,665886,1779.0,595,1778.0,962,nan,0,nan,0,nan,0,nan,0,nan,0,nan,0,nan,0,nan,0
1597988439782637056,1597988440000000000,2020-08-21 13:40:40.000000,1778.0,1843.0,1764.0,1840.0,nan,1796.0,1507652,54154859840.0,665886,1779.0,597,1778.0,962,nan,0,nan,0,nan,0,nan,0,nan,0,nan,0,nan,0,nan,0
1597988440284584960,1597988440000001024,2020-08-21 13:40:40.000001,1778.0,1843.0,1764.0,1840.0,nan,1796.0,1507653,54154895760.0,665887,1779.0,594,1778.0,961,nan,0,nan,0,nan,0,nan,0,nan,0,nan,0,nan,0,nan,0
1597988440782812928,1597988441000000000,2020-08-21 13:40:41.000000,1778.0,1843.0,1764.0,1840.0,nan,1796.0,1507663,54155254960.0,665889,1779.0,594,1778.0,961,nan,0,nan,0,nan,0,nan,0,nan,0,nan,0,nan,0,nan,0
1597988441288102912,1597988441000001024,2020-08-21 13:40:41.000001,1779.0,1843.0,1764.0,1840.0,nan,1796.0,1507666,54155362720.0,665890,1779.0,593,1778.0,962,nan,0,nan,0,nan,0,nan,0,nan,0,nan,0,nan,0,nan,0
1597988441773154048,1597988442000000000,2020-08-21 13:40:42.000000,1779.0,1843.0,1764.0,1840.0,nan,1796.0,1507673,54155614160.0,665891,1779.0,587,1778.0,960,nan,0,nan,0,nan,0,nan,0,nan,0,nan,0,nan,0,nan,0
1597988442299140096,1597988442000001024,2020-08-21 13:40:42.000001,1779.0,1843.0,1764.0,1840.0,nan,1796.0,1507681,54155901520.0,665887,1779.0,581,1778.0,958,nan,0,nan,0,nan,0,nan,0,nan,0,nan,0,nan,0,nan,0
1597988442775576064,1597988443000000000,2020-08-21 13:40:43.000000,1778.0,1843.0,1764.0,1840.0,nan,1796.0,1507688,54156152960.0,665892,1779.0,581,1778.0,952,nan,0,nan,0,nan,0,nan,0,nan,0,nan,0,nan,0,nan,0
1597988443282681088,1597988443000001024,2020-08-21 13:40:43.000001,1779.0,1843.0,1764.0,1840.0,nan,1796.0,1507698,54156512160.0,665884,1779.0,572,1778.0,953,nan,0,nan,0,nan,0,nan,0,nan,0,nan,0,nan,0,nan,0
1597988443779531008,1597988444000000000,2020-08-21 13:40:44.000000,1779.0,1843.0,1764.0,1840.0,nan,1796.0,1507703,54156691760.0,665883,1779.0,569,1778.0,950,nan,0,nan,0,nan,0,nan,0,nan,0,nan,0,nan,0,nan,0
1597988444313579008,1597988444000001024,2020-08-21 13:40:44.000001,1778.0,1843.0,1764.0,1840.0,nan,1796.0,1507747,54158272240.0,665884,1779.0,571,1778.0,911,nan,0,nan,0,nan,0,nan,0,nan,0,nan,0,nan,0,nan,0
1597988444782091008,1597988445000000000,2020-08-21 13:40:45.000000,1778.0,1843.0,1764.0,1840.0,nan,1796.0,1507747,54158272240.0,665884,1779.0,572,1778.0,911,nan,0,nan,0,nan,0,nan,0,nan,0,nan,0,nan,0,nan,0
1597988445281040896,1597988445000001024,2020-08-21 13:40:45.000001,1778.0,1843.0,1764.0,1840.0,nan,1796.0,1507747,54158272240.0,665884,1779.0,502,1778.0,911,nan,0,nan,0,nan,0,nan,0,nan,0,nan,0,nan,0,nan,0
1597988445781338880,1597988446000000000,2020-08-21 13:40:46.000000,1778.0,1843.0,1764.0,1840.0,nan,1796.0,1507765,54158918800.0,665885,1779.0,485,1778.0,907,nan,0,nan,0,nan,0,nan,0,nan,0,nan,0,nan,0,nan,0
1597988446275119104,1597988446000001024,2020-08-21 13:40:46.000001,1779.0,1843.0,1764.0,1840.0,nan,1796.0,1507768,54159026560.0,665885,1779.0,484,1778.0,905,nan,0,nan,0,nan,0,nan,0,nan,0,nan,0,nan,0,nan,0
1597988446783794944,1597988447000000000,2020-08-21 13:40:47.000000,1778.0,1843.0,1764.0,1840.0,nan,1796.0,1507798,54160104160.0,665886,1779.0,466,1778.0,898,nan,0,nan,0,nan,0,nan,0,nan,0,nan,0,nan,0,nan,0
1597988447334524928,1597988447000001024,2020-08-21 13:40:47.000001,1778.0,1843.0,1764.0,1840.0,nan,1796.0,1507798,54160104160.0,665886,1779.0,467,1778.0,898,nan,0,nan,0,nan,0,nan,0,nan,0,nan,0,nan,0,nan,0
1597988447780690944,1597988448000000000,2020-08-21 13:40:48.000000,1778.0,1843.0,1764.0,1840.0,nan,1796.0,1507807,54160427440.0,665881,1779.0,463,1778.0,897,nan,0,nan,0,nan,0,nan,0,nan,0,nan,0,nan,0,nan,0
1597988448281404928,1597988448000001024,2020-08-21 13:40:48.000001,1778.0,1843.0,1764.0,1840.0,nan,1796.0,1507807,54160427440.0,665881,1779.0,465,1778.0,899,nan,0,nan,0,nan,0,nan,0,nan,0,nan,0,nan,0,nan,0
1597988448789340928,1597988449000000000,2020-08-21 13:40:49.000000,1778.0,1843.0,1764.0,1840.0,nan,1796.0,1507807,54160427440.0,665881,1779.0,466,1778.0,899,nan,0,nan,0,nan,0,nan,0,nan,0,nan,0,nan,0,nan,0
1597988449284052992,1597988449000001024,2020-08-21 13:40:49.000001,1778.0,1843.0,1764.0,1840.0,nan,1796.0,1507808,54160463360.0,665881,1779.0,466,1778.0,898,nan,0,nan,0,nan,0,nan,0,nan,0,nan,0,nan,0,nan,0
1597988449794791936,1597988450000000000,2020-08-21 13:40:50.000000,1778.0,1843.0,1764.0,1840.0,nan,1796.0,1507822,54160966240.0,665887,1779.0,462,1778.0,888,nan,0,nan,0,nan,0,nan,0,nan,0,nan,0,nan,0,nan,0
1597988450288148992,1597988450000001024,2020-08-21 13:40:50.000001,1778.0,1843.0,1764.0,1840.0,nan,1796.0,1508022,54168150240.0,665887,1779.0,462,1778.0,688,nan,0,nan,0,nan,0,nan,0,nan,0,nan,0,nan,0,nan,0
1597988450785627904,1597988451000000000,2020-08-21 13:40:51.000000,1778.0,1843.0,1764.0,1840.0,nan,1796.0,1508023,54168186160.0,665887,1779.0,465,1778.0,690,nan,0,nan,0,nan,0,nan,0,nan,0,nan,0,nan,0,nan,0
1597988451289094912,1597988451000001024,2020-08-21 13:40:51.000001,1778.0,1843.0,1764.0,1840.0,nan,1796.0,1508025,54168258000.0,665887,1779.0,514,1778.0,689,nan,0,nan,0,nan,0,nan,0,nan,0,nan,0,nan,0,nan,0
1597988451790999040,1597988452000000000,2020-08-21 13:40:52.000000,1778.0,1843.0,1764.0,1840.0,nan,1796.0,1508026,54168293920.0,665887,1779.0,514,1778.0,689,nan,0,nan,0,nan,0,nan,0,nan,0,nan,0,nan,0,nan,0
1597988452288346112,1597988452000001024,2020-08-21 13:40:52.000001,1778.0,1843.0,1764.0,1840.0,nan,1796.0,1508031,54168473520.0,665892,1779.0,515,1778.0,684,nan,0,nan,0,nan,0,nan,0,nan,0,nan,0,nan,0,nan,0
1597988452787299072,1597988453000000000,2020-08-21 13:40:53.000000,1778.0,1843.0,1764.0,1840.0,nan,1796.0,1508031,54168473520.0,665892,1779.0,516,1778.0,684,nan,0,nan,0,nan,0,nan,0,nan,0,nan,0,nan,0,nan,0
1597988453276251904,1597988453000001024,2020-08-21 13:40:53.000001,1778.0,1843.0,1764.0,1840.0,nan,1796.0,1508033,54168545360.0,665894,1779.0,515,1778.0,682,nan,0,nan,0,nan,0,nan,0,nan,0,nan,0,nan,0,nan,0
1597988453778164992,1597988454000000000,2020-08-21 13:40:54.000000,1778.0,1843.0,1764.0,1840.0,nan,1796.0,1508034,54168581280.0,665894,1779.0,516,1778.0,681,nan,0,nan,0,nan,0,nan,0,nan,0,nan,0,nan,0,nan,0
1597988454282874112,1597988454000001024,2020-08-21 13:40:54.000001,1778.0,1843.0,1764.0,1840.0,nan,1796.0,1508035,54168617200.0,665895,1779.0,521,1778.0,680,nan,0,nan,0,nan,0,nan,0,nan,0,nan,0,nan,0,nan,0
1597988454780694016,1597988455000000000,2020-08-21 13:40:55.000000,1778.0,1843.0,1764.0,1840.0,nan,1796.0,1508037,54168689040.0,665896,1779.0,521,1778.0,678,nan,0,nan,0,nan,0,nan,0,nan,0,nan,0,nan,0,nan,0
1597988455279492096,1597988455000001024,2020-08-21 13:40:55.000001,1779.0,1843.0,1764.0,1840.0,nan,1796.0,1508040,54168796800.0,665896,1779.0,518,1778.0,678,nan,0,nan,0,nan,0,nan,0,nan,0,nan,0,nan,0,nan,0
1597988455781778944,1597988456000000000,2020-08-21 13:40:56.000000,1778.0,1843.0,1764.0,1840.0,nan,1796.0,1508045,54168976400.0,665901,1779.0,556,1778.0,674,nan,0,nan,0,nan,0,nan,0,nan,0,nan,0,nan,0,nan,0
1597988456286116096,1597988456000001024,2020-08-21 13:40:56.000001,1778.0,1843.0,1764.0,1840.0,nan,1796.0,1508047,54169048240.0,665902,1779.0,558,1778.0,672,nan,0,nan,0,nan,0,nan,0,nan,0,nan,0,nan,0,nan,0
1597988456790211072,1597988457000000000,2020-08-21 13:40:57.000000,1778.0,1843.0,1764.0,1840.0,nan,1796.0,1508047,54169048240.0,665902,1779.0,559,1778.0,671,nan,0,nan,0,nan,0,nan,0,nan,0,nan,0,nan,0,nan,0
1597988457282233088,1597988457000001024,2020-08-21 13:40:57.000001,1778.0,1843.0,1764.0,1840.0,nan,1796.0,1508051,54169191920.0,665902,1779.0,561,1778.0,669,nan,0,nan,0,nan,0,nan,0,nan,0,nan,0,nan,0,nan,0
1597988457786155008,1597988458000000000,2020-08-21 13:40:58.000000,1778.0,1843.0,1764.0,1840.0,nan,1796.0,1508054,54169299680.0,665903,1779.0,564,1778.0,696,nan,0,nan,0,nan,0,nan,0,nan,0,nan,0,nan,0,nan,0
1597988458289341952,1597988458000001024,2020-08-21 13:40:58.000001,1779.0,1843.0,1764.0,1840.0,nan,1796.0,1508055,54169335600.0,665902,1779.0,563,1778.0,696,nan,0,nan,0,nan,0,nan,0,nan,0,nan,0,nan,0,nan,0
1597988458783546112,1597988459000000000,2020-08-21 13:40:59.000000,1778.0,1843.0,1764.0,1840.0,nan,1796.0,1508057,54169407440.0,665904,1779.0,564,1778.0,694,nan,0,nan,0,nan,0,nan,0,nan,0,nan,0,nan,0,nan,0
1597988459283863040,1597988459000001024,2020-08-21 13:40:59.000001,1778.0,1843.0,1764.0,1840.0,nan,1796.0,1508057,54169407440.0,665904,1779.0,564,1778.0,695,nan,0,nan,0,nan,0,nan,0,nan,0,nan,0,nan,0,nan,0
1597988459782405888,1597988460000000000,2020-08-21 13:41:00.000000,1779.0,1843.0,1764.0,1840.0,nan,1796.0,1508063,54169622960.0,665906,1779.0,558,1778.0,696,nan,0,nan,0,nan,0,nan,0,nan,0,nan,0,nan,0,nan,0
1597988460289459968,1597988460000001024,2020-08-21 13:41:00.000001,1779.0,1843.0,1764.0,1840.0,nan,1796.0,1508066,54169730720.0,665909,1779.0,555,1778.0,698,nan,0,nan,0,nan,0,nan,0,nan,0,nan,0,nan,0,nan,0
1597988460786765056,1597988461000000000,2020-08-21 13:41:01.000000,1779.0,1843.0,1764.0,1840.0,nan,1796.0,1508067,54169766640.0,665910,1779.0,554,1778.0,696,nan,0,nan,0,nan,0,nan,0,nan,0,nan,0,nan,0,nan,0
1597988461383961088,1597988461000001024,2020-08-21 13:41:01.000001,1778.0,1843.0,1764.0,1840.0,nan,1796.0,1508091,54170628720.0,665930,1779.0,532,1778.0,694,nan,0,nan,0,nan,0,nan,0,nan,0,nan,0,nan,0,nan,0
1597988461795087872,1597988462000000000,2020-08-21 13:41:02.000000,1779.0,1843.0,1764.0,1840.0,nan,1796.0,1508094,54170736480.0,665933,1779.0,536,1778.0,897,nan,0,nan,0,nan,0,nan,0,nan,0,nan,0,nan,0,nan,0
1597988462296794880,1597988462000001024,2020-08-21 13:41:02.000001,1779.0,1843.0,1764.0,1840.0,nan,1796.0,1508138,54172316960.0,665952,1779.0,510,1778.0,880,nan,0,nan,0,nan,0,nan,0,nan,0,nan,0,nan,0,nan,0
1597988462796944896,1597988463000000000,2020-08-21 13:41:03.000000,1778.0,1843.0,1764.0,1840.0,nan,1796.0,1508187,54174077040.0,665980,1779.0,463,1778.0,879,nan,0,nan,0,nan,0,nan,0,nan,0,nan,0,nan,0,nan,0
1597988463293479936,1597988463000001024,2020-08-21 13:41:03.000001,1778.0,1843.0,1764.0,1840.0,nan,1796.0,1508190,54174184800.0,665983,1779.0,468,1778.0,877,nan,0,nan,0,nan,0,nan,0,nan,0,nan,0,nan,0,nan,0
1597988463798201088,1597988464000000000,2020-08-21 13:41:04.000000,1778.0,1843.0,1764.0,1840.0,nan,1796.0,1508192,54174256640.0,665984,1779.0,468,1778.0,881,nan,0,nan,0,nan,0,nan,0,nan,0,nan,0,nan,0,nan,0
1597988464288946944,1597988464000001024,2020-08-21 13:41:04.000001,1779.0,1843.0,1764.0,1840.0,nan,1796.0,1508216,54175118720.0,665986,1779.0,446,1778.0,881,nan,0,nan,0,nan,0,nan,0,nan,0,nan,0,nan,0,nan,0
1597988464793784064,1597988465000000000,2020-08-21 13:41:05.000000,1778.0,1843.0,1764.0,1840.0,nan,1796.0,1508217,54175154640.0,665987,1779.0,446,1778.0,883,nan,0,nan,0,nan,0,nan,0,nan,0,nan,0,nan,0,nan,0
1597988465288065024,1597988465000001024,2020-08-21 13:41:05.000001,1779.0,1843.0,1764.0,1840.0,nan,1796.0,1508218,54175190560.0,665988,1779.0,446,1778.0,884,nan,0,nan,0,nan,0,nan,0,nan,0,nan,0,nan,0,nan,0
1597988465793179904,1597988466000000000,2020-08-21 13:41:06.000000,1779.0,1843.0,1764.0,1840.0,nan,1796.0,1508223,54175370160.0,665993,1779.0,444,1778.0,882,nan,0,nan,0,nan,0,nan,0,nan,0,nan,0,nan,0,nan,0
1597988466295712000,1597988466000001024,2020-08-21 13:41:06.000001,1779.0,1843.0,1764.0,1840.0,nan,1796.0,1508223,54175370160.0,665993,1779.0,445,1778.0,881,nan,0,nan,0,nan,0,nan,0,nan,0,nan,0,nan,0,nan,0
1597988466789902080,1597988467000000000,2020-08-21 13:41:07.000000,1779.0,1843.0,1764.0,1840.0,nan,1796.0,1508223,54175370160.0,665993,1779.0,446,1778.0,902,nan,0,nan,0,nan,0,nan,0,nan,0,nan,0,nan,0,nan,0
1597988467293167104,1597988467000001024,2020-08-21 13:41:07.000001,1779.0,1843.0,1764.0,1840.0,nan,1796.0,1508240,54175980800.0,665995,1779.0,429,1778.0,900,nan,0,nan,0,nan,0,nan,0,nan,0,nan,0,nan,0,nan,0
1597988467790988032,1597988468000000000,2020-08-21 13:41:08.000000,1778.0,1843.0,1764.0,1840.0,nan,1796.0,1508242,54176052640.0,665996,1779.0,440,1778.0,899,nan,0,nan,0,nan,0,nan,0,nan,0,nan,0,nan,0,nan,0
1597988468291620096,1597988468000001024,2020-08-21 13:41:08.000001,1778.0,1843.0,1764.0,1840.0,nan,1796.0,1508242,54176052640.0,665996,1779.0,441,1778.0,899,nan,0,nan,0,nan,0,nan,0,nan,0,nan,0,nan,0,nan,0
1597988468798562048,1597988469000000000,2020-08-21 13:41:09.000000,1778.0,1843.0,1764.0,1840.0,nan,1796.0,1508243,54176088560.0,665997,1779.0,454,1778.0,898,nan,0,nan,0,nan,0,nan,0,nan,0,nan,0,nan,0,nan,0
1597988469292699904,1597988469000001024,2020-08-21 13:41:09.000001,1778.0,1843.0,1764.0,1840.0,nan,1796.0,1508243,54176088560.0,665997,1779.0,454,1778.0,898,nan,0,nan,0,nan,0,nan,0,nan,0,nan,0,nan,0,nan,0
1597988469798384128,1597988470000000000,2020-08-21 13:41:10.000000,1778.0,1843.0,1764.0,1840.0,nan,1796.0,1508245,54176160400.0,665999,1779.0,450,1778.0,897,nan,0,nan,0,nan,0,nan,0,nan,0,nan,0,nan,0,nan,0
1597988470294062080,1597988470000001024,2020-08-21 13:41:10.000001,1779.0,1843.0,1764.0,1840.0,nan,1796.0,1508260,54176699200.0,665999,1779.0,435,1778.0,897,nan,0,nan,0,nan,0,nan,0,nan,0,nan,0,nan,0,nan,0
1597988470793331968,1597988471000000000,2020-08-21 13:41:11.000000,1778.0,1843.0,1764.0,1840.0,nan,1796.0,1508265,54176878800.0,666001,1779.0,433,1778.0,894,nan,0,nan,0,nan,0,nan,0,nan,0,nan,0,nan,0,nan,0
1597988471300096000,1597988471000001024,2020-08-21 13:41:11.000001,1778.0,1843.0,1764.0,1840.0,nan,1796.0,1508267,54176950640.0,666003,1779.0,433,1778.0,892,nan,0,nan,0,nan,0,nan,0,nan,0,nan,0,nan,0,nan,0
1597988471797180928,1597988472000000000,2020-08-21 13:41:12.000000,1778.0,1843.0,1764.0,1840.0,nan,1796.0,1508268,54176986560.0,666003,1779.0,437,1778.0,891,nan,0,nan,0,nan,0,nan,0,nan,0,nan,0,nan,0,nan,0
1597988472300591104,1597988472000001024,2020-08-21 13:41:12.000001,1778.0,1843.0,1764.0,1840.0,nan,1796.0,1508268,54176986560.0,666003,1779.0,461,1778.0,941,nan,0,nan,0,nan,0,nan,0,nan,0,nan,0,nan,0,nan,0
1597988472800903936,1597988473000000000,2020-08-21 13:41:13.000000,1779.0,1843.0,1764.0,1840.0,nan,1796.0,1508271,54177094320.0,666006,1779.0,469,1778.0,942,nan,0,nan,0,nan,0,nan,0,nan,0,nan,0,nan,0,nan,0
1597988473297526016,1597988473000001024,2020-08-21 13:41:13.000001,1779.0,1843.0,1764.0,1840.0,nan,1796.0,1508273,54177166160.0,666008,1779.0,466,1778.0,943,nan,0,nan,0,nan,0,nan,0,nan,0,nan,0,nan,0,nan,0
1597988473793977088,1597988474000000000,2020-08-21 13:41:14.000000,1778.0,1843.0,1764.0,1840.0,nan,1796.0,1508275,54177238000.0,666009,1779.0,470,1778.0,992,nan,0,nan,0,nan,0,nan,0,nan,0,nan,0,nan,0,nan,0
