local_nano_time,quote_nano_time,datetime,last_price,highest,lowest,open,close,average,volume,amount,open_interest,ask_price1,ask_volume1,bid_price1,bid_volume1,ask_price2,ask_volume2,bid_price2,bid_volume2,ask_price3,ask_volume3,bid_price3,bid_volume3,ask_price4,ask_volume4,bid_price4,bid_volume4,ask_price5,ask_volume5,bid_price5,bid_volume5
1597988230208463104,1597988230432000000,2020-08-21 13:37:10.432000,115930.0,116920.0,114770.0,116850.0,nan,115706.650303,181503,21001104150.0,107038,115930.0,2,115920.0,4,115940.0,19,115910.0,9,115950.0,11,115900.0,15,115960.0,5,115890.0,7,115970.0,6,115880.0,22
1597988230623873024,1597988230935000064,2020-08-21 13:37:10.935000,115930.0,116920.0,114770.0,116850.0,nan,115706.651534,181504,21001220080.0,107039,115930.0,1,115920.0,4,115940.0,19,115910.0,9,115950.0,11,115900.0,15,115960.0,5,115890.0,7,115970.0,6,115880.0,22
1597988231155977984,1597988231436999936,2020-08-21 13:37:11.437000,115930.0,116920.0,114770.0,116850.0,nan,115706.653995,181506,21001451940.0,107040,115940.0,19,115930.0,1,115950.0,11,115920.0,4,115960.0,5,115910.0,9,115970.0,5,115900.0,15,115980.0,5,115890.0,3
1597988231631752960,1597988231910000128,2020-08-21 13:37:11.910000,115930.0,116920.0,114770.0,116850.0,nan,115706.655225,181507,21001567870.0,107041,115940.0,19,115930.0,1,115950.0,11,115920.0,4,115960.0,5,115910.0,9,115970.0,5,115900.0,15,115980.0,5,115890.0,3
1597988232139641088,1597988232423000064,2020-08-21 13:37:12.423000,115930.0,116920.0,114770.0,116850.0,nan,115706.657686,181509,21001799730.0,107040,115930.0,4,115920.0,4,115940.0,19,115910.0,9,115950.0,11,115900.0,15,115960.0,5,115890.0,3,115970.0,5,115880.0,22
1597988232624449024,1597988232932000000,2020-08-21 13:37:12.932000,115920.0,116920.0,114770.0,116850.0,nan,115706.662388,181513,21002263410.0,107040,115930.0,4,115910.0,9,115940.0,19,115900.0,15,115950.0,11,115890.0,3,115960.0,5,115880.0,22,115970.0,5,115870.0,8
1597988233120614912,1597988233405999872,2020-08-21 13:37:13.406000,115920.0,116920.0,114770.0,116850.0,nan,115706.662388,181513,21002263410.0,107040,115920.0,7,115910.0,10,115930.0,9,115900.0,15,115940.0,19,115890.0,2,115950.0,11,115880.0,22,115960.0,5,115870.0,8
1597988233632541952,1597988233912000000,2020-08-21 13:37:13.912000,115930.0,116920.0,114770.0,116850.0,nan,115706.685506,181533,21004581740.0,107046,115930.0,3,115900.0,15,115940.0,19,115890.0,2,115950.0,11,115880.0,22,115960.0,5,115870.0,8,115970.0,5,115860.0,8
1597988234133391104,1597988234427000064,2020-08-21 13:37:14.427000,115930.0,116920.0,114770.0,116850.0,nan,115706.700267,181545,21005972900.0,107049,115940.0,19,115930.0,8,115950.0,11,115910.0,8,115960.0,5,115900.0,15,115970.0,5,115890.0,2,115980.0,5,115880.0,22
1597988234633128960,1597988234937999872,2020-08-21 13:37:14.938000,115930.0,116920.0,114770.0,116850.0,nan,115706.710107,181553,21006900340.0,107049,115930.0,1,115910.0,8,115940.0,20,115900.0,15,115950.0,11,115890.0,2,115960.0,5,115880.0,22,115970.0,5,115870.0,8
1597988235134537984,1597988235413000192,2020-08-21 13:37:15.413000,115930.0,116920.0,114770.0,116850.0,nan,115706.710107,181553,21006900340.0,107049,115930.0,2,115910.0,8,115940.0,17,115900.0,15,115950.0,11,115890.0,2,115960.0,5,115880.0,22,115970.0,5,115870.0,8
1597988235626702080,1597988235905999872,2020-08-21 13:37:15.906000,115930.0,116920.0,114770.0,116850.0,nan,115706.711337,181554,21007016270.0,107050,115930.0,2,115910.0,8,115940.0,17,115900.0,15,115950.0,11,115890.0,2,115960.0,5,115880.0,22,115970.0,5,115870.0,8
1597988236616203008,1597988236918999808,2020-08-21 13:37:16.919000,115910.0,116920.0,114770.0,116850.0,nan,115706.712456,181555,21007132180.0,107049,115930.0,2,115910.0,7,115940.0,17,115900.0,15,115950.0,11,115890.0,2,115960.0,5,115880.0,22,115970.0,5,115870.0,8
1597988237139386880,1597988237435000064,2020-08-21 13:37:17.435000,115930.0,116920.0,114770.0,116850.0,nan,115706.714916,181557,21007364040.0,107050,115940.0,17,115920.0,1,115950.0,11,115910.0,7,115960.0,5,115900.0,15,115970.0,5,115890.0,2,115980.0,5,115880.0,22
1597988237625840128,1597988237934000128,2020-08-21 13:37:17.934000,115930.0,116920.0,114770.0,116850.0,nan,115706.714916,181557,21007364040.0,107050,115930.0,1,115920.0,3,115940.0,17,115910.0,7,115950.0,12,115900.0,16,115960.0,5,115890.0,2,115970.0,5,115880.0,22
1597988238148352000,1597988238430000128,2020-08-21 13:37:18.430000,115920.0,116920.0,114770.0,116850.0,nan,115706.71844,181560,21007711800.0,107052,115930.0,1,115910.0,7,115940.0,17,115900.0,16,115950.0,12,115890.0,2,115960.0,5,115880.0,22,115970.0,5,115870.0,8
1597988238624417024,1597988238932000000,2020-08-21 13:37:18.932000,115920.0,116920.0,114770.0,116850.0,nan,115706.71844,181560,21007711800.0,107052,115930.0,5,115920.0,1,115940.0,17,115910.0,7,115950.0,12,115900.0,16,115960.0,5,115890.0,2,115970.0,5,115880.0,22
1597988239116462080,1597988239420999936,2020-08-21 13:37:19.421000,115910.0,116920.0,114770.0,116850.0,nan,115706.727452,181568,21008639090.0,107046,115920.0,3,115900.0,16,115930.0,8,115890.0,2,115940.0,17,115880.0,22,115950.0,12,115870.0,7,115960.0,5,115860.0,8
1597988239623741952,1597988239932000000,2020-08-21 13:37:19.932000,115910.0,116920.0,114770.0,116850.0,nan,115706.727452,181568,21008639090.0,107046,115920.0,3,115900.0,15,115930.0,8,115890.0,2,115940.0,14,115880.0,22,115950.0,12,115870.0,7,115960.0,5,115860.0,8
1597988240157484032,1597988240416999936,2020-08-21 13:37:20.417000,115910.0,116920.0,114770.0,116850.0,nan,115706.727452,181568,21008639090.0,107046,115920.0,4,115900.0,15,115930.0,5,115890.0,2,115940.0,14,115880.0,22,115950.0,12,115870.0,7,115960.0,5,115860.0,8
1597988240632374016,1597988240916000000,2020-08-21 13:37:20.916000,115910.0,116920.0,114770.0,116850.0,nan,115706.727452,181568,21008639090.0,107046,115920.0,3,115900.0,16,115930.0,5,115890.0,2,115940.0,14,115880.0,22,115950.0,12,115870.0,7,115960.0,5,115860.0,8
1597988241635042048,1597988241936000000,2020-08-21 13:37:21.936000,115900.0,116920.0,114770.0,116850.0,nan,115706.728516,181569,21008754990.0,107046,115920.0,3,115900.0,15,115930.0,5,115890.0,2,115940.0,14,115880.0,22,115950.0,12,115870.0,7,115960.0,5,115860.0,8
1597988242129071104,1597988242423000064,2020-08-21 13:37:22.423000,115900.0,116920.0,114770.0,116850.0,nan,115706.728516,181569,21008754990.0,107046,115910.0,8,115900.0,14,115920.0,6,115890.0,2,115930.0,5,115880.0,22,115940.0,14,115870.0,7,115950.0,12,115860.0,8
1597988242652046080,1597988242935000064,2020-08-21 13:37:22.935000,115900.0,116920.0,114770.0,116850.0,nan,115706.732774,181573,21009218590.0,107044,115910.0,8,115900.0,10,115920.0,6,115890.0,2,115930.0,5,115880.0,22,115940.0,14,115870.0,7,115950.0,12,115860.0,8
1597988243121843968,1597988243432000000,2020-08-21 13:37:23.432000,115900.0,116920.0,114770.0,116850.0,nan,115706.744482,181584,21010493490.0,107047,115910.0,8,115890.0,2,115920.0,6,115880.0,21,115930.0,5,115870.0,7,115940.0,14,115860.0,8,115950.0,13,115850.0,13
1597988243631294976,1597988243917999872,2020-08-21 13:37:23.918000,115900.0,116920.0,114770.0,116850.0,nan,115706.744482,181584,21010493490.0,107047,115910.0,8,115890.0,2,115920.0,6,115880.0,22,115930.0,5,115870.0,7,115940.0,14,115860.0,8,115950.0,14,115850.0,13
1597988244627034880,1597988244932000000,2020-08-21 13:37:24.932000,115900.0,116920.0,114770.0,116850.0,nan,115706.744482,181584,21010493490.0,107047,115900.0,5,115890.0,2,115910.0,8,115880.0,22,115920.0,6,115870.0,7,115930.0,5,115860.0,8,115940.0,14,115850.0,13
1597988245124318976,1597988245427000064,2020-08-21 13:37:25.427000,115900.0,116920.0,114770.0,116850.0,nan,115706.74661,181586,21010725290.0,107045,115900.0,3,115890.0,2,115910.0,8,115880.0,22,115920.0,6,115870.0,7,115930.0,5,115860.0,8,115940.0,14,115850.0,13
1597988245626182912,1597988245882999808,2020-08-21 13:37:25.883000,115900.0,116920.0,114770.0,116850.0,nan,115706.748739,181588,21010957090.0,107043,115900.0,1,115890.0,2,115910.0,8,115880.0,21,115920.0,6,115870.0,7,115930.0,5,115860.0,8,115940.0,14,115850.0,13
1597988246159219968,1597988246423000064,2020-08-21 13:37:26.423000,115890.0,116920.0,114770.0,116850.0,nan,115706.751766,181591,21011304760.0,107041,115900.0,1,115880.0,21,115910.0,8,115870.0,7,115920.0,6,115860.0,8,115930.0,5,115850.0,13,115940.0,14,115840.0,7
1597988246654651904,1597988246932000000,2020-08-21 13:37:26.932000,115880.0,116920.0,114770.0,116850.0,nan,115706.75272,181592,21011420640.0,107041,115890.0,4,115880.0,20,115900.0,1,115870.0,7,115910.0,9,115860.0,7,115920.0,5,115850.0,12,115930.0,5,115840.0,8
1597988247134789120,1597988247436999936,2020-08-21 13:37:27.437000,115890.0,116920.0,114770.0,116850.0,nan,115706.777852,181618,21014433580.0,107026,115900.0,2,115890.0,4,115910.0,9,115880.0,1,115920.0,5,115870.0,7,115930.0,5,115860.0,7,115940.0,15,115850.0,11
1597988247622919936,1597988247912000000,2020-08-21 13:37:27.912000,115860.0,116920.0,114770.0,116850.0,nan,115706.789975,181631,21015939970.0,107018,115880.0,5,115860.0,6,115890.0,40,115850.0,11,115900.0,6,115840.0,7,115910.0,9,115830.0,13,115920.0,2,115820.0,4
1597988248155063040,1597988248420999936,2020-08-21 13:37:28.421000,115820.0,116920.0,114770.0,116850.0,nan,115706.820021,181671,21020573700.0,106999,115870.0,3,115830.0,1,115880.0,5,115820.0,3,115890.0,40,115810.0,10,115900.0,4,115800.0,6,115910.0,9,115780.0,4
1597988248633882112,1597988248938999808,2020-08-21 13:37:28.939000,115840.0,116920.0,114770.0,116850.0,nan,115706.829991,181684,21022079700.0,106999,115870.0,2,115850.0,3,115880.0,1,115840.0,38,115890.0,17,115830.0,12,115900.0,3,115820.0,3,115910.0,10,115810.0,9
1597988249145210880,1597988249420000000,2020-08-21 13:37:29.420000,115880.0,116920.0,114770.0,116850.0,nan,115706.83274,181687,21022427320.0,107000,115890.0,17,115870.0,2,115900.0,3,115860.0,34,115910.0,9,115850.0,5,115920.0,4,115840.0,35,115940.0,13,115830.0,11
1597988249612773888,1597988249930000128,2020-08-21 13:37:29.930000,115880.0,116920.0,114770.0,116850.0,nan,115706.835654,181690,21022774970.0,106998,115870.0,16,115860.0,21,115890.0,16,115850.0,1,115900.0,2,115840.0,23,115910.0,9,115830.0,11,115920.0,4,115820.0,3
1597988250162714112,1597988250435000064,2020-08-21 13:37:30.435000,115890.0,116920.0,114770.0,116850.0,nan,115706.851029,181707,21024744780.0,106985,115890.0,15,115870.0,6,115900.0,2,115860.0,23,115910.0,9,115850.0,1,115920.0,4,115840.0,23,115940.0,13,115830.0,11
1597988250628602880,1597988250933000192,2020-08-21 13:37:30.933000,115890.0,116920.0,114770.0,116850.0,nan,115706.851029,181707,21024744780.0,106985,115890.0,15,115870.0,10,115900.0,2,115860.0,23,115910.0,9,115850.0,1,115920.0,4,115840.0,23,115940.0,13,115830.0,11
1597988251145441024,1597988251436000000,2020-08-21 13:37:31.436000,115870.0,116920.0,114770.0,116850.0,nan,115706.851927,181708,21024860650.0,106985,115890.0,15,115870.0,3,115900.0,2,115860.0,20,115910.0,9,115850.0,1,115920.0,4,115840.0,23,115940.0,13,115830.0,11
1597988251644065024,1597988251914000128,2020-08-21 13:37:31.914000,115870.0,116920.0,114770.0,116850.0,nan,115706.851927,181708,21024860650.0,106985,115890.0,15,115870.0,3,115900.0,2,115860.0,20,115910.0,9,115850.0,1,115920.0,4,115840.0,27,115940.0,13,115830.0,11
1597988252149462016,1597988252421999872,2020-08-21 13:37:32.422000,115870.0,116920.0,114770.0,116850.0,nan,115706.852825,181709,21024976520.0,106984,115890.0,15,115870.0,6,115900.0,2,115860.0,20,115910.0,9,115850.0,1,115920.0,4,115840.0,27,115940.0,13,115830.0,11
1597988252645529088,1597988252933000192,2020-08-21 13:37:32.933000,115890.0,116920.0,114770.0,116850.0,nan,115706.856857,181713,21025440080.0,106988,115890.0,11,115870.0,6,115900.0,1,115860.0,20,115910.0,9,115850.0,1,115920.0,4,115840.0,27,115940.0,13,115830.0,11
1597988253163438080,1597988253424000000,2020-08-21 13:37:33.424000,115870.0,116920.0,114770.0,116850.0,nan,115706.862243,181719,21026135300.0,106983,115870.0,8,115860.0,20,115890.0,10,115850.0,1,115900.0,1,115840.0,27,115910.0,9,115830.0,11,115920.0,4,115820.0,3
1597988253624987904,1597988253898999808,2020-08-21 13:37:33.899000,115870.0,116920.0,114770.0,116850.0,nan,115706.869425,181727,21027062260.0,106981,115890.0,10,115870.0,4,115900.0,1,115860.0,23,115910.0,9,115850.0,1,115920.0,5,115840.0,27,115940.0,13,115830.0,11
1597988254123514880,1597988254438999808,2020-08-21 13:37:34.439000,115870.0,116920.0,114770.0,116850.0,nan,115706.869425,181727,21027062260.0,106981,115890.0,10,115860.0,20,115900.0,1,115850.0,1,115910.0,9,115840.0,27,115920.0,5,115830.0,11,115940.0,13,115820.0,3
1597988254622312960,1597988254935000064,2020-08-21 13:37:34.935000,115860.0,116920.0,114770.0,116850.0,nan,115706.870268,181728,21027178120.0,106981,115880.0,2,115860.0,17,115890.0,10,115850.0,1,115900.0,1,115840.0,27,115910.0,9,115830.0,11,115920.0,5,115820.0,3
1597988255616781056,1597988255931000064,2020-08-21 13:37:35.931000,115860.0,116920.0,114770.0,116850.0,nan,115706.870268,181728,21027178120.0,106981,115880.0,3,115860.0,17,115890.0,10,115850.0,1,115900.0,1,115840.0,28,115910.0,9,115830.0,11,115920.0,5,115820.0,3
1597988256147503104,1597988256426000128,2020-08-21 13:37:36.426000,115880.0,116920.0,114770.0,116850.0,nan,115706.899073,181765,21031464510.0,106969,115880.0,2,115840.0,6,115890.0,10,115830.0,11,115900.0,1,115820.0,3,115910.0,9,115810.0,9,115920.0,5,115800.0,6
1597988256643636992,1597988256924999936,2020-08-21 13:37:36.925000,115880.0,116920.0,114770.0,116850.0,nan,115706.899073,181765,21031464510.0,106969,115870.0,10,115850.0,6,115880.0,3,115840.0,9,115890.0,10,115830.0,10,115900.0,1,115820.0,3,115910.0,9,115810.0,9
1597988257118032896,1597988257427000064,2020-08-21 13:37:37.427000,115880.0,116920.0,114770.0,116850.0,nan,115706.900978,181767,21031696270.0,106967,115870.0,9,115860.0,1,115880.0,3,115850.0,6,115890.0,10,115840.0,9,115900.0,1,115830.0,10,115910.0,9,115820.0,3
1597988257617212928,1597988257933000192,2020-08-21 13:37:37.933000,115860.0,116920.0,114770.0,116850.0,nan,115706.90182,181768,21031812130.0,106968,115870.0,8,115860.0,1,115880.0,3,115850.0,7,115890.0,10,115840.0,9,115900.0,1,115830.0,10,115910.0,10,115820.0,3
1597988258114769920,1597988258416999936,2020-08-21 13:37:38.417000,115870.0,116920.0,114770.0,116850.0,nan,115706.905354,181772,21032275600.0,106965,115870.0,5,115850.0,7,115880.0,3,115840.0,9,115890.0,8,115830.0,10,115900.0,1,115820.0,3,115910.0,10,115810.0,9
1597988258605445120,1597988258935000064,2020-08-21 13:37:38.935000,115840.0,116920.0,114770.0,116850.0,nan,115706.911541,181780,21033202380.0,106970,115870.0,5,115840.0,2,115880.0,3,115830.0,4,115890.0,8,115820.0,4,115900.0,1,115810.0,9,115910.0,10,115800.0,6
1597988259139452928,1597988259405999872,2020-08-21 13:37:39.406000,115840.0,116920.0,114770.0,116850.0,nan,115706.911541,181780,21033202380.0,106970,115860.0,4,115850.0,12,115870.0,5,115840.0,6,115880.0,3,115830.0,4,115890.0,8,115820.0,4,115900.0,1,115810.0,9
1597988259649615872,1597988259921999872,2020-08-21 13:37:39.922000,115840.0,116920.0,114770.0,116850.0,nan,115706.911541,181780,21033202380.0,106970,115860.0,4,115850.0,4,115870.0,5,115840.0,2,115880.0,2,115830.0,4,115890.0,8,115820.0,4,115900.0,1,115810.0,9
1597988260122729984,1597988260427000064,2020-08-21 13:37:40.427000,115850.0,116920.0,114770.0,116850.0,nan,115706.913903,181783,21033549930.0,106968,115860.0,4,115850.0,1,115870.0,5,115840.0,3,115880.0,2,115830.0,4,115890.0,8,115820.0,4,115900.0,1,115810.0,9
1597988260625400064,1597988260932000000,2020-08-21 13:37:40.932000,115850.0,116920.0,114770.0,116850.0,nan,115706.91469,181784,21033665780.0,106967,115860.0,5,115850.0,1,115870.0,7,115840.0,4,115880.0,2,115830.0,4,115890.0,8,115820.0,4,115900.0,1,115810.0,9
1597988261151387904,1597988261723000064,2020-08-21 13:37:41.723000,115860.0,116920.0,114770.0,116850.0,nan,115706.915532,181785,21033781640.0,106968,115860.0,4,115850.0,6,115870.0,7,115840.0,5,115880.0,2,115830.0,4,115890.0,8,115820.0,4,115900.0,1,115810.0,9
1597988261616762112,1597988261931000064,2020-08-21 13:37:41.931000,115860.0,116920.0,114770.0,116850.0,nan,115706.9189,181789,21034245080.0,106968,115870.0,7,115860.0,2,115880.0,2,115850.0,7,115890.0,8,115840.0,4,115900.0,1,115830.0,4,115910.0,10,115820.0,4
1597988262126220032,1597988262435000064,2020-08-21 13:37:42.435000,115860.0,116920.0,114770.0,116850.0,nan,115706.9189,181789,21034245080.0,106968,115870.0,6,115860.0,4,115880.0,2,115850.0,7,115890.0,8,115840.0,5,115900.0,1,115830.0,4,115910.0,10,115820.0,5
1597988263111432960,1597988263379000064,2020-08-21 13:37:43.379000,115860.0,116920.0,114770.0,116850.0,nan,115706.9189,181789,21034245080.0,106968,115870.0,5,115860.0,6,115880.0,2,115850.0,7,115890.0,3,115840.0,5,115900.0,1,115830.0,4,115910.0,10,115820.0,7
1597988263620257024,1597988263930000128,2020-08-21 13:37:43.930000,115870.0,116920.0,114770.0,116850.0,nan,115706.919798,181790,21034360950.0,106968,115870.0,4,115860.0,6,115880.0,2,115850.0,7,115890.0,3,115840.0,5,115900.0,1,115830.0,4,115910.0,10,115820.0,7
1597988264126512896,1597988264433000192,2020-08-21 13:37:44.433000,115870.0,116920.0,114770.0,116850.0,nan,115706.924283,181795,21034940300.0,106970,115880.0,2,115870.0,7,115890.0,3,115860.0,9,115900.0,1,115850.0,7,115910.0,10,115840.0,5,115920.0,7,115830.0,4
1597988264621255936,1597988264935000064,2020-08-21 13:37:44.935000,115870.0,116920.0,114770.0,116850.0,nan,115706.928091,181799,21035403820.0,106972,115890.0,2,115870.0,8,115900.0,1,115860.0,7,115910.0,10,115850.0,7,115920.0,7,115840.0,4,115940.0,12,115830.0,4
1597988265142445056,1597988265413000192,2020-08-21 13:37:45.413000,115870.0,116920.0,114770.0,116850.0,nan,115706.928091,181799,21035403820.0,106972,115890.0,2,115870.0,10,115900.0,1,115860.0,7,115910.0,10,115850.0,7,115920.0,7,115840.0,4,115940.0,12,115830.0,5
1597988265617432064,1597988265935000064,2020-08-21 13:37:45.935000,115870.0,116920.0,114770.0,116850.0,nan,115706.929885,181801,21035635560.0,106972,115890.0,2,115870.0,9,115900.0,1,115860.0,8,115910.0,10,115850.0,7,115920.0,7,115840.0,4,115940.0,12,115830.0,5
1597988266148250112,1597988266424999936,2020-08-21 13:37:46.425000,115870.0,116920.0,114770.0,116850.0,nan,115706.93437,181806,21036214910.0,106977,115890.0,2,115870.0,4,115900.0,1,115860.0,8,115910.0,10,115850.0,7,115920.0,6,115840.0,4,115930.0,1,115830.0,5
1597988267148958976,1597988267416999936,2020-08-21 13:37:47.417000,115870.0,116920.0,114770.0,116850.0,nan,115706.93437,181806,21036214910.0,106977,115890.0,2,115880.0,2,115900.0,1,115870.0,4,115910.0,9,115860.0,5,115920.0,6,115850.0,7,115930.0,1,115840.0,4
1597988267617626880,1597988267938999808,2020-08-21 13:37:47.939000,115890.0,116920.0,114770.0,116850.0,nan,115706.938287,181810,21036678450.0,106978,115890.0,1,115880.0,1,115900.0,1,115870.0,3,115910.0,9,115860.0,5,115920.0,6,115850.0,7,115930.0,2,115840.0,4
1597988268152996096,1597988268428999936,2020-08-21 13:37:48.429000,115870.0,116920.0,114770.0,116850.0,nan,115706.94193,181814,21037141940.0,106981,115880.0,10,115860.0,5,115890.0,6,115850.0,7,115900.0,1,115840.0,4,115910.0,9,115830.0,5,115920.0,6,115820.0,8
1597988268623123968,1597988268924999936,2020-08-21 13:37:48.925000,115870.0,116920.0,114770.0,116850.0,nan,115706.94193,181814,21037141940.0,106981,115870.0,2,115860.0,4,115880.0,9,115850.0,7,115890.0,1,115840.0,4,115900.0,1,115830.0,5,115910.0,9,115820.0,8
1597988269119438080,1597988269407000064,2020-08-21 13:37:49.407000,115870.0,116920.0,114770.0,116850.0,nan,115706.94193,181814,21037141940.0,106981,115870.0,3,115860.0,4,115880.0,9,115850.0,7,115900.0,1,115840.0,4,115910.0,9,115830.0,5,115920.0,6,115820.0,8
1597988270151225088,1597988270424000000,2020-08-21 13:37:50.424000,115870.0,116920.0,114770.0,116850.0,nan,115706.94193,181814,21037141940.0,106981,115870.0,3,115860.0,4,115880.0,9,115850.0,7,115890.0,5,115840.0,4,115900.0,1,115830.0,5,115910.0,9,115820.0,8
1597988270613484032,1597988270935000064,2020-08-21 13:37:50.935000,115860.0,116920.0,114770.0,116850.0,nan,115706.945297,181818,21037605380.0,106979,115860.0,2,115850.0,7,115870.0,3,115840.0,4,115880.0,9,115830.0,6,115890.0,5,115820.0,8,115900.0,1,115810.0,9
1597988271607486976,1597988271913000192,2020-08-21 13:37:51.913000,115860.0,116920.0,114770.0,116850.0,nan,115706.946139,181819,21037721240.0,106978,115860.0,1,115850.0,6,115870.0,3,115840.0,3,115880.0,9,115830.0,6,115890.0,5,115820.0,7,115900.0,1,115810.0,9
1597988272137980928,1597988272432000000,2020-08-21 13:37:52.432000,115860.0,116920.0,114770.0,116850.0,nan,115706.946981,181820,21037837100.0,106978,115870.0,3,115850.0,6,115880.0,10,115840.0,3,115890.0,5,115830.0,6,115900.0,1,115820.0,6,115910.0,9,115810.0,9
1597988272623124992,1597988272932000000,2020-08-21 13:37:52.932000,115870.0,116920.0,114770.0,116850.0,nan,115706.947877,181821,21037952970.0,106978,115870.0,2,115860.0,1,115880.0,10,115850.0,7,115890.0,5,115840.0,3,115900.0,1,115830.0,6,115910.0,9,115820.0,6
1597988273148549120,1597988273434000128,2020-08-21 13:37:53.434000,115850.0,116920.0,114770.0,116850.0,nan,115706.950293,181824,21038300530.0,106975,115870.0,2,115850.0,5,115880.0,10,115840.0,4,115890.0,5,115830.0,6,115900.0,1,115820.0,6,115910.0,9,115810.0,9
1597988273617099008,1597988273932000000,2020-08-21 13:37:53.932000,115850.0,116920.0,114770.0,116850.0,nan,115706.950293,181824,21038300530.0,106975,115870.0,2,115850.0,7,115880.0,10,115840.0,4,115890.0,5,115830.0,6,115900.0,1,115820.0,6,115910.0,9,115810.0,9
1597988274151170048,1597988274432000000,2020-08-21 13:37:54.432000,115850.0,116920.0,114770.0,116850.0,nan,115706.951079,181825,21038416380.0,106976,115870.0,2,115850.0,7,115880.0,10,115840.0,4,115890.0,5,115830.0,6,115900.0,1,115820.0,7,115910.0,9,115810.0,9
1597988274660489984,1597988275239000064,2020-08-21 13:37:55.239000,115850.0,116920.0,114770.0,116850.0,nan,115706.951079,181825,21038416380.0,106976,115870.0,2,115850.0,7,115880.0,10,115840.0,4,115890.0,5,115830.0,5,115900.0,1,115820.0,7,115910.0,9,115810.0,9
1597988275147855104,1597988275411000064,2020-08-21 13:37:55.411000,115870.0,116920.0,114770.0,116850.0,nan,115706.952873,181827,21038648120.0,106976,115880.0,10,115850.0,7,115890.0,5,115840.0,4,115900.0,1,115830.0,5,115910.0,9,115820.0,7,115920.0,6,115810.0,9
1597988275714284032,1597988275917999872,2020-08-21 13:37:55.918000,115870.0,116920.0,114770.0,116850.0,nan,115706.952873,181827,21038648120.0,106976,115870.0,1,115860.0,4,115880.0,10,115850.0,7,115890.0,5,115840.0,4,115900.0,1,115830.0,5,115910.0,10,115820.0,7
1597988276147706880,1597988276423000064,2020-08-21 13:37:56.423000,115850.0,116920.0,114770.0,116850.0,nan,115706.965003,181842,21040385930.0,106969,115850.0,107,115840.0,4,115880.0,10,115830.0,5,115890.0,5,115820.0,8,115900.0,1,115810.0,9,115910.0,10,115800.0,10
1597988276816418048,1597988277226000128,2020-08-21 13:37:57.226000,115850.0,116920.0,114770.0,116850.0,nan,115706.999841,181887,21045599080.0,106970,115850.0,73,115830.0,5,115880.0,10,115820.0,8,115890.0,5,115810.0,9,115900.0,1,115800.0,10,115910.0,10,115780.0,5
1597988277236396032,1597988277428999936,2020-08-21 13:37:57.429000,115820.0,116920.0,114770.0,116850.0,nan,115707.009142,181901,21047220670.0,106981,115840.0,8,115810.0,10,115850.0,121,115800.0,10,115880.0,10,115790.0,1,115890.0,6,115780.0,5,115900.0,1,115760.0,8
1597988277628034048,1597988277920000000,2020-08-21 13:37:57.920000,115830.0,116920.0,114770.0,116850.0,nan,115707.022234,181925,21050000020.0,106974,115830.0,9,115790.0,1,115840.0,10,115780.0,5,115850.0,121,115760.0,7,115860.0,1,115750.0,3,115870.0,1,115740.0,1
1597988278135357952,1597988278436000000,2020-08-21 13:37:58.436000,115830.0,116920.0,114770.0,116850.0,nan,115707.022234,181925,21050000020.0,106974,115820.0,13,115810.0,1,115830.0,11,115790.0,1,115840.0,11,115780.0,4,115850.0,121,115760.0,7,115860.0,1,115750.0,3
1597988278623750912,1597988278937999872,2020-08-21 13:37:58.938000,115810.0,116920.0,114770.0,116850.0,nan,115707.026197,181932,21050810690.0,106979,115800.0,1,115790.0,1,115810.0,8,115780.0,4,115820.0,26,115760.0,7,115830.0,6,115750.0,3,115840.0,11,115740.0,2
1597988279157581056,1597988279436000000,2020-08-21 13:37:59.436000,115800.0,116920.0,114770.0,116850.0,nan,115707.051884,181984,21056832130.0,106982,115810.0,6,115760.0,6,115820.0,17,115750.0,3,115830.0,6,115740.0,2,115840.0,11,115730.0,3,115850.0,121,115720.0,2
1597988279647252992,1597988279936999936,2020-08-21 13:37:59.937000,115780.0,116920.0,114770.0,116850.0,nan,115707.062081,182003,21059032420.0,106982,115820.0,7,115790.0,3,115830.0,5,115780.0,10,115840.0,11,115770.0,39,115850.0,121,115760.0,21,115860.0,2,115750.0,3
1597988280168636928,1597988280742000128,2020-08-21 13:38:00.742000,115800.0,116920.0,114770.0,116850.0,nan,115707.07113,182019,21060885380.0,106984,115830.0,2,115800.0,16,115840.0,10,115790.0,4,115850.0,121,115780.0,5,115860.0,2,115770.0,36,115870.0,2,115760.0,19
1597988280621426944,1597988280933000192,2020-08-21 13:38:00.933000,115820.0,116920.0,114770.0,116850.0,nan,115707.07175,182020,21061001200.0,106984,115820.0,4,115810.0,3,115830.0,2,115800.0,22,115840.0,11,115790.0,3,115850.0,121,115780.0,1,115860.0,2,115770.0,15
1597988281135930880,1597988281405999872,2020-08-21 13:38:01.406000,115790.0,116920.0,114770.0,116850.0,nan,115707.08825,182052,21064706830.0,106973,115790.0,13,115770.0,15,115820.0,3,115760.0,27,115830.0,2,115750.0,3,115840.0,11,115740.0,1,115850.0,121,115730.0,2
1597988281620002048,1597988281924999936,2020-08-21 13:38:01.925000,115800.0,116920.0,114770.0,116850.0,nan,115707.095646,182068,21066559490.0,106965,115800.0,1,115790.0,22,115810.0,72,115780.0,38,115820.0,3,115770.0,12,115830.0,2,115760.0,25,115840.0,9,115750.0,3
1597988282154810880,1597988282423000064,2020-08-21 13:38:02.423000,115790.0,116920.0,114770.0,116850.0,nan,115707.101839,182081,21068064810.0,106963,115810.0,73,115790.0,22,115820.0,4,115780.0,34,115830.0,2,115770.0,12,115840.0,9,115760.0,25,115850.0,49,115750.0,3
1597988282628849920,1597988282935000064,2020-08-21 13:38:02.935000,115800.0,116920.0,114770.0,116850.0,nan,115707.112364,182104,21070727990.0,106976,115800.0,22,115780.0,10,115810.0,73,115770.0,11,115820.0,4,115760.0,24,115830.0,2,115750.0,3,115840.0,9,115740.0,1
1597988283126078976,1597988283430000128,2020-08-21 13:38:03.430000,115780.0,116920.0,114770.0,116850.0,nan,115707.120117,182122,21072812130.0,106972,115800.0,21,115780.0,4,115810.0,73,115770.0,12,115820.0,4,115760.0,24,115830.0,2,115750.0,4,115840.0,8,115740.0,1
1597988283635851008,1597988283913000192,2020-08-21 13:38:03.913000,115790.0,116920.0,114770.0,116850.0,nan,115707.121027,182124,21073043710.0,106972,115800.0,22,115790.0,5,115810.0,73,115780.0,6,115820.0,4,115770.0,8,115830.0,2,115760.0,24,115840.0,8,115750.0,4
1597988284146490112,1597988284694999808,2020-08-21 13:38:04.695000,115790.0,116920.0,114770.0,116850.0,nan,115707.131406,182145,21075475450.0,106988,115800.0,9,115780.0,10,115810.0,73,115770.0,7,115820.0,4,115760.0,24,115830.0,2,115750.0,4,115840.0,8,115740.0,1
1597988284621042944,1597988284932000000,2020-08-21 13:38:04.932000,115790.0,116920.0,114770.0,116850.0,nan,115707.13914,182162,21077443880.0,106989,115790.0,57,115780.0,9,115800.0,9,115770.0,8,115810.0,1,115760.0,24,115820.0,4,115750.0,4,115830.0,2,115740.0,1
1597988285128268032,1597988285413000192,2020-08-21 13:38:05.413000,115790.0,116920.0,114770.0,116850.0,nan,115707.143124,182171,21078485970.0,106990,115790.0,51,115780.0,8,115800.0,9,115770.0,8,115810.0,1,115760.0,24,115820.0,4,115750.0,4,115830.0,2,115740.0,1
1597988285626370048,1597988285937999872,2020-08-21 13:38:05.938000,115790.0,116920.0,114770.0,116850.0,nan,115707.145853,182177,21079180710.0,106989,115790.0,45,115780.0,8,115800.0,9,115770.0,8,115810.0,1,115760.0,16,115820.0,4,115750.0,4,115830.0,2,115740.0,1
1597988286149745920,1597988286428000000,2020-08-21 13:38:06.428000,115790.0,116920.0,114770.0,116850.0,nan,115707.161258,182211,21083117560.0,106985,115790.0,12,115780.0,7,115800.0,9,115770.0,8,115810.0,1,115760.0,16,115820.0,4,115750.0,4,115830.0,2,115740.0,1
1597988286634139904,1597988286936000000,2020-08-21 13:38:06.936000,115780.0,116920.0,114770.0,116850.0,nan,115707.167638,182226,21084854330.0,106975,115780.0,2,115770.0,8,115790.0,5,115760.0,16,115800.0,9,115750.0,4,115810.0,1,115740.0,1,115820.0,4,115730.0,2
1597988287131700992,1597988287435000064,2020-08-21 13:38:07.435000,115780.0,116920.0,114770.0,116850.0,nan,115707.173507,182240,21086475300.0,106974,115800.0,9,115790.0,1,115810.0,1,115780.0,5,115820.0,4,115770.0,8,115830.0,2,115760.0,16,115840.0,8,115750.0,4
1597988287624265984,1597988287937999872,2020-08-21 13:38:07.938000,115760.0,116920.0,114770.0,116850.0,nan,115707.178553,182254,21088096120.0,106977,115790.0,1,115770.0,1,115800.0,9,115760.0,11,115810.0,1,115750.0,4,115820.0,4,115740.0,1,115830.0,2,115730.0,2
1597988288152558080,1597988288436999936,2020-08-21 13:38:08.437000,115790.0,116920.0,114770.0,116850.0,nan,115707.186074,182272,21090180220.0,106978,115800.0,9,115780.0,2,115810.0,1,115770.0,7,115820.0,4,115760.0,11,115830.0,2,115750.0,5,115840.0,8,115740.0,1
1597988288619316992,1597988288913000192,2020-08-21 13:38:08.913000,115790.0,116920.0,114770.0,116850.0,nan,115707.186528,182273,21090296010.0,106979,115790.0,6,115780.0,2,115800.0,10,115760.0,9,115810.0,1,115750.0,6,115820.0,4,115740.0,1,115830.0,2,115730.0,3
1597988289133849088,1597988289432000000,2020-08-21 13:38:09.432000,115790.0,116920.0,114770.0,116850.0,nan,115707.186528,182273,21090296010.0,106979,115790.0,3,115780.0,2,115800.0,10,115770.0,2,115810.0,1,115760.0,10,115820.0,4,115750.0,6,115830.0,2,115740.0,1
1597988289637221120,1597988289911000064,2020-08-21 13:38:09.911000,115790.0,116920.0,114770.0,116850.0,nan,115707.189309,182279,21090990760.0,106981,115800.0,9,115780.0,7,115810.0,2,115770.0,1,115820.0,4,115760.0,10,115830.0,2,115750.0,7,115840.0,8,115740.0,1
1597988290120936960,1597988290417999872,2020-08-21 13:38:10.418000,115800.0,116920.0,114770.0,116850.0,nan,115707.189818,182280,21091106560.0,106981,115800.0,9,115790.0,12,115810.0,2,115780.0,6,115820.0,4,115770.0,2,115830.0,2,115760.0,10,115840.0,8,115750.0,7
1597988290617132032,1597988290931000064,2020-08-21 13:38:10.931000,115790.0,116920.0,114770.0,116850.0,nan,115707.195363,182291,21092380350.0,106986,115810.0,2,115790.0,11,115820.0,4,115780.0,7,115830.0,2,115770.0,1,115840.0,8,115760.0,10,115850.0,51,115750.0,7
1597988291124460032,1597988291432000000,2020-08-21 13:38:11.432000,115790.0,116920.0,114770.0,116850.0,nan,115707.195363,182291,21092380350.0,106986,115810.0,2,115800.0,2,115820.0,4,115790.0,13,115830.0,2,115780.0,2,115840.0,8,115770.0,1,115850.0,51,115760.0,10
1597988291626872064,1597988291936000000,2020-08-21 13:38:11.936000,115810.0,116920.0,114770.0,116850.0,nan,115707.198199,182297,21093075110.0,106985,115810.0,1,115790.0,9,115820.0,4,115780.0,3,115830.0,2,115770.0,1,115840.0,8,115760.0,10,115850.0,51,115750.0,6
1597988292159886080,1597988292436999936,2020-08-21 13:38:12.437000,115810.0,116920.0,114770.0,116850.0,nan,115707.198199,182297,21093075110.0,106985,115810.0,3,115800.0,1,115820.0,4,115790.0,9,115830.0,2,115780.0,3,115840.0,8,115770.0,4,115850.0,51,115760.0,10
1597988292627442944,1597988292936000000,2020-08-21 13:38:12.936000,115810.0,116920.0,114770.0,116850.0,nan,115707.19989,182300,21093422540.0,106987,115820.0,4,115800.0,2,115830.0,2,115790.0,10,115840.0,8,115780.0,2,115850.0,51,115770.0,4,115860.0,2,115760.0,10
1597988293127911936,1597988293428000000,2020-08-21 13:38:13.428000,115810.0,116920.0,114770.0,116850.0,nan,115707.19989,182300,21093422540.0,106987,115810.0,2,115800.0,2,115820.0,4,115790.0,10,115830.0,2,115780.0,5,115840.0,8,115770.0,4,115850.0,51,115760.0,10
1597988293605495040,1597988293931000064,2020-08-21 13:38:13.931000,115810.0,116920.0,114770.0,116850.0,nan,115707.201582,182303,21093769970.0,106985,115820.0,6,115800.0,4,115830.0,2,115790.0,10,115840.0,8,115780.0,8,115850.0,51,115770.0,4,115860.0,2,115760.0,10
1597988294147379968,1597988294430000128,2020-08-21 13:38:14.430000,115800.0,116920.0,114770.0,116850.0,nan,115707.2026,182305,21094001570.0,106985,115820.0,6,115800.0,2,115830.0,2,115790.0,10,115840.0,8,115780.0,23,115850.0,51,115770.0,4,115860.0,2,115760.0,10
1597988294613842944,1597988294933000192,2020-08-21 13:38:14.933000,115800.0,116920.0,114770.0,116850.0,nan,115707.203109,182306,21094117370.0,106985,115820.0,6,115810.0,1,115830.0,2,115800.0,7,115840.0,8,115790.0,9,115850.0,51,115780.0,23,115860.0,2,115770.0,5
1597988295177423872,1597988295438999808,2020-08-21 13:38:15.439000,115800.0,116920.0,114770.0,116850.0,nan,115707.204127,182308,21094348970.0,106986,115820.0,8,115800.0,5,115830.0,2,115790.0,11,115840.0,8,115780.0,23,115850.0,51,115770.0,5,115860.0,2,115760.0,10
1597988295622808064,1597988295937999872,2020-08-21 13:38:15.938000,115800.0,116920.0,114770.0,116850.0,nan,115707.21018,182320,21095738560.0,106984,115800.0,32,115790.0,10,115810.0,1,115780.0,23,115820.0,8,115770.0,5,115830.0,2,115760.0,10,115840.0,8,115750.0,6
1597988296131482112,1597988296431000064,2020-08-21 13:38:16.431000,115800.0,116920.0,114770.0,116850.0,nan,115707.21934,182338,21097822960.0,106979,115800.0,14,115790.0,14,115810.0,1,115780.0,23,115820.0,10,115770.0,5,115830.0,2,115760.0,10,115840.0,8,115750.0,5
1597988296656786944,1597988296903000064,2020-08-21 13:38:16.903000,115800.0,116920.0,114770.0,116850.0,nan,115707.220866,182341,21098170360.0,106977,115800.0,17,115790.0,10,115810.0,1,115780.0,24,115820.0,10,115770.0,5,115830.0,2,115760.0,10,115840.0,8,115750.0,5
1597988297161993984,1597988297424999936,2020-08-21 13:38:17.425000,115800.0,116920.0,114770.0,116850.0,nan,115707.222847,182345,21098633550.0,106974,115800.0,14,115790.0,9,115810.0,1,115780.0,23,115820.0,10,115770.0,6,115830.0,2,115760.0,10,115840.0,8,115750.0,5
1597988297629009920,1597988297937999872,2020-08-21 13:38:17.938000,115800.0,116920.0,114770.0,116850.0,nan,115707.224373,182348,21098980950.0,106974,115800.0,11,115790.0,10,115810.0,1,115780.0,23,115820.0,10,115770.0,6,115830.0,2,115760.0,10,115840.0,8,115750.0,5
1597988298140208128,1597988298433000192,2020-08-21 13:38:18.433000,115800.0,116920.0,114770.0,116850.0,nan,115707.225391,182350,21099212550.0,106972,115800.0,9,115790.0,10,115810.0,1,115780.0,24,115820.0,10,115770.0,5,115830.0,3,115760.0,10,115840.0,8,115750.0,5
1597988298628957952,1597988298876000000,2020-08-21 13:38:18.876000,115800.0,116920.0,114770.0,116850.0,nan,115707.230478,182360,21100370550.0,106963,115810.0,1,115790.0,16,115820.0,10,115780.0,23,115830.0,3,115770.0,5,115840.0,8,115760.0,10,115850.0,52,115750.0,5
1597988299137210880,1597988299417999872,2020-08-21 13:38:19.418000,115800.0,116920.0,114770.0,116850.0,nan,115707.237709,182374,21101991770.0,106953,115820.0,10,115800.0,1,115830.0,3,115790.0,11,115840.0,8,115780.0,24,115850.0,53,115770.0,5,115860.0,3,115760.0,10
1597988299628698112,1597988299933000192,2020-08-21 13:38:19.933000,115800.0,116920.0,114770.0,116850.0,nan,115707.237709,182374,21101991770.0,106953,115820.0,10,115810.0,3,115830.0,3,115800.0,2,115840.0,8,115790.0,11,115850.0,53,115780.0,24,115860.0,3,115770.0,6
1597988300162841088,1597988300418999808,2020-08-21 13:38:20.419000,115820.0,116920.0,114770.0,116850.0,nan,115707.241982,182381,21102802500.0,106956,115820.0,4,115810.0,2,115830.0,3,115800.0,2,115840.0,8,115790.0,52,115850.0,53,115780.0,33,115860.0,3,115770.0,6
1597988300623729920,1597988300936999936,2020-08-21 13:38:20.937000,115790.0,116920.0,114770.0,116850.0,nan,115707.251386,182401,21105118360.0,106944,115820.0,4,115810.0,1,115830.0,3,115790.0,38,115840.0,8,115780.0,33,115850.0,53,115770.0,6,115860.0,3,115760.0,10
1597988301703100928,1597988301433000192,2020-08-21 13:38:21.433000,115810.0,116920.0,114770.0,116850.0,nan,115707.251949,182402,21105234170.0,106944,115820.0,5,115790.0,38,115830.0,3,115780.0,33,115840.0,8,115770.0,6,115850.0,53,115760.0,10,115860.0,3,115750.0,5
1597988302032768000,1597988301933000192,2020-08-21 13:38:21.933000,115810.0,116920.0,114770.0,116850.0,nan,115707.251949,182402,21105234170.0,106944,115820.0,5,115800.0,6,115830.0,3,115790.0,38,115840.0,8,115780.0,34,115850.0,53,115770.0,6,115860.0,2,115760.0,10
1597988302148596992,1597988302412000000,2020-08-21 13:38:22.412000,115810.0,116920.0,114770.0,116850.0,nan,115707.251949,182402,21105234170.0,106944,115820.0,6,115800.0,6,115830.0,3,115790.0,38,115840.0,8,115780.0,34,115850.0,53,115770.0,6,115860.0,2,115760.0,10
1597988302638851072,1597988302926000128,2020-08-21 13:38:22.926000,115810.0,116920.0,114770.0,116850.0,nan,115707.251949,182402,21105234170.0,106944,115810.0,1,115800.0,6,115820.0,6,115790.0,38,115830.0,3,115780.0,34,115840.0,8,115770.0,6,115850.0,53,115760.0,10
1597988303125189120,1597988303428000000,2020-08-21 13:38:23.428000,115820.0,116920.0,114770.0,116850.0,nan,115707.25313,182404,21105465800.0,106944,115820.0,5,115800.0,6,115830.0,3,115790.0,38,115840.0,8,115780.0,35,115850.0,53,115770.0,6,115860.0,2,115760.0,10
1597988303625138944,1597988303917999872,2020-08-21 13:38:23.918000,115820.0,116920.0,114770.0,116850.0,nan,115707.253749,182405,21105581620.0,106944,115820.0,4,115800.0,7,115830.0,3,115790.0,38,115840.0,8,115780.0,35,115850.0,53,115770.0,6,115860.0,2,115760.0,10
1597988304168677120,1597988304435000064,2020-08-21 13:38:24.435000,115820.0,116920.0,114770.0,116850.0,nan,115707.253749,182405,21105581620.0,106944,115820.0,5,115800.0,7,115830.0,3,115790.0,38,115840.0,8,115780.0,35,115850.0,53,115770.0,6,115860.0,2,115760.0,10
1597988305117881088,1597988305433000192,2020-08-21 13:38:25.433000,115820.0,116920.0,114770.0,116850.0,nan,115707.254367,182406,21105697440.0,106944,115820.0,4,115800.0,7,115830.0,3,115790.0,38,115840.0,8,115780.0,35,115850.0,52,115770.0,6,115860.0,2,115760.0,10
1597988305637722880,1597988305936999936,2020-08-21 13:38:25.937000,115820.0,116920.0,114770.0,116850.0,nan,115707.25651,182410,21106160660.0,106942,115820.0,3,115800.0,8,115830.0,3,115790.0,38,115840.0,8,115780.0,35,115850.0,52,115770.0,6,115860.0,2,115760.0,10
1597988306152470016,1597988306417999872,2020-08-21 13:38:26.418000,115800.0,116920.0,114770.0,116850.0,nan,115707.257018,182411,21106276460.0,106941,115820.0,3,115800.0,7,115830.0,3,115790.0,38,115840.0,8,115780.0,35,115850.0,52,115770.0,6,115860.0,2,115760.0,10
1597988306619503104,1597988306932000000,2020-08-21 13:38:26.932000,115800.0,116920.0,114770.0,116850.0,nan,115707.257018,182411,21106276460.0,106941,115820.0,3,115800.0,7,115830.0,3,115790.0,39,115840.0,8,115780.0,37,115850.0,52,115770.0,6,115860.0,2,115760.0,10
1597988307117513984,1597988307413000192,2020-08-21 13:38:27.413000,115800.0,116920.0,114770.0,116850.0,nan,115707.257018,182411,21106276460.0,106941,115820.0,3,115810.0,1,115830.0,3,115800.0,3,115840.0,8,115790.0,39,115850.0,52,115780.0,37,115860.0,2,115770.0,6
1597988307626896896,1597988307923000064,2020-08-21 13:38:27.923000,115820.0,116920.0,114770.0,116850.0,nan,115707.257637,182412,21106392280.0,106941,115820.0,2,115810.0,1,115830.0,3,115800.0,3,115840.0,8,115790.0,39,115850.0,52,115780.0,37,115860.0,2,115770.0,6
1597988308127271936,1597988308432000000,2020-08-21 13:38:28.432000,115820.0,116920.0,114770.0,116850.0,nan,115707.257637,182412,21106392280.0,106941,115820.0,2,115810.0,1,115830.0,3,115800.0,5,115840.0,8,115790.0,39,115850.0,52,115780.0,37,115860.0,2,115770.0,6
1597988308637481984,1597988308936999936,2020-08-21 13:38:28.937000,115820.0,116920.0,114770.0,116850.0,nan,115707.258255,182413,21106508100.0,106940,115820.0,1,115810.0,1,115830.0,3,115800.0,5,115840.0,8,115790.0,39,115850.0,52,115780.0,37,115860.0,2,115770.0,6
1597988309713947904,1597988309937999872,2020-08-21 13:38:29.938000,115810.0,116920.0,114770.0,116850.0,nan,115707.258818,182414,21106623910.0,106940,115810.0,1,115800.0,5,115820.0,3,115790.0,39,115830.0,3,115780.0,37,115840.0,8,115770.0,5,115850.0,52,115760.0,10
1597988310215451904,1597988310433000192,2020-08-21 13:38:30.433000,115800.0,116920.0,114770.0,116850.0,nan,115707.263613,182423,21107666150.0,106940,115820.0,2,115800.0,4,115830.0,3,115790.0,39,115840.0,8,115780.0,37,115850.0,53,115770.0,5,115860.0,2,115760.0,10
1597988310624805888,1597988310916000000,2020-08-21 13:38:30.916000,115820.0,116920.0,114770.0,116850.0,nan,115707.264231,182424,21107781970.0,106940,115820.0,1,115800.0,9,115830.0,3,115790.0,39,115840.0,8,115780.0,37,115850.0,53,115770.0,5,115860.0,2,115760.0,10
1597988311117018112,1597988311407000064,2020-08-21 13:38:31.407000,115820.0,116920.0,114770.0,116850.0,nan,115707.264231,182424,21107781970.0,106940,115820.0,1,115800.0,10,115830.0,3,115790.0,40,115840.0,8,115780.0,37,115850.0,53,115770.0,5,115860.0,2,115760.0,10
1597988312150401024,1597988312436999936,2020-08-21 13:38:32.437000,115820.0,116920.0,114770.0,116850.0,nan,115707.264231,182424,21107781970.0,106940,115820.0,1,115800.0,11,115830.0,3,115790.0,40,115840.0,8,115780.0,37,115850.0,53,115770.0,5,115860.0,2,115760.0,10
1597988312632156928,1597988312916999936,2020-08-21 13:38:32.917000,115820.0,116920.0,114770.0,116850.0,nan,115707.265975,182427,21108129410.0,106940,115830.0,3,115820.0,1,115840.0,8,115800.0,10,115850.0,53,115790.0,40,115860.0,2,115780.0,37,115870.0,2,115770.0,5
1597988313130499072,1597988313424000000,2020-08-21 13:38:33.424000,115800.0,116920.0,114770.0,116850.0,nan,115707.271895,182438,21109403270.0,106933,115820.0,1,115790.0,40,115830.0,3,115780.0,37,115840.0,8,115770.0,6,115850.0,53,115760.0,10,115860.0,2,115750.0,5
1597988313623021056,1597988313927000064,2020-08-21 13:38:33.927000,115800.0,116920.0,114770.0,116850.0,nan,115707.272403,182439,21109519070.0,106934,115810.0,2,115800.0,7,115820.0,1,115790.0,57,115830.0,3,115780.0,37,115840.0,8,115770.0,5,115850.0,53,115760.0,10
1597988314140707072,1597988314420999936,2020-08-21 13:38:34.421000,115810.0,116920.0,114770.0,116850.0,nan,115707.272966,182440,21109634880.0,106934,115820.0,1,115810.0,2,115830.0,3,115800.0,7,115840.0,8,115790.0,58,115850.0,53,115780.0,37,115860.0,2,115770.0,5
1597988314626572032,1597988314897000192,2020-08-21 13:38:34.897000,115810.0,116920.0,114770.0,116850.0,nan,115707.272966,182440,21109634880.0,106934,115820.0,1,115810.0,2,115830.0,3,115800.0,8,115840.0,8,115790.0,58,115850.0,63,115780.0,37,115860.0,2,115770.0,5
1597988315164494080,1597988315403000064,2020-08-21 13:38:35.403000,115810.0,116920.0,114770.0,116850.0,nan,115707.274093,182442,21109866500.0,106935,115820.0,1,115800.0,9,115830.0,3,115790.0,57,115840.0,8,115780.0,37,115850.0,63,115770.0,5,115860.0,2,115760.0,10
1597988315711192064,1597988315878000128,2020-08-21 13:38:35.878000,115810.0,116920.0,114770.0,116850.0,nan,115707.274093,182442,21109866500.0,106935,115820.0,1,115800.0,16,115830.0,3,115790.0,57,115840.0,8,115780.0,34,115850.0,63,115770.0,5,115860.0,2,115760.0,10
1597988316146296064,1597988316420000000,2020-08-21 13:38:36.420000,115820.0,116920.0,114770.0,116850.0,nan,115707.27471,182443,21109982320.0,106936,115830.0,3,115800.0,16,115840.0,8,115790.0,57,115850.0,63,115780.0,34,115860.0,2,115770.0,5,115870.0,2,115760.0,10
1597988316623719936,1597988316920999936,2020-08-21 13:38:36.921000,115820.0,116920.0,114770.0,116850.0,nan,115707.27471,182443,21109982320.0,106936,115830.0,3,115820.0,1,115840.0,8,115800.0,16,115850.0,63,115790.0,57,115860.0,2,115780.0,34,115870.0,2,115770.0,5
1597988317147689984,1597988317431000064,2020-08-21 13:38:37.431000,115820.0,116920.0,114770.0,116850.0,nan,115707.275328,182444,21110098140.0,106937,115820.0,5,115800.0,16,115830.0,3,115790.0,57,115840.0,8,115780.0,34,115850.0,63,115770.0,5,115860.0,2,115760.0,10
1597988317645783040,1597988317900999936,2020-08-21 13:38:37.901000,115800.0,116920.0,114770.0,116850.0,nan,115707.275837,182445,21110213940.0,106938,115820.0,5,115800.0,16,115830.0,3,115790.0,58,115840.0,8,115780.0,34,115850.0,63,115770.0,5,115860.0,2,115760.0,10
1597988318187680000,1597988318716000000,2020-08-21 13:38:38.716000,115800.0,116920.0,114770.0,116850.0,nan,115707.275837,182445,21110213940.0,106938,115820.0,5,115810.0,1,115830.0,3,115800.0,19,115840.0,8,115790.0,58,115850.0,63,115780.0,34,115860.0,2,115770.0,5
1597988318616615936,1597988318931000064,2020-08-21 13:38:38.931000,115810.0,116920.0,114770.0,116850.0,nan,115707.27758,182448,21110561380.0,106937,115810.0,5,115800.0,20,115820.0,4,115790.0,52,115830.0,3,115780.0,34,115840.0,7,115770.0,5,115850.0,63,115760.0,10
1597988319140841984,1597988319404000000,2020-08-21 13:38:39.404000,115810.0,116920.0,114770.0,116850.0,nan,115707.284391,182460,21111951110.0,106940,115820.0,3,115810.0,3,115830.0,3,115800.0,25,115840.0,8,115790.0,52,115850.0,63,115780.0,34,115860.0,2,115770.0,5
1597988319629620992,1597988319927000064,2020-08-21 13:38:39.927000,115820.0,116920.0,114770.0,116850.0,nan,115707.285009,182461,21112066930.0,106940,115820.0,2,115810.0,1,115830.0,3,115800.0,20,115840.0,8,115790.0,52,115850.0,63,115780.0,34,115860.0,2,115770.0,5
1597988320141391872,1597988320428999936,2020-08-21 13:38:40.429000,115820.0,116920.0,114770.0,116850.0,nan,115707.285009,182461,21112066930.0,106940,115820.0,2,115810.0,1,115830.0,3,115800.0,19,115840.0,8,115790.0,53,115850.0,63,115780.0,34,115860.0,2,115770.0,5
1597988320613317120,1597988320934000128,2020-08-21 13:38:40.934000,115810.0,116920.0,114770.0,116850.0,nan,115707.285572,182462,21112182740.0,106940,115820.0,2,115800.0,19,115830.0,3,115790.0,53,115840.0,8,115780.0,34,115850.0,63,115770.0,5,115860.0,2,115760.0,10
1597988321625861120,1597988321938999808,2020-08-21 13:38:41.939000,115810.0,116920.0,114770.0,116850.0,nan,115707.285572,182462,21112182740.0,106940,115810.0,1,115800.0,21,115820.0,2,115790.0,52,115830.0,3,115780.0,34,115840.0,8,115770.0,5,115850.0,63,115760.0,10
1597988322167083008,1597988322426000128,2020-08-21 13:38:42.426000,115810.0,116920.0,114770.0,116850.0,nan,115707.286135,182463,21112298550.0,106940,115820.0,2,115800.0,21,115830.0,3,115790.0,52,115840.0,8,115780.0,34,115850.0,63,115770.0,5,115860.0,2,115760.0,10
1597988322610753024,1597988322928999936,2020-08-21 13:38:42.929000,115810.0,116920.0,114770.0,116850.0,nan,115707.286135,182463,21112298550.0,106940,115820.0,2,115810.0,7,115830.0,3,115800.0,21,115840.0,8,115790.0,52,115850.0,63,115780.0,34,115860.0,2,115770.0,5
1597988323140581120,1597988323428999936,2020-08-21 13:38:43.429000,115810.0,116920.0,114770.0,116850.0,nan,115707.287933,182466,21112646000.0,106940,115830.0,3,115810.0,6,115840.0,8,115800.0,21,115850.0,63,115790.0,52,115860.0,2,115780.0,34,115870.0,2,115770.0,5
1597988324629675008,1597988324895000064,2020-08-21 13:38:44.895000,115810.0,116920.0,114770.0,116850.0,nan,115707.287933,182466,21112646000.0,106940,115830.0,3,115810.0,6,115840.0,8,115800.0,31,115850.0,63,115790.0,51,115860.0,2,115780.0,34,115870.0,2,115770.0,5
1597988325145135104,1597988325424000000,2020-08-21 13:38:45.424000,115810.0,116920.0,114770.0,116850.0,nan,115707.287933,182466,21112646000.0,106940,115820.0,4,115810.0,6,115830.0,3,115800.0,31,115840.0,8,115790.0,51,115850.0,63,115780.0,34,115860.0,2,115770.0,5
1597988325684416000,1597988326224000000,2020-08-21 13:38:46.224000,115830.0,116920.0,114770.0,116850.0,nan,115707.289169,182468,21112877640.0,106940,115830.0,2,115810.0,5,115840.0,7,115800.0,31,115850.0,63,115790.0,51,115860.0,2,115780.0,34,115870.0,2,115770.0,5
1597988326156264960,1597988326413000192,2020-08-21 13:38:46.413000,115830.0,116920.0,114770.0,116850.0,nan,115707.289169,182468,21112877640.0,106940,115830.0,2,115810.0,5,115840.0,8,115800.0,31,115850.0,63,115790.0,51,115860.0,2,115780.0,34,115870.0,2,115770.0,5
1597988326743831040,1597988326921999872,2020-08-21 13:38:46.922000,115810.0,116920.0,114770.0,116850.0,nan,115707.289731,182469,21112993450.0,106940,115830.0,2,115810.0,4,115840.0,8,115800.0,31,115850.0,63,115790.0,51,115860.0,2,115780.0,34,115870.0,2,115770.0,5
1597988327335496960,1597988327434000128,2020-08-21 13:38:47.434000,115810.0,116920.0,114770.0,116850.0,nan,115707.289731,182469,21112993450.0,106940,115830.0,2,115820.0,1,115840.0,8,115810.0,5,115850.0,63,115800.0,32,115860.0,2,115790.0,51,115870.0,2,115780.0,34
1597988328686969088,1597988328881999872,2020-08-21 13:38:48.882000,115810.0,116920.0,114770.0,116850.0,nan,115707.289731,182469,21112993450.0,106940,115830.0,2,115820.0,1,115840.0,7,115810.0,6,115850.0,63,115800.0,31,115860.0,2,115790.0,51,115870.0,2,115780.0,34
1597988329172313088,1597988329400000000,2020-08-21 13:38:49.400000,115830.0,116920.0,114770.0,116850.0,nan,115707.291076,182471,21113225110.0,106941,115840.0,7,115830.0,2,115850.0,63,115820.0,1,115860.0,2,115810.0,6,115870.0,2,115800.0,31,115880.0,10,115790.0,51
1597988329643700992,1597988329930000128,2020-08-21 13:38:49.930000,115830.0,116920.0,114770.0,116850.0,nan,115707.292421,182473,21113456770.0,106940,115840.0,7,115820.0,1,115850.0,63,115810.0,7,115860.0,2,115800.0,25,115870.0,2,115790.0,51,115880.0,20,115780.0,34
1597988330654998016,1597988330931000064,2020-08-21 13:38:50.931000,115820.0,116920.0,114770.0,116850.0,nan,115707.293039,182474,21113572590.0,106941,115840.0,7,115810.0,7,115850.0,63,115800.0,26,115860.0,2,115790.0,51,115870.0,2,115780.0,34,115880.0,20,115770.0,5
1597988331136964096,1597988331408000000,2020-08-21 13:38:51.408000,115820.0,116920.0,114770.0,116850.0,nan,115707.293039,182474,21113572590.0,106941,115830.0,1,115820.0,5,115840.0,7,115810.0,7,115850.0,63,115800.0,22,115860.0,2,115790.0,51,115870.0,2,115780.0,34
1597988331650073088,1597988331923000064,2020-08-21 13:38:51.923000,115820.0,116920.0,114770.0,116850.0,nan,115707.293657,182475,21113688410.0,106942,115830.0,1,115820.0,4,115840.0,7,115810.0,7,115850.0,63,115800.0,22,115860.0,2,115790.0,51,115870.0,2,115780.0,34
1597988332700698880,1597988332932000000,2020-08-21 13:38:52.932000,115820.0,116920.0,114770.0,116850.0,nan,115707.293657,182475,21113688410.0,106942,115830.0,1,115820.0,4,115840.0,7,115810.0,7,115850.0,16,115800.0,22,115860.0,2,115790.0,51,115870.0,2,115780.0,33
1597988333164194048,1597988333436000000,2020-08-21 13:38:53.436000,115830.0,116920.0,114770.0,116850.0,nan,115707.294329,182476,21113804240.0,106942,115840.0,7,115820.0,5,115850.0,16,115810.0,7,115860.0,3,115800.0,22,115870.0,2,115790.0,51,115880.0,20,115780.0,33
1597988333677534976,1597988333913000192,2020-08-21 13:38:53.913000,115820.0,116920.0,114770.0,116850.0,nan,115707.295619,182478,21114035890.0,106943,115840.0,7,115820.0,9,115850.0,16,115810.0,7,115860.0,3,115800.0,22,115870.0,2,115790.0,51,115880.0,20,115780.0,33
1597988334143954944,1597988334436000000,2020-08-21 13:38:54.436000,115820.0,116920.0,114770.0,116850.0,nan,115707.296237,182479,21114151710.0,106944,115840.0,7,115820.0,7,115850.0,16,115810.0,6,115860.0,3,115800.0,23,115870.0,2,115790.0,51,115880.0,20,115780.0,33
1597988334633976064,1597988334927000064,2020-08-21 13:38:54.927000,115820.0,116920.0,114770.0,116850.0,nan,115707.296237,182479,21114151710.0,106944,115840.0,7,115820.0,8,115850.0,16,115810.0,7,115860.0,3,115800.0,22,115870.0,2,115790.0,51,115880.0,20,115780.0,33
1597988335145882880,1597988335376000000,2020-08-21 13:38:55.376000,115840.0,116920.0,114770.0,116850.0,nan,115707.299654,182484,21114730870.0,106943,115840.0,4,115820.0,6,115850.0,16,115810.0,7,115860.0,3,115800.0,22,115870.0,2,115790.0,51,115880.0,20,115780.0,33
1597988335681293056,1597988335924999936,2020-08-21 13:38:55.925000,115820.0,116920.0,114770.0,116850.0,nan,115707.303359,182490,21115425790.0,106939,115840.0,4,115810.0,7,115850.0,16,115800.0,22,115860.0,3,115790.0,51,115870.0,2,115780.0,33,115880.0,20,115770.0,5
1597988336198333952,1597988336403000064,2020-08-21 13:38:56.403000,115820.0,116920.0,114770.0,116850.0,nan,115707.303359,182490,21115425790.0,106939,115840.0,4,115820.0,6,115850.0,16,115810.0,7,115860.0,2,115800.0,25,115870.0,1,115790.0,51,115880.0,19,115780.0,33
1597988336617262080,1597988336936999936,2020-08-21 13:38:56.937000,115820.0,116920.0,114770.0,116850.0,nan,115707.303359,182490,21115425790.0,106939,115840.0,4,115830.0,2,115850.0,6,115820.0,6,115860.0,2,115810.0,7,115870.0,1,115800.0,25,115880.0,19,115790.0,51
1597988337173569024,1597988337416999936,2020-08-21 13:38:57.417000,115830.0,116920.0,114770.0,116850.0,nan,115707.304031,182491,21115541620.0,106940,115840.0,4,115830.0,1,115850.0,6,115820.0,6,115860.0,2,115810.0,7,115870.0,1,115800.0,25,115880.0,19,115790.0,51
1597988337654627072,1597988338216999936,2020-08-21 13:38:58.217000,115840.0,116920.0,114770.0,116850.0,nan,115707.304759,182492,21115657460.0,106940,115840.0,3,115830.0,3,115850.0,6,115820.0,6,115860.0,2,115810.0,7,115870.0,1,115800.0,25,115880.0,19,115790.0,51
1597988338141605888,1597988338428000000,2020-08-21 13:38:58.428000,115830.0,116920.0,114770.0,116850.0,nan,115707.305431,182493,21115773290.0,106941,115850.0,6,115830.0,3,115860.0,2,115820.0,7,115870.0,1,115810.0,6,115880.0,19,115800.0,25,115890.0,6,115790.0,51
1597988338626174976,1597988338928999936,2020-08-21 13:38:58.929000,115830.0,116920.0,114770.0,116850.0,nan,115707.305431,182493,21115773290.0,106941,115850.0,6,115840.0,2,115860.0,2,115830.0,2,115870.0,1,115820.0,7,115880.0,18,115810.0,7,115890.0,6,115800.0,25
1597988339297584896,1597988339424000000,2020-08-21 13:38:59.424000,115830.0,116920.0,114770.0,116850.0,nan,115707.307557,182496,21116120800.0,106944,115850.0,6,115830.0,1,115860.0,2,115820.0,7,115870.0,1,115810.0,7,115880.0,18,115800.0,25,115890.0,6,115790.0,51
1597988339632883968,1597988339934000128,2020-08-21 13:38:59.934000,115840.0,116920.0,114770.0,116850.0,nan,115707.308285,182497,21116236640.0,106944,115850.0,6,115840.0,1,115860.0,2,115830.0,2,115870.0,1,115820.0,7,115880.0,18,115810.0,7,115890.0,6,115800.0,25
1597988340153671936,1597988340432000000,2020-08-21 13:39:00.432000,115840.0,116920.0,114770.0,116850.0,nan,115707.309012,182498,21116352480.0,106945,115850.0,6,115830.0,2,115860.0,2,115820.0,7,115870.0,11,115810.0,7,115880.0,18,115800.0,25,115890.0,6,115790.0,51
1597988340669778944,1597988340924000000,2020-08-21 13:39:00.924000,115850.0,116920.0,114770.0,116850.0,nan,115707.315047,182506,21117279240.0,106942,115860.0,2,115850.0,2,115870.0,11,115830.0,4,115880.0,18,115820.0,7,115890.0,6,115810.0,7,115900.0,5,115800.0,25
1597988341129761024,1597988341415000064,2020-08-21 13:39:01.415000,115850.0,116920.0,114770.0,116850.0,nan,115707.319738,182512,21117974340.0,106938,115860.0,2,115820.0,7,115870.0,12,115810.0,7,115880.0,18,115800.0,26,115890.0,6,115790.0,51,115900.0,5,115780.0,35
1597988341653168128,1597988341936999936,2020-08-21 13:39:01.937000,115830.0,116920.0,114770.0,116850.0,nan,115707.32041,182513,21118090170.0,106938,115850.0,5,115830.0,9,115860.0,2,115820.0,12,115870.0,12,115810.0,7,115880.0,18,115800.0,25,115890.0,5,115790.0,51
1597988342166693888,1597988342688000000,2020-08-21 13:39:02.688000,115830.0,116920.0,114770.0,116850.0,nan,115707.321082,182514,21118206000.0,106938,115850.0,1,115840.0,4,115860.0,2,115830.0,10,115870.0,12,115820.0,11,115880.0,18,115810.0,7,115890.0,5,115800.0,25
1597988342717209088,1597988342924999936,2020-08-21 13:39:02.925000,115860.0,116920.0,114770.0,116850.0,nan,115707.324319,182518,21118669420.0,106939,115870.0,12,115860.0,1,115880.0,18,115840.0,5,115890.0,5,115830.0,9,115900.0,6,115820.0,11,115910.0,4,115810.0,7
1597988343165771008,1597988343668999936,2020-08-21 13:39:03.669000,115860.0,116920.0,114770.0,116850.0,nan,115707.326828,182521,21119017000.0,106939,115850.0,3,115840.0,5,115860.0,45,115830.0,2,115870.0,12,115820.0,6,115880.0,18,115810.0,8,115890.0,5,115800.0,25
1597988343660951040,1597988343936999936,2020-08-21 13:39:03.937000,115850.0,116920.0,114770.0,116850.0,nan,115707.32761,182522,21119132850.0,106939,115850.0,9,115840.0,5,115860.0,45,115830.0,2,115870.0,13,115820.0,7,115880.0,18,115810.0,7,115890.0,5,115800.0,25
1597988344135599104,1597988344374000128,2020-08-21 13:39:04.374000,115850.0,116920.0,114770.0,116850.0,nan,115707.328391,182523,21119248700.0,106940,115850.0,6,115840.0,6,115860.0,33,115830.0,3,115870.0,3,115820.0,6,115880.0,18,115810.0,7,115890.0,5,115800.0,20
1597988344620386048,1597988344918999808,2020-08-21 13:39:04.919000,115850.0,116920.0,114770.0,116850.0,nan,115707.329173,182524,21119364550.0,106940,115850.0,5,115840.0,6,115860.0,15,115830.0,2,115870.0,4,115820.0,7,115880.0,18,115810.0,7,115890.0,5,115800.0,20
1597988345194416896,1597988345416999936,2020-08-21 13:39:05.417000,115850.0,116920.0,114770.0,116850.0,nan,115707.329173,182524,21119364550.0,106940,115850.0,6,115840.0,6,115860.0,15,115830.0,2,115870.0,4,115820.0,7,115880.0,18,115810.0,7,115890.0,5,115800.0,17
1597988345635400960,1597988345923000064,2020-08-21 13:39:05.923000,115840.0,116920.0,114770.0,116850.0,nan,115707.333534,182530,21120059590.0,106937,115840.0,4,115830.0,2,115850.0,6,115820.0,8,115860.0,15,115810.0,7,115870.0,4,115800.0,17,115880.0,18,115790.0,51
1597988346159980032,1597988346420999936,2020-08-21 13:39:06.421000,115850.0,116920.0,114770.0,116850.0,nan,115707.339568,182538,21120986350.0,106934,115850.0,2,115840.0,1,115860.0,15,115830.0,2,115870.0,4,115820.0,8,115880.0,18,115810.0,7,115890.0,6,115800.0,17
1597988346643728896,1597988346920000000,2020-08-21 13:39:06.920000,115850.0,116920.0,114770.0,116850.0,nan,115707.339568,182538,21120986350.0,106934,115850.0,2,115830.0,2,115860.0,15,115820.0,8,115870.0,4,115810.0,8,115880.0,18,115800.0,17,115890.0,6,115790.0,51
1597988347199325952,1597988347420999936,2020-08-21 13:39:07.421000,115850.0,116920.0,114770.0,116850.0,nan,115707.339568,182538,21120986350.0,106934,115850.0,2,115820.0,7,115860.0,15,115810.0,9,115870.0,4,115800.0,17,115880.0,18,115790.0,50,115890.0,6,115780.0,35
1597988347636271104,1597988347923000064,2020-08-21 13:39:07.923000,115820.0,116920.0,114770.0,116850.0,nan,115707.340185,182539,21121102170.0,106935,115840.0,2,115820.0,7,115850.0,2,115810.0,9,115860.0,14,115800.0,17,115870.0,4,115790.0,50,115880.0,18,115780.0,35
1597988348169607936,1597988348707000064,2020-08-21 13:39:08.707000,115820.0,116920.0,114770.0,116850.0,nan,115707.340185,182539,21121102170.0,106935,115840.0,2,115820.0,8,115850.0,2,115810.0,9,115860.0,14,115800.0,17,115870.0,4,115790.0,50,115880.0,19,115780.0,35
1597988348635855872,1597988348932000000,2020-08-21 13:39:08.932000,115840.0,116920.0,114770.0,116850.0,nan,115707.340912,182540,21121218010.0,106934,115840.0,2,115820.0,8,115850.0,2,115810.0,9,115860.0,14,115800.0,17,115870.0,4,115790.0,50,115880.0,19,115780.0,35
1597988349184014080,1597988349437999872,2020-08-21 13:39:09.438000,115840.0,116920.0,114770.0,116850.0,nan,115707.340912,182540,21121218010.0,106934,115830.0,2,115820.0,8,115840.0,2,115810.0,8,115850.0,2,115800.0,18,115860.0,14,115790.0,50,115870.0,5,115780.0,35
1597988349603920896,1597988349898000128,2020-08-21 13:39:09.898000,115840.0,116920.0,114770.0,116850.0,nan,115707.340912,182540,21121218010.0,106934,115830.0,2,115820.0,8,115840.0,2,115810.0,8,115850.0,3,115800.0,18,115860.0,10,115790.0,50,115870.0,6,115780.0,35
1597988350113554944,1597988350412000000,2020-08-21 13:39:10.412000,115820.0,116920.0,114770.0,116850.0,nan,115707.342146,182542,21121449650.0,106935,115830.0,2,115820.0,6,115840.0,2,115810.0,8,115850.0,3,115800.0,17,115860.0,10,115790.0,51,115870.0,6,115780.0,35
1597988350671598080,1597988350888000000,2020-08-21 13:39:10.888000,115820.0,116920.0,114770.0,116850.0,nan,115707.34338,182544,21121681290.0,106935,115830.0,2,115820.0,4,115840.0,3,115810.0,8,115850.0,3,115800.0,17,115860.0,10,115790.0,51,115870.0,6,115780.0,35
1597988351171087104,1597988351423000064,2020-08-21 13:39:11.423000,115820.0,116920.0,114770.0,116850.0,nan,115707.344615,182546,21121912930.0,106935,115830.0,2,115820.0,2,115840.0,2,115810.0,8,115850.0,3,115800.0,18,115860.0,10,115790.0,50,115870.0,6,115780.0,35
1597988351738136064,1597988351935000064,2020-08-21 13:39:11.935000,115820.0,116920.0,114770.0,116850.0,nan,115707.345232,182547,21122028750.0,106936,115830.0,2,115820.0,1,115840.0,2,115810.0,8,115850.0,3,115800.0,17,115860.0,10,115790.0,51,115870.0,6,115780.0,35
1597988352159759104,1597988352436999936,2020-08-21 13:39:12.437000,115820.0,116920.0,114770.0,116850.0,nan,115707.345232,182547,21122028750.0,106936,115830.0,2,115820.0,1,115840.0,2,115810.0,8,115850.0,3,115800.0,18,115860.0,10,115790.0,50,115870.0,6,115780.0,35
1597988352691725056,1597988352927000064,2020-08-21 13:39:12.927000,115830.0,116920.0,114770.0,116850.0,nan,115707.347247,182550,21122376240.0,106937,115840.0,2,115820.0,1,115850.0,4,115810.0,8,115860.0,10,115800.0,18,115870.0,6,115790.0,50,115880.0,19,115780.0,35
1597988353162067968,1597988353404999936,2020-08-21 13:39:13.405000,115830.0,116920.0,114770.0,116850.0,nan,115707.347247,182550,21122376240.0,106937,115840.0,2,115820.0,2,115850.0,4,115810.0,8,115860.0,10,115800.0,18,115870.0,6,115790.0,50,115880.0,19,115780.0,35
1597988353621390080,1597988353924999936,2020-08-21 13:39:13.925000,115830.0,116920.0,114770.0,116850.0,nan,115707.347247,182550,21122376240.0,106937,115840.0,2,115820.0,6,115850.0,4,115810.0,5,115860.0,11,115800.0,17,115870.0,6,115790.0,50,115880.0,19,115780.0,35
1597988354147396096,1597988354382999808,2020-08-21 13:39:14.383000,115840.0,116920.0,114770.0,116850.0,nan,115707.348701,182552,21122607920.0,106936,115850.0,4,115840.0,8,115860.0,11,115820.0,6,115870.0,6,115810.0,4,115880.0,19,115800.0,17,115890.0,5,115790.0,50
1597988354629771008,1597988354903000064,2020-08-21 13:39:14.903000,115840.0,116920.0,114770.0,116850.0,nan,115707.355967,182562,21123766320.0,106931,115840.0,24,115820.0,6,115850.0,8,115810.0,9,115860.0,11,115800.0,17,115870.0,6,115790.0,53,115880.0,19,115780.0,35
1597988355136758016,1597988355434000128,2020-08-21 13:39:15.434000,115840.0,116920.0,114770.0,116850.0,nan,115707.355967,182562,21123766320.0,106931,115830.0,2,115820.0,6,115840.0,9,115810.0,9,115850.0,5,115800.0,17,115860.0,11,115790.0,53,115870.0,6,115780.0,35
1597988355619340032,1597988355934000128,2020-08-21 13:39:15.934000,115840.0,116920.0,114770.0,116850.0,nan,115707.355967,182562,21123766320.0,106931,115830.0,2,115820.0,6,115840.0,26,115810.0,9,115850.0,5,115800.0,17,115860.0,11,115790.0,53,115870.0,6,115780.0,35
1597988356127201024,1597988356436000000,2020-08-21 13:39:16.436000,115840.0,116920.0,114770.0,116850.0,nan,115707.355967,182562,21123766320.0,106931,115830.0,2,115820.0,6,115840.0,26,115810.0,9,115850.0,5,115800.0,16,115860.0,11,115790.0,54,115870.0,6,115780.0,35
1597988356615006976,1597988356924999936,2020-08-21 13:39:16.925000,115840.0,116920.0,114770.0,116850.0,nan,115707.355967,182562,21123766320.0,106931,115830.0,2,115820.0,7,115840.0,27,115810.0,9,115850.0,5,115800.0,16,115860.0,11,115790.0,53,115870.0,6,115780.0,35
1597988357138059008,1597988357430000128,2020-08-21 13:39:17.430000,115820.0,116920.0,114770.0,116850.0,nan,115707.357201,182564,21123997960.0,106930,115830.0,2,115820.0,5,115840.0,27,115810.0,9,115850.0,6,115800.0,16,115860.0,11,115790.0,53,115870.0,6,115780.0,35
1597988357611702016,1597988357931000064,2020-08-21 13:39:17.931000,115820.0,116920.0,114770.0,116850.0,nan,115707.360903,182570,21124692880.0,106927,115830.0,2,115810.0,10,115840.0,27,115800.0,16,115850.0,6,115790.0,53,115860.0,11,115780.0,35,115870.0,6,115770.0,15
1597988358148169984,1597988358344000000,2020-08-21 13:39:18.344000,115820.0,116920.0,114770.0,116850.0,nan,115707.360903,182570,21124692880.0,106927,115820.0,15,115810.0,10,115830.0,2,115800.0,16,115840.0,27,115790.0,53,115850.0,6,115780.0,35,115860.0,11,115770.0,15
1597988358621155072,1597988358920000000,2020-08-21 13:39:18.920000,115810.0,116920.0,114770.0,116850.0,nan,115707.367086,182581,21125966790.0,106932,115820.0,15,115800.0,16,115830.0,2,115790.0,53,115840.0,27,115780.0,35,115850.0,6,115770.0,15,115860.0,11,115760.0,8
1597988359127151104,1597988359424999936,2020-08-21 13:39:19.425000,115800.0,116920.0,114770.0,116850.0,nan,115707.385878,182612,21129557150.0,106911,115830.0,2,115800.0,16,115840.0,26,115790.0,53,115850.0,7,115780.0,34,115860.0,11,115770.0,11,115870.0,6,115760.0,11
1597988359623694080,1597988359923000064,2020-08-21 13:39:19.923000,115810.0,116920.0,114770.0,116850.0,nan,115707.387564,182615,21129904580.0,106911,115820.0,8,115810.0,1,115830.0,4,115800.0,16,115840.0,26,115790.0,53,115850.0,7,115780.0,34,115860.0,11,115770.0,11
1597988360147527936,1597988360408999936,2020-08-21 13:39:20.409000,115810.0,116920.0,114770.0,116850.0,nan,115707.388126,182616,21130020390.0,106912,115820.0,2,115800.0,16,115830.0,4,115790.0,53,115840.0,26,115780.0,34,115850.0,7,115770.0,11,115860.0,11,115760.0,11
1597988360620815104,1597988360845999872,2020-08-21 13:39:20.846000,115810.0,116920.0,114770.0,116850.0,nan,115707.388126,182616,21130020390.0,106912,115810.0,19,115800.0,16,115820.0,2,115790.0,53,115830.0,4,115780.0,34,115840.0,26,115770.0,11,115850.0,7,115760.0,11
1597988361134086912,1597988361430000128,2020-08-21 13:39:21.430000,115810.0,116920.0,114770.0,116850.0,nan,115707.388126,182616,21130020390.0,106912,115820.0,7,115810.0,1,115830.0,4,115800.0,15,115840.0,26,115790.0,53,115850.0,7,115780.0,34,115860.0,11,115770.0,11
1597988361617714944,1597988361904000000,2020-08-21 13:39:21.904000,115810.0,116920.0,114770.0,116850.0,nan,115707.388688,182617,21130136200.0,106911,115810.0,14,115800.0,15,115820.0,11,115790.0,53,115830.0,4,115780.0,34,115840.0,26,115770.0,11,115850.0,7,115760.0,11
1597988362136432128,1597988362424999936,2020-08-21 13:39:22.425000,115810.0,116920.0,114770.0,116850.0,nan,115707.388688,182617,21130136200.0,106911,115810.0,15,115800.0,16,115820.0,11,115790.0,53,115830.0,4,115780.0,34,115840.0,26,115770.0,11,115850.0,7,115760.0,11
1597988362624226048,1597988362903000064,2020-08-21 13:39:22.903000,115810.0,116920.0,114770.0,116850.0,nan,115707.38925,182618,21130252010.0,106911,115810.0,17,115800.0,16,115820.0,11,115790.0,53,115830.0,4,115780.0,34,115840.0,26,115770.0,11,115850.0,7,115760.0,11
1597988363129899008,1597988363433000192,2020-08-21 13:39:23.433000,115800.0,116920.0,114770.0,116850.0,nan,115707.390771,182621,21130599410.0,106911,115810.0,18,115800.0,13,115820.0,11,115790.0,53,115830.0,4,115780.0,34,115840.0,26,115770.0,11,115850.0,7,115760.0,11
1597988363631291904,1597988363923000064,2020-08-21 13:39:23.923000,115800.0,116920.0,114770.0,116850.0,nan,115707.390771,182621,21130599410.0,106911,115810.0,18,115800.0,14,115820.0,11,115790.0,53,115830.0,4,115780.0,34,115840.0,36,115770.0,11,115850.0,7,115760.0,11
1597988364144675072,1597988364416000000,2020-08-21 13:39:24.416000,115800.0,116920.0,114770.0,116850.0,nan,115707.392964,182625,21131062640.0,106909,115810.0,15,115800.0,13,115820.0,11,115790.0,53,115830.0,4,115780.0,34,115840.0,36,115770.0,11,115850.0,6,115760.0,11
1597988364619772928,1597988364924999936,2020-08-21 13:39:24.925000,115810.0,116920.0,114770.0,116850.0,nan,115707.395773,182630,21131641690.0,106911,115810.0,10,115800.0,13,115820.0,12,115790.0,53,115830.0,4,115780.0,34,115840.0,36,115770.0,11,115850.0,6,115760.0,11
1597988365119905024,1597988365427000064,2020-08-21 13:39:25.427000,115810.0,116920.0,114770.0,116850.0,nan,115707.401391,182640,21132799790.0,106905,115820.0,8,115810.0,3,115830.0,4,115800.0,13,115840.0,36,115790.0,53,115850.0,6,115780.0,34,115860.0,11,115770.0,11
1597988365618354944,1597988365927000064,2020-08-21 13:39:25.927000,115820.0,116920.0,114770.0,116850.0,nan,115707.402007,182641,21132915610.0,106904,115820.0,7,115810.0,3,115830.0,4,115800.0,13,115840.0,35,115790.0,53,115850.0,6,115780.0,34,115860.0,11,115770.0,11
1597988366168189952,1597988366421999872,2020-08-21 13:39:26.422000,115810.0,116920.0,114770.0,116850.0,nan,115707.403131,182643,21133147230.0,106904,115820.0,7,115810.0,1,115830.0,4,115800.0,13,115840.0,36,115790.0,53,115850.0,6,115780.0,34,115860.0,11,115770.0,11
1597988366650173952,1597988366920000000,2020-08-21 13:39:26.920000,115810.0,116920.0,114770.0,116850.0,nan,115707.403131,182643,21133147230.0,106904,115820.0,7,115810.0,1,115830.0,4,115800.0,15,115840.0,37,115790.0,53,115850.0,6,115780.0,35,115860.0,11,115770.0,11
1597988367635589120,1597988367901999872,2020-08-21 13:39:27.902000,115810.0,116920.0,114770.0,116850.0,nan,115707.403692,182644,21133263040.0,106904,115810.0,5,115800.0,15,115820.0,7,115790.0,53,115830.0,4,115780.0,35,115840.0,37,115770.0,11,115850.0,6,115760.0,11
1597988368126821120,1597988368420999936,2020-08-21 13:39:28.421000,115810.0,116920.0,114770.0,116850.0,nan,115707.406501,182649,21133842090.0,106909,115820.0,7,115800.0,15,115830.0,4,115790.0,53,115840.0,37,115780.0,35,115850.0,6,115770.0,11,115860.0,11,115760.0,11
1597988368610889984,1597988368928999936,2020-08-21 13:39:28.929000,115820.0,116920.0,114770.0,116850.0,nan,115707.407117,182650,21133957910.0,106909,115820.0,6,115800.0,15,115830.0,4,115790.0,53,115840.0,37,115780.0,35,115850.0,6,115770.0,11,115860.0,11,115760.0,11
1597988369144034048,1597988369394000128,2020-08-21 13:39:29.394000,115800.0,116920.0,114770.0,116850.0,nan,115707.408748,182653,21134305330.0,106911,115820.0,5,115800.0,13,115830.0,4,115790.0,53,115840.0,37,115780.0,35,115850.0,6,115770.0,11,115860.0,11,115760.0,11
1597988369610646016,1597988369829999872,2020-08-21 13:39:29.830000,115800.0,116920.0,114770.0,116850.0,nan,115707.408748,182653,21134305330.0,106911,115820.0,5,115810.0,1,115830.0,4,115800.0,13,115840.0,37,115790.0,53,115850.0,6,115780.0,35,115860.0,11,115770.0,11
1597988370165510912,1597988370428999936,2020-08-21 13:39:30.429000,115800.0,116920.0,114770.0,116850.0,nan,115707.408748,182653,21134305330.0,106911,115820.0,6,115810.0,1,115830.0,4,115800.0,13,115840.0,37,115790.0,53,115850.0,6,115780.0,35,115860.0,11,115770.0,11
1597988370643633920,1597988370926000128,2020-08-21 13:39:30.926000,115800.0,116920.0,114770.0,116850.0,nan,115707.415392,182666,21135810740.0,106916,115810.0,40,115790.0,53,115820.0,10,115780.0,35,115830.0,4,115770.0,11,115840.0,37,115760.0,11,115850.0,6,115750.0,5
1597988371135892992,1597988371364000000,2020-08-21 13:39:31.364000,115800.0,116920.0,114770.0,116850.0,nan,115707.415392,182666,21135810740.0,106916,115800.0,2,115790.0,65,115810.0,40,115780.0,35,115820.0,10,115770.0,11,115830.0,4,115760.0,11,115840.0,37,115750.0,5
1597988371667371008,1597988371914000128,2020-08-21 13:39:31.914000,115800.0,116920.0,114770.0,116850.0,nan,115707.415392,182666,21135810740.0,106916,115800.0,2,115790.0,66,115810.0,41,115780.0,35,115820.0,10,115770.0,11,115830.0,4,115760.0,11,115840.0,37,115750.0,5
1597988372156459008,1597988372426000128,2020-08-21 13:39:32.426000,115800.0,116920.0,114770.0,116850.0,nan,115707.415392,182666,21135810740.0,106916,115800.0,2,115790.0,66,115810.0,41,115780.0,35,115820.0,10,115770.0,11,115830.0,4,115760.0,12,115840.0,37,115750.0,5
1597988372634769920,1597988372927000064,2020-08-21 13:39:32.927000,115800.0,116920.0,114770.0,116850.0,nan,115707.416406,182668,21136042340.0,106916,115800.0,239,115790.0,66,115810.0,23,115780.0,35,115820.0,10,115770.0,11,115830.0,4,115760.0,12,115840.0,37,115750.0,5
1597988373166920960,1597988373426000128,2020-08-21 13:39:33.426000,115780.0,116920.0,114770.0,116850.0,nan,115707.448218,182739,21144263380.0,106900,115790.0,16,115780.0,30,115800.0,241,115770.0,11,115810.0,23,115760.0,12,115820.0,10,115750.0,5,115830.0,4,115740.0,3
1597988373614486016,1597988373934000128,2020-08-21 13:39:33.934000,115780.0,116920.0,114770.0,116850.0,nan,115707.466272,182786,21149704930.0,106933,115780.0,3,115760.0,12,115790.0,16,115750.0,4,115800.0,241,115740.0,3,115810.0,22,115730.0,5,115820.0,10,115720.0,6
1597988374114620928,1597988374433000192,2020-08-21 13:39:34.433000,115780.0,116920.0,114770.0,116850.0,nan,115707.466669,182787,21149820710.0,106933,115770.0,1,115760.0,11,115780.0,3,115750.0,4,115790.0,16,115740.0,2,115800.0,241,115730.0,4,115810.0,12,115720.0,6
1597988374680875008,1597988374936999936,2020-08-21 13:39:34.937000,115790.0,116920.0,114770.0,116850.0,nan,115707.470404,182796,21150862760.0,106936,115790.0,3,115780.0,1,115800.0,241,115760.0,11,115810.0,13,115750.0,4,115820.0,10,115740.0,2,115840.0,36,115730.0,4
1597988375131699968,1597988375430000128,2020-08-21 13:39:35.430000,115760.0,116920.0,114770.0,116850.0,nan,115707.47195,182801,21151441580.0,106935,115780.0,25,115760.0,7,115790.0,6,115750.0,4,115800.0,241,115740.0,2,115810.0,13,115730.0,4,115820.0,6,115720.0,6
1597988375624457984,1597988375897000192,2020-08-21 13:39:35.897000,115760.0,116920.0,114770.0,116850.0,nan,115707.475467,182814,21152946420.0,106940,115760.0,1,115740.0,2,115770.0,23,115730.0,4,115780.0,26,115720.0,6,115790.0,6,115710.0,18,115800.0,241,115700.0,26
1597988376131657984,1597988376411000064,2020-08-21 13:39:36.411000,115740.0,116920.0,114770.0,116850.0,nan,115707.4773,182820,21153641000.0,106942,115770.0,21,115740.0,1,115780.0,23,115730.0,4,115790.0,6,115720.0,6,115800.0,241,115710.0,17,115810.0,13,115700.0,26
1597988376650146048,1597988377236999936,2020-08-21 13:39:37.237000,115730.0,116920.0,114770.0,116850.0,nan,115707.478203,182826,21154335410.0,106941,115760.0,6,115750.0,1,115770.0,21,115730.0,2,115780.0,23,115720.0,6,115790.0,6,115710.0,17,115800.0,241,115700.0,26
1597988377126917888,1597988377420999936,2020-08-21 13:39:37.421000,115770.0,116920.0,114770.0,116850.0,nan,115707.483046,182848,21156881860.0,106936,115770.0,4,115760.0,1,115780.0,23,115720.0,2,115790.0,6,115710.0,17,115800.0,241,115700.0,26,115810.0,13,115690.0,12
1597988377640253952,1597988377936000000,2020-08-21 13:39:37.936000,115760.0,116920.0,114770.0,116850.0,nan,115707.486137,182858,21158039500.0,106934,115780.0,25,115760.0,8,115790.0,11,115720.0,2,115800.0,242,115710.0,17,115810.0,13,115700.0,26,115820.0,6,115690.0,12
1597988378161079040,1597988378437999872,2020-08-21 13:39:38.438000,115760.0,116920.0,114770.0,116850.0,nan,115707.486137,182858,21158039500.0,106934,115780.0,21,115770.0,5,115790.0,11,115760.0,9,115800.0,242,115750.0,1,115810.0,12,115740.0,1,115820.0,6,115720.0,2
1597988378616366080,1597988378920999936,2020-08-21 13:39:38.921000,115760.0,116920.0,114770.0,116850.0,nan,115707.486137,182858,21158039500.0,106934,115780.0,11,115770.0,8,115790.0,11,115760.0,10,115800.0,242,115750.0,1,115810.0,11,115740.0,1,115820.0,6,115720.0,2
1597988379139312128,1597988379394000128,2020-08-21 13:39:39.394000,115780.0,116920.0,114770.0,116850.0,nan,115707.488352,182864,21158734150.0,106938,115780.0,6,115770.0,6,115790.0,11,115760.0,11,115800.0,242,115750.0,1,115810.0,11,115740.0,1,115820.0,6,115720.0,2
1597988379620374016,1597988379928000000,2020-08-21 13:39:39.928000,115780.0,116920.0,114770.0,116850.0,nan,115707.488352,182864,21158734150.0,106938,115780.0,7,115770.0,6,115790.0,9,115760.0,11,115800.0,242,115750.0,1,115810.0,11,115740.0,1,115820.0,5,115720.0,2
1597988380147314944,1597988380382999808,2020-08-21 13:39:40.383000,115780.0,116920.0,114770.0,116850.0,nan,115707.488749,182865,21158849930.0,106938,115780.0,6,115770.0,6,115790.0,9,115760.0,11,115800.0,242,115750.0,1,115810.0,11,115740.0,1,115820.0,5,115720.0,2
1597988380634158080,1597988380934000128,2020-08-21 13:39:40.934000,115780.0,116920.0,114770.0,116850.0,nan,115707.489145,182866,21158965710.0,106939,115780.0,5,115770.0,7,115790.0,9,115760.0,10,115800.0,242,115750.0,1,115810.0,11,115740.0,1,115820.0,5,115720.0,2
1597988381166606080,1597988381404000000,2020-08-21 13:39:41.404000,115780.0,116920.0,114770.0,116850.0,nan,115707.489145,182866,21158965710.0,106939,115780.0,5,115770.0,8,115790.0,9,115760.0,10,115800.0,242,115750.0,1,115810.0,11,115740.0,1,115820.0,5,115720.0,2
1597988381635621888,1597988381904999936,2020-08-21 13:39:41.905000,115770.0,116920.0,114770.0,116850.0,nan,115707.489883,182868,21159197260.0,106940,115780.0,7,115770.0,7,115790.0,9,115760.0,10,115800.0,242,115750.0,1,115810.0,11,115740.0,1,115820.0,5,115720.0,2
1597988382152983040,1597988382435000064,2020-08-21 13:39:42.435000,115770.0,116920.0,114770.0,116850.0,nan,115707.489883,182868,21159197260.0,106940,115780.0,7,115770.0,7,115790.0,9,115760.0,10,115800.0,241,115750.0,1,115810.0,11,115740.0,1,115820.0,5,115720.0,2
1597988382627326976,1597988382921999872,2020-08-21 13:39:42.922000,115770.0,116920.0,114770.0,116850.0,nan,115707.491018,182871,21159544590.0,106938,115780.0,6,115770.0,6,115790.0,9,115760.0,10,115800.0,242,115750.0,1,115810.0,11,115740.0,1,115820.0,5,115720.0,2
1597988383113192960,1597988383423000064,2020-08-21 13:39:43.423000,115770.0,116920.0,114770.0,116850.0,nan,115707.491018,182871,21159544590.0,106938,115780.0,6,115770.0,7,115790.0,9,115760.0,10,115800.0,245,115750.0,1,115810.0,11,115740.0,1,115820.0,5,115720.0,2
1597988383637052928,1597988383916000000,2020-08-21 13:39:43.916000,115770.0,116920.0,114770.0,116850.0,nan,115707.491702,182873,21159776130.0,106939,115780.0,7,115770.0,5,115790.0,9,115760.0,10,115800.0,245,115750.0,1,115810.0,11,115740.0,1,115820.0,5,115720.0,2
1597988384144310016,1597988384434000128,2020-08-21 13:39:44.434000,115780.0,116920.0,114770.0,116850.0,nan,115707.492098,182874,21159891910.0,106938,115780.0,6,115770.0,5,115790.0,10,115760.0,10,115800.0,245,115750.0,1,115810.0,11,115740.0,1,115820.0,5,115720.0,2
1597988384618287104,1597988384924000000,2020-08-21 13:39:44.924000,115780.0,116920.0,114770.0,116850.0,nan,115707.493288,182877,21160239250.0,106938,115780.0,3,115770.0,5,115790.0,10,115760.0,10,115800.0,245,115750.0,1,115810.0,11,115740.0,1,115820.0,5,115720.0,2
1597988385140954880,1597988385400999936,2020-08-21 13:39:45.401000,115780.0,116920.0,114770.0,116850.0,nan,115707.494081,182879,21160470810.0,106938,115780.0,1,115770.0,6,115790.0,10,115760.0,10,115800.0,244,115750.0,1,115810.0,11,115740.0,1,115820.0,5,115720.0,2
1597988385613506048,1597988385924000000,2020-08-21 13:39:45.924000,115770.0,116920.0,114770.0,116850.0,nan,115707.495503,182883,21160933900.0,106937,115790.0,9,115770.0,3,115800.0,244,115760.0,10,115810.0,11,115750.0,22,115820.0,5,115740.0,1,115830.0,1,115720.0,2
1597988386133822976,1597988386428999936,2020-08-21 13:39:46.429000,115770.0,116920.0,114770.0,116850.0,nan,115707.495503,182883,21160933900.0,106937,115790.0,8,115780.0,1,115800.0,245,115770.0,4,115810.0,11,115760.0,10,115820.0,5,115750.0,22,115830.0,1,115740.0,1
1597988386616941056,1597988386927000064,2020-08-21 13:39:46.927000,115770.0,116920.0,114770.0,116850.0,nan,115707.495503,182883,21160933900.0,106937,115790.0,8,115780.0,3,115800.0,245,115770.0,4,115810.0,10,115760.0,10,115820.0,5,115750.0,22,115830.0,1,115740.0,2
1597988387155746048,1597988387426000128,2020-08-21 13:39:47.426000,115780.0,116920.0,114770.0,116850.0,nan,115707.495899,182884,21161049680.0,106937,115790.0,8,115780.0,3,115800.0,246,115770.0,4,115810.0,10,115760.0,10,115820.0,5,115750.0,22,115830.0,1,115740.0,2
1597988387628813056,1597988387872000000,2020-08-21 13:39:47.872000,115780.0,116920.0,114770.0,116850.0,nan,115707.495899,182884,21161049680.0,106937,115790.0,8,115780.0,12,115800.0,246,115770.0,4,115810.0,10,115760.0,10,115820.0,5,115750.0,22,115830.0,1,115740.0,2
1597988388155835904,1597988388436999936,2020-08-21 13:39:48.437000,115780.0,116920.0,114770.0,116850.0,nan,115707.495899,182884,21161049680.0,106937,115790.0,8,115780.0,12,115800.0,246,115770.0,4,115810.0,11,115760.0,10,115820.0,5,115750.0,22,115830.0,1,115740.0,2
1597988389121591040,1597988389374000128,2020-08-21 13:39:49.374000,115790.0,116920.0,114770.0,116850.0,nan,115707.49635,182885,21161165470.0,106937,115790.0,7,115780.0,17,115800.0,246,115770.0,4,115810.0,11,115760.0,10,115820.0,5,115750.0,22,115830.0,1,115740.0,2
1597988389616335104,1597988389934000128,2020-08-21 13:39:49.934000,115790.0,116920.0,114770.0,116850.0,nan,115707.496801,182886,21161281260.0,106936,115790.0,6,115780.0,17,115800.0,246,115770.0,4,115810.0,11,115760.0,10,115820.0,5,115750.0,22,115830.0,1,115740.0,2
1597988390178508032,1597988390432000000,2020-08-21 13:39:50.432000,115790.0,116920.0,114770.0,116850.0,nan,115707.497649,182888,21161512830.0,106935,115790.0,5,115780.0,17,115800.0,246,115770.0,5,115810.0,11,115760.0,10,115820.0,5,115750.0,22,115830.0,1,115740.0,2
1597988390635607040,1597988390937999872,2020-08-21 13:39:50.938000,115790.0,116920.0,114770.0,116850.0,nan,115707.497649,182888,21161512830.0,106935,115790.0,13,115780.0,18,115800.0,246,115770.0,5,115810.0,11,115760.0,10,115820.0,5,115750.0,22,115830.0,1,115740.0,2
1597988391136214016,1597988391348000000,2020-08-21 13:39:51.348000,115790.0,116920.0,114770.0,116850.0,nan,115707.498496,182890,21161744400.0,106935,115790.0,12,115780.0,26,115800.0,246,115770.0,5,115810.0,11,115760.0,10,115820.0,5,115750.0,22,115830.0,1,115740.0,2
1597988391616112896,1597988391932000000,2020-08-21 13:39:51.932000,115780.0,116920.0,114770.0,116850.0,nan,115707.501722,182898,21162670650.0,106928,115790.0,11,115780.0,19,115800.0,246,115770.0,5,115810.0,11,115760.0,10,115820.0,5,115750.0,21,115830.0,1,115740.0,2
1597988392115376128,1597988392435000064,2020-08-21 13:39:52.435000,115790.0,116920.0,114770.0,116850.0,nan,115707.506684,182909,21163944340.0,106929,115800.0,246,115780.0,19,115810.0,11,115770.0,5,115820.0,5,115760.0,10,115830.0,1,115750.0,21,115840.0,34,115740.0,2
1597988392611539968,1597988392937999872,2020-08-21 13:39:52.938000,115800.0,116920.0,114770.0,116850.0,nan,115707.507189,182910,21164060140.0,106929,115800.0,246,115790.0,2,115810.0,11,115780.0,20,115820.0,5,115770.0,5,115840.0,34,115760.0,10,115850.0,8,115750.0,21
1597988393162695936,1597988393668999936,2020-08-21 13:39:53.669000,115780.0,116920.0,114770.0,116850.0,nan,115707.508433,182913,21164407490.0,106928,115800.0,247,115780.0,17,115810.0,11,115770.0,5,115820.0,5,115760.0,10,115840.0,34,115750.0,21,115850.0,8,115740.0,2
1597988393627179008,1597988393904999936,2020-08-21 13:39:53.905000,115780.0,116920.0,114770.0,116850.0,nan,115707.508433,182913,21164407490.0,106928,115800.0,248,115790.0,1,115810.0,11,115780.0,17,115820.0,5,115770.0,5,115840.0,34,115760.0,10,115850.0,8,115750.0,21
1597988394116965888,1597988394424999936,2020-08-21 13:39:54.425000,115780.0,116920.0,114770.0,116850.0,nan,115707.508433,182913,21164407490.0,106928,115800.0,249,115790.0,1,115810.0,11,115780.0,17,115820.0,5,115770.0,5,115840.0,34,115760.0,10,115850.0,8,115750.0,21
1597988395147525888,1597988395416000000,2020-08-21 13:39:55.416000,115800.0,116920.0,114770.0,116850.0,nan,115707.510346,182917,21164870670.0,106931,115800.0,247,115780.0,16,115810.0,11,115770.0,5,115820.0,5,115760.0,10,115840.0,34,115750.0,21,115850.0,8,115740.0,2
1597988395630727936,1597988395937999872,2020-08-21 13:39:55.938000,115800.0,116920.0,114770.0,116850.0,nan,115707.510346,182917,21164870670.0,106931,115800.0,247,115790.0,1,115810.0,11,115780.0,16,115820.0,5,115770.0,5,115840.0,34,115760.0,10,115850.0,8,115750.0,21
1597988396165196032,1597988396436000000,2020-08-21 13:39:56.436000,115790.0,116920.0,114770.0,116850.0,nan,115707.510797,182918,21164986460.0,106930,115790.0,1,115780.0,16,115800.0,247,115770.0,5,115810.0,11,115760.0,10,115820.0,5,115750.0,21,115840.0,34,115740.0,2
1597988396655490048,1597988396937999872,2020-08-21 13:39:56.938000,115790.0,116920.0,114770.0,116850.0,nan,115707.511248,182919,21165102250.0,106931,115800.0,247,115780.0,19,115810.0,11,115770.0,5,115820.0,5,115760.0,10,115840.0,34,115750.0,21,115850.0,8,115740.0,2
1597988397178784000,1597988397437999872,2020-08-21 13:39:57.438000,115790.0,116920.0,114770.0,116850.0,nan,115707.511248,182919,21165102250.0,106931,115800.0,247,115790.0,1,115810.0,11,115780.0,19,115820.0,5,115770.0,5,115840.0,34,115760.0,10,115850.0,8,115750.0,21
1597988397657904896,1597988397901999872,2020-08-21 13:39:57.902000,115790.0,116920.0,114770.0,116850.0,nan,115707.511248,182919,21165102250.0,106931,115800.0,247,115790.0,4,115810.0,11,115780.0,16,115820.0,5,115770.0,5,115840.0,34,115760.0,10,115850.0,8,115750.0,21
1597988398176015872,1597988398421999872,2020-08-21 13:39:58.422000,115780.0,116920.0,114770.0,116850.0,nan,115707.513448,182924,21165681190.0,106930,115800.0,248,115790.0,1,115810.0,11,115780.0,15,115820.0,5,115770.0,5,115840.0,34,115760.0,10,115850.0,8,115750.0,21
1597988398623304960,1597988398860999936,2020-08-21 13:39:58.861000,115800.0,116920.0,114770.0,116850.0,nan,115707.513954,182925,21165796990.0,106930,115800.0,247,115790.0,2,115810.0,11,115780.0,17,115820.0,5,115770.0,4,115840.0,34,115760.0,10,115850.0,8,115750.0,21
1597988399155981056,1597988399408999936,2020-08-21 13:39:59.409000,115800.0,116920.0,114770.0,116850.0,nan,115707.514965,182927,21166028590.0,106932,115800.0,247,115790.0,3,115810.0,11,115780.0,15,115820.0,5,115770.0,5,115840.0,34,115760.0,10,115850.0,8,115750.0,21
1597988399615742976,1597988399924999936,2020-08-21 13:39:59.925000,115800.0,116920.0,114770.0,116850.0,nan,115707.517493,182932,21166607590.0,106937,115800.0,242,115790.0,3,115810.0,11,115780.0,15,115820.0,5,115770.0,5,115840.0,34,115760.0,10,115850.0,8,115750.0,21
1597988400152947968,1597988400420999936,2020-08-21 13:40:00.421000,115790.0,116920.0,114770.0,116850.0,nan,115707.517944,182933,21166723380.0,106937,115800.0,242,115790.0,2,115810.0,11,115780.0,15,115820.0,5,115770.0,5,115840.0,34,115760.0,10,115850.0,8,115750.0,21
1597988400639982080,1597988400937999872,2020-08-21 13:40:00.938000,115800.0,116920.0,114770.0,116850.0,nan,115707.520143,182938,21167302320.0,106942,115800.0,242,115780.0,13,115810.0,11,115770.0,5,115820.0,5,115760.0,10,115840.0,34,115750.0,22,115850.0,8,115740.0,1
1597988401111859968,1597988401428999936,2020-08-21 13:40:01.429000,115790.0,116920.0,114770.0,116850.0,nan,115707.520594,182939,21167418110.0,106941,115800.0,242,115790.0,4,115810.0,11,115780.0,18,115820.0,5,115770.0,5,115840.0,34,115760.0,10,115850.0,8,115750.0,22
1597988401615127040,1597988401930000128,2020-08-21 13:40:01.930000,115790.0,116920.0,114770.0,116850.0,nan,115707.521045,182940,21167533900.0,106941,115800.0,243,115790.0,3,115810.0,11,115780.0,18,115820.0,5,115770.0,5,115840.0,34,115760.0,10,115850.0,8,115750.0,22
1597988402162801920,1597988402413000192,2020-08-21 13:40:02.413000,115790.0,116920.0,114770.0,116850.0,nan,115707.521496,182941,21167649690.0,106940,115800.0,244,115790.0,1,115810.0,11,115780.0,14,115820.0,5,115770.0,5,115840.0,34,115760.0,10,115850.0,8,115750.0,22
1597988402618306048,1597988402918999808,2020-08-21 13:40:02.919000,115790.0,116920.0,114770.0,116850.0,nan,115707.521947,182942,21167765480.0,106941,115790.0,6,115780.0,14,115800.0,245,115770.0,6,115810.0,11,115760.0,10,115820.0,5,115750.0,22,115840.0,34,115740.0,1
1597988403152911104,1597988403432000000,2020-08-21 13:40:03.432000,115780.0,116920.0,114770.0,116850.0,nan,115707.524146,182947,21168344420.0,106942,115790.0,2,115780.0,12,115800.0,244,115770.0,5,115810.0,11,115760.0,11,115820.0,5,115750.0,22,115840.0,34,115740.0,1
1597988403651802880,1597988403924000000,2020-08-21 13:40:03.924000,115780.0,116920.0,114770.0,116850.0,nan,115707.5289,182959,21169733780.0,106954,115790.0,2,115770.0,3,115800.0,242,115760.0,11,115810.0,11,115750.0,22,115820.0,5,115740.0,1,115840.0,34,115730.0,1
1597988404170885120,1597988404694999808,2020-08-21 13:40:04.695000,115790.0,116920.0,114770.0,116850.0,nan,115707.529747,182961,21169965350.0,106953,115790.0,1,115770.0,3,115800.0,242,115760.0,12,115810.0,11,115750.0,22,115820.0,5,115740.0,1,115840.0,34,115730.0,1
1597988404654328064,1597988404903000064,2020-08-21 13:40:04.903000,115790.0,116920.0,114770.0,116850.0,nan,115707.529747,182961,21169965350.0,106953,115780.0,1,115770.0,3,115790.0,1,115760.0,11,115800.0,242,115750.0,23,115810.0,11,115740.0,1,115820.0,5,115730.0,1
1597988405168349952,1597988405420000000,2020-08-21 13:40:05.420000,115780.0,116920.0,114770.0,116850.0,nan,115707.530143,182962,21170081130.0,106953,115780.0,2,115770.0,3,115790.0,1,115760.0,12,115800.0,240,115750.0,22,115810.0,11,115740.0,1,115820.0,5,115730.0,1
1597988405636316928,1597988405897000192,2020-08-21 13:40:05.897000,115780.0,116920.0,114770.0,116850.0,nan,115707.531276,182965,21170428460.0,106954,115790.0,3,115770.0,2,115800.0,240,115760.0,12,115810.0,11,115750.0,22,115820.0,1,115740.0,1,115840.0,33,115730.0,1
1597988406159336960,1597988406427000064,2020-08-21 13:40:06.427000,115780.0,116920.0,114770.0,116850.0,nan,115707.531276,182965,21170428460.0,106954,115790.0,5,115780.0,2,115800.0,239,115770.0,7,115810.0,11,115760.0,11,115820.0,1,115750.0,22,115840.0,33,115740.0,1
1597988406624783872,1597988406927000064,2020-08-21 13:40:06.927000,115780.0,116920.0,114770.0,116850.0,nan,115707.531276,182965,21170428460.0,106954,115790.0,5,115780.0,2,115800.0,294,115770.0,7,115810.0,11,115760.0,11,115820.0,1,115750.0,22,115840.0,33,115740.0,1
1597988407133196032,1597988407437999872,2020-08-21 13:40:07.438000,115780.0,116920.0,114770.0,116850.0,nan,115707.532123,182967,21170660030.0,106955,115790.0,4,115780.0,1,115800.0,294,115770.0,8,115810.0,11,115760.0,11,115820.0,1,115750.0,22,115840.0,33,115740.0,1
1597988407635202048,1597988407897000192,2020-08-21 13:40:07.897000,115790.0,116920.0,114770.0,116850.0,nan,115707.533926,182971,21171123190.0,106956,115800.0,295,115790.0,1,115810.0,11,115780.0,4,115820.0,1,115770.0,3,115840.0,33,115760.0,11,115850.0,8,115750.0,22
1597988408190345984,1597988408431000064,2020-08-21 13:40:08.431000,115790.0,116920.0,114770.0,116850.0,nan,115707.534377,182972,21171238980.0,106957,115800.0,295,115790.0,2,115810.0,11,115780.0,1,115820.0,1,115770.0,4,115840.0,33,115760.0,11,115850.0,8,115750.0,22
1597988408634490112,1597988408918999808,2020-08-21 13:40:08.919000,115790.0,116920.0,114770.0,116850.0,nan,115707.535278,182974,21171470560.0,106958,115800.0,295,115780.0,1,115810.0,11,115770.0,4,115820.0,1,115760.0,11,115840.0,33,115750.0,22,115850.0,8,115740.0,1
1597988409144634880,1597988409415000064,2020-08-21 13:40:09.415000,115790.0,116920.0,114770.0,116850.0,nan,115707.535278,182974,21171470560.0,106958,115800.0,295,115780.0,6,115810.0,11,115770.0,3,115820.0,1,115760.0,10,115840.0,33,115750.0,22,115850.0,8,115740.0,1
1597988409636980992,1597988409904999936,2020-08-21 13:40:09.905000,115780.0,116920.0,114770.0,116850.0,nan,115707.535674,182975,21171586340.0,106958,115790.0,1,115780.0,6,115800.0,295,115770.0,3,115810.0,11,115760.0,10,115820.0,1,115750.0,22,115840.0,33,115740.0,1
1597988410116657920,1597988410403000064,2020-08-21 13:40:10.403000,115790.0,116920.0,114770.0,116850.0,nan,115707.536125,182976,21171702130.0,106957,115800.0,295,115790.0,1,115810.0,11,115780.0,8,115820.0,1,115770.0,3,115840.0,33,115760.0,10,115850.0,8,115750.0,22
1597988410655781120,1597988410931000064,2020-08-21 13:40:10.931000,115790.0,116920.0,114770.0,116850.0,nan,115707.537026,182978,21171933710.0,106956,115790.0,1,115780.0,1,115800.0,295,115770.0,3,115810.0,11,115760.0,10,115820.0,1,115750.0,23,115840.0,33,115740.0,1
1597988412140152064,1597988412411000064,2020-08-21 13:40:12.411000,115780.0,116920.0,114770.0,116850.0,nan,115707.537873,182980,21172165280.0,106955,115800.0,295,115770.0,3,115810.0,11,115760.0,10,115820.0,1,115750.0,23,115840.0,33,115740.0,1,115850.0,8,115730.0,1
1597988412671387904,1597988412930000128,2020-08-21 13:40:12.930000,115790.0,116920.0,114770.0,116850.0,nan,115707.539402,182984,21172628390.0,106956,115800.0,295,115770.0,5,115810.0,11,115760.0,11,115820.0,1,115750.0,23,115840.0,33,115740.0,1,115850.0,8,115730.0,1
1597988413148592896,1597988413426000128,2020-08-21 13:40:13.426000,115780.0,116920.0,114770.0,116850.0,nan,115707.541382,182989,21173207290.0,106956,115800.0,295,115780.0,2,115810.0,11,115770.0,5,115820.0,1,115760.0,11,115840.0,33,115750.0,23,115850.0,8,115740.0,1
1597988413676049920,1597988413916000000,2020-08-21 13:40:13.916000,115780.0,116920.0,114770.0,116850.0,nan,115707.542229,182991,21173438860.0,106955,115790.0,2,115780.0,1,115800.0,253,115770.0,5,115810.0,19,115760.0,10,115820.0,1,115750.0,23,115840.0,33,115740.0,1
1597988414161107968,1597988414356000000,2020-08-21 13:40:14.356000,115790.0,116920.0,114770.0,116850.0,nan,115707.542679,182992,21173554650.0,106955,115790.0,1,115780.0,1,115800.0,253,115770.0,5,115810.0,19,115760.0,10,115820.0,1,115750.0,23,115840.0,33,115740.0,1
1597988414654064896,1597988414920999936,2020-08-21 13:40:14.921000,115790.0,116920.0,114770.0,116850.0,nan,115707.54313,182993,21173670440.0,106955,115800.0,253,115770.0,5,115810.0,19,115760.0,10,115820.0,1,115750.0,23,115840.0,33,115740.0,1,115850.0,9,115730.0,1
1597988415143799040,1597988415437999872,2020-08-21 13:40:15.438000,115780.0,116920.0,114770.0,116850.0,nan,115707.545164,182998,21174249350.0,106955,115790.0,1,115780.0,20,115800.0,253,115770.0,10,115810.0,19,115760.0,10,115820.0,1,115750.0,23,115840.0,33,115740.0,1
1597988415707314944,1597988415935000064,2020-08-21 13:40:15.935000,115800.0,116920.0,114770.0,116850.0,nan,115707.54612,183000,21174480940.0,106955,115800.0,252,115790.0,1,115810.0,19,115780.0,21,115820.0,1,115770.0,10,115840.0,33,115760.0,10,115850.0,9,115750.0,23
1597988416135392000,1597988416325999872,2020-08-21 13:40:16.326000,115800.0,116920.0,114770.0,116850.0,nan,115707.54612,183000,21174480940.0,106955,115800.0,252,115780.0,3,115810.0,19,115770.0,5,115820.0,1,115760.0,10,115840.0,33,115750.0,23,115850.0,9,115740.0,1
1597988416629414912,1597988416935000064,2020-08-21 13:40:16.935000,115790.0,116920.0,114770.0,116850.0,nan,115707.547021,183002,21174712520.0,106955,115800.0,252,115790.0,1,115810.0,19,115780.0,4,115820.0,1,115770.0,5,115840.0,33,115760.0,10,115850.0,9,115750.0,23
1597988417191828992,1597988417420999936,2020-08-21 13:40:17.421000,115790.0,116920.0,114770.0,116850.0,nan,115707.547472,183003,21174828310.0,106956,115790.0,1,115780.0,4,115800.0,252,115770.0,5,115810.0,19,115760.0,10,115820.0,1,115750.0,23,115840.0,33,115740.0,1
1597988417651247104,1597988417892999936,2020-08-21 13:40:17.893000,115790.0,116920.0,114770.0,116850.0,nan,115707.547472,183003,21174828310.0,106956,115790.0,3,115780.0,6,115800.0,252,115770.0,5,115810.0,19,115760.0,10,115820.0,1,115750.0,23,115840.0,33,115740.0,1
1597988418156745984,1597988418427000064,2020-08-21 13:40:18.427000,115780.0,116920.0,114770.0,116850.0,nan,115707.549056,183007,21175291430.0,106955,115790.0,3,115770.0,5,115800.0,252,115760.0,10,115810.0,19,115750.0,23,115820.0,1,115740.0,1,115840.0,33,115730.0,2
1597988418635092992,1597988418917999872,2020-08-21 13:40:18.918000,115780.0,116920.0,114770.0,116850.0,nan,115707.549056,183007,21175291430.0,106955,115790.0,5,115780.0,2,115800.0,252,115770.0,4,115810.0,19,115760.0,11,115820.0,1,115750.0,23,115840.0,33,115740.0,1
1597988419124638976,1597988419430000128,2020-08-21 13:40:19.430000,115780.0,116920.0,114770.0,116850.0,nan,115707.549847,183009,21175522990.0,106954,115780.0,6,115760.0,11,115790.0,7,115750.0,24,115800.0,253,115740.0,1,115810.0,19,115730.0,2,115820.0,1,115720.0,3
1597988419655119872,1597988419924999936,2020-08-21 13:40:19.925000,115760.0,116920.0,114770.0,116850.0,nan,115707.55042,183011,21175754510.0,106952,115780.0,6,115760.0,13,115790.0,7,115750.0,24,115800.0,253,115740.0,1,115810.0,19,115730.0,2,115820.0,1,115720.0,3
1597988420137918976,1597988420433000192,2020-08-21 13:40:20.433000,115760.0,116920.0,114770.0,116850.0,nan,115707.55128,183014,21176101790.0,106949,115780.0,6,115760.0,12,115790.0,7,115750.0,24,115800.0,253,115740.0,1,115810.0,19,115730.0,2,115820.0,1,115720.0,3
1597988420620000000,1597988420932000000,2020-08-21 13:40:20.932000,115770.0,116920.0,114770.0,116850.0,nan,115707.551621,183015,21176217560.0,106949,115780.0,6,115760.0,12,115790.0,7,115750.0,24,115800.0,253,115740.0,1,115810.0,20,115730.0,2,115820.0,1,115720.0,3
1597988421125006080,1597988421390000128,2020-08-21 13:40:21.390000,115760.0,116920.0,114770.0,116850.0,nan,115707.551908,183016,21176333320.0,106949,115780.0,6,115760.0,11,115790.0,7,115750.0,24,115800.0,253,115740.0,1,115810.0,20,115730.0,2,115820.0,1,115720.0,3
1597988421618222080,1597988421928000000,2020-08-21 13:40:21.928000,115780.0,116920.0,114770.0,116850.0,nan,115707.5527,183018,21176564880.0,106950,115780.0,4,115760.0,11,115790.0,7,115750.0,24,115800.0,253,115740.0,1,115810.0,20,115730.0,2,115820.0,1,115720.0,3
1597988422120500992,1597988422401999872,2020-08-21 13:40:22.402000,115780.0,116920.0,114770.0,116850.0,nan,115707.554174,183022,21177027980.0,106949,115780.0,1,115760.0,10,115790.0,7,115750.0,24,115800.0,253,115740.0,1,115810.0,20,115730.0,2,115820.0,1,115720.0,3
1597988422675841024,1597988422921999872,2020-08-21 13:40:22.922000,115780.0,116920.0,114770.0,116850.0,nan,115707.554856,183024,21177259520.0,106949,115790.0,7,115760.0,9,115800.0,252,115750.0,24,115810.0,21,115740.0,1,115820.0,1,115730.0,2,115840.0,32,115720.0,3
1597988423147729920,1597988423430000128,2020-08-21 13:40:23.430000,115780.0,116920.0,114770.0,116850.0,nan,115707.554856,183024,21177259520.0,106949,115780.0,8,115760.0,9,115790.0,7,115750.0,24,115800.0,252,115740.0,1,115810.0,21,115730.0,2,115820.0,1,115720.0,3
1597988423630731008,1597988423857000192,2020-08-21 13:40:23.857000,115770.0,116920.0,114770.0,116850.0,nan,115707.555197,183025,21177375290.0,106950,115780.0,8,115760.0,9,115790.0,7,115750.0,24,115800.0,252,115740.0,1,115810.0,21,115730.0,2,115820.0,1,115720.0,3
1597988424655728896,1597988424924000000,2020-08-21 13:40:24.924000,115780.0,116920.0,114770.0,116850.0,nan,115707.555593,183026,21177491070.0,106950,115780.0,7,115760.0,9,115790.0,7,115750.0,24,115800.0,252,115740.0,1,115810.0,21,115730.0,2,115820.0,1,115720.0,3
1597988425143620096,1597988425424999936,2020-08-21 13:40:25.425000,115760.0,116920.0,114770.0,116850.0,nan,115707.558172,183035,21178532910.0,106947,115760.0,16,115750.0,24,115780.0,7,115740.0,1,115790.0,7,115730.0,2,115800.0,252,115720.0,3,115810.0,21,115710.0,9
1597988425624217088,1597988425930000128,2020-08-21 13:40:25.930000,115760.0,116920.0,114770.0,116850.0,nan,115707.56562,183061,21181542670.0,106947,115780.0,7,115760.0,6,115790.0,7,115750.0,33,115800.0,251,115740.0,2,115810.0,21,115730.0,2,115820.0,1,115720.0,3
1597988426269396992,1597988426431000064,2020-08-21 13:40:26.431000,115780.0,116920.0,114770.0,116850.0,nan,115707.567203,183065,21182005790.0,106948,115780.0,4,115750.0,26,115790.0,6,115740.0,2,115800.0,251,115730.0,2,115810.0,21,115720.0,3,115820.0,1,115710.0,9
1597988426775931904,1597988426934000128,2020-08-21 13:40:26.934000,115780.0,116920.0,114770.0,116850.0,nan,115707.567203,183065,21182005790.0,106948,115780.0,4,115760.0,4,115790.0,6,115750.0,26,115800.0,251,115740.0,3,115810.0,21,115730.0,2,115820.0,1,115720.0,3
1597988427623720960,1597988427918999808,2020-08-21 13:40:27.919000,115780.0,116920.0,114770.0,116850.0,nan,115707.567203,183065,21182005790.0,106948,115780.0,1,115770.0,1,115790.0,7,115760.0,7,115800.0,251,115750.0,25,115810.0,21,115740.0,3,115820.0,1,115730.0,2
1597988428614138112,1597988428924999936,2020-08-21 13:40:28.925000,115770.0,116920.0,114770.0,116850.0,nan,115707.56794,183067,21182237340.0,106949,115790.0,7,115770.0,1,115800.0,251,115760.0,4,115810.0,21,115750.0,25,115820.0,1,115740.0,3,115840.0,32,115730.0,2
1597988429133523968,1597988429424999936,2020-08-21 13:40:29.425000,115770.0,116920.0,114770.0,116850.0,nan,115707.568281,183068,21182353110.0,106948,115780.0,4,115760.0,5,115790.0,7,115750.0,25,115800.0,251,115740.0,3,115810.0,21,115730.0,2,115820.0,1,115720.0,3
1597988429609729024,1597988429936999936,2020-08-21 13:40:29.937000,115770.0,116920.0,114770.0,116850.0,nan,115707.568281,183068,21182353110.0,106948,115780.0,4,115760.0,7,115790.0,7,115750.0,25,115800.0,251,115740.0,3,115810.0,21,115730.0,2,115820.0,1,115720.0,3
1597988430134624000,1597988430434000128,2020-08-21 13:40:30.434000,115770.0,116920.0,114770.0,116850.0,nan,115707.568281,183068,21182353110.0,106948,115780.0,4,115760.0,4,115790.0,7,115750.0,26,115800.0,251,115740.0,3,115810.0,21,115730.0,2,115820.0,1,115720.0,3
1597988430645950976,1597988430927000064,2020-08-21 13:40:30.927000,115770.0,116920.0,114770.0,116850.0,nan,115707.568281,183068,21182353110.0,106948,115780.0,4,115760.0,4,115790.0,7,115750.0,26,115800.0,250,115740.0,3,115810.0,21,115730.0,2,115820.0,1,115720.0,3
1597988431116040960,1597988431431000064,2020-08-21 13:40:31.431000,115760.0,116920.0,114770.0,116850.0,nan,115707.568567,183069,21182468870.0,106947,115780.0,4,115760.0,3,115790.0,7,115750.0,26,115800.0,250,115740.0,3,115810.0,21,115730.0,2,115820.0,1,115720.0,3
