local_nano_time,quote_nano_time,datetime,last_price,highest,lowest,open,close,average,volume,amount,open_interest,ask_price1,ask_volume1,bid_price1,bid_volume1,ask_price2,ask_volume2,bid_price2,bid_volume2,ask_price3,ask_volume3,bid_price3,bid_volume3,ask_price4,ask_volume4,bid_price4,bid_volume4,ask_price5,ask_volume5,bid_price5,bid_volume5
1597988231150671104,1597988231734999808,2020-08-21 13:37:11.735000,7150.0,7250.0,7110.0,7250.0,nan,7165.0,198364,7110835975.0,273715,7155.0,395,7150.0,121,nan,0,nan,0,nan,0,nan,0,nan,0,nan,0,nan,0,nan,0
1597988231645859072,1597988232226000128,2020-08-21 13:37:12.226000,7150.0,7250.0,7110.0,7250.0,nan,7165.0,198364,7110835975.0,273715,7155.0,405,7150.0,121,nan,0,nan,0,nan,0,nan,0,nan,0,nan,0,nan,0,nan,0
1597988232634513920,1597988233224999936,2020-08-21 13:37:13.225000,7150.0,7250.0,7110.0,7250.0,nan,7165.0,198364,7110835975.0,273715,7155.0,405,7150.0,122,nan,0,nan,0,nan,0,nan,0,nan,0,nan,0,nan,0,nan,0
1597988233130827008,1597988233696999936,2020-08-21 13:37:13.697000,7150.0,7250.0,7110.0,7250.0,nan,7165.0,198364,7110835975.0,273715,7155.0,405,7150.0,120,nan,0,nan,0,nan,0,nan,0,nan,0,nan,0,nan,0,nan,0
1597988234168015872,1597988234667000064,2020-08-21 13:37:14.667000,7150.0,7250.0,7110.0,7250.0,nan,7165.0,198384,7111550975.0,273715,7155.0,405,7150.0,118,nan,0,nan,0,nan,0,nan,0,nan,0,nan,0,nan,0,nan,0
1597988239142701056,1597988239690000128,2020-08-21 13:37:19.690000,7150.0,7250.0,7110.0,7250.0,nan,7165.0,198384,7111550975.0,273715,7155.0,405,7150.0,119,nan,0,nan,0,nan,0,nan,0,nan,0,nan,0,nan,0,nan,0
1597988239641927936,1597988240232999936,2020-08-21 13:37:20.233000,7150.0,7250.0,7110.0,7250.0,nan,7165.0,198384,7111550975.0,273715,7155.0,405,7150.0,115,nan,0,nan,0,nan,0,nan,0,nan,0,nan,0,nan,0,nan,0
1597988240151301120,1597988240720999936,2020-08-21 13:37:20.721000,7150.0,7250.0,7110.0,7250.0,nan,7165.0,198384,7111550975.0,273715,7155.0,410,7150.0,115,nan,0,nan,0,nan,0,nan,0,nan,0,nan,0,nan,0,nan,0
1597988240643376128,1597988241204000000,2020-08-21 13:37:21.204000,7150.0,7250.0,7110.0,7250.0,nan,7165.0,198384,7111550975.0,273715,7155.0,421,7150.0,115,nan,0,nan,0,nan,0,nan,0,nan,0,nan,0,nan,0,nan,0
1597988241146422016,1597988241731000064,2020-08-21 13:37:21.731000,7150.0,7250.0,7110.0,7250.0,nan,7165.0,198384,7111550975.0,273715,7155.0,421,7150.0,116,nan,0,nan,0,nan,0,nan,0,nan,0,nan,0,nan,0,nan,0
1597988242642296064,1597988243240000000,2020-08-21 13:37:23.240000,7150.0,7250.0,7110.0,7250.0,nan,7165.0,198384,7111550975.0,273715,7155.0,431,7150.0,116,nan,0,nan,0,nan,0,nan,0,nan,0,nan,0,nan,0,nan,0
1597988243162280960,1597988243736999936,2020-08-21 13:37:23.737000,7150.0,7250.0,7110.0,7250.0,nan,7165.0,198387,7111658225.0,273714,7155.0,431,7150.0,113,nan,0,nan,0,nan,0,nan,0,nan,0,nan,0,nan,0,nan,0
1597988243643324928,1597988244160000000,2020-08-21 13:37:24.160000,7150.0,7250.0,7110.0,7250.0,nan,7165.0,198387,7111658225.0,273714,7155.0,436,7150.0,113,nan,0,nan,0,nan,0,nan,0,nan,0,nan,0,nan,0,nan,0
1597988244139842048,1597988244698999808,2020-08-21 13:37:24.699000,7150.0,7250.0,7110.0,7250.0,nan,7165.0,198387,7111658225.0,273714,7155.0,498,7150.0,113,nan,0,nan,0,nan,0,nan,0,nan,0,nan,0,nan,0,nan,0
1597988244639940096,1597988245219000064,2020-08-21 13:37:25.219000,7150.0,7250.0,7110.0,7250.0,nan,7165.0,198387,7111658225.0,273714,7155.0,499,7150.0,113,nan,0,nan,0,nan,0,nan,0,nan,0,nan,0,nan,0,nan,0
1597988246679015936,1597988247234999808,2020-08-21 13:37:27.235000,7150.0,7250.0,7110.0,7250.0,nan,7165.0,198417,7112730725.0,273718,7155.0,502,7150.0,83,nan,0,nan,0,nan,0,nan,0,nan,0,nan,0,nan,0,nan,0
1597988247162010112,1597988247742000128,2020-08-21 13:37:27.742000,7150.0,7250.0,7110.0,7250.0,nan,7165.0,198417,7112730725.0,273718,7155.0,502,7150.0,81,nan,0,nan,0,nan,0,nan,0,nan,0,nan,0,nan,0,nan,0
1597988247635525888,1597988248221999872,2020-08-21 13:37:28.222000,7150.0,7250.0,7110.0,7250.0,nan,7165.0,198417,7112730725.0,273718,7155.0,496,7150.0,81,nan,0,nan,0,nan,0,nan,0,nan,0,nan,0,nan,0,nan,0
1597988248181177088,1597988248716000000,2020-08-21 13:37:28.716000,7150.0,7250.0,7110.0,7250.0,nan,7165.0,198417,7112730725.0,273718,7155.0,496,7150.0,80,nan,0,nan,0,nan,0,nan,0,nan,0,nan,0,nan,0,nan,0
1597988249629339904,1597988250240000000,2020-08-21 13:37:30.240000,7150.0,7250.0,7110.0,7250.0,nan,7165.0,198417,7112730725.0,273718,7155.0,497,7150.0,80,nan,0,nan,0,nan,0,nan,0,nan,0,nan,0,nan,0,nan,0
1597988250208884992,1597988250739000064,2020-08-21 13:37:30.739000,7150.0,7250.0,7110.0,7250.0,nan,7165.0,198418,7112766475.0,273718,7155.0,470,7150.0,81,nan,0,nan,0,nan,0,nan,0,nan,0,nan,0,nan,0,nan,0
1597988250651379968,1597988251240000000,2020-08-21 13:37:31.240000,7155.0,7250.0,7110.0,7250.0,nan,7165.0,198419,7112802250.0,273717,7155.0,470,7150.0,81,nan,0,nan,0,nan,0,nan,0,nan,0,nan,0,nan,0,nan,0
1597988251142650880,1597988251737999872,2020-08-21 13:37:31.738000,7150.0,7250.0,7110.0,7250.0,nan,7165.0,198420,7112838000.0,273717,7155.0,470,7150.0,80,nan,0,nan,0,nan,0,nan,0,nan,0,nan,0,nan,0,nan,0
1597988251660129024,1597988252190000128,2020-08-21 13:37:32.190000,7150.0,7250.0,7110.0,7250.0,nan,7165.0,198420,7112838000.0,273717,7155.0,471,7150.0,80,nan,0,nan,0,nan,0,nan,0,nan,0,nan,0,nan,0,nan,0
1597988252667168000,1597988253234999808,2020-08-21 13:37:33.235000,7150.0,7250.0,7110.0,7250.0,nan,7165.0,198421,7112873750.0,273717,7155.0,471,7150.0,79,nan,0,nan,0,nan,0,nan,0,nan,0,nan,0,nan,0,nan,0
1597988253191923968,1597988253730000128,2020-08-21 13:37:33.730000,7150.0,7250.0,7110.0,7250.0,nan,7165.0,198501,7115733750.0,273775,7150.0,143,7145.0,466,nan,0,nan,0,nan,0,nan,0,nan,0,nan,0,nan,0,nan,0
1597988253635115008,1597988254232000000,2020-08-21 13:37:34.232000,7150.0,7250.0,7110.0,7250.0,nan,7165.0,198506,7115912500.0,273770,7150.0,163,7145.0,466,nan,0,nan,0,nan,0,nan,0,nan,0,nan,0,nan,0,nan,0
1597988254136027904,1597988254739000064,2020-08-21 13:37:34.739000,7150.0,7250.0,7110.0,7250.0,nan,7165.0,198506,7115912500.0,273770,7150.0,164,7145.0,466,nan,0,nan,0,nan,0,nan,0,nan,0,nan,0,nan,0,nan,0
1597988254634077952,1597988255220000000,2020-08-21 13:37:35.220000,7150.0,7250.0,7110.0,7250.0,nan,7165.0,198506,7115912500.0,273770,7150.0,170,7145.0,466,nan,0,nan,0,nan,0,nan,0,nan,0,nan,0,nan,0,nan,0
1597988255139164928,1597988255737999872,2020-08-21 13:37:35.738000,7150.0,7250.0,7110.0,7250.0,nan,7165.0,198506,7115912500.0,273770,7150.0,273,7145.0,466,nan,0,nan,0,nan,0,nan,0,nan,0,nan,0,nan,0,nan,0
1597988255639172096,1597988256232999936,2020-08-21 13:37:36.233000,7150.0,7250.0,7110.0,7250.0,nan,7165.0,198506,7115912500.0,273770,7150.0,275,7145.0,467,nan,0,nan,0,nan,0,nan,0,nan,0,nan,0,nan,0,nan,0
1597988258633692928,1597988259209000192,2020-08-21 13:37:39.209000,7150.0,7250.0,7110.0,7250.0,nan,7165.0,198507,7115948250.0,273770,7150.0,277,7145.0,467,nan,0,nan,0,nan,0,nan,0,nan,0,nan,0,nan,0,nan,0
1597988260131664896,1597988260736999936,2020-08-21 13:37:40.737000,7150.0,7250.0,7110.0,7250.0,nan,7165.0,198507,7115948250.0,273770,7150.0,277,7145.0,466,nan,0,nan,0,nan,0,nan,0,nan,0,nan,0,nan,0,nan,0
1597988260641325056,1597988261233999872,2020-08-21 13:37:41.234000,7150.0,7250.0,7110.0,7250.0,nan,7165.0,198507,7115948250.0,273770,7150.0,306,7145.0,466,nan,0,nan,0,nan,0,nan,0,nan,0,nan,0,nan,0,nan,0
1597988261635613952,1597988262239000064,2020-08-21 13:37:42.239000,7150.0,7250.0,7110.0,7250.0,nan,7165.0,198512,7116127000.0,273770,7150.0,305,7145.0,466,nan,0,nan,0,nan,0,nan,0,nan,0,nan,0,nan,0,nan,0
1597988262180534016,1597988262742000128,2020-08-21 13:37:42.742000,7150.0,7250.0,7110.0,7250.0,nan,7165.0,198512,7116127000.0,273770,7150.0,305,7145.0,467,nan,0,nan,0,nan,0,nan,0,nan,0,nan,0,nan,0,nan,0
1597988262633799936,1597988263232999936,2020-08-21 13:37:43.233000,7150.0,7250.0,7110.0,7250.0,nan,7165.0,198512,7116127000.0,273770,7150.0,305,7145.0,466,nan,0,nan,0,nan,0,nan,0,nan,0,nan,0,nan,0,nan,0
1597988266178174976,1597988266729000192,2020-08-21 13:37:46.729000,7150.0,7250.0,7110.0,7250.0,nan,7165.0,198537,7117020250.0,273745,7150.0,311,7145.0,452,nan,0,nan,0,nan,0,nan,0,nan,0,nan,0,nan,0,nan,0
1597988267171366912,1597988267736999936,2020-08-21 13:37:47.737000,7145.0,7250.0,7110.0,7250.0,nan,7165.0,198547,7117377500.0,273735,7150.0,311,7145.0,442,nan,0,nan,0,nan,0,nan,0,nan,0,nan,0,nan,0,nan,0
1597988267627762944,1597988268177999872,2020-08-21 13:37:48.178000,7145.0,7250.0,7110.0,7250.0,nan,7165.0,198547,7117377500.0,273735,7150.0,315,7145.0,441,nan,0,nan,0,nan,0,nan,0,nan,0,nan,0,nan,0,nan,0
1597988268148461056,1597988268732999936,2020-08-21 13:37:48.733000,7145.0,7250.0,7110.0,7250.0,nan,7165.0,198547,7117377500.0,273735,7150.0,515,7145.0,437,nan,0,nan,0,nan,0,nan,0,nan,0,nan,0,nan,0,nan,0
1597988268636102912,1597988269240000000,2020-08-21 13:37:49.240000,7150.0,7250.0,7110.0,7250.0,nan,7165.0,198548,7117413250.0,273734,7150.0,516,7145.0,438,nan,0,nan,0,nan,0,nan,0,nan,0,nan,0,nan,0,nan,0
1597988271631219968,1597988272233999872,2020-08-21 13:37:52.234000,7150.0,7250.0,7110.0,7250.0,nan,7165.0,198548,7117413250.0,273734,7150.0,521,7145.0,438,nan,0,nan,0,nan,0,nan,0,nan,0,nan,0,nan,0,nan,0
1597988272640156928,1597988273233999872,2020-08-21 13:37:53.234000,7150.0,7250.0,7110.0,7250.0,nan,7165.0,198548,7117413250.0,273734,7150.0,522,7145.0,438,nan,0,nan,0,nan,0,nan,0,nan,0,nan,0,nan,0,nan,0
1597988276142422016,1597988276736999936,2020-08-21 13:37:56.737000,7150.0,7250.0,7110.0,7250.0,nan,7165.0,198548,7117413250.0,273734,7150.0,523,7145.0,438,nan,0,nan,0,nan,0,nan,0,nan,0,nan,0,nan,0,nan,0
1597988277258435072,1597988277706000128,2020-08-21 13:37:57.706000,7150.0,7250.0,7110.0,7250.0,nan,7165.0,198552,7117556250.0,273733,7150.0,519,7145.0,438,nan,0,nan,0,nan,0,nan,0,nan,0,nan,0,nan,0,nan,0
1597988277637778944,1597988278236999936,2020-08-21 13:37:58.237000,7150.0,7250.0,7110.0,7250.0,nan,7165.0,198553,7117592000.0,273734,7150.0,518,7145.0,438,nan,0,nan,0,nan,0,nan,0,nan,0,nan,0,nan,0,nan,0
1597988279151632896,1597988279711000064,2020-08-21 13:37:59.711000,7150.0,7250.0,7110.0,7250.0,nan,7165.0,198555,7117663500.0,273736,7150.0,516,7145.0,438,nan,0,nan,0,nan,0,nan,0,nan,0,nan,0,nan,0,nan,0
1597988279642447104,1597988280138000128,2020-08-21 13:38:00.138000,7150.0,7250.0,7110.0,7250.0,nan,7165.0,198555,7117663500.0,273736,7150.0,516,7145.0,441,nan,0,nan,0,nan,0,nan,0,nan,0,nan,0,nan,0,nan,0
1597988281145815040,1597988281648000000,2020-08-21 13:38:01.648000,7150.0,7250.0,7110.0,7250.0,nan,7165.0,198555,7117663500.0,273736,7150.0,519,7145.0,441,nan,0,nan,0,nan,0,nan,0,nan,0,nan,0,nan,0,nan,0
1597988281631819008,1597988282193000192,2020-08-21 13:38:02.193000,7150.0,7250.0,7110.0,7250.0,nan,7165.0,198556,7117699250.0,273737,7150.0,518,7145.0,442,nan,0,nan,0,nan,0,nan,0,nan,0,nan,0,nan,0,nan,0
1597988282148920064,1597988282688000000,2020-08-21 13:38:02.688000,7150.0,7250.0,7110.0,7250.0,nan,7165.0,198556,7117699250.0,273737,7150.0,527,7145.0,443,nan,0,nan,0,nan,0,nan,0,nan,0,nan,0,nan,0,nan,0
1597988282639891968,1597988283233999872,2020-08-21 13:38:03.234000,7150.0,7250.0,7110.0,7250.0,nan,7165.0,198557,7117735000.0,273738,7150.0,526,7145.0,447,nan,0,nan,0,nan,0,nan,0,nan,0,nan,0,nan,0,nan,0
1597988283141735936,1597988283733999872,2020-08-21 13:38:03.734000,7150.0,7250.0,7110.0,7250.0,nan,7165.0,198558,7117770750.0,273738,7150.0,525,7145.0,445,nan,0,nan,0,nan,0,nan,0,nan,0,nan,0,nan,0,nan,0
1597988283631912960,1597988284236000000,2020-08-21 13:38:04.236000,7150.0,7250.0,7110.0,7250.0,nan,7165.0,198559,7117806500.0,273738,7150.0,524,7145.0,445,nan,0,nan,0,nan,0,nan,0,nan,0,nan,0,nan,0,nan,0
1597988284143670016,1597988284706000128,2020-08-21 13:38:04.706000,7150.0,7250.0,7110.0,7250.0,nan,7165.0,198563,7117949500.0,273738,7150.0,520,7145.0,444,nan,0,nan,0,nan,0,nan,0,nan,0,nan,0,nan,0,nan,0
1597988284632154112,1597988285211000064,2020-08-21 13:38:05.211000,7150.0,7250.0,7110.0,7250.0,nan,7165.0,198563,7117949500.0,273738,7150.0,507,7145.0,450,nan,0,nan,0,nan,0,nan,0,nan,0,nan,0,nan,0,nan,0
1597988285635922944,1597988286236999936,2020-08-21 13:38:06.237000,7150.0,7250.0,7110.0,7250.0,nan,7165.0,198575,7118378500.0,273750,7150.0,495,7145.0,450,nan,0,nan,0,nan,0,nan,0,nan,0,nan,0,nan,0,nan,0
1597988286643283968,1597988287220000000,2020-08-21 13:38:07.220000,7150.0,7250.0,7110.0,7250.0,nan,7165.0,198575,7118378500.0,273750,7150.0,496,7145.0,450,nan,0,nan,0,nan,0,nan,0,nan,0,nan,0,nan,0,nan,0
1597988291161000960,1597988291740999936,2020-08-21 13:38:11.741000,7150.0,7250.0,7110.0,7250.0,nan,7165.0,198575,7118378500.0,273750,7150.0,497,7145.0,452,nan,0,nan,0,nan,0,nan,0,nan,0,nan,0,nan,0,nan,0
1597988291638949888,1597988292220000000,2020-08-21 13:38:12.220000,7150.0,7250.0,7110.0,7250.0,nan,7165.0,198575,7118378500.0,273750,7150.0,497,7145.0,453,nan,0,nan,0,nan,0,nan,0,nan,0,nan,0,nan,0,nan,0
1597988292155858944,1597988292713999872,2020-08-21 13:38:12.714000,7150.0,7250.0,7110.0,7250.0,nan,7165.0,198575,7118378500.0,273750,7150.0,510,7145.0,453,nan,0,nan,0,nan,0,nan,0,nan,0,nan,0,nan,0,nan,0
1597988292638251008,1597988293220999936,2020-08-21 13:38:13.221000,7150.0,7250.0,7110.0,7250.0,nan,7165.0,198575,7118378500.0,273750,7150.0,512,7145.0,453,nan,0,nan,0,nan,0,nan,0,nan,0,nan,0,nan,0,nan,0
1597988296645392896,1597988297220000000,2020-08-21 13:38:17.220000,7150.0,7250.0,7110.0,7250.0,nan,7165.0,198575,7118378500.0,273750,7150.0,512,7145.0,454,nan,0,nan,0,nan,0,nan,0,nan,0,nan,0,nan,0,nan,0
1597988297153359104,1597988297716000000,2020-08-21 13:38:17.716000,7150.0,7250.0,7110.0,7250.0,nan,7165.0,198575,7118378500.0,273750,7150.0,511,7145.0,454,nan,0,nan,0,nan,0,nan,0,nan,0,nan,0,nan,0,nan,0
1597988297638885120,1597988298234999808,2020-08-21 13:38:18.235000,7150.0,7250.0,7110.0,7250.0,nan,7165.0,198575,7118378500.0,273750,7150.0,511,7145.0,467,nan,0,nan,0,nan,0,nan,0,nan,0,nan,0,nan,0,nan,0
1597988298176969984,1597988298721999872,2020-08-21 13:38:18.722000,7150.0,7250.0,7110.0,7250.0,nan,7165.0,198575,7118378500.0,273750,7150.0,514,7145.0,466,nan,0,nan,0,nan,0,nan,0,nan,0,nan,0,nan,0,nan,0
1597988298638820096,1597988299232999936,2020-08-21 13:38:19.233000,7150.0,7250.0,7110.0,7250.0,nan,7165.0,198575,7118378500.0,273750,7150.0,514,7145.0,469,nan,0,nan,0,nan,0,nan,0,nan,0,nan,0,nan,0,nan,0
1597988299640518912,1597988300231000064,2020-08-21 13:38:20.231000,7150.0,7250.0,7110.0,7250.0,nan,7165.0,198584,7118700250.0,273750,7150.0,505,7145.0,469,nan,0,nan,0,nan,0,nan,0,nan,0,nan,0,nan,0,nan,0
1597988300149185024,1597988300708000000,2020-08-21 13:38:20.708000,7150.0,7250.0,7110.0,7250.0,nan,7165.0,198584,7118700250.0,273750,7150.0,507,7145.0,469,nan,0,nan,0,nan,0,nan,0,nan,0,nan,0,nan,0,nan,0
1597988300688967936,1597988301226000128,2020-08-21 13:38:21.226000,7150.0,7250.0,7110.0,7250.0,nan,7165.0,198585,7118736000.0,273751,7150.0,505,7145.0,469,nan,0,nan,0,nan,0,nan,0,nan,0,nan,0,nan,0,nan,0
1597988301456674048,1597988301740999936,2020-08-21 13:38:21.741000,7145.0,7250.0,7110.0,7250.0,nan,7165.0,198586,7118771725.0,273750,7150.0,505,7145.0,469,nan,0,nan,0,nan,0,nan,0,nan,0,nan,0,nan,0,nan,0
1597988301833639936,1597988302231000064,2020-08-21 13:38:22.231000,7145.0,7250.0,7110.0,7250.0,nan,7165.0,198586,7118771725.0,273750,7150.0,506,7145.0,469,nan,0,nan,0,nan,0,nan,0,nan,0,nan,0,nan,0,nan,0
1597988304193210112,1597988304743000064,2020-08-21 13:38:24.743000,7145.0,7250.0,7110.0,7250.0,nan,7165.0,198586,7118771725.0,273750,7150.0,506,7145.0,468,nan,0,nan,0,nan,0,nan,0,nan,0,nan,0,nan,0,nan,0
1597988304653812992,1597988305243000064,2020-08-21 13:38:25.243000,7145.0,7250.0,7110.0,7250.0,nan,7165.0,198586,7118771725.0,273750,7150.0,506,7145.0,469,nan,0,nan,0,nan,0,nan,0,nan,0,nan,0,nan,0,nan,0
1597988305634789120,1597988306236000000,2020-08-21 13:38:26.236000,7145.0,7250.0,7110.0,7250.0,nan,7165.0,198586,7118771725.0,273750,7150.0,506,7145.0,470,nan,0,nan,0,nan,0,nan,0,nan,0,nan,0,nan,0,nan,0
1597988306146756096,1597988306742000128,2020-08-21 13:38:26.742000,7145.0,7250.0,7110.0,7250.0,nan,7165.0,198586,7118771725.0,273750,7150.0,506,7145.0,474,nan,0,nan,0,nan,0,nan,0,nan,0,nan,0,nan,0,nan,0
1597988306629371904,1597988307209000192,2020-08-21 13:38:27.209000,7145.0,7250.0,7110.0,7250.0,nan,7165.0,198586,7118771725.0,273750,7150.0,514,7145.0,477,nan,0,nan,0,nan,0,nan,0,nan,0,nan,0,nan,0,nan,0
1597988309191833088,1597988309736000000,2020-08-21 13:38:29.736000,7145.0,7250.0,7110.0,7250.0,nan,7165.0,198586,7118771725.0,273750,7150.0,514,7145.0,467,nan,0,nan,0,nan,0,nan,0,nan,0,nan,0,nan,0,nan,0
1597988309700617984,1597988310226000128,2020-08-21 13:38:30.226000,7145.0,7250.0,7110.0,7250.0,nan,7165.0,198586,7118771725.0,273750,7150.0,515,7145.0,468,nan,0,nan,0,nan,0,nan,0,nan,0,nan,0,nan,0,nan,0
1597988310239130112,1597988310736999936,2020-08-21 13:38:30.737000,7145.0,7250.0,7110.0,7250.0,nan,7165.0,198586,7118771725.0,273750,7150.0,515,7145.0,470,nan,0,nan,0,nan,0,nan,0,nan,0,nan,0,nan,0,nan,0
1597988310670912000,1597988311232999936,2020-08-21 13:38:31.233000,7145.0,7250.0,7110.0,7250.0,nan,7165.0,198587,7118807450.0,273749,7150.0,515,7145.0,469,nan,0,nan,0,nan,0,nan,0,nan,0,nan,0,nan,0,nan,0
1597988311149519104,1597988311724000000,2020-08-21 13:38:31.724000,7145.0,7250.0,7110.0,7250.0,nan,7165.0,198587,7118807450.0,273749,7150.0,488,7145.0,469,nan,0,nan,0,nan,0,nan,0,nan,0,nan,0,nan,0,nan,0
1597988313165728000,1597988313737999872,2020-08-21 13:38:33.738000,7145.0,7250.0,7110.0,7250.0,nan,7165.0,198587,7118807450.0,273749,7150.0,490,7145.0,469,nan,0,nan,0,nan,0,nan,0,nan,0,nan,0,nan,0,nan,0
1597988314136979968,1597988314733999872,2020-08-21 13:38:34.734000,7145.0,7250.0,7110.0,7250.0,nan,7165.0,198587,7118807450.0,273749,7150.0,490,7145.0,429,nan,0,nan,0,nan,0,nan,0,nan,0,nan,0,nan,0,nan,0
1597988315160216064,1597988315729000192,2020-08-21 13:38:35.729000,7145.0,7250.0,7110.0,7250.0,nan,7165.0,198588,7118843175.0,273748,7150.0,490,7145.0,428,nan,0,nan,0,nan,0,nan,0,nan,0,nan,0,nan,0,nan,0
1597988315695042048,1597988316223000064,2020-08-21 13:38:36.223000,7145.0,7250.0,7110.0,7250.0,nan,7165.0,198588,7118843175.0,273748,7150.0,495,7145.0,428,nan,0,nan,0,nan,0,nan,0,nan,0,nan,0,nan,0,nan,0
1597988318151202048,1597988318714999808,2020-08-21 13:38:38.715000,7145.0,7250.0,7110.0,7250.0,nan,7165.0,198589,7118878900.0,273747,7150.0,497,7145.0,427,nan,0,nan,0,nan,0,nan,0,nan,0,nan,0,nan,0,nan,0
1597988319640943104,1597988320240999936,2020-08-21 13:38:40.241000,7145.0,7250.0,7110.0,7250.0,nan,7165.0,198589,7118878900.0,273747,7150.0,510,7145.0,426,nan,0,nan,0,nan,0,nan,0,nan,0,nan,0,nan,0,nan,0
1597988320641210112,1597988321224999936,2020-08-21 13:38:41.225000,7145.0,7250.0,7110.0,7250.0,nan,7165.0,198589,7118878900.0,273747,7150.0,510,7145.0,428,nan,0,nan,0,nan,0,nan,0,nan,0,nan,0,nan,0,nan,0
1597988321178904064,1597988321740999936,2020-08-21 13:38:41.741000,7145.0,7250.0,7110.0,7250.0,nan,7165.0,198616,7119843475.0,273747,7150.0,510,7145.0,396,nan,0,nan,0,nan,0,nan,0,nan,0,nan,0,nan,0,nan,0
1597988322631916032,1597988323213999872,2020-08-21 13:38:43.214000,7145.0,7250.0,7110.0,7250.0,nan,7165.0,198616,7119843475.0,273747,7150.0,511,7145.0,396,nan,0,nan,0,nan,0,nan,0,nan,0,nan,0,nan,0,nan,0
1597988323137132032,1597988323732999936,2020-08-21 13:38:43.733000,7145.0,7250.0,7110.0,7250.0,nan,7165.0,198616,7119843475.0,273747,7150.0,511,7145.0,386,nan,0,nan,0,nan,0,nan,0,nan,0,nan,0,nan,0,nan,0
1597988323639640064,1597988324236999936,2020-08-21 13:38:44.237000,7145.0,7250.0,7110.0,7250.0,nan,7165.0,198616,7119843475.0,273747,7150.0,512,7145.0,386,nan,0,nan,0,nan,0,nan,0,nan,0,nan,0,nan,0,nan,0
1597988324184526080,1597988324729000192,2020-08-21 13:38:44.729000,7145.0,7250.0,7110.0,7250.0,nan,7165.0,198616,7119843475.0,273747,7150.0,512,7145.0,387,nan,0,nan,0,nan,0,nan,0,nan,0,nan,0,nan,0,nan,0
1597988325678754048,1597988326224000000,2020-08-21 13:38:46.224000,7145.0,7250.0,7110.0,7250.0,nan,7165.0,198616,7119843475.0,273747,7150.0,512,7145.0,388,nan,0,nan,0,nan,0,nan,0,nan,0,nan,0,nan,0,nan,0
1597988326150113024,1597988326737999872,2020-08-21 13:38:46.738000,7145.0,7250.0,7110.0,7250.0,nan,7165.0,198616,7119843475.0,273747,7150.0,512,7145.0,387,nan,0,nan,0,nan,0,nan,0,nan,0,nan,0,nan,0,nan,0
1597988326781206016,1597988327224999936,2020-08-21 13:38:47.225000,7145.0,7250.0,7110.0,7250.0,nan,7165.0,198621,7120022100.0,273742,7150.0,512,7145.0,383,nan,0,nan,0,nan,0,nan,0,nan,0,nan,0,nan,0,nan,0
1597988327284797952,1597988327712000000,2020-08-21 13:38:47.712000,7150.0,7250.0,7110.0,7250.0,nan,7165.0,198631,7120379600.0,273752,7150.0,503,7145.0,382,nan,0,nan,0,nan,0,nan,0,nan,0,nan,0,nan,0,nan,0
1597988327662278912,1597988328172000000,2020-08-21 13:38:48.172000,7150.0,7250.0,7110.0,7250.0,nan,7165.0,198631,7120379600.0,273752,7150.0,506,7145.0,382,nan,0,nan,0,nan,0,nan,0,nan,0,nan,0,nan,0,nan,0
1597988328184701952,1597988328732000000,2020-08-21 13:38:48.732000,7150.0,7250.0,7110.0,7250.0,nan,7165.0,198664,7121559350.0,273755,7150.0,506,7145.0,369,nan,0,nan,0,nan,0,nan,0,nan,0,nan,0,nan,0,nan,0
1597988328707973120,1597988329211000064,2020-08-21 13:38:49.211000,7150.0,7250.0,7110.0,7250.0,nan,7165.0,198664,7121559350.0,273755,7150.0,505,7145.0,369,nan,0,nan,0,nan,0,nan,0,nan,0,nan,0,nan,0,nan,0
1597988330677955072,1597988331240000000,2020-08-21 13:38:51.240000,7150.0,7250.0,7110.0,7250.0,nan,7165.0,198664,7121559350.0,273755,7150.0,536,7145.0,369,nan,0,nan,0,nan,0,nan,0,nan,0,nan,0,nan,0,nan,0
1597988333160052992,1597988333742000128,2020-08-21 13:38:53.742000,7150.0,7250.0,7110.0,7250.0,nan,7165.0,198665,7121595100.0,273755,7150.0,536,7145.0,368,nan,0,nan,0,nan,0,nan,0,nan,0,nan,0,nan,0,nan,0
1597988333702477056,1597988334240999936,2020-08-21 13:38:54.241000,7150.0,7250.0,7110.0,7250.0,nan,7165.0,198665,7121595100.0,273755,7150.0,536,7145.0,369,nan,0,nan,0,nan,0,nan,0,nan,0,nan,0,nan,0,nan,0
1597988334202567936,1597988334690000128,2020-08-21 13:38:54.690000,7150.0,7250.0,7110.0,7250.0,nan,7165.0,198666,7121630850.0,273756,7150.0,535,7145.0,369,nan,0,nan,0,nan,0,nan,0,nan,0,nan,0,nan,0,nan,0
1597988334631134976,1597988335183000064,2020-08-21 13:38:55.183000,7150.0,7250.0,7110.0,7250.0,nan,7165.0,198668,7121702350.0,273756,7150.0,533,7145.0,368,nan,0,nan,0,nan,0,nan,0,nan,0,nan,0,nan,0,nan,0
1597988335180901120,1597988335736999936,2020-08-21 13:38:55.737000,7150.0,7250.0,7110.0,7250.0,nan,7165.0,198668,7121702350.0,273756,7150.0,536,7145.0,368,nan,0,nan,0,nan,0,nan,0,nan,0,nan,0,nan,0,nan,0
1597988335670648064,1597988336194000128,2020-08-21 13:38:56.194000,7150.0,7250.0,7110.0,7250.0,nan,7165.0,198668,7121702350.0,273756,7150.0,538,7145.0,368,nan,0,nan,0,nan,0,nan,0,nan,0,nan,0,nan,0,nan,0
1597988337221721088,1597988337703000064,2020-08-21 13:38:57.703000,7145.0,7250.0,7110.0,7250.0,nan,7165.0,198669,7121738075.0,273756,7150.0,538,7145.0,368,nan,0,nan,0,nan,0,nan,0,nan,0,nan,0,nan,0,nan,0
1597988337650020096,1597988338230000128,2020-08-21 13:38:58.230000,7145.0,7250.0,7110.0,7250.0,nan,7165.0,198669,7121738075.0,273756,7150.0,538,7145.0,372,nan,0,nan,0,nan,0,nan,0,nan,0,nan,0,nan,0,nan,0
1597988338681509120,1597988339234999808,2020-08-21 13:38:59.235000,7145.0,7250.0,7110.0,7250.0,nan,7165.0,198669,7121738075.0,273756,7150.0,539,7145.0,371,nan,0,nan,0,nan,0,nan,0,nan,0,nan,0,nan,0,nan,0
1597988339252859904,1597988339732000000,2020-08-21 13:38:59.732000,7150.0,7250.0,7110.0,7250.0,nan,7165.0,198670,7121773825.0,273757,7150.0,538,7145.0,371,nan,0,nan,0,nan,0,nan,0,nan,0,nan,0,nan,0,nan,0
1597988342708838912,1597988343236999936,2020-08-21 13:39:03.237000,7150.0,7250.0,7110.0,7250.0,nan,7165.0,198671,7121809575.0,273758,7150.0,537,7145.0,371,nan,0,nan,0,nan,0,nan,0,nan,0,nan,0,nan,0,nan,0
1597988343157028096,1597988343740000000,2020-08-21 13:39:03.740000,7150.0,7250.0,7110.0,7250.0,nan,7165.0,198671,7121809575.0,273758,7150.0,537,7145.0,372,nan,0,nan,0,nan,0,nan,0,nan,0,nan,0,nan,0,nan,0
1597988343654042112,1597988344221999872,2020-08-21 13:39:04.222000,7150.0,7250.0,7110.0,7250.0,nan,7165.0,198671,7121809575.0,273758,7150.0,537,7145.0,373,nan,0,nan,0,nan,0,nan,0,nan,0,nan,0,nan,0,nan,0
1597988346184179968,1597988346724999936,2020-08-21 13:39:06.725000,7150.0,7250.0,7110.0,7250.0,nan,7165.0,198671,7121809575.0,273758,7150.0,537,7145.0,374,nan,0,nan,0,nan,0,nan,0,nan,0,nan,0,nan,0,nan,0
1597988346668574976,1597988347239000064,2020-08-21 13:39:07.239000,7150.0,7250.0,7110.0,7250.0,nan,7165.0,198676,7121988325.0,273758,7150.0,532,7145.0,373,nan,0,nan,0,nan,0,nan,0,nan,0,nan,0,nan,0,nan,0
1597988347188928000,1597988347711000064,2020-08-21 13:39:07.711000,7150.0,7250.0,7110.0,7250.0,nan,7165.0,198679,7122095575.0,273759,7150.0,529,7145.0,373,nan,0,nan,0,nan,0,nan,0,nan,0,nan,0,nan,0,nan,0
1597988348158782976,1597988348707000064,2020-08-21 13:39:08.707000,7150.0,7250.0,7110.0,7250.0,nan,7165.0,198679,7122095575.0,273759,7150.0,525,7145.0,373,nan,0,nan,0,nan,0,nan,0,nan,0,nan,0,nan,0,nan,0
1597988349173438976,1597988349740000000,2020-08-21 13:39:09.740000,7150.0,7250.0,7110.0,7250.0,nan,7165.0,198679,7122095575.0,273759,7150.0,535,7145.0,373,nan,0,nan,0,nan,0,nan,0,nan,0,nan,0,nan,0,nan,0
1597988352724918016,1597988353220999936,2020-08-21 13:39:13.221000,7150.0,7250.0,7110.0,7250.0,nan,7165.0,198679,7122095575.0,273759,7150.0,522,7145.0,373,nan,0,nan,0,nan,0,nan,0,nan,0,nan,0,nan,0,nan,0
1597988353181722880,1597988353730000128,2020-08-21 13:39:13.730000,7150.0,7250.0,7110.0,7250.0,nan,7165.0,198679,7122095575.0,273759,7150.0,521,7145.0,373,nan,0,nan,0,nan,0,nan,0,nan,0,nan,0,nan,0,nan,0
1597988353637854976,1597988354242000128,2020-08-21 13:39:14.242000,7145.0,7250.0,7110.0,7250.0,nan,7165.0,198680,7122131300.0,273758,7150.0,521,7145.0,372,nan,0,nan,0,nan,0,nan,0,nan,0,nan,0,nan,0,nan,0
1597988354181903104,1597988354724999936,2020-08-21 13:39:14.725000,7145.0,7250.0,7110.0,7250.0,nan,7165.0,198680,7122131300.0,273758,7150.0,522,7145.0,372,nan,0,nan,0,nan,0,nan,0,nan,0,nan,0,nan,0,nan,0
1597988354640660992,1597988355237999872,2020-08-21 13:39:15.238000,7145.0,7250.0,7110.0,7250.0,nan,7165.0,198680,7122131300.0,273758,7150.0,530,7145.0,372,nan,0,nan,0,nan,0,nan,0,nan,0,nan,0,nan,0,nan,0
1597988355152867072,1597988355742000128,2020-08-21 13:39:15.742000,7145.0,7250.0,7110.0,7250.0,nan,7165.0,198680,7122131300.0,273758,7150.0,535,7145.0,372,nan,0,nan,0,nan,0,nan,0,nan,0,nan,0,nan,0,nan,0
1597988356634906112,1597988357214999808,2020-08-21 13:39:17.215000,7145.0,7250.0,7110.0,7250.0,nan,7165.0,198680,7122131300.0,273758,7150.0,540,7145.0,372,nan,0,nan,0,nan,0,nan,0,nan,0,nan,0,nan,0,nan,0
1597988357159083008,1597988357663000064,2020-08-21 13:39:17.663000,7145.0,7250.0,7110.0,7250.0,nan,7165.0,198680,7122131300.0,273758,7150.0,540,7145.0,393,nan,0,nan,0,nan,0,nan,0,nan,0,nan,0,nan,0,nan,0
1597988357638766080,1597988358234999808,2020-08-21 13:39:18.235000,7145.0,7250.0,7110.0,7250.0,nan,7165.0,198680,7122131300.0,273758,7150.0,542,7145.0,393,nan,0,nan,0,nan,0,nan,0,nan,0,nan,0,nan,0,nan,0
1597988359147044096,1597988359740000000,2020-08-21 13:39:19.740000,7150.0,7250.0,7110.0,7250.0,nan,7165.0,198689,7122453050.0,273758,7150.0,533,7145.0,393,nan,0,nan,0,nan,0,nan,0,nan,0,nan,0,nan,0,nan,0
1597988360631496960,1597988361153000192,2020-08-21 13:39:21.153000,7150.0,7250.0,7110.0,7250.0,nan,7165.0,198689,7122453050.0,273758,7150.0,533,7145.0,394,nan,0,nan,0,nan,0,nan,0,nan,0,nan,0,nan,0,nan,0
1597988361168454912,1597988361737999872,2020-08-21 13:39:21.738000,7150.0,7250.0,7110.0,7250.0,nan,7165.0,198689,7122453050.0,273758,7150.0,543,7145.0,394,nan,0,nan,0,nan,0,nan,0,nan,0,nan,0,nan,0,nan,0
1597988362635719936,1597988363230000128,2020-08-21 13:39:23.230000,7150.0,7250.0,7110.0,7250.0,nan,7165.0,198689,7122453050.0,273758,7150.0,544,7145.0,394,nan,0,nan,0,nan,0,nan,0,nan,0,nan,0,nan,0,nan,0
1597988363642338048,1597988364230000128,2020-08-21 13:39:24.230000,7150.0,7250.0,7110.0,7250.0,nan,7165.0,198689,7122453050.0,273758,7150.0,551,7145.0,394,nan,0,nan,0,nan,0,nan,0,nan,0,nan,0,nan,0,nan,0
1597988364179512064,1597988364740000000,2020-08-21 13:39:24.740000,7145.0,7250.0,7110.0,7250.0,nan,7165.0,198690,7122488775.0,273757,7150.0,551,7145.0,393,nan,0,nan,0,nan,0,nan,0,nan,0,nan,0,nan,0,nan,0
1597988364632526080,1597988365242000128,2020-08-21 13:39:25.242000,7145.0,7250.0,7110.0,7250.0,nan,7165.0,198690,7122488775.0,273757,7150.0,551,7145.0,392,nan,0,nan,0,nan,0,nan,0,nan,0,nan,0,nan,0,nan,0
1597988365629563904,1597988366243000064,2020-08-21 13:39:26.243000,7150.0,7250.0,7110.0,7250.0,nan,7165.0,198691,7122524525.0,273758,7150.0,551,7145.0,392,nan,0,nan,0,nan,0,nan,0,nan,0,nan,0,nan,0,nan,0
1597988366210750976,1597988366731000064,2020-08-21 13:39:26.731000,7150.0,7250.0,7110.0,7250.0,nan,7165.0,198691,7122524525.0,273758,7150.0,566,7145.0,392,nan,0,nan,0,nan,0,nan,0,nan,0,nan,0,nan,0,nan,0
1597988367195803904,1597988367731000064,2020-08-21 13:39:27.731000,7150.0,7250.0,7110.0,7250.0,nan,7165.0,198692,7122560275.0,273759,7150.0,565,7145.0,393,nan,0,nan,0,nan,0,nan,0,nan,0,nan,0,nan,0,nan,0
1597988367663192064,1597988368209000192,2020-08-21 13:39:28.209000,7150.0,7250.0,7110.0,7250.0,nan,7165.0,198692,7122560275.0,273759,7150.0,566,7145.0,393,nan,0,nan,0,nan,0,nan,0,nan,0,nan,0,nan,0,nan,0
1597988368137917952,1597988368736999936,2020-08-21 13:39:28.737000,7150.0,7250.0,7110.0,7250.0,nan,7165.0,198692,7122560275.0,273759,7150.0,558,7145.0,393,nan,0,nan,0,nan,0,nan,0,nan,0,nan,0,nan,0,nan,0
1597988368636078080,1597988369236999936,2020-08-21 13:39:29.237000,7150.0,7250.0,7110.0,7250.0,nan,7165.0,198692,7122560275.0,273759,7150.0,558,7145.0,392,nan,0,nan,0,nan,0,nan,0,nan,0,nan,0,nan,0,nan,0
1597988369195461120,1597988369731000064,2020-08-21 13:39:29.731000,7150.0,7250.0,7110.0,7250.0,nan,7165.0,198692,7122560275.0,273759,7150.0,558,7145.0,393,nan,0,nan,0,nan,0,nan,0,nan,0,nan,0,nan,0,nan,0
1597988371132879104,1597988371739000064,2020-08-21 13:39:31.739000,7150.0,7250.0,7110.0,7250.0,nan,7165.0,198692,7122560275.0,273759,7150.0,559,7145.0,393,nan,0,nan,0,nan,0,nan,0,nan,0,nan,0,nan,0,nan,0
1597988371662876928,1597988372240999936,2020-08-21 13:39:32.241000,7150.0,7250.0,7110.0,7250.0,nan,7165.0,198692,7122560275.0,273759,7150.0,559,7145.0,392,nan,0,nan,0,nan,0,nan,0,nan,0,nan,0,nan,0,nan,0
1597988375635108096,1597988376240000000,2020-08-21 13:39:36.240000,7150.0,7250.0,7110.0,7250.0,nan,7165.0,198692,7122560275.0,273759,7150.0,559,7145.0,393,nan,0,nan,0,nan,0,nan,0,nan,0,nan,0,nan,0,nan,0
1597988376170066944,1597988376744000000,2020-08-21 13:39:36.744000,7150.0,7250.0,7110.0,7250.0,nan,7165.0,198692,7122560275.0,273759,7150.0,559,7145.0,395,nan,0,nan,0,nan,0,nan,0,nan,0,nan,0,nan,0,nan,0
1597988379633314048,1597988380232999936,2020-08-21 13:39:40.233000,7150.0,7250.0,7110.0,7250.0,nan,7165.0,198692,7122560275.0,273759,7150.0,559,7145.0,396,nan,0,nan,0,nan,0,nan,0,nan,0,nan,0,nan,0,nan,0
1597988381159367936,1597988381719000064,2020-08-21 13:39:41.719000,7150.0,7250.0,7110.0,7250.0,nan,7165.0,198692,7122560275.0,273759,7150.0,559,7145.0,400,nan,0,nan,0,nan,0,nan,0,nan,0,nan,0,nan,0,nan,0
1597988382147145984,1597988382732000000,2020-08-21 13:39:42.732000,7150.0,7250.0,7110.0,7250.0,nan,7165.0,198692,7122560275.0,273759,7150.0,557,7145.0,400,nan,0,nan,0,nan,0,nan,0,nan,0,nan,0,nan,0,nan,0
1597988382638095104,1597988383216999936,2020-08-21 13:39:43.217000,7150.0,7250.0,7110.0,7250.0,nan,7165.0,198696,7122703275.0,273759,7150.0,557,7145.0,404,nan,0,nan,0,nan,0,nan,0,nan,0,nan,0,nan,0,nan,0
1597988385176813056,1597988385733999872,2020-08-21 13:39:45.734000,7150.0,7250.0,7110.0,7250.0,nan,7165.0,198697,7122739025.0,273760,7150.0,556,7145.0,404,nan,0,nan,0,nan,0,nan,0,nan,0,nan,0,nan,0,nan,0
1597988385636811008,1597988386194000128,2020-08-21 13:39:46.194000,7150.0,7250.0,7110.0,7250.0,nan,7165.0,198697,7122739025.0,273760,7150.0,569,7145.0,404,nan,0,nan,0,nan,0,nan,0,nan,0,nan,0,nan,0,nan,0
1597988388149029888,1597988388739000064,2020-08-21 13:39:48.739000,7150.0,7250.0,7110.0,7250.0,nan,7165.0,198700,7122846275.0,273763,7150.0,566,7145.0,404,nan,0,nan,0,nan,0,nan,0,nan,0,nan,0,nan,0,nan,0
1597988389146839040,1597988389707000064,2020-08-21 13:39:49.707000,7150.0,7250.0,7110.0,7250.0,nan,7165.0,198700,7122846275.0,273763,7150.0,566,7145.0,412,nan,0,nan,0,nan,0,nan,0,nan,0,nan,0,nan,0,nan,0
1597988389639399936,1597988390240000000,2020-08-21 13:39:50.240000,7150.0,7250.0,7110.0,7250.0,nan,7165.0,198700,7122846275.0,273763,7150.0,574,7145.0,408,nan,0,nan,0,nan,0,nan,0,nan,0,nan,0,nan,0,nan,0
1597988390166996992,1597988390744000000,2020-08-21 13:39:50.744000,7150.0,7250.0,7110.0,7250.0,nan,7165.0,198705,7123025025.0,273768,7150.0,567,7145.0,408,nan,0,nan,0,nan,0,nan,0,nan,0,nan,0,nan,0,nan,0
1597988390645490944,1597988391240999936,2020-08-21 13:39:51.241000,7150.0,7250.0,7110.0,7250.0,nan,7165.0,198705,7123025025.0,273768,7150.0,572,7145.0,408,nan,0,nan,0,nan,0,nan,0,nan,0,nan,0,nan,0,nan,0
1597988391167577088,1597988391742000128,2020-08-21 13:39:51.742000,7150.0,7250.0,7110.0,7250.0,nan,7165.0,198705,7123025025.0,273768,7150.0,573,7145.0,408,nan,0,nan,0,nan,0,nan,0,nan,0,nan,0,nan,0,nan,0
1597988393156544000,1597988393729000192,2020-08-21 13:39:53.729000,7150.0,7250.0,7110.0,7250.0,nan,7165.0,198708,7123132275.0,273771,7150.0,570,7145.0,408,nan,0,nan,0,nan,0,nan,0,nan,0,nan,0,nan,0,nan,0
1597988395641773056,1597988396236000000,2020-08-21 13:39:56.236000,7150.0,7250.0,7110.0,7250.0,nan,7165.0,198713,7123311025.0,273776,7150.0,565,7145.0,408,nan,0,nan,0,nan,0,nan,0,nan,0,nan,0,nan,0,nan,0
1597988396156667904,1597988396729000192,2020-08-21 13:39:56.729000,7150.0,7250.0,7110.0,7250.0,nan,7165.0,198713,7123311025.0,273776,7150.0,555,7145.0,408,nan,0,nan,0,nan,0,nan,0,nan,0,nan,0,nan,0,nan,0
1597988396646139904,1597988397231000064,2020-08-21 13:39:57.231000,7145.0,7250.0,7110.0,7250.0,nan,7165.0,198715,7123382475.0,273774,7150.0,555,7145.0,406,nan,0,nan,0,nan,0,nan,0,nan,0,nan,0,nan,0,nan,0
1597988397172548096,1597988397743000064,2020-08-21 13:39:57.743000,7145.0,7250.0,7110.0,7250.0,nan,7165.0,198715,7123382475.0,273774,7150.0,562,7145.0,386,nan,0,nan,0,nan,0,nan,0,nan,0,nan,0,nan,0,nan,0
1597988398168742912,1597988398740999936,2020-08-21 13:39:58.741000,7145.0,7250.0,7110.0,7250.0,nan,7165.0,198715,7123382475.0,273774,7150.0,565,7145.0,386,nan,0,nan,0,nan,0,nan,0,nan,0,nan,0,nan,0,nan,0
1597988399149699072,1597988399734999808,2020-08-21 13:39:59.735000,7150.0,7250.0,7110.0,7250.0,nan,7165.0,198719,7123525475.0,273778,7150.0,562,7145.0,386,nan,0,nan,0,nan,0,nan,0,nan,0,nan,0,nan,0,nan,0
1597988399635919104,1597988400224000000,2020-08-21 13:40:00.224000,7150.0,7250.0,7110.0,7250.0,nan,7165.0,198719,7123525475.0,273778,7150.0,568,7145.0,386,nan,0,nan,0,nan,0,nan,0,nan,0,nan,0,nan,0,nan,0
1597988400651781888,1597988401224999936,2020-08-21 13:40:01.225000,7150.0,7250.0,7110.0,7250.0,nan,7165.0,198723,7123668475.0,273782,7150.0,564,7145.0,384,nan,0,nan,0,nan,0,nan,0,nan,0,nan,0,nan,0,nan,0
1597988401152071936,1597988401694000128,2020-08-21 13:40:01.694000,7150.0,7250.0,7110.0,7250.0,nan,7165.0,198723,7123668475.0,273782,7150.0,564,7145.0,388,nan,0,nan,0,nan,0,nan,0,nan,0,nan,0,nan,0,nan,0
1597988401644942080,1597988402216999936,2020-08-21 13:40:02.217000,7150.0,7250.0,7110.0,7250.0,nan,7165.0,198743,7124383475.0,273767,7150.0,545,7145.0,387,nan,0,nan,0,nan,0,nan,0,nan,0,nan,0,nan,0,nan,0
1597988402210054912,1597988402729000192,2020-08-21 13:40:02.729000,7150.0,7250.0,7110.0,7250.0,nan,7165.0,198746,7124490725.0,273767,7150.0,541,7145.0,397,nan,0,nan,0,nan,0,nan,0,nan,0,nan,0,nan,0,nan,0
1597988403182647040,1597988403719000064,2020-08-21 13:40:03.719000,7145.0,7250.0,7110.0,7250.0,nan,7165.0,198776,7125562475.0,273765,7150.0,549,7145.0,368,nan,0,nan,0,nan,0,nan,0,nan,0,nan,0,nan,0,nan,0
1597988403647117056,1597988404188999936,2020-08-21 13:40:04.189000,7145.0,7250.0,7110.0,7250.0,nan,7165.0,198776,7125562475.0,273765,7150.0,549,7145.0,363,nan,0,nan,0,nan,0,nan,0,nan,0,nan,0,nan,0,nan,0
1597988404163766016,1597988404724000000,2020-08-21 13:40:04.724000,7145.0,7250.0,7110.0,7250.0,nan,7165.0,198777,7125598200.0,273765,7150.0,549,7145.0,362,nan,0,nan,0,nan,0,nan,0,nan,0,nan,0,nan,0,nan,0
1597988404651048960,1597988405221999872,2020-08-21 13:40:05.222000,7145.0,7250.0,7110.0,7250.0,nan,7165.0,198777,7125598200.0,273765,7150.0,553,7145.0,363,nan,0,nan,0,nan,0,nan,0,nan,0,nan,0,nan,0,nan,0
1597988405156300032,1597988405729000192,2020-08-21 13:40:05.729000,7150.0,7250.0,7110.0,7250.0,nan,7165.0,198778,7125633950.0,273765,7150.0,554,7145.0,362,nan,0,nan,0,nan,0,nan,0,nan,0,nan,0,nan,0,nan,0
1597988405649337088,1597988406188000000,2020-08-21 13:40:06.188000,7150.0,7250.0,7110.0,7250.0,nan,7165.0,198778,7125633950.0,273765,7150.0,555,7145.0,363,nan,0,nan,0,nan,0,nan,0,nan,0,nan,0,nan,0,nan,0
1597988407179546880,1597988407719000064,2020-08-21 13:40:07.719000,7150.0,7250.0,7110.0,7250.0,nan,7165.0,198778,7125633950.0,273765,7150.0,556,7145.0,363,nan,0,nan,0,nan,0,nan,0,nan,0,nan,0,nan,0,nan,0
1597988408182836992,1597988408740000000,2020-08-21 13:40:08.740000,7150.0,7250.0,7110.0,7250.0,nan,7165.0,198779,7125669700.0,273765,7150.0,554,7145.0,363,nan,0,nan,0,nan,0,nan,0,nan,0,nan,0,nan,0,nan,0
1597988408631657984,1597988409176000000,2020-08-21 13:40:09.176000,7150.0,7250.0,7110.0,7250.0,nan,7165.0,198779,7125669700.0,273765,7150.0,569,7145.0,365,nan,0,nan,0,nan,0,nan,0,nan,0,nan,0,nan,0,nan,0
1597988409180624896,1597988409727000064,2020-08-21 13:40:09.727000,7150.0,7250.0,7110.0,7250.0,nan,7165.0,198781,7125741175.0,273765,7150.0,570,7145.0,364,nan,0,nan,0,nan,0,nan,0,nan,0,nan,0,nan,0,nan,0
1597988409632550912,1597988410096000000,2020-08-21 13:40:10.096000,7150.0,7250.0,7110.0,7250.0,nan,7165.0,198781,7125741175.0,273765,7150.0,569,7145.0,364,nan,0,nan,0,nan,0,nan,0,nan,0,nan,0,nan,0,nan,0
1597988411646680064,1597988412224999936,2020-08-21 13:40:12.225000,7150.0,7250.0,7110.0,7250.0,nan,7165.0,198783,7125812675.0,273765,7150.0,569,7145.0,364,nan,0,nan,0,nan,0,nan,0,nan,0,nan,0,nan,0,nan,0
1597988414153970944,1597988414704000000,2020-08-21 13:40:14.704000,7145.0,7250.0,7110.0,7250.0,nan,7165.0,198784,7125848400.0,273765,7150.0,569,7145.0,362,nan,0,nan,0,nan,0,nan,0,nan,0,nan,0,nan,0,nan,0
1597988414642952960,1597988415191000064,2020-08-21 13:40:15.191000,7150.0,7250.0,7110.0,7250.0,nan,7165.0,198795,7126241650.0,273771,7150.0,546,7145.0,362,nan,0,nan,0,nan,0,nan,0,nan,0,nan,0,nan,0,nan,0
1597988415159129088,1597988415740999936,2020-08-21 13:40:15.741000,7150.0,7250.0,7110.0,7250.0,nan,7165.0,198796,7126277400.0,273770,7150.0,538,7145.0,362,nan,0,nan,0,nan,0,nan,0,nan,0,nan,0,nan,0,nan,0
1597988415697487872,1597988416180999936,2020-08-21 13:40:16.181000,7150.0,7250.0,7110.0,7250.0,nan,7165.0,198796,7126277400.0,273770,7150.0,540,7145.0,362,nan,0,nan,0,nan,0,nan,0,nan,0,nan,0,nan,0,nan,0
1597988416188125952,1597988416733999872,2020-08-21 13:40:16.734000,7145.0,7250.0,7110.0,7250.0,nan,7165.0,198797,7126313125.0,273770,7150.0,540,7145.0,361,nan,0,nan,0,nan,0,nan,0,nan,0,nan,0,nan,0,nan,0
1597988416639224064,1597988417236000000,2020-08-21 13:40:17.236000,7145.0,7250.0,7110.0,7250.0,nan,7165.0,198797,7126313125.0,273770,7150.0,540,7145.0,358,nan,0,nan,0,nan,0,nan,0,nan,0,nan,0,nan,0,nan,0
1597988417187275008,1597988417744000000,2020-08-21 13:40:17.744000,7150.0,7250.0,7110.0,7250.0,nan,7165.0,198801,7126456125.0,273770,7150.0,536,7145.0,358,nan,0,nan,0,nan,0,nan,0,nan,0,nan,0,nan,0,nan,0
1597988417643193088,1597988418243000064,2020-08-21 13:40:18.243000,7150.0,7250.0,7110.0,7250.0,nan,7165.0,198801,7126456125.0,273770,7150.0,538,7145.0,378,nan,0,nan,0,nan,0,nan,0,nan,0,nan,0,nan,0,nan,0
1597988418146790912,1597988418734999808,2020-08-21 13:40:18.735000,7150.0,7250.0,7110.0,7250.0,nan,7165.0,198803,7126527625.0,273771,7150.0,536,7145.0,378,nan,0,nan,0,nan,0,nan,0,nan,0,nan,0,nan,0,nan,0
1597988418646667008,1597988419226000128,2020-08-21 13:40:19.226000,7150.0,7250.0,7110.0,7250.0,nan,7165.0,198803,7126527625.0,273771,7150.0,557,7145.0,378,nan,0,nan,0,nan,0,nan,0,nan,0,nan,0,nan,0,nan,0
1597988419141159936,1597988419665999872,2020-08-21 13:40:19.666000,7150.0,7250.0,7110.0,7250.0,nan,7165.0,198804,7126563375.0,273771,7150.0,557,7145.0,378,nan,0,nan,0,nan,0,nan,0,nan,0,nan,0,nan,0,nan,0
1597988420179469056,1597988420740999936,2020-08-21 13:40:20.741000,7145.0,7250.0,7110.0,7250.0,nan,7165.0,198805,7126599100.0,273771,7150.0,557,7145.0,377,nan,0,nan,0,nan,0,nan,0,nan,0,nan,0,nan,0,nan,0
1597988420630673920,1597988421230000128,2020-08-21 13:40:21.230000,7150.0,7250.0,7110.0,7250.0,nan,7165.0,198806,7126634850.0,273771,7150.0,556,7145.0,377,nan,0,nan,0,nan,0,nan,0,nan,0,nan,0,nan,0,nan,0
1597988421150368000,1597988421688000000,2020-08-21 13:40:21.688000,7150.0,7250.0,7110.0,7250.0,nan,7165.0,198809,7126742100.0,273774,7150.0,553,7145.0,377,nan,0,nan,0,nan,0,nan,0,nan,0,nan,0,nan,0,nan,0
1597988421630031104,1597988422176999936,2020-08-21 13:40:22.177000,7150.0,7250.0,7110.0,7250.0,nan,7165.0,198810,7126777850.0,273774,7150.0,552,7145.0,377,nan,0,nan,0,nan,0,nan,0,nan,0,nan,0,nan,0,nan,0
1597988424211694080,1597988424730000128,2020-08-21 13:40:24.730000,7145.0,7250.0,7110.0,7250.0,nan,7165.0,198811,7126813575.0,273774,7150.0,552,7145.0,376,nan,0,nan,0,nan,0,nan,0,nan,0,nan,0,nan,0,nan,0
1597988424638640128,1597988425211000064,2020-08-21 13:40:25.211000,7150.0,7250.0,7110.0,7250.0,nan,7165.0,198813,7126885075.0,273774,7150.0,550,7145.0,376,nan,0,nan,0,nan,0,nan,0,nan,0,nan,0,nan,0,nan,0
1597988426839293952,1597988427206000128,2020-08-21 13:40:27.206000,7145.0,7250.0,7110.0,7250.0,nan,7165.0,198824,7127278050.0,273774,7150.0,551,7145.0,365,nan,0,nan,0,nan,0,nan,0,nan,0,nan,0,nan,0,nan,0
1597988427192087040,1597988427740000000,2020-08-21 13:40:27.740000,7150.0,7250.0,7110.0,7250.0,nan,7165.0,198827,7127385300.0,273776,7150.0,548,7145.0,365,nan,0,nan,0,nan,0,nan,0,nan,0,nan,0,nan,0,nan,0
1597988428631887104,1597988429244999936,2020-08-21 13:40:29.245000,7150.0,7250.0,7110.0,7250.0,nan,7165.0,198827,7127385300.0,273776,7150.0,546,7145.0,365,nan,0,nan,0,nan,0,nan,0,nan,0,nan,0,nan,0,nan,0
1597988429632292096,1597988430226000128,2020-08-21 13:40:30.226000,7150.0,7250.0,7110.0,7250.0,nan,7165.0,198832,7127564050.0,273781,7150.0,541,7145.0,365,nan,0,nan,0,nan,0,nan,0,nan,0,nan,0,nan,0,nan,0
1597988430156635904,1597988430742000128,2020-08-21 13:40:30.742000,7150.0,7250.0,7110.0,7250.0,nan,7165.0,198832,7127564050.0,273781,7150.0,541,7145.0,350,nan,0,nan,0,nan,0,nan,0,nan,0,nan,0,nan,0,nan,0
1597988430641733888,1597988431200999936,2020-08-21 13:40:31.201000,7145.0,7250.0,7110.0,7250.0,nan,7165.0,198833,7127599775.0,273781,7150.0,541,7145.0,350,nan,0,nan,0,nan,0,nan,0,nan,0,nan,0,nan,0,nan,0
1597988431634478080,1597988432244999936,2020-08-21 13:40:32.245000,7145.0,7250.0,7110.0,7250.0,nan,7165.0,198834,7127635500.0,273781,7150.0,541,7145.0,345,nan,0,nan,0,nan,0,nan,0,nan,0,nan,0,nan,0,nan,0
1597988432157348096,1597988432740999936,2020-08-21 13:40:32.741000,7145.0,7250.0,7110.0,7250.0,nan,7165.0,198834,7127635500.0,273781,7150.0,541,7145.0,344,nan,0,nan,0,nan,0,nan,0,nan,0,nan,0,nan,0,nan,0
1597988432633635072,1597988433243000064,2020-08-21 13:40:33.243000,7150.0,7250.0,7110.0,7250.0,nan,7165.0,198841,7127885625.0,273779,7150.0,539,7145.0,340,nan,0,nan,0,nan,0,nan,0,nan,0,nan,0,nan,0,nan,0
1597988434136068096,1597988434720999936,2020-08-21 13:40:34.721000,7145.0,7250.0,7110.0,7250.0,nan,7165.0,198842,7127921350.0,273778,7150.0,539,7145.0,340,nan,0,nan,0,nan,0,nan,0,nan,0,nan,0,nan,0,nan,0
1597988435156880896,1597988435726000128,2020-08-21 13:40:35.726000,7145.0,7250.0,7110.0,7250.0,nan,7165.0,198842,7127921350.0,273778,7150.0,537,7145.0,341,nan,0,nan,0,nan,0,nan,0,nan,0,nan,0,nan,0,nan,0
1597988435632092928,1597988436236999936,2020-08-21 13:40:36.237000,7150.0,7250.0,7110.0,7250.0,nan,7165.0,198845,7128028600.0,273781,7150.0,534,7145.0,339,nan,0,nan,0,nan,0,nan,0,nan,0,nan,0,nan,0,nan,0
1597988439637757952,1597988440224000000,2020-08-21 13:40:40.224000,7150.0,7250.0,7110.0,7250.0,nan,7165.0,198845,7128028600.0,273781,7150.0,539,7145.0,338,nan,0,nan,0,nan,0,nan,0,nan,0,nan,0,nan,0,nan,0
1597988443137751040,1597988443743000064,2020-08-21 13:40:43.743000,7150.0,7250.0,7110.0,7250.0,nan,7165.0,198845,7128028600.0,273781,7150.0,534,7145.0,338,nan,0,nan,0,nan,0,nan,0,nan,0,nan,0,nan,0,nan,0
1597988443658145024,1597988444208000000,2020-08-21 13:40:44.208000,7150.0,7250.0,7110.0,7250.0,nan,7165.0,198845,7128028600.0,273781,7150.0,535,7145.0,337,nan,0,nan,0,nan,0,nan,0,nan,0,nan,0,nan,0,nan,0
1597988444157342976,1597988444728000000,2020-08-21 13:40:44.728000,7145.0,7250.0,7110.0,7250.0,nan,7165.0,198846,7128064325.0,273780,7150.0,535,7145.0,337,nan,0,nan,0,nan,0,nan,0,nan,0,nan,0,nan,0,nan,0
1597988446635906048,1597988447240000000,2020-08-21 13:40:47.240000,7145.0,7250.0,7110.0,7250.0,nan,7165.0,198846,7128064325.0,273780,7150.0,541,7145.0,337,nan,0,nan,0,nan,0,nan,0,nan,0,nan,0,nan,0,nan,0
1597988447140225024,1597988447739000064,2020-08-21 13:40:47.739000,7145.0,7250.0,7110.0,7250.0,nan,7165.0,198846,7128064325.0,273780,7150.0,549,7145.0,337,nan,0,nan,0,nan,0,nan,0,nan,0,nan,0,nan,0,nan,0
1597988447629074944,1597988448232000000,2020-08-21 13:40:48.232000,7145.0,7250.0,7110.0,7250.0,nan,7165.0,198846,7128064325.0,273780,7150.0,554,7145.0,337,nan,0,nan,0,nan,0,nan,0,nan,0,nan,0,nan,0,nan,0
1597988449629723904,1597988450232999936,2020-08-21 13:40:50.233000,7145.0,7250.0,7110.0,7250.0,nan,7165.0,198848,7128135775.0,273778,7150.0,553,7145.0,335,nan,0,nan,0,nan,0,nan,0,nan,0,nan,0,nan,0,nan,0
1597988453147163904,1597988453731000064,2020-08-21 13:40:53.731000,7150.0,7250.0,7110.0,7250.0,nan,7165.0,198849,7128171525.0,273779,7150.0,552,7145.0,335,nan,0,nan,0,nan,0,nan,0,nan,0,nan,0,nan,0,nan,0
1597988453633075968,1597988454232999936,2020-08-21 13:40:54.233000,7150.0,7250.0,7110.0,7250.0,nan,7165.0,198849,7128171525.0,273779,7150.0,556,7145.0,335,nan,0,nan,0,nan,0,nan,0,nan,0,nan,0,nan,0,nan,0
1597988454152271872,1597988454709000192,2020-08-21 13:40:54.709000,7145.0,7250.0,7110.0,7250.0,nan,7165.0,198850,7128207250.0,273778,7150.0,556,7145.0,334,nan,0,nan,0,nan,0,nan,0,nan,0,nan,0,nan,0,nan,0
1597988454632601088,1597988455242000128,2020-08-21 13:40:55.242000,7145.0,7250.0,7110.0,7250.0,nan,7165.0,198850,7128207250.0,273778,7150.0,602,7145.0,334,nan,0,nan,0,nan,0,nan,0,nan,0,nan,0,nan,0,nan,0
1597988464157326080,1597988464740000000,2020-08-21 13:41:04.740000,7145.0,7250.0,7110.0,7250.0,nan,7165.0,198851,7128242975.0,273777,7150.0,602,7145.0,333,nan,0,nan,0,nan,0,nan,0,nan,0,nan,0,nan,0,nan,0
1597988464641912064,1597988465236999936,2020-08-21 13:41:05.237000,7150.0,7250.0,7110.0,7250.0,nan,7165.0,198854,7128350225.0,273777,7150.0,596,7145.0,335,nan,0,nan,0,nan,0,nan,0,nan,0,nan,0,nan,0,nan,0
1597988465181961984,1597988465744999936,2020-08-21 13:41:05.745000,7150.0,7250.0,7110.0,7250.0,nan,7165.0,198854,7128350225.0,273777,7150.0,597,7145.0,335,nan,0,nan,0,nan,0,nan,0,nan,0,nan,0,nan,0,nan,0
1597988465644475904,1597988466186000128,2020-08-21 13:41:06.186000,7150.0,7250.0,7110.0,7250.0,nan,7165.0,198854,7128350225.0,273777,7150.0,599,7145.0,335,nan,0,nan,0,nan,0,nan,0,nan,0,nan,0,nan,0,nan,0
1597988467643256064,1597988468180000000,2020-08-21 13:41:08.180000,7150.0,7250.0,7110.0,7250.0,nan,7165.0,198854,7128350225.0,273777,7150.0,598,7145.0,335,nan,0,nan,0,nan,0,nan,0,nan,0,nan,0,nan,0,nan,0
1597988468151383040,1597988468670000128,2020-08-21 13:41:08.670000,7150.0,7250.0,7110.0,7250.0,nan,7165.0,198854,7128350225.0,273777,7150.0,600,7145.0,335,nan,0,nan,0,nan,0,nan,0,nan,0,nan,0,nan,0,nan,0
1597988469639849984,1597988470233999872,2020-08-21 13:41:10.234000,7150.0,7250.0,7110.0,7250.0,nan,7165.0,198854,7128350225.0,273777,7150.0,600,7145.0,336,nan,0,nan,0,nan,0,nan,0,nan,0,nan,0,nan,0,nan,0
1597988470669680896,1597988471236000000,2020-08-21 13:41:11.236000,7150.0,7250.0,7110.0,7250.0,nan,7165.0,198854,7128350225.0,273777,7150.0,600,7145.0,335,nan,0,nan,0,nan,0,nan,0,nan,0,nan,0,nan,0,nan,0
1597988471150472960,1597988471719000064,2020-08-21 13:41:11.719000,7150.0,7250.0,7110.0,7250.0,nan,7165.0,198854,7128350225.0,273777,7150.0,601,7145.0,335,nan,0,nan,0,nan,0,nan,0,nan,0,nan,0,nan,0,nan,0
1597988474147981056,1597988474651000064,2020-08-21 13:41:14.651000,7145.0,7250.0,7110.0,7250.0,nan,7165.0,198855,7128385950.0,273776,7150.0,601,7145.0,334,nan,0,nan,0,nan,0,nan,0,nan,0,nan,0,nan,0,nan,0
1597988480189044992,1597988480711000064,2020-08-21 13:41:20.711000,7145.0,7250.0,7110.0,7250.0,nan,7165.0,198855,7128385950.0,273776,7150.0,601,7145.0,333,nan,0,nan,0,nan,0,nan,0,nan,0,nan,0,nan,0,nan,0
1597988480642932992,1597988481242000128,2020-08-21 13:41:21.242000,7145.0,7250.0,7110.0,7250.0,nan,7165.0,198855,7128385950.0,273776,7150.0,608,7145.0,333,nan,0,nan,0,nan,0,nan,0,nan,0,nan,0,nan,0,nan,0
1597988482652776960,1597988483240000000,2020-08-21 13:41:23.240000,7145.0,7250.0,7110.0,7250.0,nan,7165.0,198855,7128385950.0,273776,7150.0,608,7145.0,334,nan,0,nan,0,nan,0,nan,0,nan,0,nan,0,nan,0,nan,0
1597988483629199872,1597988484224000000,2020-08-21 13:41:24.224000,7145.0,7250.0,7110.0,7250.0,nan,7165.0,198856,7128421675.0,273776,7150.0,608,7145.0,334,nan,0,nan,0,nan,0,nan,0,nan,0,nan,0,nan,0,nan,0
1597988484159426048,1597988484728000000,2020-08-21 13:41:24.728000,7145.0,7250.0,7110.0,7250.0,nan,7165.0,198857,7128457400.0,273775,7150.0,611,7145.0,333,nan,0,nan,0,nan,0,nan,0,nan,0,nan,0,nan,0,nan,0
1597988488668033024,1597988489240999936,2020-08-21 13:41:29.241000,7145.0,7250.0,7110.0,7250.0,nan,7165.0,198857,7128457400.0,273775,7150.0,603,7145.0,333,nan,0,nan,0,nan,0,nan,0,nan,0,nan,0,nan,0,nan,0
1597988489158483968,1597988489736999936,2020-08-21 13:41:29.737000,7145.0,7250.0,7110.0,7250.0,nan,7165.0,198857,7128457400.0,273775,7150.0,644,7145.0,333,nan,0,nan,0,nan,0,nan,0,nan,0,nan,0,nan,0,nan,0
1597988490151683072,1597988490744000000,2020-08-21 13:41:30.744000,7145.0,7250.0,7110.0,7250.0,nan,7165.0,198858,7128493125.0,273774,7150.0,644,7145.0,332,nan,0,nan,0,nan,0,nan,0,nan,0,nan,0,nan,0,nan,0
1597988492177974016,1597988492744000000,2020-08-21 13:41:32.744000,7145.0,7250.0,7110.0,7250.0,nan,7165.0,198858,7128493125.0,273774,7150.0,628,7145.0,330,nan,0,nan,0,nan,0,nan,0,nan,0,nan,0,nan,0,nan,0
1597988493152400896,1597988493742000128,2020-08-21 13:41:33.742000,7145.0,7250.0,7110.0,7250.0,nan,7165.0,198858,7128493125.0,273774,7150.0,628,7145.0,331,nan,0,nan,0,nan,0,nan,0,nan,0,nan,0,nan,0,nan,0
1597988494136675072,1597988494730000128,2020-08-21 13:41:34.730000,7145.0,7250.0,7110.0,7250.0,nan,7165.0,198859,7128528850.0,273773,7150.0,628,7145.0,330,nan,0,nan,0,nan,0,nan,0,nan,0,nan,0,nan,0,nan,0
1597988495176876032,1597988495743000064,2020-08-21 13:41:35.743000,7145.0,7250.0,7110.0,7250.0,nan,7165.0,198860,7128564575.0,273772,7150.0,628,7145.0,329,nan,0,nan,0,nan,0,nan,0,nan,0,nan,0,nan,0,nan,0
1597988499146577920,1597988499736999936,2020-08-21 13:41:39.737000,7145.0,7250.0,7110.0,7250.0,nan,7165.0,198870,7128921825.0,273762,7150.0,628,7145.0,319,nan,0,nan,0,nan,0,nan,0,nan,0,nan,0,nan,0,nan,0
1597988499630482944,1597988500219000064,2020-08-21 13:41:40.219000,7145.0,7250.0,7110.0,7250.0,nan,7165.0,198890,7129636325.0,273743,7150.0,628,7145.0,299,nan,0,nan,0,nan,0,nan,0,nan,0,nan,0,nan,0,nan,0
1597988500157639936,1597988500740000000,2020-08-21 13:41:40.740000,7145.0,7250.0,7110.0,7250.0,nan,7165.0,198890,7129636325.0,273743,7150.0,628,7145.0,324,nan,0,nan,0,nan,0,nan,0,nan,0,nan,0,nan,0,nan,0
1597988500632027904,1597988501243000064,2020-08-21 13:41:41.243000,7145.0,7250.0,7110.0,7250.0,nan,7165.0,198890,7129636325.0,273743,7150.0,628,7145.0,330,nan,0,nan,0,nan,0,nan,0,nan,0,nan,0,nan,0,nan,0
1597988501633036032,1597988502227000064,2020-08-21 13:41:42.227000,7145.0,7250.0,7110.0,7250.0,nan,7165.0,198895,7129814950.0,273738,7150.0,627,7145.0,327,nan,0,nan,0,nan,0,nan,0,nan,0,nan,0,nan,0,nan,0
1597988502153964032,1597988502744999936,2020-08-21 13:41:42.745000,7145.0,7250.0,7110.0,7250.0,nan,7165.0,198897,7129886400.0,273736,7150.0,626,7145.0,325,nan,0,nan,0,nan,0,nan,0,nan,0,nan,0,nan,0,nan,0
1597988503139921920,1597988503740999936,2020-08-21 13:41:43.741000,7145.0,7250.0,7110.0,7250.0,nan,7165.0,198898,7129922125.0,273735,7150.0,626,7145.0,324,nan,0,nan,0,nan,0,nan,0,nan,0,nan,0,nan,0,nan,0
1597988504157332992,1597988504743000064,2020-08-21 13:41:44.743000,7145.0,7250.0,7110.0,7250.0,nan,7165.0,198899,7129957850.0,273734,7150.0,626,7145.0,323,nan,0,nan,0,nan,0,nan,0,nan,0,nan,0,nan,0,nan,0
1597988504643877120,1597988505242000128,2020-08-21 13:41:45.242000,7145.0,7250.0,7110.0,7250.0,nan,7165.0,198900,7129993575.0,273734,7150.0,626,7145.0,322,nan,0,nan,0,nan,0,nan,0,nan,0,nan,0,nan,0,nan,0
1597988505178643968,1597988505711000064,2020-08-21 13:41:45.711000,7145.0,7250.0,7110.0,7250.0,nan,7165.0,198900,7129993575.0,273734,7150.0,627,7145.0,322,nan,0,nan,0,nan,0,nan,0,nan,0,nan,0,nan,0,nan,0
1597988506140207104,1597988506668999936,2020-08-21 13:41:46.669000,7145.0,7250.0,7110.0,7250.0,nan,7165.0,198900,7129993575.0,273734,7150.0,626,7145.0,322,nan,0,nan,0,nan,0,nan,0,nan,0,nan,0,nan,0,nan,0
1597988508637939968,1597988509236000000,2020-08-21 13:41:49.236000,7145.0,7250.0,7110.0,7250.0,nan,7165.0,198900,7129993575.0,273734,7150.0,626,7145.0,323,nan,0,nan,0,nan,0,nan,0,nan,0,nan,0,nan,0,nan,0
1597988509132195072,1597988509698999808,2020-08-21 13:41:49.699000,7145.0,7250.0,7110.0,7250.0,nan,7165.0,198900,7129993575.0,273734,7150.0,625,7145.0,323,nan,0,nan,0,nan,0,nan,0,nan,0,nan,0,nan,0,nan,0
1597988509638456064,1597988510206000128,2020-08-21 13:41:50.206000,7145.0,7250.0,7110.0,7250.0,nan,7165.0,198900,7129993575.0,273734,7150.0,626,7145.0,323,nan,0,nan,0,nan,0,nan,0,nan,0,nan,0,nan,0,nan,0
1597988510152474880,1597988510740000000,2020-08-21 13:41:50.740000,7145.0,7250.0,7110.0,7250.0,nan,7165.0,198901,7130029300.0,273733,7150.0,626,7145.0,322,nan,0,nan,0,nan,0,nan,0,nan,0,nan,0,nan,0,nan,0
1597988511636882944,1597988512232000000,2020-08-21 13:41:52.232000,7145.0,7250.0,7110.0,7250.0,nan,7165.0,198901,7130029300.0,273733,7150.0,627,7145.0,322,nan,0,nan,0,nan,0,nan,0,nan,0,nan,0,nan,0,nan,0
1597988512142515968,1597988512736999936,2020-08-21 13:41:52.737000,7145.0,7250.0,7110.0,7250.0,nan,7165.0,198901,7130029300.0,273733,7150.0,626,7145.0,322,nan,0,nan,0,nan,0,nan,0,nan,0,nan,0,nan,0,nan,0
1597988512636436992,1597988513244000000,2020-08-21 13:41:53.244000,7145.0,7250.0,7110.0,7250.0,nan,7165.0,198901,7130029300.0,273733,7150.0,626,7145.0,319,nan,0,nan,0,nan,0,nan,0,nan,0,nan,0,nan,0,nan,0
1597988513143734016,1597988513727000064,2020-08-21 13:41:53.727000,7145.0,7250.0,7110.0,7250.0,nan,7165.0,198901,7130029300.0,273733,7150.0,626,7145.0,318,nan,0,nan,0,nan,0,nan,0,nan,0,nan,0,nan,0,nan,0
1597988514146031104,1597988514742000128,2020-08-21 13:41:54.742000,7145.0,7250.0,7110.0,7250.0,nan,7165.0,198902,7130065025.0,273732,7150.0,626,7145.0,317,nan,0,nan,0,nan,0,nan,0,nan,0,nan,0,nan,0,nan,0
1597988514630644992,1597988515243000064,2020-08-21 13:41:55.243000,7145.0,7250.0,7110.0,7250.0,nan,7165.0,198902,7130065025.0,273732,7150.0,626,7145.0,316,nan,0,nan,0,nan,0,nan,0,nan,0,nan,0,nan,0,nan,0
1597988517145335040,1597988517605999872,2020-08-21 13:41:57.606000,7145.0,7250.0,7110.0,7250.0,nan,7165.0,198902,7130065025.0,273732,7150.0,626,7145.0,318,nan,0,nan,0,nan,0,nan,0,nan,0,nan,0,nan,0,nan,0
1597988518730427904,1597988519193000192,2020-08-21 13:41:59.193000,7145.0,7250.0,7110.0,7250.0,nan,7165.0,198902,7130065025.0,273732,7150.0,626,7145.0,317,nan,0,nan,0,nan,0,nan,0,nan,0,nan,0,nan,0,nan,0
1597988519156677888,1597988519712999936,2020-08-21 13:41:59.713000,7145.0,7250.0,7110.0,7250.0,nan,7165.0,198902,7130065025.0,273732,7150.0,625,7145.0,317,nan,0,nan,0,nan,0,nan,0,nan,0,nan,0,nan,0,nan,0
1597988521151454976,1597988521734999808,2020-08-21 13:42:01.735000,7145.0,7250.0,7110.0,7250.0,nan,7165.0,198917,7130600900.0,273717,7150.0,625,7145.0,303,nan,0,nan,0,nan,0,nan,0,nan,0,nan,0,nan,0,nan,0
1597988521645914112,1597988522219000064,2020-08-21 13:42:02.219000,7145.0,7250.0,7110.0,7250.0,nan,7165.0,198917,7130600900.0,273717,7150.0,627,7145.0,302,nan,0,nan,0,nan,0,nan,0,nan,0,nan,0,nan,0,nan,0
1597988522182850048,1597988522730000128,2020-08-21 13:42:02.730000,7145.0,7250.0,7110.0,7250.0,nan,7165.0,198922,7130779525.0,273712,7150.0,624,7145.0,296,nan,0,nan,0,nan,0,nan,0,nan,0,nan,0,nan,0,nan,0
1597988522671442944,1597988523246000128,2020-08-21 13:42:03.246000,7145.0,7250.0,7110.0,7250.0,nan,7165.0,198926,7130922425.0,273708,7150.0,620,7145.0,292,nan,0,nan,0,nan,0,nan,0,nan,0,nan,0,nan,0,nan,0
1597988524137985024,1597988524736000000,2020-08-21 13:42:04.736000,7145.0,7250.0,7110.0,7250.0,nan,7165.0,198927,7130958150.0,273707,7150.0,620,7145.0,291,nan,0,nan,0,nan,0,nan,0,nan,0,nan,0,nan,0,nan,0
1597988524637734912,1597988525212999936,2020-08-21 13:42:05.213000,7145.0,7250.0,7110.0,7250.0,nan,7165.0,198930,7131065325.0,273707,7150.0,620,7145.0,288,nan,0,nan,0,nan,0,nan,0,nan,0,nan,0,nan,0,nan,0
1597988525192157952,1597988525731000064,2020-08-21 13:42:05.731000,7145.0,7250.0,7110.0,7250.0,nan,7165.0,198930,7131065325.0,273707,7150.0,623,7145.0,283,nan,0,nan,0,nan,0,nan,0,nan,0,nan,0,nan,0,nan,0
1597988525633978112,1597988526228000000,2020-08-21 13:42:06.228000,7145.0,7250.0,7110.0,7250.0,nan,7165.0,198930,7131065325.0,273707,7150.0,628,7145.0,283,nan,0,nan,0,nan,0,nan,0,nan,0,nan,0,nan,0,nan,0
1597988526154817024,1597988526707000064,2020-08-21 13:42:06.707000,7145.0,7250.0,7110.0,7250.0,nan,7165.0,198930,7131065325.0,273707,7150.0,628,7145.0,281,nan,0,nan,0,nan,0,nan,0,nan,0,nan,0,nan,0,nan,0
1597988526632504064,1597988527200999936,2020-08-21 13:42:07.201000,7145.0,7250.0,7110.0,7250.0,nan,7165.0,198930,7131065325.0,273707,7150.0,628,7145.0,282,nan,0,nan,0,nan,0,nan,0,nan,0,nan,0,nan,0,nan,0
1597988527135176960,1597988527743000064,2020-08-21 13:42:07.743000,7145.0,7250.0,7110.0,7250.0,nan,7165.0,198930,7131065325.0,273707,7150.0,635,7145.0,279,nan,0,nan,0,nan,0,nan,0,nan,0,nan,0,nan,0,nan,0
1597988527639506944,1597988528224000000,2020-08-21 13:42:08.224000,7145.0,7250.0,7110.0,7250.0,nan,7165.0,198933,7131172500.0,273706,7150.0,641,7145.0,263,nan,0,nan,0,nan,0,nan,0,nan,0,nan,0,nan,0,nan,0
1597988528160555008,1597988528720000000,2020-08-21 13:42:08.720000,7145.0,7250.0,7110.0,7250.0,nan,7165.0,198933,7131172500.0,273706,7150.0,631,7145.0,264,nan,0,nan,0,nan,0,nan,0,nan,0,nan,0,nan,0,nan,0
1597988528631998976,1597988529224000000,2020-08-21 13:42:09.224000,7145.0,7250.0,7110.0,7250.0,nan,7165.0,198939,7131386850.0,273700,7150.0,628,7145.0,257,nan,0,nan,0,nan,0,nan,0,nan,0,nan,0,nan,0,nan,0
1597988529142283008,1597988529732000000,2020-08-21 13:42:09.732000,7145.0,7250.0,7110.0,7250.0,nan,7165.0,198939,7131386850.0,273700,7150.0,628,7145.0,256,nan,0,nan,0,nan,0,nan,0,nan,0,nan,0,nan,0,nan,0
1597988530141092096,1597988530744000000,2020-08-21 13:42:10.744000,7145.0,7250.0,7110.0,7250.0,nan,7165.0,198939,7131386850.0,273700,7150.0,628,7145.0,262,nan,0,nan,0,nan,0,nan,0,nan,0,nan,0,nan,0,nan,0
1597988533139758080,1597988533627000064,2020-08-21 13:42:13.627000,7145.0,7250.0,7110.0,7250.0,nan,7165.0,198942,7131494025.0,273697,7150.0,628,7145.0,259,nan,0,nan,0,nan,0,nan,0,nan,0,nan,0,nan,0,nan,0
1597988533630302976,1597988534232999936,2020-08-21 13:42:14.233000,7150.0,7250.0,7110.0,7250.0,nan,7165.0,198943,7131529775.0,273698,7150.0,628,7145.0,259,nan,0,nan,0,nan,0,nan,0,nan,0,nan,0,nan,0,nan,0
1597988534140107008,1597988534740999936,2020-08-21 13:42:14.741000,7145.0,7250.0,7110.0,7250.0,nan,7165.0,198944,7131565500.0,273697,7150.0,626,7145.0,258,nan,0,nan,0,nan,0,nan,0,nan,0,nan,0,nan,0,nan,0
1597988535642588928,1597988536240000000,2020-08-21 13:42:16.240000,7145.0,7250.0,7110.0,7250.0,nan,7165.0,198944,7131565500.0,273697,7150.0,626,7145.0,259,nan,0,nan,0,nan,0,nan,0,nan,0,nan,0,nan,0,nan,0
1597988540638556928,1597988541231000064,2020-08-21 13:42:21.231000,7145.0,7250.0,7110.0,7250.0,nan,7165.0,198944,7131565500.0,273697,7150.0,628,7145.0,259,nan,0,nan,0,nan,0,nan,0,nan,0,nan,0,nan,0,nan,0
1597988541155243008,1597988541737999872,2020-08-21 13:42:21.738000,7145.0,7250.0,7110.0,7250.0,nan,7165.0,198944,7131565500.0,273697,7150.0,625,7145.0,259,nan,0,nan,0,nan,0,nan,0,nan,0,nan,0,nan,0,nan,0
1597988541629136896,1597988542246000128,2020-08-21 13:42:22.246000,7145.0,7250.0,7110.0,7250.0,nan,7165.0,198944,7131565500.0,273697,7150.0,632,7145.0,260,nan,0,nan,0,nan,0,nan,0,nan,0,nan,0,nan,0,nan,0
1597988542636637952,1597988543219000064,2020-08-21 13:42:23.219000,7145.0,7250.0,7110.0,7250.0,nan,7165.0,198944,7131565500.0,273697,7150.0,632,7145.0,259,nan,0,nan,0,nan,0,nan,0,nan,0,nan,0,nan,0,nan,0
1597988544171211008,1597988544724000000,2020-08-21 13:42:24.724000,7145.0,7250.0,7110.0,7250.0,nan,7165.0,198945,7131601225.0,273696,7150.0,632,7145.0,258,nan,0,nan,0,nan,0,nan,0,nan,0,nan,0,nan,0,nan,0
1597988547631731968,1597988548237999872,2020-08-21 13:42:28.238000,7145.0,7250.0,7110.0,7250.0,nan,7165.0,198945,7131601225.0,273696,7150.0,632,7145.0,259,nan,0,nan,0,nan,0,nan,0,nan,0,nan,0,nan,0,nan,0
1597988548135770880,1597988548744000000,2020-08-21 13:42:28.744000,7145.0,7250.0,7110.0,7250.0,nan,7165.0,198945,7131601225.0,273696,7150.0,645,7145.0,259,nan,0,nan,0,nan,0,nan,0,nan,0,nan,0,nan,0,nan,0
1597988549642622976,1597988550236999936,2020-08-21 13:42:30.237000,7140.0,7250.0,7110.0,7250.0,nan,7165.0,199214,7141211125.0,273595,7145.0,134,7140.0,901,nan,0,nan,0,nan,0,nan,0,nan,0,nan,0,nan,0,nan,0
1597988550231945984,1597988550731000064,2020-08-21 13:42:30.731000,7140.0,7250.0,7110.0,7250.0,nan,7165.0,199243,7142246450.0,273602,7145.0,221,7140.0,903,nan,0,nan,0,nan,0,nan,0,nan,0,nan,0,nan,0,nan,0
1597988550682580992,1597988551243000064,2020-08-21 13:42:31.243000,7140.0,7250.0,7110.0,7250.0,nan,7165.0,199243,7142246450.0,273602,7145.0,226,7140.0,903,nan,0,nan,0,nan,0,nan,0,nan,0,nan,0,nan,0,nan,0
1597988551144986112,1597988551732999936,2020-08-21 13:42:31.733000,7140.0,7250.0,7110.0,7250.0,nan,7165.0,199243,7142246450.0,273602,7145.0,230,7140.0,903,nan,0,nan,0,nan,0,nan,0,nan,0,nan,0,nan,0,nan,0
1597988551641079040,1597988552227000064,2020-08-21 13:42:32.227000,7140.0,7250.0,7110.0,7250.0,nan,7165.0,199243,7142246450.0,273602,7145.0,370,7140.0,903,nan,0,nan,0,nan,0,nan,0,nan,0,nan,0,nan,0,nan,0
1597988552157666048,1597988552744000000,2020-08-21 13:42:32.744000,7140.0,7250.0,7110.0,7250.0,nan,7165.0,199251,7142532050.0,273610,7145.0,370,7140.0,895,nan,0,nan,0,nan,0,nan,0,nan,0,nan,0,nan,0,nan,0
1597988554146135040,1597988554734999808,2020-08-21 13:42:34.735000,7140.0,7250.0,7110.0,7250.0,nan,7165.0,199252,7142567750.0,273610,7145.0,370,7140.0,894,nan,0,nan,0,nan,0,nan,0,nan,0,nan,0,nan,0,nan,0
1597988554639290112,1597988555244000000,2020-08-21 13:42:35.244000,7140.0,7250.0,7110.0,7250.0,nan,7165.0,199252,7142567750.0,273610,7145.0,373,7140.0,894,nan,0,nan,0,nan,0,nan,0,nan,0,nan,0,nan,0,nan,0
1597988556164738048,1597988556740000000,2020-08-21 13:42:36.740000,7140.0,7250.0,7110.0,7250.0,nan,7165.0,199252,7142567750.0,273610,7145.0,373,7140.0,899,nan,0,nan,0,nan,0,nan,0,nan,0,nan,0,nan,0,nan,0
1597988556651493888,1597988557212999936,2020-08-21 13:42:37.213000,7140.0,7250.0,7110.0,7250.0,nan,7165.0,199252,7142567750.0,273610,7145.0,376,7140.0,899,nan,0,nan,0,nan,0,nan,0,nan,0,nan,0,nan,0,nan,0
1597988557177288960,1597988557736999936,2020-08-21 13:42:37.737000,7140.0,7250.0,7110.0,7250.0,nan,7165.0,199252,7142567750.0,273610,7145.0,373,7140.0,899,nan,0,nan,0,nan,0,nan,0,nan,0,nan,0,nan,0,nan,0
1597988557680646912,1597988558232000000,2020-08-21 13:42:38.232000,7140.0,7250.0,7110.0,7250.0,nan,7165.0,199252,7142567750.0,273610,7145.0,375,7140.0,899,nan,0,nan,0,nan,0,nan,0,nan,0,nan,0,nan,0,nan,0
1597988559677427968,1597988560228000000,2020-08-21 13:42:40.228000,7140.0,7250.0,7110.0,7250.0,nan,7165.0,199255,7142674850.0,273610,7145.0,375,7140.0,896,nan,0,nan,0,nan,0,nan,0,nan,0,nan,0,nan,0,nan,0
1597988562170031104,1597988562726000128,2020-08-21 13:42:42.726000,7140.0,7250.0,7110.0,7250.0,nan,7165.0,199255,7142674850.0,273610,7145.0,376,7140.0,896,nan,0,nan,0,nan,0,nan,0,nan,0,nan,0,nan,0,nan,0
1597988562665797888,1597988563236000000,2020-08-21 13:42:43.236000,7140.0,7250.0,7110.0,7250.0,nan,7165.0,199255,7142674850.0,273610,7145.0,376,7140.0,895,nan,0,nan,0,nan,0,nan,0,nan,0,nan,0,nan,0,nan,0
1597988564147358976,1597988564731000064,2020-08-21 13:42:44.731000,7140.0,7250.0,7110.0,7250.0,nan,7165.0,199256,7142710550.0,273610,7145.0,376,7140.0,894,nan,0,nan,0,nan,0,nan,0,nan,0,nan,0,nan,0,nan,0
1597988564633844992,1597988565198999808,2020-08-21 13:42:45.199000,7140.0,7250.0,7110.0,7250.0,nan,7165.0,199256,7142710550.0,273610,7145.0,390,7140.0,894,nan,0,nan,0,nan,0,nan,0,nan,0,nan,0,nan,0,nan,0
1597988566137275904,1597988566732000000,2020-08-21 13:42:46.732000,7140.0,7250.0,7110.0,7250.0,nan,7165.0,199256,7142710550.0,273610,7145.0,390,7140.0,895,nan,0,nan,0,nan,0,nan,0,nan,0,nan,0,nan,0,nan,0
1597988566652465920,1597988567229000192,2020-08-21 13:42:47.229000,7140.0,7250.0,7110.0,7250.0,nan,7165.0,199258,7142781950.0,273610,7145.0,390,7140.0,893,nan,0,nan,0,nan,0,nan,0,nan,0,nan,0,nan,0,nan,0
1597988567154825984,1597988567729000192,2020-08-21 13:42:47.729000,7140.0,7250.0,7110.0,7250.0,nan,7165.0,199260,7142853350.0,273612,7145.0,390,7140.0,891,nan,0,nan,0,nan,0,nan,0,nan,0,nan,0,nan,0,nan,0
1597988569146317056,1597988569728000000,2020-08-21 13:42:49.728000,7140.0,7250.0,7110.0,7250.0,nan,7165.0,199261,7142889050.0,273612,7145.0,390,7140.0,889,nan,0,nan,0,nan,0,nan,0,nan,0,nan,0,nan,0,nan,0
1597988569634827008,1597988570246000128,2020-08-21 13:42:50.246000,7140.0,7250.0,7110.0,7250.0,nan,7165.0,199261,7142889050.0,273612,7145.0,395,7140.0,889,nan,0,nan,0,nan,0,nan,0,nan,0,nan,0,nan,0,nan,0
1597988572147824128,1597988572732999936,2020-08-21 13:42:52.733000,7140.0,7250.0,7110.0,7250.0,nan,7165.0,199261,7142889050.0,273612,7145.0,395,7140.0,890,nan,0,nan,0,nan,0,nan,0,nan,0,nan,0,nan,0,nan,0
1597988573637520896,1597988574232000000,2020-08-21 13:42:54.232000,7140.0,7250.0,7110.0,7250.0,nan,7165.0,199261,7142889050.0,273612,7145.0,389,7140.0,890,nan,0,nan,0,nan,0,nan,0,nan,0,nan,0,nan,0,nan,0
1597988574170503936,1597988574739000064,2020-08-21 13:42:54.739000,7140.0,7250.0,7110.0,7250.0,nan,7165.0,199262,7142924750.0,273612,7145.0,389,7140.0,889,nan,0,nan,0,nan,0,nan,0,nan,0,nan,0,nan,0,nan,0
1597988575145029120,1597988575740999936,2020-08-21 13:42:55.741000,7140.0,7250.0,7110.0,7250.0,nan,7165.0,199264,7142996150.0,273613,7145.0,389,7140.0,887,nan,0,nan,0,nan,0,nan,0,nan,0,nan,0,nan,0,nan,0
1597988577155301120,1597988577732999936,2020-08-21 13:42:57.733000,7140.0,7250.0,7110.0,7250.0,nan,7165.0,199264,7142996150.0,273613,7145.0,390,7140.0,887,nan,0,nan,0,nan,0,nan,0,nan,0,nan,0,nan,0,nan,0
1597988577639323904,1597988578246000128,2020-08-21 13:42:58.246000,7140.0,7250.0,7110.0,7250.0,nan,7165.0,199264,7142996150.0,273613,7145.0,388,7140.0,887,nan,0,nan,0,nan,0,nan,0,nan,0,nan,0,nan,0,nan,0
1597988579154531072,1597988579740999936,2020-08-21 13:42:59.741000,7140.0,7250.0,7110.0,7250.0,nan,7165.0,199267,7143103250.0,273613,7145.0,388,7140.0,884,nan,0,nan,0,nan,0,nan,0,nan,0,nan,0,nan,0,nan,0
1597988579637244928,1597988580232000000,2020-08-21 13:43:00.232000,7140.0,7250.0,7110.0,7250.0,nan,7165.0,199267,7143103250.0,273613,7145.0,384,7140.0,884,nan,0,nan,0,nan,0,nan,0,nan,0,nan,0,nan,0,nan,0
1597988582655260928,1597988583239000064,2020-08-21 13:43:03.239000,7140.0,7250.0,7110.0,7250.0,nan,7165.0,199267,7143103250.0,273613,7145.0,384,7140.0,905,nan,0,nan,0,nan,0,nan,0,nan,0,nan,0,nan,0,nan,0
1597988583177003008,1597988583737999872,2020-08-21 13:43:03.738000,7140.0,7250.0,7110.0,7250.0,nan,7165.0,199280,7143567350.0,273613,7145.0,380,7140.0,892,nan,0,nan,0,nan,0,nan,0,nan,0,nan,0,nan,0,nan,0
1597988583634535936,1597988584232999936,2020-08-21 13:43:04.233000,7140.0,7250.0,7110.0,7250.0,nan,7165.0,199280,7143567350.0,273613,7145.0,379,7140.0,899,nan,0,nan,0,nan,0,nan,0,nan,0,nan,0,nan,0,nan,0
1597988584136143104,1597988584739000064,2020-08-21 13:43:04.739000,7140.0,7250.0,7110.0,7250.0,nan,7165.0,199281,7143603050.0,273613,7145.0,379,7140.0,898,nan,0,nan,0,nan,0,nan,0,nan,0,nan,0,nan,0,nan,0
1597988587133548032,1597988587648999936,2020-08-21 13:43:07.649000,7140.0,7250.0,7110.0,7250.0,nan,7165.0,199285,7143745850.0,273613,7145.0,380,7140.0,894,nan,0,nan,0,nan,0,nan,0,nan,0,nan,0,nan,0,nan,0
1597988588163621120,1597988588731000064,2020-08-21 13:43:08.731000,7140.0,7250.0,7110.0,7250.0,nan,7165.0,199285,7143745850.0,273613,7145.0,380,7140.0,893,nan,0,nan,0,nan,0,nan,0,nan,0,nan,0,nan,0,nan,0
1597988588697110016,1597988589171000064,2020-08-21 13:43:09.171000,7140.0,7250.0,7110.0,7250.0,nan,7165.0,199285,7143745850.0,273613,7145.0,380,7140.0,894,nan,0,nan,0,nan,0,nan,0,nan,0,nan,0,nan,0,nan,0
1597988590637282048,1597988591217999872,2020-08-21 13:43:11.218000,7140.0,7250.0,7110.0,7250.0,nan,7165.0,199285,7143745850.0,273613,7145.0,384,7140.0,894,nan,0,nan,0,nan,0,nan,0,nan,0,nan,0,nan,0,nan,0
1597988591160919040,1597988591742000128,2020-08-21 13:43:11.742000,7145.0,7250.0,7110.0,7250.0,nan,7165.0,199287,7143817300.0,273613,7145.0,400,7140.0,893,nan,0,nan,0,nan,0,nan,0,nan,0,nan,0,nan,0,nan,0
1597988591651472896,1597988592246000128,2020-08-21 13:43:12.246000,7145.0,7250.0,7110.0,7250.0,nan,7165.0,199295,7144103100.0,273605,7145.0,392,7140.0,893,nan,0,nan,0,nan,0,nan,0,nan,0,nan,0,nan,0,nan,0
1597988592216218112,1597988592736000000,2020-08-21 13:43:12.736000,7145.0,7250.0,7110.0,7250.0,nan,7165.0,199295,7144103100.0,273605,7145.0,392,7140.0,894,nan,0,nan,0,nan,0,nan,0,nan,0,nan,0,nan,0,nan,0
1597988593663721984,1597988594243000064,2020-08-21 13:43:14.243000,7145.0,7250.0,7110.0,7250.0,nan,7165.0,199295,7144103100.0,273605,7145.0,402,7140.0,894,nan,0,nan,0,nan,0,nan,0,nan,0,nan,0,nan,0,nan,0
1597988594181521920,1597988594732999936,2020-08-21 13:43:14.733000,7140.0,7250.0,7110.0,7250.0,nan,7165.0,199296,7144138800.0,273605,7145.0,402,7140.0,893,nan,0,nan,0,nan,0,nan,0,nan,0,nan,0,nan,0,nan,0
1597988594643369984,1597988595246000128,2020-08-21 13:43:15.246000,7145.0,7250.0,7110.0,7250.0,nan,7165.0,199305,7144460325.0,273596,7145.0,387,7140.0,893,nan,0,nan,0,nan,0,nan,0,nan,0,nan,0,nan,0,nan,0
1597988595168401920,1597988595732000000,2020-08-21 13:43:15.732000,7145.0,7250.0,7110.0,7250.0,nan,7165.0,199306,7144496050.0,273596,7145.0,388,7140.0,893,nan,0,nan,0,nan,0,nan,0,nan,0,nan,0,nan,0,nan,0
1597988596151009024,1597988596740000000,2020-08-21 13:43:16.740000,7145.0,7250.0,7110.0,7250.0,nan,7165.0,199306,7144496050.0,273596,7145.0,389,7140.0,893,nan,0,nan,0,nan,0,nan,0,nan,0,nan,0,nan,0,nan,0
1597988597674114048,1597988598246000128,2020-08-21 13:43:18.246000,7145.0,7250.0,7110.0,7250.0,nan,7165.0,199306,7144496050.0,273596,7145.0,414,7140.0,893,nan,0,nan,0,nan,0,nan,0,nan,0,nan,0,nan,0,nan,0
1597988598174213888,1597988598712999936,2020-08-21 13:43:18.713000,7145.0,7250.0,7110.0,7250.0,nan,7165.0,199306,7144496050.0,273596,7145.0,426,7140.0,893,nan,0,nan,0,nan,0,nan,0,nan,0,nan,0,nan,0,nan,0
1597988600151161088,1597988600728000000,2020-08-21 13:43:20.728000,7145.0,7250.0,7110.0,7250.0,nan,7165.0,199307,7144531775.0,273595,7145.0,426,7140.0,893,nan,0,nan,0,nan,0,nan,0,nan,0,nan,0,nan,0,nan,0
1597988601639271936,1597988602244000000,2020-08-21 13:43:22.244000,7145.0,7250.0,7110.0,7250.0,nan,7165.0,199307,7144531775.0,273595,7145.0,425,7140.0,893,nan,0,nan,0,nan,0,nan,0,nan,0,nan,0,nan,0,nan,0
1597988602634850048,1597988603228000000,2020-08-21 13:43:23.228000,7145.0,7250.0,7110.0,7250.0,nan,7165.0,199308,7144567500.0,273595,7145.0,424,7140.0,894,nan,0,nan,0,nan,0,nan,0,nan,0,nan,0,nan,0,nan,0
1597988603646804992,1597988604244000000,2020-08-21 13:43:24.244000,7145.0,7250.0,7110.0,7250.0,nan,7165.0,199311,7144674675.0,273595,7145.0,416,7140.0,911,nan,0,nan,0,nan,0,nan,0,nan,0,nan,0,nan,0,nan,0
1597988604174319104,1597988604726000128,2020-08-21 13:43:24.726000,7140.0,7250.0,7110.0,7250.0,nan,7165.0,199312,7144710375.0,273595,7145.0,418,7140.0,911,nan,0,nan,0,nan,0,nan,0,nan,0,nan,0,nan,0,nan,0
1597988604644160000,1597988605244000000,2020-08-21 13:43:25.244000,7140.0,7250.0,7110.0,7250.0,nan,7165.0,199388,7147424225.0,273601,7145.0,393,7140.0,861,nan,0,nan,0,nan,0,nan,0,nan,0,nan,0,nan,0,nan,0
1597988605138657024,1597988605733999872,2020-08-21 13:43:25.734000,7145.0,7250.0,7110.0,7250.0,nan,7165.0,199408,7148138725.0,273603,7145.0,368,7140.0,860,nan,0,nan,0,nan,0,nan,0,nan,0,nan,0,nan,0,nan,0
1597988605635731968,1597988606246000128,2020-08-21 13:43:26.246000,7145.0,7250.0,7110.0,7250.0,nan,7165.0,199408,7148138725.0,273603,7145.0,375,7140.0,860,nan,0,nan,0,nan,0,nan,0,nan,0,nan,0,nan,0,nan,0
1597988606632599040,1597988607217999872,2020-08-21 13:43:27.218000,7145.0,7250.0,7110.0,7250.0,nan,7165.0,199408,7148138725.0,273603,7145.0,375,7140.0,861,nan,0,nan,0,nan,0,nan,0,nan,0,nan,0,nan,0,nan,0
1597988609649178880,1597988610242000128,2020-08-21 13:43:30.242000,7145.0,7250.0,7110.0,7250.0,nan,7165.0,199408,7148138725.0,273603,7145.0,385,7140.0,861,nan,0,nan,0,nan,0,nan,0,nan,0,nan,0,nan,0,nan,0
1597988611630628096,1597988612240999936,2020-08-21 13:43:32.241000,7145.0,7250.0,7110.0,7250.0,nan,7165.0,199408,7148138725.0,273603,7145.0,386,7140.0,861,nan,0,nan,0,nan,0,nan,0,nan,0,nan,0,nan,0,nan,0
1597988612145356032,1597988612739000064,2020-08-21 13:43:32.739000,7145.0,7250.0,7110.0,7250.0,nan,7165.0,199408,7148138725.0,273603,7145.0,378,7140.0,861,nan,0,nan,0,nan,0,nan,0,nan,0,nan,0,nan,0,nan,0
1597988613663062016,1597988614240999936,2020-08-21 13:43:34.241000,7145.0,7250.0,7110.0,7250.0,nan,7165.0,199408,7148138725.0,273603,7145.0,377,7140.0,861,nan,0,nan,0,nan,0,nan,0,nan,0,nan,0,nan,0,nan,0
1597988614188227072,1597988614712000000,2020-08-21 13:43:34.712000,7145.0,7250.0,7110.0,7250.0,nan,7165.0,199411,7148245875.0,273603,7145.0,375,7140.0,860,nan,0,nan,0,nan,0,nan,0,nan,0,nan,0,nan,0,nan,0
1597988614675028992,1597988615224999936,2020-08-21 13:43:35.225000,7140.0,7250.0,7110.0,7250.0,nan,7165.0,199414,7148353025.0,273605,7145.0,373,7140.0,858,nan,0,nan,0,nan,0,nan,0,nan,0,nan,0,nan,0,nan,0
1597988618647220992,1597988619236000000,2020-08-21 13:43:39.236000,7145.0,7250.0,7110.0,7250.0,nan,7165.0,199418,7148495925.0,273606,7145.0,369,7140.0,858,nan,0,nan,0,nan,0,nan,0,nan,0,nan,0,nan,0,nan,0
1597988619172705024,1597988619743000064,2020-08-21 13:43:39.743000,7140.0,7250.0,7110.0,7250.0,nan,7165.0,199419,7148531625.0,273606,7145.0,374,7140.0,857,nan,0,nan,0,nan,0,nan,0,nan,0,nan,0,nan,0,nan,0
1597988619660729088,1597988620223000064,2020-08-21 13:43:40.223000,7140.0,7250.0,7110.0,7250.0,nan,7165.0,199419,7148531625.0,273606,7145.0,377,7140.0,857,nan,0,nan,0,nan,0,nan,0,nan,0,nan,0,nan,0,nan,0
1597988624187215872,1597988624744999936,2020-08-21 13:43:44.745000,7140.0,7250.0,7110.0,7250.0,nan,7165.0,199420,7148567325.0,273606,7145.0,377,7140.0,856,nan,0,nan,0,nan,0,nan,0,nan,0,nan,0,nan,0,nan,0
1597988624654409984,1597988625242000128,2020-08-21 13:43:45.242000,7140.0,7250.0,7110.0,7250.0,nan,7165.0,199421,7148603025.0,273606,7145.0,381,7140.0,855,nan,0,nan,0,nan,0,nan,0,nan,0,nan,0,nan,0,nan,0
1597988625164259072,1597988625740000000,2020-08-21 13:43:45.740000,7140.0,7250.0,7110.0,7250.0,nan,7165.0,199421,7148603025.0,273606,7145.0,370,7140.0,855,nan,0,nan,0,nan,0,nan,0,nan,0,nan,0,nan,0,nan,0
1597988625635003904,1597988626242000128,2020-08-21 13:43:46.242000,7140.0,7250.0,7110.0,7250.0,nan,7165.0,199421,7148603025.0,273606,7145.0,371,7140.0,855,nan,0,nan,0,nan,0,nan,0,nan,0,nan,0,nan,0,nan,0
1597988627637468928,1597988628244000000,2020-08-21 13:43:48.244000,7140.0,7250.0,7110.0,7250.0,nan,7165.0,199426,7148781525.0,273611,7145.0,371,7140.0,850,nan,0,nan,0,nan,0,nan,0,nan,0,nan,0,nan,0,nan,0
1597988628177862912,1597988628746000128,2020-08-21 13:43:48.746000,7140.0,7250.0,7110.0,7250.0,nan,7165.0,199427,7148817225.0,273612,7145.0,377,7140.0,849,nan,0,nan,0,nan,0,nan,0,nan,0,nan,0,nan,0,nan,0
1597988628630784000,1597988629224000000,2020-08-21 13:43:49.224000,7140.0,7250.0,7110.0,7250.0,nan,7165.0,199427,7148817225.0,273612,7145.0,380,7140.0,849,nan,0,nan,0,nan,0,nan,0,nan,0,nan,0,nan,0,nan,0
1597988629126447104,1597988629648000000,2020-08-21 13:43:49.648000,7140.0,7250.0,7110.0,7250.0,nan,7165.0,199427,7148817225.0,273612,7145.0,379,7140.0,849,nan,0,nan,0,nan,0,nan,0,nan,0,nan,0,nan,0,nan,0
1597988630146637056,1597988630734999808,2020-08-21 13:43:50.735000,7140.0,7250.0,7110.0,7250.0,nan,7165.0,199427,7148817225.0,273612,7145.0,382,7140.0,849,nan,0,nan,0,nan,0,nan,0,nan,0,nan,0,nan,0,nan,0
1597988631640294912,1597988632243000064,2020-08-21 13:43:52.243000,7140.0,7250.0,7110.0,7250.0,nan,7165.0,199427,7148817225.0,273612,7145.0,390,7140.0,849,nan,0,nan,0,nan,0,nan,0,nan,0,nan,0,nan,0,nan,0
1597988632129362944,1597988632732000000,2020-08-21 13:43:52.732000,7140.0,7250.0,7110.0,7250.0,nan,7165.0,199427,7148817225.0,273612,7145.0,385,7140.0,849,nan,0,nan,0,nan,0,nan,0,nan,0,nan,0,nan,0,nan,0
1597988634181380096,1597988634732000000,2020-08-21 13:43:54.732000,7140.0,7250.0,7110.0,7250.0,nan,7165.0,199428,7148852925.0,273612,7145.0,385,7140.0,848,nan,0,nan,0,nan,0,nan,0,nan,0,nan,0,nan,0,nan,0
1597988634630861056,1597988635237999872,2020-08-21 13:43:55.238000,7145.0,7250.0,7110.0,7250.0,nan,7165.0,199429,7148888650.0,273612,7145.0,387,7140.0,848,nan,0,nan,0,nan,0,nan,0,nan,0,nan,0,nan,0,nan,0
1597988636158039040,1597988636737999872,2020-08-21 13:43:56.738000,7145.0,7250.0,7110.0,7250.0,nan,7165.0,199430,7148924375.0,273612,7145.0,387,7140.0,848,nan,0,nan,0,nan,0,nan,0,nan,0,nan,0,nan,0,nan,0
1597988636635462912,1597988637246000128,2020-08-21 13:43:57.246000,7145.0,7250.0,7110.0,7250.0,nan,7165.0,199430,7148924375.0,273612,7145.0,389,7140.0,848,nan,0,nan,0,nan,0,nan,0,nan,0,nan,0,nan,0,nan,0
1597988638135803904,1597988638739000064,2020-08-21 13:43:58.739000,7145.0,7250.0,7110.0,7250.0,nan,7165.0,199430,7148924375.0,273612,7145.0,386,7140.0,848,nan,0,nan,0,nan,0,nan,0,nan,0,nan,0,nan,0,nan,0
1597988639160513024,1597988639742000128,2020-08-21 13:43:59.742000,7145.0,7250.0,7110.0,7250.0,nan,7165.0,199431,7148960100.0,273612,7145.0,387,7140.0,849,nan,0,nan,0,nan,0,nan,0,nan,0,nan,0,nan,0,nan,0
1597988639758146048,1597988640244000000,2020-08-21 13:44:00.244000,7145.0,7250.0,7110.0,7250.0,nan,7165.0,199432,7148995825.0,273613,7145.0,386,7140.0,849,nan,0,nan,0,nan,0,nan,0,nan,0,nan,0,nan,0,nan,0
1597988640148678912,1597988640743000064,2020-08-21 13:44:00.743000,7145.0,7250.0,7110.0,7250.0,nan,7165.0,199434,7149067275.0,273613,7145.0,395,7140.0,853,nan,0,nan,0,nan,0,nan,0,nan,0,nan,0,nan,0,nan,0
1597988641642600960,1597988642247000064,2020-08-21 13:44:02.247000,7145.0,7250.0,7110.0,7250.0,nan,7165.0,199436,7149138725.0,273614,7145.0,393,7140.0,853,nan,0,nan,0,nan,0,nan,0,nan,0,nan,0,nan,0,nan,0
1597988643144097024,1597988643744999936,2020-08-21 13:44:03.745000,7145.0,7250.0,7110.0,7250.0,nan,7165.0,199437,7149174450.0,273615,7145.0,392,7140.0,853,nan,0,nan,0,nan,0,nan,0,nan,0,nan,0,nan,0,nan,0
1597988644128851968,1597988644739000064,2020-08-21 13:44:04.739000,7140.0,7250.0,7110.0,7250.0,nan,7165.0,199438,7149210150.0,273615,7145.0,392,7140.0,852,nan,0,nan,0,nan,0,nan,0,nan,0,nan,0,nan,0,nan,0
1597988644642215936,1597988645231000064,2020-08-21 13:44:05.231000,7145.0,7250.0,7110.0,7250.0,nan,7165.0,199439,7149245875.0,273616,7145.0,391,7140.0,852,nan,0,nan,0,nan,0,nan,0,nan,0,nan,0,nan,0,nan,0
1597988645159397120,1597988645736999936,2020-08-21 13:44:05.737000,7145.0,7250.0,7110.0,7250.0,nan,7165.0,199439,7149245875.0,273616,7145.0,404,7140.0,852,nan,0,nan,0,nan,0,nan,0,nan,0,nan,0,nan,0,nan,0
1597988646157107968,1597988646740999936,2020-08-21 13:44:06.741000,7140.0,7250.0,7110.0,7250.0,nan,7165.0,199440,7149281575.0,273616,7145.0,404,7140.0,891,nan,0,nan,0,nan,0,nan,0,nan,0,nan,0,nan,0,nan,0
1597988647631009024,1597988648144000000,2020-08-21 13:44:08.144000,7140.0,7250.0,7110.0,7250.0,nan,7165.0,199442,7149352975.0,273616,7145.0,404,7140.0,890,nan,0,nan,0,nan,0,nan,0,nan,0,nan,0,nan,0,nan,0
1597988649179377920,1597988649742000128,2020-08-21 13:44:09.742000,7140.0,7250.0,7110.0,7250.0,nan,7165.0,199442,7149352975.0,273616,7145.0,404,7140.0,891,nan,0,nan,0,nan,0,nan,0,nan,0,nan,0,nan,0,nan,0
1597988649630668032,1597988650244999936,2020-08-21 13:44:10.245000,7140.0,7250.0,7110.0,7250.0,nan,7165.0,199442,7149352975.0,273616,7145.0,404,7140.0,892,nan,0,nan,0,nan,0,nan,0,nan,0,nan,0,nan,0,nan,0
1597988650627930112,1597988651244999936,2020-08-21 13:44:11.245000,7140.0,7250.0,7110.0,7250.0,nan,7165.0,199444,7149424425.0,273618,7145.0,404,7140.0,890,nan,0,nan,0,nan,0,nan,0,nan,0,nan,0,nan,0,nan,0
1597988651171904000,1597988651732999936,2020-08-21 13:44:11.733000,7145.0,7250.0,7110.0,7250.0,nan,7165.0,199445,7149460150.0,273619,7145.0,402,7140.0,890,nan,0,nan,0,nan,0,nan,0,nan,0,nan,0,nan,0,nan,0
1597988651653411072,1597988652246000128,2020-08-21 13:44:12.246000,7145.0,7250.0,7110.0,7250.0,nan,7165.0,199445,7149460150.0,273619,7145.0,402,7140.0,875,nan,0,nan,0,nan,0,nan,0,nan,0,nan,0,nan,0,nan,0
1597988652178508032,1597988652742000128,2020-08-21 13:44:12.742000,7145.0,7250.0,7110.0,7250.0,nan,7165.0,199446,7149495875.0,273619,7145.0,402,7140.0,890,nan,0,nan,0,nan,0,nan,0,nan,0,nan,0,nan,0,nan,0
1597988654148723968,1597988654744000000,2020-08-21 13:44:14.744000,7140.0,7250.0,7110.0,7250.0,nan,7165.0,199447,7149531575.0,273619,7145.0,402,7140.0,889,nan,0,nan,0,nan,0,nan,0,nan,0,nan,0,nan,0,nan,0
1597988655154179072,1597988655740999936,2020-08-21 13:44:15.741000,7145.0,7250.0,7110.0,7250.0,nan,7165.0,199448,7149567300.0,273620,7145.0,401,7140.0,889,nan,0,nan,0,nan,0,nan,0,nan,0,nan,0,nan,0,nan,0
1597988655627429120,1597988656239000064,2020-08-21 13:44:16.239000,7145.0,7250.0,7110.0,7250.0,nan,7165.0,199448,7149567300.0,273620,7145.0,417,7140.0,889,nan,0,nan,0,nan,0,nan,0,nan,0,nan,0,nan,0,nan,0
1597988656633677056,1597988657142999808,2020-08-21 13:44:17.143000,7145.0,7250.0,7110.0,7250.0,nan,7165.0,199448,7149567300.0,273620,7145.0,418,7140.0,889,nan,0,nan,0,nan,0,nan,0,nan,0,nan,0,nan,0,nan,0
1597988659634063872,1597988660244999936,2020-08-21 13:44:20.245000,7145.0,7250.0,7110.0,7250.0,nan,7165.0,199448,7149567300.0,273620,7145.0,418,7140.0,888,nan,0,nan,0,nan,0,nan,0,nan,0,nan,0,nan,0,nan,0
1597988660146757888,1597988660744999936,2020-08-21 13:44:20.745000,7145.0,7250.0,7110.0,7250.0,nan,7165.0,199448,7149567300.0,273620,7145.0,412,7140.0,888,nan,0,nan,0,nan,0,nan,0,nan,0,nan,0,nan,0,nan,0
1597988660644238080,1597988661209000192,2020-08-21 13:44:21.209000,7145.0,7250.0,7110.0,7250.0,nan,7165.0,199448,7149567300.0,273620,7145.0,420,7140.0,888,nan,0,nan,0,nan,0,nan,0,nan,0,nan,0,nan,0,nan,0
1597988664147610112,1597988664729000192,2020-08-21 13:44:24.729000,7140.0,7250.0,7110.0,7250.0,nan,7165.0,199449,7149603000.0,273620,7145.0,420,7140.0,887,nan,0,nan,0,nan,0,nan,0,nan,0,nan,0,nan,0,nan,0
1597988668130400000,1597988668744000000,2020-08-21 13:44:28.744000,7145.0,7250.0,7110.0,7250.0,nan,7165.0,199450,7149638725.0,273621,7145.0,420,7140.0,887,nan,0,nan,0,nan,0,nan,0,nan,0,nan,0,nan,0,nan,0
1597988668632376064,1597988669232999936,2020-08-21 13:44:29.233000,7145.0,7250.0,7110.0,7250.0,nan,7165.0,199451,7149674450.0,273621,7145.0,441,7140.0,887,nan,0,nan,0,nan,0,nan,0,nan,0,nan,0,nan,0,nan,0
1597988669155845888,1597988669724000000,2020-08-21 13:44:29.724000,7145.0,7250.0,7110.0,7250.0,nan,7165.0,199451,7149674450.0,273621,7145.0,443,7140.0,887,nan,0,nan,0,nan,0,nan,0,nan,0,nan,0,nan,0,nan,0
1597988669639902976,1597988670244999936,2020-08-21 13:44:30.245000,7145.0,7250.0,7110.0,7250.0,nan,7165.0,199451,7149674450.0,273621,7145.0,448,7140.0,887,nan,0,nan,0,nan,0,nan,0,nan,0,nan,0,nan,0,nan,0
1597988671139847936,1597988671743000064,2020-08-21 13:44:31.743000,7145.0,7250.0,7110.0,7250.0,nan,7165.0,199452,7149710175.0,273622,7145.0,447,7140.0,887,nan,0,nan,0,nan,0,nan,0,nan,0,nan,0,nan,0,nan,0
1597988672156505088,1597988672744000000,2020-08-21 13:44:32.744000,7145.0,7250.0,7110.0,7250.0,nan,7165.0,199453,7149745900.0,273622,7145.0,446,7140.0,887,nan,0,nan,0,nan,0,nan,0,nan,0,nan,0,nan,0,nan,0
1597988674140251904,1597988674746000128,2020-08-21 13:44:34.746000,7140.0,7250.0,7110.0,7250.0,nan,7165.0,199455,7149817325.0,273623,7145.0,446,7140.0,885,nan,0,nan,0,nan,0,nan,0,nan,0,nan,0,nan,0,nan,0
1597988674636630016,1597988675220999936,2020-08-21 13:44:35.221000,7140.0,7250.0,7110.0,7250.0,nan,7165.0,199455,7149817325.0,273623,7145.0,451,7140.0,885,nan,0,nan,0,nan,0,nan,0,nan,0,nan,0,nan,0,nan,0
1597988675151753984,1597988675724999936,2020-08-21 13:44:35.725000,7140.0,7250.0,7110.0,7250.0,nan,7165.0,199455,7149817325.0,273623,7145.0,440,7140.0,885,nan,0,nan,0,nan,0,nan,0,nan,0,nan,0,nan,0,nan,0
1597988680631378944,1597988681217999872,2020-08-21 13:44:41.218000,7145.0,7250.0,7110.0,7250.0,nan,7165.0,199457,7149888775.0,273623,7145.0,438,7140.0,885,nan,0,nan,0,nan,0,nan,0,nan,0,nan,0,nan,0,nan,0
1597988681212311040,1597988681732000000,2020-08-21 13:44:41.732000,7145.0,7250.0,7110.0,7250.0,nan,7165.0,199457,7149888775.0,273623,7145.0,432,7140.0,885,nan,0,nan,0,nan,0,nan,0,nan,0,nan,0,nan,0,nan,0
1597988681636990976,1597988682232000000,2020-08-21 13:44:42.232000,7145.0,7250.0,7110.0,7250.0,nan,7165.0,199457,7149888775.0,273623,7145.0,437,7140.0,885,nan,0,nan,0,nan,0,nan,0,nan,0,nan,0,nan,0,nan,0
1597988683137699072,1597988683742000128,2020-08-21 13:44:43.742000,7145.0,7250.0,7110.0,7250.0,nan,7165.0,199457,7149888775.0,273623,7145.0,437,7140.0,886,nan,0,nan,0,nan,0,nan,0,nan,0,nan,0,nan,0,nan,0
1597988684142756096,1597988684729000192,2020-08-21 13:44:44.729000,7140.0,7250.0,7110.0,7250.0,nan,7165.0,199458,7149924475.0,273623,7145.0,437,7140.0,885,nan,0,nan,0,nan,0,nan,0,nan,0,nan,0,nan,0,nan,0
1597988684665229056,1597988685237999872,2020-08-21 13:44:45.238000,7140.0,7250.0,7110.0,7250.0,nan,7165.0,199458,7149924475.0,273623,7145.0,449,7140.0,885,nan,0,nan,0,nan,0,nan,0,nan,0,nan,0,nan,0,nan,0
1597988689129103104,1597988689742000128,2020-08-21 13:44:49.742000,7145.0,7250.0,7110.0,7250.0,nan,7165.0,199460,7149995925.0,273623,7145.0,448,7140.0,885,nan,0,nan,0,nan,0,nan,0,nan,0,nan,0,nan,0,nan,0
1597988689656214016,1597988690234999808,2020-08-21 13:44:50.235000,7145.0,7250.0,7110.0,7250.0,nan,7165.0,199460,7149995925.0,273623,7145.0,462,7140.0,885,nan,0,nan,0,nan,0,nan,0,nan,0,nan,0,nan,0,nan,0
1597988690632638976,1597988691242000128,2020-08-21 13:44:51.242000,7145.0,7250.0,7110.0,7250.0,nan,7165.0,199463,7150103100.0,273624,7145.0,464,7140.0,885,nan,0,nan,0,nan,0,nan,0,nan,0,nan,0,nan,0,nan,0
1597988691145006080,1597988691730000128,2020-08-21 13:44:51.730000,7145.0,7250.0,7110.0,7250.0,nan,7165.0,199463,7150103100.0,273624,7145.0,494,7140.0,888,nan,0,nan,0,nan,0,nan,0,nan,0,nan,0,nan,0,nan,0
1597988692142686976,1597988692732999936,2020-08-21 13:44:52.733000,7145.0,7250.0,7110.0,7250.0,nan,7165.0,199463,7150103100.0,273624,7145.0,495,7140.0,888,nan,0,nan,0,nan,0,nan,0,nan,0,nan,0,nan,0,nan,0
1597988692644538112,1597988693207000064,2020-08-21 13:44:53.207000,7145.0,7250.0,7110.0,7250.0,nan,7165.0,199465,7150174550.0,273624,7145.0,494,7140.0,888,nan,0,nan,0,nan,0,nan,0,nan,0,nan,0,nan,0,nan,0
1597988697634373120,1597988698228000000,2020-08-21 13:44:58.228000,7145.0,7250.0,7110.0,7250.0,nan,7165.0,199470,7150353175.0,273629,7145.0,489,7140.0,907,nan,0,nan,0,nan,0,nan,0,nan,0,nan,0,nan,0,nan,0
1597988698129196032,1597988698731000064,2020-08-21 13:44:58.731000,7145.0,7250.0,7110.0,7250.0,nan,7165.0,199470,7150353175.0,273629,7145.0,477,7140.0,883,nan,0,nan,0,nan,0,nan,0,nan,0,nan,0,nan,0,nan,0
1597988700673801984,1597988701244999936,2020-08-21 13:45:01.245000,7140.0,7250.0,7110.0,7250.0,nan,7165.0,199472,7150424575.0,273631,7145.0,478,7140.0,881,nan,0,nan,0,nan,0,nan,0,nan,0,nan,0,nan,0,nan,0
1597988701181074944,1597988701742000128,2020-08-21 13:45:01.742000,7140.0,7250.0,7110.0,7250.0,nan,7165.0,199472,7150424575.0,273631,7145.0,481,7140.0,881,nan,0,nan,0,nan,0,nan,0,nan,0,nan,0,nan,0,nan,0
1597988701682760960,1597988702227000064,2020-08-21 13:45:02.227000,7140.0,7250.0,7110.0,7250.0,nan,7165.0,199472,7150424575.0,273631,7145.0,480,7140.0,882,nan,0,nan,0,nan,0,nan,0,nan,0,nan,0,nan,0,nan,0
1597988703153669888,1597988703726000128,2020-08-21 13:45:03.726000,7140.0,7250.0,7110.0,7250.0,nan,7165.0,199482,7150781575.0,273631,7145.0,481,7140.0,872,nan,0,nan,0,nan,0,nan,0,nan,0,nan,0,nan,0,nan,0
1597988704183322112,1597988704744999936,2020-08-21 13:45:04.745000,7140.0,7250.0,7110.0,7250.0,nan,7165.0,199482,7150781575.0,273631,7145.0,482,7140.0,872,nan,0,nan,0,nan,0,nan,0,nan,0,nan,0,nan,0,nan,0
1597988704636472064,1597988705212000000,2020-08-21 13:45:05.212000,7140.0,7250.0,7110.0,7250.0,nan,7165.0,199482,7150781575.0,273631,7145.0,490,7140.0,872,nan,0,nan,0,nan,0,nan,0,nan,0,nan,0,nan,0,nan,0
1597988705149249024,1597988705739000064,2020-08-21 13:45:05.739000,7140.0,7250.0,7110.0,7250.0,nan,7165.0,199482,7150781575.0,273631,7145.0,489,7140.0,872,nan,0,nan,0,nan,0,nan,0,nan,0,nan,0,nan,0,nan,0
1597988705653863936,1597988706242000128,2020-08-21 13:45:06.242000,7140.0,7250.0,7110.0,7250.0,nan,7165.0,199482,7150781575.0,273631,7145.0,490,7140.0,872,nan,0,nan,0,nan,0,nan,0,nan,0,nan,0,nan,0,nan,0
1597988706145979904,1597988706733999872,2020-08-21 13:45:06.734000,7145.0,7250.0,7110.0,7250.0,nan,7165.0,199483,7150817300.0,273632,7145.0,489,7140.0,872,nan,0,nan,0,nan,0,nan,0,nan,0,nan,0,nan,0,nan,0
1597988706635471872,1597988707237999872,2020-08-21 13:45:07.238000,7145.0,7250.0,7110.0,7250.0,nan,7165.0,199483,7150817300.0,273632,7145.0,488,7140.0,872,nan,0,nan,0,nan,0,nan,0,nan,0,nan,0,nan,0,nan,0
1597988708635184128,1597988709229000192,2020-08-21 13:45:09.229000,7140.0,7250.0,7110.0,7250.0,nan,7165.0,199486,7150924400.0,273632,7145.0,488,7140.0,869,nan,0,nan,0,nan,0,nan,0,nan,0,nan,0,nan,0,nan,0
1597988710141687040,1597988710736000000,2020-08-21 13:45:10.736000,7140.0,7250.0,7110.0,7250.0,nan,7165.0,199486,7150924400.0,273632,7145.0,492,7140.0,869,nan,0,nan,0,nan,0,nan,0,nan,0,nan,0,nan,0,nan,0
1597988710647277056,1597988711239000064,2020-08-21 13:45:11.239000,7140.0,7250.0,7110.0,7250.0,nan,7165.0,199486,7150924400.0,273632,7145.0,502,7140.0,869,nan,0,nan,0,nan,0,nan,0,nan,0,nan,0,nan,0,nan,0
1597988711645430016,1597988712219000064,2020-08-21 13:45:12.219000,7140.0,7250.0,7110.0,7250.0,nan,7165.0,199486,7150924400.0,273632,7145.0,502,7140.0,893,nan,0,nan,0,nan,0,nan,0,nan,0,nan,0,nan,0,nan,0
1597988712632833024,1597988713237999872,2020-08-21 13:45:13.238000,7145.0,7250.0,7110.0,7250.0,nan,7165.0,199527,7152389125.0,273649,7145.0,471,7140.0,879,nan,0,nan,0,nan,0,nan,0,nan,0,nan,0,nan,0,nan,0
1597988713144299008,1597988713739000064,2020-08-21 13:45:13.739000,7145.0,7250.0,7110.0,7250.0,nan,7165.0,199547,7153103625.0,273669,7145.0,475,7140.0,879,nan,0,nan,0,nan,0,nan,0,nan,0,nan,0,nan,0,nan,0
1597988713637948928,1597988714248000000,2020-08-21 13:45:14.248000,7145.0,7250.0,7110.0,7250.0,nan,7165.0,199568,7153853850.0,273688,7145.0,467,7140.0,881,nan,0,nan,0,nan,0,nan,0,nan,0,nan,0,nan,0,nan,0
1597988714190701056,1597988714737999872,2020-08-21 13:45:14.738000,7145.0,7250.0,7110.0,7250.0,nan,7165.0,199569,7153889575.0,273688,7145.0,465,7140.0,881,nan,0,nan,0,nan,0,nan,0,nan,0,nan,0,nan,0,nan,0
1597988714635056896,1597988715248000000,2020-08-21 13:45:15.248000,7145.0,7250.0,7110.0,7250.0,nan,7165.0,199589,7154604075.0,273708,7145.0,465,7140.0,881,nan,0,nan,0,nan,0,nan,0,nan,0,nan,0,nan,0,nan,0
1597988715153797888,1597988715743000064,2020-08-21 13:45:15.743000,7145.0,7250.0,7110.0,7250.0,nan,7165.0,199590,7154639800.0,273708,7145.0,456,7140.0,881,nan,0,nan,0,nan,0,nan,0,nan,0,nan,0,nan,0,nan,0
1597988715635507968,1597988716244999936,2020-08-21 13:45:16.245000,7145.0,7250.0,7110.0,7250.0,nan,7165.0,199590,7154639800.0,273708,7145.0,465,7140.0,881,nan,0,nan,0,nan,0,nan,0,nan,0,nan,0,nan,0,nan,0
1597988716136311040,1597988716743000064,2020-08-21 13:45:16.743000,7145.0,7250.0,7110.0,7250.0,nan,7165.0,199591,7154675525.0,273708,7145.0,464,7140.0,881,nan,0,nan,0,nan,0,nan,0,nan,0,nan,0,nan,0,nan,0
1597988716628026880,1597988717237999872,2020-08-21 13:45:17.238000,7140.0,7250.0,7110.0,7250.0,nan,7165.0,199592,7154711225.0,273709,7145.0,464,7140.0,881,nan,0,nan,0,nan,0,nan,0,nan,0,nan,0,nan,0,nan,0
1597988717150643968,1597988717740999936,2020-08-21 13:45:17.741000,7140.0,7250.0,7110.0,7250.0,nan,7165.0,199592,7154711225.0,273709,7145.0,460,7140.0,881,nan,0,nan,0,nan,0,nan,0,nan,0,nan,0,nan,0,nan,0
1597988717665251072,1597988718209000192,2020-08-21 13:45:18.209000,7145.0,7250.0,7110.0,7250.0,nan,7165.0,199593,7154746950.0,273708,7145.0,462,7140.0,881,nan,0,nan,0,nan,0,nan,0,nan,0,nan,0,nan,0,nan,0
1597988718153789952,1597988718744000000,2020-08-21 13:45:18.744000,7145.0,7250.0,7110.0,7250.0,nan,7165.0,199633,7156175950.0,273748,7145.0,467,7140.0,881,nan,0,nan,0,nan,0,nan,0,nan,0,nan,0,nan,0,nan,0
1597988718640825088,1597988719243000064,2020-08-21 13:45:19.243000,7145.0,7250.0,7110.0,7250.0,nan,7165.0,199633,7156175950.0,273748,7145.0,472,7140.0,886,nan,0,nan,0,nan,0,nan,0,nan,0,nan,0,nan,0,nan,0
1597988719133424128,1597988719712000000,2020-08-21 13:45:19.712000,7145.0,7250.0,7110.0,7250.0,nan,7165.0,199633,7156175950.0,273748,7145.0,476,7140.0,886,nan,0,nan,0,nan,0,nan,0,nan,0,nan,0,nan,0,nan,0
1597988719640583936,1597988720223000064,2020-08-21 13:45:20.223000,7145.0,7250.0,7110.0,7250.0,nan,7165.0,199633,7156175950.0,273748,7145.0,479,7140.0,886,nan,0,nan,0,nan,0,nan,0,nan,0,nan,0,nan,0,nan,0
1597988720148104960,1597988720740000000,2020-08-21 13:45:20.740000,7145.0,7250.0,7110.0,7250.0,nan,7165.0,199633,7156175950.0,273748,7145.0,481,7140.0,886,nan,0,nan,0,nan,0,nan,0,nan,0,nan,0,nan,0,nan,0
1597988720682748928,1597988721243000064,2020-08-21 13:45:21.243000,7145.0,7250.0,7110.0,7250.0,nan,7165.0,199633,7156175950.0,273748,7145.0,483,7140.0,889,nan,0,nan,0,nan,0,nan,0,nan,0,nan,0,nan,0,nan,0
1597988721151220992,1597988721748000000,2020-08-21 13:45:21.748000,7145.0,7250.0,7110.0,7250.0,nan,7165.0,199643,7156533200.0,273738,7145.0,478,7140.0,889,nan,0,nan,0,nan,0,nan,0,nan,0,nan,0,nan,0,nan,0
1597988721658799104,1597988722248000000,2020-08-21 13:45:22.248000,7140.0,7250.0,7110.0,7250.0,nan,7165.0,199644,7156568900.0,273738,7145.0,488,7140.0,888,nan,0,nan,0,nan,0,nan,0,nan,0,nan,0,nan,0,nan,0
1597988722653007872,1597988723239000064,2020-08-21 13:45:23.239000,7140.0,7250.0,7110.0,7250.0,nan,7165.0,199644,7156568900.0,273738,7145.0,488,7140.0,848,nan,0,nan,0,nan,0,nan,0,nan,0,nan,0,nan,0,nan,0
1597988723154843904,1597988723748000000,2020-08-21 13:45:23.748000,7140.0,7250.0,7110.0,7250.0,nan,7165.0,199644,7156568900.0,273738,7145.0,494,7140.0,848,nan,0,nan,0,nan,0,nan,0,nan,0,nan,0,nan,0,nan,0
1597988724633217024,1597988725246000128,2020-08-21 13:45:25.246000,7140.0,7250.0,7110.0,7250.0,nan,7165.0,199644,7156568900.0,273738,7145.0,494,7140.0,849,nan,0,nan,0,nan,0,nan,0,nan,0,nan,0,nan,0,nan,0
1597988727174558976,1597988727712999936,2020-08-21 13:45:27.713000,7140.0,7250.0,7110.0,7250.0,nan,7165.0,199644,7156568900.0,273738,7145.0,494,7140.0,859,nan,0,nan,0,nan,0,nan,0,nan,0,nan,0,nan,0,nan,0
1597988727649987072,1597988728234999808,2020-08-21 13:45:28.235000,7140.0,7250.0,7110.0,7250.0,nan,7165.0,199644,7156568900.0,273738,7145.0,494,7140.0,862,nan,0,nan,0,nan,0,nan,0,nan,0,nan,0,nan,0,nan,0
1597988730654048000,1597988731220999936,2020-08-21 13:45:31.221000,7140.0,7250.0,7110.0,7250.0,nan,7165.0,199664,7157282900.0,273733,7145.0,494,7140.0,842,nan,0,nan,0,nan,0,nan,0,nan,0,nan,0,nan,0,nan,0
1597988731133391872,1597988731740000000,2020-08-21 13:45:31.740000,7140.0,7250.0,7110.0,7250.0,nan,7165.0,199664,7157282900.0,273733,7145.0,494,7140.0,842,nan,0,nan,0,nan,0,nan,0,nan,0,nan,0,nan,0,nan,0
1597988732171319040,1597988732746000128,2020-08-21 13:45:32.746000,7140.0,7250.0,7110.0,7250.0,nan,7165.0,199665,7157318600.0,273732,7145.0,505,7140.0,836,nan,0,nan,0,nan,0,nan,0,nan,0,nan,0,nan,0,nan,0
1597988732629300992,1597988733246000128,2020-08-21 13:45:33.246000,7140.0,7250.0,7110.0,7250.0,nan,7165.0,199665,7157318600.0,273732,7145.0,506,7140.0,835,nan,0,nan,0,nan,0,nan,0,nan,0,nan,0,nan,0,nan,0
1597988735165742080,1597988735734999808,2020-08-21 13:45:35.735000,7140.0,7250.0,7110.0,7250.0,nan,7165.0,199665,7157318600.0,273732,7145.0,506,7140.0,831,nan,0,nan,0,nan,0,nan,0,nan,0,nan,0,nan,0,nan,0
1597988735689626880,1597988736242000128,2020-08-21 13:45:36.242000,7145.0,7250.0,7110.0,7250.0,nan,7165.0,199674,7157640125.0,273737,7145.0,502,7140.0,836,nan,0,nan,0,nan,0,nan,0,nan,0,nan,0,nan,0,nan,0
1597988736147226880,1597988736732000000,2020-08-21 13:45:36.732000,7140.0,7250.0,7110.0,7250.0,nan,7165.0,199676,7157711525.0,273735,7145.0,502,7140.0,834,nan,0,nan,0,nan,0,nan,0,nan,0,nan,0,nan,0,nan,0
1597988737140413952,1597988737740999936,2020-08-21 13:45:37.741000,7145.0,7250.0,7110.0,7250.0,nan,7165.0,199681,7157890150.0,273735,7145.0,498,7140.0,829,nan,0,nan,0,nan,0,nan,0,nan,0,nan,0,nan,0,nan,0
1597988737639376896,1597988738197999872,2020-08-21 13:45:38.198000,7145.0,7250.0,7110.0,7250.0,nan,7165.0,199681,7157890150.0,273735,7145.0,507,7140.0,829,nan,0,nan,0,nan,0,nan,0,nan,0,nan,0,nan,0,nan,0
1597988740636509952,1597988741229000192,2020-08-21 13:45:41.229000,7145.0,7250.0,7110.0,7250.0,nan,7165.0,199701,7158604650.0,273740,7145.0,492,7140.0,829,nan,0,nan,0,nan,0,nan,0,nan,0,nan,0,nan,0,nan,0
1597988741157180928,1597988741739000064,2020-08-21 13:45:41.739000,7145.0,7250.0,7110.0,7250.0,nan,7165.0,199716,7159140525.0,273755,7145.0,491,7140.0,834,nan,0,nan,0,nan,0,nan,0,nan,0,nan,0,nan,0,nan,0
1597988741630938112,1597988742217999872,2020-08-21 13:45:42.218000,7145.0,7250.0,7110.0,7250.0,nan,7165.0,199716,7159140525.0,273755,7145.0,491,7140.0,856,nan,0,nan,0,nan,0,nan,0,nan,0,nan,0,nan,0,nan,0
1597988742154465024,1597988742734999808,2020-08-21 13:45:42.735000,7145.0,7250.0,7110.0,7250.0,nan,7165.0,199716,7159140525.0,273755,7145.0,491,7140.0,876,nan,0,nan,0,nan,0,nan,0,nan,0,nan,0,nan,0,nan,0
1597988742648992000,1597988743226000128,2020-08-21 13:45:43.226000,7145.0,7250.0,7110.0,7250.0,nan,7165.0,199781,7161462650.0,273790,7145.0,425,7140.0,856,nan,0,nan,0,nan,0,nan,0,nan,0,nan,0,nan,0,nan,0
1597988743133669120,1597988743743000064,2020-08-21 13:45:43.743000,7145.0,7250.0,7110.0,7250.0,nan,7165.0,199781,7161462650.0,273790,7145.0,439,7140.0,856,nan,0,nan,0,nan,0,nan,0,nan,0,nan,0,nan,0,nan,0
1597988743680421120,1597988744248000000,2020-08-21 13:45:44.248000,7140.0,7250.0,7110.0,7250.0,nan,7165.0,199786,7161641150.0,273790,7145.0,439,7140.0,851,nan,0,nan,0,nan,0,nan,0,nan,0,nan,0,nan,0,nan,0
1597988744218493952,1597988744747000064,2020-08-21 13:45:44.747000,7140.0,7250.0,7110.0,7250.0,nan,7165.0,199786,7161641150.0,273790,7145.0,439,7140.0,858,nan,0,nan,0,nan,0,nan,0,nan,0,nan,0,nan,0,nan,0
1597988746139820032,1597988746730000128,2020-08-21 13:45:46.730000,7140.0,7250.0,7110.0,7250.0,nan,7165.0,199787,7161676850.0,273790,7145.0,439,7140.0,857,nan,0,nan,0,nan,0,nan,0,nan,0,nan,0,nan,0,nan,0
1597988746640741888,1597988747204000000,2020-08-21 13:45:47.204000,7140.0,7250.0,7110.0,7250.0,nan,7165.0,199807,7162391350.0,273810,7145.0,439,7140.0,840,nan,0,nan,0,nan,0,nan,0,nan,0,nan,0,nan,0,nan,0
1597988747150521088,1597988747726000128,2020-08-21 13:45:47.726000,7140.0,7250.0,7110.0,7250.0,nan,7165.0,199809,7162462775.0,273811,7145.0,439,7140.0,838,nan,0,nan,0,nan,0,nan,0,nan,0,nan,0,nan,0,nan,0
1597988748154145024,1597988748746000128,2020-08-21 13:45:48.746000,7145.0,7250.0,7110.0,7250.0,nan,7165.0,199829,7163177275.0,273831,7145.0,420,7140.0,838,nan,0,nan,0,nan,0,nan,0,nan,0,nan,0,nan,0,nan,0
1597988748639747072,1597988749233999872,2020-08-21 13:45:49.234000,7145.0,7250.0,7110.0,7250.0,nan,7165.0,199849,7163891775.0,273851,7145.0,399,7140.0,838,nan,0,nan,0,nan,0,nan,0,nan,0,nan,0,nan,0,nan,0
1597988749139709952,1597988749743000064,2020-08-21 13:45:49.743000,7145.0,7250.0,7110.0,7250.0,nan,7165.0,199870,7164641975.0,273871,7145.0,446,7140.0,837,nan,0,nan,0,nan,0,nan,0,nan,0,nan,0,nan,0,nan,0
