local_nano_time,quote_nano_time,datetime,last_price,highest,lowest,open,close,average,volume,amount,open_interest,ask_price1,ask_volume1,bid_price1,bid_volume1,ask_price2,ask_volume2,bid_price2,bid_volume2,ask_price3,ask_volume3,bid_price3,bid_volume3,ask_price4,ask_volume4,bid_price4,bid_volume4,ask_price5,ask_volume5,bid_price5,bid_volume5
1597988226567345920,1597988226500000000,2020-08-21 13:37:06.500000,98.4,98.415,98.19,98.195,nan,98.296,28993,28499080200.0,71464,98.4,25,98.395,91,nan,0,nan,0,nan,0,nan,0,nan,0,nan,0,nan,0,nan,0
1597988227075098112,1597988227000000000,2020-08-21 13:37:07.000000,98.4,98.415,98.19,98.195,nan,98.296,28993,28499080200.0,71464,98.4,25,98.395,91,nan,0,nan,0,nan,0,nan,0,nan,0,nan,0,nan,0,nan,0
1597988227561622016,1597988227500000000,2020-08-21 13:37:07.500000,98.395,98.415,98.19,98.195,nan,98.296,28994,28500064150.0,71465,98.4,26,98.395,90,nan,0,nan,0,nan,0,nan,0,nan,0,nan,0,nan,0,nan,0
1597988228078374912,1597988228000000000,2020-08-21 13:37:08.000000,98.395,98.415,98.19,98.195,nan,98.296,28994,28500064150.0,71465,98.4,26,98.395,90,nan,0,nan,0,nan,0,nan,0,nan,0,nan,0,nan,0,nan,0
1597988228558669056,1597988228500000000,2020-08-21 13:37:08.500000,98.395,98.415,98.19,98.195,nan,98.296,28994,28500064150.0,71465,98.4,26,98.395,90,nan,0,nan,0,nan,0,nan,0,nan,0,nan,0,nan,0,nan,0
1597988229080482048,1597988229000000000,2020-08-21 13:37:09.000000,98.395,98.415,98.19,98.195,nan,98.296,28994,28500064150.0,71465,98.4,26,98.395,87,nan,0,nan,0,nan,0,nan,0,nan,0,nan,0,nan,0,nan,0
1597988229561207040,1597988229500000000,2020-08-21 13:37:09.500000,98.4,98.415,98.19,98.195,nan,98.296,29004,28509904150.0,71475,98.4,16,98.395,87,nan,0,nan,0,nan,0,nan,0,nan,0,nan,0,nan,0,nan,0
1597988230051800064,1597988230000000000,2020-08-21 13:37:10.000000,98.395,98.415,98.19,98.195,nan,98.296,29005,28510888100.0,71475,98.4,16,98.395,86,nan,0,nan,0,nan,0,nan,0,nan,0,nan,0,nan,0,nan,0
1597988230549967872,1597988230500000000,2020-08-21 13:37:10.500000,98.4,98.415,98.19,98.195,nan,98.296,29007,28512856100.0,71477,98.4,24,98.395,86,nan,0,nan,0,nan,0,nan,0,nan,0,nan,0,nan,0,nan,0
1597988231046970112,1597988231000000000,2020-08-21 13:37:11.000000,98.4,98.415,98.19,98.195,nan,98.296,29007,28512856100.0,71477,98.4,22,98.395,86,nan,0,nan,0,nan,0,nan,0,nan,0,nan,0,nan,0,nan,0
1597988231556731904,1597988231500000000,2020-08-21 13:37:11.500000,98.4,98.415,98.19,98.195,nan,98.296,29007,28512856100.0,71477,98.4,22,98.395,88,nan,0,nan,0,nan,0,nan,0,nan,0,nan,0,nan,0,nan,0
1597988232042497024,1597988232000000000,2020-08-21 13:37:12.000000,98.4,98.415,98.19,98.195,nan,98.296,29007,28512856100.0,71477,98.4,22,98.395,88,nan,0,nan,0,nan,0,nan,0,nan,0,nan,0,nan,0,nan,0
1597988232539219968,1597988232500000000,2020-08-21 13:37:12.500000,98.395,98.415,98.19,98.195,nan,98.296,29008,28513840050.0,71477,98.4,22,98.395,87,nan,0,nan,0,nan,0,nan,0,nan,0,nan,0,nan,0,nan,0
1597988233041372928,1597988233000000000,2020-08-21 13:37:13.000000,98.4,98.415,98.19,98.195,nan,98.296,29009,28514824050.0,71478,98.4,24,98.395,85,nan,0,nan,0,nan,0,nan,0,nan,0,nan,0,nan,0,nan,0
1597988233543705088,1597988233500000000,2020-08-21 13:37:13.500000,98.4,98.415,98.19,98.195,nan,98.296,29009,28514824050.0,71478,98.4,24,98.395,87,nan,0,nan,0,nan,0,nan,0,nan,0,nan,0,nan,0,nan,0
1597988234046454016,1597988234000000000,2020-08-21 13:37:14.000000,98.395,98.415,98.19,98.195,nan,98.296,29010,28515808000.0,71477,98.4,24,98.395,86,nan,0,nan,0,nan,0,nan,0,nan,0,nan,0,nan,0,nan,0
1597988234551194112,1597988234500000000,2020-08-21 13:37:14.500000,98.395,98.415,98.19,98.195,nan,98.296,29010,28515808000.0,71477,98.4,24,98.395,84,nan,0,nan,0,nan,0,nan,0,nan,0,nan,0,nan,0,nan,0
1597988235034577920,1597988235000000000,2020-08-21 13:37:15.000000,98.395,98.415,98.19,98.195,nan,98.296,29010,28515808000.0,71477,98.4,26,98.395,84,nan,0,nan,0,nan,0,nan,0,nan,0,nan,0,nan,0,nan,0
1597988236544862976,1597988236500000000,2020-08-21 13:37:16.500000,98.395,98.415,98.19,98.195,nan,98.296,29010,28515808000.0,71477,98.4,27,98.395,84,nan,0,nan,0,nan,0,nan,0,nan,0,nan,0,nan,0,nan,0
1597988237552822016,1597988237500000000,2020-08-21 13:37:17.500000,98.395,98.415,98.19,98.195,nan,98.296,29010,28515808000.0,71477,98.4,27,98.395,84,nan,0,nan,0,nan,0,nan,0,nan,0,nan,0,nan,0,nan,0
1597988239559664896,1597988239500000000,2020-08-21 13:37:19.500000,98.395,98.415,98.19,98.195,nan,98.296,29011,28516791950.0,71477,98.4,27,98.395,83,nan,0,nan,0,nan,0,nan,0,nan,0,nan,0,nan,0,nan,0
1597988240066288128,1597988240000000000,2020-08-21 13:37:20.000000,98.395,98.415,98.19,98.195,nan,98.296,29011,28516791950.0,71477,98.4,27,98.395,83,nan,0,nan,0,nan,0,nan,0,nan,0,nan,0,nan,0,nan,0
1597988240550211072,1597988240500000000,2020-08-21 13:37:20.500000,98.395,98.415,98.19,98.195,nan,98.296,29011,28516791950.0,71477,98.4,47,98.395,84,nan,0,nan,0,nan,0,nan,0,nan,0,nan,0,nan,0,nan,0
1597988241067107072,1597988241000000000,2020-08-21 13:37:21.000000,98.395,98.415,98.19,98.195,nan,98.297,29063,28567957350.0,71428,98.4,47,98.395,32,nan,0,nan,0,nan,0,nan,0,nan,0,nan,0,nan,0,nan,0
1597988241570059008,1597988241500000000,2020-08-21 13:37:21.500000,98.395,98.415,98.19,98.195,nan,98.297,29097,28601411650.0,71426,98.4,47,98.395,1,nan,0,nan,0,nan,0,nan,0,nan,0,nan,0,nan,0,nan,0
1597988242075504128,1597988242000000000,2020-08-21 13:37:22.000000,98.395,98.415,98.19,98.195,nan,98.297,29100,28604363500.0,71426,98.395,5,98.39,93,nan,0,nan,0,nan,0,nan,0,nan,0,nan,0,nan,0,nan,0
1597988242568218112,1597988242500000000,2020-08-21 13:37:22.500000,98.395,98.415,98.19,98.195,nan,98.297,29105,28609283250.0,71428,98.4,49,98.395,4,nan,0,nan,0,nan,0,nan,0,nan,0,nan,0,nan,0,nan,0
1597988243069757952,1597988243000000000,2020-08-21 13:37:23.000000,98.395,98.415,98.19,98.195,nan,98.297,29109,28613219050.0,71428,98.4,45,98.395,2,nan,0,nan,0,nan,0,nan,0,nan,0,nan,0,nan,0,nan,0
1597988243577582080,1597988243500000000,2020-08-21 13:37:23.500000,98.395,98.415,98.19,98.195,nan,98.297,29109,28613219050.0,71428,98.4,45,98.395,10,nan,0,nan,0,nan,0,nan,0,nan,0,nan,0,nan,0,nan,0
1597988244068758016,1597988244000000000,2020-08-21 13:37:24.000000,98.395,98.415,98.19,98.195,nan,98.297,29109,28613219050.0,71428,98.4,47,98.395,12,nan,0,nan,0,nan,0,nan,0,nan,0,nan,0,nan,0,nan,0
1597988244574164992,1597988244500000000,2020-08-21 13:37:24.500000,98.395,98.415,98.19,98.195,nan,98.297,29110,28614203000.0,71429,98.4,47,98.395,14,nan,0,nan,0,nan,0,nan,0,nan,0,nan,0,nan,0,nan,0
1597988245072796928,1597988245000000000,2020-08-21 13:37:25.000000,98.395,98.415,98.19,98.195,nan,98.297,29110,28614203000.0,71429,98.4,47,98.395,14,nan,0,nan,0,nan,0,nan,0,nan,0,nan,0,nan,0,nan,0
1597988245560196096,1597988245500000000,2020-08-21 13:37:25.500000,98.395,98.415,98.19,98.195,nan,98.297,29110,28614203000.0,71429,98.4,47,98.395,17,nan,0,nan,0,nan,0,nan,0,nan,0,nan,0,nan,0,nan,0
1597988246095141888,1597988246000000000,2020-08-21 13:37:26.000000,98.395,98.415,98.19,98.195,nan,98.297,29110,28614203000.0,71429,98.4,45,98.395,17,nan,0,nan,0,nan,0,nan,0,nan,0,nan,0,nan,0,nan,0
1597988246572633088,1597988246500000000,2020-08-21 13:37:26.500000,98.395,98.415,98.19,98.195,nan,98.297,29120,28624042500.0,71437,98.4,45,98.395,8,nan,0,nan,0,nan,0,nan,0,nan,0,nan,0,nan,0,nan,0
1597988248067168000,1597988248000000000,2020-08-21 13:37:28.000000,98.395,98.415,98.19,98.195,nan,98.297,29120,28624042500.0,71437,98.4,45,98.395,4,nan,0,nan,0,nan,0,nan,0,nan,0,nan,0,nan,0,nan,0
1597988248557577984,1597988248500000000,2020-08-21 13:37:28.500000,98.395,98.415,98.19,98.195,nan,98.297,29124,28627978300.0,71438,98.4,45,98.39,92,nan,0,nan,0,nan,0,nan,0,nan,0,nan,0,nan,0,nan,0
1597988249056295936,1597988249000000000,2020-08-21 13:37:29.000000,98.395,98.415,98.19,98.195,nan,98.297,29126,28629946200.0,71440,98.395,3,98.39,82,nan,0,nan,0,nan,0,nan,0,nan,0,nan,0,nan,0,nan,0
1597988249554471936,1597988249500000000,2020-08-21 13:37:29.500000,98.395,98.415,98.19,98.195,nan,98.297,29127,28630930150.0,71440,98.395,5,98.39,79,nan,0,nan,0,nan,0,nan,0,nan,0,nan,0,nan,0,nan,0
1597988250068934912,1597988250000000000,2020-08-21 13:37:30.000000,98.395,98.415,98.19,98.195,nan,98.297,29127,28630930150.0,71440,98.395,7,98.39,79,nan,0,nan,0,nan,0,nan,0,nan,0,nan,0,nan,0,nan,0
1597988250567038976,1597988250500000000,2020-08-21 13:37:30.500000,98.395,98.415,98.19,98.195,nan,98.297,29139,28642737550.0,71436,98.395,4,98.39,80,nan,0,nan,0,nan,0,nan,0,nan,0,nan,0,nan,0,nan,0
1597988251068338944,1597988251000000000,2020-08-21 13:37:31.000000,98.395,98.415,98.19,98.195,nan,98.297,29148,28651593100.0,71442,98.395,1,98.39,80,nan,0,nan,0,nan,0,nan,0,nan,0,nan,0,nan,0,nan,0
1597988251554657024,1597988251500000000,2020-08-21 13:37:31.500000,98.395,98.415,98.19,98.195,nan,98.297,29148,28651593100.0,71442,98.395,5,98.39,80,nan,0,nan,0,nan,0,nan,0,nan,0,nan,0,nan,0,nan,0
1597988252053505024,1597988252000000000,2020-08-21 13:37:32.000000,98.395,98.415,98.19,98.195,nan,98.297,29148,28651593100.0,71442,98.395,7,98.39,80,nan,0,nan,0,nan,0,nan,0,nan,0,nan,0,nan,0,nan,0
1597988252573267968,1597988252500000000,2020-08-21 13:37:32.500000,98.39,98.415,98.19,98.195,nan,98.297,29153,28656512600.0,71441,98.395,10,98.39,71,nan,0,nan,0,nan,0,nan,0,nan,0,nan,0,nan,0,nan,0
1597988253057278976,1597988253000000000,2020-08-21 13:37:33.000000,98.39,98.415,98.19,98.195,nan,98.297,29157,28660448200.0,71438,98.395,13,98.39,67,nan,0,nan,0,nan,0,nan,0,nan,0,nan,0,nan,0,nan,0
1597988253575046912,1597988253500000000,2020-08-21 13:37:33.500000,98.395,98.415,98.19,98.195,nan,98.297,29162,28665367750.0,71434,98.395,15,98.39,63,nan,0,nan,0,nan,0,nan,0,nan,0,nan,0,nan,0,nan,0
1597988254068020992,1597988254000000000,2020-08-21 13:37:34.000000,98.395,98.415,98.19,98.195,nan,98.297,29172,28675207250.0,71436,98.395,13,98.39,68,nan,0,nan,0,nan,0,nan,0,nan,0,nan,0,nan,0,nan,0
1597988254570135040,1597988254500000000,2020-08-21 13:37:34.500000,98.395,98.415,98.19,98.195,nan,98.297,29172,28675207250.0,71436,98.395,23,98.39,71,nan,0,nan,0,nan,0,nan,0,nan,0,nan,0,nan,0,nan,0
1597988255076645888,1597988255000000000,2020-08-21 13:37:35.000000,98.395,98.415,98.19,98.195,nan,98.297,29172,28675207250.0,71436,98.395,23,98.39,71,nan,0,nan,0,nan,0,nan,0,nan,0,nan,0,nan,0,nan,0
1597988255587198976,1597988255500000000,2020-08-21 13:37:35.500000,98.395,98.415,98.19,98.195,nan,98.297,29172,28675207250.0,71436,98.395,23,98.39,71,nan,0,nan,0,nan,0,nan,0,nan,0,nan,0,nan,0,nan,0
1597988256083912960,1597988256000000000,2020-08-21 13:37:36.000000,98.39,98.415,98.19,98.195,nan,98.297,29192,28694885250.0,71416,98.395,23,98.39,52,nan,0,nan,0,nan,0,nan,0,nan,0,nan,0,nan,0,nan,0
1597988256586129920,1597988256500000000,2020-08-21 13:37:36.500000,98.39,98.415,98.19,98.195,nan,98.297,29202,28704724250.0,71409,98.395,23,98.39,40,nan,0,nan,0,nan,0,nan,0,nan,0,nan,0,nan,0,nan,0
1597988257079955968,1597988257000000000,2020-08-21 13:37:37.000000,98.39,98.415,98.19,98.195,nan,98.297,29237,28739160750.0,71411,98.395,25,98.39,3,nan,0,nan,0,nan,0,nan,0,nan,0,nan,0,nan,0,nan,0
1597988257587151872,1597988257500000000,2020-08-21 13:37:37.500000,98.39,98.415,98.19,98.195,nan,98.297,29242,28744080250.0,71412,98.39,15,98.385,73,nan,0,nan,0,nan,0,nan,0,nan,0,nan,0,nan,0,nan,0
1597988258071666944,1597988258000000000,2020-08-21 13:37:38.000000,98.39,98.415,98.19,98.195,nan,98.297,29247,28748999750.0,71411,98.39,5,98.385,63,nan,0,nan,0,nan,0,nan,0,nan,0,nan,0,nan,0,nan,0
1597988258573190912,1597988258500000000,2020-08-21 13:37:38.500000,98.39,98.415,98.19,98.195,nan,98.297,29247,28748999750.0,71411,98.39,6,98.385,63,nan,0,nan,0,nan,0,nan,0,nan,0,nan,0,nan,0,nan,0
1597988259072154880,1597988259000000000,2020-08-21 13:37:39.000000,98.39,98.415,98.19,98.195,nan,98.297,29247,28748999750.0,71411,98.39,6,98.385,62,nan,0,nan,0,nan,0,nan,0,nan,0,nan,0,nan,0,nan,0
1597988259578963968,1597988259500000000,2020-08-21 13:37:39.500000,98.39,98.415,98.19,98.195,nan,98.297,29247,28748999750.0,71411,98.39,6,98.385,63,nan,0,nan,0,nan,0,nan,0,nan,0,nan,0,nan,0,nan,0
1597988260089227008,1597988260000000000,2020-08-21 13:37:40.000000,98.39,98.415,98.19,98.195,nan,98.297,29247,28748999750.0,71411,98.39,4,98.385,63,nan,0,nan,0,nan,0,nan,0,nan,0,nan,0,nan,0,nan,0
1597988261072186880,1597988261000000000,2020-08-21 13:37:41.000000,98.39,98.415,98.19,98.195,nan,98.297,29251,28752935350.0,71410,98.39,10,98.385,65,nan,0,nan,0,nan,0,nan,0,nan,0,nan,0,nan,0,nan,0
1597988261573554944,1597988261500000000,2020-08-21 13:37:41.500000,98.39,98.415,98.19,98.195,nan,98.297,29259,28760806550.0,71410,98.39,4,98.385,66,nan,0,nan,0,nan,0,nan,0,nan,0,nan,0,nan,0,nan,0
1597988262070731008,1597988262000000000,2020-08-21 13:37:42.000000,98.39,98.415,98.19,98.195,nan,98.297,29261,28762774350.0,71411,98.39,12,98.385,66,nan,0,nan,0,nan,0,nan,0,nan,0,nan,0,nan,0,nan,0
1597988263061489920,1597988263000000000,2020-08-21 13:37:43.000000,98.39,98.415,98.19,98.195,nan,98.297,29261,28762774350.0,71411,98.39,10,98.385,66,nan,0,nan,0,nan,0,nan,0,nan,0,nan,0,nan,0,nan,0
1597988263579503104,1597988263500000000,2020-08-21 13:37:43.500000,98.39,98.415,98.19,98.195,nan,98.297,29262,28763758250.0,71410,98.39,9,98.385,66,nan,0,nan,0,nan,0,nan,0,nan,0,nan,0,nan,0,nan,0
1597988264061860096,1597988264000000000,2020-08-21 13:37:44.000000,98.39,98.415,98.19,98.195,nan,98.297,29263,28764742150.0,71410,98.39,8,98.385,66,nan,0,nan,0,nan,0,nan,0,nan,0,nan,0,nan,0,nan,0
1597988264560796928,1597988264500000000,2020-08-21 13:37:44.500000,98.385,98.415,98.19,98.195,nan,98.297,29313,28813934650.0,71414,98.39,11,98.385,16,nan,0,nan,0,nan,0,nan,0,nan,0,nan,0,nan,0,nan,0
1597988265066680064,1597988265000000000,2020-08-21 13:37:45.000000,98.385,98.415,98.19,98.195,nan,98.298,29331,28831643950.0,71417,98.385,1,98.38,16,nan,0,nan,0,nan,0,nan,0,nan,0,nan,0,nan,0,nan,0
1597988265557900032,1597988265500000000,2020-08-21 13:37:45.500000,98.385,98.415,98.19,98.195,nan,98.298,29335,28835579350.0,71421,98.385,1,98.38,15,nan,0,nan,0,nan,0,nan,0,nan,0,nan,0,nan,0,nan,0
1597988266085254912,1597988266000000000,2020-08-21 13:37:46.000000,98.385,98.415,98.19,98.195,nan,98.298,29335,28835579350.0,71421,98.385,5,98.38,15,nan,0,nan,0,nan,0,nan,0,nan,0,nan,0,nan,0,nan,0
1597988266561945088,1597988266500000000,2020-08-21 13:37:46.500000,98.385,98.415,98.19,98.195,nan,98.298,29335,28835579350.0,71421,98.385,5,98.38,15,nan,0,nan,0,nan,0,nan,0,nan,0,nan,0,nan,0,nan,0
1597988267104984064,1597988267000000000,2020-08-21 13:37:47.000000,98.385,98.415,98.19,98.195,nan,98.298,29335,28835579350.0,71421,98.385,5,98.38,15,nan,0,nan,0,nan,0,nan,0,nan,0,nan,0,nan,0,nan,0
1597988267576386048,1597988267500000000,2020-08-21 13:37:47.500000,98.385,98.415,98.19,98.195,nan,98.298,29335,28835579350.0,71421,98.385,5,98.38,15,nan,0,nan,0,nan,0,nan,0,nan,0,nan,0,nan,0,nan,0
1597988268082926080,1597988268000000000,2020-08-21 13:37:48.000000,98.385,98.415,98.19,98.195,nan,98.298,29335,28835579350.0,71421,98.385,3,98.38,15,nan,0,nan,0,nan,0,nan,0,nan,0,nan,0,nan,0,nan,0
1597988268586774016,1597988268500000000,2020-08-21 13:37:48.500000,98.39,98.415,98.19,98.195,nan,98.298,29341,28841482600.0,71416,98.39,16,98.38,17,nan,0,nan,0,nan,0,nan,0,nan,0,nan,0,nan,0,nan,0
1597988269082459904,1597988269000000000,2020-08-21 13:37:49.000000,98.385,98.415,98.19,98.195,nan,98.298,29348,28848369400.0,71416,98.39,16,98.38,16,nan,0,nan,0,nan,0,nan,0,nan,0,nan,0,nan,0,nan,0
1597988269578638080,1597988269500000000,2020-08-21 13:37:49.500000,98.385,98.415,98.19,98.195,nan,98.298,29349,28849353250.0,71415,98.39,16,98.38,21,nan,0,nan,0,nan,0,nan,0,nan,0,nan,0,nan,0,nan,0
1597988270078674944,1597988270000000000,2020-08-21 13:37:50.000000,98.385,98.415,98.19,98.195,nan,98.298,29349,28849353250.0,71415,98.39,16,98.385,2,nan,0,nan,0,nan,0,nan,0,nan,0,nan,0,nan,0,nan,0
1597988270568107008,1597988270500000000,2020-08-21 13:37:50.500000,98.385,98.415,98.19,98.195,nan,98.298,29349,28849353250.0,71415,98.39,16,98.385,2,nan,0,nan,0,nan,0,nan,0,nan,0,nan,0,nan,0,nan,0
1597988271070675968,1597988271000000000,2020-08-21 13:37:51.000000,98.385,98.415,98.19,98.195,nan,98.298,29349,28849353250.0,71415,98.39,15,98.385,3,nan,0,nan,0,nan,0,nan,0,nan,0,nan,0,nan,0,nan,0
1597988271567088128,1597988271500000000,2020-08-21 13:37:51.500000,98.385,98.415,98.19,98.195,nan,98.298,29350,28850337100.0,71416,98.39,13,98.385,9,nan,0,nan,0,nan,0,nan,0,nan,0,nan,0,nan,0,nan,0
1597988272068805120,1597988272000000000,2020-08-21 13:37:52.000000,98.385,98.415,98.19,98.195,nan,98.298,29350,28850337100.0,71416,98.39,11,98.385,10,nan,0,nan,0,nan,0,nan,0,nan,0,nan,0,nan,0,nan,0
1597988272569240064,1597988272500000000,2020-08-21 13:37:52.500000,98.385,98.415,98.19,98.195,nan,98.298,29350,28850337100.0,71416,98.39,11,98.385,10,nan,0,nan,0,nan,0,nan,0,nan,0,nan,0,nan,0,nan,0
1597988273079142912,1597988273000000000,2020-08-21 13:37:53.000000,98.385,98.415,98.19,98.195,nan,98.298,29350,28850337100.0,71416,98.39,11,98.385,10,nan,0,nan,0,nan,0,nan,0,nan,0,nan,0,nan,0,nan,0
1597988273564773120,1597988273500000000,2020-08-21 13:37:53.500000,98.385,98.415,98.19,98.195,nan,98.298,29351,28851320950.0,71417,98.39,12,98.385,9,nan,0,nan,0,nan,0,nan,0,nan,0,nan,0,nan,0,nan,0
1597988274069110016,1597988274000000000,2020-08-21 13:37:54.000000,98.385,98.415,98.19,98.195,nan,98.298,29351,28851320950.0,71417,98.39,12,98.385,8,nan,0,nan,0,nan,0,nan,0,nan,0,nan,0,nan,0,nan,0
1597988274566680064,1597988274500000000,2020-08-21 13:37:54.500000,98.385,98.415,98.19,98.195,nan,98.298,29351,28851320950.0,71417,98.39,12,98.385,9,nan,0,nan,0,nan,0,nan,0,nan,0,nan,0,nan,0,nan,0
1597988275064048128,1597988275000000000,2020-08-21 13:37:55.000000,98.385,98.415,98.19,98.195,nan,98.298,29351,28851320950.0,71417,98.39,11,98.385,10,nan,0,nan,0,nan,0,nan,0,nan,0,nan,0,nan,0,nan,0
1597988275568268032,1597988275500000000,2020-08-21 13:37:55.500000,98.385,98.415,98.19,98.195,nan,98.298,29352,28852304800.0,71416,98.39,11,98.385,9,nan,0,nan,0,nan,0,nan,0,nan,0,nan,0,nan,0,nan,0
1597988276087256064,1597988276000000000,2020-08-21 13:37:56.000000,98.385,98.415,98.19,98.195,nan,98.298,29352,28852304800.0,71416,98.39,16,98.385,9,nan,0,nan,0,nan,0,nan,0,nan,0,nan,0,nan,0,nan,0
1597988276577517056,1597988276500000000,2020-08-21 13:37:56.500000,98.385,98.415,98.19,98.195,nan,98.298,29352,28852304800.0,71416,98.39,16,98.385,9,nan,0,nan,0,nan,0,nan,0,nan,0,nan,0,nan,0,nan,0
1597988277102870016,1597988277000000000,2020-08-21 13:37:57.000000,98.385,98.415,98.19,98.195,nan,98.298,29352,28852304800.0,71416,98.39,16,98.385,9,nan,0,nan,0,nan,0,nan,0,nan,0,nan,0,nan,0,nan,0
1597988277579514112,1597988277500000000,2020-08-21 13:37:57.500000,98.385,98.415,98.19,98.195,nan,98.298,29353,28853288650.0,71417,98.39,16,98.385,9,nan,0,nan,0,nan,0,nan,0,nan,0,nan,0,nan,0,nan,0
1597988278568496128,1597988278500000000,2020-08-21 13:37:58.500000,98.385,98.415,98.19,98.195,nan,98.298,29353,28853288650.0,71417,98.39,16,98.385,9,nan,0,nan,0,nan,0,nan,0,nan,0,nan,0,nan,0,nan,0
1597988279067227904,1597988279000000000,2020-08-21 13:37:59.000000,98.385,98.415,98.19,98.195,nan,98.298,29353,28853288650.0,71417,98.39,16,98.385,10,nan,0,nan,0,nan,0,nan,0,nan,0,nan,0,nan,0,nan,0
1597988279573506048,1597988279500000000,2020-08-21 13:37:59.500000,98.385,98.415,98.19,98.195,nan,98.298,29363,28863127150.0,71415,98.39,16,98.38,20,nan,0,nan,0,nan,0,nan,0,nan,0,nan,0,nan,0,nan,0
1597988280077459968,1597988280000000000,2020-08-21 13:38:00.000000,98.385,98.415,98.19,98.195,nan,98.298,29363,28863127150.0,71415,98.39,18,98.38,20,nan,0,nan,0,nan,0,nan,0,nan,0,nan,0,nan,0,nan,0
1597988280572005888,1597988280500000000,2020-08-21 13:38:00.500000,98.385,98.415,98.19,98.195,nan,98.298,29363,28863127150.0,71415,98.39,18,98.385,1,nan,0,nan,0,nan,0,nan,0,nan,0,nan,0,nan,0,nan,0
1597988281074103040,1597988281000000000,2020-08-21 13:38:01.000000,98.385,98.415,98.19,98.195,nan,98.298,29363,28863127150.0,71415,98.39,18,98.385,2,nan,0,nan,0,nan,0,nan,0,nan,0,nan,0,nan,0,nan,0
1597988281584453888,1597988281500000000,2020-08-21 13:38:01.500000,98.39,98.415,98.19,98.195,nan,98.298,29364,28864111050.0,71414,98.39,17,98.385,2,nan,0,nan,0,nan,0,nan,0,nan,0,nan,0,nan,0,nan,0
1597988282065841920,1597988282000000000,2020-08-21 13:38:02.000000,98.39,98.415,98.19,98.195,nan,98.298,29364,28864111050.0,71414,98.39,17,98.385,5,nan,0,nan,0,nan,0,nan,0,nan,0,nan,0,nan,0,nan,0
1597988282568609024,1597988282500000000,2020-08-21 13:38:02.500000,98.39,98.415,98.19,98.195,nan,98.298,29364,28864111050.0,71414,98.39,17,98.385,6,nan,0,nan,0,nan,0,nan,0,nan,0,nan,0,nan,0,nan,0
1597988283571142912,1597988283500000000,2020-08-21 13:38:03.500000,98.39,98.415,98.19,98.195,nan,98.298,29364,28864111050.0,71414,98.39,17,98.385,6,nan,0,nan,0,nan,0,nan,0,nan,0,nan,0,nan,0,nan,0
1597988284072669952,1597988284000000000,2020-08-21 13:38:04.000000,98.39,98.415,98.19,98.195,nan,98.298,29364,28864111050.0,71414,98.39,17,98.385,8,nan,0,nan,0,nan,0,nan,0,nan,0,nan,0,nan,0,nan,0
1597988284567543040,1597988284500000000,2020-08-21 13:38:04.500000,98.39,98.415,98.19,98.195,nan,98.298,29364,28864111050.0,71414,98.39,18,98.385,9,nan,0,nan,0,nan,0,nan,0,nan,0,nan,0,nan,0,nan,0
1597988285085797888,1597988285000000000,2020-08-21 13:38:05.000000,98.39,98.415,98.19,98.195,nan,98.298,29364,28864111050.0,71414,98.39,19,98.385,10,nan,0,nan,0,nan,0,nan,0,nan,0,nan,0,nan,0,nan,0
1597988286080932096,1597988286000000000,2020-08-21 13:38:06.000000,98.39,98.415,98.19,98.195,nan,98.298,29364,28864111050.0,71414,98.39,29,98.385,10,nan,0,nan,0,nan,0,nan,0,nan,0,nan,0,nan,0,nan,0
1597988287105244928,1597988287000000000,2020-08-21 13:38:07.000000,98.39,98.415,98.19,98.195,nan,98.298,29364,28864111050.0,71414,98.39,29,98.385,9,nan,0,nan,0,nan,0,nan,0,nan,0,nan,0,nan,0,nan,0
1597988287588278016,1597988287500000000,2020-08-21 13:38:07.500000,98.39,98.415,98.19,98.195,nan,98.298,29364,28864111050.0,71414,98.39,29,98.385,9,nan,0,nan,0,nan,0,nan,0,nan,0,nan,0,nan,0,nan,0
1597988288597137920,1597988288500000000,2020-08-21 13:38:08.500000,98.39,98.415,98.19,98.195,nan,98.298,29364,28864111050.0,71414,98.39,29,98.385,9,nan,0,nan,0,nan,0,nan,0,nan,0,nan,0,nan,0,nan,0
1597988290077266944,1597988290000000000,2020-08-21 13:38:10.000000,98.39,98.415,98.19,98.195,nan,98.298,29367,28867062750.0,71412,98.39,26,98.385,9,nan,0,nan,0,nan,0,nan,0,nan,0,nan,0,nan,0,nan,0
1597988290589822976,1597988290500000000,2020-08-21 13:38:10.500000,98.39,98.415,98.19,98.195,nan,98.298,29367,28867062750.0,71412,98.39,26,98.385,9,nan,0,nan,0,nan,0,nan,0,nan,0,nan,0,nan,0,nan,0
1597988291079223040,1597988291000000000,2020-08-21 13:38:11.000000,98.39,98.415,98.19,98.195,nan,98.298,29367,28867062750.0,71412,98.39,26,98.385,13,nan,0,nan,0,nan,0,nan,0,nan,0,nan,0,nan,0,nan,0
1597988291580773120,1597988291500000000,2020-08-21 13:38:11.500000,98.385,98.415,98.19,98.195,nan,98.298,29368,28868046600.0,71412,98.39,27,98.385,13,nan,0,nan,0,nan,0,nan,0,nan,0,nan,0,nan,0,nan,0
1597988292071756032,1597988292000000000,2020-08-21 13:38:12.000000,98.385,98.415,98.19,98.195,nan,98.298,29368,28868046600.0,71412,98.39,27,98.385,11,nan,0,nan,0,nan,0,nan,0,nan,0,nan,0,nan,0,nan,0
1597988292575042048,1597988292500000000,2020-08-21 13:38:12.500000,98.385,98.415,98.19,98.195,nan,98.298,29368,28868046600.0,71412,98.39,29,98.385,11,nan,0,nan,0,nan,0,nan,0,nan,0,nan,0,nan,0,nan,0
1597988293082917888,1597988293000000000,2020-08-21 13:38:13.000000,98.385,98.415,98.19,98.195,nan,98.298,29368,28868046600.0,71412,98.39,29,98.385,11,nan,0,nan,0,nan,0,nan,0,nan,0,nan,0,nan,0,nan,0
1597988294594252032,1597988294500000000,2020-08-21 13:38:14.500000,98.385,98.415,98.19,98.195,nan,98.298,29369,28869030450.0,71411,98.39,29,98.385,10,nan,0,nan,0,nan,0,nan,0,nan,0,nan,0,nan,0,nan,0
1597988295098800128,1597988295000000000,2020-08-21 13:38:15.000000,98.385,98.415,98.19,98.195,nan,98.298,29369,28869030450.0,71411,98.39,29,98.385,10,nan,0,nan,0,nan,0,nan,0,nan,0,nan,0,nan,0,nan,0
1597988295586470912,1597988295500000000,2020-08-21 13:38:15.500000,98.385,98.415,98.19,98.195,nan,98.298,29369,28869030450.0,71411,98.39,39,98.385,10,nan,0,nan,0,nan,0,nan,0,nan,0,nan,0,nan,0,nan,0
1597988296079474944,1597988296000000000,2020-08-21 13:38:16.000000,98.385,98.415,98.19,98.195,nan,98.298,29369,28869030450.0,71411,98.39,40,98.385,10,nan,0,nan,0,nan,0,nan,0,nan,0,nan,0,nan,0,nan,0
1597988296592982016,1597988296500000000,2020-08-21 13:38:16.500000,98.385,98.415,98.19,98.195,nan,98.298,29376,28875917400.0,71408,98.39,40,98.385,3,nan,0,nan,0,nan,0,nan,0,nan,0,nan,0,nan,0,nan,0
1597988297083346944,1597988297000000000,2020-08-21 13:38:17.000000,98.39,98.415,98.19,98.195,nan,98.298,29379,28878869100.0,71405,98.39,37,98.385,5,nan,0,nan,0,nan,0,nan,0,nan,0,nan,0,nan,0,nan,0
1597988297587621888,1597988297500000000,2020-08-21 13:38:17.500000,98.39,98.415,98.19,98.195,nan,98.298,29379,28878869100.0,71405,98.39,35,98.385,8,nan,0,nan,0,nan,0,nan,0,nan,0,nan,0,nan,0,nan,0
1597988298094191104,1597988298000000000,2020-08-21 13:38:18.000000,98.39,98.415,98.19,98.195,nan,98.298,29379,28878869100.0,71405,98.39,35,98.385,19,nan,0,nan,0,nan,0,nan,0,nan,0,nan,0,nan,0,nan,0
1597988298583386880,1597988298500000000,2020-08-21 13:38:18.500000,98.39,98.415,98.19,98.195,nan,98.298,29379,28878869100.0,71405,98.39,35,98.385,20,nan,0,nan,0,nan,0,nan,0,nan,0,nan,0,nan,0,nan,0
1597988299577042944,1597988299500000000,2020-08-21 13:38:19.500000,98.39,98.415,98.19,98.195,nan,98.298,29379,28878869100.0,71405,98.39,35,98.385,20,nan,0,nan,0,nan,0,nan,0,nan,0,nan,0,nan,0,nan,0
1597988300076774912,1597988300000000000,2020-08-21 13:38:20.000000,98.39,98.415,98.19,98.195,nan,98.298,29389,28888708100.0,71411,98.39,25,98.385,21,nan,0,nan,0,nan,0,nan,0,nan,0,nan,0,nan,0,nan,0
1597988300579800064,1597988300500000000,2020-08-21 13:38:20.500000,98.39,98.415,98.19,98.195,nan,98.298,29397,28896579300.0,71411,98.39,17,98.385,21,nan,0,nan,0,nan,0,nan,0,nan,0,nan,0,nan,0,nan,0
1597988301279310080,1597988301000000000,2020-08-21 13:38:21.000000,98.39,98.415,98.19,98.195,nan,98.298,29397,28896579300.0,71411,98.39,17,98.385,21,nan,0,nan,0,nan,0,nan,0,nan,0,nan,0,nan,0,nan,0
1597988301810499072,1597988301500000000,2020-08-21 13:38:21.500000,98.39,98.415,98.19,98.195,nan,98.298,29397,28896579300.0,71411,98.39,17,98.385,21,nan,0,nan,0,nan,0,nan,0,nan,0,nan,0,nan,0,nan,0
1597988302586976000,1597988302500000000,2020-08-21 13:38:22.500000,98.39,98.415,98.19,98.195,nan,98.298,29397,28896579300.0,71411,98.39,17,98.385,21,nan,0,nan,0,nan,0,nan,0,nan,0,nan,0,nan,0,nan,0
1597988304081800960,1597988304000000000,2020-08-21 13:38:24.000000,98.39,98.415,98.19,98.195,nan,98.298,29397,28896579300.0,71411,98.39,17,98.385,20,nan,0,nan,0,nan,0,nan,0,nan,0,nan,0,nan,0,nan,0
1597988304581405952,1597988304500000000,2020-08-21 13:38:24.500000,98.385,98.415,98.19,98.195,nan,98.298,29415,28914288600.0,71410,98.39,21,98.385,4,nan,0,nan,0,nan,0,nan,0,nan,0,nan,0,nan,0,nan,0
1597988305083831040,1597988305000000000,2020-08-21 13:38:25.000000,98.385,98.415,98.19,98.195,nan,98.298,29419,28918224000.0,71413,98.385,1,98.38,29,nan,0,nan,0,nan,0,nan,0,nan,0,nan,0,nan,0,nan,0
1597988305588609024,1597988305500000000,2020-08-21 13:38:25.500000,98.38,98.415,98.19,98.195,nan,98.298,29440,28938883950.0,71407,98.385,7,98.38,13,nan,0,nan,0,nan,0,nan,0,nan,0,nan,0,nan,0,nan,0
1597988306088528896,1597988306000000000,2020-08-21 13:38:26.000000,98.38,98.415,98.19,98.195,nan,98.298,29444,28942819150.0,71407,98.385,12,98.38,10,nan,0,nan,0,nan,0,nan,0,nan,0,nan,0,nan,0,nan,0
1597988306596041984,1597988306500000000,2020-08-21 13:38:26.500000,98.385,98.415,98.19,98.195,nan,98.298,29450,28948722250.0,71407,98.385,6,98.38,12,nan,0,nan,0,nan,0,nan,0,nan,0,nan,0,nan,0,nan,0
1597988307078264064,1597988307000000000,2020-08-21 13:38:27.000000,98.385,98.415,98.19,98.195,nan,98.298,29450,28948722250.0,71407,98.385,4,98.38,12,nan,0,nan,0,nan,0,nan,0,nan,0,nan,0,nan,0,nan,0
1597988307583802112,1597988307500000000,2020-08-21 13:38:27.500000,98.385,98.415,98.19,98.195,nan,98.298,29450,28948722250.0,71407,98.385,7,98.38,14,nan,0,nan,0,nan,0,nan,0,nan,0,nan,0,nan,0,nan,0
1597988310089803008,1597988310000000000,2020-08-21 13:38:30.000000,98.385,98.415,98.19,98.195,nan,98.298,29450,28948722250.0,71407,98.385,7,98.38,14,nan,0,nan,0,nan,0,nan,0,nan,0,nan,0,nan,0,nan,0
1597988310582394112,1597988310500000000,2020-08-21 13:38:30.500000,98.38,98.415,98.19,98.195,nan,98.298,29451,28949706050.0,71407,98.385,7,98.38,13,nan,0,nan,0,nan,0,nan,0,nan,0,nan,0,nan,0,nan,0
1597988311087089920,1597988311000000000,2020-08-21 13:38:31.000000,98.38,98.415,98.19,98.195,nan,98.298,29451,28949706050.0,71407,98.385,7,98.38,11,nan,0,nan,0,nan,0,nan,0,nan,0,nan,0,nan,0,nan,0
1597988311599021056,1597988311500000000,2020-08-21 13:38:31.500000,98.38,98.415,98.19,98.195,nan,98.298,29451,28949706050.0,71407,98.385,10,98.38,9,nan,0,nan,0,nan,0,nan,0,nan,0,nan,0,nan,0,nan,0
1597988313081694976,1597988313000000000,2020-08-21 13:38:33.000000,98.38,98.415,98.19,98.195,nan,98.298,29451,28949706050.0,71407,98.385,10,98.38,9,nan,0,nan,0,nan,0,nan,0,nan,0,nan,0,nan,0,nan,0
1597988313592153088,1597988313500000000,2020-08-21 13:38:33.500000,98.38,98.415,98.19,98.195,nan,98.298,29451,28949706050.0,71407,98.385,11,98.38,9,nan,0,nan,0,nan,0,nan,0,nan,0,nan,0,nan,0,nan,0
1597988314084701952,1597988314000000000,2020-08-21 13:38:34.000000,98.38,98.415,98.19,98.195,nan,98.298,29451,28949706050.0,71407,98.385,12,98.38,9,nan,0,nan,0,nan,0,nan,0,nan,0,nan,0,nan,0,nan,0
1597988314587422976,1597988314500000000,2020-08-21 13:38:34.500000,98.38,98.415,98.19,98.195,nan,98.298,29451,28949706050.0,71407,98.385,12,98.38,10,nan,0,nan,0,nan,0,nan,0,nan,0,nan,0,nan,0,nan,0
1597988315085701120,1597988315000000000,2020-08-21 13:38:35.000000,98.38,98.415,98.19,98.195,nan,98.298,29452,28950689850.0,71407,98.385,12,98.38,9,nan,0,nan,0,nan,0,nan,0,nan,0,nan,0,nan,0,nan,0
1597988315608603904,1597988315500000000,2020-08-21 13:38:35.500000,98.38,98.415,98.19,98.195,nan,98.298,29452,28950689850.0,71407,98.385,22,98.38,9,nan,0,nan,0,nan,0,nan,0,nan,0,nan,0,nan,0,nan,0
1597988316085868032,1597988316000000000,2020-08-21 13:38:36.000000,98.38,98.415,98.19,98.195,nan,98.298,29452,28950689850.0,71407,98.385,22,98.38,10,nan,0,nan,0,nan,0,nan,0,nan,0,nan,0,nan,0,nan,0
1597988316588208896,1597988316500000000,2020-08-21 13:38:36.500000,98.38,98.415,98.19,98.195,nan,98.298,29452,28950689850.0,71407,98.385,22,98.38,10,nan,0,nan,0,nan,0,nan,0,nan,0,nan,0,nan,0,nan,0
1597988317091290880,1597988317000000000,2020-08-21 13:38:37.000000,98.385,98.415,98.19,98.195,nan,98.298,29453,28951673700.0,71407,98.385,21,98.38,12,nan,0,nan,0,nan,0,nan,0,nan,0,nan,0,nan,0,nan,0
1597988317587738880,1597988317500000000,2020-08-21 13:38:37.500000,98.385,98.415,98.19,98.195,nan,98.298,29453,28951673700.0,71407,98.385,19,98.38,12,nan,0,nan,0,nan,0,nan,0,nan,0,nan,0,nan,0,nan,0
1597988318097009920,1597988318000000000,2020-08-21 13:38:38.000000,98.395,98.415,98.19,98.195,nan,98.298,29503,29000868000.0,71430,98.395,60,98.385,4,nan,0,nan,0,nan,0,nan,0,nan,0,nan,0,nan,0,nan,0
1597988318591078912,1597988318500000000,2020-08-21 13:38:38.500000,98.385,98.415,98.19,98.195,nan,98.298,29504,29001851850.0,71429,98.39,3,98.385,11,nan,0,nan,0,nan,0,nan,0,nan,0,nan,0,nan,0,nan,0
1597988319094118912,1597988319000000000,2020-08-21 13:38:39.000000,98.385,98.415,98.19,98.195,nan,98.298,29508,29005787250.0,71428,98.39,3,98.385,9,nan,0,nan,0,nan,0,nan,0,nan,0,nan,0,nan,0,nan,0
1597988319602125056,1597988319500000000,2020-08-21 13:38:39.500000,98.385,98.415,98.19,98.195,nan,98.298,29509,29006771100.0,71429,98.39,9,98.385,6,nan,0,nan,0,nan,0,nan,0,nan,0,nan,0,nan,0,nan,0
1597988320087053056,1597988320000000000,2020-08-21 13:38:40.000000,98.385,98.415,98.19,98.195,nan,98.298,29515,29012674200.0,71426,98.39,11,98.38,18,nan,0,nan,0,nan,0,nan,0,nan,0,nan,0,nan,0,nan,0
1597988320609922048,1597988320500000000,2020-08-21 13:38:40.500000,98.385,98.415,98.19,98.195,nan,98.298,29515,29012674200.0,71426,98.39,14,98.38,18,nan,0,nan,0,nan,0,nan,0,nan,0,nan,0,nan,0,nan,0
1597988321089446912,1597988321000000000,2020-08-21 13:38:41.000000,98.385,98.415,98.19,98.195,nan,98.298,29515,29012674200.0,71426,98.39,14,98.38,18,nan,0,nan,0,nan,0,nan,0,nan,0,nan,0,nan,0,nan,0
1597988321607603968,1597988321500000000,2020-08-21 13:38:41.500000,98.39,98.415,98.19,98.195,nan,98.298,29518,29015625800.0,71424,98.39,13,98.385,5,nan,0,nan,0,nan,0,nan,0,nan,0,nan,0,nan,0,nan,0
1597988322091340032,1597988322000000000,2020-08-21 13:38:42.000000,98.39,98.415,98.19,98.195,nan,98.298,29518,29015625800.0,71424,98.39,13,98.385,5,nan,0,nan,0,nan,0,nan,0,nan,0,nan,0,nan,0,nan,0
1597988322601051904,1597988322500000000,2020-08-21 13:38:42.500000,98.39,98.415,98.19,98.195,nan,98.298,29518,29015625800.0,71424,98.39,13,98.385,8,nan,0,nan,0,nan,0,nan,0,nan,0,nan,0,nan,0,nan,0
1597988323089648128,1597988323000000000,2020-08-21 13:38:43.000000,98.39,98.415,98.19,98.195,nan,98.298,29518,29015625800.0,71424,98.39,13,98.385,8,nan,0,nan,0,nan,0,nan,0,nan,0,nan,0,nan,0,nan,0
1597988324089334016,1597988324000000000,2020-08-21 13:38:44.000000,98.385,98.415,98.19,98.195,nan,98.298,29519,29016609650.0,71425,98.39,13,98.385,7,nan,0,nan,0,nan,0,nan,0,nan,0,nan,0,nan,0,nan,0
1597988324596663040,1597988324500000000,2020-08-21 13:38:44.500000,98.39,98.415,98.19,98.195,nan,98.298,29522,29019561350.0,71423,98.39,11,98.385,7,nan,0,nan,0,nan,0,nan,0,nan,0,nan,0,nan,0,nan,0
1597988325106010112,1597988325000000000,2020-08-21 13:38:45.000000,98.39,98.415,98.19,98.195,nan,98.298,29522,29019561350.0,71423,98.39,11,98.385,20,nan,0,nan,0,nan,0,nan,0,nan,0,nan,0,nan,0,nan,0
1597988326595490048,1597988326500000000,2020-08-21 13:38:46.500000,98.39,98.415,98.19,98.195,nan,98.298,29522,29019561350.0,71423,98.39,11,98.385,20,nan,0,nan,0,nan,0,nan,0,nan,0,nan,0,nan,0,nan,0
1597988327085883904,1597988327000000000,2020-08-21 13:38:47.000000,98.39,98.415,98.19,98.195,nan,98.298,29522,29019561350.0,71423,98.39,11,98.385,22,nan,0,nan,0,nan,0,nan,0,nan,0,nan,0,nan,0,nan,0
1597988327601810944,1597988327500000000,2020-08-21 13:38:47.500000,98.39,98.415,98.19,98.195,nan,98.298,29525,29022513050.0,71422,98.39,8,98.385,22,nan,0,nan,0,nan,0,nan,0,nan,0,nan,0,nan,0,nan,0
1597988328093475072,1597988328000000000,2020-08-21 13:38:48.000000,98.385,98.415,98.19,98.195,nan,98.298,29526,29023496900.0,71422,98.39,8,98.385,21,nan,0,nan,0,nan,0,nan,0,nan,0,nan,0,nan,0,nan,0
1597988328604839936,1597988328500000000,2020-08-21 13:38:48.500000,98.385,98.415,98.19,98.195,nan,98.298,29526,29023496900.0,71422,98.39,8,98.385,19,nan,0,nan,0,nan,0,nan,0,nan,0,nan,0,nan,0,nan,0
1597988329124614912,1597988329000000000,2020-08-21 13:38:49.000000,98.385,98.415,98.19,98.195,nan,98.298,29526,29023496900.0,71422,98.39,11,98.385,19,nan,0,nan,0,nan,0,nan,0,nan,0,nan,0,nan,0,nan,0
1597988329604790016,1597988329500000000,2020-08-21 13:38:49.500000,98.39,98.415,98.19,98.195,nan,98.298,29529,29026448600.0,71420,98.39,8,98.385,20,nan,0,nan,0,nan,0,nan,0,nan,0,nan,0,nan,0,nan,0
1597988330095623936,1597988330000000000,2020-08-21 13:38:50.000000,98.39,98.415,98.19,98.195,nan,98.298,29529,29026448600.0,71420,98.39,6,98.385,20,nan,0,nan,0,nan,0,nan,0,nan,0,nan,0,nan,0,nan,0
1597988330592050944,1597988330500000000,2020-08-21 13:38:50.500000,98.39,98.415,98.19,98.195,nan,98.298,29529,29026448600.0,71420,98.39,6,98.385,23,nan,0,nan,0,nan,0,nan,0,nan,0,nan,0,nan,0,nan,0
1597988331100260096,1597988331000000000,2020-08-21 13:38:51.000000,98.39,98.415,98.19,98.195,nan,98.298,29529,29026448600.0,71420,98.39,6,98.385,24,nan,0,nan,0,nan,0,nan,0,nan,0,nan,0,nan,0,nan,0
1597988333107716096,1597988333000000000,2020-08-21 13:38:53.000000,98.39,98.415,98.19,98.195,nan,98.298,29530,29027432500.0,71421,98.39,15,98.385,24,nan,0,nan,0,nan,0,nan,0,nan,0,nan,0,nan,0,nan,0
1597988333637789952,1597988333500000000,2020-08-21 13:38:53.500000,98.39,98.415,98.19,98.195,nan,98.298,29530,29027432500.0,71421,98.39,15,98.385,24,nan,0,nan,0,nan,0,nan,0,nan,0,nan,0,nan,0,nan,0
1597988334598107904,1597988334500000000,2020-08-21 13:38:54.500000,98.39,98.415,98.19,98.195,nan,98.298,29530,29027432500.0,71421,98.39,15,98.385,24,nan,0,nan,0,nan,0,nan,0,nan,0,nan,0,nan,0,nan,0
1597988335090078976,1597988335000000000,2020-08-21 13:38:55.000000,98.39,98.415,98.19,98.195,nan,98.298,29530,29027432500.0,71421,98.39,15,98.385,25,nan,0,nan,0,nan,0,nan,0,nan,0,nan,0,nan,0,nan,0
1597988336595292928,1597988336500000000,2020-08-21 13:38:56.500000,98.39,98.415,98.19,98.195,nan,98.298,29530,29027432500.0,71421,98.39,15,98.385,25,nan,0,nan,0,nan,0,nan,0,nan,0,nan,0,nan,0,nan,0
1597988337108091904,1597988337000000000,2020-08-21 13:38:57.000000,98.39,98.415,98.19,98.195,nan,98.298,29531,29028416400.0,71422,98.39,14,98.385,25,nan,0,nan,0,nan,0,nan,0,nan,0,nan,0,nan,0,nan,0
1597988337599031040,1597988337500000000,2020-08-21 13:38:57.500000,98.39,98.415,98.19,98.195,nan,98.298,29532,29029400300.0,71422,98.39,13,98.385,25,nan,0,nan,0,nan,0,nan,0,nan,0,nan,0,nan,0,nan,0
1597988338097897984,1597988338000000000,2020-08-21 13:38:58.000000,98.385,98.415,98.19,98.195,nan,98.298,29533,29030384150.0,71422,98.39,23,98.385,24,nan,0,nan,0,nan,0,nan,0,nan,0,nan,0,nan,0,nan,0
1597988338606627072,1597988338500000000,2020-08-21 13:38:58.500000,98.385,98.415,98.19,98.195,nan,98.298,29533,29030384150.0,71422,98.39,23,98.385,23,nan,0,nan,0,nan,0,nan,0,nan,0,nan,0,nan,0,nan,0
1597988339166385920,1597988339000000000,2020-08-21 13:38:59.000000,98.385,98.415,98.19,98.195,nan,98.298,29533,29030384150.0,71422,98.39,25,98.385,23,nan,0,nan,0,nan,0,nan,0,nan,0,nan,0,nan,0,nan,0
1597988339605936896,1597988339500000000,2020-08-21 13:38:59.500000,98.385,98.415,98.19,98.195,nan,98.298,29533,29030384150.0,71422,98.39,26,98.385,23,nan,0,nan,0,nan,0,nan,0,nan,0,nan,0,nan,0,nan,0
1597988340608492032,1597988340500000000,2020-08-21 13:39:00.500000,98.385,98.415,98.19,98.195,nan,98.298,29533,29030384150.0,71422,98.39,26,98.385,23,nan,0,nan,0,nan,0,nan,0,nan,0,nan,0,nan,0,nan,0
1597988341134799104,1597988341000000000,2020-08-21 13:39:01.000000,98.385,98.415,98.19,98.195,nan,98.298,29534,29031368000.0,71423,98.39,26,98.385,22,nan,0,nan,0,nan,0,nan,0,nan,0,nan,0,nan,0,nan,0
1597988342112901120,1597988342000000000,2020-08-21 13:39:02.000000,98.39,98.415,98.19,98.195,nan,98.298,29535,29032351900.0,71422,98.39,25,98.385,22,nan,0,nan,0,nan,0,nan,0,nan,0,nan,0,nan,0,nan,0
1597988342602391040,1597988342500000000,2020-08-21 13:39:02.500000,98.39,98.415,98.19,98.195,nan,98.298,29535,29032351900.0,71422,98.39,23,98.385,22,nan,0,nan,0,nan,0,nan,0,nan,0,nan,0,nan,0,nan,0
1597988343103490048,1597988343000000000,2020-08-21 13:39:03.000000,98.39,98.415,98.19,98.195,nan,98.298,29535,29032351900.0,71422,98.39,23,98.385,24,nan,0,nan,0,nan,0,nan,0,nan,0,nan,0,nan,0,nan,0
1597988344100136960,1597988344000000000,2020-08-21 13:39:04.000000,98.39,98.415,98.19,98.195,nan,98.298,29535,29032351900.0,71422,98.39,23,98.385,24,nan,0,nan,0,nan,0,nan,0,nan,0,nan,0,nan,0,nan,0
1597988345104160000,1597988345000000000,2020-08-21 13:39:05.000000,98.385,98.415,98.19,98.195,nan,98.298,29540,29037271150.0,71426,98.39,26,98.385,18,nan,0,nan,0,nan,0,nan,0,nan,0,nan,0,nan,0,nan,0
1597988345608203008,1597988345500000000,2020-08-21 13:39:05.500000,98.385,98.415,98.19,98.195,nan,98.298,29558,29054980450.0,71433,98.39,32,98.38,20,nan,0,nan,0,nan,0,nan,0,nan,0,nan,0,nan,0,nan,0
1597988346114508032,1597988346000000000,2020-08-21 13:39:06.000000,98.385,98.415,98.19,98.195,nan,98.298,29560,29056948150.0,71433,98.39,27,98.385,5,nan,0,nan,0,nan,0,nan,0,nan,0,nan,0,nan,0,nan,0
1597988346610130944,1597988346500000000,2020-08-21 13:39:06.500000,98.385,98.415,98.19,98.195,nan,98.298,29560,29056948150.0,71433,98.39,28,98.385,5,nan,0,nan,0,nan,0,nan,0,nan,0,nan,0,nan,0,nan,0
1597988347343290880,1597988347000000000,2020-08-21 13:39:07.000000,98.385,98.415,98.19,98.195,nan,98.298,29560,29056948150.0,71433,98.39,28,98.385,7,nan,0,nan,0,nan,0,nan,0,nan,0,nan,0,nan,0,nan,0
1597988347610191872,1597988347500000000,2020-08-21 13:39:07.500000,98.385,98.415,98.19,98.195,nan,98.298,29560,29056948150.0,71433,98.39,32,98.385,7,nan,0,nan,0,nan,0,nan,0,nan,0,nan,0,nan,0,nan,0
1597988348135938048,1597988348000000000,2020-08-21 13:39:08.000000,98.385,98.415,98.19,98.195,nan,98.298,29560,29056948150.0,71433,98.39,32,98.385,7,nan,0,nan,0,nan,0,nan,0,nan,0,nan,0,nan,0,nan,0
1597988348606614016,1597988348500000000,2020-08-21 13:39:08.500000,98.385,98.415,98.19,98.195,nan,98.298,29561,29057932000.0,71433,98.39,32,98.385,6,nan,0,nan,0,nan,0,nan,0,nan,0,nan,0,nan,0,nan,0
1597988349114234112,1597988349000000000,2020-08-21 13:39:09.000000,98.385,98.415,98.19,98.195,nan,98.298,29567,29063835100.0,71433,98.39,32,98.38,20,nan,0,nan,0,nan,0,nan,0,nan,0,nan,0,nan,0,nan,0
1597988349619427072,1597988349500000000,2020-08-21 13:39:09.500000,98.385,98.415,98.19,98.195,nan,98.298,29567,29063835100.0,71433,98.39,32,98.38,20,nan,0,nan,0,nan,0,nan,0,nan,0,nan,0,nan,0,nan,0
1597988350094936064,1597988350000000000,2020-08-21 13:39:10.000000,98.385,98.415,98.19,98.195,nan,98.298,29567,29063835100.0,71433,98.39,32,98.38,20,nan,0,nan,0,nan,0,nan,0,nan,0,nan,0,nan,0,nan,0
1597988350615440896,1597988350500000000,2020-08-21 13:39:10.500000,98.39,98.415,98.19,98.195,nan,98.298,29568,29064819000.0,71432,98.39,31,98.38,20,nan,0,nan,0,nan,0,nan,0,nan,0,nan,0,nan,0,nan,0
1597988351111898112,1597988351000000000,2020-08-21 13:39:11.000000,98.39,98.415,98.19,98.195,nan,98.298,29568,29064819000.0,71432,98.39,29,98.38,19,nan,0,nan,0,nan,0,nan,0,nan,0,nan,0,nan,0,nan,0
1597988351649101056,1597988351500000000,2020-08-21 13:39:11.500000,98.39,98.415,98.19,98.195,nan,98.298,29568,29064819000.0,71432,98.39,29,98.38,21,nan,0,nan,0,nan,0,nan,0,nan,0,nan,0,nan,0,nan,0
1597988352104515072,1597988352000000000,2020-08-21 13:39:12.000000,98.39,98.415,98.19,98.195,nan,98.298,29568,29064819000.0,71432,98.385,3,98.38,21,nan,0,nan,0,nan,0,nan,0,nan,0,nan,0,nan,0,nan,0
1597988352608461056,1597988352500000000,2020-08-21 13:39:12.500000,98.39,98.415,98.19,98.195,nan,98.298,29568,29064819000.0,71432,98.385,5,98.38,21,nan,0,nan,0,nan,0,nan,0,nan,0,nan,0,nan,0,nan,0
1597988353122715904,1597988353000000000,2020-08-21 13:39:13.000000,98.39,98.415,98.19,98.195,nan,98.298,29568,29064819000.0,71432,98.385,5,98.38,21,nan,0,nan,0,nan,0,nan,0,nan,0,nan,0,nan,0,nan,0
1597988353626281984,1597988353500000000,2020-08-21 13:39:13.500000,98.39,98.415,98.19,98.195,nan,98.298,29568,29064819000.0,71432,98.385,6,98.38,25,nan,0,nan,0,nan,0,nan,0,nan,0,nan,0,nan,0,nan,0
1597988354102033920,1597988354000000000,2020-08-21 13:39:14.000000,98.39,98.415,98.19,98.195,nan,98.298,29568,29064819000.0,71432,98.385,6,98.38,28,nan,0,nan,0,nan,0,nan,0,nan,0,nan,0,nan,0,nan,0
1597988354604901888,1597988354500000000,2020-08-21 13:39:14.500000,98.39,98.415,98.19,98.195,nan,98.298,29568,29064819000.0,71432,98.385,6,98.38,28,nan,0,nan,0,nan,0,nan,0,nan,0,nan,0,nan,0,nan,0
1597988355107034880,1597988355000000000,2020-08-21 13:39:15.000000,98.38,98.415,98.19,98.195,nan,98.298,29600,29096300800.0,71453,98.38,22,98.375,42,nan,0,nan,0,nan,0,nan,0,nan,0,nan,0,nan,0,nan,0
1597988355608933120,1597988355500000000,2020-08-21 13:39:15.500000,98.38,98.415,98.19,98.195,nan,98.298,29606,29102203600.0,71453,98.38,71,98.375,32,nan,0,nan,0,nan,0,nan,0,nan,0,nan,0,nan,0,nan,0
1597988356116350976,1597988356000000000,2020-08-21 13:39:16.000000,98.38,98.415,98.19,98.195,nan,98.298,29606,29102203600.0,71453,98.38,73,98.375,26,nan,0,nan,0,nan,0,nan,0,nan,0,nan,0,nan,0,nan,0
1597988356625417984,1597988356500000000,2020-08-21 13:39:16.500000,98.38,98.415,98.19,98.195,nan,98.298,29606,29102203600.0,71453,98.38,73,98.375,26,nan,0,nan,0,nan,0,nan,0,nan,0,nan,0,nan,0,nan,0
1597988357125863936,1597988357000000000,2020-08-21 13:39:17.000000,98.38,98.415,98.19,98.195,nan,98.298,29606,29102203600.0,71453,98.38,73,98.375,25,nan,0,nan,0,nan,0,nan,0,nan,0,nan,0,nan,0,nan,0
1597988357626750976,1597988357500000000,2020-08-21 13:39:17.500000,98.38,98.415,98.19,98.195,nan,98.298,29606,29102203600.0,71453,98.38,73,98.375,25,nan,0,nan,0,nan,0,nan,0,nan,0,nan,0,nan,0,nan,0
1597988358109622016,1597988358000000000,2020-08-21 13:39:18.000000,98.38,98.415,98.19,98.195,nan,98.298,29606,29102203600.0,71453,98.38,73,98.375,25,nan,0,nan,0,nan,0,nan,0,nan,0,nan,0,nan,0,nan,0
1597988358610982912,1597988358500000000,2020-08-21 13:39:18.500000,98.38,98.415,98.19,98.195,nan,98.298,29606,29102203600.0,71453,98.38,73,98.375,25,nan,0,nan,0,nan,0,nan,0,nan,0,nan,0,nan,0,nan,0
1597988359634404096,1597988359500000000,2020-08-21 13:39:19.500000,98.38,98.415,98.19,98.195,nan,98.298,29606,29102203600.0,71453,98.38,73,98.375,25,nan,0,nan,0,nan,0,nan,0,nan,0,nan,0,nan,0,nan,0
1597988361108235008,1597988361000000000,2020-08-21 13:39:21.000000,98.375,98.415,98.19,98.195,nan,98.298,29607,29103187350.0,71454,98.38,73,98.375,24,nan,0,nan,0,nan,0,nan,0,nan,0,nan,0,nan,0,nan,0
1597988361606171904,1597988361500000000,2020-08-21 13:39:21.500000,98.375,98.415,98.19,98.195,nan,98.298,29608,29104171100.0,71454,98.38,75,98.375,23,nan,0,nan,0,nan,0,nan,0,nan,0,nan,0,nan,0,nan,0
1597988362109306112,1597988362000000000,2020-08-21 13:39:22.000000,98.375,98.415,98.19,98.195,nan,98.298,29608,29104171100.0,71454,98.38,75,98.375,23,nan,0,nan,0,nan,0,nan,0,nan,0,nan,0,nan,0,nan,0
1597988363122768896,1597988363000000000,2020-08-21 13:39:23.000000,98.375,98.415,98.19,98.195,nan,98.298,29608,29104171100.0,71454,98.38,75,98.375,24,nan,0,nan,0,nan,0,nan,0,nan,0,nan,0,nan,0,nan,0
1597988363642205952,1597988363500000000,2020-08-21 13:39:23.500000,98.375,98.415,98.19,98.195,nan,98.298,29608,29104171100.0,71454,98.38,75,98.375,24,nan,0,nan,0,nan,0,nan,0,nan,0,nan,0,nan,0,nan,0
1597988364631928064,1597988364500000000,2020-08-21 13:39:24.500000,98.38,98.415,98.19,98.195,nan,98.298,29609,29105154900.0,71455,98.38,74,98.375,24,nan,0,nan,0,nan,0,nan,0,nan,0,nan,0,nan,0,nan,0
1597988365114861056,1597988365000000000,2020-08-21 13:39:25.000000,98.38,98.415,98.19,98.195,nan,98.298,29609,29105154900.0,71455,98.38,72,98.375,24,nan,0,nan,0,nan,0,nan,0,nan,0,nan,0,nan,0,nan,0
1597988365622904064,1597988365500000000,2020-08-21 13:39:25.500000,98.38,98.415,98.19,98.195,nan,98.298,29609,29105154900.0,71455,98.38,72,98.375,26,nan,0,nan,0,nan,0,nan,0,nan,0,nan,0,nan,0,nan,0
1597988366632080896,1597988366500000000,2020-08-21 13:39:26.500000,98.38,98.415,98.19,98.195,nan,98.298,29610,29106138700.0,71455,98.38,71,98.375,26,nan,0,nan,0,nan,0,nan,0,nan,0,nan,0,nan,0,nan,0
1597988367164482048,1597988367000000000,2020-08-21 13:39:27.000000,98.38,98.415,98.19,98.195,nan,98.298,29610,29106138700.0,71455,98.38,72,98.375,26,nan,0,nan,0,nan,0,nan,0,nan,0,nan,0,nan,0,nan,0
1597988368108861952,1597988368000000000,2020-08-21 13:39:28.000000,98.38,98.415,98.19,98.195,nan,98.298,29610,29106138700.0,71455,98.38,72,98.375,27,nan,0,nan,0,nan,0,nan,0,nan,0,nan,0,nan,0,nan,0
1597988369622298880,1597988369500000000,2020-08-21 13:39:29.500000,98.38,98.415,98.19,98.195,nan,98.298,29610,29106138700.0,71455,98.38,72,98.375,27,nan,0,nan,0,nan,0,nan,0,nan,0,nan,0,nan,0,nan,0
1597988370120930048,1597988370000000000,2020-08-21 13:39:30.000000,98.38,98.415,98.19,98.195,nan,98.298,29610,29106138700.0,71455,98.38,72,98.375,27,nan,0,nan,0,nan,0,nan,0,nan,0,nan,0,nan,0,nan,0
1597988370644862976,1597988370500000000,2020-08-21 13:39:30.500000,98.38,98.415,98.19,98.195,nan,98.298,29610,29106138700.0,71455,98.38,72,98.375,27,nan,0,nan,0,nan,0,nan,0,nan,0,nan,0,nan,0,nan,0
1597988372124004096,1597988372000000000,2020-08-21 13:39:32.000000,98.38,98.415,98.19,98.195,nan,98.298,29610,29106138700.0,71455,98.38,72,98.375,27,nan,0,nan,0,nan,0,nan,0,nan,0,nan,0,nan,0,nan,0
1597988372614852096,1597988372500000000,2020-08-21 13:39:32.500000,98.38,98.415,98.19,98.195,nan,98.298,29610,29106138700.0,71455,98.38,72,98.375,27,nan,0,nan,0,nan,0,nan,0,nan,0,nan,0,nan,0,nan,0
1597988373112851968,1597988373000000000,2020-08-21 13:39:33.000000,98.375,98.415,98.19,98.195,nan,98.298,29623,29118927450.0,71461,98.38,74,98.375,11,nan,0,nan,0,nan,0,nan,0,nan,0,nan,0,nan,0,nan,0
1597988373624794112,1597988373500000000,2020-08-21 13:39:33.500000,98.38,98.415,98.19,98.195,nan,98.298,29634,29129748950.0,71466,98.38,69,98.375,3,nan,0,nan,0,nan,0,nan,0,nan,0,nan,0,nan,0,nan,0
1597988374130996992,1597988374000000000,2020-08-21 13:39:34.000000,98.38,98.415,98.19,98.195,nan,98.298,29634,29129748950.0,71466,98.38,68,98.375,5,nan,0,nan,0,nan,0,nan,0,nan,0,nan,0,nan,0,nan,0
1597988374668783104,1597988374500000000,2020-08-21 13:39:34.500000,98.38,98.415,98.19,98.195,nan,98.298,29634,29129748950.0,71466,98.38,68,98.375,5,nan,0,nan,0,nan,0,nan,0,nan,0,nan,0,nan,0,nan,0
1597988375641955072,1597988375500000000,2020-08-21 13:39:35.500000,98.38,98.415,98.19,98.195,nan,98.298,29634,29129748950.0,71466,98.38,68,98.375,5,nan,0,nan,0,nan,0,nan,0,nan,0,nan,0,nan,0,nan,0
1597988376120681984,1597988376000000000,2020-08-21 13:39:36.000000,98.38,98.415,98.19,98.195,nan,98.298,29634,29129748950.0,71466,98.38,18,98.375,5,nan,0,nan,0,nan,0,nan,0,nan,0,nan,0,nan,0,nan,0
1597988376634331904,1597988376500000000,2020-08-21 13:39:36.500000,98.38,98.415,98.19,98.195,nan,98.298,29634,29129748950.0,71466,98.38,18,98.375,12,nan,0,nan,0,nan,0,nan,0,nan,0,nan,0,nan,0,nan,0
1597988377146999040,1597988377000000000,2020-08-21 13:39:37.000000,98.38,98.415,98.19,98.195,nan,98.298,29653,29148441150.0,71470,98.385,7,98.38,9,nan,0,nan,0,nan,0,nan,0,nan,0,nan,0,nan,0,nan,0
1597988377637747968,1597988377500000000,2020-08-21 13:39:37.500000,98.38,98.415,98.19,98.195,nan,98.298,29663,29158279150.0,71476,98.385,8,98.38,3,nan,0,nan,0,nan,0,nan,0,nan,0,nan,0,nan,0,nan,0
1597988378135267072,1597988378000000000,2020-08-21 13:39:38.000000,98.38,98.415,98.19,98.195,nan,98.298,29666,29161230550.0,71476,98.385,10,98.38,2,nan,0,nan,0,nan,0,nan,0,nan,0,nan,0,nan,0,nan,0
1597988378633719040,1597988378500000000,2020-08-21 13:39:38.500000,98.385,98.415,98.19,98.195,nan,98.299,29669,29164182000.0,71477,98.385,12,98.38,2,nan,0,nan,0,nan,0,nan,0,nan,0,nan,0,nan,0,nan,0
1597988379128919040,1597988379000000000,2020-08-21 13:39:39.000000,98.385,98.415,98.19,98.195,nan,98.299,29669,29164182000.0,71477,98.385,13,98.38,1,nan,0,nan,0,nan,0,nan,0,nan,0,nan,0,nan,0,nan,0
1597988379632549888,1597988379500000000,2020-08-21 13:39:39.500000,98.38,98.415,98.19,98.195,nan,98.299,29670,29165165800.0,71478,98.385,12,98.38,2,nan,0,nan,0,nan,0,nan,0,nan,0,nan,0,nan,0,nan,0
1597988380143857920,1597988380000000000,2020-08-21 13:39:40.000000,98.38,98.415,98.19,98.195,nan,98.299,29671,29166149600.0,71478,98.385,13,98.375,17,nan,0,nan,0,nan,0,nan,0,nan,0,nan,0,nan,0,nan,0
1597988380645051904,1597988380500000000,2020-08-21 13:39:40.500000,98.38,98.415,98.19,98.195,nan,98.299,29671,29166149600.0,71478,98.385,15,98.375,17,nan,0,nan,0,nan,0,nan,0,nan,0,nan,0,nan,0,nan,0
1597988381163520000,1597988381000000000,2020-08-21 13:39:41.000000,98.38,98.415,98.19,98.195,nan,98.299,29671,29166149600.0,71478,98.385,15,98.38,10,nan,0,nan,0,nan,0,nan,0,nan,0,nan,0,nan,0,nan,0
1597988381644858880,1597988381500000000,2020-08-21 13:39:41.500000,98.38,98.415,98.19,98.195,nan,98.299,29671,29166149600.0,71478,98.385,15,98.38,11,nan,0,nan,0,nan,0,nan,0,nan,0,nan,0,nan,0,nan,0
1597988382150493952,1597988382000000000,2020-08-21 13:39:42.000000,98.38,98.415,98.19,98.195,nan,98.299,29671,29166149600.0,71478,98.385,15,98.38,11,nan,0,nan,0,nan,0,nan,0,nan,0,nan,0,nan,0,nan,0
1597988382638338048,1597988382500000000,2020-08-21 13:39:42.500000,98.38,98.415,98.19,98.195,nan,98.299,29671,29166149600.0,71478,98.385,15,98.38,11,nan,0,nan,0,nan,0,nan,0,nan,0,nan,0,nan,0,nan,0
1597988383129794048,1597988383000000000,2020-08-21 13:39:43.000000,98.38,98.415,98.19,98.195,nan,98.299,29671,29166149600.0,71478,98.385,15,98.38,11,nan,0,nan,0,nan,0,nan,0,nan,0,nan,0,nan,0,nan,0
1597988383635174912,1597988383500000000,2020-08-21 13:39:43.500000,98.38,98.415,98.19,98.195,nan,98.299,29671,29166149600.0,71478,98.385,15,98.38,11,nan,0,nan,0,nan,0,nan,0,nan,0,nan,0,nan,0,nan,0
1597988384139827968,1597988384000000000,2020-08-21 13:39:44.000000,98.38,98.415,98.19,98.195,nan,98.299,29671,29166149600.0,71478,98.385,16,98.38,13,nan,0,nan,0,nan,0,nan,0,nan,0,nan,0,nan,0,nan,0
1597988384631971072,1597988384500000000,2020-08-21 13:39:44.500000,98.38,98.415,98.19,98.195,nan,98.299,29671,29166149600.0,71478,98.385,16,98.38,13,nan,0,nan,0,nan,0,nan,0,nan,0,nan,0,nan,0,nan,0
1597988385639983104,1597988385500000000,2020-08-21 13:39:45.500000,98.38,98.415,98.19,98.195,nan,98.299,29671,29166149600.0,71478,98.385,16,98.38,13,nan,0,nan,0,nan,0,nan,0,nan,0,nan,0,nan,0,nan,0
1597988386638542080,1597988386500000000,2020-08-21 13:39:46.500000,98.38,98.415,98.19,98.195,nan,98.299,29671,29166149600.0,71478,98.385,17,98.38,13,nan,0,nan,0,nan,0,nan,0,nan,0,nan,0,nan,0,nan,0
1597988387134620928,1597988387000000000,2020-08-21 13:39:47.000000,98.38,98.415,98.19,98.195,nan,98.299,29672,29167133400.0,71477,98.385,17,98.38,12,nan,0,nan,0,nan,0,nan,0,nan,0,nan,0,nan,0,nan,0
1597988387644793088,1597988387500000000,2020-08-21 13:39:47.500000,98.38,98.415,98.19,98.195,nan,98.299,29673,29168117200.0,71476,98.385,17,98.38,21,nan,0,nan,0,nan,0,nan,0,nan,0,nan,0,nan,0,nan,0
1597988388138840064,1597988388000000000,2020-08-21 13:39:48.000000,98.38,98.415,98.19,98.195,nan,98.299,29690,29184841800.0,71466,98.385,17,98.38,4,nan,0,nan,0,nan,0,nan,0,nan,0,nan,0,nan,0,nan,0
1597988388644830976,1597988388500000000,2020-08-21 13:39:48.500000,98.38,98.415,98.19,98.195,nan,98.299,29694,29188777000.0,71467,98.38,2,98.375,17,nan,0,nan,0,nan,0,nan,0,nan,0,nan,0,nan,0,nan,0
1597988389147535104,1597988389000000000,2020-08-21 13:39:49.000000,98.38,98.415,98.19,98.195,nan,98.299,29694,29188777000.0,71467,98.38,6,98.375,17,nan,0,nan,0,nan,0,nan,0,nan,0,nan,0,nan,0,nan,0
1597988389635835904,1597988389500000000,2020-08-21 13:39:49.500000,98.38,98.415,98.19,98.195,nan,98.299,29696,29190744600.0,71468,98.38,4,98.375,16,nan,0,nan,0,nan,0,nan,0,nan,0,nan,0,nan,0,nan,0
1597988390141833984,1597988390000000000,2020-08-21 13:39:50.000000,98.38,98.415,98.19,98.195,nan,98.299,29696,29190744600.0,71468,98.385,18,98.375,16,nan,0,nan,0,nan,0,nan,0,nan,0,nan,0,nan,0,nan,0
1597988390644993024,1597988390500000000,2020-08-21 13:39:50.500000,98.38,98.415,98.19,98.195,nan,98.299,29696,29190744600.0,71468,98.385,21,98.375,16,nan,0,nan,0,nan,0,nan,0,nan,0,nan,0,nan,0,nan,0
1597988391125217024,1597988391000000000,2020-08-21 13:39:51.000000,98.375,98.415,98.19,98.195,nan,98.299,29702,29196647100.0,71465,98.38,2,98.375,10,nan,0,nan,0,nan,0,nan,0,nan,0,nan,0,nan,0,nan,0
1597988391627343872,1597988391500000000,2020-08-21 13:39:51.500000,98.375,98.415,98.19,98.195,nan,98.299,29702,29196647100.0,71465,98.38,12,98.375,11,nan,0,nan,0,nan,0,nan,0,nan,0,nan,0,nan,0,nan,0
1597988392129369088,1597988392000000000,2020-08-21 13:39:52.000000,98.38,98.415,98.19,98.195,nan,98.299,29704,29198614700.0,71463,98.38,14,98.375,13,nan,0,nan,0,nan,0,nan,0,nan,0,nan,0,nan,0,nan,0
1597988392626522880,1597988392500000000,2020-08-21 13:39:52.500000,98.38,98.415,98.19,98.195,nan,98.299,29714,29208452700.0,71467,98.38,3,98.375,13,nan,0,nan,0,nan,0,nan,0,nan,0,nan,0,nan,0,nan,0
1597988393158035968,1597988393000000000,2020-08-21 13:39:53.000000,98.38,98.415,98.19,98.195,nan,98.299,29717,29211404100.0,71468,98.385,11,98.375,15,nan,0,nan,0,nan,0,nan,0,nan,0,nan,0,nan,0,nan,0
1597988393634860032,1597988393500000000,2020-08-21 13:39:53.500000,98.375,98.415,98.19,98.195,nan,98.299,29735,29229111800.0,71462,98.38,4,98.375,1,nan,0,nan,0,nan,0,nan,0,nan,0,nan,0,nan,0,nan,0
1597988394130724096,1597988394000000000,2020-08-21 13:39:54.000000,98.375,98.415,98.19,98.195,nan,98.299,29735,29229111800.0,71462,98.38,9,98.37,23,nan,0,nan,0,nan,0,nan,0,nan,0,nan,0,nan,0,nan,0
1597988394643595008,1597988394500000000,2020-08-21 13:39:54.500000,98.375,98.415,98.19,98.195,nan,98.299,29735,29229111800.0,71462,98.38,14,98.37,23,nan,0,nan,0,nan,0,nan,0,nan,0,nan,0,nan,0,nan,0
1597988395147641088,1597988395000000000,2020-08-21 13:39:55.000000,98.375,98.415,98.19,98.195,nan,98.299,29735,29229111800.0,71462,98.38,15,98.37,23,nan,0,nan,0,nan,0,nan,0,nan,0,nan,0,nan,0,nan,0
1597988395630305024,1597988395500000000,2020-08-21 13:39:55.500000,98.375,98.415,98.19,98.195,nan,98.299,29735,29229111800.0,71462,98.38,15,98.37,22,nan,0,nan,0,nan,0,nan,0,nan,0,nan,0,nan,0,nan,0
1597988396129773056,1597988396000000000,2020-08-21 13:39:56.000000,98.375,98.415,98.19,98.195,nan,98.299,29735,29229111800.0,71462,98.38,16,98.375,1,nan,0,nan,0,nan,0,nan,0,nan,0,nan,0,nan,0,nan,0
1597988396658618880,1597988396500000000,2020-08-21 13:39:56.500000,98.375,98.415,98.19,98.195,nan,98.299,29736,29230095550.0,71463,98.375,4,98.37,22,nan,0,nan,0,nan,0,nan,0,nan,0,nan,0,nan,0,nan,0
1597988397131700992,1597988397000000000,2020-08-21 13:39:57.000000,98.375,98.415,98.19,98.195,nan,98.299,29737,29231079300.0,71463,98.375,1,98.37,22,nan,0,nan,0,nan,0,nan,0,nan,0,nan,0,nan,0,nan,0
1597988397644560896,1597988397500000000,2020-08-21 13:39:57.500000,98.375,98.415,98.19,98.195,nan,98.299,29738,29232063050.0,71463,98.38,15,98.37,24,nan,0,nan,0,nan,0,nan,0,nan,0,nan,0,nan,0,nan,0
1597988398136982016,1597988398000000000,2020-08-21 13:39:58.000000,98.375,98.415,98.19,98.195,nan,98.299,29738,29232063050.0,71463,98.38,17,98.37,25,nan,0,nan,0,nan,0,nan,0,nan,0,nan,0,nan,0,nan,0
1597988398645260032,1597988398500000000,2020-08-21 13:39:58.500000,98.375,98.415,98.19,98.195,nan,98.299,29738,29232063050.0,71463,98.38,17,98.37,25,nan,0,nan,0,nan,0,nan,0,nan,0,nan,0,nan,0,nan,0
1597988399142931968,1597988399000000000,2020-08-21 13:39:59.000000,98.375,98.415,98.19,98.195,nan,98.299,29738,29232063050.0,71463,98.38,17,98.375,1,nan,0,nan,0,nan,0,nan,0,nan,0,nan,0,nan,0,nan,0
1597988399631440896,1597988399500000000,2020-08-21 13:39:59.500000,98.375,98.415,98.19,98.195,nan,98.299,29738,29232063050.0,71463,98.38,17,98.375,4,nan,0,nan,0,nan,0,nan,0,nan,0,nan,0,nan,0,nan,0
1597988400132196096,1597988400000000000,2020-08-21 13:40:00.000000,98.375,98.415,98.19,98.195,nan,98.299,29741,29235014300.0,71462,98.38,17,98.375,3,nan,0,nan,0,nan,0,nan,0,nan,0,nan,0,nan,0,nan,0
1597988400637850880,1597988400500000000,2020-08-21 13:40:00.500000,98.38,98.415,98.19,98.195,nan,98.299,29745,29238949500.0,71458,98.38,13,98.375,6,nan,0,nan,0,nan,0,nan,0,nan,0,nan,0,nan,0,nan,0
1597988401142221056,1597988401000000000,2020-08-21 13:40:01.000000,98.38,98.415,98.19,98.195,nan,98.299,29749,29242884700.0,71460,98.38,7,98.375,6,nan,0,nan,0,nan,0,nan,0,nan,0,nan,0,nan,0,nan,0
1597988401649433088,1597988401500000000,2020-08-21 13:40:01.500000,98.38,98.415,98.19,98.195,nan,98.299,29751,29244852300.0,71461,98.38,5,98.375,10,nan,0,nan,0,nan,0,nan,0,nan,0,nan,0,nan,0,nan,0
1597988402145774080,1597988402000000000,2020-08-21 13:40:02.000000,98.375,98.415,98.19,98.195,nan,98.299,29760,29253706100.0,71458,98.38,7,98.375,3,nan,0,nan,0,nan,0,nan,0,nan,0,nan,0,nan,0,nan,0
1597988402640558080,1597988402500000000,2020-08-21 13:40:02.500000,98.38,98.415,98.19,98.195,nan,98.299,29761,29254689900.0,71459,98.38,7,98.375,2,nan,0,nan,0,nan,0,nan,0,nan,0,nan,0,nan,0,nan,0
1597988403128973056,1597988403000000000,2020-08-21 13:40:03.000000,98.38,98.415,98.19,98.195,nan,98.299,29761,29254689900.0,71459,98.38,7,98.375,5,nan,0,nan,0,nan,0,nan,0,nan,0,nan,0,nan,0,nan,0
1597988403649829888,1597988403500000000,2020-08-21 13:40:03.500000,98.38,98.415,98.19,98.195,nan,98.299,29761,29254689900.0,71459,98.38,7,98.375,5,nan,0,nan,0,nan,0,nan,0,nan,0,nan,0,nan,0,nan,0
1597988404033377024,1597988404000000000,2020-08-21 13:40:04.000000,98.38,98.415,98.19,98.195,nan,98.299,29762,29255673700.0,71458,98.38,6,98.375,5,nan,0,nan,0,nan,0,nan,0,nan,0,nan,0,nan,0,nan,0
1597988404540588032,1597988404500000000,2020-08-21 13:40:04.500000,98.38,98.415,98.19,98.195,nan,98.299,29762,29255673700.0,71458,98.38,8,98.375,5,nan,0,nan,0,nan,0,nan,0,nan,0,nan,0,nan,0,nan,0
1597988405037915904,1597988405000000000,2020-08-21 13:40:05.000000,98.38,98.415,98.19,98.195,nan,98.299,29762,29255673700.0,71458,98.38,8,98.375,5,nan,0,nan,0,nan,0,nan,0,nan,0,nan,0,nan,0,nan,0
1597988405545114880,1597988405500000000,2020-08-21 13:40:05.500000,98.38,98.415,98.19,98.195,nan,98.299,29762,29255673700.0,71458,98.38,8,98.375,5,nan,0,nan,0,nan,0,nan,0,nan,0,nan,0,nan,0,nan,0
1597988406548165888,1597988406500000000,2020-08-21 13:40:06.500000,98.38,98.415,98.19,98.195,nan,98.299,29762,29255673700.0,71458,98.38,8,98.375,5,nan,0,nan,0,nan,0,nan,0,nan,0,nan,0,nan,0,nan,0
1597988407076785920,1597988407000000000,2020-08-21 13:40:07.000000,98.38,98.415,98.19,98.195,nan,98.299,29762,29255673700.0,71458,98.38,7,98.375,5,nan,0,nan,0,nan,0,nan,0,nan,0,nan,0,nan,0,nan,0
1597988408082055936,1597988408000000000,2020-08-21 13:40:08.000000,98.375,98.415,98.19,98.195,nan,98.299,29767,29260592450.0,71462,98.38,10,98.37,25,nan,0,nan,0,nan,0,nan,0,nan,0,nan,0,nan,0,nan,0
1597988408560173056,1597988408500000000,2020-08-21 13:40:08.500000,98.375,98.415,98.19,98.195,nan,98.299,29768,29261576200.0,71463,98.38,10,98.375,7,nan,0,nan,0,nan,0,nan,0,nan,0,nan,0,nan,0,nan,0
1597988409078533120,1597988409000000000,2020-08-21 13:40:09.000000,98.375,98.415,98.19,98.195,nan,98.299,29768,29261576200.0,71463,98.38,10,98.375,9,nan,0,nan,0,nan,0,nan,0,nan,0,nan,0,nan,0,nan,0
1597988409563674880,1597988409500000000,2020-08-21 13:40:09.500000,98.38,98.415,98.19,98.195,nan,98.299,29770,29263543800.0,71463,98.38,10,98.375,10,nan,0,nan,0,nan,0,nan,0,nan,0,nan,0,nan,0,nan,0
1597988410079022080,1597988410000000000,2020-08-21 13:40:10.000000,98.38,98.415,98.19,98.195,nan,98.299,29770,29263543800.0,71463,98.38,10,98.375,10,nan,0,nan,0,nan,0,nan,0,nan,0,nan,0,nan,0,nan,0
1597988410577487872,1597988410500000000,2020-08-21 13:40:10.500000,98.38,98.415,98.19,98.195,nan,98.299,29770,29263543800.0,71463,98.38,10,98.375,10,nan,0,nan,0,nan,0,nan,0,nan,0,nan,0,nan,0,nan,0
1597988411059098880,1597988411000000000,2020-08-21 13:40:11.000000,98.38,98.415,98.19,98.195,nan,98.299,29770,29263543800.0,71463,98.38,10,98.375,9,nan,0,nan,0,nan,0,nan,0,nan,0,nan,0,nan,0,nan,0
1597988411558813952,1597988411500000000,2020-08-21 13:40:11.500000,98.38,98.415,98.19,98.195,nan,98.299,29770,29263543800.0,71463,98.38,8,98.375,9,nan,0,nan,0,nan,0,nan,0,nan,0,nan,0,nan,0,nan,0
1597988412063182080,1597988412000000000,2020-08-21 13:40:12.000000,98.375,98.415,98.19,98.195,nan,98.299,29771,29264527550.0,71464,98.38,8,98.375,8,nan,0,nan,0,nan,0,nan,0,nan,0,nan,0,nan,0,nan,0
1597988412607185920,1597988412500000000,2020-08-21 13:40:12.500000,98.375,98.415,98.19,98.195,nan,98.299,29771,29264527550.0,71464,98.38,19,98.375,10,nan,0,nan,0,nan,0,nan,0,nan,0,nan,0,nan,0,nan,0
1597988413073177088,1597988413000000000,2020-08-21 13:40:13.000000,98.375,98.415,98.19,98.195,nan,98.299,29771,29264527550.0,71464,98.38,19,98.375,9,nan,0,nan,0,nan,0,nan,0,nan,0,nan,0,nan,0,nan,0
1597988414096380928,1597988414000000000,2020-08-21 13:40:14.000000,98.38,98.415,98.19,98.195,nan,98.299,29772,29265511350.0,71464,98.38,18,98.375,11,nan,0,nan,0,nan,0,nan,0,nan,0,nan,0,nan,0,nan,0
1597988414555884032,1597988414500000000,2020-08-21 13:40:14.500000,98.38,98.415,98.19,98.195,nan,98.299,29772,29265511350.0,71464,98.38,29,98.375,11,nan,0,nan,0,nan,0,nan,0,nan,0,nan,0,nan,0,nan,0
1597988415065780992,1597988415000000000,2020-08-21 13:40:15.000000,98.38,98.415,98.19,98.195,nan,98.299,29772,29265511350.0,71464,98.38,29,98.375,10,nan,0,nan,0,nan,0,nan,0,nan,0,nan,0,nan,0,nan,0
1597988415558578944,1597988415500000000,2020-08-21 13:40:15.500000,98.38,98.415,98.19,98.195,nan,98.299,29772,29265511350.0,71464,98.38,29,98.375,10,nan,0,nan,0,nan,0,nan,0,nan,0,nan,0,nan,0,nan,0
1597988417595325952,1597988417500000000,2020-08-21 13:40:17.500000,98.38,98.415,98.19,98.195,nan,98.299,29772,29265511350.0,71464,98.38,29,98.375,11,nan,0,nan,0,nan,0,nan,0,nan,0,nan,0,nan,0,nan,0
1597988418075111936,1597988418000000000,2020-08-21 13:40:18.000000,98.38,98.415,98.19,98.195,nan,98.299,29772,29265511350.0,71464,98.38,29,98.375,21,nan,0,nan,0,nan,0,nan,0,nan,0,nan,0,nan,0,nan,0
1597988418564856064,1597988418500000000,2020-08-21 13:40:18.500000,98.38,98.415,98.19,98.195,nan,98.299,29776,29269446400.0,71463,98.38,27,98.375,19,nan,0,nan,0,nan,0,nan,0,nan,0,nan,0,nan,0,nan,0
1597988419569928960,1597988419500000000,2020-08-21 13:40:19.500000,98.38,98.415,98.19,98.195,nan,98.299,29776,29269446400.0,71463,98.38,27,98.375,19,nan,0,nan,0,nan,0,nan,0,nan,0,nan,0,nan,0,nan,0
1597988420677355008,1597988420500000000,2020-08-21 13:40:20.500000,98.38,98.415,98.19,98.195,nan,98.299,29776,29269446400.0,71463,98.38,27,98.375,20,nan,0,nan,0,nan,0,nan,0,nan,0,nan,0,nan,0,nan,0
1597988421589843968,1597988421500000000,2020-08-21 13:40:21.500000,98.38,98.415,98.19,98.195,nan,98.299,29776,29269446400.0,71463,98.38,27,98.375,19,nan,0,nan,0,nan,0,nan,0,nan,0,nan,0,nan,0,nan,0
1597988422074705920,1597988422000000000,2020-08-21 13:40:22.000000,98.375,98.415,98.19,98.195,nan,98.299,29777,29270430150.0,71464,98.38,27,98.375,29,nan,0,nan,0,nan,0,nan,0,nan,0,nan,0,nan,0,nan,0
1597988422581314048,1597988422500000000,2020-08-21 13:40:22.500000,98.375,98.415,98.19,98.195,nan,98.299,29777,29270430150.0,71464,98.38,28,98.375,29,nan,0,nan,0,nan,0,nan,0,nan,0,nan,0,nan,0,nan,0
1597988423558413056,1597988423500000000,2020-08-21 13:40:23.500000,98.375,98.415,98.19,98.195,nan,98.299,29777,29270430150.0,71464,98.38,28,98.375,32,nan,0,nan,0,nan,0,nan,0,nan,0,nan,0,nan,0,nan,0
1597988424119673088,1597988424000000000,2020-08-21 13:40:24.000000,98.38,98.415,98.19,98.195,nan,98.299,29778,29271413950.0,71463,98.38,27,98.375,34,nan,0,nan,0,nan,0,nan,0,nan,0,nan,0,nan,0,nan,0
1597988424562886912,1597988424500000000,2020-08-21 13:40:24.500000,98.38,98.415,98.19,98.195,nan,98.299,29778,29271413950.0,71463,98.38,29,98.375,34,nan,0,nan,0,nan,0,nan,0,nan,0,nan,0,nan,0,nan,0
1597988425064432128,1597988425000000000,2020-08-21 13:40:25.000000,98.38,98.415,98.19,98.195,nan,98.299,29790,29283219550.0,71470,98.38,15,98.375,35,nan,0,nan,0,nan,0,nan,0,nan,0,nan,0,nan,0,nan,0
1597988425574531072,1597988425500000000,2020-08-21 13:40:25.500000,98.38,98.415,98.19,98.195,nan,98.299,29805,29297976550.0,71472,98.385,13,98.38,2,nan,0,nan,0,nan,0,nan,0,nan,0,nan,0,nan,0,nan,0
1597988426057932032,1597988426000000000,2020-08-21 13:40:26.000000,98.38,98.415,98.19,98.195,nan,98.299,29805,29297976550.0,71472,98.385,13,98.38,4,nan,0,nan,0,nan,0,nan,0,nan,0,nan,0,nan,0,nan,0
1597988426566535936,1597988426500000000,2020-08-21 13:40:26.500000,98.38,98.415,98.19,98.195,nan,98.299,29805,29297976550.0,71472,98.385,11,98.38,7,nan,0,nan,0,nan,0,nan,0,nan,0,nan,0,nan,0,nan,0
1597988427089604096,1597988427000000000,2020-08-21 13:40:27.000000,98.38,98.415,98.19,98.195,nan,98.299,29812,29304863150.0,71470,98.385,14,98.38,12,nan,0,nan,0,nan,0,nan,0,nan,0,nan,0,nan,0,nan,0
1597988427558257920,1597988427500000000,2020-08-21 13:40:27.500000,98.38,98.415,98.19,98.195,nan,98.299,29817,29309782150.0,71470,98.385,13,98.38,7,nan,0,nan,0,nan,0,nan,0,nan,0,nan,0,nan,0,nan,0
1597988428063367936,1597988428000000000,2020-08-21 13:40:28.000000,98.38,98.415,98.19,98.195,nan,98.299,29817,29309782150.0,71470,98.385,13,98.38,7,nan,0,nan,0,nan,0,nan,0,nan,0,nan,0,nan,0,nan,0
1597988428567599104,1597988428500000000,2020-08-21 13:40:28.500000,98.38,98.415,98.19,98.195,nan,98.299,29817,29309782150.0,71470,98.385,13,98.38,7,nan,0,nan,0,nan,0,nan,0,nan,0,nan,0,nan,0,nan,0
1597988429068180992,1597988429000000000,2020-08-21 13:40:29.000000,98.385,98.415,98.19,98.195,nan,98.299,29819,29311749850.0,71472,98.385,11,98.38,9,nan,0,nan,0,nan,0,nan,0,nan,0,nan,0,nan,0,nan,0
1597988429561056000,1597988429500000000,2020-08-21 13:40:29.500000,98.385,98.415,98.19,98.195,nan,98.299,29820,29312733700.0,71471,98.385,10,98.38,13,nan,0,nan,0,nan,0,nan,0,nan,0,nan,0,nan,0,nan,0
1597988430053037056,1597988430000000000,2020-08-21 13:40:30.000000,98.385,98.415,98.19,98.195,nan,98.299,29820,29312733700.0,71471,98.385,9,98.38,13,nan,0,nan,0,nan,0,nan,0,nan,0,nan,0,nan,0,nan,0
1597988430561979904,1597988430500000000,2020-08-21 13:40:30.500000,98.385,98.415,98.19,98.195,nan,98.299,29820,29312733700.0,71471,98.385,10,98.38,13,nan,0,nan,0,nan,0,nan,0,nan,0,nan,0,nan,0,nan,0
1597988431060685056,1597988431000000000,2020-08-21 13:40:31.000000,98.385,98.415,98.19,98.195,nan,98.299,29820,29312733700.0,71471,98.385,10,98.38,13,nan,0,nan,0,nan,0,nan,0,nan,0,nan,0,nan,0,nan,0
1597988431566277888,1597988431500000000,2020-08-21 13:40:31.500000,98.385,98.415,98.19,98.195,nan,98.299,29820,29312733700.0,71471,98.385,10,98.38,14,nan,0,nan,0,nan,0,nan,0,nan,0,nan,0,nan,0,nan,0
1597988432063237120,1597988432000000000,2020-08-21 13:40:32.000000,98.385,98.415,98.19,98.195,nan,98.299,29820,29312733700.0,71471,98.385,10,98.38,12,nan,0,nan,0,nan,0,nan,0,nan,0,nan,0,nan,0,nan,0
1597988432564716032,1597988432500000000,2020-08-21 13:40:32.500000,98.385,98.415,98.19,98.195,nan,98.299,29820,29312733700.0,71471,98.385,11,98.38,12,nan,0,nan,0,nan,0,nan,0,nan,0,nan,0,nan,0,nan,0
1597988433080439040,1597988433000000000,2020-08-21 13:40:33.000000,98.385,98.415,98.19,98.195,nan,98.299,29820,29312733700.0,71471,98.385,11,98.38,12,nan,0,nan,0,nan,0,nan,0,nan,0,nan,0,nan,0,nan,0
1597988434078676992,1597988434000000000,2020-08-21 13:40:34.000000,98.385,98.415,98.19,98.195,nan,98.299,29821,29313717550.0,71470,98.385,11,98.38,14,nan,0,nan,0,nan,0,nan,0,nan,0,nan,0,nan,0,nan,0
1597988435079145984,1597988435000000000,2020-08-21 13:40:35.000000,98.38,98.415,98.19,98.195,nan,98.299,29822,29314701350.0,71470,98.385,11,98.38,13,nan,0,nan,0,nan,0,nan,0,nan,0,nan,0,nan,0,nan,0
1597988435570816000,1597988435500000000,2020-08-21 13:40:35.500000,98.38,98.415,98.19,98.195,nan,98.299,29822,29314701350.0,71470,98.385,11,98.38,13,nan,0,nan,0,nan,0,nan,0,nan,0,nan,0,nan,0,nan,0
1597988436100872960,1597988436000000000,2020-08-21 13:40:36.000000,98.38,98.415,98.19,98.195,nan,98.299,29824,29316668950.0,71470,98.385,11,98.38,12,nan,0,nan,0,nan,0,nan,0,nan,0,nan,0,nan,0,nan,0
1597988436585430016,1597988436500000000,2020-08-21 13:40:36.500000,98.385,98.415,98.19,98.195,nan,98.299,29825,29317652800.0,71470,98.385,10,98.38,10,nan,0,nan,0,nan,0,nan,0,nan,0,nan,0,nan,0,nan,0
1597988437081379072,1597988437000000000,2020-08-21 13:40:37.000000,98.385,98.415,98.19,98.195,nan,98.299,29825,29317652800.0,71470,98.385,14,98.38,11,nan,0,nan,0,nan,0,nan,0,nan,0,nan,0,nan,0,nan,0
1597988437582447104,1597988437500000000,2020-08-21 13:40:37.500000,98.38,98.415,98.19,98.195,nan,98.299,29836,29328474600.0,71480,98.385,17,98.38,1,nan,0,nan,0,nan,0,nan,0,nan,0,nan,0,nan,0,nan,0
1597988438082124032,1597988438000000000,2020-08-21 13:40:38.000000,98.38,98.415,98.19,98.195,nan,98.299,29847,29339296400.0,71477,98.38,10,98.375,20,nan,0,nan,0,nan,0,nan,0,nan,0,nan,0,nan,0,nan,0
1597988438590610944,1597988438500000000,2020-08-21 13:40:38.500000,98.38,98.415,98.19,98.195,nan,98.299,29847,29339296400.0,71477,98.38,8,98.375,20,nan,0,nan,0,nan,0,nan,0,nan,0,nan,0,nan,0,nan,0
1597988439093859072,1597988439000000000,2020-08-21 13:40:39.000000,98.38,98.415,98.19,98.195,nan,98.299,29847,29339296400.0,71477,98.38,8,98.375,20,nan,0,nan,0,nan,0,nan,0,nan,0,nan,0,nan,0,nan,0
1597988439593522944,1597988439500000000,2020-08-21 13:40:39.500000,98.38,98.415,98.19,98.195,nan,98.299,29847,29339296400.0,71477,98.38,8,98.375,19,nan,0,nan,0,nan,0,nan,0,nan,0,nan,0,nan,0,nan,0
1597988440588647936,1597988440500000000,2020-08-21 13:40:40.500000,98.38,98.415,98.19,98.195,nan,98.299,29847,29339296400.0,71477,98.38,8,98.375,18,nan,0,nan,0,nan,0,nan,0,nan,0,nan,0,nan,0,nan,0
1597988441080250112,1597988441000000000,2020-08-21 13:40:41.000000,98.38,98.415,98.19,98.195,nan,98.299,29847,29339296400.0,71477,98.38,10,98.375,18,nan,0,nan,0,nan,0,nan,0,nan,0,nan,0,nan,0,nan,0
1597988441586326016,1597988441500000000,2020-08-21 13:40:41.500000,98.375,98.415,98.19,98.195,nan,98.299,29848,29340280150.0,71478,98.38,10,98.375,17,nan,0,nan,0,nan,0,nan,0,nan,0,nan,0,nan,0,nan,0
1597988442072104960,1597988442000000000,2020-08-21 13:40:42.000000,98.38,98.415,98.19,98.195,nan,98.299,29858,29350118150.0,71473,98.385,18,98.375,17,nan,0,nan,0,nan,0,nan,0,nan,0,nan,0,nan,0,nan,0
1597988442577326080,1597988442500000000,2020-08-21 13:40:42.500000,98.38,98.415,98.19,98.195,nan,98.299,29858,29350118150.0,71473,98.385,18,98.375,17,nan,0,nan,0,nan,0,nan,0,nan,0,nan,0,nan,0,nan,0
1597988443088882944,1597988443000000000,2020-08-21 13:40:43.000000,98.38,98.415,98.19,98.195,nan,98.299,29858,29350118150.0,71473,98.38,4,98.375,17,nan,0,nan,0,nan,0,nan,0,nan,0,nan,0,nan,0,nan,0
1597988443570482944,1597988443500000000,2020-08-21 13:40:43.500000,98.38,98.415,98.19,98.195,nan,98.299,29858,29350118150.0,71473,98.38,2,98.375,17,nan,0,nan,0,nan,0,nan,0,nan,0,nan,0,nan,0,nan,0
1597988444068455936,1597988444000000000,2020-08-21 13:40:44.000000,98.38,98.415,98.19,98.195,nan,98.299,29858,29350118150.0,71473,98.38,4,98.375,17,nan,0,nan,0,nan,0,nan,0,nan,0,nan,0,nan,0,nan,0
1597988444577127936,1597988444500000000,2020-08-21 13:40:44.500000,98.38,98.415,98.19,98.195,nan,98.299,29858,29350118150.0,71473,98.38,8,98.375,17,nan,0,nan,0,nan,0,nan,0,nan,0,nan,0,nan,0,nan,0
1597988445088903936,1597988445000000000,2020-08-21 13:40:45.000000,98.38,98.415,98.19,98.195,nan,98.299,29858,29350118150.0,71473,98.38,4,98.375,17,nan,0,nan,0,nan,0,nan,0,nan,0,nan,0,nan,0,nan,0
1597988445594782976,1597988445500000000,2020-08-21 13:40:45.500000,98.38,98.415,98.19,98.195,nan,98.299,29858,29350118150.0,71473,98.38,4,98.375,17,nan,0,nan,0,nan,0,nan,0,nan,0,nan,0,nan,0,nan,0
1597988446109637888,1597988446000000000,2020-08-21 13:40:46.000000,98.38,98.415,98.19,98.195,nan,98.299,29858,29350118150.0,71473,98.38,6,98.375,17,nan,0,nan,0,nan,0,nan,0,nan,0,nan,0,nan,0,nan,0
1597988446574003968,1597988446500000000,2020-08-21 13:40:46.500000,98.38,98.415,98.19,98.195,nan,98.299,29858,29350118150.0,71473,98.38,6,98.375,17,nan,0,nan,0,nan,0,nan,0,nan,0,nan,0,nan,0,nan,0
1597988447068070912,1597988447000000000,2020-08-21 13:40:47.000000,98.38,98.415,98.19,98.195,nan,98.299,29858,29350118150.0,71473,98.38,8,98.375,17,nan,0,nan,0,nan,0,nan,0,nan,0,nan,0,nan,0,nan,0
1597988447582539008,1597988447500000000,2020-08-21 13:40:47.500000,98.38,98.415,98.19,98.195,nan,98.299,29858,29350118150.0,71473,98.38,9,98.375,17,nan,0,nan,0,nan,0,nan,0,nan,0,nan,0,nan,0,nan,0
1597988448085828096,1597988448000000000,2020-08-21 13:40:48.000000,98.38,98.415,98.19,98.195,nan,98.299,29858,29350118150.0,71473,98.38,9,98.375,18,nan,0,nan,0,nan,0,nan,0,nan,0,nan,0,nan,0,nan,0
1597988448567514112,1597988448500000000,2020-08-21 13:40:48.500000,98.375,98.415,98.19,98.195,nan,98.299,29866,29357988150.0,71475,98.38,9,98.375,10,nan,0,nan,0,nan,0,nan,0,nan,0,nan,0,nan,0,nan,0
1597988449069635072,1597988449000000000,2020-08-21 13:40:49.000000,98.375,98.415,98.19,98.195,nan,98.299,29866,29357988150.0,71475,98.38,11,98.375,10,nan,0,nan,0,nan,0,nan,0,nan,0,nan,0,nan,0,nan,0
1597988449572957952,1597988449500000000,2020-08-21 13:40:49.500000,98.375,98.415,98.19,98.195,nan,98.299,29876,29367825650.0,71469,98.38,14,98.37,22,nan,0,nan,0,nan,0,nan,0,nan,0,nan,0,nan,0,nan,0
1597988450082818048,1597988450000000000,2020-08-21 13:40:50.000000,98.375,98.415,98.19,98.195,nan,98.299,29877,29368809400.0,71470,98.375,2,98.37,22,nan,0,nan,0,nan,0,nan,0,nan,0,nan,0,nan,0,nan,0
1597988450567208960,1597988450500000000,2020-08-21 13:40:50.500000,98.375,98.415,98.19,98.195,nan,98.299,29879,29370776900.0,71469,98.375,4,98.37,22,nan,0,nan,0,nan,0,nan,0,nan,0,nan,0,nan,0,nan,0
1597988451082578944,1597988451000000000,2020-08-21 13:40:51.000000,98.375,98.415,98.19,98.195,nan,98.299,29884,29375695650.0,71467,98.375,1,98.37,24,nan,0,nan,0,nan,0,nan,0,nan,0,nan,0,nan,0,nan,0
1597988451589888000,1597988451500000000,2020-08-21 13:40:51.500000,98.375,98.415,98.19,98.195,nan,98.299,29885,29376679400.0,71468,98.375,2,98.37,25,nan,0,nan,0,nan,0,nan,0,nan,0,nan,0,nan,0,nan,0
1597988452087154944,1597988452000000000,2020-08-21 13:40:52.000000,98.375,98.415,98.19,98.195,nan,98.299,29888,29379630650.0,71468,98.375,1,98.37,27,nan,0,nan,0,nan,0,nan,0,nan,0,nan,0,nan,0,nan,0
1597988452569604096,1597988452500000000,2020-08-21 13:40:52.500000,98.375,98.415,98.19,98.195,nan,98.299,29891,29382581900.0,71469,98.38,12,98.375,3,nan,0,nan,0,nan,0,nan,0,nan,0,nan,0,nan,0,nan,0
1597988453069543936,1597988453000000000,2020-08-21 13:40:53.000000,98.375,98.415,98.19,98.195,nan,98.299,29891,29382581900.0,71469,98.38,11,98.375,7,nan,0,nan,0,nan,0,nan,0,nan,0,nan,0,nan,0,nan,0
1597988453574127104,1597988453500000000,2020-08-21 13:40:53.500000,98.375,98.415,98.19,98.195,nan,98.299,29891,29382581900.0,71469,98.38,10,98.375,13,nan,0,nan,0,nan,0,nan,0,nan,0,nan,0,nan,0,nan,0
1597988454069831936,1597988454000000000,2020-08-21 13:40:54.000000,98.375,98.415,98.19,98.195,nan,98.299,29892,29383565650.0,71469,98.38,9,98.375,12,nan,0,nan,0,nan,0,nan,0,nan,0,nan,0,nan,0,nan,0
1597988454569391104,1597988454500000000,2020-08-21 13:40:54.500000,98.375,98.415,98.19,98.195,nan,98.299,29905,29396354400.0,71457,98.375,7,98.37,22,nan,0,nan,0,nan,0,nan,0,nan,0,nan,0,nan,0,nan,0
1597988455067966976,1597988455000000000,2020-08-21 13:40:55.000000,98.375,98.415,98.19,98.195,nan,98.299,29912,29403240650.0,71450,98.38,9,98.375,1,nan,0,nan,0,nan,0,nan,0,nan,0,nan,0,nan,0,nan,0
1597988455565822976,1597988455500000000,2020-08-21 13:40:55.500000,98.375,98.415,98.19,98.195,nan,98.299,29912,29403240650.0,71450,98.38,9,98.37,22,nan,0,nan,0,nan,0,nan,0,nan,0,nan,0,nan,0,nan,0
1597988456074382080,1597988456000000000,2020-08-21 13:40:56.000000,98.375,98.415,98.19,98.195,nan,98.299,29912,29403240650.0,71450,98.38,10,98.375,5,nan,0,nan,0,nan,0,nan,0,nan,0,nan,0,nan,0,nan,0
1597988456572862976,1597988456500000000,2020-08-21 13:40:56.500000,98.375,98.415,98.19,98.195,nan,98.299,29913,29404224400.0,71449,98.38,10,98.375,6,nan,0,nan,0,nan,0,nan,0,nan,0,nan,0,nan,0,nan,0
1597988457072855040,1597988457000000000,2020-08-21 13:40:57.000000,98.375,98.415,98.19,98.195,nan,98.299,29913,29404224400.0,71449,98.38,10,98.375,6,nan,0,nan,0,nan,0,nan,0,nan,0,nan,0,nan,0,nan,0
1597988457581157120,1597988457500000000,2020-08-21 13:40:57.500000,98.375,98.415,98.19,98.195,nan,98.299,29913,29404224400.0,71449,98.38,20,98.375,6,nan,0,nan,0,nan,0,nan,0,nan,0,nan,0,nan,0,nan,0
1597988458065541120,1597988458000000000,2020-08-21 13:40:58.000000,98.375,98.415,98.19,98.195,nan,98.299,29913,29404224400.0,71449,98.38,20,98.375,5,nan,0,nan,0,nan,0,nan,0,nan,0,nan,0,nan,0,nan,0
1597988458564178944,1597988458500000000,2020-08-21 13:40:58.500000,98.375,98.415,98.19,98.195,nan,98.299,29914,29405208150.0,71448,98.38,20,98.375,4,nan,0,nan,0,nan,0,nan,0,nan,0,nan,0,nan,0,nan,0
1597988459065979904,1597988459000000000,2020-08-21 13:40:59.000000,98.375,98.415,98.19,98.195,nan,98.299,29914,29405208150.0,71448,98.38,20,98.375,4,nan,0,nan,0,nan,0,nan,0,nan,0,nan,0,nan,0,nan,0
1597988459566832128,1597988459500000000,2020-08-21 13:40:59.500000,98.375,98.415,98.19,98.195,nan,98.299,29914,29405208150.0,71448,98.38,21,98.375,4,nan,0,nan,0,nan,0,nan,0,nan,0,nan,0,nan,0,nan,0
1597988460070930944,1597988460000000000,2020-08-21 13:41:00.000000,98.375,98.415,98.19,98.195,nan,98.299,29923,29414061900.0,71444,98.375,11,98.37,22,nan,0,nan,0,nan,0,nan,0,nan,0,nan,0,nan,0,nan,0
1597988460571865088,1597988460500000000,2020-08-21 13:41:00.500000,98.375,98.415,98.19,98.195,nan,98.299,29923,29414061900.0,71444,98.375,11,98.37,23,nan,0,nan,0,nan,0,nan,0,nan,0,nan,0,nan,0,nan,0
1597988461091608064,1597988461000000000,2020-08-21 13:41:01.000000,98.375,98.415,98.19,98.195,nan,98.299,29923,29414061900.0,71444,98.375,11,98.37,23,nan,0,nan,0,nan,0,nan,0,nan,0,nan,0,nan,0,nan,0
1597988461587482880,1597988461500000000,2020-08-21 13:41:01.500000,98.375,98.415,98.19,98.195,nan,98.299,29923,29414061900.0,71444,98.375,12,98.37,22,nan,0,nan,0,nan,0,nan,0,nan,0,nan,0,nan,0,nan,0
1597988463080019968,1597988463000000000,2020-08-21 13:41:03.000000,98.375,98.415,98.19,98.195,nan,98.299,29923,29414061900.0,71444,98.375,12,98.37,23,nan,0,nan,0,nan,0,nan,0,nan,0,nan,0,nan,0,nan,0
1597988463579535872,1597988463500000000,2020-08-21 13:41:03.500000,98.375,98.415,98.19,98.195,nan,98.299,29923,29414061900.0,71444,98.375,12,98.37,23,nan,0,nan,0,nan,0,nan,0,nan,0,nan,0,nan,0,nan,0
1597988464097261056,1597988464000000000,2020-08-21 13:41:04.000000,98.375,98.415,98.19,98.195,nan,98.299,29923,29414061900.0,71444,98.375,12,98.37,25,nan,0,nan,0,nan,0,nan,0,nan,0,nan,0,nan,0,nan,0
1597988464569914112,1597988464500000000,2020-08-21 13:41:04.500000,98.375,98.415,98.19,98.195,nan,98.299,29923,29414061900.0,71444,98.375,12,98.37,25,nan,0,nan,0,nan,0,nan,0,nan,0,nan,0,nan,0,nan,0
1597988465087514112,1597988465000000000,2020-08-21 13:41:05.000000,98.375,98.415,98.19,98.195,nan,98.299,29923,29414061900.0,71444,98.375,12,98.37,30,nan,0,nan,0,nan,0,nan,0,nan,0,nan,0,nan,0,nan,0
1597988465580417024,1597988465500000000,2020-08-21 13:41:05.500000,98.375,98.415,98.19,98.195,nan,98.299,29923,29414061900.0,71444,98.375,12,98.37,31,nan,0,nan,0,nan,0,nan,0,nan,0,nan,0,nan,0,nan,0
1597988466080584960,1597988466000000000,2020-08-21 13:41:06.000000,98.375,98.415,98.19,98.195,nan,98.299,29923,29414061900.0,71444,98.375,12,98.37,31,nan,0,nan,0,nan,0,nan,0,nan,0,nan,0,nan,0,nan,0
1597988466573440000,1597988466500000000,2020-08-21 13:41:06.500000,98.375,98.415,98.19,98.195,nan,98.299,29923,29414061900.0,71444,98.375,11,98.37,31,nan,0,nan,0,nan,0,nan,0,nan,0,nan,0,nan,0,nan,0
1597988467086650112,1597988467000000000,2020-08-21 13:41:07.000000,98.375,98.415,98.19,98.195,nan,98.299,29923,29414061900.0,71444,98.375,11,98.37,31,nan,0,nan,0,nan,0,nan,0,nan,0,nan,0,nan,0,nan,0
1597988467575310080,1597988467500000000,2020-08-21 13:41:07.500000,98.37,98.415,98.19,98.195,nan,98.299,29943,29433735900.0,71437,98.375,16,98.37,11,nan,0,nan,0,nan,0,nan,0,nan,0,nan,0,nan,0,nan,0
1597988468079394048,1597988468000000000,2020-08-21 13:41:08.000000,98.365,98.415,98.19,98.195,nan,98.299,29958,29448491200.0,71431,98.37,1,98.365,25,nan,0,nan,0,nan,0,nan,0,nan,0,nan,0,nan,0,nan,0
1597988468574521088,1597988468500000000,2020-08-21 13:41:08.500000,98.365,98.415,98.19,98.195,nan,98.299,29961,29451442200.0,71431,98.37,6,98.365,27,nan,0,nan,0,nan,0,nan,0,nan,0,nan,0,nan,0,nan,0
1597988469097860096,1597988469000000000,2020-08-21 13:41:09.000000,98.365,98.415,98.19,98.195,nan,98.299,29961,29451442200.0,71431,98.37,10,98.365,27,nan,0,nan,0,nan,0,nan,0,nan,0,nan,0,nan,0,nan,0
1597988469580871936,1597988469500000000,2020-08-21 13:41:09.500000,98.365,98.415,98.19,98.195,nan,98.299,29961,29451442200.0,71431,98.37,12,98.365,24,nan,0,nan,0,nan,0,nan,0,nan,0,nan,0,nan,0,nan,0
1597988470078874880,1597988470000000000,2020-08-21 13:41:10.000000,98.365,98.415,98.19,98.195,nan,98.299,29963,29453409500.0,71429,98.37,12,98.365,22,nan,0,nan,0,nan,0,nan,0,nan,0,nan,0,nan,0,nan,0
1597988470582699008,1597988470500000000,2020-08-21 13:41:10.500000,98.365,98.415,98.19,98.195,nan,98.299,29965,29455376800.0,71430,98.37,12,98.365,18,nan,0,nan,0,nan,0,nan,0,nan,0,nan,0,nan,0,nan,0
1597988471085734912,1597988471000000000,2020-08-21 13:41:11.000000,98.365,98.415,98.19,98.195,nan,98.299,29965,29455376800.0,71430,98.37,12,98.365,18,nan,0,nan,0,nan,0,nan,0,nan,0,nan,0,nan,0,nan,0
1597988471592438016,1597988471500000000,2020-08-21 13:41:11.500000,98.365,98.415,98.19,98.195,nan,98.299,29966,29456360450.0,71430,98.37,14,98.365,17,nan,0,nan,0,nan,0,nan,0,nan,0,nan,0,nan,0,nan,0
1597988472582107904,1597988472500000000,2020-08-21 13:41:12.500000,98.365,98.415,98.19,98.195,nan,98.299,29966,29456360450.0,71430,98.37,14,98.365,17,nan,0,nan,0,nan,0,nan,0,nan,0,nan,0,nan,0,nan,0
1597988473582625024,1597988473500000000,2020-08-21 13:41:13.500000,98.365,98.415,98.19,98.195,nan,98.299,29966,29456360450.0,71430,98.37,14,98.365,18,nan,0,nan,0,nan,0,nan,0,nan,0,nan,0,nan,0,nan,0
1597988474079963904,1597988474000000000,2020-08-21 13:41:14.000000,98.365,98.415,98.19,98.195,nan,98.299,29966,29456360450.0,71430,98.37,14,98.365,18,nan,0,nan,0,nan,0,nan,0,nan,0,nan,0,nan,0,nan,0
1597988474678875904,1597988474500000000,2020-08-21 13:41:14.500000,98.37,98.415,98.19,98.195,nan,98.299,29970,29460295250.0,71430,98.37,10,98.365,21,nan,0,nan,0,nan,0,nan,0,nan,0,nan,0,nan,0,nan,0
1597988475077544960,1597988475000000000,2020-08-21 13:41:15.000000,98.37,98.415,98.19,98.195,nan,98.299,29990,29479969250.0,71428,98.375,18,98.37,1,nan,0,nan,0,nan,0,nan,0,nan,0,nan,0,nan,0,nan,0
1597988475597625088,1597988475500000000,2020-08-21 13:41:15.500000,98.37,98.415,98.19,98.195,nan,98.299,29990,29479969250.0,71428,98.375,17,98.37,9,nan,0,nan,0,nan,0,nan,0,nan,0,nan,0,nan,0,nan,0
1597988476092314112,1597988476000000000,2020-08-21 13:41:16.000000,98.37,98.415,98.19,98.195,nan,98.299,29990,29479969250.0,71428,98.375,17,98.37,12,nan,0,nan,0,nan,0,nan,0,nan,0,nan,0,nan,0,nan,0
1597988476599362048,1597988476500000000,2020-08-21 13:41:16.500000,98.37,98.415,98.19,98.195,nan,98.299,29990,29479969250.0,71428,98.375,17,98.37,12,nan,0,nan,0,nan,0,nan,0,nan,0,nan,0,nan,0,nan,0
1597988477084997888,1597988477000000000,2020-08-21 13:41:17.000000,98.37,98.415,98.19,98.195,nan,98.299,29990,29479969250.0,71428,98.375,17,98.37,12,nan,0,nan,0,nan,0,nan,0,nan,0,nan,0,nan,0,nan,0
1597988477585858048,1597988477500000000,2020-08-21 13:41:17.500000,98.37,98.415,98.19,98.195,nan,98.299,29990,29479969250.0,71428,98.375,17,98.37,12,nan,0,nan,0,nan,0,nan,0,nan,0,nan,0,nan,0,nan,0
1597988478080307968,1597988478000000000,2020-08-21 13:41:18.000000,98.37,98.415,98.19,98.195,nan,98.299,29990,29479969250.0,71428,98.375,17,98.37,12,nan,0,nan,0,nan,0,nan,0,nan,0,nan,0,nan,0,nan,0
1597988479095204096,1597988479000000000,2020-08-21 13:41:19.000000,98.37,98.415,98.19,98.195,nan,98.299,29990,29479969250.0,71428,98.375,17,98.37,12,nan,0,nan,0,nan,0,nan,0,nan,0,nan,0,nan,0,nan,0
1597988480082651904,1597988480000000000,2020-08-21 13:41:20.000000,98.37,98.415,98.19,98.195,nan,98.299,29990,29479969250.0,71428,98.375,18,98.37,12,nan,0,nan,0,nan,0,nan,0,nan,0,nan,0,nan,0,nan,0
1597988480586924032,1597988480500000000,2020-08-21 13:41:20.500000,98.37,98.415,98.19,98.195,nan,98.299,30005,29494724750.0,71420,98.37,5,98.365,21,nan,0,nan,0,nan,0,nan,0,nan,0,nan,0,nan,0,nan,0
1597988481080132096,1597988481000000000,2020-08-21 13:41:21.000000,98.37,98.415,98.19,98.195,nan,98.299,30005,29494724750.0,71420,98.37,5,98.365,21,nan,0,nan,0,nan,0,nan,0,nan,0,nan,0,nan,0,nan,0
1597988481580886016,1597988481500000000,2020-08-21 13:41:21.500000,98.365,98.415,98.19,98.195,nan,98.299,30010,29499643000.0,71417,98.37,6,98.365,15,nan,0,nan,0,nan,0,nan,0,nan,0,nan,0,nan,0,nan,0
1597988482073113088,1597988482000000000,2020-08-21 13:41:22.000000,98.365,98.415,98.19,98.195,nan,98.299,30010,29499643000.0,71417,98.37,9,98.365,15,nan,0,nan,0,nan,0,nan,0,nan,0,nan,0,nan,0,nan,0
1597988482586630912,1597988482500000000,2020-08-21 13:41:22.500000,98.365,98.415,98.19,98.195,nan,98.299,30010,29499643000.0,71417,98.37,9,98.365,14,nan,0,nan,0,nan,0,nan,0,nan,0,nan,0,nan,0,nan,0
1597988483578483968,1597988483500000000,2020-08-21 13:41:23.500000,98.37,98.415,98.19,98.195,nan,98.299,30011,29500626700.0,71417,98.37,8,98.365,16,nan,0,nan,0,nan,0,nan,0,nan,0,nan,0,nan,0,nan,0
1597988484084285952,1597988484000000000,2020-08-21 13:41:24.000000,98.365,98.415,98.19,98.195,nan,98.299,30016,29505544950.0,71422,98.37,10,98.365,12,nan,0,nan,0,nan,0,nan,0,nan,0,nan,0,nan,0,nan,0
1597988484579798016,1597988484500000000,2020-08-21 13:41:24.500000,98.365,98.415,98.19,98.195,nan,98.299,30016,29505544950.0,71422,98.37,12,98.365,10,nan,0,nan,0,nan,0,nan,0,nan,0,nan,0,nan,0,nan,0
1597988485079001088,1597988485000000000,2020-08-21 13:41:25.000000,98.365,98.415,98.19,98.195,nan,98.299,30026,29515381450.0,71430,98.37,16,98.36,80,nan,0,nan,0,nan,0,nan,0,nan,0,nan,0,nan,0,nan,0
1597988485580898048,1597988485500000000,2020-08-21 13:41:25.500000,98.365,98.415,98.19,98.195,nan,98.299,30026,29515381450.0,71430,98.365,2,98.36,69,nan,0,nan,0,nan,0,nan,0,nan,0,nan,0,nan,0,nan,0
1597988486079138048,1597988486000000000,2020-08-21 13:41:26.000000,98.365,98.415,98.19,98.195,nan,98.299,30030,29519316050.0,71431,98.365,2,98.36,71,nan,0,nan,0,nan,0,nan,0,nan,0,nan,0,nan,0,nan,0
1597988486581349888,1597988486500000000,2020-08-21 13:41:26.500000,98.36,98.415,98.19,98.195,nan,98.299,30031,29520299650.0,71432,98.365,3,98.36,70,nan,0,nan,0,nan,0,nan,0,nan,0,nan,0,nan,0,nan,0
1597988487084265984,1597988487000000000,2020-08-21 13:41:27.000000,98.365,98.415,98.19,98.195,nan,98.299,30033,29522266950.0,71432,98.365,5,98.36,70,nan,0,nan,0,nan,0,nan,0,nan,0,nan,0,nan,0,nan,0
1597988487581273088,1597988487500000000,2020-08-21 13:41:27.500000,98.365,98.415,98.19,98.195,nan,98.299,30033,29522266950.0,71432,98.365,9,98.36,70,nan,0,nan,0,nan,0,nan,0,nan,0,nan,0,nan,0,nan,0
1597988488078014976,1597988488000000000,2020-08-21 13:41:28.000000,98.365,98.415,98.19,98.195,nan,98.299,30033,29522266950.0,71432,98.365,9,98.36,72,nan,0,nan,0,nan,0,nan,0,nan,0,nan,0,nan,0,nan,0
1597988488582137088,1597988488500000000,2020-08-21 13:41:28.500000,98.365,98.415,98.19,98.195,nan,98.299,30033,29522266950.0,71432,98.365,19,98.36,72,nan,0,nan,0,nan,0,nan,0,nan,0,nan,0,nan,0,nan,0
1597988489080857088,1597988489000000000,2020-08-21 13:41:29.000000,98.365,98.415,98.19,98.195,nan,98.299,30033,29522266950.0,71432,98.365,19,98.36,72,nan,0,nan,0,nan,0,nan,0,nan,0,nan,0,nan,0,nan,0
1597988489582428928,1597988489500000000,2020-08-21 13:41:29.500000,98.365,98.415,98.19,98.195,nan,98.299,30033,29522266950.0,71432,98.365,20,98.36,72,nan,0,nan,0,nan,0,nan,0,nan,0,nan,0,nan,0,nan,0
1597988490099849984,1597988490000000000,2020-08-21 13:41:30.000000,98.365,98.415,98.19,98.195,nan,98.299,30033,29522266950.0,71432,98.365,20,98.36,72,nan,0,nan,0,nan,0,nan,0,nan,0,nan,0,nan,0,nan,0
1597988490581632000,1597988490500000000,2020-08-21 13:41:30.500000,98.36,98.415,98.19,98.195,nan,98.299,30053,29541939850.0,71441,98.365,6,98.36,72,nan,0,nan,0,nan,0,nan,0,nan,0,nan,0,nan,0,nan,0
1597988491078125056,1597988491000000000,2020-08-21 13:41:31.000000,98.365,98.415,98.19,98.195,nan,98.299,30059,29547841750.0,71446,98.365,4,98.36,72,nan,0,nan,0,nan,0,nan,0,nan,0,nan,0,nan,0,nan,0
1597988491597803008,1597988491500000000,2020-08-21 13:41:31.500000,98.365,98.415,98.19,98.195,nan,98.299,30063,29551776350.0,71442,98.365,2,98.36,73,nan,0,nan,0,nan,0,nan,0,nan,0,nan,0,nan,0,nan,0
1597988492083531008,1597988492000000000,2020-08-21 13:41:32.000000,98.365,98.415,98.19,98.195,nan,98.3,30067,29555710950.0,71442,98.37,16,98.36,73,nan,0,nan,0,nan,0,nan,0,nan,0,nan,0,nan,0,nan,0
1597988492581350912,1597988492500000000,2020-08-21 13:41:32.500000,98.365,98.415,98.19,98.195,nan,98.3,30067,29555710950.0,71442,98.37,16,98.365,4,nan,0,nan,0,nan,0,nan,0,nan,0,nan,0,nan,0,nan,0
1597988493079238912,1597988493000000000,2020-08-21 13:41:33.000000,98.365,98.415,98.19,98.195,nan,98.3,30067,29555710950.0,71442,98.37,14,98.365,12,nan,0,nan,0,nan,0,nan,0,nan,0,nan,0,nan,0,nan,0
1597988493586290944,1597988493500000000,2020-08-21 13:41:33.500000,98.365,98.415,98.19,98.195,nan,98.3,30078,29566531100.0,71448,98.37,15,98.365,1,nan,0,nan,0,nan,0,nan,0,nan,0,nan,0,nan,0,nan,0
1597988494076065024,1597988494000000000,2020-08-21 13:41:34.000000,98.365,98.415,98.19,98.195,nan,98.3,30079,29567514750.0,71448,98.37,15,98.365,2,nan,0,nan,0,nan,0,nan,0,nan,0,nan,0,nan,0,nan,0
1597988494599456000,1597988494500000000,2020-08-21 13:41:34.500000,98.365,98.415,98.19,98.195,nan,98.3,30079,29567514750.0,71448,98.37,15,98.365,3,nan,0,nan,0,nan,0,nan,0,nan,0,nan,0,nan,0,nan,0
1597988495100228096,1597988495000000000,2020-08-21 13:41:35.000000,98.365,98.415,98.19,98.195,nan,98.3,30080,29568498400.0,71448,98.37,15,98.365,4,nan,0,nan,0,nan,0,nan,0,nan,0,nan,0,nan,0,nan,0
1597988495599805952,1597988495500000000,2020-08-21 13:41:35.500000,98.365,98.415,98.19,98.195,nan,98.3,30080,29568498400.0,71448,98.37,15,98.365,3,nan,0,nan,0,nan,0,nan,0,nan,0,nan,0,nan,0,nan,0
1597988496090134016,1597988496000000000,2020-08-21 13:41:36.000000,98.365,98.415,98.19,98.195,nan,98.3,30080,29568498400.0,71448,98.37,15,98.365,3,nan,0,nan,0,nan,0,nan,0,nan,0,nan,0,nan,0,nan,0
1597988496593419008,1597988496500000000,2020-08-21 13:41:36.500000,98.365,98.415,98.19,98.195,nan,98.3,30080,29568498400.0,71448,98.37,15,98.365,3,nan,0,nan,0,nan,0,nan,0,nan,0,nan,0,nan,0,nan,0
1597988497081160960,1597988497000000000,2020-08-21 13:41:37.000000,98.365,98.415,98.19,98.195,nan,98.3,30080,29568498400.0,71448,98.37,15,98.365,3,nan,0,nan,0,nan,0,nan,0,nan,0,nan,0,nan,0,nan,0
1597988497582796032,1597988497500000000,2020-08-21 13:41:37.500000,98.365,98.415,98.19,98.195,nan,98.3,30080,29568498400.0,71448,98.37,15,98.365,3,nan,0,nan,0,nan,0,nan,0,nan,0,nan,0,nan,0,nan,0
1597988499087066112,1597988499000000000,2020-08-21 13:41:39.000000,98.365,98.415,98.19,98.195,nan,98.3,30080,29568498400.0,71448,98.37,25,98.365,4,nan,0,nan,0,nan,0,nan,0,nan,0,nan,0,nan,0,nan,0
1597988499586219008,1597988499500000000,2020-08-21 13:41:39.500000,98.365,98.415,98.19,98.195,nan,98.3,30083,29571449350.0,71450,98.37,25,98.365,1,nan,0,nan,0,nan,0,nan,0,nan,0,nan,0,nan,0,nan,0
1597988500580251904,1597988500500000000,2020-08-21 13:41:40.500000,98.365,98.415,98.19,98.195,nan,98.3,30086,29574400300.0,71448,98.365,17,98.36,81,nan,0,nan,0,nan,0,nan,0,nan,0,nan,0,nan,0,nan,0
1597988501104560896,1597988501000000000,2020-08-21 13:41:41.000000,98.365,98.415,98.19,98.195,nan,98.3,30086,29574400300.0,71448,98.365,23,98.36,71,nan,0,nan,0,nan,0,nan,0,nan,0,nan,0,nan,0,nan,0
1597988501594675968,1597988501500000000,2020-08-21 13:41:41.500000,98.365,98.415,98.19,98.195,nan,98.3,30086,29574400300.0,71448,98.365,24,98.36,70,nan,0,nan,0,nan,0,nan,0,nan,0,nan,0,nan,0,nan,0
1597988502600997120,1597988502500000000,2020-08-21 13:41:42.500000,98.365,98.415,98.19,98.195,nan,98.3,30086,29574400300.0,71448,98.365,24,98.36,71,nan,0,nan,0,nan,0,nan,0,nan,0,nan,0,nan,0,nan,0
1597988504099438080,1597988504000000000,2020-08-21 13:41:44.000000,98.365,98.415,98.19,98.195,nan,98.3,30086,29574400300.0,71448,98.365,24,98.36,71,nan,0,nan,0,nan,0,nan,0,nan,0,nan,0,nan,0,nan,0
1597988505095251968,1597988505000000000,2020-08-21 13:41:45.000000,98.36,98.415,98.19,98.195,nan,98.3,30097,29585219900.0,71454,98.365,27,98.36,59,nan,0,nan,0,nan,0,nan,0,nan,0,nan,0,nan,0,nan,0
1597988505588314880,1597988505500000000,2020-08-21 13:41:45.500000,98.365,98.415,98.19,98.195,nan,98.3,30152,29639318000.0,71480,98.365,27,98.36,6,nan,0,nan,0,nan,0,nan,0,nan,0,nan,0,nan,0,nan,0
1597988506110287872,1597988506000000000,2020-08-21 13:41:46.000000,98.36,98.415,98.19,98.195,nan,98.3,30158,29645219600.0,71481,98.36,15,98.355,80,nan,0,nan,0,nan,0,nan,0,nan,0,nan,0,nan,0,nan,0
1597988506595271936,1597988506500000000,2020-08-21 13:41:46.500000,98.36,98.415,98.19,98.195,nan,98.3,30159,29646203200.0,71481,98.36,17,98.355,70,nan,0,nan,0,nan,0,nan,0,nan,0,nan,0,nan,0,nan,0
1597988507090990080,1597988507000000000,2020-08-21 13:41:47.000000,98.355,98.415,98.19,98.195,nan,98.3,30161,29648170300.0,71481,98.36,18,98.355,68,nan,0,nan,0,nan,0,nan,0,nan,0,nan,0,nan,0,nan,0
1597988507602322944,1597988507500000000,2020-08-21 13:41:47.500000,98.355,98.415,98.19,98.195,nan,98.3,30161,29648170300.0,71481,98.36,18,98.355,67,nan,0,nan,0,nan,0,nan,0,nan,0,nan,0,nan,0,nan,0
1597988508100343040,1597988508000000000,2020-08-21 13:41:48.000000,98.355,98.415,98.19,98.195,nan,98.3,30161,29648170300.0,71481,98.36,18,98.355,68,nan,0,nan,0,nan,0,nan,0,nan,0,nan,0,nan,0,nan,0
1597988508604897024,1597988508500000000,2020-08-21 13:41:48.500000,98.355,98.415,98.19,98.195,nan,98.3,30161,29648170300.0,71481,98.36,18,98.355,68,nan,0,nan,0,nan,0,nan,0,nan,0,nan,0,nan,0,nan,0
1597988509593605120,1597988509500000000,2020-08-21 13:41:49.500000,98.36,98.415,98.19,98.195,nan,98.3,30162,29649153900.0,71481,98.36,17,98.355,68,nan,0,nan,0,nan,0,nan,0,nan,0,nan,0,nan,0,nan,0
1597988510104945920,1597988510000000000,2020-08-21 13:41:50.000000,98.36,98.415,98.19,98.195,nan,98.3,30162,29649153900.0,71481,98.36,14,98.355,68,nan,0,nan,0,nan,0,nan,0,nan,0,nan,0,nan,0,nan,0
1597988510598022912,1597988510500000000,2020-08-21 13:41:50.500000,98.36,98.415,98.19,98.195,nan,98.3,30173,29659973500.0,71479,98.36,3,98.355,70,nan,0,nan,0,nan,0,nan,0,nan,0,nan,0,nan,0,nan,0
1597988511108609024,1597988511000000000,2020-08-21 13:41:51.000000,98.36,98.415,98.19,98.195,nan,98.3,30181,29667842300.0,71477,98.365,31,98.36,4,nan,0,nan,0,nan,0,nan,0,nan,0,nan,0,nan,0,nan,0
1597988511596409088,1597988511500000000,2020-08-21 13:41:51.500000,98.36,98.415,98.19,98.195,nan,98.3,30181,29667842300.0,71477,98.365,32,98.36,7,nan,0,nan,0,nan,0,nan,0,nan,0,nan,0,nan,0,nan,0
1597988512082541056,1597988512000000000,2020-08-21 13:41:52.000000,98.365,98.415,98.19,98.195,nan,98.3,30182,29668825950.0,71476,98.365,31,98.36,8,nan,0,nan,0,nan,0,nan,0,nan,0,nan,0,nan,0,nan,0
1597988512587943936,1597988512500000000,2020-08-21 13:41:52.500000,98.365,98.415,98.19,98.195,nan,98.3,30182,29668825950.0,71476,98.365,32,98.36,9,nan,0,nan,0,nan,0,nan,0,nan,0,nan,0,nan,0,nan,0
1597988513090255872,1597988513000000000,2020-08-21 13:41:53.000000,98.365,98.415,98.19,98.195,nan,98.3,30185,29671776900.0,71476,98.365,28,98.36,12,nan,0,nan,0,nan,0,nan,0,nan,0,nan,0,nan,0,nan,0
1597988513595141120,1597988513500000000,2020-08-21 13:41:53.500000,98.365,98.415,98.19,98.195,nan,98.3,30186,29672760550.0,71476,98.365,27,98.36,15,nan,0,nan,0,nan,0,nan,0,nan,0,nan,0,nan,0,nan,0
1597988514095960064,1597988514000000000,2020-08-21 13:41:54.000000,98.365,98.415,98.19,98.195,nan,98.3,30186,29672760550.0,71476,98.365,27,98.36,21,nan,0,nan,0,nan,0,nan,0,nan,0,nan,0,nan,0,nan,0
1597988514594562048,1597988514500000000,2020-08-21 13:41:54.500000,98.365,98.415,98.19,98.195,nan,98.3,30186,29672760550.0,71476,98.365,27,98.36,22,nan,0,nan,0,nan,0,nan,0,nan,0,nan,0,nan,0,nan,0
1597988515102801920,1597988515000000000,2020-08-21 13:41:55.000000,98.365,98.415,98.19,98.195,nan,98.3,30187,29673744200.0,71476,98.365,26,98.36,22,nan,0,nan,0,nan,0,nan,0,nan,0,nan,0,nan,0,nan,0
1597988515593137920,1597988515500000000,2020-08-21 13:41:55.500000,98.36,98.415,98.19,98.195,nan,98.3,30188,29674727800.0,71476,98.365,26,98.36,21,nan,0,nan,0,nan,0,nan,0,nan,0,nan,0,nan,0,nan,0
1597988516093520896,1597988516000000000,2020-08-21 13:41:56.000000,98.36,98.415,98.19,98.195,nan,98.3,30188,29674727800.0,71476,98.365,26,98.36,19,nan,0,nan,0,nan,0,nan,0,nan,0,nan,0,nan,0,nan,0
1597988516593670912,1597988516500000000,2020-08-21 13:41:56.500000,98.36,98.415,98.19,98.195,nan,98.3,30188,29674727800.0,71476,98.365,28,98.36,19,nan,0,nan,0,nan,0,nan,0,nan,0,nan,0,nan,0,nan,0
1597988517098612992,1597988517000000000,2020-08-21 13:41:57.000000,98.36,98.415,98.19,98.195,nan,98.3,30188,29674727800.0,71476,98.365,28,98.36,19,nan,0,nan,0,nan,0,nan,0,nan,0,nan,0,nan,0,nan,0
1597988518095680000,1597988518000000000,2020-08-21 13:41:58.000000,98.36,98.415,98.19,98.195,nan,98.3,30188,29674727800.0,71476,98.365,28,98.36,19,nan,0,nan,0,nan,0,nan,0,nan,0,nan,0,nan,0,nan,0
1597988518593246976,1597988518500000000,2020-08-21 13:41:58.500000,98.365,98.415,98.19,98.195,nan,98.3,30190,29676695100.0,71475,98.365,26,98.36,20,nan,0,nan,0,nan,0,nan,0,nan,0,nan,0,nan,0,nan,0
1597988519093780992,1597988519000000000,2020-08-21 13:41:59.000000,98.365,98.415,98.19,98.195,nan,98.3,30190,29676695100.0,71475,98.365,24,98.36,20,nan,0,nan,0,nan,0,nan,0,nan,0,nan,0,nan,0,nan,0
1597988519594331904,1597988519500000000,2020-08-21 13:41:59.500000,98.365,98.415,98.19,98.195,nan,98.3,30190,29676695100.0,71475,98.365,24,98.36,22,nan,0,nan,0,nan,0,nan,0,nan,0,nan,0,nan,0,nan,0
1597988520096246016,1597988520000000000,2020-08-21 13:42:00.000000,98.365,98.415,98.19,98.195,nan,98.3,30190,29676695100.0,71475,98.365,24,98.36,22,nan,0,nan,0,nan,0,nan,0,nan,0,nan,0,nan,0,nan,0
1597988520590705920,1597988520500000000,2020-08-21 13:42:00.500000,98.365,98.415,98.19,98.195,nan,98.3,30190,29676695100.0,71475,98.365,24,98.36,22,nan,0,nan,0,nan,0,nan,0,nan,0,nan,0,nan,0,nan,0
