local_nano_time,quote_nano_time,datetime,last_price,highest,lowest,open,close,average,volume,amount,open_interest,ask_price1,ask_volume1,bid_price1,bid_volume1,ask_price2,ask_volume2,bid_price2,bid_volume2,ask_price3,ask_volume3,bid_price3,bid_volume3,ask_price4,ask_volume4,bid_price4,bid_volume4,ask_price5,ask_volume5,bid_price5,bid_volume5
1597988230136936960,1597988230000000000,2020-08-21 13:37:10.000000,14755.0,14985.0,14720.0,14780.0,nan,14842.993048,108600,8059745225.0,115066,14755.0,53,14750.0,67,14760.0,46,14745.0,312,14765.0,16,14740.0,378,14770.0,123,14735.0,300,14775.0,41,14730.0,205
1597988231147757056,1597988231000000000,2020-08-21 13:37:11.000000,14755.0,14985.0,14720.0,14780.0,nan,14842.992238,108601,8059819000.0,115067,14755.0,55,14750.0,67,14760.0,46,14745.0,312,14765.0,16,14740.0,378,14770.0,123,14735.0,300,14775.0,41,14730.0,205
1597988231614035968,1597988231500000000,2020-08-21 13:37:11.500000,14755.0,14985.0,14720.0,14780.0,nan,14842.987377,108607,8060261650.0,115067,14755.0,51,14750.0,67,14760.0,46,14745.0,312,14765.0,16,14740.0,378,14770.0,123,14735.0,300,14775.0,41,14730.0,205
1597988232110661888,1597988232000000000,2020-08-21 13:37:12.000000,14755.0,14985.0,14720.0,14780.0,nan,14842.987377,108607,8060261650.0,115067,14755.0,51,14750.0,62,14760.0,46,14745.0,312,14765.0,16,14740.0,378,14770.0,123,14735.0,300,14775.0,41,14730.0,205
1597988233112361984,1597988233000000000,2020-08-21 13:37:13.000000,14755.0,14985.0,14720.0,14780.0,nan,14842.987377,108607,8060261650.0,115067,14755.0,51,14750.0,52,14760.0,46,14745.0,312,14765.0,16,14740.0,378,14770.0,123,14735.0,300,14775.0,41,14730.0,205
1597988233613110016,1597988233500000000,2020-08-21 13:37:13.500000,14755.0,14985.0,14720.0,14780.0,nan,14842.987377,108607,8060261650.0,115067,14755.0,51,14750.0,102,14760.0,46,14745.0,262,14765.0,16,14740.0,378,14770.0,123,14735.0,300,14775.0,41,14730.0,205
1597988234126358016,1597988234000000000,2020-08-21 13:37:14.000000,14755.0,14985.0,14720.0,14780.0,nan,14842.987377,108607,8060261650.0,115067,14755.0,51,14750.0,104,14760.0,46,14745.0,262,14765.0,16,14740.0,378,14770.0,123,14735.0,300,14775.0,41,14730.0,205
1597988234613200896,1597988234500000000,2020-08-21 13:37:14.500000,14755.0,14985.0,14720.0,14780.0,nan,14842.987377,108607,8060261650.0,115067,14755.0,52,14750.0,104,14760.0,45,14745.0,262,14765.0,16,14740.0,378,14770.0,123,14735.0,300,14775.0,41,14730.0,205
1597988235126236928,1597988235000000000,2020-08-21 13:37:15.000000,14755.0,14985.0,14720.0,14780.0,nan,14842.987377,108607,8060261650.0,115067,14755.0,52,14750.0,104,14760.0,44,14745.0,262,14765.0,16,14740.0,378,14770.0,123,14735.0,300,14775.0,41,14730.0,205
1597988235619815936,1597988235500000000,2020-08-21 13:37:15.500000,14755.0,14985.0,14720.0,14780.0,nan,14842.987377,108607,8060261650.0,115067,14755.0,53,14750.0,104,14760.0,43,14745.0,262,14765.0,16,14740.0,378,14770.0,123,14735.0,300,14775.0,41,14730.0,205
1597988240610194944,1597988240500000000,2020-08-21 13:37:20.500000,14755.0,14985.0,14720.0,14780.0,nan,14842.987377,108607,8060261650.0,115067,14755.0,54,14750.0,104,14760.0,43,14745.0,262,14765.0,16,14740.0,378,14770.0,123,14735.0,300,14775.0,41,14730.0,205
1597988242120980992,1597988242000000000,2020-08-21 13:37:22.000000,14755.0,14985.0,14720.0,14780.0,nan,14842.94365,108661,8064245500.0,115104,14760.0,43,14755.0,4,14765.0,17,14750.0,104,14770.0,123,14745.0,262,14775.0,41,14740.0,378,14780.0,27,14735.0,300
1597988242617103872,1597988242500000000,2020-08-21 13:37:22.500000,14755.0,14985.0,14720.0,14780.0,nan,14842.938795,108667,8064688150.0,115103,14755.0,7,14750.0,104,14760.0,44,14745.0,262,14765.0,17,14740.0,378,14770.0,123,14735.0,300,14775.0,41,14730.0,205
1597988243114708992,1597988243000000000,2020-08-21 13:37:23.000000,14755.0,14985.0,14720.0,14780.0,nan,14842.934749,108672,8065057025.0,115103,14755.0,13,14750.0,105,14760.0,44,14745.0,262,14765.0,17,14740.0,378,14770.0,123,14735.0,300,14775.0,41,14730.0,205
1597988243624599040,1597988243500000000,2020-08-21 13:37:23.500000,14755.0,14985.0,14720.0,14780.0,nan,14842.934749,108672,8065057025.0,115103,14755.0,14,14750.0,105,14760.0,44,14745.0,262,14765.0,17,14740.0,378,14770.0,123,14735.0,300,14775.0,41,14730.0,205
1597988245118718976,1597988245000000000,2020-08-21 13:37:25.000000,14755.0,14985.0,14720.0,14780.0,nan,14842.933939,108673,8065130800.0,115102,14755.0,13,14750.0,105,14760.0,44,14745.0,262,14765.0,17,14740.0,378,14770.0,123,14735.0,300,14775.0,41,14730.0,205
1597988246620589056,1597988246500000000,2020-08-21 13:37:26.500000,14755.0,14985.0,14720.0,14780.0,nan,14842.925849,108683,8065868550.0,115102,14755.0,3,14750.0,105,14760.0,44,14745.0,262,14765.0,17,14740.0,378,14770.0,123,14735.0,300,14775.0,41,14730.0,205
1597988247127834880,1597988247000000000,2020-08-21 13:37:27.000000,14755.0,14985.0,14720.0,14780.0,nan,14842.92504,108684,8065942325.0,115102,14755.0,6,14750.0,105,14760.0,44,14745.0,262,14765.0,17,14740.0,378,14770.0,123,14735.0,300,14775.0,41,14730.0,205
1597988247604453120,1597988247500000000,2020-08-21 13:37:27.500000,14755.0,14985.0,14720.0,14780.0,nan,14842.92504,108684,8065942325.0,115102,14755.0,7,14750.0,105,14760.0,44,14745.0,262,14765.0,17,14740.0,378,14770.0,123,14735.0,300,14775.0,41,14730.0,205
1597988248623744000,1597988248500000000,2020-08-21 13:37:28.500000,14755.0,14985.0,14720.0,14780.0,nan,14842.92504,108684,8065942325.0,115102,14755.0,9,14750.0,105,14760.0,44,14745.0,262,14765.0,17,14740.0,378,14770.0,123,14735.0,300,14775.0,41,14730.0,205
1597988251605732096,1597988251500000000,2020-08-21 13:37:31.500000,14755.0,14985.0,14720.0,14780.0,nan,14842.924231,108685,8066016100.0,115103,14755.0,8,14750.0,105,14760.0,44,14745.0,262,14765.0,17,14740.0,378,14770.0,123,14735.0,300,14775.0,41,14730.0,205
1597988252606288896,1597988252500000000,2020-08-21 13:37:32.500000,14755.0,14985.0,14720.0,14780.0,nan,14842.923422,108686,8066089875.0,115104,14755.0,7,14750.0,105,14760.0,44,14745.0,262,14765.0,17,14740.0,378,14770.0,123,14735.0,300,14775.0,41,14730.0,205
1597988254117241088,1597988254000000000,2020-08-21 13:37:34.000000,14755.0,14985.0,14720.0,14780.0,nan,14842.923422,108686,8066089875.0,115104,14755.0,27,14750.0,105,14760.0,44,14745.0,262,14765.0,17,14740.0,378,14770.0,123,14735.0,300,14775.0,41,14730.0,205
1597988254614897920,1597988254500000000,2020-08-21 13:37:34.500000,14755.0,14985.0,14720.0,14780.0,nan,14842.923422,108686,8066089875.0,115104,14755.0,32,14750.0,105,14760.0,44,14745.0,262,14765.0,17,14740.0,378,14770.0,123,14735.0,300,14775.0,41,14730.0,205
1597988255105485056,1597988255000000000,2020-08-21 13:37:35.000000,14755.0,14985.0,14720.0,14780.0,nan,14842.923422,108686,8066089875.0,115104,14755.0,33,14750.0,105,14760.0,44,14745.0,262,14765.0,17,14740.0,378,14770.0,123,14735.0,300,14775.0,41,14730.0,205
1597988255610405120,1597988255500000000,2020-08-21 13:37:35.500000,14755.0,14985.0,14720.0,14780.0,nan,14842.923422,108686,8066089875.0,115104,14755.0,34,14750.0,105,14760.0,44,14745.0,262,14765.0,17,14740.0,378,14770.0,123,14735.0,300,14775.0,41,14730.0,205
1597988257609528064,1597988257500000000,2020-08-21 13:37:37.500000,14755.0,14985.0,14720.0,14780.0,nan,14842.923422,108686,8066089875.0,115104,14755.0,34,14750.0,115,14760.0,44,14745.0,262,14765.0,17,14740.0,378,14770.0,123,14735.0,300,14775.0,41,14730.0,205
1597988259132879104,1597988259000000000,2020-08-21 13:37:39.000000,14755.0,14985.0,14720.0,14780.0,nan,14842.923422,108686,8066089875.0,115104,14755.0,35,14750.0,115,14760.0,44,14745.0,262,14765.0,17,14740.0,378,14770.0,123,14735.0,300,14775.0,41,14730.0,205
1597988259612190976,1597988259500000000,2020-08-21 13:37:39.500000,14755.0,14985.0,14720.0,14780.0,nan,14842.923422,108686,8066089875.0,115104,14755.0,37,14750.0,115,14760.0,44,14745.0,262,14765.0,17,14740.0,378,14770.0,123,14735.0,300,14775.0,41,14730.0,205
1597988260114779904,1597988260000000000,2020-08-21 13:37:40.000000,14755.0,14985.0,14720.0,14780.0,nan,14842.922613,108687,8066163650.0,115105,14755.0,41,14750.0,115,14760.0,44,14745.0,262,14765.0,17,14740.0,378,14770.0,123,14735.0,300,14775.0,41,14730.0,205
1597988260617530880,1597988260500000000,2020-08-21 13:37:40.500000,14755.0,14985.0,14720.0,14780.0,nan,14842.922613,108687,8066163650.0,115105,14755.0,44,14750.0,115,14760.0,44,14745.0,262,14765.0,17,14740.0,378,14770.0,123,14735.0,300,14775.0,41,14730.0,205
1597988261143406080,1597988261000000000,2020-08-21 13:37:41.000000,14755.0,14985.0,14720.0,14780.0,nan,14842.887841,108730,8069335975.0,115129,14755.0,1,14750.0,111,14760.0,44,14745.0,262,14765.0,17,14740.0,378,14770.0,123,14735.0,300,14775.0,41,14730.0,205
1597988261599727104,1597988261500000000,2020-08-21 13:37:41.500000,14755.0,14985.0,14720.0,14780.0,nan,14842.884608,108734,8069631075.0,115129,14760.0,44,14755.0,14,14765.0,17,14750.0,111,14770.0,123,14745.0,262,14775.0,41,14740.0,378,14780.0,27,14735.0,300
1597988262116494080,1597988262000000000,2020-08-21 13:37:42.000000,14755.0,14985.0,14720.0,14780.0,nan,14842.882184,108737,8069852400.0,115129,14760.0,44,14755.0,12,14765.0,17,14750.0,112,14770.0,123,14745.0,262,14775.0,41,14740.0,378,14780.0,27,14735.0,300
1597988262617726976,1597988262500000000,2020-08-21 13:37:42.500000,14755.0,14985.0,14720.0,14780.0,nan,14842.878951,108741,8070147500.0,115129,14760.0,44,14755.0,8,14765.0,17,14750.0,112,14770.0,123,14745.0,262,14775.0,41,14740.0,378,14780.0,27,14735.0,300
1597988264601615872,1597988264500000000,2020-08-21 13:37:44.500000,14755.0,14985.0,14720.0,14780.0,nan,14842.872486,108749,8070737700.0,115128,14760.0,44,14750.0,112,14765.0,17,14745.0,262,14770.0,123,14740.0,378,14775.0,41,14735.0,300,14780.0,27,14730.0,205
1597988265608942080,1597988265500000000,2020-08-21 13:37:45.500000,14755.0,14985.0,14720.0,14780.0,nan,14842.872486,108749,8070737700.0,115128,14760.0,44,14750.0,111,14765.0,17,14745.0,262,14770.0,123,14740.0,378,14775.0,41,14735.0,300,14780.0,27,14730.0,205
1597988266602583040,1597988266500000000,2020-08-21 13:37:46.500000,14755.0,14985.0,14720.0,14780.0,nan,14842.872486,108749,8070737700.0,115128,14760.0,49,14750.0,112,14765.0,17,14745.0,262,14770.0,123,14740.0,378,14775.0,41,14735.0,300,14780.0,27,14730.0,205
1597988269618746880,1597988269500000000,2020-08-21 13:37:49.500000,14760.0,14985.0,14720.0,14780.0,nan,14842.871724,108750,8070811500.0,115127,14760.0,48,14750.0,112,14765.0,17,14745.0,262,14770.0,123,14740.0,378,14775.0,41,14735.0,300,14780.0,27,14730.0,205
1597988273600112896,1597988273500000000,2020-08-21 13:37:53.500000,14750.0,14985.0,14720.0,14780.0,nan,14842.776175,108862,8079071500.0,115111,14750.0,400,14745.0,261,14755.0,12,14740.0,378,14760.0,48,14735.0,300,14765.0,17,14730.0,205,14770.0,123,14725.0,244
1597988274109335040,1597988274000000000,2020-08-21 13:37:54.000000,14750.0,14985.0,14720.0,14780.0,nan,14842.767654,108872,8079809000.0,115101,14750.0,399,14745.0,249,14755.0,13,14740.0,378,14760.0,51,14735.0,301,14765.0,17,14730.0,205,14770.0,123,14725.0,244
1597988274613478912,1597988274500000000,2020-08-21 13:37:54.500000,14750.0,14985.0,14720.0,14780.0,nan,14842.765098,108875,8080030250.0,115098,14750.0,395,14745.0,249,14755.0,13,14740.0,376,14760.0,47,14735.0,301,14765.0,17,14730.0,205,14770.0,123,14725.0,244
1597988275110191104,1597988275000000000,2020-08-21 13:37:55.000000,14750.0,14985.0,14720.0,14780.0,nan,14842.765098,108875,8080030250.0,115098,14750.0,395,14745.0,249,14755.0,13,14740.0,376,14760.0,42,14735.0,301,14765.0,17,14730.0,206,14770.0,123,14725.0,244
1597988277607996928,1597988277500000000,2020-08-21 13:37:57.500000,14750.0,14985.0,14720.0,14780.0,nan,14842.765098,108875,8080030250.0,115098,14750.0,395,14745.0,249,14755.0,13,14740.0,377,14760.0,42,14735.0,301,14765.0,17,14730.0,206,14770.0,123,14725.0,244
1597988278115546880,1597988278000000000,2020-08-21 13:37:58.000000,14750.0,14985.0,14720.0,14780.0,nan,14842.765098,108875,8080030250.0,115098,14750.0,20,14745.0,249,14755.0,13,14740.0,376,14760.0,41,14735.0,301,14765.0,17,14730.0,206,14770.0,123,14725.0,244
1597988278617735936,1597988278500000000,2020-08-21 13:37:58.500000,14745.0,14985.0,14720.0,14780.0,nan,14842.482875,109194,8103550375.0,114902,14745.0,99,14740.0,377,14750.0,8,14735.0,301,14755.0,7,14730.0,206,14760.0,34,14725.0,244,14765.0,17,14720.0,165
1597988279146998016,1597988279000000000,2020-08-21 13:37:59.000000,14745.0,14985.0,14720.0,14780.0,nan,14842.445393,109236,8106646825.0,114901,14745.0,69,14740.0,377,14750.0,10,14735.0,300,14755.0,12,14730.0,167,14760.0,35,14725.0,245,14765.0,18,14720.0,165
1597988279620771072,1597988279500000000,2020-08-21 13:37:59.500000,14745.0,14985.0,14720.0,14780.0,nan,14842.420422,109264,8108711125.0,114894,14745.0,44,14740.0,376,14750.0,10,14735.0,300,14755.0,12,14730.0,167,14760.0,65,14725.0,245,14765.0,26,14720.0,165
1597988280124268032,1597988280000000000,2020-08-21 13:38:00.000000,14745.0,14985.0,14720.0,14780.0,nan,14842.415964,109269,8109079750.0,114894,14745.0,39,14740.0,376,14750.0,10,14735.0,300,14755.0,12,14730.0,167,14760.0,65,14725.0,245,14765.0,26,14720.0,165
1597988280603811072,1597988280500000000,2020-08-21 13:38:00.500000,14745.0,14985.0,14720.0,14780.0,nan,14842.415964,109269,8109079750.0,114894,14745.0,42,14740.0,377,14750.0,10,14735.0,300,14755.0,12,14730.0,167,14760.0,65,14725.0,245,14765.0,26,14720.0,165
1597988281108826112,1597988281000000000,2020-08-21 13:38:01.000000,14745.0,14985.0,14720.0,14780.0,nan,14842.415964,109269,8109079750.0,114894,14745.0,45,14740.0,377,14750.0,12,14735.0,300,14755.0,12,14730.0,167,14760.0,65,14725.0,245,14765.0,26,14720.0,165
1597988282144399872,1597988282000000000,2020-08-21 13:38:02.000000,14745.0,14985.0,14720.0,14780.0,nan,14842.415964,109269,8109079750.0,114894,14745.0,45,14740.0,378,14750.0,12,14735.0,300,14755.0,12,14730.0,167,14760.0,65,14725.0,245,14765.0,26,14720.0,165
1597988282621623040,1597988282500000000,2020-08-21 13:38:02.500000,14745.0,14985.0,14720.0,14780.0,nan,14842.404376,109282,8110038175.0,114894,14745.0,32,14740.0,378,14750.0,12,14735.0,300,14755.0,12,14730.0,167,14760.0,66,14725.0,245,14765.0,26,14720.0,165
1597988283118932992,1597988283000000000,2020-08-21 13:38:03.000000,14745.0,14985.0,14720.0,14780.0,nan,14842.404376,109282,8110038175.0,114894,14745.0,33,14740.0,378,14750.0,12,14735.0,300,14755.0,12,14730.0,167,14760.0,66,14725.0,245,14765.0,26,14720.0,165
1597988283616375040,1597988283500000000,2020-08-21 13:38:03.500000,14745.0,14985.0,14720.0,14780.0,nan,14842.404376,109282,8110038175.0,114894,14745.0,34,14740.0,378,14750.0,12,14735.0,300,14755.0,12,14730.0,167,14760.0,66,14725.0,245,14765.0,26,14720.0,165
1597988284127343104,1597988284000000000,2020-08-21 13:38:04.000000,14745.0,14985.0,14720.0,14780.0,nan,14842.404376,109282,8110038175.0,114894,14745.0,34,14740.0,378,14750.0,12,14735.0,301,14755.0,12,14730.0,167,14760.0,66,14725.0,245,14765.0,26,14720.0,165
1597988284600668928,1597988284500000000,2020-08-21 13:38:04.500000,14745.0,14985.0,14720.0,14780.0,nan,14842.404376,109282,8110038175.0,114894,14745.0,34,14740.0,378,14750.0,12,14735.0,301,14755.0,12,14730.0,167,14760.0,36,14725.0,245,14765.0,26,14720.0,165
1597988285120439040,1597988285000000000,2020-08-21 13:38:05.000000,14745.0,14985.0,14720.0,14780.0,nan,14842.374081,109316,8112544825.0,114916,14750.0,12,14745.0,16,14755.0,12,14740.0,378,14760.0,51,14735.0,301,14765.0,26,14730.0,167,14770.0,162,14725.0,245
1597988285621038080,1597988285500000000,2020-08-21 13:38:05.500000,14745.0,14985.0,14720.0,14780.0,nan,14842.374081,109316,8112544825.0,114916,14750.0,45,14745.0,25,14755.0,13,14740.0,377,14760.0,36,14735.0,301,14765.0,26,14730.0,167,14770.0,162,14725.0,245
1597988286142185984,1597988286000000000,2020-08-21 13:38:06.000000,14745.0,14985.0,14720.0,14780.0,nan,14842.346475,109347,8114830300.0,114909,14750.0,47,14740.0,377,14755.0,13,14735.0,301,14760.0,36,14730.0,167,14765.0,26,14725.0,245,14770.0,162,14720.0,165
1597988286615034112,1597988286500000000,2020-08-21 13:38:06.500000,14745.0,14985.0,14720.0,14780.0,nan,14842.346475,109347,8114830300.0,114909,14750.0,47,14740.0,376,14755.0,13,14735.0,301,14760.0,36,14730.0,167,14765.0,26,14725.0,245,14770.0,162,14720.0,165
1597988288144890112,1597988288000000000,2020-08-21 13:38:08.000000,14745.0,14985.0,14720.0,14780.0,nan,14842.346475,109347,8114830300.0,114909,14750.0,48,14740.0,376,14755.0,13,14735.0,301,14760.0,36,14730.0,167,14765.0,26,14725.0,245,14770.0,162,14720.0,165
1597988288602650112,1597988288500000000,2020-08-21 13:38:08.500000,14745.0,14985.0,14720.0,14780.0,nan,14842.346475,109347,8114830300.0,114909,14745.0,6,14740.0,376,14750.0,52,14735.0,301,14755.0,13,14730.0,167,14760.0,36,14725.0,245,14765.0,26,14720.0,165
1597988289126193920,1597988289000000000,2020-08-21 13:38:09.000000,14745.0,14985.0,14720.0,14780.0,nan,14842.344695,109349,8114977750.0,114911,14745.0,5,14740.0,376,14750.0,52,14735.0,301,14755.0,13,14730.0,167,14760.0,36,14725.0,245,14765.0,26,14720.0,165
1597988289618370048,1597988289500000000,2020-08-21 13:38:09.500000,14745.0,14985.0,14720.0,14780.0,nan,14842.344695,109349,8114977750.0,114911,14745.0,5,14740.0,376,14750.0,52,14735.0,301,14755.0,14,14730.0,167,14760.0,36,14725.0,245,14765.0,26,14720.0,165
1597988290113097984,1597988290000000000,2020-08-21 13:38:10.000000,14745.0,14985.0,14720.0,14780.0,nan,14842.344695,109349,8114977750.0,114911,14745.0,5,14740.0,375,14750.0,52,14735.0,301,14755.0,14,14730.0,167,14760.0,36,14725.0,245,14765.0,26,14720.0,165
1597988291619064064,1597988291500000000,2020-08-21 13:38:11.500000,14745.0,14985.0,14720.0,14780.0,nan,14842.343804,109350,8115051475.0,114912,14745.0,4,14740.0,375,14750.0,52,14735.0,301,14755.0,14,14730.0,167,14760.0,36,14725.0,245,14765.0,26,14720.0,165
1597988295149697024,1597988295000000000,2020-08-21 13:38:15.000000,14745.0,14985.0,14720.0,14780.0,nan,14842.335793,109359,8115715000.0,114921,14750.0,52,14745.0,91,14755.0,14,14740.0,375,14760.0,36,14735.0,301,14765.0,26,14730.0,167,14770.0,162,14725.0,245
1597988295614819072,1597988295500000000,2020-08-21 13:38:15.500000,14745.0,14985.0,14720.0,14780.0,nan,14842.335793,109359,8115715000.0,114921,14750.0,59,14745.0,93,14755.0,14,14740.0,376,14760.0,36,14735.0,301,14765.0,26,14730.0,167,14770.0,162,14725.0,245
1597988296615904000,1597988296500000000,2020-08-21 13:38:16.500000,14745.0,14985.0,14720.0,14780.0,nan,14842.335793,109359,8115715000.0,114921,14750.0,59,14745.0,93,14755.0,13,14740.0,376,14760.0,36,14735.0,301,14765.0,26,14730.0,167,14770.0,162,14725.0,245
1597988297149569024,1597988297000000000,2020-08-21 13:38:17.000000,14750.0,14985.0,14720.0,14780.0,nan,14842.334949,109360,8115788750.0,114922,14750.0,58,14745.0,93,14755.0,14,14740.0,376,14760.0,36,14735.0,301,14765.0,26,14730.0,167,14770.0,162,14725.0,245
1597988299620421120,1597988299500000000,2020-08-21 13:38:19.500000,14750.0,14985.0,14720.0,14780.0,nan,14842.334949,109360,8115788750.0,114922,14750.0,58,14745.0,94,14755.0,14,14740.0,376,14760.0,36,14735.0,301,14765.0,26,14730.0,167,14770.0,162,14725.0,245
1597988300145908992,1597988300000000000,2020-08-21 13:38:20.000000,14750.0,14985.0,14720.0,14780.0,nan,14842.334949,109360,8115788750.0,114922,14750.0,57,14745.0,94,14755.0,14,14740.0,376,14760.0,36,14735.0,301,14765.0,26,14730.0,167,14770.0,162,14725.0,245
1597988301826337024,1597988301500000000,2020-08-21 13:38:21.500000,14750.0,14985.0,14720.0,14780.0,nan,14842.334949,109360,8115788750.0,114922,14750.0,57,14745.0,94,14755.0,13,14740.0,376,14760.0,36,14735.0,301,14765.0,26,14730.0,167,14770.0,162,14725.0,245
1597988302136643072,1597988302000000000,2020-08-21 13:38:22.000000,14750.0,14985.0,14720.0,14780.0,nan,14842.334949,109360,8115788750.0,114922,14750.0,58,14745.0,94,14755.0,13,14740.0,376,14760.0,36,14735.0,301,14765.0,26,14730.0,167,14770.0,162,14725.0,245
1597988302621038080,1597988302500000000,2020-08-21 13:38:22.500000,14750.0,14985.0,14720.0,14780.0,nan,14842.334949,109360,8115788750.0,114922,14750.0,59,14745.0,94,14755.0,13,14740.0,376,14760.0,36,14735.0,301,14765.0,26,14730.0,167,14770.0,162,14725.0,245
1597988303602432000,1597988303500000000,2020-08-21 13:38:23.500000,14750.0,14985.0,14720.0,14780.0,nan,14842.334949,109360,8115788750.0,114922,14750.0,59,14745.0,94,14755.0,13,14740.0,376,14760.0,36,14735.0,298,14765.0,26,14730.0,167,14770.0,162,14725.0,245
1597988307607336960,1597988307500000000,2020-08-21 13:38:27.500000,14750.0,14985.0,14720.0,14780.0,nan,14842.334949,109360,8115788750.0,114922,14750.0,60,14745.0,94,14755.0,13,14740.0,376,14760.0,36,14735.0,298,14765.0,26,14730.0,167,14770.0,162,14725.0,245
1597988308118881024,1597988308000000000,2020-08-21 13:38:28.000000,14750.0,14985.0,14720.0,14780.0,nan,14842.334104,109361,8115862500.0,114923,14750.0,59,14745.0,94,14755.0,13,14740.0,376,14760.0,36,14735.0,298,14765.0,26,14730.0,167,14770.0,162,14725.0,245
1597988309689099008,1597988309500000000,2020-08-21 13:38:29.500000,14750.0,14985.0,14720.0,14780.0,nan,14842.33326,109362,8115936250.0,114924,14750.0,58,14745.0,94,14755.0,13,14740.0,376,14760.0,36,14735.0,298,14765.0,26,14730.0,167,14770.0,162,14725.0,245
1597988312618992128,1597988312500000000,2020-08-21 13:38:32.500000,14750.0,14985.0,14720.0,14780.0,nan,14842.33326,109362,8115936250.0,114924,14750.0,61,14745.0,94,14755.0,13,14740.0,376,14760.0,36,14735.0,298,14765.0,26,14730.0,167,14770.0,162,14725.0,245
1597988313117726976,1597988313000000000,2020-08-21 13:38:33.000000,14750.0,14985.0,14720.0,14780.0,nan,14842.33326,109362,8115936250.0,114924,14750.0,62,14745.0,94,14755.0,14,14740.0,376,14760.0,36,14735.0,298,14765.0,26,14730.0,167,14770.0,162,14725.0,245
1597988313606208000,1597988313500000000,2020-08-21 13:38:33.500000,14750.0,14985.0,14720.0,14780.0,nan,14842.33326,109362,8115936250.0,114924,14750.0,62,14745.0,94,14755.0,13,14740.0,376,14760.0,36,14735.0,298,14765.0,26,14730.0,167,14770.0,162,14725.0,245
1597988314604188928,1597988314500000000,2020-08-21 13:38:34.500000,14750.0,14985.0,14720.0,14780.0,nan,14842.324818,109372,8116673750.0,114920,14750.0,52,14745.0,101,14755.0,13,14740.0,376,14760.0,36,14735.0,298,14765.0,26,14730.0,175,14770.0,162,14725.0,245
1597988315122499072,1597988315000000000,2020-08-21 13:38:35.000000,14750.0,14985.0,14720.0,14780.0,nan,14842.282631,109422,8120361250.0,114941,14755.0,13,14750.0,13,14760.0,36,14745.0,104,14765.0,26,14740.0,376,14770.0,162,14735.0,298,14775.0,32,14730.0,175
1597988315688538880,1597988315500000000,2020-08-21 13:38:35.500000,14750.0,14985.0,14720.0,14780.0,nan,14842.269982,109437,8121467500.0,114942,14755.0,50,14750.0,3,14760.0,35,14745.0,104,14765.0,26,14740.0,376,14770.0,162,14735.0,299,14775.0,32,14730.0,175
1597988316114981888,1597988316000000000,2020-08-21 13:38:36.000000,14750.0,14985.0,14720.0,14780.0,nan,14842.266609,109441,8121762500.0,114938,14750.0,6,14745.0,104,14755.0,51,14740.0,376,14760.0,35,14735.0,299,14765.0,18,14730.0,175,14770.0,171,14725.0,244
1597988316600440064,1597988316500000000,2020-08-21 13:38:36.500000,14750.0,14985.0,14720.0,14780.0,nan,14842.262394,109446,8122131250.0,114942,14755.0,51,14745.0,104,14760.0,35,14740.0,376,14765.0,18,14735.0,299,14770.0,171,14730.0,175,14775.0,32,14725.0,244
1597988319619229952,1597988319500000000,2020-08-21 13:38:39.500000,14750.0,14985.0,14720.0,14780.0,nan,14842.262394,109446,8122131250.0,114942,14755.0,54,14745.0,104,14760.0,35,14740.0,376,14765.0,18,14735.0,299,14770.0,171,14730.0,175,14775.0,32,14725.0,244
1597988324600695040,1597988324500000000,2020-08-21 13:38:44.500000,14750.0,14985.0,14720.0,14780.0,nan,14842.262394,109446,8122131250.0,114942,14755.0,54,14745.0,116,14760.0,35,14740.0,376,14765.0,18,14735.0,299,14770.0,171,14730.0,175,14775.0,32,14725.0,244
1597988325133772032,1597988325000000000,2020-08-21 13:38:45.000000,14750.0,14985.0,14720.0,14780.0,nan,14842.262394,109446,8122131250.0,114942,14755.0,54,14750.0,1,14760.0,35,14745.0,116,14765.0,18,14740.0,376,14770.0,171,14735.0,299,14775.0,32,14730.0,175
1597988325619452928,1597988325500000000,2020-08-21 13:38:45.500000,14750.0,14985.0,14720.0,14780.0,nan,14842.260708,109448,8122278750.0,114940,14755.0,54,14745.0,116,14760.0,35,14740.0,376,14765.0,18,14735.0,299,14770.0,171,14730.0,175,14775.0,32,14725.0,244
1597988327611952896,1597988327500000000,2020-08-21 13:38:47.500000,14750.0,14985.0,14720.0,14780.0,nan,14842.260708,109448,8122278750.0,114940,14755.0,54,14745.0,117,14760.0,35,14740.0,376,14765.0,18,14735.0,299,14770.0,171,14730.0,175,14775.0,32,14725.0,244
1597988328178106112,1597988328000000000,2020-08-21 13:38:48.000000,14755.0,14985.0,14720.0,14780.0,nan,14842.259911,109449,8122352525.0,114941,14755.0,53,14745.0,117,14760.0,35,14740.0,376,14765.0,18,14735.0,299,14770.0,171,14730.0,175,14775.0,32,14725.0,244
1597988330129274880,1597988330000000000,2020-08-21 13:38:50.000000,14755.0,14985.0,14720.0,14780.0,nan,14842.259911,109449,8122352525.0,114941,14755.0,54,14745.0,117,14760.0,35,14740.0,376,14765.0,18,14735.0,299,14770.0,171,14730.0,175,14775.0,32,14725.0,244
1597988330621489920,1597988330500000000,2020-08-21 13:38:50.500000,14755.0,14985.0,14720.0,14780.0,nan,14842.259911,109449,8122352525.0,114941,14755.0,56,14745.0,117,14760.0,35,14740.0,376,14765.0,18,14735.0,299,14770.0,171,14730.0,175,14775.0,32,14725.0,244
1597988332673078016,1597988332500000000,2020-08-21 13:38:52.500000,14755.0,14985.0,14720.0,14780.0,nan,14842.258317,109451,8122500075.0,114943,14755.0,54,14745.0,117,14760.0,35,14740.0,376,14765.0,18,14735.0,299,14770.0,171,14730.0,175,14775.0,32,14725.0,244
1597988333118368000,1597988333000000000,2020-08-21 13:38:53.000000,14755.0,14985.0,14720.0,14780.0,nan,14842.258317,109451,8122500075.0,114943,14750.0,2,14745.0,117,14755.0,54,14740.0,376,14760.0,35,14735.0,299,14765.0,18,14730.0,175,14770.0,171,14725.0,244
1597988333624118016,1597988333500000000,2020-08-21 13:38:53.500000,14755.0,14985.0,14720.0,14780.0,nan,14842.258317,109451,8122500075.0,114943,14750.0,3,14745.0,117,14755.0,54,14740.0,376,14760.0,35,14735.0,299,14765.0,18,14730.0,175,14770.0,171,14725.0,244
1597988336113640960,1597988336000000000,2020-08-21 13:38:56.000000,14755.0,14985.0,14720.0,14780.0,nan,14842.258317,109451,8122500075.0,114943,14750.0,15,14745.0,117,14755.0,54,14740.0,376,14760.0,35,14735.0,299,14765.0,18,14730.0,175,14770.0,171,14725.0,244
1597988336610560000,1597988336500000000,2020-08-21 13:38:56.500000,14755.0,14985.0,14720.0,14780.0,nan,14842.258317,109451,8122500075.0,114943,14750.0,16,14745.0,117,14755.0,54,14740.0,376,14760.0,35,14735.0,299,14765.0,18,14730.0,175,14770.0,171,14725.0,244
1597988337135512064,1597988337000000000,2020-08-21 13:38:57.000000,14750.0,14985.0,14720.0,14780.0,nan,14842.254945,109455,8122795075.0,114946,14750.0,12,14745.0,117,14755.0,54,14740.0,376,14760.0,35,14735.0,299,14765.0,18,14730.0,175,14770.0,171,14725.0,244
1597988337635954944,1597988337500000000,2020-08-21 13:38:57.500000,14750.0,14985.0,14720.0,14780.0,nan,14842.254945,109455,8122795075.0,114946,14750.0,14,14745.0,117,14755.0,54,14740.0,376,14760.0,35,14735.0,299,14765.0,18,14730.0,175,14770.0,171,14725.0,244
1597988338615739904,1597988338500000000,2020-08-21 13:38:58.500000,14750.0,14985.0,14720.0,14780.0,nan,14842.254102,109456,8122868825.0,114946,14750.0,13,14745.0,117,14755.0,54,14740.0,376,14760.0,35,14735.0,299,14765.0,18,14730.0,175,14770.0,171,14725.0,244
1597988341117745920,1597988341000000000,2020-08-21 13:39:01.000000,14750.0,14985.0,14720.0,14780.0,nan,14842.254102,109456,8122868825.0,114946,14750.0,14,14745.0,117,14755.0,53,14740.0,376,14760.0,35,14735.0,299,14765.0,18,14730.0,175,14770.0,171,14725.0,244
1597988341637721088,1597988341500000000,2020-08-21 13:39:01.500000,14750.0,14985.0,14720.0,14780.0,nan,14842.254102,109456,8122868825.0,114946,14750.0,18,14745.0,117,14755.0,51,14740.0,376,14760.0,35,14735.0,299,14765.0,18,14730.0,175,14770.0,171,14725.0,244
1597988342152056064,1597988342000000000,2020-08-21 13:39:02.000000,14750.0,14985.0,14720.0,14780.0,nan,14842.253259,109457,8122942575.0,114946,14750.0,17,14745.0,117,14755.0,51,14740.0,376,14760.0,35,14735.0,299,14765.0,18,14730.0,175,14770.0,171,14725.0,244
1597988342644912896,1597988342500000000,2020-08-21 13:39:02.500000,14750.0,14985.0,14720.0,14780.0,nan,14842.253259,109457,8122942575.0,114946,14750.0,8,14745.0,117,14755.0,51,14740.0,376,14760.0,35,14735.0,299,14765.0,18,14730.0,175,14770.0,171,14725.0,244
1597988343147940096,1597988343000000000,2020-08-21 13:39:03.000000,14750.0,14985.0,14720.0,14780.0,nan,14842.253259,109457,8122942575.0,114946,14750.0,14,14745.0,117,14755.0,51,14740.0,376,14760.0,35,14735.0,299,14765.0,18,14730.0,175,14770.0,171,14725.0,244
1597988343621323008,1597988343500000000,2020-08-21 13:39:03.500000,14750.0,14985.0,14720.0,14780.0,nan,14842.253259,109457,8122942575.0,114946,14750.0,15,14745.0,117,14755.0,51,14740.0,376,14760.0,35,14735.0,299,14765.0,18,14730.0,175,14770.0,171,14725.0,244
1597988344612549120,1597988344500000000,2020-08-21 13:39:04.500000,14750.0,14985.0,14720.0,14780.0,nan,14842.253259,109457,8122942575.0,114946,14750.0,15,14745.0,117,14755.0,48,14740.0,376,14760.0,35,14735.0,299,14765.0,18,14730.0,175,14770.0,171,14725.0,244
1597988345164965888,1597988345000000000,2020-08-21 13:39:05.000000,14750.0,14985.0,14720.0,14780.0,nan,14842.253259,109457,8122942575.0,114946,14750.0,16,14745.0,117,14755.0,48,14740.0,376,14760.0,35,14735.0,299,14765.0,18,14730.0,175,14770.0,171,14725.0,244
1597988345625862912,1597988345500000000,2020-08-21 13:39:05.500000,14750.0,14985.0,14720.0,14780.0,nan,14842.253259,109457,8122942575.0,114946,14750.0,20,14745.0,117,14755.0,48,14740.0,376,14760.0,35,14735.0,299,14765.0,18,14730.0,175,14770.0,171,14725.0,244
1597988346144648960,1597988346000000000,2020-08-21 13:39:06.000000,14750.0,14985.0,14720.0,14780.0,nan,14842.253259,109457,8122942575.0,114946,14750.0,23,14745.0,117,14755.0,46,14740.0,376,14760.0,35,14735.0,299,14765.0,18,14730.0,175,14770.0,171,14725.0,244
1597988347173404928,1597988347000000000,2020-08-21 13:39:07.000000,14750.0,14985.0,14720.0,14780.0,nan,14842.253259,109457,8122942575.0,114946,14750.0,35,14745.0,117,14755.0,46,14740.0,376,14760.0,35,14735.0,299,14765.0,18,14730.0,175,14770.0,171,14725.0,244
1597988347623672064,1597988347500000000,2020-08-21 13:39:07.500000,14750.0,14985.0,14720.0,14780.0,nan,14842.253259,109457,8122942575.0,114946,14750.0,37,14745.0,117,14755.0,46,14740.0,376,14760.0,35,14735.0,299,14765.0,18,14730.0,175,14770.0,171,14725.0,244
1597988348152605952,1597988348000000000,2020-08-21 13:39:08.000000,14750.0,14985.0,14720.0,14780.0,nan,14842.253259,109457,8122942575.0,114946,14750.0,38,14745.0,117,14755.0,46,14740.0,376,14760.0,35,14735.0,299,14765.0,18,14730.0,175,14770.0,171,14725.0,244
1597988350626359040,1597988350500000000,2020-08-21 13:39:10.500000,14750.0,14985.0,14720.0,14780.0,nan,14842.253259,109457,8122942575.0,114946,14750.0,38,14745.0,117,14755.0,46,14740.0,376,14760.0,36,14735.0,299,14765.0,18,14730.0,175,14770.0,171,14725.0,244
1597988351123681024,1597988351000000000,2020-08-21 13:39:11.000000,14750.0,14985.0,14720.0,14780.0,nan,14842.253259,109457,8122942575.0,114946,14750.0,39,14745.0,117,14755.0,46,14740.0,376,14760.0,36,14735.0,299,14765.0,18,14730.0,175,14770.0,171,14725.0,244
1597988351671770112,1597988351500000000,2020-08-21 13:39:11.500000,14750.0,14985.0,14720.0,14780.0,nan,14842.253259,109457,8122942575.0,114946,14750.0,40,14745.0,117,14755.0,46,14740.0,376,14760.0,36,14735.0,299,14765.0,18,14730.0,175,14770.0,171,14725.0,244
1597988356120812032,1597988356000000000,2020-08-21 13:39:16.000000,14750.0,14985.0,14720.0,14780.0,nan,14842.253259,109457,8122942575.0,114946,14750.0,40,14745.0,118,14755.0,46,14740.0,376,14760.0,36,14735.0,299,14765.0,18,14730.0,175,14770.0,171,14725.0,244
1597988361124113920,1597988361000000000,2020-08-21 13:39:21.000000,14750.0,14985.0,14720.0,14780.0,nan,14842.252416,109458,8123016325.0,114947,14750.0,39,14745.0,118,14755.0,46,14740.0,371,14760.0,36,14735.0,299,14765.0,18,14730.0,175,14770.0,171,14725.0,244
1597988361611532032,1597988361500000000,2020-08-21 13:39:21.500000,14750.0,14985.0,14720.0,14780.0,nan,14842.252416,109458,8123016325.0,114947,14750.0,39,14745.0,125,14755.0,46,14740.0,366,14760.0,36,14735.0,299,14765.0,18,14730.0,175,14770.0,171,14725.0,244
1597988363622103040,1597988363500000000,2020-08-21 13:39:23.500000,14750.0,14985.0,14720.0,14780.0,nan,14842.252416,109458,8123016325.0,114947,14750.0,39,14745.0,125,14755.0,45,14740.0,366,14760.0,36,14735.0,299,14765.0,18,14730.0,175,14770.0,171,14725.0,244
1597988367130840064,1597988367000000000,2020-08-21 13:39:27.000000,14750.0,14985.0,14720.0,14780.0,nan,14842.252416,109458,8123016325.0,114947,14750.0,40,14745.0,125,14755.0,45,14740.0,364,14760.0,36,14735.0,299,14765.0,18,14730.0,175,14770.0,171,14725.0,244
1597988367607555072,1597988367500000000,2020-08-21 13:39:27.500000,14750.0,14985.0,14720.0,14780.0,nan,14842.252416,109458,8123016325.0,114947,14750.0,44,14745.0,125,14755.0,45,14740.0,364,14760.0,36,14735.0,299,14765.0,18,14730.0,175,14770.0,171,14725.0,244
1597988368605336064,1597988368500000000,2020-08-21 13:39:28.500000,14750.0,14985.0,14720.0,14780.0,nan,14842.252416,109458,8123016325.0,114947,14750.0,44,14745.0,124,14755.0,45,14740.0,364,14760.0,36,14735.0,299,14765.0,18,14730.0,175,14770.0,171,14725.0,244
1597988369134304000,1597988369000000000,2020-08-21 13:39:29.000000,14750.0,14985.0,14720.0,14780.0,nan,14842.252416,109458,8123016325.0,114947,14750.0,44,14745.0,124,14755.0,45,14740.0,364,14760.0,36,14735.0,299,14765.0,18,14730.0,176,14770.0,171,14725.0,244
1597988374107578880,1597988374000000000,2020-08-21 13:39:34.000000,14745.0,14985.0,14720.0,14780.0,nan,14842.251528,109459,8123090050.0,114947,14750.0,43,14745.0,123,14755.0,45,14740.0,364,14760.0,36,14735.0,299,14765.0,18,14730.0,176,14770.0,171,14725.0,244
1597988374649470976,1597988374500000000,2020-08-21 13:39:34.500000,14745.0,14985.0,14720.0,14780.0,nan,14842.249751,109461,8123237500.0,114947,14750.0,41,14745.0,121,14755.0,45,14740.0,364,14760.0,36,14735.0,299,14765.0,18,14730.0,176,14770.0,171,14725.0,244
1597988375616675072,1597988375500000000,2020-08-21 13:39:35.500000,14745.0,14985.0,14720.0,14780.0,nan,14842.247974,109463,8123384950.0,114947,14750.0,41,14745.0,119,14755.0,45,14740.0,364,14760.0,36,14735.0,299,14765.0,18,14730.0,176,14770.0,171,14725.0,244
1597988384135857920,1597988384000000000,2020-08-21 13:39:44.000000,14745.0,14985.0,14720.0,14780.0,nan,14842.247974,109463,8123384950.0,114947,14750.0,41,14745.0,123,14755.0,45,14740.0,364,14760.0,36,14735.0,299,14765.0,18,14730.0,176,14770.0,171,14725.0,244
1597988384610328064,1597988384500000000,2020-08-21 13:39:44.500000,14745.0,14985.0,14720.0,14780.0,nan,14842.247974,109463,8123384950.0,114947,14750.0,42,14745.0,123,14755.0,45,14740.0,364,14760.0,36,14735.0,299,14765.0,18,14730.0,176,14770.0,171,14725.0,244
1597988385132911104,1597988385000000000,2020-08-21 13:39:45.000000,14745.0,14985.0,14720.0,14780.0,nan,14842.247974,109463,8123384950.0,114947,14750.0,42,14745.0,123,14755.0,38,14740.0,364,14760.0,35,14735.0,299,14765.0,18,14730.0,176,14770.0,171,14725.0,244
1597988385607002880,1597988385500000000,2020-08-21 13:39:45.500000,14745.0,14985.0,14720.0,14780.0,nan,14842.247974,109463,8123384950.0,114947,14750.0,51,14745.0,123,14755.0,38,14740.0,364,14760.0,35,14735.0,299,14765.0,18,14730.0,176,14770.0,171,14725.0,244
1597988386121752064,1597988386000000000,2020-08-21 13:39:46.000000,14745.0,14985.0,14720.0,14780.0,nan,14842.247974,109463,8123384950.0,114947,14750.0,51,14745.0,123,14755.0,37,14740.0,364,14760.0,35,14735.0,299,14765.0,18,14730.0,176,14770.0,171,14725.0,244
1597988386608027904,1597988386500000000,2020-08-21 13:39:46.500000,14745.0,14985.0,14720.0,14780.0,nan,14842.247974,109463,8123384950.0,114947,14750.0,52,14745.0,123,14755.0,35,14740.0,364,14760.0,35,14735.0,299,14765.0,18,14730.0,176,14770.0,171,14725.0,244
1597988387146202112,1597988387000000000,2020-08-21 13:39:47.000000,14745.0,14985.0,14720.0,14780.0,nan,14842.247974,109463,8123384950.0,114947,14750.0,54,14745.0,123,14755.0,35,14740.0,364,14760.0,35,14735.0,299,14765.0,18,14730.0,176,14770.0,171,14725.0,244
1597988389114259968,1597988389000000000,2020-08-21 13:39:49.000000,14745.0,14985.0,14720.0,14780.0,nan,14842.246197,109465,8123532400.0,114947,14750.0,52,14745.0,121,14755.0,35,14740.0,364,14760.0,35,14735.0,299,14765.0,18,14730.0,176,14770.0,171,14725.0,244
1597988389609145088,1597988389500000000,2020-08-21 13:39:49.500000,14745.0,14985.0,14720.0,14780.0,nan,14842.245309,109466,8123606125.0,114947,14750.0,49,14745.0,120,14755.0,32,14740.0,364,14760.0,35,14735.0,299,14765.0,18,14730.0,176,14770.0,171,14725.0,244
1597988390164033024,1597988390000000000,2020-08-21 13:39:50.000000,14745.0,14985.0,14720.0,14780.0,nan,14842.243532,109468,8123753575.0,114947,14750.0,52,14745.0,118,14755.0,32,14740.0,364,14760.0,35,14735.0,299,14765.0,18,14730.0,176,14770.0,171,14725.0,244
1597988394108398080,1597988394000000000,2020-08-21 13:39:54.000000,14745.0,14985.0,14720.0,14780.0,nan,14842.243532,109468,8123753575.0,114947,14750.0,52,14745.0,118,14755.0,32,14740.0,359,14760.0,35,14735.0,299,14765.0,18,14730.0,176,14770.0,171,14725.0,244
1597988394615000064,1597988394500000000,2020-08-21 13:39:54.500000,14745.0,14985.0,14720.0,14780.0,nan,14842.243532,109468,8123753575.0,114947,14750.0,52,14745.0,118,14755.0,32,14740.0,354,14760.0,35,14735.0,299,14765.0,18,14730.0,176,14770.0,171,14725.0,244
1597988396150213120,1597988396000000000,2020-08-21 13:39:56.000000,14745.0,14985.0,14720.0,14780.0,nan,14842.243532,109468,8123753575.0,114947,14750.0,53,14745.0,118,14755.0,32,14740.0,354,14760.0,35,14735.0,299,14765.0,18,14730.0,176,14770.0,171,14725.0,244
1597988401601857024,1597988401500000000,2020-08-21 13:40:01.500000,14750.0,14985.0,14720.0,14780.0,nan,14842.198893,109521,8127662325.0,114961,14755.0,32,14745.0,118,14760.0,35,14740.0,354,14765.0,18,14735.0,299,14770.0,171,14730.0,176,14775.0,32,14725.0,244
1597988402151788032,1597988402000000000,2020-08-21 13:40:02.000000,14750.0,14985.0,14720.0,14780.0,nan,14842.198893,109521,8127662325.0,114961,14750.0,14,14745.0,120,14755.0,34,14740.0,354,14760.0,35,14735.0,299,14765.0,18,14730.0,176,14770.0,171,14725.0,245
1597988402597349120,1597988402500000000,2020-08-21 13:40:02.500000,14750.0,14985.0,14720.0,14780.0,nan,14842.198893,109521,8127662325.0,114961,14750.0,15,14745.0,121,14755.0,34,14740.0,354,14760.0,35,14735.0,299,14765.0,18,14730.0,176,14770.0,171,14725.0,245
1597988404134842880,1597988404000000000,2020-08-21 13:40:04.000000,14750.0,14985.0,14720.0,14780.0,nan,14842.198893,109521,8127662325.0,114961,14750.0,15,14745.0,121,14755.0,41,14740.0,354,14760.0,35,14735.0,299,14765.0,18,14730.0,176,14770.0,171,14725.0,245
1597988405149521920,1597988405000000000,2020-08-21 13:40:05.000000,14745.0,14985.0,14720.0,14780.0,nan,14842.198006,109522,8127736050.0,114962,14750.0,15,14745.0,120,14755.0,41,14740.0,354,14760.0,35,14735.0,299,14765.0,18,14730.0,176,14770.0,171,14725.0,245
1597988406148316928,1597988406000000000,2020-08-21 13:40:06.000000,14745.0,14985.0,14720.0,14780.0,nan,14842.198006,109522,8127736050.0,114962,14750.0,30,14745.0,120,14755.0,34,14740.0,354,14760.0,35,14735.0,299,14765.0,18,14730.0,176,14770.0,171,14725.0,245
1597988406618994944,1597988406500000000,2020-08-21 13:40:06.500000,14745.0,14985.0,14720.0,14780.0,nan,14842.198006,109522,8127736050.0,114962,14750.0,34,14745.0,120,14755.0,34,14740.0,354,14760.0,35,14735.0,299,14765.0,18,14730.0,176,14770.0,171,14725.0,245
1597988413642945024,1597988413500000000,2020-08-21 13:40:13.500000,14750.0,14985.0,14720.0,14780.0,nan,14842.193797,109527,8128104800.0,114967,14750.0,29,14745.0,120,14755.0,34,14740.0,354,14760.0,35,14735.0,299,14765.0,18,14730.0,176,14770.0,171,14725.0,245
1597988414146275072,1597988414000000000,2020-08-21 13:40:14.000000,14750.0,14985.0,14720.0,14780.0,nan,14842.192955,109528,8128178550.0,114967,14750.0,31,14745.0,120,14755.0,34,14740.0,354,14760.0,35,14735.0,299,14765.0,18,14730.0,176,14770.0,171,14725.0,245
1597988415135148032,1597988415000000000,2020-08-21 13:40:15.000000,14750.0,14985.0,14720.0,14780.0,nan,14842.192955,109528,8128178550.0,114967,14750.0,31,14745.0,121,14755.0,34,14740.0,354,14760.0,35,14735.0,299,14765.0,18,14730.0,176,14770.0,171,14725.0,245
1597988416605042944,1597988416500000000,2020-08-21 13:40:16.500000,14750.0,14985.0,14720.0,14780.0,nan,14842.192955,109528,8128178550.0,114967,14750.0,35,14745.0,121,14755.0,34,14740.0,354,14760.0,35,14735.0,299,14765.0,18,14730.0,176,14770.0,171,14725.0,245
1597988417130597888,1597988417000000000,2020-08-21 13:40:17.000000,14750.0,14985.0,14720.0,14780.0,nan,14842.192955,109528,8128178550.0,114967,14750.0,38,14745.0,121,14755.0,34,14740.0,354,14760.0,35,14735.0,299,14765.0,18,14730.0,176,14770.0,171,14725.0,245
1597988417616749056,1597988417500000000,2020-08-21 13:40:17.500000,14750.0,14985.0,14720.0,14780.0,nan,14842.158457,109569,8131202300.0,114956,14755.0,34,14750.0,59,14760.0,35,14745.0,121,14765.0,18,14740.0,354,14770.0,171,14735.0,299,14775.0,33,14730.0,176
1597988418110676992,1597988418000000000,2020-08-21 13:40:18.000000,14745.0,14985.0,14720.0,14780.0,nan,14842.107133,109630,8135701025.0,114897,14750.0,7,14745.0,119,14755.0,43,14740.0,354,14760.0,35,14735.0,299,14765.0,18,14730.0,176,14770.0,171,14725.0,245
1597988418606309120,1597988418500000000,2020-08-21 13:40:18.500000,14750.0,14985.0,14720.0,14780.0,nan,14842.106293,109631,8135774775.0,114896,14750.0,17,14745.0,119,14755.0,43,14740.0,354,14760.0,35,14735.0,299,14765.0,18,14730.0,176,14770.0,171,14725.0,245
1597988419115412992,1597988419000000000,2020-08-21 13:40:19.000000,14750.0,14985.0,14720.0,14780.0,nan,14842.106293,109631,8135774775.0,114896,14750.0,20,14745.0,120,14755.0,43,14740.0,354,14760.0,35,14735.0,299,14765.0,18,14730.0,176,14770.0,171,14725.0,245
1597988419614789120,1597988419500000000,2020-08-21 13:40:19.500000,14750.0,14985.0,14720.0,14780.0,nan,14842.106293,109631,8135774775.0,114896,14750.0,20,14745.0,120,14755.0,43,14740.0,354,14760.0,35,14735.0,299,14765.0,18,14730.0,176,14770.0,170,14725.0,245
1597988420104796928,1597988420000000000,2020-08-21 13:40:20.000000,14750.0,14985.0,14720.0,14780.0,nan,14842.106293,109631,8135774775.0,114896,14750.0,20,14745.0,120,14755.0,43,14740.0,354,14760.0,36,14735.0,299,14765.0,18,14730.0,176,14770.0,170,14725.0,245
1597988423105312000,1597988423000000000,2020-08-21 13:40:23.000000,14750.0,14985.0,14720.0,14780.0,nan,14842.089493,109651,8137249775.0,114888,14755.0,43,14750.0,83,14760.0,36,14745.0,120,14765.0,18,14740.0,354,14770.0,170,14735.0,299,14775.0,33,14730.0,176
1597988423609254912,1597988423500000000,2020-08-21 13:40:23.500000,14755.0,14985.0,14720.0,14780.0,nan,14842.088699,109652,8137323550.0,114888,14755.0,50,14750.0,86,14760.0,36,14745.0,120,14765.0,18,14740.0,354,14770.0,170,14735.0,299,14775.0,33,14730.0,176
1597988424204711936,1597988424000000000,2020-08-21 13:40:24.000000,14755.0,14985.0,14720.0,14780.0,nan,14842.088699,109652,8137323550.0,114888,14755.0,50,14750.0,85,14760.0,36,14745.0,120,14765.0,18,14740.0,354,14770.0,170,14735.0,299,14775.0,33,14730.0,176
1597988425610862080,1597988425500000000,2020-08-21 13:40:25.500000,14750.0,14985.0,14720.0,14780.0,nan,14842.017369,109737,8143592300.0,114888,14750.0,5,14745.0,120,14755.0,53,14740.0,354,14760.0,36,14735.0,299,14765.0,18,14730.0,176,14770.0,170,14725.0,245
1597988426176374016,1597988426000000000,2020-08-21 13:40:26.000000,14750.0,14985.0,14720.0,14780.0,nan,14842.015692,109739,8143739800.0,114890,14750.0,6,14745.0,119,14755.0,54,14740.0,354,14760.0,36,14735.0,299,14765.0,18,14730.0,176,14770.0,170,14725.0,245
1597988430621197056,1597988430500000000,2020-08-21 13:40:30.500000,14750.0,14985.0,14720.0,14780.0,nan,14842.015692,109739,8143739800.0,114890,14750.0,6,14745.0,119,14755.0,54,14740.0,354,14760.0,37,14735.0,299,14765.0,18,14730.0,176,14770.0,170,14725.0,245
1597988435605139968,1597988435500000000,2020-08-21 13:40:35.500000,14750.0,14985.0,14720.0,14780.0,nan,14842.015692,109739,8143739800.0,114890,14750.0,6,14745.0,115,14755.0,54,14740.0,354,14760.0,37,14735.0,299,14765.0,18,14730.0,176,14770.0,170,14725.0,245
1597988436155482880,1597988436000000000,2020-08-21 13:40:36.000000,14750.0,14985.0,14720.0,14780.0,nan,14842.012338,109743,8144034800.0,114894,14750.0,2,14745.0,115,14755.0,54,14740.0,354,14760.0,37,14735.0,299,14765.0,18,14730.0,176,14770.0,170,14725.0,245
1597988436611894016,1597988436500000000,2020-08-21 13:40:36.500000,14750.0,14985.0,14720.0,14780.0,nan,14842.012338,109743,8144034800.0,114894,14750.0,3,14745.0,115,14755.0,54,14740.0,354,14760.0,37,14735.0,299,14765.0,18,14730.0,176,14770.0,170,14725.0,245
1597988437614513920,1597988437500000000,2020-08-21 13:40:37.500000,14750.0,14985.0,14720.0,14780.0,nan,14842.012338,109743,8144034800.0,114894,14750.0,3,14745.0,115,14755.0,64,14740.0,354,14760.0,37,14735.0,299,14765.0,18,14730.0,176,14770.0,170,14725.0,245
1597988440124623872,1597988440000000000,2020-08-21 13:40:40.000000,14750.0,14985.0,14720.0,14780.0,nan,14842.011499,109744,8144108550.0,114894,14750.0,2,14745.0,115,14755.0,64,14740.0,354,14760.0,37,14735.0,299,14765.0,18,14730.0,176,14770.0,170,14725.0,245
1597988450114024960,1597988450000000000,2020-08-21 13:40:50.000000,14750.0,14985.0,14720.0,14780.0,nan,14842.011499,109744,8144108550.0,114894,14750.0,2,14745.0,115,14755.0,63,14740.0,354,14760.0,37,14735.0,299,14765.0,18,14730.0,176,14770.0,170,14725.0,245
1597988451107799040,1597988451000000000,2020-08-21 13:40:51.000000,14750.0,14985.0,14720.0,14780.0,nan,14842.009823,109746,8144256050.0,114893,14755.0,63,14745.0,115,14760.0,37,14740.0,354,14765.0,18,14735.0,299,14770.0,170,14730.0,176,14775.0,33,14725.0,245
1597988452120752128,1597988452000000000,2020-08-21 13:40:52.000000,14750.0,14985.0,14720.0,14780.0,nan,14842.009823,109746,8144256050.0,114893,14750.0,3,14745.0,115,14755.0,63,14740.0,354,14760.0,37,14735.0,299,14765.0,18,14730.0,176,14770.0,170,14725.0,245
1597988452618427904,1597988452500000000,2020-08-21 13:40:52.500000,14750.0,14985.0,14720.0,14780.0,nan,14842.009823,109746,8144256050.0,114893,14750.0,4,14745.0,115,14755.0,63,14740.0,354,14760.0,37,14735.0,299,14765.0,18,14730.0,176,14770.0,170,14725.0,245
1597988453143948032,1597988453000000000,2020-08-21 13:40:53.000000,14750.0,14985.0,14720.0,14780.0,nan,14842.009823,109746,8144256050.0,114893,14750.0,4,14745.0,115,14755.0,63,14740.0,354,14760.0,36,14735.0,299,14765.0,18,14730.0,176,14770.0,170,14725.0,245
1597988467613104896,1597988467500000000,2020-08-21 13:41:07.500000,14745.0,14985.0,14720.0,14780.0,nan,14842.008939,109747,8144329775.0,114893,14750.0,4,14745.0,114,14755.0,63,14740.0,354,14760.0,36,14735.0,299,14765.0,18,14730.0,176,14770.0,170,14725.0,245
1597988468147418880,1597988468000000000,2020-08-21 13:41:08.000000,14745.0,14985.0,14720.0,14780.0,nan,14842.008939,109747,8144329775.0,114893,14750.0,18,14745.0,114,14755.0,63,14740.0,354,14760.0,36,14735.0,299,14765.0,18,14730.0,176,14770.0,170,14725.0,245
1597988468606085888,1597988468500000000,2020-08-21 13:41:08.500000,14745.0,14985.0,14720.0,14780.0,nan,14842.008939,109747,8144329775.0,114893,14750.0,21,14745.0,114,14755.0,64,14740.0,354,14760.0,36,14735.0,299,14765.0,18,14730.0,176,14770.0,170,14725.0,245
1597988469599897088,1597988469500000000,2020-08-21 13:41:09.500000,14750.0,14985.0,14720.0,14780.0,nan,14842.0081,109748,8144403525.0,114893,14750.0,20,14745.0,114,14755.0,64,14740.0,354,14760.0,36,14735.0,299,14765.0,18,14730.0,176,14770.0,170,14725.0,245
1597988472118362112,1597988472000000000,2020-08-21 13:41:12.000000,14750.0,14985.0,14720.0,14780.0,nan,14842.0081,109748,8144403525.0,114893,14750.0,20,14745.0,113,14755.0,64,14740.0,354,14760.0,36,14735.0,299,14765.0,18,14730.0,176,14770.0,170,14725.0,245
1597988475610404096,1597988475500000000,2020-08-21 13:41:15.500000,14745.0,14985.0,14720.0,14780.0,nan,14842.005449,109751,8144624700.0,114893,14750.0,20,14745.0,110,14755.0,65,14740.0,354,14760.0,36,14735.0,299,14765.0,18,14730.0,176,14770.0,170,14725.0,245
1597988476117576960,1597988476000000000,2020-08-21 13:41:16.000000,14745.0,14985.0,14720.0,14780.0,nan,14842.005449,109751,8144624700.0,114893,14750.0,26,14745.0,110,14755.0,62,14740.0,354,14760.0,36,14735.0,299,14765.0,18,14730.0,176,14770.0,170,14725.0,245
1597988477132243968,1597988477000000000,2020-08-21 13:41:17.000000,14745.0,14985.0,14720.0,14780.0,nan,14842.005449,109751,8144624700.0,114893,14750.0,31,14745.0,110,14755.0,62,14740.0,354,14760.0,36,14735.0,299,14765.0,18,14730.0,176,14770.0,170,14725.0,245
1597988477611083008,1597988477500000000,2020-08-21 13:41:17.500000,14745.0,14985.0,14720.0,14780.0,nan,14842.005449,109751,8144624700.0,114893,14750.0,31,14745.0,110,14755.0,62,14740.0,354,14760.0,35,14735.0,299,14765.0,18,14730.0,176,14770.0,170,14725.0,245
1597988478607276032,1597988478500000000,2020-08-21 13:41:18.500000,14745.0,14985.0,14720.0,14780.0,nan,14842.005449,109751,8144624700.0,114893,14750.0,36,14745.0,110,14755.0,62,14740.0,354,14760.0,35,14735.0,299,14765.0,18,14730.0,176,14770.0,170,14725.0,245
1597988479116908032,1597988479000000000,2020-08-21 13:41:19.000000,14745.0,14985.0,14720.0,14780.0,nan,14841.997495,109760,8145288225.0,114902,14750.0,37,14745.0,101,14755.0,62,14740.0,354,14760.0,35,14735.0,299,14765.0,18,14730.0,176,14770.0,170,14725.0,245
1597988480106204928,1597988480000000000,2020-08-21 13:41:20.000000,14745.0,14985.0,14720.0,14780.0,nan,14841.997495,109760,8145288225.0,114902,14750.0,37,14745.0,101,14755.0,52,14740.0,354,14760.0,35,14735.0,299,14765.0,18,14730.0,176,14770.0,170,14725.0,245
1597988481618966016,1597988481500000000,2020-08-21 13:41:21.500000,14745.0,14985.0,14720.0,14780.0,nan,14841.997495,109760,8145288225.0,114902,14750.0,42,14745.0,101,14755.0,52,14740.0,354,14760.0,35,14735.0,299,14765.0,18,14730.0,176,14770.0,170,14725.0,245
1597988483160560896,1597988483000000000,2020-08-21 13:41:23.000000,14745.0,14985.0,14720.0,14780.0,nan,14841.997495,109760,8145288225.0,114902,14750.0,42,14745.0,101,14755.0,52,14740.0,349,14760.0,35,14735.0,299,14765.0,18,14730.0,176,14770.0,170,14725.0,245
1597988483602661120,1597988483500000000,2020-08-21 13:41:23.500000,14745.0,14985.0,14720.0,14780.0,nan,14841.997495,109760,8145288225.0,114902,14750.0,42,14745.0,101,14755.0,44,14740.0,344,14760.0,35,14735.0,299,14765.0,18,14730.0,176,14770.0,170,14725.0,245
1597988484127928064,1597988484000000000,2020-08-21 13:41:24.000000,14745.0,14985.0,14720.0,14780.0,nan,14841.989542,109769,8145951750.0,114902,14750.0,50,14745.0,92,14755.0,54,14740.0,339,14760.0,35,14735.0,299,14765.0,18,14730.0,176,14770.0,170,14725.0,245
1597988484608570880,1597988484500000000,2020-08-21 13:41:24.500000,14745.0,14985.0,14720.0,14780.0,nan,14841.918025,109850,8151923475.0,114912,14745.0,17,14740.0,334,14750.0,50,14735.0,299,14755.0,54,14730.0,176,14760.0,35,14725.0,245,14765.0,18,14720.0,165
1597988485120628992,1597988485000000000,2020-08-21 13:41:25.000000,14745.0,14985.0,14720.0,14780.0,nan,14841.918025,109850,8151923475.0,114912,14745.0,24,14740.0,333,14750.0,49,14735.0,298,14755.0,51,14730.0,176,14760.0,35,14725.0,246,14765.0,18,14720.0,165
1597988485621335040,1597988485500000000,2020-08-21 13:41:25.500000,14745.0,14985.0,14720.0,14780.0,nan,14841.918025,109850,8151923475.0,114912,14745.0,29,14740.0,334,14750.0,49,14735.0,298,14755.0,51,14730.0,176,14760.0,35,14725.0,246,14765.0,18,14720.0,165
1597988486148880896,1597988486000000000,2020-08-21 13:41:26.000000,14745.0,14985.0,14720.0,14780.0,nan,14841.918025,109850,8151923475.0,114912,14745.0,39,14740.0,334,14750.0,47,14735.0,298,14755.0,50,14730.0,176,14760.0,35,14725.0,246,14765.0,18,14720.0,165
1597988486612006912,1597988486500000000,2020-08-21 13:41:26.500000,14745.0,14985.0,14720.0,14780.0,nan,14841.918025,109850,8151923475.0,114912,14745.0,48,14740.0,334,14750.0,47,14735.0,298,14755.0,50,14730.0,176,14760.0,34,14725.0,246,14765.0,18,14720.0,165
1597988487113679872,1597988487000000000,2020-08-21 13:41:27.000000,14745.0,14985.0,14720.0,14780.0,nan,14841.918025,109850,8151923475.0,114912,14745.0,48,14740.0,334,14750.0,49,14735.0,298,14755.0,50,14730.0,176,14760.0,34,14725.0,246,14765.0,18,14720.0,165
1597988488105211904,1597988488000000000,2020-08-21 13:41:28.000000,14745.0,14985.0,14720.0,14780.0,nan,14841.918025,109850,8151923475.0,114912,14745.0,48,14740.0,334,14750.0,44,14735.0,298,14755.0,50,14730.0,176,14760.0,34,14725.0,246,14765.0,18,14720.0,165
1597988489152931072,1597988489000000000,2020-08-21 13:41:29.000000,14745.0,14985.0,14720.0,14780.0,nan,14841.918025,109850,8151923475.0,114912,14745.0,53,14740.0,334,14750.0,44,14735.0,298,14755.0,50,14730.0,176,14760.0,34,14725.0,246,14765.0,18,14720.0,165
1597988489602886912,1597988489500000000,2020-08-21 13:41:29.500000,14745.0,14985.0,14720.0,14780.0,nan,14841.918025,109850,8151923475.0,114912,14745.0,53,14740.0,334,14750.0,44,14735.0,298,14755.0,43,14730.0,176,14760.0,34,14725.0,246,14765.0,18,14720.0,165
1597988490147973888,1597988490000000000,2020-08-21 13:41:30.000000,14745.0,14985.0,14720.0,14780.0,nan,14841.918025,109850,8151923475.0,114912,14745.0,61,14740.0,334,14750.0,39,14735.0,298,14755.0,43,14730.0,176,14760.0,34,14725.0,246,14765.0,18,14720.0,165
1597988496596551936,1597988496500000000,2020-08-21 13:41:36.500000,14745.0,14985.0,14720.0,14780.0,nan,14841.918025,109850,8151923475.0,114912,14745.0,61,14740.0,335,14750.0,39,14735.0,298,14755.0,43,14730.0,176,14760.0,34,14725.0,246,14765.0,18,14720.0,165
1597988497610817024,1597988497500000000,2020-08-21 13:41:37.500000,14745.0,14985.0,14720.0,14780.0,nan,14841.918025,109850,8151923475.0,114912,14745.0,62,14740.0,335,14750.0,39,14735.0,298,14755.0,43,14730.0,176,14760.0,34,14725.0,246,14765.0,18,14720.0,165
1597988498142836992,1597988498000000000,2020-08-21 13:41:38.000000,14745.0,14985.0,14720.0,14780.0,nan,14841.918025,109850,8151923475.0,114912,14745.0,62,14740.0,335,14750.0,39,14735.0,298,14755.0,43,14730.0,176,14760.0,34,14725.0,246,14765.0,17,14720.0,165
1597988500132439040,1597988500000000000,2020-08-21 13:41:40.000000,14745.0,14985.0,14720.0,14780.0,nan,14841.918025,109850,8151923475.0,114912,14745.0,62,14740.0,335,14750.0,49,14735.0,298,14755.0,43,14730.0,176,14760.0,34,14725.0,246,14765.0,17,14720.0,165
1597988502150220032,1597988502000000000,2020-08-21 13:41:42.000000,14740.0,14985.0,14720.0,14780.0,nan,14841.917097,109851,8151997175.0,114911,14745.0,62,14740.0,335,14750.0,49,14735.0,298,14755.0,43,14730.0,176,14760.0,34,14725.0,246,14765.0,17,14720.0,165
1597988504615201024,1597988504500000000,2020-08-21 13:41:44.500000,14740.0,14985.0,14720.0,14780.0,nan,14841.917097,109851,8151997175.0,114911,14745.0,62,14740.0,338,14750.0,49,14735.0,298,14755.0,43,14730.0,176,14760.0,34,14725.0,246,14765.0,17,14720.0,165
1597988506605176064,1597988506500000000,2020-08-21 13:41:46.500000,14740.0,14985.0,14720.0,14780.0,nan,14841.917097,109851,8151997175.0,114911,14745.0,70,14740.0,338,14750.0,49,14735.0,298,14755.0,43,14730.0,176,14760.0,34,14725.0,246,14765.0,17,14720.0,165
1597988507117820928,1597988507000000000,2020-08-21 13:41:47.000000,14740.0,14985.0,14720.0,14780.0,nan,14841.917097,109851,8151997175.0,114911,14745.0,71,14740.0,338,14750.0,49,14735.0,298,14755.0,43,14730.0,176,14760.0,34,14725.0,246,14765.0,17,14720.0,165
1597988508620160000,1597988508500000000,2020-08-21 13:41:48.500000,14740.0,14985.0,14720.0,14780.0,nan,14841.917097,109851,8151997175.0,114911,14745.0,71,14740.0,438,14750.0,49,14735.0,298,14755.0,43,14730.0,176,14760.0,34,14725.0,246,14765.0,17,14720.0,165
1597988511144730880,1597988511000000000,2020-08-21 13:41:51.000000,14745.0,14985.0,14720.0,14780.0,nan,14841.853616,109923,8157305375.0,114892,14750.0,49,14745.0,28,14755.0,43,14740.0,438,14760.0,34,14735.0,298,14765.0,17,14730.0,176,14770.0,170,14725.0,246
1597988511606873088,1597988511500000000,2020-08-21 13:41:51.500000,14745.0,14985.0,14720.0,14780.0,nan,14841.853616,109923,8157305375.0,114892,14750.0,50,14745.0,32,14755.0,43,14740.0,438,14760.0,34,14735.0,298,14765.0,17,14730.0,176,14770.0,170,14725.0,246
1597988512110760960,1597988512000000000,2020-08-21 13:41:52.000000,14745.0,14985.0,14720.0,14780.0,nan,14841.853616,109923,8157305375.0,114892,14750.0,49,14745.0,32,14755.0,43,14740.0,438,14760.0,34,14735.0,298,14765.0,17,14730.0,176,14770.0,170,14725.0,246
1597988512634604032,1597988512500000000,2020-08-21 13:41:52.500000,14745.0,14985.0,14720.0,14780.0,nan,14841.853616,109923,8157305375.0,114892,14750.0,50,14745.0,34,14755.0,43,14740.0,438,14760.0,34,14735.0,298,14765.0,17,14730.0,176,14770.0,170,14725.0,246
1597988513621168896,1597988513500000000,2020-08-21 13:41:53.500000,14745.0,14985.0,14720.0,14780.0,nan,14841.853616,109923,8157305375.0,114892,14750.0,51,14745.0,34,14755.0,43,14740.0,438,14760.0,34,14735.0,298,14765.0,17,14730.0,176,14770.0,170,14725.0,246
1597988515617874944,1597988515500000000,2020-08-21 13:41:55.500000,14745.0,14985.0,14720.0,14780.0,nan,14841.853616,109923,8157305375.0,114892,14750.0,51,14745.0,37,14755.0,43,14740.0,438,14760.0,34,14735.0,298,14765.0,17,14730.0,176,14770.0,170,14725.0,246
1597988517142472960,1597988517000000000,2020-08-21 13:41:57.000000,14745.0,14985.0,14720.0,14780.0,nan,14841.853616,109923,8157305375.0,114892,14750.0,141,14745.0,37,14755.0,43,14740.0,438,14760.0,34,14735.0,298,14765.0,17,14730.0,176,14770.0,170,14725.0,246
1597988517610501888,1597988517500000000,2020-08-21 13:41:57.500000,14745.0,14985.0,14720.0,14780.0,nan,14841.823667,109957,8159812025.0,114873,14750.0,142,14740.0,438,14755.0,43,14735.0,298,14760.0,34,14730.0,176,14765.0,17,14725.0,246,14770.0,170,14720.0,165
1597988518119134976,1597988518000000000,2020-08-21 13:41:58.000000,14745.0,14985.0,14720.0,14780.0,nan,14841.823667,109957,8159812025.0,114873,14745.0,7,14740.0,439,14750.0,140,14735.0,298,14755.0,43,14730.0,176,14760.0,34,14725.0,246,14765.0,17,14720.0,165
1597988518658878976,1597988518500000000,2020-08-21 13:41:58.500000,14745.0,14985.0,14720.0,14780.0,nan,14841.823667,109957,8159812025.0,114873,14745.0,8,14740.0,439,14750.0,141,14735.0,298,14755.0,43,14730.0,176,14760.0,34,14725.0,246,14765.0,17,14720.0,165
1597988520621131008,1597988520500000000,2020-08-21 13:42:00.500000,14745.0,14985.0,14720.0,14780.0,nan,14841.823667,109957,8159812025.0,114873,14745.0,8,14740.0,440,14750.0,141,14735.0,298,14755.0,43,14730.0,176,14760.0,34,14725.0,246,14765.0,17,14720.0,165
1597988521116062976,1597988521000000000,2020-08-21 13:42:01.000000,14745.0,14985.0,14720.0,14780.0,nan,14841.821026,109960,8160033200.0,114875,14745.0,5,14740.0,440,14750.0,141,14735.0,298,14755.0,43,14730.0,176,14760.0,34,14725.0,246,14765.0,17,14720.0,165
1597988521614713088,1597988521500000000,2020-08-21 13:42:01.500000,14745.0,14985.0,14720.0,14780.0,nan,14841.816623,109965,8160401825.0,114871,14750.0,141,14740.0,440,14755.0,43,14735.0,298,14760.0,34,14730.0,176,14765.0,17,14725.0,246,14770.0,170,14720.0,165
1597988522131805952,1597988522000000000,2020-08-21 13:42:02.000000,14745.0,14985.0,14720.0,14780.0,nan,14841.816623,109965,8160401825.0,114871,14750.0,142,14740.0,441,14755.0,43,14735.0,298,14760.0,34,14730.0,176,14765.0,17,14725.0,246,14770.0,170,14720.0,165
1597988523145746944,1597988523000000000,2020-08-21 13:42:03.000000,14745.0,14985.0,14720.0,14780.0,nan,14841.816623,109965,8160401825.0,114871,14745.0,5,14740.0,441,14750.0,142,14735.0,298,14755.0,43,14730.0,176,14760.0,34,14725.0,246,14765.0,17,14720.0,165
1597988523601088000,1597988523500000000,2020-08-21 13:42:03.500000,14745.0,14985.0,14720.0,14780.0,nan,14841.816623,109965,8160401825.0,114871,14745.0,9,14740.0,441,14750.0,142,14735.0,298,14755.0,43,14730.0,176,14760.0,34,14725.0,246,14765.0,17,14720.0,165
1597988525617601024,1597988525500000000,2020-08-21 13:42:05.500000,14745.0,14985.0,14720.0,14780.0,nan,14841.816623,109965,8160401825.0,114871,14745.0,9,14740.0,341,14750.0,142,14735.0,298,14755.0,43,14730.0,176,14760.0,34,14725.0,246,14765.0,17,14720.0,165
1597988526127772928,1597988526000000000,2020-08-21 13:42:06.000000,14740.0,14985.0,14720.0,14780.0,nan,14841.807365,109975,8161138825.0,114871,14745.0,21,14740.0,331,14750.0,135,14735.0,298,14755.0,43,14730.0,176,14760.0,34,14725.0,246,14765.0,17,14720.0,165
1597988526614323968,1597988526500000000,2020-08-21 13:42:06.500000,14745.0,14985.0,14720.0,14780.0,nan,14841.806485,109976,8161212550.0,114871,14745.0,23,14740.0,331,14750.0,133,14735.0,298,14755.0,43,14730.0,176,14760.0,34,14725.0,246,14765.0,17,14720.0,165
1597988528615991040,1597988528500000000,2020-08-21 13:42:08.500000,14745.0,14985.0,14720.0,14780.0,nan,14841.806485,109976,8161212550.0,114871,14745.0,23,14740.0,331,14750.0,145,14735.0,298,14755.0,43,14730.0,176,14760.0,34,14725.0,246,14765.0,17,14720.0,165
1597988538603662080,1597988538500000000,2020-08-21 13:42:18.500000,14745.0,14985.0,14720.0,14780.0,nan,14841.806485,109976,8161212550.0,114871,14745.0,34,14740.0,331,14750.0,145,14735.0,298,14755.0,43,14730.0,176,14760.0,34,14725.0,246,14765.0,17,14720.0,165
1597988539123857920,1597988539000000000,2020-08-21 13:42:19.000000,14745.0,14985.0,14720.0,14780.0,nan,14841.805605,109977,8161286275.0,114870,14745.0,33,14740.0,331,14750.0,145,14735.0,298,14755.0,43,14730.0,176,14760.0,34,14725.0,246,14765.0,17,14720.0,165
1597988540615814912,1597988540500000000,2020-08-21 13:42:20.500000,14745.0,14985.0,14720.0,14780.0,nan,14841.796803,109987,8162023525.0,114874,14745.0,23,14740.0,331,14750.0,145,14735.0,298,14755.0,43,14730.0,176,14760.0,34,14725.0,246,14765.0,17,14720.0,165
1597988541151280128,1597988541000000000,2020-08-21 13:42:21.000000,14745.0,14985.0,14720.0,14780.0,nan,14841.795043,109989,8162170975.0,114874,14745.0,22,14740.0,331,14750.0,145,14735.0,298,14755.0,43,14730.0,176,14760.0,34,14725.0,246,14765.0,17,14720.0,165
1597988544122743040,1597988544000000000,2020-08-21 13:42:24.000000,14745.0,14985.0,14720.0,14780.0,nan,14841.795043,109989,8162170975.0,114874,14745.0,22,14740.0,332,14750.0,145,14735.0,298,14755.0,43,14730.0,176,14760.0,34,14725.0,246,14765.0,17,14720.0,165
1597988544620795904,1597988544500000000,2020-08-21 13:42:24.500000,14745.0,14985.0,14720.0,14780.0,nan,14841.789763,109995,8162613325.0,114880,14745.0,17,14740.0,332,14750.0,145,14735.0,298,14755.0,43,14730.0,176,14760.0,34,14725.0,246,14765.0,17,14720.0,165
1597988545613069056,1597988545500000000,2020-08-21 13:42:25.500000,14745.0,14985.0,14720.0,14780.0,nan,14841.787123,109998,8162834500.0,114883,14745.0,14,14740.0,329,14750.0,145,14735.0,298,14755.0,43,14730.0,176,14760.0,34,14725.0,246,14765.0,17,14720.0,165
1597988548118704896,1597988548000000000,2020-08-21 13:42:28.000000,14745.0,14985.0,14720.0,14780.0,nan,14841.778325,110008,8163571750.0,114883,14745.0,4,14740.0,329,14750.0,145,14735.0,298,14755.0,43,14730.0,176,14760.0,34,14725.0,246,14765.0,17,14720.0,165
1597988548631526912,1597988548500000000,2020-08-21 13:42:28.500000,14745.0,14985.0,14720.0,14780.0,nan,14841.776566,110010,8163719200.0,114883,14745.0,2,14740.0,329,14750.0,55,14735.0,298,14755.0,43,14730.0,176,14760.0,34,14725.0,246,14765.0,17,14720.0,165
1597988549117434112,1597988549000000000,2020-08-21 13:42:29.000000,14745.0,14985.0,14720.0,14780.0,nan,14841.773927,110013,8163940375.0,114885,14750.0,55,14745.0,17,14755.0,43,14740.0,329,14760.0,34,14735.0,298,14765.0,17,14730.0,176,14770.0,170,14725.0,246
1597988549626618112,1597988549500000000,2020-08-21 13:42:29.500000,14750.0,14985.0,14720.0,14780.0,nan,14841.758141,110031,8165267450.0,114885,14750.0,55,14745.0,14,14755.0,43,14740.0,330,14760.0,34,14735.0,298,14765.0,17,14730.0,176,14770.0,170,14725.0,246
1597988550143206912,1597988550000000000,2020-08-21 13:42:30.000000,14750.0,14985.0,14720.0,14780.0,nan,14841.758141,110031,8165267450.0,114885,14750.0,57,14745.0,19,14755.0,43,14740.0,330,14760.0,34,14735.0,298,14765.0,17,14730.0,176,14770.0,170,14725.0,246
1597988550608957952,1597988550500000000,2020-08-21 13:42:30.500000,14750.0,14985.0,14720.0,14780.0,nan,14841.758141,110031,8165267450.0,114885,14750.0,57,14745.0,25,14755.0,43,14740.0,330,14760.0,34,14735.0,298,14765.0,17,14730.0,176,14770.0,170,14725.0,246
1597988552605274112,1597988552500000000,2020-08-21 13:42:32.500000,14750.0,14985.0,14720.0,14780.0,nan,14841.75291,110037,8165709825.0,114880,14750.0,56,14745.0,20,14755.0,43,14740.0,331,14760.0,34,14735.0,298,14765.0,17,14730.0,176,14770.0,170,14725.0,246
1597988553127249920,1597988553000000000,2020-08-21 13:42:33.000000,14745.0,14985.0,14720.0,14780.0,nan,14841.752031,110038,8165783550.0,114880,14750.0,56,14745.0,22,14755.0,43,14740.0,331,14760.0,34,14735.0,298,14765.0,17,14730.0,176,14770.0,170,14725.0,246
1597988554115008000,1597988554000000000,2020-08-21 13:42:34.000000,14745.0,14985.0,14720.0,14780.0,nan,14841.752031,110038,8165783550.0,114880,14750.0,56,14745.0,26,14755.0,43,14740.0,331,14760.0,34,14735.0,298,14765.0,17,14730.0,176,14770.0,170,14725.0,246
1597988554612419072,1597988554500000000,2020-08-21 13:42:34.500000,14745.0,14985.0,14720.0,14780.0,nan,14841.752031,110038,8165783550.0,114880,14750.0,59,14745.0,28,14755.0,43,14740.0,331,14760.0,34,14735.0,298,14765.0,17,14730.0,176,14770.0,170,14725.0,246
1597988555137541888,1597988555000000000,2020-08-21 13:42:35.000000,14745.0,14985.0,14720.0,14780.0,nan,14841.752031,110038,8165783550.0,114880,14750.0,58,14745.0,29,14755.0,43,14740.0,331,14760.0,34,14735.0,298,14765.0,17,14730.0,176,14770.0,170,14725.0,246
1597988555617379072,1597988555500000000,2020-08-21 13:42:35.500000,14745.0,14985.0,14720.0,14780.0,nan,14841.752031,110038,8165783550.0,114880,14750.0,58,14745.0,30,14755.0,43,14740.0,331,14760.0,35,14735.0,298,14765.0,17,14730.0,176,14770.0,170,14725.0,246
1597988556161371904,1597988556000000000,2020-08-21 13:42:36.000000,14745.0,14985.0,14720.0,14780.0,nan,14841.752031,110038,8165783550.0,114880,14750.0,58,14745.0,30,14755.0,44,14740.0,331,14760.0,35,14735.0,298,14765.0,17,14730.0,176,14770.0,170,14725.0,246
1597988557125422080,1597988557000000000,2020-08-21 13:42:37.000000,14745.0,14985.0,14720.0,14780.0,nan,14841.752031,110038,8165783550.0,114880,14750.0,73,14745.0,30,14755.0,44,14740.0,331,14760.0,35,14735.0,299,14765.0,17,14730.0,176,14770.0,170,14725.0,246
1597988557608634112,1597988557500000000,2020-08-21 13:42:37.500000,14745.0,14985.0,14720.0,14780.0,nan,14841.752031,110038,8165783550.0,114880,14750.0,73,14745.0,30,14755.0,44,14740.0,331,14760.0,36,14735.0,299,14765.0,17,14730.0,176,14770.0,170,14725.0,246
1597988560610704896,1597988560500000000,2020-08-21 13:42:40.500000,14745.0,14985.0,14720.0,14780.0,nan,14841.752031,110038,8165783550.0,114880,14750.0,74,14745.0,30,14755.0,44,14740.0,331,14760.0,36,14735.0,299,14765.0,17,14730.0,176,14770.0,170,14725.0,246
1597988565613809920,1597988565500000000,2020-08-21 13:42:45.500000,14745.0,14985.0,14720.0,14780.0,nan,14841.725661,110068,8167995300.0,114893,14745.0,66,14740.0,331,14750.0,74,14735.0,299,14755.0,44,14730.0,176,14760.0,36,14725.0,246,14765.0,17,14720.0,165
1597988566120133120,1597988566000000000,2020-08-21 13:42:46.000000,14745.0,14985.0,14720.0,14780.0,nan,14841.725661,110068,8167995300.0,114893,14745.0,67,14740.0,329,14750.0,74,14735.0,299,14755.0,44,14730.0,176,14760.0,36,14725.0,246,14765.0,17,14720.0,165
1597988566620386048,1597988566500000000,2020-08-21 13:42:46.500000,14745.0,14985.0,14720.0,14780.0,nan,14841.723903,110070,8168142750.0,114893,14745.0,65,14740.0,329,14750.0,74,14735.0,299,14755.0,44,14730.0,176,14760.0,36,14725.0,246,14765.0,17,14720.0,165
1597988567151140096,1597988567000000000,2020-08-21 13:42:47.000000,14745.0,14985.0,14720.0,14780.0,nan,14841.723903,110070,8168142750.0,114893,14745.0,65,14740.0,330,14750.0,74,14735.0,299,14755.0,44,14730.0,176,14760.0,36,14725.0,246,14765.0,17,14720.0,165
1597988568607229952,1597988568500000000,2020-08-21 13:42:48.500000,14745.0,14985.0,14720.0,14780.0,nan,14841.723903,110070,8168142750.0,114893,14745.0,65,14740.0,330,14750.0,74,14735.0,299,14755.0,46,14730.0,176,14760.0,36,14725.0,246,14765.0,17,14720.0,165
1597988571604450048,1597988571500000000,2020-08-21 13:42:51.500000,14745.0,14985.0,14720.0,14780.0,nan,14841.723903,110070,8168142750.0,114893,14745.0,66,14740.0,330,14750.0,73,14735.0,299,14755.0,46,14730.0,176,14760.0,36,14725.0,246,14765.0,17,14720.0,165
1597988574133284096,1597988574000000000,2020-08-21 13:42:54.000000,14745.0,14985.0,14720.0,14780.0,nan,14841.723903,110070,8168142750.0,114893,14745.0,71,14740.0,330,14750.0,73,14735.0,299,14755.0,46,14730.0,176,14760.0,36,14725.0,246,14765.0,17,14720.0,165
1597988575610149888,1597988575500000000,2020-08-21 13:42:55.500000,14740.0,14985.0,14720.0,14780.0,nan,14841.720206,110074,8168437550.0,114893,14745.0,71,14740.0,326,14750.0,73,14735.0,299,14755.0,46,14730.0,176,14760.0,36,14725.0,246,14765.0,17,14720.0,165
1597988576156129024,1597988576000000000,2020-08-21 13:42:56.000000,14740.0,14985.0,14720.0,14780.0,nan,14841.720206,110074,8168437550.0,114893,14745.0,72,14740.0,326,14750.0,73,14735.0,299,14755.0,46,14730.0,176,14760.0,36,14725.0,246,14765.0,17,14720.0,165
1597988576597925888,1597988576500000000,2020-08-21 13:42:56.500000,14740.0,14985.0,14720.0,14780.0,nan,14841.720206,110074,8168437550.0,114893,14745.0,73,14740.0,326,14750.0,73,14735.0,299,14755.0,46,14730.0,176,14760.0,36,14725.0,246,14765.0,17,14720.0,165
1597988577119365120,1597988577000000000,2020-08-21 13:42:57.000000,14740.0,14985.0,14720.0,14780.0,nan,14841.720206,110074,8168437550.0,114893,14745.0,73,14740.0,326,14750.0,73,14735.0,299,14755.0,46,14730.0,176,14760.0,36,14725.0,246,14765.0,27,14720.0,165
1597988578112342016,1597988578000000000,2020-08-21 13:42:58.000000,14745.0,14985.0,14720.0,14780.0,nan,14841.67717,110123,8172050075.0,114942,14745.0,24,14740.0,326,14750.0,73,14735.0,299,14755.0,46,14730.0,176,14760.0,36,14725.0,246,14765.0,27,14720.0,165
1597988578605102080,1597988578500000000,2020-08-21 13:42:58.500000,14745.0,14985.0,14720.0,14780.0,nan,14841.67717,110123,8172050075.0,114942,14745.0,28,14740.0,326,14750.0,73,14735.0,299,14755.0,46,14730.0,176,14760.0,36,14725.0,246,14765.0,27,14720.0,165
1597988579149483008,1597988579000000000,2020-08-21 13:42:59.000000,14745.0,14985.0,14720.0,14780.0,nan,14841.67717,110123,8172050075.0,114942,14745.0,28,14740.0,326,14750.0,73,14735.0,299,14755.0,47,14730.0,176,14760.0,36,14725.0,246,14765.0,27,14720.0,165
1597988580127631104,1597988580000000000,2020-08-21 13:43:00.000000,14745.0,14985.0,14720.0,14780.0,nan,14841.67717,110123,8172050075.0,114942,14745.0,29,14740.0,326,14750.0,73,14735.0,299,14755.0,47,14730.0,176,14760.0,36,14725.0,246,14765.0,27,14720.0,165
1597988580615627008,1597988580500000000,2020-08-21 13:43:00.500000,14745.0,14985.0,14720.0,14780.0,nan,14841.676292,110124,8172123800.0,114943,14745.0,30,14740.0,326,14750.0,73,14735.0,299,14755.0,47,14730.0,176,14760.0,36,14725.0,246,14765.0,27,14720.0,165
1597988581106240000,1597988581000000000,2020-08-21 13:43:01.000000,14745.0,14985.0,14720.0,14780.0,nan,14841.675414,110125,8172197525.0,114944,14745.0,29,14740.0,326,14750.0,73,14735.0,299,14755.0,47,14730.0,176,14760.0,37,14725.0,246,14765.0,27,14720.0,165
1597988581624204032,1597988581500000000,2020-08-21 13:43:01.500000,14745.0,14985.0,14720.0,14780.0,nan,14841.671903,110129,8172492425.0,114948,14745.0,25,14740.0,326,14750.0,73,14735.0,299,14755.0,47,14730.0,176,14760.0,37,14725.0,246,14765.0,27,14720.0,165
1597988582105147904,1597988582000000000,2020-08-21 13:43:02.000000,14745.0,14985.0,14720.0,14780.0,nan,14841.671903,110129,8172492425.0,114948,14745.0,28,14740.0,326,14750.0,74,14735.0,299,14755.0,47,14730.0,176,14760.0,37,14725.0,246,14765.0,27,14720.0,165
1597988582618631936,1597988582500000000,2020-08-21 13:43:02.500000,14745.0,14985.0,14720.0,14780.0,nan,14841.671903,110129,8172492425.0,114948,14745.0,29,14740.0,326,14750.0,74,14735.0,299,14755.0,47,14730.0,176,14760.0,37,14725.0,246,14765.0,27,14720.0,165
1597988583167645952,1597988583000000000,2020-08-21 13:43:03.000000,14740.0,14985.0,14720.0,14780.0,nan,14841.668256,110133,8172787250.0,114946,14745.0,28,14740.0,323,14750.0,74,14735.0,299,14755.0,47,14730.0,176,14760.0,37,14725.0,246,14765.0,27,14720.0,165
1597988583615212032,1597988583500000000,2020-08-21 13:43:03.500000,14740.0,14985.0,14720.0,14780.0,nan,14841.668256,110133,8172787250.0,114946,14745.0,30,14740.0,323,14750.0,74,14735.0,299,14755.0,47,14730.0,176,14760.0,37,14725.0,246,14765.0,27,14720.0,165
1597988584114682880,1597988584000000000,2020-08-21 13:43:04.000000,14740.0,14985.0,14720.0,14780.0,nan,14841.668256,110133,8172787250.0,114946,14745.0,32,14740.0,323,14750.0,74,14735.0,299,14755.0,47,14730.0,176,14760.0,37,14725.0,246,14765.0,27,14720.0,165
1597988584621533952,1597988584500000000,2020-08-21 13:43:04.500000,14740.0,14985.0,14720.0,14780.0,nan,14841.668256,110133,8172787250.0,114946,14745.0,33,14740.0,323,14750.0,74,14735.0,299,14755.0,47,14730.0,176,14760.0,37,14725.0,246,14765.0,27,14720.0,165
1597988585629403904,1597988585500000000,2020-08-21 13:43:05.500000,14740.0,14985.0,14720.0,14780.0,nan,14841.668256,110133,8172787250.0,114946,14745.0,34,14740.0,323,14750.0,74,14735.0,299,14755.0,47,14730.0,176,14760.0,37,14725.0,246,14765.0,27,14720.0,165
1597988586125532928,1597988586000000000,2020-08-21 13:43:06.000000,14740.0,14985.0,14720.0,14780.0,nan,14841.668256,110133,8172787250.0,114946,14745.0,47,14740.0,323,14750.0,74,14735.0,299,14755.0,47,14730.0,176,14760.0,37,14725.0,246,14765.0,27,14720.0,165
1597988587606469120,1597988587500000000,2020-08-21 13:43:07.500000,14740.0,14985.0,14720.0,14780.0,nan,14841.668256,110133,8172787250.0,114946,14745.0,47,14740.0,323,14750.0,75,14735.0,299,14755.0,47,14730.0,176,14760.0,37,14725.0,246,14765.0,27,14720.0,165
1597988588130339072,1597988588000000000,2020-08-21 13:43:08.000000,14740.0,14985.0,14720.0,14780.0,nan,14841.668256,110133,8172787250.0,114946,14745.0,48,14740.0,323,14750.0,75,14735.0,299,14755.0,47,14730.0,176,14760.0,37,14725.0,246,14765.0,27,14720.0,165
1597988588654489088,1597988588500000000,2020-08-21 13:43:08.500000,14740.0,14985.0,14720.0,14780.0,nan,14841.667333,110134,8172860950.0,114946,14745.0,49,14740.0,322,14750.0,75,14735.0,299,14755.0,47,14730.0,176,14760.0,37,14725.0,246,14765.0,27,14720.0,165
1597988592118731008,1597988592000000000,2020-08-21 13:43:12.000000,14745.0,14985.0,14720.0,14780.0,nan,14841.666455,110135,8172934675.0,114947,14745.0,48,14740.0,322,14750.0,75,14735.0,299,14755.0,47,14730.0,176,14760.0,37,14725.0,246,14765.0,27,14720.0,165
1597988594608869888,1597988594500000000,2020-08-21 13:43:14.500000,14740.0,14985.0,14720.0,14780.0,nan,14841.662763,110139,8173229475.0,114943,14745.0,48,14740.0,318,14750.0,75,14735.0,299,14755.0,47,14730.0,176,14760.0,37,14725.0,246,14765.0,27,14720.0,165
1597988595124197888,1597988595000000000,2020-08-21 13:43:15.000000,14740.0,14985.0,14720.0,14780.0,nan,14841.662763,110139,8173229475.0,114943,14745.0,48,14740.0,322,14750.0,75,14735.0,299,14755.0,47,14730.0,176,14760.0,37,14725.0,246,14765.0,27,14720.0,165
1597988595615571968,1597988595500000000,2020-08-21 13:43:15.500000,14745.0,14985.0,14720.0,14780.0,nan,14841.655742,110147,8173819275.0,114947,14745.0,40,14740.0,323,14750.0,75,14735.0,299,14755.0,47,14730.0,176,14760.0,37,14725.0,246,14765.0,27,14720.0,165
1597988596616537088,1597988596500000000,2020-08-21 13:43:16.500000,14740.0,14985.0,14720.0,14780.0,nan,14841.637514,110167,8175293400.0,114939,14745.0,36,14740.0,308,14750.0,75,14735.0,299,14755.0,47,14730.0,176,14760.0,37,14725.0,246,14765.0,27,14720.0,165
1597988598608080896,1597988598500000000,2020-08-21 13:43:18.500000,14745.0,14985.0,14720.0,14780.0,nan,14841.636637,110168,8175367125.0,114939,14745.0,35,14740.0,308,14750.0,75,14735.0,299,14755.0,47,14730.0,176,14760.0,37,14725.0,246,14765.0,27,14720.0,165
1597988599602216960,1597988599500000000,2020-08-21 13:43:19.500000,14745.0,14985.0,14720.0,14780.0,nan,14841.636637,110168,8175367125.0,114939,14745.0,33,14740.0,308,14750.0,75,14735.0,299,14755.0,47,14730.0,176,14760.0,37,14725.0,246,14765.0,27,14720.0,165
1597988600599366912,1597988600500000000,2020-08-21 13:43:20.500000,14740.0,14985.0,14720.0,14780.0,nan,14841.635714,110169,8175440825.0,114939,14745.0,33,14740.0,307,14750.0,75,14735.0,299,14755.0,47,14730.0,176,14760.0,37,14725.0,246,14765.0,27,14720.0,165
1597988601143725056,1597988601000000000,2020-08-21 13:43:21.000000,14740.0,14985.0,14720.0,14780.0,nan,14841.635714,110169,8175440825.0,114939,14745.0,34,14740.0,309,14750.0,75,14735.0,299,14755.0,47,14730.0,176,14760.0,37,14725.0,246,14765.0,27,14720.0,165
1597988604127028992,1597988604000000000,2020-08-21 13:43:24.000000,14745.0,14985.0,14720.0,14780.0,nan,14841.634837,110170,8175514550.0,114938,14745.0,33,14740.0,310,14750.0,75,14735.0,299,14755.0,47,14730.0,176,14760.0,37,14725.0,246,14765.0,27,14720.0,165
1597988604613530880,1597988604500000000,2020-08-21 13:43:24.500000,14745.0,14985.0,14720.0,14780.0,nan,14841.634837,110170,8175514550.0,114938,14745.0,33,14740.0,311,14750.0,75,14735.0,299,14755.0,47,14730.0,176,14760.0,37,14725.0,246,14765.0,27,14720.0,165
1597988615614362112,1597988615500000000,2020-08-21 13:43:35.500000,14745.0,14985.0,14720.0,14780.0,nan,14841.634837,110170,8175514550.0,114938,14745.0,29,14740.0,311,14750.0,75,14735.0,299,14755.0,47,14730.0,176,14760.0,37,14725.0,246,14765.0,27,14720.0,165
1597988616126388992,1597988616000000000,2020-08-21 13:43:36.000000,14745.0,14985.0,14720.0,14780.0,nan,14841.628697,110177,8176030625.0,114940,14745.0,23,14740.0,311,14750.0,75,14735.0,299,14755.0,47,14730.0,176,14760.0,37,14725.0,246,14765.0,27,14720.0,165
1597988616621078016,1597988616500000000,2020-08-21 13:43:36.500000,14745.0,14985.0,14720.0,14780.0,nan,14841.626066,110180,8176251800.0,114939,14745.0,19,14740.0,312,14750.0,75,14735.0,299,14755.0,47,14730.0,176,14760.0,37,14725.0,246,14765.0,27,14720.0,165
1597988617113097984,1597988617000000000,2020-08-21 13:43:37.000000,14745.0,14985.0,14720.0,14780.0,nan,14841.609407,110199,8177652575.0,114958,14750.0,75,14740.0,312,14755.0,47,14735.0,299,14760.0,37,14730.0,176,14765.0,27,14725.0,246,14770.0,170,14720.0,165
1597988617621858048,1597988617500000000,2020-08-21 13:43:37.500000,14745.0,14985.0,14720.0,14780.0,nan,14841.607653,110201,8177800025.0,114960,14750.0,75,14745.0,1,14755.0,47,14740.0,312,14760.0,37,14735.0,299,14765.0,27,14730.0,176,14770.0,170,14725.0,246
1597988618163194112,1597988618000000000,2020-08-21 13:43:38.000000,14745.0,14985.0,14720.0,14780.0,nan,14841.606777,110202,8177873750.0,114961,14750.0,77,14745.0,7,14755.0,47,14740.0,319,14760.0,37,14735.0,299,14765.0,27,14730.0,176,14770.0,170,14725.0,246
1597988618613442048,1597988618500000000,2020-08-21 13:43:38.500000,14745.0,14985.0,14720.0,14780.0,nan,14841.606777,110202,8177873750.0,114961,14750.0,77,14745.0,10,14755.0,47,14740.0,319,14760.0,37,14735.0,299,14765.0,27,14730.0,176,14770.0,170,14725.0,246
1597988620111858944,1597988620000000000,2020-08-21 13:43:40.000000,14745.0,14985.0,14720.0,14780.0,nan,14841.606777,110202,8177873750.0,114961,14750.0,82,14745.0,10,14755.0,47,14740.0,319,14760.0,37,14735.0,299,14765.0,27,14730.0,176,14770.0,170,14725.0,246
1597988620602213888,1597988620500000000,2020-08-21 13:43:40.500000,14745.0,14985.0,14720.0,14780.0,nan,14841.606777,110202,8177873750.0,114961,14750.0,83,14745.0,10,14755.0,47,14740.0,319,14760.0,37,14735.0,299,14765.0,27,14730.0,176,14770.0,170,14725.0,246
1597988621130760960,1597988621000000000,2020-08-21 13:43:41.000000,14745.0,14985.0,14720.0,14780.0,nan,14841.602394,110207,8178242375.0,114964,14750.0,83,14745.0,5,14755.0,47,14740.0,319,14760.0,37,14735.0,299,14765.0,27,14730.0,176,14770.0,170,14725.0,246
1597988621604952064,1597988621500000000,2020-08-21 13:43:41.500000,14745.0,14985.0,14720.0,14780.0,nan,14841.598011,110212,8178611000.0,114962,14745.0,7,14740.0,319,14750.0,83,14735.0,299,14755.0,47,14730.0,176,14760.0,37,14725.0,246,14765.0,27,14720.0,165
1597988622145037056,1597988622000000000,2020-08-21 13:43:42.000000,14745.0,14985.0,14720.0,14780.0,nan,14841.598011,110212,8178611000.0,114962,14745.0,11,14740.0,319,14750.0,83,14735.0,299,14755.0,47,14730.0,176,14760.0,37,14725.0,246,14765.0,27,14720.0,165
1597988622605935104,1597988622500000000,2020-08-21 13:43:42.500000,14745.0,14985.0,14720.0,14780.0,nan,14841.598011,110212,8178611000.0,114962,14745.0,12,14740.0,318,14750.0,83,14735.0,299,14755.0,47,14730.0,176,14760.0,37,14725.0,246,14765.0,27,14720.0,165
1597988623122315008,1597988623000000000,2020-08-21 13:43:43.000000,14745.0,14985.0,14720.0,14780.0,nan,14841.598011,110212,8178611000.0,114962,14745.0,18,14740.0,318,14750.0,83,14735.0,299,14755.0,47,14730.0,176,14760.0,37,14725.0,246,14765.0,27,14720.0,165
1597988623605940992,1597988623500000000,2020-08-21 13:43:43.500000,14740.0,14985.0,14720.0,14780.0,nan,14841.515113,110302,8185244000.0,114974,14745.0,19,14740.0,228,14750.0,83,14735.0,299,14755.0,47,14730.0,176,14760.0,37,14725.0,246,14765.0,27,14720.0,165
1597988624129641984,1597988624000000000,2020-08-21 13:43:44.000000,14740.0,14985.0,14720.0,14780.0,nan,14841.515113,110302,8185244000.0,114974,14745.0,41,14740.0,227,14750.0,83,14735.0,299,14755.0,47,14730.0,176,14760.0,35,14725.0,246,14765.0,27,14720.0,165
1597988624616438016,1597988624500000000,2020-08-21 13:43:44.500000,14745.0,14985.0,14720.0,14780.0,nan,14841.514238,110303,8185317725.0,114974,14745.0,42,14740.0,227,14750.0,83,14735.0,299,14755.0,47,14730.0,176,14760.0,35,14725.0,246,14765.0,27,14720.0,165
1597988625127704064,1597988625000000000,2020-08-21 13:43:45.000000,14745.0,14985.0,14720.0,14780.0,nan,14841.513363,110304,8185391450.0,114974,14745.0,41,14740.0,227,14750.0,83,14735.0,299,14755.0,47,14730.0,176,14760.0,35,14725.0,246,14765.0,27,14720.0,165
1597988629605542912,1597988629500000000,2020-08-21 13:43:49.500000,14740.0,14985.0,14720.0,14780.0,nan,14841.501401,110317,8186349550.0,114961,14745.0,41,14740.0,214,14750.0,83,14735.0,299,14755.0,47,14730.0,176,14760.0,35,14725.0,246,14765.0,27,14720.0,165
1597988630144084992,1597988630000000000,2020-08-21 13:43:50.000000,14740.0,14985.0,14720.0,14780.0,nan,14841.501401,110317,8186349550.0,114961,14745.0,41,14740.0,216,14750.0,83,14735.0,299,14755.0,47,14730.0,176,14760.0,35,14725.0,246,14765.0,27,14720.0,165
1597988630620449024,1597988630500000000,2020-08-21 13:43:50.500000,14740.0,14985.0,14720.0,14780.0,nan,14841.501401,110317,8186349550.0,114961,14745.0,46,14740.0,216,14750.0,83,14735.0,299,14755.0,47,14730.0,176,14760.0,35,14725.0,246,14765.0,27,14720.0,165
1597988631612568064,1597988631500000000,2020-08-21 13:43:51.500000,14745.0,14985.0,14720.0,14780.0,nan,14841.500526,110318,8186423275.0,114962,14745.0,45,14740.0,216,14750.0,83,14735.0,299,14755.0,47,14730.0,176,14760.0,35,14725.0,246,14765.0,27,14720.0,165
1597988635118008064,1597988635000000000,2020-08-21 13:43:55.000000,14745.0,14985.0,14720.0,14780.0,nan,14841.461178,110363,8189740900.0,114995,14750.0,83,14745.0,5,14755.0,47,14740.0,216,14760.0,35,14735.0,299,14765.0,27,14730.0,176,14770.0,170,14725.0,246
1597988635598339072,1597988635500000000,2020-08-21 13:43:55.500000,14745.0,14985.0,14720.0,14780.0,nan,14841.461178,110363,8189740900.0,114995,14750.0,100,14745.0,6,14755.0,47,14740.0,219,14760.0,35,14735.0,299,14765.0,27,14730.0,176,14770.0,170,14725.0,246
1597988636104068096,1597988636000000000,2020-08-21 13:43:56.000000,14745.0,14985.0,14720.0,14780.0,nan,14841.455934,110369,8190183250.0,114994,14750.0,100,14740.0,218,14755.0,47,14735.0,299,14760.0,35,14730.0,176,14765.0,27,14725.0,246,14770.0,170,14720.0,165
1597988636607877120,1597988636500000000,2020-08-21 13:43:56.500000,14745.0,14985.0,14720.0,14780.0,nan,14841.455934,110369,8190183250.0,114994,14750.0,100,14740.0,219,14755.0,47,14735.0,299,14760.0,35,14730.0,176,14765.0,27,14725.0,246,14770.0,170,14720.0,165
1597988640601228032,1597988640500000000,2020-08-21 13:44:00.500000,14745.0,14985.0,14720.0,14780.0,nan,14841.455934,110369,8190183250.0,114994,14750.0,100,14740.0,220,14755.0,47,14735.0,299,14760.0,35,14730.0,176,14765.0,27,14725.0,246,14770.0,170,14720.0,165
1597988641612061952,1597988641500000000,2020-08-21 13:44:01.500000,14745.0,14985.0,14720.0,14780.0,nan,14841.455934,110369,8190183250.0,114994,14750.0,100,14740.0,370,14755.0,47,14735.0,299,14760.0,35,14730.0,176,14765.0,27,14725.0,246,14770.0,170,14720.0,165
1597988642150600960,1597988642000000000,2020-08-21 13:44:02.000000,14745.0,14985.0,14720.0,14780.0,nan,14841.455934,110369,8190183250.0,114994,14750.0,100,14745.0,1,14755.0,47,14740.0,371,14760.0,35,14735.0,299,14765.0,27,14730.0,176,14770.0,170,14725.0,246
1597988642605893120,1597988642500000000,2020-08-21 13:44:02.500000,14745.0,14985.0,14720.0,14780.0,nan,14841.455934,110369,8190183250.0,114994,14750.0,99,14745.0,8,14755.0,47,14740.0,372,14760.0,35,14735.0,299,14765.0,27,14730.0,176,14770.0,170,14725.0,246
1597988643139522048,1597988643000000000,2020-08-21 13:44:03.000000,14745.0,14985.0,14720.0,14780.0,nan,14841.455934,110369,8190183250.0,114994,14750.0,99,14745.0,13,14755.0,47,14740.0,372,14760.0,35,14735.0,299,14765.0,27,14730.0,176,14770.0,170,14725.0,246
1597988643605353984,1597988643500000000,2020-08-21 13:44:03.500000,14745.0,14985.0,14720.0,14780.0,nan,14841.455934,110369,8190183250.0,114994,14750.0,100,14745.0,15,14755.0,47,14740.0,372,14760.0,35,14735.0,299,14765.0,27,14730.0,176,14770.0,170,14725.0,246
1597988646110518016,1597988646000000000,2020-08-21 13:44:06.000000,14745.0,14985.0,14720.0,14780.0,nan,14841.442827,110384,8191289125.0,115004,14745.0,75,14740.0,372,14750.0,100,14735.0,299,14755.0,47,14730.0,176,14760.0,35,14725.0,246,14765.0,27,14720.0,165
1597988646603852032,1597988646500000000,2020-08-21 13:44:06.500000,14745.0,14985.0,14720.0,14780.0,nan,14841.441079,110386,8191436575.0,115006,14745.0,75,14740.0,371,14750.0,100,14735.0,299,14755.0,47,14730.0,176,14760.0,35,14725.0,246,14765.0,27,14720.0,165
1597988647103997952,1597988647000000000,2020-08-21 13:44:07.000000,14745.0,14985.0,14720.0,14780.0,nan,14841.441079,110386,8191436575.0,115006,14745.0,75,14740.0,370,14750.0,100,14735.0,299,14755.0,47,14730.0,176,14760.0,35,14725.0,246,14765.0,27,14720.0,165
1597988648619537920,1597988648500000000,2020-08-21 13:44:08.500000,14745.0,14985.0,14720.0,14780.0,nan,14841.440206,110387,8191510300.0,115007,14745.0,74,14740.0,370,14750.0,100,14735.0,299,14755.0,47,14730.0,176,14760.0,35,14725.0,246,14765.0,27,14720.0,165
1597988657596516096,1597988657500000000,2020-08-21 13:44:17.500000,14745.0,14985.0,14720.0,14780.0,nan,14841.438459,110389,8191657750.0,115009,14745.0,72,14740.0,370,14750.0,100,14735.0,299,14755.0,47,14730.0,176,14760.0,35,14725.0,246,14765.0,27,14720.0,165
1597988662615128064,1597988662500000000,2020-08-21 13:44:22.500000,14745.0,14985.0,14720.0,14780.0,nan,14841.438459,110389,8191657750.0,115009,14745.0,74,14740.0,370,14750.0,100,14735.0,299,14755.0,47,14730.0,176,14760.0,35,14725.0,246,14765.0,27,14720.0,165
1597988663124037888,1597988663000000000,2020-08-21 13:44:23.000000,14745.0,14985.0,14720.0,14780.0,nan,14841.438459,110389,8191657750.0,115009,14745.0,81,14740.0,370,14750.0,100,14735.0,299,14755.0,47,14730.0,176,14760.0,35,14725.0,246,14765.0,27,14720.0,165
1597988664115606016,1597988664000000000,2020-08-21 13:44:24.000000,14745.0,14985.0,14720.0,14780.0,nan,14841.438459,110389,8191657750.0,115009,14745.0,81,14740.0,369,14750.0,100,14735.0,299,14755.0,47,14730.0,176,14760.0,35,14725.0,246,14765.0,27,14720.0,165
1597988670606828032,1597988670500000000,2020-08-21 13:44:30.500000,14745.0,14985.0,14720.0,14780.0,nan,14841.438459,110389,8191657750.0,115009,14745.0,81,14740.0,369,14750.0,99,14735.0,299,14755.0,47,14730.0,176,14760.0,35,14725.0,246,14765.0,27,14720.0,165
1597988673614080000,1597988673500000000,2020-08-21 13:44:33.500000,14745.0,14985.0,14720.0,14780.0,nan,14841.438459,110389,8191657750.0,115009,14745.0,81,14740.0,369,14750.0,94,14735.0,299,14755.0,47,14730.0,176,14760.0,35,14725.0,246,14765.0,27,14720.0,165
1597988674120741888,1597988674000000000,2020-08-21 13:44:34.000000,14745.0,14985.0,14720.0,14780.0,nan,14841.438459,110389,8191657750.0,115009,14745.0,81,14740.0,369,14750.0,91,14735.0,299,14755.0,47,14730.0,176,14760.0,35,14725.0,246,14765.0,27,14720.0,165
1597988674620027904,1597988674500000000,2020-08-21 13:44:34.500000,14745.0,14985.0,14720.0,14780.0,nan,14841.438459,110389,8191657750.0,115009,14745.0,84,14740.0,369,14750.0,91,14735.0,299,14755.0,47,14730.0,176,14760.0,35,14725.0,246,14765.0,27,14720.0,165
1597988682612528896,1597988682500000000,2020-08-21 13:44:42.500000,14745.0,14985.0,14720.0,14780.0,nan,14841.438459,110389,8191657750.0,115009,14745.0,85,14740.0,369,14750.0,91,14735.0,299,14755.0,47,14730.0,176,14760.0,35,14725.0,246,14765.0,27,14720.0,165
1597988683121326080,1597988683000000000,2020-08-21 13:44:43.000000,14745.0,14985.0,14720.0,14780.0,nan,14841.438459,110389,8191657750.0,115009,14745.0,89,14740.0,369,14750.0,91,14735.0,299,14755.0,47,14730.0,176,14760.0,35,14725.0,246,14765.0,27,14720.0,165
1597988684120886016,1597988684000000000,2020-08-21 13:44:44.000000,14745.0,14985.0,14720.0,14780.0,nan,14841.438459,110389,8191657750.0,115009,14745.0,90,14740.0,369,14750.0,91,14735.0,299,14755.0,47,14730.0,176,14760.0,35,14725.0,246,14765.0,27,14720.0,165
1597988686100361984,1597988686000000000,2020-08-21 13:44:46.000000,14740.0,14985.0,14720.0,14780.0,nan,14841.43754,110390,8191731450.0,115009,14745.0,90,14740.0,368,14750.0,91,14735.0,299,14755.0,47,14730.0,176,14760.0,35,14725.0,246,14765.0,27,14720.0,165
1597988686617125120,1597988686500000000,2020-08-21 13:44:46.500000,14740.0,14985.0,14720.0,14780.0,nan,14841.43754,110390,8191731450.0,115009,14745.0,90,14740.0,368,14750.0,91,14735.0,299,14755.0,47,14730.0,176,14760.0,45,14725.0,246,14765.0,27,14720.0,165
1597988688116220928,1597988688000000000,2020-08-21 13:44:48.000000,14740.0,14985.0,14720.0,14780.0,nan,14841.43754,110390,8191731450.0,115009,14745.0,90,14740.0,369,14750.0,91,14735.0,299,14755.0,47,14730.0,176,14760.0,45,14725.0,246,14765.0,27,14720.0,165
1597988688614739968,1597988688500000000,2020-08-21 13:44:48.500000,14740.0,14985.0,14720.0,14780.0,nan,14841.43754,110390,8191731450.0,115009,14745.0,90,14740.0,369,14750.0,90,14735.0,299,14755.0,47,14730.0,176,14760.0,45,14725.0,246,14765.0,27,14720.0,165
1597988689104474112,1597988689000000000,2020-08-21 13:44:49.000000,14740.0,14985.0,14720.0,14780.0,nan,14841.436621,110391,8191805150.0,115008,14745.0,91,14740.0,368,14750.0,90,14735.0,299,14755.0,47,14730.0,176,14760.0,45,14725.0,246,14765.0,27,14720.0,165
1597988690604608000,1597988690500000000,2020-08-21 13:44:50.500000,14740.0,14985.0,14720.0,14780.0,nan,14841.435702,110392,8191878850.0,115008,14745.0,91,14740.0,367,14750.0,90,14735.0,299,14755.0,47,14730.0,176,14760.0,45,14725.0,246,14765.0,27,14720.0,165
1597988691141591040,1597988691000000000,2020-08-21 13:44:51.000000,14740.0,14985.0,14720.0,14780.0,nan,14841.435702,110392,8191878850.0,115008,14745.0,95,14740.0,367,14750.0,90,14735.0,299,14755.0,47,14730.0,176,14760.0,45,14725.0,246,14765.0,27,14720.0,165
1597988694130366976,1597988694000000000,2020-08-21 13:44:54.000000,14740.0,14985.0,14720.0,14780.0,nan,14841.435702,110392,8191878850.0,115008,14745.0,95,14740.0,368,14750.0,90,14735.0,299,14755.0,47,14730.0,176,14760.0,45,14725.0,246,14765.0,27,14720.0,165
1597988694600173056,1597988694500000000,2020-08-21 13:44:54.500000,14740.0,14985.0,14720.0,14780.0,nan,14841.434783,110393,8191952550.0,115007,14745.0,94,14740.0,367,14750.0,90,14735.0,299,14755.0,47,14730.0,176,14760.0,45,14725.0,246,14765.0,27,14720.0,165
1597988697607063040,1597988697500000000,2020-08-21 13:44:57.500000,14740.0,14985.0,14720.0,14780.0,nan,14841.434783,110393,8191952550.0,115007,14745.0,94,14740.0,367,14750.0,90,14735.0,299,14755.0,45,14730.0,176,14760.0,45,14725.0,246,14765.0,27,14720.0,165
1597988698102725888,1597988698000000000,2020-08-21 13:44:58.000000,14740.0,14985.0,14720.0,14780.0,nan,14841.434783,110393,8191952550.0,115007,14745.0,94,14740.0,367,14750.0,90,14735.0,299,14755.0,45,14730.0,176,14760.0,45,14725.0,245,14765.0,27,14720.0,165
1597988701103343104,1597988701000000000,2020-08-21 13:45:01.000000,14740.0,14985.0,14720.0,14780.0,nan,14841.434783,110393,8191952550.0,115007,14745.0,94,14740.0,367,14750.0,90,14735.0,299,14755.0,45,14730.0,174,14760.0,45,14725.0,245,14765.0,27,14720.0,165
1597988701601067008,1597988701500000000,2020-08-21 13:45:01.500000,14745.0,14985.0,14720.0,14780.0,nan,14841.430415,110398,8192321175.0,115007,14745.0,97,14740.0,367,14750.0,90,14735.0,299,14755.0,45,14730.0,174,14760.0,45,14725.0,245,14765.0,28,14720.0,165
1597988703116269056,1597988703000000000,2020-08-21 13:45:03.000000,14745.0,14985.0,14720.0,14780.0,nan,14841.429542,110399,8192394900.0,115008,14745.0,96,14740.0,367,14750.0,90,14735.0,299,14755.0,45,14730.0,174,14760.0,45,14725.0,245,14765.0,28,14720.0,165
1597988703609991936,1597988703500000000,2020-08-21 13:45:03.500000,14745.0,14985.0,14720.0,14780.0,nan,14841.429542,110399,8192394900.0,115008,14745.0,96,14740.0,367,14750.0,77,14735.0,299,14755.0,45,14730.0,174,14760.0,45,14725.0,245,14765.0,28,14720.0,165
1597988704145783040,1597988704000000000,2020-08-21 13:45:04.000000,14745.0,14985.0,14720.0,14780.0,nan,14841.429542,110399,8192394900.0,115008,14745.0,110,14740.0,367,14750.0,77,14735.0,299,14755.0,45,14730.0,174,14760.0,45,14725.0,245,14765.0,28,14720.0,165
1597988706141498880,1597988706000000000,2020-08-21 13:45:06.000000,14745.0,14985.0,14720.0,14780.0,nan,14841.429542,110399,8192394900.0,115008,14745.0,127,14740.0,368,14750.0,77,14735.0,299,14755.0,45,14730.0,174,14760.0,45,14725.0,245,14765.0,28,14720.0,165
1597988707120073984,1597988707000000000,2020-08-21 13:45:07.000000,14740.0,14985.0,14720.0,14780.0,nan,14841.093476,110766,8219442800.0,115109,14740.0,11,14735.0,299,14745.0,133,14730.0,174,14750.0,77,14725.0,245,14755.0,45,14720.0,165,14760.0,45,14715.0,330
1597988707608609024,1597988707500000000,2020-08-21 13:45:07.500000,14740.0,14985.0,14720.0,14780.0,nan,14841.085263,110775,8220106100.0,115109,14740.0,47,14735.0,300,14745.0,114,14730.0,174,14750.0,73,14725.0,232,14755.0,54,14720.0,165,14760.0,45,14715.0,330
1597988708146235904,1597988708000000000,2020-08-21 13:45:08.000000,14740.0,14985.0,14720.0,14780.0,nan,14841.085263,110775,8220106100.0,115109,14740.0,60,14735.0,300,14745.0,110,14730.0,174,14750.0,72,14725.0,232,14755.0,54,14720.0,165,14760.0,44,14715.0,330
1597988708593093120,1597988708500000000,2020-08-21 13:45:08.500000,14740.0,14985.0,14720.0,14780.0,nan,14841.085263,110775,8220106100.0,115109,14740.0,60,14735.0,300,14745.0,110,14730.0,174,14750.0,73,14725.0,232,14755.0,54,14720.0,165,14760.0,44,14715.0,330
1597988710606405888,1597988710500000000,2020-08-21 13:45:10.500000,14740.0,14985.0,14720.0,14780.0,nan,14841.085263,110775,8220106100.0,115109,14740.0,80,14735.0,300,14745.0,110,14730.0,174,14750.0,73,14725.0,232,14755.0,54,14720.0,165,14760.0,44,14715.0,330
1597988712604384000,1597988712500000000,2020-08-21 13:45:12.500000,14740.0,14985.0,14720.0,14780.0,nan,14841.08435,110776,8220179800.0,115109,14740.0,79,14735.0,300,14745.0,110,14730.0,174,14750.0,73,14725.0,232,14755.0,54,14720.0,165,14760.0,44,14715.0,330
1597988713107293952,1597988713000000000,2020-08-21 13:45:13.000000,14740.0,14985.0,14720.0,14780.0,nan,14841.08435,110776,8220179800.0,115109,14740.0,80,14735.0,300,14745.0,110,14730.0,174,14750.0,73,14725.0,232,14755.0,54,14720.0,165,14760.0,44,14715.0,330
1597988714616570880,1597988714500000000,2020-08-21 13:45:14.500000,14740.0,14985.0,14720.0,14780.0,nan,14841.083438,110777,8220253500.0,115109,14740.0,79,14735.0,300,14745.0,110,14730.0,174,14750.0,73,14725.0,232,14755.0,54,14720.0,165,14760.0,44,14715.0,330
1597988715128284928,1597988715000000000,2020-08-21 13:45:15.000000,14740.0,14985.0,14720.0,14780.0,nan,14841.083438,110777,8220253500.0,115109,14740.0,80,14735.0,300,14745.0,110,14730.0,174,14750.0,73,14725.0,232,14755.0,54,14720.0,165,14760.0,44,14715.0,330
1597988716600745984,1597988716500000000,2020-08-21 13:45:16.500000,14740.0,14985.0,14720.0,14780.0,nan,14841.079788,110781,8220548300.0,115109,14740.0,76,14735.0,300,14745.0,110,14730.0,174,14750.0,73,14725.0,232,14755.0,54,14720.0,165,14760.0,44,14715.0,330
1597988717147034880,1597988717000000000,2020-08-21 13:45:17.000000,14740.0,14985.0,14720.0,14780.0,nan,14841.010491,110857,8226149500.0,115090,14740.0,3,14735.0,301,14745.0,110,14730.0,174,14750.0,73,14725.0,232,14755.0,54,14720.0,165,14760.0,44,14715.0,330
1597988717618385920,1597988717500000000,2020-08-21 13:45:17.500000,14745.0,14985.0,14720.0,14780.0,nan,14841.005069,110863,8226591725.0,115091,14745.0,108,14735.0,303,14750.0,73,14730.0,174,14755.0,54,14725.0,232,14760.0,44,14720.0,165,14765.0,27,14715.0,330
1597988718149836032,1597988718000000000,2020-08-21 13:45:18.000000,14745.0,14985.0,14720.0,14780.0,nan,14841.004203,110864,8226665450.0,115091,14745.0,107,14740.0,4,14750.0,73,14735.0,304,14755.0,53,14730.0,174,14760.0,45,14725.0,232,14765.0,27,14720.0,165
1597988718612397056,1597988718500000000,2020-08-21 13:45:18.500000,14745.0,14985.0,14720.0,14780.0,nan,14841.004203,110864,8226665450.0,115091,14745.0,107,14740.0,26,14750.0,73,14735.0,305,14755.0,53,14730.0,174,14760.0,45,14725.0,232,14765.0,27,14720.0,165
1597988719096589056,1597988719000000000,2020-08-21 13:45:19.000000,14745.0,14985.0,14720.0,14780.0,nan,14841.004203,110864,8226665450.0,115091,14745.0,107,14740.0,27,14750.0,73,14735.0,306,14755.0,53,14730.0,174,14760.0,45,14725.0,232,14765.0,27,14720.0,165
1597988719612209920,1597988719500000000,2020-08-21 13:45:19.500000,14745.0,14985.0,14720.0,14780.0,nan,14841.004203,110864,8226665450.0,115091,14745.0,107,14740.0,31,14750.0,73,14735.0,306,14755.0,53,14730.0,174,14760.0,45,14725.0,232,14765.0,27,14720.0,165
1597988720145392128,1597988720000000000,2020-08-21 13:45:20.000000,14745.0,14985.0,14720.0,14780.0,nan,14841.004203,110864,8226665450.0,115091,14745.0,107,14740.0,33,14750.0,73,14735.0,307,14755.0,53,14730.0,174,14760.0,45,14725.0,232,14765.0,27,14720.0,165
1597988720612879104,1597988720500000000,2020-08-21 13:45:20.500000,14745.0,14985.0,14720.0,14780.0,nan,14841.004203,110864,8226665450.0,115091,14745.0,107,14740.0,33,14750.0,73,14735.0,309,14755.0,53,14730.0,174,14760.0,45,14725.0,232,14765.0,27,14720.0,165
1597988722615002112,1597988722500000000,2020-08-21 13:45:22.500000,14745.0,14985.0,14720.0,14780.0,nan,14841.004203,110864,8226665450.0,115091,14745.0,108,14740.0,33,14750.0,73,14735.0,309,14755.0,53,14730.0,174,14760.0,45,14725.0,232,14765.0,27,14720.0,165
1597988723114584064,1597988723000000000,2020-08-21 13:45:23.000000,14745.0,14985.0,14720.0,14780.0,nan,14841.004203,110864,8226665450.0,115091,14745.0,108,14740.0,34,14750.0,73,14735.0,309,14755.0,53,14730.0,174,14760.0,45,14725.0,232,14765.0,27,14720.0,165
1597988726147544064,1597988726000000000,2020-08-21 13:45:26.000000,14745.0,14985.0,14720.0,14780.0,nan,14841.004203,110864,8226665450.0,115091,14745.0,108,14740.0,36,14750.0,73,14735.0,309,14755.0,53,14730.0,174,14760.0,45,14725.0,232,14765.0,27,14720.0,165
1597988726612270080,1597988726500000000,2020-08-21 13:45:26.500000,14745.0,14985.0,14720.0,14780.0,nan,14841.004203,110864,8226665450.0,115091,14745.0,108,14740.0,40,14750.0,73,14735.0,309,14755.0,53,14730.0,174,14760.0,45,14725.0,232,14765.0,27,14720.0,165
1597988727115002112,1597988727000000000,2020-08-21 13:45:27.000000,14740.0,14985.0,14720.0,14780.0,nan,14841.003292,110865,8226739150.0,115091,14745.0,108,14740.0,40,14750.0,72,14735.0,309,14755.0,53,14730.0,174,14760.0,45,14725.0,232,14765.0,27,14720.0,165
1597988727612265984,1597988727500000000,2020-08-21 13:45:27.500000,14740.0,14985.0,14720.0,14780.0,nan,14841.003292,110865,8226739150.0,115091,14745.0,109,14740.0,46,14750.0,72,14735.0,307,14755.0,53,14730.0,174,14760.0,46,14725.0,232,14765.0,27,14720.0,165
