local_nano_time,quote_nano_time,datetime,last_price,highest,lowest,open,close,average,volume,amount,open_interest,ask_price1,ask_volume1,bid_price1,bid_volume1,ask_price2,ask_volume2,bid_price2,bid_volume2,ask_price3,ask_volume3,bid_price3,bid_volume3,ask_price4,ask_volume4,bid_price4,bid_volume4,ask_price5,ask_volume5,bid_price5,bid_volume5
1597988226695715072,1597988227000000000,2020-08-21 13:37:07.000000,566.4,569.4,565.4,568.0,nan,567.4,102181,5797749940.0,96891,566.4,113,566.2,181,nan,0,nan,0,nan,0,nan,0,nan,0,nan,0,nan,0,nan,0
1597988227712389888,1597988228000000000,2020-08-21 13:37:08.000000,566.4,569.4,565.4,568.0,nan,567.4,102181,5797749940.0,96891,566.4,114,566.2,181,nan,0,nan,0,nan,0,nan,0,nan,0,nan,0,nan,0,nan,0
1597988228201928960,1597988228000001024,2020-08-21 13:37:08.000001,566.2,569.4,565.4,568.0,nan,567.4,102187,5798090380.0,96885,566.4,116,566.2,175,nan,0,nan,0,nan,0,nan,0,nan,0,nan,0,nan,0,nan,0
1597988228699414016,1597988229000000000,2020-08-21 13:37:09.000000,566.2,569.4,565.4,568.0,nan,567.4,102193,5798430820.0,96885,566.4,116,566.2,172,nan,0,nan,0,nan,0,nan,0,nan,0,nan,0,nan,0,nan,0
1597988231711883008,1597988232000000000,2020-08-21 13:37:12.000000,566.2,569.4,565.4,568.0,nan,567.4,102194,5798487560.0,96884,566.4,116,566.2,171,nan,0,nan,0,nan,0,nan,0,nan,0,nan,0,nan,0,nan,0
1597988232212146944,1597988232000001024,2020-08-21 13:37:12.000001,566.2,569.4,565.4,568.0,nan,567.4,102195,5798544300.0,96884,566.4,116,566.2,170,nan,0,nan,0,nan,0,nan,0,nan,0,nan,0,nan,0,nan,0
1597988232704546048,1597988233000000000,2020-08-21 13:37:13.000000,566.4,569.4,565.4,568.0,nan,567.4,102196,5798601040.0,96883,566.4,115,566.2,170,nan,0,nan,0,nan,0,nan,0,nan,0,nan,0,nan,0,nan,0
1597988233203019008,1597988233000001024,2020-08-21 13:37:13.000001,566.4,569.4,565.4,568.0,nan,567.4,102196,5798601040.0,96883,566.4,115,566.2,172,nan,0,nan,0,nan,0,nan,0,nan,0,nan,0,nan,0,nan,0
1597988234708464896,1597988235000000000,2020-08-21 13:37:15.000000,566.4,569.4,565.4,568.0,nan,567.4,102232,5800643680.0,96883,566.4,89,566.2,162,nan,0,nan,0,nan,0,nan,0,nan,0,nan,0,nan,0,nan,0
1597988235213273088,1597988235000001024,2020-08-21 13:37:15.000001,566.4,569.4,565.4,568.0,nan,567.4,102266,5802572840.0,96895,566.4,88,566.2,178,nan,0,nan,0,nan,0,nan,0,nan,0,nan,0,nan,0,nan,0
1597988235859452928,1597988236000000000,2020-08-21 13:37:16.000000,566.4,569.4,565.4,568.0,nan,567.4,102266,5802572840.0,96895,566.4,91,566.2,181,nan,0,nan,0,nan,0,nan,0,nan,0,nan,0,nan,0,nan,0
1597988237215974912,1597988237000001024,2020-08-21 13:37:17.000001,566.4,569.4,565.4,568.0,nan,567.4,102266,5802572840.0,96895,566.4,92,566.2,181,nan,0,nan,0,nan,0,nan,0,nan,0,nan,0,nan,0,nan,0
1597988237714213120,1597988238000000000,2020-08-21 13:37:18.000000,566.4,569.4,565.4,568.0,nan,567.4,102266,5802572840.0,96895,566.4,107,566.2,192,nan,0,nan,0,nan,0,nan,0,nan,0,nan,0,nan,0,nan,0
1597988239199768064,1597988239000001024,2020-08-21 13:37:19.000001,566.4,569.4,565.4,568.0,nan,567.4,102266,5802572840.0,96895,566.4,107,566.2,193,nan,0,nan,0,nan,0,nan,0,nan,0,nan,0,nan,0,nan,0
1597988240707123968,1597988241000000000,2020-08-21 13:37:21.000000,566.4,569.4,565.4,568.0,nan,567.4,102273,5802970020.0,96894,566.4,114,566.2,187,nan,0,nan,0,nan,0,nan,0,nan,0,nan,0,nan,0,nan,0
1597988241204318976,1597988241000001024,2020-08-21 13:37:21.000001,566.4,569.4,565.4,568.0,nan,567.4,102273,5802970020.0,96894,566.4,115,566.2,193,nan,0,nan,0,nan,0,nan,0,nan,0,nan,0,nan,0,nan,0
1597988241709106944,1597988242000000000,2020-08-21 13:37:22.000000,566.4,569.4,565.4,568.0,nan,567.4,102273,5802970020.0,96894,566.4,114,566.2,193,nan,0,nan,0,nan,0,nan,0,nan,0,nan,0,nan,0,nan,0
1597988242209468928,1597988242000001024,2020-08-21 13:37:22.000001,566.4,569.4,565.4,568.0,nan,567.4,102273,5802970020.0,96894,566.4,123,566.2,193,nan,0,nan,0,nan,0,nan,0,nan,0,nan,0,nan,0,nan,0
1597988244722552064,1597988245000000000,2020-08-21 13:37:25.000000,566.2,569.4,565.4,568.0,nan,567.4,102280,5803367200.0,96894,566.4,123,566.2,186,nan,0,nan,0,nan,0,nan,0,nan,0,nan,0,nan,0,nan,0
1597988245242860032,1597988245000001024,2020-08-21 13:37:25.000001,566.2,569.4,565.4,568.0,nan,567.4,102280,5803367200.0,96894,566.4,117,566.2,177,nan,0,nan,0,nan,0,nan,0,nan,0,nan,0,nan,0,nan,0
1597988246229605120,1597988246000001024,2020-08-21 13:37:26.000001,566.2,569.4,565.4,568.0,nan,567.4,102280,5803367200.0,96894,566.4,127,566.2,187,nan,0,nan,0,nan,0,nan,0,nan,0,nan,0,nan,0,nan,0
1597988250231848960,1597988250000001024,2020-08-21 13:37:30.000001,566.2,569.4,565.4,568.0,nan,567.4,102280,5803367200.0,96894,566.4,117,566.2,187,nan,0,nan,0,nan,0,nan,0,nan,0,nan,0,nan,0,nan,0
1597988251213698048,1597988251000001024,2020-08-21 13:37:31.000001,566.2,569.4,565.4,568.0,nan,567.4,102280,5803367200.0,96894,566.4,117,566.2,187,nan,0,nan,0,nan,0,nan,0,nan,0,nan,0,nan,0,nan,0
1597988251720662016,1597988252000000000,2020-08-21 13:37:32.000000,566.2,569.4,565.4,568.0,nan,567.4,102280,5803367200.0,96894,566.4,124,566.2,187,nan,0,nan,0,nan,0,nan,0,nan,0,nan,0,nan,0,nan,0
1597988255219342080,1597988255000001024,2020-08-21 13:37:35.000001,566.2,569.4,565.4,568.0,nan,567.4,102281,5803423940.0,96894,566.4,124,566.2,186,nan,0,nan,0,nan,0,nan,0,nan,0,nan,0,nan,0,nan,0
1597988255716419072,1597988256000000000,2020-08-21 13:37:36.000000,566.2,569.4,565.4,568.0,nan,567.4,102281,5803423940.0,96894,566.4,124,566.2,198,nan,0,nan,0,nan,0,nan,0,nan,0,nan,0,nan,0,nan,0
1597988257220557056,1597988257000001024,2020-08-21 13:37:37.000001,566.2,569.4,565.4,568.0,nan,567.4,102281,5803423940.0,96894,566.4,124,566.2,199,nan,0,nan,0,nan,0,nan,0,nan,0,nan,0,nan,0,nan,0
1597988259733907968,1597988260000000000,2020-08-21 13:37:40.000000,566.4,569.4,565.4,568.0,nan,567.4,102331,5806260940.0,96871,566.4,66,566.2,199,nan,0,nan,0,nan,0,nan,0,nan,0,nan,0,nan,0,nan,0
1597988260229588992,1597988260000001024,2020-08-21 13:37:40.000001,566.4,569.4,565.4,568.0,nan,567.4,102331,5806260940.0,96871,566.4,66,566.2,202,nan,0,nan,0,nan,0,nan,0,nan,0,nan,0,nan,0,nan,0
1597988261208286976,1597988261000001024,2020-08-21 13:37:41.000001,566.4,569.4,565.4,568.0,nan,567.4,102331,5806260940.0,96871,566.4,69,566.2,202,nan,0,nan,0,nan,0,nan,0,nan,0,nan,0,nan,0,nan,0
1597988262210960896,1597988262000001024,2020-08-21 13:37:42.000001,566.4,569.4,565.4,568.0,nan,567.4,102331,5806260940.0,96871,566.4,69,566.2,203,nan,0,nan,0,nan,0,nan,0,nan,0,nan,0,nan,0,nan,0
1597988263213562112,1597988263000001024,2020-08-21 13:37:43.000001,566.4,569.4,565.4,568.0,nan,567.4,102331,5806260940.0,96871,566.4,69,566.2,203,nan,0,nan,0,nan,0,nan,0,nan,0,nan,0,nan,0,nan,0
1597988264717554944,1597988265000000000,2020-08-21 13:37:45.000000,566.4,569.4,565.4,568.0,nan,567.4,102331,5806260940.0,96871,566.4,69,566.2,214,nan,0,nan,0,nan,0,nan,0,nan,0,nan,0,nan,0,nan,0
1597988265228252928,1597988265000001024,2020-08-21 13:37:45.000001,566.4,569.4,565.4,568.0,nan,567.4,102331,5806260940.0,96871,566.4,69,566.2,215,nan,0,nan,0,nan,0,nan,0,nan,0,nan,0,nan,0,nan,0
1597988266223699968,1597988266000001024,2020-08-21 13:37:46.000001,566.2,569.4,565.4,568.0,nan,567.4,102343,5806941820.0,96865,566.4,79,566.2,193,nan,0,nan,0,nan,0,nan,0,nan,0,nan,0,nan,0,nan,0
1597988266715069952,1597988267000000000,2020-08-21 13:37:47.000000,566.2,569.4,565.4,568.0,nan,567.4,102343,5806941820.0,96865,566.4,79,566.2,199,nan,0,nan,0,nan,0,nan,0,nan,0,nan,0,nan,0,nan,0
1597988267229345024,1597988267000001024,2020-08-21 13:37:47.000001,566.2,569.4,565.4,568.0,nan,567.4,102343,5806941820.0,96865,566.4,99,566.2,209,nan,0,nan,0,nan,0,nan,0,nan,0,nan,0,nan,0,nan,0
1597988267724745984,1597988268000000000,2020-08-21 13:37:48.000000,566.2,569.4,565.4,568.0,nan,567.4,102343,5806941820.0,96865,566.4,109,566.2,209,nan,0,nan,0,nan,0,nan,0,nan,0,nan,0,nan,0,nan,0
1597988271721722112,1597988272000000000,2020-08-21 13:37:52.000000,566.2,569.4,565.4,568.0,nan,567.4,102343,5806941820.0,96865,566.4,106,566.2,209,nan,0,nan,0,nan,0,nan,0,nan,0,nan,0,nan,0,nan,0
1597988272223834112,1597988272000001024,2020-08-21 13:37:52.000001,566.2,569.4,565.4,568.0,nan,567.4,102343,5806941820.0,96865,566.4,96,566.2,209,nan,0,nan,0,nan,0,nan,0,nan,0,nan,0,nan,0,nan,0
1597988272740742912,1597988273000000000,2020-08-21 13:37:53.000000,566.2,569.4,565.4,568.0,nan,567.4,102343,5806941820.0,96865,566.4,106,566.2,209,nan,0,nan,0,nan,0,nan,0,nan,0,nan,0,nan,0,nan,0
1597988273731863040,1597988274000000000,2020-08-21 13:37:54.000000,566.2,569.4,565.4,568.0,nan,567.4,102373,5808644020.0,96849,566.4,86,566.2,167,nan,0,nan,0,nan,0,nan,0,nan,0,nan,0,nan,0,nan,0
1597988274221596928,1597988274000001024,2020-08-21 13:37:54.000001,566.2,569.4,565.4,568.0,nan,567.4,102373,5808644020.0,96849,566.4,94,566.2,181,nan,0,nan,0,nan,0,nan,0,nan,0,nan,0,nan,0,nan,0
1597988274722334976,1597988275000000000,2020-08-21 13:37:55.000000,566.4,569.4,565.4,568.0,nan,567.4,102488,5815169120.0,96906,566.6,292,566.4,14,nan,0,nan,0,nan,0,nan,0,nan,0,nan,0,nan,0,nan,0
1597988275229841920,1597988275000001024,2020-08-21 13:37:55.000001,566.4,569.4,565.4,568.0,nan,567.4,102488,5815169120.0,96906,566.6,282,566.4,33,nan,0,nan,0,nan,0,nan,0,nan,0,nan,0,nan,0,nan,0
1597988275722953984,1597988276000000000,2020-08-21 13:37:56.000000,566.4,569.4,565.4,568.0,nan,567.4,102498,5815736520.0,96896,566.6,322,566.4,53,nan,0,nan,0,nan,0,nan,0,nan,0,nan,0,nan,0,nan,0
1597988276226864896,1597988276000001024,2020-08-21 13:37:56.000001,566.4,569.4,565.4,568.0,nan,567.4,102498,5815736520.0,96896,566.6,322,566.4,54,nan,0,nan,0,nan,0,nan,0,nan,0,nan,0,nan,0,nan,0
1597988276842257920,1597988277000000000,2020-08-21 13:37:57.000000,566.4,569.4,565.4,568.0,nan,567.4,102498,5815736520.0,96896,566.6,332,566.4,64,nan,0,nan,0,nan,0,nan,0,nan,0,nan,0,nan,0,nan,0
1597988277258528000,1597988277000001024,2020-08-21 13:37:57.000001,566.4,569.4,565.4,568.0,nan,567.4,102503,5816020220.0,96896,566.6,321,566.4,49,nan,0,nan,0,nan,0,nan,0,nan,0,nan,0,nan,0,nan,0
1597988277731483904,1597988278000000000,2020-08-21 13:37:58.000000,566.4,569.4,565.4,568.0,nan,567.4,102503,5816020220.0,96896,566.6,321,566.4,42,nan,0,nan,0,nan,0,nan,0,nan,0,nan,0,nan,0,nan,0
1597988278227446016,1597988278000001024,2020-08-21 13:37:58.000001,566.4,569.4,565.4,568.0,nan,567.4,102508,5816303920.0,96896,566.6,321,566.4,37,nan,0,nan,0,nan,0,nan,0,nan,0,nan,0,nan,0,nan,0
1597988278729720064,1597988279000000000,2020-08-21 13:37:59.000000,566.4,569.4,565.4,568.0,nan,567.4,102513,5816587620.0,96896,566.6,331,566.4,45,nan,0,nan,0,nan,0,nan,0,nan,0,nan,0,nan,0,nan,0
1597988279226632960,1597988279000001024,2020-08-21 13:37:59.000001,566.4,569.4,565.4,568.0,nan,567.4,102518,5816871320.0,96901,566.6,321,566.4,41,nan,0,nan,0,nan,0,nan,0,nan,0,nan,0,nan,0,nan,0
1597988279727115008,1597988280000000000,2020-08-21 13:38:00.000000,566.4,569.4,565.4,568.0,nan,567.4,102521,5817041540.0,96903,566.6,331,566.4,38,nan,0,nan,0,nan,0,nan,0,nan,0,nan,0,nan,0,nan,0
1597988280238872064,1597988280000001024,2020-08-21 13:38:00.000001,566.4,569.4,565.4,568.0,nan,567.4,102563,5819424620.0,96887,566.4,39,566.2,206,nan,0,nan,0,nan,0,nan,0,nan,0,nan,0,nan,0,nan,0
1597988280725922048,1597988281000000000,2020-08-21 13:38:01.000000,566.2,569.4,565.4,568.0,nan,567.4,102575,5820105500.0,96887,566.4,54,566.2,174,nan,0,nan,0,nan,0,nan,0,nan,0,nan,0,nan,0,nan,0
1597988281220825088,1597988281000001024,2020-08-21 13:38:01.000001,566.2,569.4,565.4,568.0,nan,567.4,102575,5820105500.0,96887,566.4,123,566.2,194,nan,0,nan,0,nan,0,nan,0,nan,0,nan,0,nan,0,nan,0
1597988281738362880,1597988282000000000,2020-08-21 13:38:02.000000,566.2,569.4,565.4,568.0,nan,567.4,102583,5820559420.0,96886,566.4,132,566.2,186,nan,0,nan,0,nan,0,nan,0,nan,0,nan,0,nan,0,nan,0
1597988282228780032,1597988282000001024,2020-08-21 13:38:02.000001,566.2,569.4,565.4,568.0,nan,567.4,102623,5822829020.0,96899,566.4,138,566.2,146,nan,0,nan,0,nan,0,nan,0,nan,0,nan,0,nan,0,nan,0
1597988282729885952,1597988283000000000,2020-08-21 13:38:03.000000,566.2,569.4,565.4,568.0,nan,567.4,102639,5823736860.0,96905,566.4,148,566.2,108,nan,0,nan,0,nan,0,nan,0,nan,0,nan,0,nan,0,nan,0
1597988283224743936,1597988283000001024,2020-08-21 13:38:03.000001,566.2,569.4,565.4,568.0,nan,567.4,102639,5823736860.0,96905,566.4,153,566.2,108,nan,0,nan,0,nan,0,nan,0,nan,0,nan,0,nan,0,nan,0
1597988284227865088,1597988284000001024,2020-08-21 13:38:04.000001,566.2,569.4,565.4,568.0,nan,567.4,102639,5823736860.0,96905,566.4,163,566.2,108,nan,0,nan,0,nan,0,nan,0,nan,0,nan,0,nan,0,nan,0
1597988284725363968,1597988285000000000,2020-08-21 13:38:05.000000,566.2,569.4,565.4,568.0,nan,567.4,102640,5823793600.0,96906,566.4,183,566.2,108,nan,0,nan,0,nan,0,nan,0,nan,0,nan,0,nan,0,nan,0
1597988285223578112,1597988285000001024,2020-08-21 13:38:05.000001,566.2,569.4,565.4,568.0,nan,567.4,102640,5823793600.0,96906,566.4,183,566.2,107,nan,0,nan,0,nan,0,nan,0,nan,0,nan,0,nan,0,nan,0
1597988286214428928,1597988286000001024,2020-08-21 13:38:06.000001,566.2,569.4,565.4,568.0,nan,567.4,102640,5823793600.0,96906,566.4,183,566.2,87,nan,0,nan,0,nan,0,nan,0,nan,0,nan,0,nan,0,nan,0
1597988286726331904,1597988287000000000,2020-08-21 13:38:07.000000,566.2,569.4,565.4,568.0,nan,567.4,102640,5823793600.0,96906,566.4,183,566.2,78,nan,0,nan,0,nan,0,nan,0,nan,0,nan,0,nan,0,nan,0
1597988288231290112,1597988288000001024,2020-08-21 13:38:08.000001,566.2,569.4,565.4,568.0,nan,567.4,102640,5823793600.0,96906,566.4,193,566.2,78,nan,0,nan,0,nan,0,nan,0,nan,0,nan,0,nan,0,nan,0
1597988288741593088,1597988289000000000,2020-08-21 13:38:09.000000,566.2,569.4,565.4,568.0,nan,567.4,102640,5823793600.0,96906,566.4,197,566.2,73,nan,0,nan,0,nan,0,nan,0,nan,0,nan,0,nan,0,nan,0
1597988291227218944,1597988291000001024,2020-08-21 13:38:11.000001,566.2,569.4,565.4,568.0,nan,567.4,102645,5824077300.0,96911,566.4,210,566.2,69,nan,0,nan,0,nan,0,nan,0,nan,0,nan,0,nan,0,nan,0
1597988291735078912,1597988292000000000,2020-08-21 13:38:12.000000,566.2,569.4,565.4,568.0,nan,567.4,102645,5824077300.0,96911,566.4,210,566.2,79,nan,0,nan,0,nan,0,nan,0,nan,0,nan,0,nan,0,nan,0
1597988292240702976,1597988292000001024,2020-08-21 13:38:12.000001,566.2,569.4,565.4,568.0,nan,567.4,102645,5824077300.0,96911,566.4,210,566.2,79,nan,0,nan,0,nan,0,nan,0,nan,0,nan,0,nan,0,nan,0
1597988295738679040,1597988296000000000,2020-08-21 13:38:16.000000,566.2,569.4,565.4,568.0,nan,567.4,102646,5824134040.0,96911,566.4,210,566.2,78,nan,0,nan,0,nan,0,nan,0,nan,0,nan,0,nan,0,nan,0
1597988296232919040,1597988296000001024,2020-08-21 13:38:16.000001,566.2,569.4,565.4,568.0,nan,567.4,102646,5824134040.0,96911,566.4,210,566.2,91,nan,0,nan,0,nan,0,nan,0,nan,0,nan,0,nan,0,nan,0
1597988297733470976,1597988298000000000,2020-08-21 13:38:18.000000,566.2,569.4,565.4,568.0,nan,567.4,102646,5824134040.0,96911,566.4,211,566.2,104,nan,0,nan,0,nan,0,nan,0,nan,0,nan,0,nan,0,nan,0
1597988298744765952,1597988299000000000,2020-08-21 13:38:19.000000,566.2,569.4,565.4,568.0,nan,567.4,102646,5824134040.0,96911,566.4,212,566.2,104,nan,0,nan,0,nan,0,nan,0,nan,0,nan,0,nan,0,nan,0
1597988299236162048,1597988299000001024,2020-08-21 13:38:19.000001,566.2,569.4,565.4,568.0,nan,567.4,102646,5824134040.0,96911,566.4,222,566.2,104,nan,0,nan,0,nan,0,nan,0,nan,0,nan,0,nan,0,nan,0
1597988303229594880,1597988303000001024,2020-08-21 13:38:23.000001,566.2,569.4,565.4,568.0,nan,567.4,102646,5824134040.0,96911,566.4,234,566.2,104,nan,0,nan,0,nan,0,nan,0,nan,0,nan,0,nan,0,nan,0
1597988303846685952,1597988304000000000,2020-08-21 13:38:24.000000,566.2,569.4,565.4,568.0,nan,567.4,102646,5824134040.0,96911,566.4,235,566.2,104,nan,0,nan,0,nan,0,nan,0,nan,0,nan,0,nan,0,nan,0
1597988304254412032,1597988304000001024,2020-08-21 13:38:24.000001,566.2,569.4,565.4,568.0,nan,567.4,102646,5824134040.0,96911,566.4,235,566.2,94,nan,0,nan,0,nan,0,nan,0,nan,0,nan,0,nan,0,nan,0
1597988304738071040,1597988305000000000,2020-08-21 13:38:25.000000,566.2,569.4,565.4,568.0,nan,567.4,102646,5824134040.0,96911,566.4,235,566.2,105,nan,0,nan,0,nan,0,nan,0,nan,0,nan,0,nan,0,nan,0
1597988305231014912,1597988305000001024,2020-08-21 13:38:25.000001,566.2,569.4,565.4,568.0,nan,567.4,102646,5824134040.0,96911,566.4,235,566.2,115,nan,0,nan,0,nan,0,nan,0,nan,0,nan,0,nan,0,nan,0
1597988306731909120,1597988307000000000,2020-08-21 13:38:27.000000,566.2,569.4,565.4,568.0,nan,567.4,102654,5824587960.0,96911,566.4,235,566.2,117,nan,0,nan,0,nan,0,nan,0,nan,0,nan,0,nan,0,nan,0
1597988307238650112,1597988307000001024,2020-08-21 13:38:27.000001,566.2,569.4,565.4,568.0,nan,567.4,102781,5831793940.0,96908,566.2,6,566.0,472,nan,0,nan,0,nan,0,nan,0,nan,0,nan,0,nan,0,nan,0
1597988307735927040,1597988308000000000,2020-08-21 13:38:28.000000,566.2,569.4,565.4,568.0,nan,567.4,102781,5831793940.0,96908,566.2,21,566.0,442,nan,0,nan,0,nan,0,nan,0,nan,0,nan,0,nan,0,nan,0
1597988308240406016,1597988308000001024,2020-08-21 13:38:28.000001,566.2,569.4,565.4,568.0,nan,567.4,102781,5831793940.0,96908,566.2,56,566.0,472,nan,0,nan,0,nan,0,nan,0,nan,0,nan,0,nan,0,nan,0
1597988309245533952,1597988309000001024,2020-08-21 13:38:29.000001,566.0,569.4,565.4,568.0,nan,567.4,102783,5831907420.0,96908,566.2,66,566.0,490,nan,0,nan,0,nan,0,nan,0,nan,0,nan,0,nan,0,nan,0
1597988309969752064,1597988310000000000,2020-08-21 13:38:30.000000,566.2,569.4,565.4,568.0,nan,567.4,102784,5831964160.0,96909,566.2,65,566.0,490,nan,0,nan,0,nan,0,nan,0,nan,0,nan,0,nan,0,nan,0
1597988310249648128,1597988310000001024,2020-08-21 13:38:30.000001,566.2,569.4,565.4,568.0,nan,567.4,102785,5832020900.0,96908,566.2,64,566.0,490,nan,0,nan,0,nan,0,nan,0,nan,0,nan,0,nan,0,nan,0
1597988314240023040,1597988314000001024,2020-08-21 13:38:34.000001,566.2,569.4,565.4,568.0,nan,567.4,102785,5832020900.0,96908,566.2,64,566.0,500,nan,0,nan,0,nan,0,nan,0,nan,0,nan,0,nan,0,nan,0
1597988314739843072,1597988315000000000,2020-08-21 13:38:35.000000,566.2,569.4,565.4,568.0,nan,567.4,102804,5833098960.0,96903,566.2,49,566.0,500,nan,0,nan,0,nan,0,nan,0,nan,0,nan,0,nan,0,nan,0
1597988315245037056,1597988315000001024,2020-08-21 13:38:35.000001,566.2,569.4,565.4,568.0,nan,567.4,102804,5833098960.0,96903,566.2,40,566.0,500,nan,0,nan,0,nan,0,nan,0,nan,0,nan,0,nan,0,nan,0
1597988315762002944,1597988316000000000,2020-08-21 13:38:36.000000,566.2,569.4,565.4,568.0,nan,567.4,102804,5833098960.0,96903,566.2,40,566.0,512,nan,0,nan,0,nan,0,nan,0,nan,0,nan,0,nan,0,nan,0
1597988316240847872,1597988316000001024,2020-08-21 13:38:36.000001,566.2,569.4,565.4,568.0,nan,567.4,102805,5833155700.0,96904,566.2,39,566.0,512,nan,0,nan,0,nan,0,nan,0,nan,0,nan,0,nan,0,nan,0
1597988316746061056,1597988317000000000,2020-08-21 13:38:37.000000,566.2,569.4,565.4,568.0,nan,567.4,102838,5835028120.0,96929,566.4,236,566.2,14,nan,0,nan,0,nan,0,nan,0,nan,0,nan,0,nan,0,nan,0
1597988317252562944,1597988317000001024,2020-08-21 13:38:37.000001,566.2,569.4,565.4,568.0,nan,567.4,102838,5835028120.0,96929,566.4,206,566.2,21,nan,0,nan,0,nan,0,nan,0,nan,0,nan,0,nan,0,nan,0
1597988317744837888,1597988318000000000,2020-08-21 13:38:38.000000,566.0,569.4,565.4,568.0,nan,567.4,102888,5837865120.0,96964,566.2,20,566.0,526,nan,0,nan,0,nan,0,nan,0,nan,0,nan,0,nan,0,nan,0
1597988318244062976,1597988318000001024,2020-08-21 13:38:38.000001,566.0,569.4,565.4,568.0,nan,567.4,102888,5837865120.0,96964,566.2,39,566.0,506,nan,0,nan,0,nan,0,nan,0,nan,0,nan,0,nan,0,nan,0
1597988318749192960,1597988319000000000,2020-08-21 13:38:39.000000,566.0,569.4,565.4,568.0,nan,567.4,102888,5837865120.0,96964,566.2,59,566.0,526,nan,0,nan,0,nan,0,nan,0,nan,0,nan,0,nan,0,nan,0
1597988319246750976,1597988319000001024,2020-08-21 13:38:39.000001,566.0,569.4,565.4,568.0,nan,567.4,102888,5837865120.0,96964,566.2,92,566.0,526,nan,0,nan,0,nan,0,nan,0,nan,0,nan,0,nan,0,nan,0
1597988319750265088,1597988320000000000,2020-08-21 13:38:40.000000,566.0,569.4,565.4,568.0,nan,567.4,102888,5837865120.0,96964,566.2,92,566.0,514,nan,0,nan,0,nan,0,nan,0,nan,0,nan,0,nan,0,nan,0
1597988320244921088,1597988320000001024,2020-08-21 13:38:40.000001,566.0,569.4,565.4,568.0,nan,567.4,102888,5837865120.0,96964,566.2,94,566.0,514,nan,0,nan,0,nan,0,nan,0,nan,0,nan,0,nan,0,nan,0
1597988320753337088,1597988321000000000,2020-08-21 13:38:41.000000,566.2,569.4,565.4,568.0,nan,567.4,102948,5841269520.0,96973,566.2,25,566.0,504,nan,0,nan,0,nan,0,nan,0,nan,0,nan,0,nan,0,nan,0
1597988321236377088,1597988321000001024,2020-08-21 13:38:41.000001,566.2,569.4,565.4,568.0,nan,567.4,102948,5841269520.0,96973,566.2,15,566.0,504,nan,0,nan,0,nan,0,nan,0,nan,0,nan,0,nan,0,nan,0
1597988321763084032,1597988322000000000,2020-08-21 13:38:42.000000,566.2,569.4,565.4,568.0,nan,567.4,102948,5841269520.0,96973,566.2,25,566.0,514,nan,0,nan,0,nan,0,nan,0,nan,0,nan,0,nan,0,nan,0
1597988324849417984,1597988325000000000,2020-08-21 13:38:45.000000,566.2,569.4,565.4,568.0,nan,567.4,102949,5841326260.0,96973,566.2,24,566.0,514,nan,0,nan,0,nan,0,nan,0,nan,0,nan,0,nan,0,nan,0
1597988325406808064,1597988325000001024,2020-08-21 13:38:45.000001,566.0,569.4,565.4,568.0,nan,567.4,102955,5841666700.0,96975,566.2,41,566.0,508,nan,0,nan,0,nan,0,nan,0,nan,0,nan,0,nan,0,nan,0
1597988325794914048,1597988326000000000,2020-08-21 13:38:46.000000,566.0,569.4,565.4,568.0,nan,567.4,102955,5841666700.0,96975,566.2,42,566.0,508,nan,0,nan,0,nan,0,nan,0,nan,0,nan,0,nan,0,nan,0
1597988326291362048,1597988326000001024,2020-08-21 13:38:46.000001,566.0,569.4,565.4,568.0,nan,567.4,102955,5841666700.0,96975,566.2,42,566.0,506,nan,0,nan,0,nan,0,nan,0,nan,0,nan,0,nan,0,nan,0
1597988330276517120,1597988330000001024,2020-08-21 13:38:50.000001,566.0,569.4,565.4,568.0,nan,567.4,102955,5841666700.0,96975,566.2,44,566.0,506,nan,0,nan,0,nan,0,nan,0,nan,0,nan,0,nan,0,nan,0
1597988330803124992,1597988331000000000,2020-08-21 13:38:51.000000,566.0,569.4,565.4,568.0,nan,567.4,102957,5841780180.0,96975,566.2,42,566.0,504,nan,0,nan,0,nan,0,nan,0,nan,0,nan,0,nan,0,nan,0
1597988331256497920,1597988331000001024,2020-08-21 13:38:51.000001,566.0,569.4,565.4,568.0,nan,567.4,102957,5841780180.0,96975,566.2,42,566.0,507,nan,0,nan,0,nan,0,nan,0,nan,0,nan,0,nan,0,nan,0
1597988332745936896,1597988333000000000,2020-08-21 13:38:53.000000,566.0,569.4,565.4,568.0,nan,567.4,102958,5841836920.0,96975,566.2,42,566.0,506,nan,0,nan,0,nan,0,nan,0,nan,0,nan,0,nan,0,nan,0
1597988333265904128,1597988333000001024,2020-08-21 13:38:53.000001,566.0,569.4,565.4,568.0,nan,567.4,102959,5841893660.0,96976,566.2,42,566.0,505,nan,0,nan,0,nan,0,nan,0,nan,0,nan,0,nan,0,nan,0
1597988334267994112,1597988334000001024,2020-08-21 13:38:54.000001,566.0,569.4,565.4,568.0,nan,567.4,102960,5841950400.0,96976,566.2,54,566.0,504,nan,0,nan,0,nan,0,nan,0,nan,0,nan,0,nan,0,nan,0
1597988334810299904,1597988335000000000,2020-08-21 13:38:55.000000,566.0,569.4,565.4,568.0,nan,567.4,102960,5841950400.0,96976,566.2,64,566.0,504,nan,0,nan,0,nan,0,nan,0,nan,0,nan,0,nan,0,nan,0
1597988336766145024,1597988337000000000,2020-08-21 13:38:57.000000,566.2,569.4,565.4,568.0,nan,567.4,102961,5842007140.0,96977,566.2,63,566.0,504,nan,0,nan,0,nan,0,nan,0,nan,0,nan,0,nan,0,nan,0
1597988337294322944,1597988337000001024,2020-08-21 13:38:57.000001,566.2,569.4,565.4,568.0,nan,567.4,102961,5842007140.0,96977,566.2,63,566.0,509,nan,0,nan,0,nan,0,nan,0,nan,0,nan,0,nan,0,nan,0
1597988337874180096,1597988338000000000,2020-08-21 13:38:58.000000,566.2,569.4,565.4,568.0,nan,567.4,102962,5842063880.0,96978,566.2,62,566.0,509,nan,0,nan,0,nan,0,nan,0,nan,0,nan,0,nan,0,nan,0
1597988338251576064,1597988338000001024,2020-08-21 13:38:58.000001,566.2,569.4,565.4,568.0,nan,567.4,102962,5842063880.0,96978,566.2,67,566.0,509,nan,0,nan,0,nan,0,nan,0,nan,0,nan,0,nan,0,nan,0
1597988338767020032,1597988339000000000,2020-08-21 13:38:59.000000,566.2,569.4,565.4,568.0,nan,567.4,102964,5842177360.0,96978,566.2,57,566.0,499,nan,0,nan,0,nan,0,nan,0,nan,0,nan,0,nan,0,nan,0
1597988339762121984,1597988340000000000,2020-08-21 13:39:00.000000,566.2,569.4,565.4,568.0,nan,567.4,102965,5842234100.0,96978,566.2,66,566.0,509,nan,0,nan,0,nan,0,nan,0,nan,0,nan,0,nan,0,nan,0
1597988340766156032,1597988341000000000,2020-08-21 13:39:01.000000,566.2,569.4,565.4,568.0,nan,567.4,102982,5843198680.0,96979,566.2,72,566.0,514,nan,0,nan,0,nan,0,nan,0,nan,0,nan,0,nan,0,nan,0
1597988341267662080,1597988341000001024,2020-08-21 13:39:01.000001,566.2,569.4,565.4,568.0,nan,567.4,102982,5843198680.0,96979,566.2,77,566.0,528,nan,0,nan,0,nan,0,nan,0,nan,0,nan,0,nan,0,nan,0
1597988341783475968,1597988342000000000,2020-08-21 13:39:02.000000,566.2,569.4,565.4,568.0,nan,567.4,102984,5843312160.0,96979,566.2,97,566.0,528,nan,0,nan,0,nan,0,nan,0,nan,0,nan,0,nan,0,nan,0
1597988342250475008,1597988342000001024,2020-08-21 13:39:02.000001,566.2,569.4,565.4,568.0,nan,567.4,102984,5843312160.0,96979,566.2,124,566.0,528,nan,0,nan,0,nan,0,nan,0,nan,0,nan,0,nan,0,nan,0
1597988342764329984,1597988343000000000,2020-08-21 13:39:03.000000,566.2,569.4,565.4,568.0,nan,567.4,102985,5843368900.0,96979,566.2,123,566.0,528,nan,0,nan,0,nan,0,nan,0,nan,0,nan,0,nan,0,nan,0
1597988343268006912,1597988343000001024,2020-08-21 13:39:03.000001,566.2,569.4,565.4,568.0,nan,567.4,102985,5843368900.0,96979,566.2,130,566.0,528,nan,0,nan,0,nan,0,nan,0,nan,0,nan,0,nan,0,nan,0
1597988344252888064,1597988344000001024,2020-08-21 13:39:04.000001,566.2,569.4,565.4,568.0,nan,567.4,102986,5843425640.0,96979,566.2,129,566.0,528,nan,0,nan,0,nan,0,nan,0,nan,0,nan,0,nan,0,nan,0
1597988344761939968,1597988345000000000,2020-08-21 13:39:05.000000,566.2,569.4,565.4,568.0,nan,567.4,102988,5843539120.0,96979,566.2,127,566.0,527,nan,0,nan,0,nan,0,nan,0,nan,0,nan,0,nan,0,nan,0
1597988347458242048,1597988347000001024,2020-08-21 13:39:07.000001,566.2,569.4,565.4,568.0,nan,567.4,102988,5843539120.0,96979,566.2,127,566.0,530,nan,0,nan,0,nan,0,nan,0,nan,0,nan,0,nan,0,nan,0
1597988347759431936,1597988348000000000,2020-08-21 13:39:08.000000,566.2,569.4,565.4,568.0,nan,567.4,102988,5843539120.0,96979,566.2,131,566.0,530,nan,0,nan,0,nan,0,nan,0,nan,0,nan,0,nan,0,nan,0
1597988349755049984,1597988350000000000,2020-08-21 13:39:10.000000,566.2,569.4,565.4,568.0,nan,567.4,103111,5850518140.0,97021,566.4,171,566.2,4,nan,0,nan,0,nan,0,nan,0,nan,0,nan,0,nan,0,nan,0
1597988350278211072,1597988350000001024,2020-08-21 13:39:10.000001,566.2,569.4,565.4,568.0,nan,567.4,103111,5850518140.0,97021,566.4,153,566.2,46,nan,0,nan,0,nan,0,nan,0,nan,0,nan,0,nan,0,nan,0
1597988350806999040,1597988351000000000,2020-08-21 13:39:11.000000,566.2,569.4,565.4,568.0,nan,567.4,103111,5850518140.0,97021,566.4,174,566.2,76,nan,0,nan,0,nan,0,nan,0,nan,0,nan,0,nan,0,nan,0
1597988351266278912,1597988351000001024,2020-08-21 13:39:11.000001,566.2,569.4,565.4,568.0,nan,567.4,103111,5850518140.0,97021,566.4,194,566.2,77,nan,0,nan,0,nan,0,nan,0,nan,0,nan,0,nan,0,nan,0
1597988351785008896,1597988352000000000,2020-08-21 13:39:12.000000,566.2,569.4,565.4,568.0,nan,567.4,103111,5850518140.0,97021,566.4,204,566.2,87,nan,0,nan,0,nan,0,nan,0,nan,0,nan,0,nan,0,nan,0
1597988352401746944,1597988352000001024,2020-08-21 13:39:12.000001,566.2,569.4,565.4,568.0,nan,567.4,103111,5850518140.0,97021,566.4,224,566.2,97,nan,0,nan,0,nan,0,nan,0,nan,0,nan,0,nan,0,nan,0
1597988352860891904,1597988353000000000,2020-08-21 13:39:13.000000,566.4,569.4,565.4,568.0,nan,567.4,103112,5850574880.0,97021,566.4,223,566.2,97,nan,0,nan,0,nan,0,nan,0,nan,0,nan,0,nan,0,nan,0
1597988353269764096,1597988353000001024,2020-08-21 13:39:13.000001,566.4,569.4,565.4,568.0,nan,567.4,103112,5850574880.0,97021,566.4,223,566.2,101,nan,0,nan,0,nan,0,nan,0,nan,0,nan,0,nan,0,nan,0
1597988354257337088,1597988354000001024,2020-08-21 13:39:14.000001,566.2,569.4,565.4,568.0,nan,567.4,103113,5850631620.0,97020,566.4,223,566.2,100,nan,0,nan,0,nan,0,nan,0,nan,0,nan,0,nan,0,nan,0
1597988355256055040,1597988355000001024,2020-08-21 13:39:15.000001,566.2,569.4,565.4,568.0,nan,567.4,103113,5850631620.0,97020,566.4,226,566.2,100,nan,0,nan,0,nan,0,nan,0,nan,0,nan,0,nan,0,nan,0
1597988355752535040,1597988356000000000,2020-08-21 13:39:16.000000,566.2,569.4,565.4,568.0,nan,567.4,103113,5850631620.0,97020,566.4,226,566.2,103,nan,0,nan,0,nan,0,nan,0,nan,0,nan,0,nan,0,nan,0
1597988356253876992,1597988356000001024,2020-08-21 13:39:16.000001,566.2,569.4,565.4,568.0,nan,567.4,103113,5850631620.0,97020,566.4,230,566.2,123,nan,0,nan,0,nan,0,nan,0,nan,0,nan,0,nan,0,nan,0
1597988356754267904,1597988357000000000,2020-08-21 13:39:17.000000,566.2,569.4,565.4,568.0,nan,567.4,103113,5850631620.0,97020,566.4,220,566.2,123,nan,0,nan,0,nan,0,nan,0,nan,0,nan,0,nan,0,nan,0
1597988357758161920,1597988358000000000,2020-08-21 13:39:18.000000,566.2,569.4,565.4,568.0,nan,567.4,103113,5850631620.0,97020,566.4,224,566.2,123,nan,0,nan,0,nan,0,nan,0,nan,0,nan,0,nan,0,nan,0
1597988360257579008,1597988360000001024,2020-08-21 13:39:20.000001,566.4,569.4,565.4,568.0,nan,567.4,103114,5850688360.0,97020,566.4,225,566.2,123,nan,0,nan,0,nan,0,nan,0,nan,0,nan,0,nan,0,nan,0
1597988360756706048,1597988361000000000,2020-08-21 13:39:21.000000,566.4,569.4,565.4,568.0,nan,567.4,103114,5850688360.0,97020,566.4,225,566.2,126,nan,0,nan,0,nan,0,nan,0,nan,0,nan,0,nan,0,nan,0
1597988362773626112,1597988363000000000,2020-08-21 13:39:23.000000,566.0,569.4,565.4,568.0,nan,567.4,103624,5879625760.0,97186,566.2,55,566.0,149,nan,0,nan,0,nan,0,nan,0,nan,0,nan,0,nan,0,nan,0
1597988363261731072,1597988363000001024,2020-08-21 13:39:23.000001,566.0,569.4,565.4,568.0,nan,567.4,103650,5881101000.0,97199,566.2,173,566.0,88,nan,0,nan,0,nan,0,nan,0,nan,0,nan,0,nan,0,nan,0
1597988363761010944,1597988364000000000,2020-08-21 13:39:24.000000,566.0,569.4,565.4,568.0,nan,567.4,103650,5881101000.0,97199,566.2,234,566.0,141,nan,0,nan,0,nan,0,nan,0,nan,0,nan,0,nan,0,nan,0
1597988364264271104,1597988364000001024,2020-08-21 13:39:24.000001,566.0,569.4,565.4,568.0,nan,567.4,103650,5881101000.0,97199,566.2,244,566.0,141,nan,0,nan,0,nan,0,nan,0,nan,0,nan,0,nan,0,nan,0
1597988364764635904,1597988365000000000,2020-08-21 13:39:25.000000,566.0,569.4,565.4,568.0,nan,567.4,103651,5881157740.0,97199,566.2,264,566.0,150,nan,0,nan,0,nan,0,nan,0,nan,0,nan,0,nan,0,nan,0
1597988365264489984,1597988365000001024,2020-08-21 13:39:25.000001,566.0,569.4,565.4,568.0,nan,567.4,103651,5881157740.0,97199,566.2,288,566.0,170,nan,0,nan,0,nan,0,nan,0,nan,0,nan,0,nan,0,nan,0
1597988366784654080,1597988367000000000,2020-08-21 13:39:27.000000,566.0,569.4,565.4,568.0,nan,567.4,103651,5881157740.0,97199,566.2,293,566.0,170,nan,0,nan,0,nan,0,nan,0,nan,0,nan,0,nan,0,nan,0
1597988367764029952,1597988368000000000,2020-08-21 13:39:28.000000,566.0,569.4,565.4,568.0,nan,567.4,103651,5881157740.0,97199,566.2,297,566.0,170,nan,0,nan,0,nan,0,nan,0,nan,0,nan,0,nan,0,nan,0
1597988368762616064,1597988369000000000,2020-08-21 13:39:29.000000,566.0,569.4,565.4,568.0,nan,567.4,103651,5881157740.0,97199,566.2,302,566.0,170,nan,0,nan,0,nan,0,nan,0,nan,0,nan,0,nan,0,nan,0
1597988370300785920,1597988370000001024,2020-08-21 13:39:30.000001,566.0,569.4,565.4,568.0,nan,567.4,103691,5883427340.0,97182,566.2,302,566.0,121,nan,0,nan,0,nan,0,nan,0,nan,0,nan,0,nan,0,nan,0
1597988370771309056,1597988371000000000,2020-08-21 13:39:31.000000,566.0,569.4,565.4,568.0,nan,567.4,103691,5883427340.0,97182,566.2,302,566.0,114,nan,0,nan,0,nan,0,nan,0,nan,0,nan,0,nan,0,nan,0
1597988371275314944,1597988371000001024,2020-08-21 13:39:31.000001,566.0,569.4,565.4,568.0,nan,567.4,103694,5883597560.0,97182,566.2,296,566.0,111,nan,0,nan,0,nan,0,nan,0,nan,0,nan,0,nan,0,nan,0
1597988373773540096,1597988374000000000,2020-08-21 13:39:34.000000,566.0,569.4,565.4,568.0,nan,567.4,103694,5883597560.0,97182,566.2,302,566.0,111,nan,0,nan,0,nan,0,nan,0,nan,0,nan,0,nan,0,nan,0
1597988374271524096,1597988374000001024,2020-08-21 13:39:34.000001,566.0,569.4,565.4,568.0,nan,567.4,103694,5883597560.0,97182,566.2,306,566.0,111,nan,0,nan,0,nan,0,nan,0,nan,0,nan,0,nan,0,nan,0
1597988374794607104,1597988375000000000,2020-08-21 13:39:35.000000,566.0,569.4,565.4,568.0,nan,567.4,103694,5883597560.0,97182,566.2,316,566.0,111,nan,0,nan,0,nan,0,nan,0,nan,0,nan,0,nan,0,nan,0
1597988375266502912,1597988375000001024,2020-08-21 13:39:35.000001,566.0,569.4,565.4,568.0,nan,567.4,103694,5883597560.0,97182,566.2,317,566.0,111,nan,0,nan,0,nan,0,nan,0,nan,0,nan,0,nan,0,nan,0
1597988375770361088,1597988376000000000,2020-08-21 13:39:36.000000,566.0,569.4,565.4,568.0,nan,567.4,103694,5883597560.0,97182,566.2,321,566.0,111,nan,0,nan,0,nan,0,nan,0,nan,0,nan,0,nan,0,nan,0
1597988376268441088,1597988376000001024,2020-08-21 13:39:36.000001,566.0,569.4,565.4,568.0,nan,567.4,103694,5883597560.0,97182,566.2,317,566.0,127,nan,0,nan,0,nan,0,nan,0,nan,0,nan,0,nan,0,nan,0
1597988376775712000,1597988377000000000,2020-08-21 13:39:37.000000,566.0,569.4,565.4,568.0,nan,567.4,103695,5883654300.0,97183,566.2,321,566.0,126,nan,0,nan,0,nan,0,nan,0,nan,0,nan,0,nan,0,nan,0
1597988377275844096,1597988377000001024,2020-08-21 13:39:37.000001,566.0,569.4,565.4,568.0,nan,567.4,103695,5883654300.0,97183,566.2,321,566.0,133,nan,0,nan,0,nan,0,nan,0,nan,0,nan,0,nan,0,nan,0
1597988377777085952,1597988378000000000,2020-08-21 13:39:38.000000,566.0,569.4,565.4,568.0,nan,567.4,103695,5883654300.0,97183,566.2,322,566.0,133,nan,0,nan,0,nan,0,nan,0,nan,0,nan,0,nan,0,nan,0
1597988378368409088,1597988378000001024,2020-08-21 13:39:38.000001,566.0,569.4,565.4,568.0,nan,567.4,103695,5883654300.0,97183,566.2,324,566.0,133,nan,0,nan,0,nan,0,nan,0,nan,0,nan,0,nan,0,nan,0
1597988379762974976,1597988380000000000,2020-08-21 13:39:40.000000,566.2,569.4,565.4,568.0,nan,567.4,103740,5886207600.0,97193,566.2,271,566.0,133,nan,0,nan,0,nan,0,nan,0,nan,0,nan,0,nan,0,nan,0
1597988380271083008,1597988380000001024,2020-08-21 13:39:40.000001,566.2,569.4,565.4,568.0,nan,567.4,103740,5886207600.0,97193,566.2,272,566.0,143,nan,0,nan,0,nan,0,nan,0,nan,0,nan,0,nan,0,nan,0
1597988380773116928,1597988381000000000,2020-08-21 13:39:41.000000,566.2,569.4,565.4,568.0,nan,567.4,103740,5886207600.0,97193,566.2,291,566.0,153,nan,0,nan,0,nan,0,nan,0,nan,0,nan,0,nan,0,nan,0
1597988381263845888,1597988381000001024,2020-08-21 13:39:41.000001,566.2,569.4,565.4,568.0,nan,567.4,103740,5886207600.0,97193,566.2,291,566.0,173,nan,0,nan,0,nan,0,nan,0,nan,0,nan,0,nan,0,nan,0
1597988384269498112,1597988384000001024,2020-08-21 13:39:44.000001,566.0,569.4,565.4,568.0,nan,567.4,103742,5886321080.0,97195,566.2,291,566.0,171,nan,0,nan,0,nan,0,nan,0,nan,0,nan,0,nan,0,nan,0
1597988384766486016,1597988385000000000,2020-08-21 13:39:45.000000,566.0,569.4,565.4,568.0,nan,567.4,103742,5886321080.0,97195,566.2,291,566.0,174,nan,0,nan,0,nan,0,nan,0,nan,0,nan,0,nan,0,nan,0
1597988385768353024,1597988386000000000,2020-08-21 13:39:46.000000,566.0,569.4,565.4,568.0,nan,567.4,103742,5886321080.0,97195,566.2,304,566.0,174,nan,0,nan,0,nan,0,nan,0,nan,0,nan,0,nan,0,nan,0
1597988387268678912,1597988387000001024,2020-08-21 13:39:47.000001,566.0,569.4,565.4,568.0,nan,567.4,103742,5886321080.0,97195,566.2,305,566.0,174,nan,0,nan,0,nan,0,nan,0,nan,0,nan,0,nan,0,nan,0
1597988391783512064,1597988392000000000,2020-08-21 13:39:52.000000,566.0,569.4,565.4,568.0,nan,567.4,103742,5886321080.0,97195,566.2,305,566.0,175,nan,0,nan,0,nan,0,nan,0,nan,0,nan,0,nan,0,nan,0
1597988393277712896,1597988393000001024,2020-08-21 13:39:53.000001,566.0,569.4,565.4,568.0,nan,567.4,103743,5886377820.0,97195,566.2,305,566.0,174,nan,0,nan,0,nan,0,nan,0,nan,0,nan,0,nan,0,nan,0
1597988393772712960,1597988394000000000,2020-08-21 13:39:54.000000,566.0,569.4,565.4,568.0,nan,567.4,103743,5886377820.0,97195,566.2,305,566.0,180,nan,0,nan,0,nan,0,nan,0,nan,0,nan,0,nan,0,nan,0
1597988394780098048,1597988395000000000,2020-08-21 13:39:55.000000,566.0,569.4,565.4,568.0,nan,567.4,103744,5886434560.0,97196,566.2,305,566.0,179,nan,0,nan,0,nan,0,nan,0,nan,0,nan,0,nan,0,nan,0
1597988395774701056,1597988396000000000,2020-08-21 13:39:56.000000,566.0,569.4,565.4,568.0,nan,567.4,103744,5886434560.0,97196,566.2,308,566.0,179,nan,0,nan,0,nan,0,nan,0,nan,0,nan,0,nan,0,nan,0
1597988397286701056,1597988397000001024,2020-08-21 13:39:57.000001,566.0,569.4,565.4,568.0,nan,567.4,103744,5886434560.0,97196,566.2,317,566.0,162,nan,0,nan,0,nan,0,nan,0,nan,0,nan,0,nan,0,nan,0
1597988397793185024,1597988398000000000,2020-08-21 13:39:58.000000,566.0,569.4,565.4,568.0,nan,567.4,103744,5886434560.0,97196,566.2,318,566.0,162,nan,0,nan,0,nan,0,nan,0,nan,0,nan,0,nan,0,nan,0
1597988398271053056,1597988398000001024,2020-08-21 13:39:58.000001,566.0,569.4,565.4,568.0,nan,567.4,103744,5886434560.0,97196,566.2,319,566.0,162,nan,0,nan,0,nan,0,nan,0,nan,0,nan,0,nan,0,nan,0
1597988400279450112,1597988400000001024,2020-08-21 13:40:00.000001,566.0,569.4,565.4,568.0,nan,567.4,103744,5886434560.0,97196,566.2,320,566.0,162,nan,0,nan,0,nan,0,nan,0,nan,0,nan,0,nan,0,nan,0
1597988400781059072,1597988401000000000,2020-08-21 13:40:01.000000,566.0,569.4,565.4,568.0,nan,567.4,103747,5886604780.0,97196,566.2,320,566.0,159,nan,0,nan,0,nan,0,nan,0,nan,0,nan,0,nan,0,nan,0
1597988401284483072,1597988401000001024,2020-08-21 13:40:01.000001,566.0,569.4,565.4,568.0,nan,567.4,103747,5886604780.0,97196,566.2,321,566.0,165,nan,0,nan,0,nan,0,nan,0,nan,0,nan,0,nan,0,nan,0
1597988401784259072,1597988402000000000,2020-08-21 13:40:02.000000,566.0,569.4,565.4,568.0,nan,567.4,103747,5886604780.0,97196,566.2,324,566.0,165,nan,0,nan,0,nan,0,nan,0,nan,0,nan,0,nan,0,nan,0
1597988402285037056,1597988402000001024,2020-08-21 13:40:02.000001,566.0,569.4,565.4,568.0,nan,567.4,103748,5886661520.0,97196,566.2,324,566.0,164,nan,0,nan,0,nan,0,nan,0,nan,0,nan,0,nan,0,nan,0
1597988403778409984,1597988404000000000,2020-08-21 13:40:04.000000,566.2,569.4,565.4,568.0,nan,567.4,103750,5886775000.0,97196,566.2,312,566.0,154,nan,0,nan,0,nan,0,nan,0,nan,0,nan,0,nan,0,nan,0
1597988404292224000,1597988404000001024,2020-08-21 13:40:04.000001,566.2,569.4,565.4,568.0,nan,567.4,103750,5886775000.0,97196,566.2,322,566.0,154,nan,0,nan,0,nan,0,nan,0,nan,0,nan,0,nan,0,nan,0
1597988404773629952,1597988405000000000,2020-08-21 13:40:05.000000,566.0,569.4,565.4,568.0,nan,567.4,103752,5886888480.0,97194,566.2,322,566.0,155,nan,0,nan,0,nan,0,nan,0,nan,0,nan,0,nan,0,nan,0
1597988406285946112,1597988406000001024,2020-08-21 13:40:06.000001,566.0,569.4,565.4,568.0,nan,567.4,103752,5886888480.0,97194,566.2,312,566.0,155,nan,0,nan,0,nan,0,nan,0,nan,0,nan,0,nan,0,nan,0
1597988406791220992,1597988407000000000,2020-08-21 13:40:07.000000,566.0,569.4,565.4,568.0,nan,567.4,103752,5886888480.0,97194,566.2,312,566.0,157,nan,0,nan,0,nan,0,nan,0,nan,0,nan,0,nan,0,nan,0
1597988408870408960,1597988409000000000,2020-08-21 13:40:09.000000,566.0,569.4,565.4,568.0,nan,567.4,103752,5886888480.0,97194,566.2,323,566.0,157,nan,0,nan,0,nan,0,nan,0,nan,0,nan,0,nan,0,nan,0
1597988411794095104,1597988412000000000,2020-08-21 13:40:12.000000,566.0,569.4,565.4,568.0,nan,567.4,103753,5886945220.0,97194,566.2,323,566.0,156,nan,0,nan,0,nan,0,nan,0,nan,0,nan,0,nan,0,nan,0
1597988412288547072,1597988412000001024,2020-08-21 13:40:12.000001,566.0,569.4,565.4,568.0,nan,567.4,103753,5886945220.0,97194,566.2,323,566.0,173,nan,0,nan,0,nan,0,nan,0,nan,0,nan,0,nan,0,nan,0
1597988412790656000,1597988413000000000,2020-08-21 13:40:13.000000,566.0,569.4,565.4,568.0,nan,567.4,103754,5887001960.0,97194,566.2,320,566.0,172,nan,0,nan,0,nan,0,nan,0,nan,0,nan,0,nan,0,nan,0
1597988413281819904,1597988413000001024,2020-08-21 13:40:13.000001,566.0,569.4,565.4,568.0,nan,567.4,103755,5887058700.0,97194,566.2,320,566.0,171,nan,0,nan,0,nan,0,nan,0,nan,0,nan,0,nan,0,nan,0
1597988413787812096,1597988414000000000,2020-08-21 13:40:14.000000,566.2,569.4,565.4,568.0,nan,567.4,103756,5887115440.0,97194,566.2,323,566.0,175,nan,0,nan,0,nan,0,nan,0,nan,0,nan,0,nan,0,nan,0
1597988414281543936,1597988414000001024,2020-08-21 13:40:14.000001,566.2,569.4,565.4,568.0,nan,567.4,103756,5887115440.0,97194,566.2,323,566.0,181,nan,0,nan,0,nan,0,nan,0,nan,0,nan,0,nan,0,nan,0
1597988414794712064,1597988415000000000,2020-08-21 13:40:15.000000,566.2,569.4,565.4,568.0,nan,567.4,103756,5887115440.0,97194,566.2,325,566.0,181,nan,0,nan,0,nan,0,nan,0,nan,0,nan,0,nan,0,nan,0
1597988415285211904,1597988415000001024,2020-08-21 13:40:15.000001,566.2,569.4,565.4,568.0,nan,567.4,103756,5887115440.0,97194,566.2,335,566.0,185,nan,0,nan,0,nan,0,nan,0,nan,0,nan,0,nan,0,nan,0
1597988418286640128,1597988418000001024,2020-08-21 13:40:18.000001,566.2,569.4,565.4,568.0,nan,567.4,103756,5887115440.0,97194,566.2,332,566.0,185,nan,0,nan,0,nan,0,nan,0,nan,0,nan,0,nan,0,nan,0
1597988418792750080,1597988419000000000,2020-08-21 13:40:19.000000,566.2,569.4,565.4,568.0,nan,567.4,103756,5887115440.0,97194,566.2,323,566.0,190,nan,0,nan,0,nan,0,nan,0,nan,0,nan,0,nan,0,nan,0
1597988419293381120,1597988419000001024,2020-08-21 13:40:19.000001,566.2,569.4,565.4,568.0,nan,567.4,103756,5887115440.0,97194,566.2,333,566.0,196,nan,0,nan,0,nan,0,nan,0,nan,0,nan,0,nan,0,nan,0
1597988421286791936,1597988421000001024,2020-08-21 13:40:21.000001,566.2,569.4,565.4,568.0,nan,567.4,103756,5887115440.0,97194,566.2,333,566.0,195,nan,0,nan,0,nan,0,nan,0,nan,0,nan,0,nan,0,nan,0
1597988421781733120,1597988422000000000,2020-08-21 13:40:22.000000,566.0,569.4,565.4,568.0,nan,567.4,103757,5887172180.0,97194,566.2,333,566.0,194,nan,0,nan,0,nan,0,nan,0,nan,0,nan,0,nan,0,nan,0
1597988422284678912,1597988422000001024,2020-08-21 13:40:22.000001,566.0,569.4,565.4,568.0,nan,567.4,103757,5887172180.0,97194,566.2,333,566.0,201,nan,0,nan,0,nan,0,nan,0,nan,0,nan,0,nan,0,nan,0
1597988422783389952,1597988423000000000,2020-08-21 13:40:23.000000,566.0,569.4,565.4,568.0,nan,567.4,103758,5887228920.0,97194,566.2,333,566.0,200,nan,0,nan,0,nan,0,nan,0,nan,0,nan,0,nan,0,nan,0
1597988423796588032,1597988424000000000,2020-08-21 13:40:24.000000,566.2,569.4,565.4,568.0,nan,567.4,103759,5887285660.0,97194,566.2,332,566.0,200,nan,0,nan,0,nan,0,nan,0,nan,0,nan,0,nan,0,nan,0
1597988424306534912,1597988424000001024,2020-08-21 13:40:24.000001,566.2,569.4,565.4,568.0,nan,567.4,103759,5887285660.0,97194,566.2,332,566.0,203,nan,0,nan,0,nan,0,nan,0,nan,0,nan,0,nan,0,nan,0
1597988425287520000,1597988425000001024,2020-08-21 13:40:25.000001,566.2,569.4,565.4,568.0,nan,567.4,103759,5887285660.0,97194,566.2,341,566.0,203,nan,0,nan,0,nan,0,nan,0,nan,0,nan,0,nan,0,nan,0
1597988425788676096,1597988426000000000,2020-08-21 13:40:26.000000,566.2,569.4,565.4,568.0,nan,567.4,103759,5887285660.0,97194,566.2,341,566.0,204,nan,0,nan,0,nan,0,nan,0,nan,0,nan,0,nan,0,nan,0
1597988426841575936,1597988427000000000,2020-08-21 13:40:27.000000,566.2,569.4,565.4,568.0,nan,567.4,103759,5887285660.0,97194,566.2,352,566.0,204,nan,0,nan,0,nan,0,nan,0,nan,0,nan,0,nan,0,nan,0
1597988428291095040,1597988428000001024,2020-08-21 13:40:28.000001,566.2,569.4,565.4,568.0,nan,567.4,103759,5887285660.0,97194,566.2,352,566.0,205,nan,0,nan,0,nan,0,nan,0,nan,0,nan,0,nan,0,nan,0
1597988428790445056,1597988429000000000,2020-08-21 13:40:29.000000,566.2,569.4,565.4,568.0,nan,567.4,103759,5887285660.0,97194,566.2,351,566.0,205,nan,0,nan,0,nan,0,nan,0,nan,0,nan,0,nan,0,nan,0
1597988429297182976,1597988429000001024,2020-08-21 13:40:29.000001,566.2,569.4,565.4,568.0,nan,567.4,103759,5887285660.0,97194,566.2,353,566.0,205,nan,0,nan,0,nan,0,nan,0,nan,0,nan,0,nan,0,nan,0
1597988429797874944,1597988430000000000,2020-08-21 13:40:30.000000,566.0,569.4,565.4,568.0,nan,567.4,103967,5899087580.0,97307,566.0,40,565.8,335,nan,0,nan,0,nan,0,nan,0,nan,0,nan,0,nan,0,nan,0
1597988430376702976,1597988430000001024,2020-08-21 13:40:30.000001,565.8,569.4,565.4,568.0,nan,567.4,103972,5899371280.0,97304,566.0,154,565.8,332,nan,0,nan,0,nan,0,nan,0,nan,0,nan,0,nan,0,nan,0
1597988430801445120,1597988431000000000,2020-08-21 13:40:31.000000,565.8,569.4,565.4,568.0,nan,567.4,103973,5899428020.0,97305,566.0,187,565.8,361,nan,0,nan,0,nan,0,nan,0,nan,0,nan,0,nan,0,nan,0
1597988431368695040,1597988431000001024,2020-08-21 13:40:31.000001,565.8,569.4,565.4,568.0,nan,567.4,103973,5899428020.0,97305,566.0,199,565.8,336,nan,0,nan,0,nan,0,nan,0,nan,0,nan,0,nan,0,nan,0
1597988431811464960,1597988432000000000,2020-08-21 13:40:32.000000,566.0,569.4,565.4,568.0,nan,567.4,103993,5900562820.0,97301,566.0,181,565.8,338,nan,0,nan,0,nan,0,nan,0,nan,0,nan,0,nan,0,nan,0
1597988432291027968,1597988432000001024,2020-08-21 13:40:32.000001,565.8,569.4,565.4,568.0,nan,567.4,103994,5900619560.0,97302,566.0,181,565.8,347,nan,0,nan,0,nan,0,nan,0,nan,0,nan,0,nan,0,nan,0
1597988432801080064,1597988433000000000,2020-08-21 13:40:33.000000,566.0,569.4,565.4,568.0,nan,567.4,104000,5900960000.0,97303,566.0,186,565.8,356,nan,0,nan,0,nan,0,nan,0,nan,0,nan,0,nan,0,nan,0
1597988433294365952,1597988433000001024,2020-08-21 13:40:33.000001,565.8,569.4,565.4,568.0,nan,567.4,104001,5901016740.0,97304,566.0,203,565.8,365,nan,0,nan,0,nan,0,nan,0,nan,0,nan,0,nan,0,nan,0
1597988433835488000,1597988434000000000,2020-08-21 13:40:34.000000,566.0,569.4,565.4,568.0,nan,567.4,104002,5901073480.0,97304,566.0,224,565.8,368,nan,0,nan,0,nan,0,nan,0,nan,0,nan,0,nan,0,nan,0
1597988434297932032,1597988434000001024,2020-08-21 13:40:34.000001,566.0,569.4,565.4,568.0,nan,567.4,104002,5901073480.0,97304,566.0,225,565.8,367,nan,0,nan,0,nan,0,nan,0,nan,0,nan,0,nan,0,nan,0
1597988434800485888,1597988435000000000,2020-08-21 13:40:35.000000,566.0,569.4,565.4,568.0,nan,567.4,104002,5901073480.0,97304,566.0,237,565.8,367,nan,0,nan,0,nan,0,nan,0,nan,0,nan,0,nan,0,nan,0
1597988435298638080,1597988435000001024,2020-08-21 13:40:35.000001,566.0,569.4,565.4,568.0,nan,567.4,104008,5901413920.0,97304,566.0,240,565.8,366,nan,0,nan,0,nan,0,nan,0,nan,0,nan,0,nan,0,nan,0
1597988435805061888,1597988436000000000,2020-08-21 13:40:36.000000,565.8,569.4,565.4,568.0,nan,567.4,104009,5901470660.0,97305,566.0,243,565.8,365,nan,0,nan,0,nan,0,nan,0,nan,0,nan,0,nan,0,nan,0
1597988436315348992,1597988436000001024,2020-08-21 13:40:36.000001,565.8,569.4,565.4,568.0,nan,567.4,104029,5902605460.0,97293,566.0,243,565.8,364,nan,0,nan,0,nan,0,nan,0,nan,0,nan,0,nan,0,nan,0
1597988436795369984,1597988437000000000,2020-08-21 13:40:37.000000,565.8,569.4,565.4,568.0,nan,567.4,104030,5902662200.0,97294,566.0,251,565.8,363,nan,0,nan,0,nan,0,nan,0,nan,0,nan,0,nan,0,nan,0
1597988437304372992,1597988437000001024,2020-08-21 13:40:37.000001,565.8,569.4,565.4,568.0,nan,567.4,104030,5902662200.0,97294,566.0,268,565.8,367,nan,0,nan,0,nan,0,nan,0,nan,0,nan,0,nan,0,nan,0
1597988438300858112,1597988438000001024,2020-08-21 13:40:38.000001,565.8,569.4,565.4,568.0,nan,567.4,104030,5902662200.0,97294,566.0,286,565.8,367,nan,0,nan,0,nan,0,nan,0,nan,0,nan,0,nan,0,nan,0
1597988438813490944,1597988439000000000,2020-08-21 13:40:39.000000,565.8,569.4,565.4,568.0,nan,567.4,104030,5902662200.0,97294,566.0,298,565.8,367,nan,0,nan,0,nan,0,nan,0,nan,0,nan,0,nan,0,nan,0
1597988439304582912,1597988439000001024,2020-08-21 13:40:39.000001,566.0,569.4,565.4,568.0,nan,567.4,104041,5903286340.0,97299,566.0,287,565.8,363,nan,0,nan,0,nan,0,nan,0,nan,0,nan,0,nan,0,nan,0
1597988439799778048,1597988440000000000,2020-08-21 13:40:40.000000,565.8,569.4,565.4,568.0,nan,567.4,104042,5903343080.0,97300,566.0,287,565.8,365,nan,0,nan,0,nan,0,nan,0,nan,0,nan,0,nan,0,nan,0
1597988440809933056,1597988441000000000,2020-08-21 13:40:41.000000,565.8,569.4,565.4,568.0,nan,567.4,104042,5903343080.0,97300,566.0,277,565.8,365,nan,0,nan,0,nan,0,nan,0,nan,0,nan,0,nan,0,nan,0
1597988441803045120,1597988442000000000,2020-08-21 13:40:42.000000,565.8,569.4,565.4,568.0,nan,567.4,104043,5903399820.0,97300,566.0,277,565.8,364,nan,0,nan,0,nan,0,nan,0,nan,0,nan,0,nan,0,nan,0
1597988442319667968,1597988442000001024,2020-08-21 13:40:42.000001,565.8,569.4,565.4,568.0,nan,567.4,104043,5903399820.0,97300,566.0,265,565.8,364,nan,0,nan,0,nan,0,nan,0,nan,0,nan,0,nan,0,nan,0
1597988443309211904,1597988443000001024,2020-08-21 13:40:43.000001,566.0,569.4,565.4,568.0,nan,567.4,104048,5903683520.0,97305,566.0,260,565.8,364,nan,0,nan,0,nan,0,nan,0,nan,0,nan,0,nan,0,nan,0
1597988443793921024,1597988444000000000,2020-08-21 13:40:44.000000,566.0,569.4,565.4,568.0,nan,567.4,104050,5903797000.0,97307,566.0,259,565.8,366,nan,0,nan,0,nan,0,nan,0,nan,0,nan,0,nan,0,nan,0
1597988445793639936,1597988446000000000,2020-08-21 13:40:46.000000,566.0,569.4,565.4,568.0,nan,567.4,104311,5918606140.0,97360,566.2,156,566.0,36,nan,0,nan,0,nan,0,nan,0,nan,0,nan,0,nan,0,nan,0
1597988446287739904,1597988446000001024,2020-08-21 13:40:46.000001,566.0,569.4,565.4,568.0,nan,567.4,104311,5918606140.0,97360,566.2,116,566.0,127,nan,0,nan,0,nan,0,nan,0,nan,0,nan,0,nan,0,nan,0
1597988446801555968,1597988447000000000,2020-08-21 13:40:47.000000,566.0,569.4,565.4,568.0,nan,567.4,104311,5918606140.0,97360,566.2,156,566.0,168,nan,0,nan,0,nan,0,nan,0,nan,0,nan,0,nan,0,nan,0
1597988447794298112,1597988448000000000,2020-08-21 13:40:48.000000,566.0,569.4,565.4,568.0,nan,567.4,104311,5918606140.0,97360,566.2,166,566.0,178,nan,0,nan,0,nan,0,nan,0,nan,0,nan,0,nan,0,nan,0
1597988448294754048,1597988448000001024,2020-08-21 13:40:48.000001,566.0,569.4,565.4,568.0,nan,567.4,104311,5918606140.0,97360,566.2,176,566.0,178,nan,0,nan,0,nan,0,nan,0,nan,0,nan,0,nan,0,nan,0
1597988449809778944,1597988450000000000,2020-08-21 13:40:50.000000,566.0,569.4,565.4,568.0,nan,567.4,104326,5919457240.0,97345,566.2,176,566.0,163,nan,0,nan,0,nan,0,nan,0,nan,0,nan,0,nan,0,nan,0
1597988450301620992,1597988450000001024,2020-08-21 13:40:50.000001,566.0,569.4,565.4,568.0,nan,567.4,104493,5928932820.0,97439,566.0,83,565.8,373,nan,0,nan,0,nan,0,nan,0,nan,0,nan,0,nan,0,nan,0
1597988450798023936,1597988451000000000,2020-08-21 13:40:51.000000,566.0,569.4,565.4,568.0,nan,567.4,104493,5928932820.0,97439,566.0,105,565.8,344,nan,0,nan,0,nan,0,nan,0,nan,0,nan,0,nan,0,nan,0
1597988451302706944,1597988451000001024,2020-08-21 13:40:51.000001,566.0,569.4,565.4,568.0,nan,567.4,104496,5929103040.0,97442,566.0,122,565.8,351,nan,0,nan,0,nan,0,nan,0,nan,0,nan,0,nan,0,nan,0
1597988451804719104,1597988452000000000,2020-08-21 13:40:52.000000,566.0,569.4,565.4,568.0,nan,567.4,104496,5929103040.0,97442,566.0,142,565.8,354,nan,0,nan,0,nan,0,nan,0,nan,0,nan,0,nan,0,nan,0
1597988452302769920,1597988452000001024,2020-08-21 13:40:52.000001,566.0,569.4,565.4,568.0,nan,567.4,104496,5929103040.0,97442,566.0,168,565.8,365,nan,0,nan,0,nan,0,nan,0,nan,0,nan,0,nan,0,nan,0
1597988452804463104,1597988453000000000,2020-08-21 13:40:53.000000,566.0,569.4,565.4,568.0,nan,567.4,104496,5929103040.0,97442,566.0,169,565.8,345,nan,0,nan,0,nan,0,nan,0,nan,0,nan,0,nan,0,nan,0
1597988453302473984,1597988453000001024,2020-08-21 13:40:53.000001,566.0,569.4,565.4,568.0,nan,567.4,104496,5929103040.0,97442,566.0,189,565.8,345,nan,0,nan,0,nan,0,nan,0,nan,0,nan,0,nan,0,nan,0
1597988453814757120,1597988454000000000,2020-08-21 13:40:54.000000,566.0,569.4,565.4,568.0,nan,567.4,104497,5929159780.0,97443,566.0,188,565.8,355,nan,0,nan,0,nan,0,nan,0,nan,0,nan,0,nan,0,nan,0
1597988454309405952,1597988454000001024,2020-08-21 13:40:54.000001,566.0,569.4,565.4,568.0,nan,567.4,104502,5929443480.0,97448,566.0,181,565.8,358,nan,0,nan,0,nan,0,nan,0,nan,0,nan,0,nan,0,nan,0
1597988454794987008,1597988455000000000,2020-08-21 13:40:55.000000,566.0,569.4,565.4,568.0,nan,567.4,104502,5929443480.0,97448,566.0,191,565.8,363,nan,0,nan,0,nan,0,nan,0,nan,0,nan,0,nan,0,nan,0
1597988456804518912,1597988457000000000,2020-08-21 13:40:57.000000,566.0,569.4,565.4,568.0,nan,567.4,104505,5929613700.0,97451,566.0,188,565.8,363,nan,0,nan,0,nan,0,nan,0,nan,0,nan,0,nan,0,nan,0
1597988457308886016,1597988457000001024,2020-08-21 13:40:57.000001,566.0,569.4,565.4,568.0,nan,567.4,104510,5929897400.0,97456,566.0,183,565.8,366,nan,0,nan,0,nan,0,nan,0,nan,0,nan,0,nan,0,nan,0
1597988458801986048,1597988459000000000,2020-08-21 13:40:59.000000,566.0,569.4,565.4,568.0,nan,567.4,104510,5929897400.0,97456,566.0,286,565.8,366,nan,0,nan,0,nan,0,nan,0,nan,0,nan,0,nan,0,nan,0
1597988460306415104,1597988460000001024,2020-08-21 13:41:00.000001,565.8,569.4,565.4,568.0,nan,567.4,104513,5930067620.0,97456,566.0,286,565.8,368,nan,0,nan,0,nan,0,nan,0,nan,0,nan,0,nan,0,nan,0
1597988460800525056,1597988461000000000,2020-08-21 13:41:01.000000,565.8,569.4,565.4,568.0,nan,567.4,104513,5930067620.0,97456,566.0,270,565.8,376,nan,0,nan,0,nan,0,nan,0,nan,0,nan,0,nan,0,nan,0
1597988461384619008,1597988461000001024,2020-08-21 13:41:01.000001,565.8,569.4,565.4,568.0,nan,567.4,104513,5930067620.0,97456,566.0,273,565.8,377,nan,0,nan,0,nan,0,nan,0,nan,0,nan,0,nan,0,nan,0
1597988461812976128,1597988462000000000,2020-08-21 13:41:02.000000,565.8,569.4,565.4,568.0,nan,567.4,104513,5930067620.0,97456,566.0,278,565.8,377,nan,0,nan,0,nan,0,nan,0,nan,0,nan,0,nan,0,nan,0
1597988462319729920,1597988462000001024,2020-08-21 13:41:02.000001,565.8,569.4,565.4,568.0,nan,567.4,104513,5930067620.0,97456,566.0,283,565.8,377,nan,0,nan,0,nan,0,nan,0,nan,0,nan,0,nan,0,nan,0
1597988462818950912,1597988463000000000,2020-08-21 13:41:03.000000,565.8,569.4,565.4,568.0,nan,567.4,104513,5930067620.0,97456,566.0,292,565.8,377,nan,0,nan,0,nan,0,nan,0,nan,0,nan,0,nan,0,nan,0
1597988463305255936,1597988463000001024,2020-08-21 13:41:03.000001,565.8,569.4,565.4,568.0,nan,567.4,104513,5930067620.0,97456,566.0,308,565.8,377,nan,0,nan,0,nan,0,nan,0,nan,0,nan,0,nan,0,nan,0
1597988463813363968,1597988464000000000,2020-08-21 13:41:04.000000,566.0,569.4,565.4,568.0,nan,567.4,104514,5930124360.0,97457,566.0,307,565.8,377,nan,0,nan,0,nan,0,nan,0,nan,0,nan,0,nan,0,nan,0
1597988464304079872,1597988464000001024,2020-08-21 13:41:04.000001,566.0,569.4,565.4,568.0,nan,567.4,104514,5930124360.0,97457,566.0,311,565.8,380,nan,0,nan,0,nan,0,nan,0,nan,0,nan,0,nan,0,nan,0
1597988465806555904,1597988466000000000,2020-08-21 13:41:06.000000,565.8,569.4,565.4,568.0,nan,567.4,104515,5930181100.0,97458,566.0,311,565.8,379,nan,0,nan,0,nan,0,nan,0,nan,0,nan,0,nan,0,nan,0
1597988466315892992,1597988466000001024,2020-08-21 13:41:06.000001,565.8,569.4,565.4,568.0,nan,567.4,104516,5930237840.0,97459,566.0,311,565.8,378,nan,0,nan,0,nan,0,nan,0,nan,0,nan,0,nan,0,nan,0
1597988470819942912,1597988471000000000,2020-08-21 13:41:11.000000,565.8,569.4,565.4,568.0,nan,567.4,104532,5931145680.0,97475,566.0,332,565.8,362,nan,0,nan,0,nan,0,nan,0,nan,0,nan,0,nan,0,nan,0
1597988471317905920,1597988471000001024,2020-08-21 13:41:11.000001,565.8,569.4,565.4,568.0,nan,567.4,104532,5931145680.0,97475,566.0,331,565.8,368,nan,0,nan,0,nan,0,nan,0,nan,0,nan,0,nan,0,nan,0
1597988471810123008,1597988472000000000,2020-08-21 13:41:12.000000,565.8,569.4,565.4,568.0,nan,567.4,104532,5931145680.0,97475,566.0,333,565.8,368,nan,0,nan,0,nan,0,nan,0,nan,0,nan,0,nan,0,nan,0
1597988472815170048,1597988473000000000,2020-08-21 13:41:13.000000,566.0,569.4,565.4,568.0,nan,567.4,104533,5931202420.0,97475,566.0,332,565.8,368,nan,0,nan,0,nan,0,nan,0,nan,0,nan,0,nan,0,nan,0
1597988473809270016,1597988474000000000,2020-08-21 13:41:14.000000,566.0,569.4,565.4,568.0,nan,567.4,104534,5931259160.0,97476,566.0,331,565.8,368,nan,0,nan,0,nan,0,nan,0,nan,0,nan,0,nan,0,nan,0
1597988474305388032,1597988474000001024,2020-08-21 13:41:14.000001,566.0,569.4,565.4,568.0,nan,567.4,104534,5931259160.0,97476,566.0,332,565.8,371,nan,0,nan,0,nan,0,nan,0,nan,0,nan,0,nan,0,nan,0
1597988474804487936,1597988475000000000,2020-08-21 13:41:15.000000,566.0,569.4,565.4,568.0,nan,567.4,104537,5931429380.0,97476,566.0,326,565.8,374,nan,0,nan,0,nan,0,nan,0,nan,0,nan,0,nan,0,nan,0
1597988475317854976,1597988475000001024,2020-08-21 13:41:15.000001,566.0,569.4,565.4,568.0,nan,567.4,104537,5931429380.0,97476,566.0,336,565.8,374,nan,0,nan,0,nan,0,nan,0,nan,0,nan,0,nan,0,nan,0
1597988475803468032,1597988476000000000,2020-08-21 13:41:16.000000,566.0,569.4,565.4,568.0,nan,567.4,104537,5931429380.0,97476,566.0,340,565.8,374,nan,0,nan,0,nan,0,nan,0,nan,0,nan,0,nan,0,nan,0
1597988476307480064,1597988476000001024,2020-08-21 13:41:16.000001,566.0,569.4,565.4,568.0,nan,567.4,104537,5931429380.0,97476,566.0,350,565.8,374,nan,0,nan,0,nan,0,nan,0,nan,0,nan,0,nan,0,nan,0
1597988476811313920,1597988477000000000,2020-08-21 13:41:17.000000,566.0,569.4,565.4,568.0,nan,567.4,104537,5931429380.0,97476,566.0,356,565.8,374,nan,0,nan,0,nan,0,nan,0,nan,0,nan,0,nan,0,nan,0
1597988477810003968,1597988478000000000,2020-08-21 13:41:18.000000,566.0,569.4,565.4,568.0,nan,567.4,104540,5931599600.0,97478,566.0,355,565.8,373,nan,0,nan,0,nan,0,nan,0,nan,0,nan,0,nan,0,nan,0
1597988478339252992,1597988478000001024,2020-08-21 13:41:18.000001,566.0,569.4,565.4,568.0,nan,567.4,104542,5931713080.0,97478,566.0,353,565.8,374,nan,0,nan,0,nan,0,nan,0,nan,0,nan,0,nan,0,nan,0
1597988478806787072,1597988479000000000,2020-08-21 13:41:19.000000,566.0,569.4,565.4,568.0,nan,567.4,104542,5931713080.0,97478,566.0,353,565.8,379,nan,0,nan,0,nan,0,nan,0,nan,0,nan,0,nan,0,nan,0
1597988480326031872,1597988480000001024,2020-08-21 13:41:20.000001,566.0,569.4,565.4,568.0,nan,567.4,104542,5931713080.0,97478,566.0,354,565.8,379,nan,0,nan,0,nan,0,nan,0,nan,0,nan,0,nan,0,nan,0
1597988482310102016,1597988482000001024,2020-08-21 13:41:22.000001,566.0,569.4,565.4,568.0,nan,567.4,104544,5931826560.0,97479,566.0,352,565.8,383,nan,0,nan,0,nan,0,nan,0,nan,0,nan,0,nan,0,nan,0
1597988482816754944,1597988483000000000,2020-08-21 13:41:23.000000,566.0,569.4,565.4,568.0,nan,567.4,104558,5932620920.0,97490,566.0,338,565.8,383,nan,0,nan,0,nan,0,nan,0,nan,0,nan,0,nan,0,nan,0
1597988483815096064,1597988484000000000,2020-08-21 13:41:24.000000,566.0,569.4,565.4,568.0,nan,567.4,104561,5932791140.0,97491,566.0,325,565.8,373,nan,0,nan,0,nan,0,nan,0,nan,0,nan,0,nan,0,nan,0
1597988484316801024,1597988484000001024,2020-08-21 13:41:24.000001,566.0,569.4,565.4,568.0,nan,567.4,104561,5932791140.0,97491,566.0,315,565.8,376,nan,0,nan,0,nan,0,nan,0,nan,0,nan,0,nan,0,nan,0
1597988484822297088,1597988485000000000,2020-08-21 13:41:25.000000,566.0,569.4,565.4,568.0,nan,567.4,104561,5932791140.0,97491,566.0,325,565.8,386,nan,0,nan,0,nan,0,nan,0,nan,0,nan,0,nan,0,nan,0
1597988485314423040,1597988485000001024,2020-08-21 13:41:25.000001,566.0,569.4,565.4,568.0,nan,567.4,104563,5932904620.0,97491,566.0,313,565.8,378,nan,0,nan,0,nan,0,nan,0,nan,0,nan,0,nan,0,nan,0
1597988486316430080,1597988486000001024,2020-08-21 13:41:26.000001,566.0,569.4,565.4,568.0,nan,567.4,104563,5932904620.0,97491,566.0,328,565.8,388,nan,0,nan,0,nan,0,nan,0,nan,0,nan,0,nan,0,nan,0
1597988491320099072,1597988491000001024,2020-08-21 13:41:31.000001,566.0,569.4,565.4,568.0,nan,567.4,104564,5932961360.0,97492,566.0,317,565.8,378,nan,0,nan,0,nan,0,nan,0,nan,0,nan,0,nan,0,nan,0
1597988491819671040,1597988492000000000,2020-08-21 13:41:32.000000,565.8,569.4,565.4,568.0,nan,567.4,104764,5944309360.0,97425,566.0,317,565.8,257,nan,0,nan,0,nan,0,nan,0,nan,0,nan,0,nan,0,nan,0
1597988492343932928,1597988492000001024,2020-08-21 13:41:32.000001,565.8,569.4,565.4,568.0,nan,567.4,104764,5944309360.0,97425,566.0,330,565.8,267,nan,0,nan,0,nan,0,nan,0,nan,0,nan,0,nan,0,nan,0
1597988492819947008,1597988493000000000,2020-08-21 13:41:33.000000,566.0,569.4,565.4,568.0,nan,567.4,104765,5944366100.0,97425,566.0,332,565.8,247,nan,0,nan,0,nan,0,nan,0,nan,0,nan,0,nan,0,nan,0
1597988493329363968,1597988493000001024,2020-08-21 13:41:33.000001,565.8,569.4,565.4,568.0,nan,567.4,104766,5944422840.0,97426,566.0,332,565.8,246,nan,0,nan,0,nan,0,nan,0,nan,0,nan,0,nan,0,nan,0
1597988493822030080,1597988494000000000,2020-08-21 13:41:34.000000,566.0,569.4,565.4,568.0,nan,567.4,104768,5944536320.0,97427,566.0,333,565.8,245,nan,0,nan,0,nan,0,nan,0,nan,0,nan,0,nan,0,nan,0
1597988494308166912,1597988494000001024,2020-08-21 13:41:34.000001,566.0,569.4,565.4,568.0,nan,567.4,104768,5944536320.0,97427,566.0,344,565.8,255,nan,0,nan,0,nan,0,nan,0,nan,0,nan,0,nan,0,nan,0
1597988497823175936,1597988498000000000,2020-08-21 13:41:38.000000,566.0,569.4,565.4,568.0,nan,567.4,104768,5944536320.0,97427,566.0,351,565.8,255,nan,0,nan,0,nan,0,nan,0,nan,0,nan,0,nan,0,nan,0
1597988499311642112,1597988499000001024,2020-08-21 13:41:39.000001,566.0,569.4,565.4,568.0,nan,567.4,104769,5944593060.0,97428,566.0,340,565.8,245,nan,0,nan,0,nan,0,nan,0,nan,0,nan,0,nan,0,nan,0
1597988499817848064,1597988500000000000,2020-08-21 13:41:40.000000,566.0,569.4,565.4,568.0,nan,567.4,104769,5944593060.0,97428,566.0,340,565.8,248,nan,0,nan,0,nan,0,nan,0,nan,0,nan,0,nan,0,nan,0
1597988500318299904,1597988500000001024,2020-08-21 13:41:40.000001,566.0,569.4,565.4,568.0,nan,567.4,104769,5944593060.0,97428,566.0,340,565.8,258,nan,0,nan,0,nan,0,nan,0,nan,0,nan,0,nan,0,nan,0
1597988502315604992,1597988502000001024,2020-08-21 13:41:42.000001,566.0,569.4,565.4,568.0,nan,567.4,104769,5944593060.0,97428,566.0,345,565.8,258,nan,0,nan,0,nan,0,nan,0,nan,0,nan,0,nan,0,nan,0
1597988503825595904,1597988504000000000,2020-08-21 13:41:44.000000,566.0,569.4,565.4,568.0,nan,567.4,104770,5944649800.0,97428,566.0,344,565.8,257,nan,0,nan,0,nan,0,nan,0,nan,0,nan,0,nan,0,nan,0
1597988504337606912,1597988504000001024,2020-08-21 13:41:44.000001,566.0,569.4,565.4,568.0,nan,567.4,104770,5944649800.0,97428,566.0,344,565.8,264,nan,0,nan,0,nan,0,nan,0,nan,0,nan,0,nan,0,nan,0
1597988504835288064,1597988505000000000,2020-08-21 13:41:45.000000,566.0,569.4,565.4,568.0,nan,567.4,104770,5944649800.0,97428,566.0,344,565.8,278,nan,0,nan,0,nan,0,nan,0,nan,0,nan,0,nan,0,nan,0
1597988506822588928,1597988507000000000,2020-08-21 13:41:47.000000,566.0,569.4,565.4,568.0,nan,567.4,104771,5944706540.0,97427,566.0,343,565.8,278,nan,0,nan,0,nan,0,nan,0,nan,0,nan,0,nan,0,nan,0
1597988507317879040,1597988507000001024,2020-08-21 13:41:47.000001,566.0,569.4,565.4,568.0,nan,567.4,104771,5944706540.0,97427,566.0,343,565.8,281,nan,0,nan,0,nan,0,nan,0,nan,0,nan,0,nan,0,nan,0
1597988507819889920,1597988508000000000,2020-08-21 13:41:48.000000,566.0,569.4,565.4,568.0,nan,567.4,104771,5944706540.0,97427,566.0,353,565.8,281,nan,0,nan,0,nan,0,nan,0,nan,0,nan,0,nan,0,nan,0
1597988509823356928,1597988510000000000,2020-08-21 13:41:50.000000,566.0,569.4,565.4,568.0,nan,567.4,104772,5944763280.0,97426,566.0,352,565.8,281,nan,0,nan,0,nan,0,nan,0,nan,0,nan,0,nan,0,nan,0
1597988510315725056,1597988510000001024,2020-08-21 13:41:50.000001,566.0,569.4,565.4,568.0,nan,567.4,104772,5944763280.0,97426,566.0,352,565.8,283,nan,0,nan,0,nan,0,nan,0,nan,0,nan,0,nan,0,nan,0
1597988511322630912,1597988511000001024,2020-08-21 13:41:51.000001,566.0,569.4,565.4,568.0,nan,567.4,104772,5944763280.0,97426,566.0,353,565.8,283,nan,0,nan,0,nan,0,nan,0,nan,0,nan,0,nan,0,nan,0
1597988511820464896,1597988512000000000,2020-08-21 13:41:52.000000,566.0,569.4,565.4,568.0,nan,567.4,104772,5944763280.0,97426,566.0,353,565.8,293,nan,0,nan,0,nan,0,nan,0,nan,0,nan,0,nan,0,nan,0
1597988512333374976,1597988512000001024,2020-08-21 13:41:52.000001,566.0,569.4,565.4,568.0,nan,567.4,104772,5944763280.0,97426,566.0,353,565.8,294,nan,0,nan,0,nan,0,nan,0,nan,0,nan,0,nan,0,nan,0
1597988513835038976,1597988514000000000,2020-08-21 13:41:54.000000,566.0,569.4,565.4,568.0,nan,567.4,104773,5944820020.0,97426,566.0,352,565.8,294,nan,0,nan,0,nan,0,nan,0,nan,0,nan,0,nan,0,nan,0
1597988514336293120,1597988514000001024,2020-08-21 13:41:54.000001,566.0,569.4,565.4,568.0,nan,567.4,104773,5944820020.0,97426,566.0,352,565.8,296,nan,0,nan,0,nan,0,nan,0,nan,0,nan,0,nan,0,nan,0
1597988514823335936,1597988515000000000,2020-08-21 13:41:55.000000,566.0,569.4,565.4,568.0,nan,567.4,104774,5944876760.0,97425,566.0,352,565.8,296,nan,0,nan,0,nan,0,nan,0,nan,0,nan,0,nan,0,nan,0
1597988515330056960,1597988515000001024,2020-08-21 13:41:55.000001,566.0,569.4,565.4,568.0,nan,567.4,104774,5944876760.0,97425,566.0,352,565.8,297,nan,0,nan,0,nan,0,nan,0,nan,0,nan,0,nan,0,nan,0
1597988516332104960,1597988516000001024,2020-08-21 13:41:56.000001,566.0,569.4,565.4,568.0,nan,567.4,104774,5944876760.0,97425,566.0,354,565.8,297,nan,0,nan,0,nan,0,nan,0,nan,0,nan,0,nan,0,nan,0
1597988518329901056,1597988518000001024,2020-08-21 13:41:58.000001,566.0,569.4,565.4,568.0,nan,567.4,104774,5944876760.0,97425,566.0,351,565.8,297,nan,0,nan,0,nan,0,nan,0,nan,0,nan,0,nan,0,nan,0
1597988518848862976,1597988519000000000,2020-08-21 13:41:59.000000,566.0,569.4,565.4,568.0,nan,567.4,104774,5944876760.0,97425,566.0,347,565.8,297,nan,0,nan,0,nan,0,nan,0,nan,0,nan,0,nan,0,nan,0
1597988519337088000,1597988519000001024,2020-08-21 13:41:59.000001,566.0,569.4,565.4,568.0,nan,567.4,104774,5944876760.0,97425,566.0,351,565.8,297,nan,0,nan,0,nan,0,nan,0,nan,0,nan,0,nan,0,nan,0
1597988519837722112,1597988520000000000,2020-08-21 13:42:00.000000,566.0,569.4,565.4,568.0,nan,567.4,104774,5944876760.0,97425,566.0,351,565.8,301,nan,0,nan,0,nan,0,nan,0,nan,0,nan,0,nan,0,nan,0
1597988520341061888,1597988520000001024,2020-08-21 13:42:00.000001,566.0,569.4,565.4,568.0,nan,567.4,104774,5944876760.0,97425,566.0,351,565.8,307,nan,0,nan,0,nan,0,nan,0,nan,0,nan,0,nan,0,nan,0
1597988521344430080,1597988521000001024,2020-08-21 13:42:01.000001,566.0,569.4,565.4,568.0,nan,567.4,104776,5944990240.0,97425,566.0,352,565.8,304,nan,0,nan,0,nan,0,nan,0,nan,0,nan,0,nan,0,nan,0
1597988521824468992,1597988522000000000,2020-08-21 13:42:02.000000,566.0,569.4,565.4,568.0,nan,567.4,104776,5944990240.0,97425,566.0,352,565.8,310,nan,0,nan,0,nan,0,nan,0,nan,0,nan,0,nan,0,nan,0
1597988523324601088,1597988523000001024,2020-08-21 13:42:03.000001,566.0,569.4,565.4,568.0,nan,567.4,104776,5944990240.0,97425,566.0,354,565.8,310,nan,0,nan,0,nan,0,nan,0,nan,0,nan,0,nan,0,nan,0
1597988523824278016,1597988524000000000,2020-08-21 13:42:04.000000,566.0,569.4,565.4,568.0,nan,567.4,104777,5945046980.0,97425,566.0,353,565.8,320,nan,0,nan,0,nan,0,nan,0,nan,0,nan,0,nan,0,nan,0
1597988524326921984,1597988524000001024,2020-08-21 13:42:04.000001,566.0,569.4,565.4,568.0,nan,567.4,104777,5945046980.0,97425,566.0,353,565.8,323,nan,0,nan,0,nan,0,nan,0,nan,0,nan,0,nan,0,nan,0
1597988525348734976,1597988525000001024,2020-08-21 13:42:05.000001,566.0,569.4,565.4,568.0,nan,567.4,104777,5945046980.0,97425,566.0,356,565.8,323,nan,0,nan,0,nan,0,nan,0,nan,0,nan,0,nan,0,nan,0
1597988525839375872,1597988526000000000,2020-08-21 13:42:06.000000,566.0,569.4,565.4,568.0,nan,567.4,104779,5945160460.0,97425,566.0,354,565.8,323,nan,0,nan,0,nan,0,nan,0,nan,0,nan,0,nan,0,nan,0
1597988526328346880,1597988526000001024,2020-08-21 13:42:06.000001,566.0,569.4,565.4,568.0,nan,567.4,104779,5945160460.0,97425,566.0,354,565.8,326,nan,0,nan,0,nan,0,nan,0,nan,0,nan,0,nan,0,nan,0
1597988528832269056,1597988529000000000,2020-08-21 13:42:09.000000,566.0,569.4,565.4,568.0,nan,567.4,104779,5945160460.0,97425,566.0,374,565.8,326,nan,0,nan,0,nan,0,nan,0,nan,0,nan,0,nan,0,nan,0
1597988533859789056,1597988534000000000,2020-08-21 13:42:14.000000,566.0,569.4,565.4,568.0,nan,567.4,104780,5945217200.0,97425,566.0,373,565.8,326,nan,0,nan,0,nan,0,nan,0,nan,0,nan,0,nan,0,nan,0
1597988534339753984,1597988534000001024,2020-08-21 13:42:14.000001,566.0,569.4,565.4,568.0,nan,567.4,104780,5945217200.0,97425,566.0,373,565.8,332,nan,0,nan,0,nan,0,nan,0,nan,0,nan,0,nan,0,nan,0
1597988536850743040,1597988537000000000,2020-08-21 13:42:17.000000,566.0,569.4,565.4,568.0,nan,567.4,104780,5945217200.0,97425,566.0,373,565.8,382,nan,0,nan,0,nan,0,nan,0,nan,0,nan,0,nan,0,nan,0
1597988538831655936,1597988539000000000,2020-08-21 13:42:19.000000,566.0,569.4,565.4,568.0,nan,567.4,104780,5945217200.0,97425,566.0,374,565.8,382,nan,0,nan,0,nan,0,nan,0,nan,0,nan,0,nan,0,nan,0
1597988539844022016,1597988540000000000,2020-08-21 13:42:20.000000,566.0,569.4,565.4,568.0,nan,567.4,104783,5945387420.0,97425,566.0,373,565.8,382,nan,0,nan,0,nan,0,nan,0,nan,0,nan,0,nan,0,nan,0
1597988540338147072,1597988540000001024,2020-08-21 13:42:20.000001,566.0,569.4,565.4,568.0,nan,567.4,104783,5945387420.0,97425,566.0,373,565.8,387,nan,0,nan,0,nan,0,nan,0,nan,0,nan,0,nan,0,nan,0
1597988541838978048,1597988542000000000,2020-08-21 13:42:22.000000,566.0,569.4,565.4,568.0,nan,567.4,104783,5945387420.0,97425,566.0,370,565.8,387,nan,0,nan,0,nan,0,nan,0,nan,0,nan,0,nan,0,nan,0
1597988542841521920,1597988543000000000,2020-08-21 13:42:23.000000,566.0,569.4,565.4,568.0,nan,567.4,104783,5945387420.0,97425,566.0,370,565.8,391,nan,0,nan,0,nan,0,nan,0,nan,0,nan,0,nan,0,nan,0
1597988543341804032,1597988543000001024,2020-08-21 13:42:23.000001,566.0,569.4,565.4,568.0,nan,567.4,104783,5945387420.0,97425,566.0,372,565.8,391,nan,0,nan,0,nan,0,nan,0,nan,0,nan,0,nan,0,nan,0
1597988543857411072,1597988544000000000,2020-08-21 13:42:24.000000,566.0,569.4,565.4,568.0,nan,567.4,104784,5945444160.0,97425,566.0,371,565.8,391,nan,0,nan,0,nan,0,nan,0,nan,0,nan,0,nan,0,nan,0
1597988544351770880,1597988544000001024,2020-08-21 13:42:24.000001,566.0,569.4,565.4,568.0,nan,567.4,104784,5945444160.0,97425,566.0,371,565.8,394,nan,0,nan,0,nan,0,nan,0,nan,0,nan,0,nan,0,nan,0
1597988544849900032,1597988545000000000,2020-08-21 13:42:25.000000,566.0,569.4,565.4,568.0,nan,567.4,104787,5945614380.0,97425,566.0,368,565.8,390,nan,0,nan,0,nan,0,nan,0,nan,0,nan,0,nan,0,nan,0
1597988545841021952,1597988546000000000,2020-08-21 13:42:26.000000,566.0,569.4,565.4,568.0,nan,567.4,104787,5945614380.0,97425,566.0,368,565.8,391,nan,0,nan,0,nan,0,nan,0,nan,0,nan,0,nan,0,nan,0
1597988546837088000,1597988547000000000,2020-08-21 13:42:27.000000,566.0,569.4,565.4,568.0,nan,567.4,104787,5945614380.0,97425,566.0,368,565.8,392,nan,0,nan,0,nan,0,nan,0,nan,0,nan,0,nan,0,nan,0
1597988547372571904,1597988547000001024,2020-08-21 13:42:27.000001,566.0,569.4,565.4,568.0,nan,567.4,104787,5945614380.0,97425,566.0,368,565.8,391,nan,0,nan,0,nan,0,nan,0,nan,0,nan,0,nan,0,nan,0
1597988548342661120,1597988548000001024,2020-08-21 13:42:28.000001,566.0,569.4,565.4,568.0,nan,567.4,104790,5945784600.0,97425,566.0,366,565.8,391,nan,0,nan,0,nan,0,nan,0,nan,0,nan,0,nan,0,nan,0
1597988548839427072,1597988549000000000,2020-08-21 13:42:29.000000,566.0,569.4,565.4,568.0,nan,567.4,104790,5945784600.0,97425,566.0,366,565.8,396,nan,0,nan,0,nan,0,nan,0,nan,0,nan,0,nan,0,nan,0
1597988550849415936,1597988551000000000,2020-08-21 13:42:31.000000,566.0,569.4,565.4,568.0,nan,567.4,104793,5945954820.0,97425,566.0,363,565.8,396,nan,0,nan,0,nan,0,nan,0,nan,0,nan,0,nan,0,nan,0
1597988551349268992,1597988551000001024,2020-08-21 13:42:31.000001,566.0,569.4,565.4,568.0,nan,567.4,104793,5945954820.0,97425,566.0,363,565.8,395,nan,0,nan,0,nan,0,nan,0,nan,0,nan,0,nan,0,nan,0
1597988551853522944,1597988552000000000,2020-08-21 13:42:32.000000,566.0,569.4,565.4,568.0,nan,567.4,104794,5946011560.0,97424,566.0,362,565.8,395,nan,0,nan,0,nan,0,nan,0,nan,0,nan,0,nan,0,nan,0
1597988552343110912,1597988552000001024,2020-08-21 13:42:32.000001,566.0,569.4,565.4,568.0,nan,567.4,104794,5946011560.0,97424,566.0,364,565.8,396,nan,0,nan,0,nan,0,nan,0,nan,0,nan,0,nan,0,nan,0
1597988553842074112,1597988554000000000,2020-08-21 13:42:34.000000,566.0,569.4,565.4,568.0,nan,567.4,104795,5946068300.0,97424,566.0,363,565.8,396,nan,0,nan,0,nan,0,nan,0,nan,0,nan,0,nan,0,nan,0
1597988554342366976,1597988554000001024,2020-08-21 13:42:34.000001,566.0,569.4,565.4,568.0,nan,567.4,104795,5946068300.0,97424,566.0,365,565.8,399,nan,0,nan,0,nan,0,nan,0,nan,0,nan,0,nan,0,nan,0
1597988555847045120,1597988556000000000,2020-08-21 13:42:36.000000,566.0,569.4,565.4,568.0,nan,567.4,104795,5946068300.0,97424,566.0,365,565.8,402,nan,0,nan,0,nan,0,nan,0,nan,0,nan,0,nan,0,nan,0
1597988556842158080,1597988557000000000,2020-08-21 13:42:37.000000,566.0,569.4,565.4,568.0,nan,567.4,104795,5946068300.0,97424,566.0,366,565.8,452,nan,0,nan,0,nan,0,nan,0,nan,0,nan,0,nan,0,nan,0
1597988557355782912,1597988557000001024,2020-08-21 13:42:37.000001,566.0,569.4,565.4,568.0,nan,567.4,104795,5946068300.0,97424,566.0,366,565.8,454,nan,0,nan,0,nan,0,nan,0,nan,0,nan,0,nan,0,nan,0
1597988557841207040,1597988558000000000,2020-08-21 13:42:38.000000,566.0,569.4,565.4,568.0,nan,567.4,104795,5946068300.0,97424,566.0,368,565.8,454,nan,0,nan,0,nan,0,nan,0,nan,0,nan,0,nan,0,nan,0
1597988558422194944,1597988558000001024,2020-08-21 13:42:38.000001,566.0,569.4,565.4,568.0,nan,567.4,104795,5946068300.0,97424,566.0,369,565.8,454,nan,0,nan,0,nan,0,nan,0,nan,0,nan,0,nan,0,nan,0
1597988560363976960,1597988560000001024,2020-08-21 13:42:40.000001,566.0,569.4,565.4,568.0,nan,567.4,104796,5946125040.0,97424,566.0,369,565.8,454,nan,0,nan,0,nan,0,nan,0,nan,0,nan,0,nan,0,nan,0
1597988560862607104,1597988561000000000,2020-08-21 13:42:41.000000,566.0,569.4,565.4,568.0,nan,567.4,104797,5946181780.0,97424,566.0,368,565.8,454,nan,0,nan,0,nan,0,nan,0,nan,0,nan,0,nan,0,nan,0
1597988563847155968,1597988564000000000,2020-08-21 13:42:44.000000,566.0,569.4,565.4,568.0,nan,567.4,104797,5946181780.0,97424,566.0,372,565.8,454,nan,0,nan,0,nan,0,nan,0,nan,0,nan,0,nan,0,nan,0
1597988568847516928,1597988569000000000,2020-08-21 13:42:49.000000,566.0,569.4,565.4,568.0,nan,567.4,104798,5946238520.0,97423,566.0,371,565.8,454,nan,0,nan,0,nan,0,nan,0,nan,0,nan,0,nan,0,nan,0
1597988569348713984,1597988569000001024,2020-08-21 13:42:49.000001,566.0,569.4,565.4,568.0,nan,567.4,104798,5946238520.0,97423,566.0,371,565.8,460,nan,0,nan,0,nan,0,nan,0,nan,0,nan,0,nan,0,nan,0
1597988570364018944,1597988570000001024,2020-08-21 13:42:50.000001,566.0,569.4,565.4,568.0,nan,567.4,104798,5946238520.0,97423,566.0,372,565.8,460,nan,0,nan,0,nan,0,nan,0,nan,0,nan,0,nan,0,nan,0
1597988572860928000,1597988573000000000,2020-08-21 13:42:53.000000,565.8,569.4,565.4,568.0,nan,567.4,105046,5960310040.0,97306,566.0,354,565.8,216,nan,0,nan,0,nan,0,nan,0,nan,0,nan,0,nan,0,nan,0
1597988573362746112,1597988573000001024,2020-08-21 13:42:53.000001,565.8,569.4,565.4,568.0,nan,567.4,105046,5960310040.0,97306,566.0,357,565.8,209,nan,0,nan,0,nan,0,nan,0,nan,0,nan,0,nan,0,nan,0
1597988573861485056,1597988574000000000,2020-08-21 13:42:54.000000,565.8,569.4,565.4,568.0,nan,567.4,105046,5960310040.0,97306,566.0,363,565.8,219,nan,0,nan,0,nan,0,nan,0,nan,0,nan,0,nan,0,nan,0
1597988574366010112,1597988574000001024,2020-08-21 13:42:54.000001,566.0,569.4,565.4,568.0,nan,567.4,105047,5960366780.0,97306,566.0,369,565.8,219,nan,0,nan,0,nan,0,nan,0,nan,0,nan,0,nan,0,nan,0
1597988574857202944,1597988575000000000,2020-08-21 13:42:55.000000,566.0,569.4,565.4,568.0,nan,567.4,105047,5960366780.0,97306,566.0,379,565.8,232,nan,0,nan,0,nan,0,nan,0,nan,0,nan,0,nan,0,nan,0
1597988575366842880,1597988575000001024,2020-08-21 13:42:55.000001,566.0,569.4,565.4,568.0,nan,567.4,105047,5960366780.0,97306,566.0,381,565.8,232,nan,0,nan,0,nan,0,nan,0,nan,0,nan,0,nan,0,nan,0
1597988578364589056,1597988578000001024,2020-08-21 13:42:58.000001,566.0,569.4,565.4,568.0,nan,567.4,105057,5960934180.0,97307,566.0,361,565.8,232,nan,0,nan,0,nan,0,nan,0,nan,0,nan,0,nan,0,nan,0
1597988578872976896,1597988579000000000,2020-08-21 13:42:59.000000,566.0,569.4,565.4,568.0,nan,567.4,105057,5960934180.0,97307,566.0,362,565.8,232,nan,0,nan,0,nan,0,nan,0,nan,0,nan,0,nan,0,nan,0
1597988580355502080,1597988580000001024,2020-08-21 13:43:00.000001,566.0,569.4,565.4,568.0,nan,567.4,105057,5960934180.0,97307,566.0,369,565.8,234,nan,0,nan,0,nan,0,nan,0,nan,0,nan,0,nan,0,nan,0
1597988580853649920,1597988581000000000,2020-08-21 13:43:01.000000,566.0,569.4,565.4,568.0,nan,567.4,105057,5960934180.0,97307,566.0,369,565.8,238,nan,0,nan,0,nan,0,nan,0,nan,0,nan,0,nan,0,nan,0
1597988581861870080,1597988582000000000,2020-08-21 13:43:02.000000,566.0,569.4,565.4,568.0,nan,567.4,105057,5960934180.0,97307,566.0,386,565.8,236,nan,0,nan,0,nan,0,nan,0,nan,0,nan,0,nan,0,nan,0
1597988582370341120,1597988582000001024,2020-08-21 13:43:02.000001,566.0,569.4,565.4,568.0,nan,567.4,105057,5960934180.0,97307,566.0,384,565.8,236,nan,0,nan,0,nan,0,nan,0,nan,0,nan,0,nan,0,nan,0
1597988582863650048,1597988583000000000,2020-08-21 13:43:03.000000,566.0,569.4,565.4,568.0,nan,567.4,105057,5960934180.0,97307,566.0,406,565.8,237,nan,0,nan,0,nan,0,nan,0,nan,0,nan,0,nan,0,nan,0
1597988583876089088,1597988584000000000,2020-08-21 13:43:04.000000,565.8,569.4,565.4,568.0,nan,567.4,105060,5961104400.0,97310,566.0,399,565.8,227,nan,0,nan,0,nan,0,nan,0,nan,0,nan,0,nan,0,nan,0
1597988584361714944,1597988584000001024,2020-08-21 13:43:04.000001,565.8,569.4,565.4,568.0,nan,567.4,105060,5961104400.0,97310,566.0,401,565.8,230,nan,0,nan,0,nan,0,nan,0,nan,0,nan,0,nan,0,nan,0
1597988584855499008,1597988585000000000,2020-08-21 13:43:05.000000,565.8,569.4,565.4,568.0,nan,567.4,105060,5961104400.0,97310,566.0,409,565.8,240,nan,0,nan,0,nan,0,nan,0,nan,0,nan,0,nan,0,nan,0
1597988585353370112,1597988585000001024,2020-08-21 13:43:05.000001,565.8,569.4,565.4,568.0,nan,567.4,105060,5961104400.0,97310,566.0,410,565.8,240,nan,0,nan,0,nan,0,nan,0,nan,0,nan,0,nan,0,nan,0
1597988586358765056,1597988586000001024,2020-08-21 13:43:06.000001,565.8,569.4,565.4,568.0,nan,567.4,105060,5961104400.0,97310,566.0,410,565.8,241,nan,0,nan,0,nan,0,nan,0,nan,0,nan,0,nan,0,nan,0
1597988588362372096,1597988588000001024,2020-08-21 13:43:08.000001,565.8,569.4,565.4,568.0,nan,567.4,105061,5961161140.0,97311,566.0,439,565.8,240,nan,0,nan,0,nan,0,nan,0,nan,0,nan,0,nan,0,nan,0
1597988588859088896,1597988589000000000,2020-08-21 13:43:09.000000,565.8,569.4,565.4,568.0,nan,567.4,105061,5961161140.0,97311,566.0,439,565.8,239,nan,0,nan,0,nan,0,nan,0,nan,0,nan,0,nan,0,nan,0
1597988589355708928,1597988589000001024,2020-08-21 13:43:09.000001,566.0,569.4,565.4,568.0,nan,567.4,105062,5961217880.0,97310,566.0,428,565.8,239,nan,0,nan,0,nan,0,nan,0,nan,0,nan,0,nan,0,nan,0
1597988589876216064,1597988590000000000,2020-08-21 13:43:10.000000,566.0,569.4,565.4,568.0,nan,567.4,105062,5961217880.0,97310,566.0,428,565.8,240,nan,0,nan,0,nan,0,nan,0,nan,0,nan,0,nan,0,nan,0
1597988590360050944,1597988590000001024,2020-08-21 13:43:10.000001,566.0,569.4,565.4,568.0,nan,567.4,105062,5961217880.0,97310,566.0,440,565.8,241,nan,0,nan,0,nan,0,nan,0,nan,0,nan,0,nan,0,nan,0
1597988590897156096,1597988591000000000,2020-08-21 13:43:11.000000,566.0,569.4,565.4,568.0,nan,567.4,105062,5961217880.0,97310,566.0,441,565.8,241,nan,0,nan,0,nan,0,nan,0,nan,0,nan,0,nan,0,nan,0
1597988592864247040,1597988593000000000,2020-08-21 13:43:13.000000,565.8,569.4,565.4,568.0,nan,567.4,105063,5961274620.0,97311,566.0,442,565.8,240,nan,0,nan,0,nan,0,nan,0,nan,0,nan,0,nan,0,nan,0
1597988593360160000,1597988593000001024,2020-08-21 13:43:13.000001,565.8,569.4,565.4,568.0,nan,567.4,105063,5961274620.0,97311,566.0,443,565.8,240,nan,0,nan,0,nan,0,nan,0,nan,0,nan,0,nan,0,nan,0
1597988594351246080,1597988595000000000,2020-08-21 13:43:15.000000,565.8,569.4,565.4,568.0,nan,567.4,105083,5962409420.0,97325,566.0,443,565.8,220,nan,0,nan,0,nan,0,nan,0,nan,0,nan,0,nan,0,nan,0
1597988594857168896,1597988595000001024,2020-08-21 13:43:15.000001,565.8,569.4,565.4,568.0,nan,567.4,105083,5962409420.0,97325,566.0,443,565.8,223,nan,0,nan,0,nan,0,nan,0,nan,0,nan,0,nan,0,nan,0
1597988595351952896,1597988596000000000,2020-08-21 13:43:16.000000,566.0,569.4,565.4,568.0,nan,567.4,105084,5962466160.0,97325,566.0,432,565.8,223,nan,0,nan,0,nan,0,nan,0,nan,0,nan,0,nan,0,nan,0
1597988596362176000,1597988596000001792,2020-08-21 13:43:16.000002,566.0,569.4,565.4,568.0,nan,567.4,105084,5962466160.0,97325,566.0,435,565.8,223,nan,0,nan,0,nan,0,nan,0,nan,0,nan,0,nan,0,nan,0
1597988596863134976,1597988597000000000,2020-08-21 13:43:17.000000,565.8,569.4,565.4,568.0,nan,567.4,105307,5975119180.0,97372,565.8,43,565.6,716,nan,0,nan,0,nan,0,nan,0,nan,0,nan,0,nan,0,nan,0
1597988597366756096,1597988598000000000,2020-08-21 13:43:18.000000,565.8,569.4,565.4,568.0,nan,567.4,105308,5975175920.0,97372,565.8,113,565.6,678,nan,0,nan,0,nan,0,nan,0,nan,0,nan,0,nan,0,nan,0
1597988597858740992,1597988598000001024,2020-08-21 13:43:18.000001,565.6,569.4,565.4,568.0,nan,567.4,105401,5980452740.0,97359,565.8,182,565.6,613,nan,0,nan,0,nan,0,nan,0,nan,0,nan,0,nan,0,nan,0
1597988598382863104,1597988598000001792,2020-08-21 13:43:18.000002,565.8,569.4,565.4,568.0,nan,567.4,105417,5981360580.0,97360,565.8,199,565.6,602,nan,0,nan,0,nan,0,nan,0,nan,0,nan,0,nan,0,nan,0
1597988598870455040,1597988599000000000,2020-08-21 13:43:19.000000,565.6,569.4,565.4,568.0,nan,567.4,105418,5981417320.0,97360,565.8,219,565.6,620,nan,0,nan,0,nan,0,nan,0,nan,0,nan,0,nan,0,nan,0
1597988599353905920,1597988599000001024,2020-08-21 13:43:19.000001,565.6,569.4,565.4,568.0,nan,567.4,105419,5981474060.0,97360,565.8,219,565.6,619,nan,0,nan,0,nan,0,nan,0,nan,0,nan,0,nan,0,nan,0
1597988599864602880,1597988600000000000,2020-08-21 13:43:20.000000,565.6,569.4,565.4,568.0,nan,567.4,105426,5981871240.0,97360,565.8,249,565.6,612,nan,0,nan,0,nan,0,nan,0,nan,0,nan,0,nan,0,nan,0
1597988600355492096,1597988600000001024,2020-08-21 13:43:20.000001,565.6,569.4,565.4,568.0,nan,567.4,105426,5981871240.0,97360,565.8,260,565.6,612,nan,0,nan,0,nan,0,nan,0,nan,0,nan,0,nan,0,nan,0
1597988600859988992,1597988601000000000,2020-08-21 13:43:21.000000,565.6,569.4,565.4,568.0,nan,567.4,105426,5981871240.0,97360,565.8,261,565.6,612,nan,0,nan,0,nan,0,nan,0,nan,0,nan,0,nan,0,nan,0
1597988601365583872,1597988602000000000,2020-08-21 13:43:22.000000,565.6,569.4,565.4,568.0,nan,567.4,105426,5981871240.0,97360,565.8,277,565.6,602,nan,0,nan,0,nan,0,nan,0,nan,0,nan,0,nan,0,nan,0
1597988601862771968,1597988602000001024,2020-08-21 13:43:22.000001,565.6,569.4,565.4,568.0,nan,567.4,105426,5981871240.0,97360,565.8,316,565.6,602,nan,0,nan,0,nan,0,nan,0,nan,0,nan,0,nan,0,nan,0
1597988602372926976,1597988602000001792,2020-08-21 13:43:22.000002,565.6,569.4,565.4,568.0,nan,567.4,105426,5981871240.0,97360,565.8,321,565.6,597,nan,0,nan,0,nan,0,nan,0,nan,0,nan,0,nan,0,nan,0
1597988602870671872,1597988603000000000,2020-08-21 13:43:23.000000,565.8,569.4,565.4,568.0,nan,567.4,105431,5982154940.0,97365,565.8,321,565.6,572,nan,0,nan,0,nan,0,nan,0,nan,0,nan,0,nan,0,nan,0
1597988603870685952,1597988604000000000,2020-08-21 13:43:24.000000,565.6,569.4,565.4,568.0,nan,567.4,105539,5988282860.0,97473,565.8,339,565.6,475,nan,0,nan,0,nan,0,nan,0,nan,0,nan,0,nan,0,nan,0
1597988604869903872,1597988605000000000,2020-08-21 13:43:25.000000,565.6,569.4,565.4,568.0,nan,567.4,105539,5988282860.0,97473,565.8,339,565.6,478,nan,0,nan,0,nan,0,nan,0,nan,0,nan,0,nan,0,nan,0
1597988605872356096,1597988606000000000,2020-08-21 13:43:26.000000,565.6,569.4,565.4,568.0,nan,567.4,105540,5988339600.0,97473,565.8,339,565.6,477,nan,0,nan,0,nan,0,nan,0,nan,0,nan,0,nan,0,nan,0
1597988606475881984,1597988606000001024,2020-08-21 13:43:26.000001,565.6,569.4,565.4,568.0,nan,567.4,105640,5994013600.0,97483,565.8,339,565.6,377,nan,0,nan,0,nan,0,nan,0,nan,0,nan,0,nan,0,nan,0
1597988606876378112,1597988607000000000,2020-08-21 13:43:27.000000,565.6,569.4,565.4,568.0,nan,567.4,105640,5994013600.0,97483,565.8,343,565.6,377,nan,0,nan,0,nan,0,nan,0,nan,0,nan,0,nan,0,nan,0
1597988608868066048,1597988609000000000,2020-08-21 13:43:29.000000,565.6,569.4,565.4,568.0,nan,567.4,105641,5994070340.0,97483,565.8,343,565.6,376,nan,0,nan,0,nan,0,nan,0,nan,0,nan,0,nan,0,nan,0
1597988610871151104,1597988611000001024,2020-08-21 13:43:31.000001,565.6,569.4,565.4,568.0,nan,567.4,105741,5999744340.0,97527,565.8,343,565.6,276,nan,0,nan,0,nan,0,nan,0,nan,0,nan,0,nan,0,nan,0
1597988611373585920,1597988612000000000,2020-08-21 13:43:32.000000,565.6,569.4,565.4,568.0,nan,567.4,105741,5999744340.0,97527,565.8,349,565.6,279,nan,0,nan,0,nan,0,nan,0,nan,0,nan,0,nan,0,nan,0
1597988611875610880,1597988612000001024,2020-08-21 13:43:32.000001,565.6,569.4,565.4,568.0,nan,567.4,105742,5999801080.0,97527,565.8,349,565.6,278,nan,0,nan,0,nan,0,nan,0,nan,0,nan,0,nan,0,nan,0
1597988612377114880,1597988612000001792,2020-08-21 13:43:32.000002,565.6,569.4,565.4,568.0,nan,567.4,105742,5999801080.0,97527,565.8,349,565.6,279,nan,0,nan,0,nan,0,nan,0,nan,0,nan,0,nan,0,nan,0
1597988612872482048,1597988613000000000,2020-08-21 13:43:33.000000,565.6,569.4,565.4,568.0,nan,567.4,105743,5999857820.0,97528,565.8,349,565.6,279,nan,0,nan,0,nan,0,nan,0,nan,0,nan,0,nan,0,nan,0
1597988613399949056,1597988614000000000,2020-08-21 13:43:34.000000,565.6,569.4,565.4,568.0,nan,567.4,105745,5999971300.0,97528,565.8,349,565.6,277,nan,0,nan,0,nan,0,nan,0,nan,0,nan,0,nan,0,nan,0
1597988613870276096,1597988614000001024,2020-08-21 13:43:34.000001,565.6,569.4,565.4,568.0,nan,567.4,105746,6000028040.0,97529,565.8,349,565.6,276,nan,0,nan,0,nan,0,nan,0,nan,0,nan,0,nan,0,nan,0
1597988615374415872,1597988616000000000,2020-08-21 13:43:36.000000,565.6,569.4,565.4,568.0,nan,567.4,105846,6005702040.0,97623,565.8,349,565.6,176,nan,0,nan,0,nan,0,nan,0,nan,0,nan,0,nan,0,nan,0
1597988615865180928,1597988616000001024,2020-08-21 13:43:36.000001,565.6,569.4,565.4,568.0,nan,567.4,105883,6007801420.0,97622,565.8,349,565.6,129,nan,0,nan,0,nan,0,nan,0,nan,0,nan,0,nan,0,nan,0
1597988616372032000,1597988617000000000,2020-08-21 13:43:37.000000,565.6,569.4,565.4,568.0,nan,567.4,105883,6007801420.0,97622,565.8,349,565.6,119,nan,0,nan,0,nan,0,nan,0,nan,0,nan,0,nan,0,nan,0
1597988616882767872,1597988617000001024,2020-08-21 13:43:37.000001,565.6,569.4,565.4,568.0,nan,567.4,105886,6007971640.0,97619,565.8,352,565.6,113,nan,0,nan,0,nan,0,nan,0,nan,0,nan,0,nan,0,nan,0
1597988617376185088,1597988617000001792,2020-08-21 13:43:37.000002,565.6,569.4,565.4,568.0,nan,567.4,105886,6007971640.0,97619,565.8,352,565.6,114,nan,0,nan,0,nan,0,nan,0,nan,0,nan,0,nan,0,nan,0
1597988617869123072,1597988618000000000,2020-08-21 13:43:38.000000,565.6,569.4,565.4,568.0,nan,567.4,105886,6007971640.0,97619,565.8,352,565.6,117,nan,0,nan,0,nan,0,nan,0,nan,0,nan,0,nan,0,nan,0
1597988618377619968,1597988618000001024,2020-08-21 13:43:38.000001,565.8,569.4,565.4,568.0,nan,567.4,105887,6008028380.0,97619,565.8,341,565.6,107,nan,0,nan,0,nan,0,nan,0,nan,0,nan,0,nan,0,nan,0
1597988619368273920,1597988619000001024,2020-08-21 13:43:39.000001,565.6,569.4,565.4,568.0,nan,567.4,105888,6008085120.0,97618,565.8,351,565.6,116,nan,0,nan,0,nan,0,nan,0,nan,0,nan,0,nan,0,nan,0
1597988619999627008,1597988620000000000,2020-08-21 13:43:40.000000,565.6,569.4,565.4,568.0,nan,567.4,106029,6016085460.0,97701,565.6,62,565.4,567,nan,0,nan,0,nan,0,nan,0,nan,0,nan,0,nan,0,nan,0
1597988620369211904,1597988621000000000,2020-08-21 13:43:41.000000,565.4,569.4,565.4,568.0,nan,567.4,106235,6027773900.0,97668,565.6,126,565.4,391,nan,0,nan,0,nan,0,nan,0,nan,0,nan,0,nan,0,nan,0
1597988620873116928,1597988621000001024,2020-08-21 13:43:41.000001,565.4,569.4,565.4,568.0,nan,567.4,106243,6028227820.0,97669,565.6,170,565.4,415,nan,0,nan,0,nan,0,nan,0,nan,0,nan,0,nan,0,nan,0
1597988621375884032,1597988621000001792,2020-08-21 13:43:41.000002,565.4,569.4,565.4,568.0,nan,567.4,106258,6029078920.0,97680,565.6,180,565.4,381,nan,0,nan,0,nan,0,nan,0,nan,0,nan,0,nan,0,nan,0
1597988621875755008,1597988622000000000,2020-08-21 13:43:42.000000,565.4,569.4,565.4,568.0,nan,567.4,106259,6029135660.0,97681,565.6,200,565.4,390,nan,0,nan,0,nan,0,nan,0,nan,0,nan,0,nan,0,nan,0
1597988622375563008,1597988623000000000,2020-08-21 13:43:43.000000,565.4,569.4,565.4,568.0,nan,567.4,106259,6029135660.0,97681,565.6,201,565.4,388,nan,0,nan,0,nan,0,nan,0,nan,0,nan,0,nan,0,nan,0
1597988622873979904,1597988623000001024,2020-08-21 13:43:43.000001,565.6,569.4,565.4,568.0,nan,567.4,106260,6029192400.0,97681,565.6,190,565.4,378,nan,0,nan,0,nan,0,nan,0,nan,0,nan,0,nan,0,nan,0
1597988623369648896,1597988624000000000,2020-08-21 13:43:44.000000,565.6,569.4,565.4,568.0,nan,567.4,106261,6029249140.0,97681,565.6,189,565.4,378,nan,0,nan,0,nan,0,nan,0,nan,0,nan,0,nan,0,nan,0
1597988623872388096,1597988624000001024,2020-08-21 13:43:44.000001,565.6,569.4,565.4,568.0,nan,567.4,106271,6029816540.0,97681,565.6,186,565.4,378,nan,0,nan,0,nan,0,nan,0,nan,0,nan,0,nan,0,nan,0
1597988624382657024,1597988625000000000,2020-08-21 13:43:45.000000,565.6,569.4,565.4,568.0,nan,567.4,106277,6030156980.0,97680,565.6,210,565.4,388,nan,0,nan,0,nan,0,nan,0,nan,0,nan,0,nan,0,nan,0
1597988624875068928,1597988625000001024,2020-08-21 13:43:45.000001,565.4,569.4,565.4,568.0,nan,567.4,106286,6030667640.0,97680,565.6,214,565.4,380,nan,0,nan,0,nan,0,nan,0,nan,0,nan,0,nan,0,nan,0
1597988625373498880,1597988626000000000,2020-08-21 13:43:46.000000,565.4,569.4,565.4,568.0,nan,567.4,106297,6031291780.0,97690,565.6,240,565.4,370,nan,0,nan,0,nan,0,nan,0,nan,0,nan,0,nan,0,nan,0
1597988625865733888,1597988626000001024,2020-08-21 13:43:46.000001,565.4,569.4,565.4,568.0,nan,567.4,106300,6031462000.0,97690,565.6,247,565.4,367,nan,0,nan,0,nan,0,nan,0,nan,0,nan,0,nan,0,nan,0
1597988626868183040,1597988627000001024,2020-08-21 13:43:47.000001,565.6,569.4,565.4,568.0,nan,567.4,106305,6031745700.0,97690,565.6,256,565.4,373,nan,0,nan,0,nan,0,nan,0,nan,0,nan,0,nan,0,nan,0
1597988627372136960,1597988628000000000,2020-08-21 13:43:48.000000,565.4,569.4,565.4,568.0,nan,567.4,106306,6031802440.0,97691,565.6,256,565.4,372,nan,0,nan,0,nan,0,nan,0,nan,0,nan,0,nan,0,nan,0
1597988628882072064,1597988629000001024,2020-08-21 13:43:49.000001,565.4,569.4,565.4,568.0,nan,567.4,106310,6032029400.0,97692,565.6,256,565.4,368,nan,0,nan,0,nan,0,nan,0,nan,0,nan,0,nan,0,nan,0
1597988629380293888,1597988630000000000,2020-08-21 13:43:50.000000,565.6,569.4,565.4,568.0,nan,567.4,106312,6032142880.0,97692,565.6,246,565.4,371,nan,0,nan,0,nan,0,nan,0,nan,0,nan,0,nan,0,nan,0
1597988630879147008,1597988631000001024,2020-08-21 13:43:51.000001,565.4,569.4,565.4,568.0,nan,567.4,106314,6032256360.0,97692,565.6,257,565.4,369,nan,0,nan,0,nan,0,nan,0,nan,0,nan,0,nan,0,nan,0
1597988631384937984,1597988632000000000,2020-08-21 13:43:52.000000,565.4,569.4,565.4,568.0,nan,567.4,106314,6032256360.0,97692,565.6,257,565.4,372,nan,0,nan,0,nan,0,nan,0,nan,0,nan,0,nan,0,nan,0
1597988631871130880,1597988632000001024,2020-08-21 13:43:52.000001,565.4,569.4,565.4,568.0,nan,567.4,106314,6032256360.0,97692,565.6,287,565.4,372,nan,0,nan,0,nan,0,nan,0,nan,0,nan,0,nan,0,nan,0
1597988632378550016,1597988633000000000,2020-08-21 13:43:53.000000,565.4,569.4,565.4,568.0,nan,567.4,106314,6032256360.0,97692,565.6,294,565.4,374,nan,0,nan,0,nan,0,nan,0,nan,0,nan,0,nan,0,nan,0
1597988633374388992,1597988633000001792,2020-08-21 13:43:53.000002,565.4,569.4,565.4,568.0,nan,567.4,106314,6032256360.0,97692,565.6,297,565.4,374,nan,0,nan,0,nan,0,nan,0,nan,0,nan,0,nan,0,nan,0
1597988634369370112,1597988635000000000,2020-08-21 13:43:55.000000,565.4,569.4,565.4,568.0,nan,567.4,106314,6032256360.0,97692,565.6,299,565.4,374,nan,0,nan,0,nan,0,nan,0,nan,0,nan,0,nan,0,nan,0
1597988634875504896,1597988635000001024,2020-08-21 13:43:55.000001,565.4,569.4,565.4,568.0,nan,567.4,106314,6032256360.0,97692,565.6,300,565.4,374,nan,0,nan,0,nan,0,nan,0,nan,0,nan,0,nan,0,nan,0
1597988635378921984,1597988636000000000,2020-08-21 13:43:56.000000,565.6,569.4,565.4,568.0,nan,567.4,106315,6032313100.0,97692,565.6,289,565.4,374,nan,0,nan,0,nan,0,nan,0,nan,0,nan,0,nan,0,nan,0
1597988636375439104,1597988637000000000,2020-08-21 13:43:57.000000,565.6,569.4,565.4,568.0,nan,567.4,106315,6032313100.0,97692,565.6,289,565.4,395,nan,0,nan,0,nan,0,nan,0,nan,0,nan,0,nan,0,nan,0
1597988636871656960,1597988637000001024,2020-08-21 13:43:57.000001,565.6,569.4,565.4,568.0,nan,567.4,106315,6032313100.0,97692,565.6,299,565.4,395,nan,0,nan,0,nan,0,nan,0,nan,0,nan,0,nan,0,nan,0
1597988637370526976,1597988638000000000,2020-08-21 13:43:58.000000,565.4,569.4,565.4,568.0,nan,567.4,106415,6037987100.0,97611,565.6,299,565.4,305,nan,0,nan,0,nan,0,nan,0,nan,0,nan,0,nan,0,nan,0
1597988637872709120,1597988638000001024,2020-08-21 13:43:58.000001,565.4,569.4,565.4,568.0,nan,567.4,106415,6037987100.0,97611,565.6,300,565.4,305,nan,0,nan,0,nan,0,nan,0,nan,0,nan,0,nan,0,nan,0
1597988638379239936,1597988639000000000,2020-08-21 13:43:59.000000,565.6,569.4,565.4,568.0,nan,567.4,106416,6038043840.0,97611,565.6,291,565.4,305,nan,0,nan,0,nan,0,nan,0,nan,0,nan,0,nan,0,nan,0
1597988638876212992,1597988639000001024,2020-08-21 13:43:59.000001,565.6,569.4,565.4,568.0,nan,567.4,106416,6038043840.0,97611,565.6,291,565.4,308,nan,0,nan,0,nan,0,nan,0,nan,0,nan,0,nan,0,nan,0
1597988640378351104,1597988641000000000,2020-08-21 13:44:01.000000,565.4,569.4,565.4,568.0,nan,567.4,106417,6038100580.0,97611,565.6,304,565.4,311,nan,0,nan,0,nan,0,nan,0,nan,0,nan,0,nan,0,nan,0
1597988642384461056,1597988643000000000,2020-08-21 13:44:03.000000,565.4,569.4,565.4,568.0,nan,567.4,106417,6038100580.0,97611,565.6,319,565.4,311,nan,0,nan,0,nan,0,nan,0,nan,0,nan,0,nan,0,nan,0
1597988642876430080,1597988643000001024,2020-08-21 13:44:03.000001,565.4,569.4,565.4,568.0,nan,567.4,106417,6038100580.0,97611,565.6,345,565.4,311,nan,0,nan,0,nan,0,nan,0,nan,0,nan,0,nan,0,nan,0
1597988643381201920,1597988644000000000,2020-08-21 13:44:04.000000,565.4,569.4,565.4,568.0,nan,567.4,106417,6038100580.0,97611,565.6,355,565.4,311,nan,0,nan,0,nan,0,nan,0,nan,0,nan,0,nan,0,nan,0
1597988643883206912,1597988644000001024,2020-08-21 13:44:04.000001,565.4,569.4,565.4,568.0,nan,567.4,106418,6038157320.0,97610,565.6,358,565.4,316,nan,0,nan,0,nan,0,nan,0,nan,0,nan,0,nan,0,nan,0
1597988644383106048,1597988645000000000,2020-08-21 13:44:05.000000,565.4,569.4,565.4,568.0,nan,567.4,106418,6038157320.0,97610,565.6,358,565.4,319,nan,0,nan,0,nan,0,nan,0,nan,0,nan,0,nan,0,nan,0
1597988645384197120,1597988646000000000,2020-08-21 13:44:06.000000,565.4,569.4,565.4,568.0,nan,567.4,106418,6038157320.0,97610,565.6,355,565.4,321,nan,0,nan,0,nan,0,nan,0,nan,0,nan,0,nan,0,nan,0
1597988645881294080,1597988646000001024,2020-08-21 13:44:06.000001,565.4,569.4,565.4,568.0,nan,567.4,106422,6038384280.0,97606,565.6,355,565.4,317,nan,0,nan,0,nan,0,nan,0,nan,0,nan,0,nan,0,nan,0
1597988646388844032,1597988647000000000,2020-08-21 13:44:07.000000,565.6,569.4,565.4,568.0,nan,567.4,106423,6038441020.0,97606,565.6,344,565.4,317,nan,0,nan,0,nan,0,nan,0,nan,0,nan,0,nan,0,nan,0
1597988647890721024,1597988648000001024,2020-08-21 13:44:08.000001,565.6,569.4,565.4,568.0,nan,567.4,106425,6038554500.0,97606,565.6,342,565.4,318,nan,0,nan,0,nan,0,nan,0,nan,0,nan,0,nan,0,nan,0
1597988648380183040,1597988649000000000,2020-08-21 13:44:09.000000,565.6,569.4,565.4,568.0,nan,567.4,106425,6038554500.0,97606,565.6,342,565.4,321,nan,0,nan,0,nan,0,nan,0,nan,0,nan,0,nan,0,nan,0
1597988648880644096,1597988649000001024,2020-08-21 13:44:09.000001,565.6,569.4,565.4,568.0,nan,567.4,106425,6038554500.0,97606,565.6,363,565.4,321,nan,0,nan,0,nan,0,nan,0,nan,0,nan,0,nan,0,nan,0
1597988649383026944,1597988650000000000,2020-08-21 13:44:10.000000,565.6,569.4,565.4,568.0,nan,567.4,106425,6038554500.0,97606,565.6,364,565.4,321,nan,0,nan,0,nan,0,nan,0,nan,0,nan,0,nan,0,nan,0
1597988651413575936,1597988652000000000,2020-08-21 13:44:12.000000,565.4,569.4,565.4,568.0,nan,567.4,106455,6040256700.0,97576,565.6,364,565.4,291,nan,0,nan,0,nan,0,nan,0,nan,0,nan,0,nan,0,nan,0
1597988652399303936,1597988653000000000,2020-08-21 13:44:13.000000,565.4,569.4,565.4,568.0,nan,567.4,106455,6040256700.0,97576,565.6,364,565.4,294,nan,0,nan,0,nan,0,nan,0,nan,0,nan,0,nan,0,nan,0
1597988652889789952,1597988653000001024,2020-08-21 13:44:13.000001,565.6,569.4,565.4,568.0,nan,567.4,106456,6040313440.0,97575,565.6,353,565.4,294,nan,0,nan,0,nan,0,nan,0,nan,0,nan,0,nan,0,nan,0
1597988653903034112,1597988654000001024,2020-08-21 13:44:14.000001,565.4,569.4,565.4,568.0,nan,567.4,106457,6040370180.0,97575,565.6,363,565.4,303,nan,0,nan,0,nan,0,nan,0,nan,0,nan,0,nan,0,nan,0
1597988654396103936,1597988655000000000,2020-08-21 13:44:15.000000,565.4,569.4,565.4,568.0,nan,567.4,106457,6040370180.0,97575,565.6,365,565.4,303,nan,0,nan,0,nan,0,nan,0,nan,0,nan,0,nan,0,nan,0
1597988655885473024,1597988656000000000,2020-08-21 13:44:16.000000,565.4,569.4,565.4,568.0,nan,567.4,106457,6040370180.0,97575,565.6,365,565.4,304,nan,0,nan,0,nan,0,nan,0,nan,0,nan,0,nan,0,nan,0
1597988656883721984,1597988657000001024,2020-08-21 13:44:17.000001,565.4,569.4,565.4,568.0,nan,567.4,106457,6040370180.0,97575,565.6,367,565.4,304,nan,0,nan,0,nan,0,nan,0,nan,0,nan,0,nan,0,nan,0
1597988657381193984,1597988658000000000,2020-08-21 13:44:18.000000,565.4,569.4,565.4,568.0,nan,567.4,106457,6040370180.0,97575,565.6,367,565.4,309,nan,0,nan,0,nan,0,nan,0,nan,0,nan,0,nan,0,nan,0
1597988658879259904,1597988659000001024,2020-08-21 13:44:19.000001,565.4,569.4,565.4,568.0,nan,567.4,106457,6040370180.0,97575,565.6,369,565.4,309,nan,0,nan,0,nan,0,nan,0,nan,0,nan,0,nan,0,nan,0
1597988659386371072,1597988660000000000,2020-08-21 13:44:20.000000,565.4,569.4,565.4,568.0,nan,567.4,106460,6040540400.0,97572,565.6,370,565.4,306,nan,0,nan,0,nan,0,nan,0,nan,0,nan,0,nan,0,nan,0
1597988659886499072,1597988660000001024,2020-08-21 13:44:20.000001,565.4,569.4,565.4,568.0,nan,567.4,106460,6040540400.0,97572,565.6,370,565.4,309,nan,0,nan,0,nan,0,nan,0,nan,0,nan,0,nan,0,nan,0
1597988660381964032,1597988661000000000,2020-08-21 13:44:21.000000,565.4,569.4,565.4,568.0,nan,567.4,106460,6040540400.0,97572,565.6,371,565.4,309,nan,0,nan,0,nan,0,nan,0,nan,0,nan,0,nan,0,nan,0
1597988661888925952,1597988662000001024,2020-08-21 13:44:22.000001,565.4,569.4,565.4,568.0,nan,567.4,106503,6042980220.0,97550,565.6,378,565.4,310,nan,0,nan,0,nan,0,nan,0,nan,0,nan,0,nan,0,nan,0
1597988662888101120,1597988663000001024,2020-08-21 13:44:23.000001,565.4,569.4,565.4,568.0,nan,567.4,106503,6042980220.0,97550,565.6,378,565.4,313,nan,0,nan,0,nan,0,nan,0,nan,0,nan,0,nan,0,nan,0
1597988663897603072,1597988664000001024,2020-08-21 13:44:24.000001,565.6,569.4,565.4,568.0,nan,567.4,106506,6043150440.0,97553,565.6,375,565.4,313,nan,0,nan,0,nan,0,nan,0,nan,0,nan,0,nan,0,nan,0
1597988664898788096,1597988665000001024,2020-08-21 13:44:25.000001,565.4,569.4,565.4,568.0,nan,567.4,106513,6043547620.0,97551,565.6,375,565.4,306,nan,0,nan,0,nan,0,nan,0,nan,0,nan,0,nan,0,nan,0
1597988665390802944,1597988666000000000,2020-08-21 13:44:26.000000,565.4,569.4,565.4,568.0,nan,567.4,106519,6043888060.0,97545,565.6,370,565.4,310,nan,0,nan,0,nan,0,nan,0,nan,0,nan,0,nan,0,nan,0
1597988665893985024,1597988666000001024,2020-08-21 13:44:26.000001,565.4,569.4,565.4,568.0,nan,567.4,106521,6044001540.0,97543,565.6,370,565.4,308,nan,0,nan,0,nan,0,nan,0,nan,0,nan,0,nan,0,nan,0
1597988666904826112,1597988667000001024,2020-08-21 13:44:27.000001,565.4,569.4,565.4,568.0,nan,567.4,106521,6044001540.0,97543,565.6,371,565.4,308,nan,0,nan,0,nan,0,nan,0,nan,0,nan,0,nan,0,nan,0
1597988667392590080,1597988668000000000,2020-08-21 13:44:28.000000,565.4,569.4,565.4,568.0,nan,567.4,106521,6044001540.0,97543,565.6,374,565.4,308,nan,0,nan,0,nan,0,nan,0,nan,0,nan,0,nan,0,nan,0
1597988668395298048,1597988669000000000,2020-08-21 13:44:29.000000,565.4,569.4,565.4,568.0,nan,567.4,106521,6044001540.0,97543,565.6,374,565.4,313,nan,0,nan,0,nan,0,nan,0,nan,0,nan,0,nan,0,nan,0
1597988668897423104,1597988669000001024,2020-08-21 13:44:29.000001,565.4,569.4,565.4,568.0,nan,567.4,106521,6044001540.0,97543,565.6,375,565.4,313,nan,0,nan,0,nan,0,nan,0,nan,0,nan,0,nan,0,nan,0
1597988669394892032,1597988670000000000,2020-08-21 13:44:30.000000,565.4,569.4,565.4,568.0,nan,567.4,106522,6044058280.0,97542,565.6,375,565.4,313,nan,0,nan,0,nan,0,nan,0,nan,0,nan,0,nan,0,nan,0
1597988669893494016,1597988670000001024,2020-08-21 13:44:30.000001,565.4,569.4,565.4,568.0,nan,567.4,106522,6044058280.0,97542,565.6,375,565.4,316,nan,0,nan,0,nan,0,nan,0,nan,0,nan,0,nan,0,nan,0
1597988670392864000,1597988671000000000,2020-08-21 13:44:31.000000,565.6,569.4,565.4,568.0,nan,567.4,106527,6044341980.0,97547,565.6,370,565.4,316,nan,0,nan,0,nan,0,nan,0,nan,0,nan,0,nan,0,nan,0
1597988670899076096,1597988671000001024,2020-08-21 13:44:31.000001,565.4,569.4,565.4,568.0,nan,567.4,106565,6046498100.0,97531,565.6,370,565.4,278,nan,0,nan,0,nan,0,nan,0,nan,0,nan,0,nan,0,nan,0
1597988671386801920,1597988672000000000,2020-08-21 13:44:32.000000,565.4,569.4,565.4,568.0,nan,567.4,106565,6046498100.0,97531,565.6,370,565.4,281,nan,0,nan,0,nan,0,nan,0,nan,0,nan,0,nan,0,nan,0
1597988671891087104,1597988672000001024,2020-08-21 13:44:32.000001,565.4,569.4,565.4,568.0,nan,567.4,106568,6046668320.0,97534,565.6,370,565.4,278,nan,0,nan,0,nan,0,nan,0,nan,0,nan,0,nan,0,nan,0
