local_nano_time,quote_nano_time,datetime,last_price,highest,lowest,open,close,average,volume,amount,open_interest,ask_price1,ask_volume1,bid_price1,bid_volume1,ask_price2,ask_volume2,bid_price2,bid_volume2,ask_price3,ask_volume3,bid_price3,bid_volume3,ask_price4,ask_volume4,bid_price4,bid_volume4,ask_price5,ask_volume5,bid_price5,bid_volume5
1597988245563862016,1597988245882999808,2020-08-21 13:37:25.883000,100.355,100.375,100.32,100.33,nan,100.343,2431,4878674500.0,11089,100.355,14,100.35,14,nan,0,nan,0,nan,0,nan,0,nan,0,nan,0,nan,0,nan,0
1597988246107335936,1597988246423000064,2020-08-21 13:37:26.423000,100.355,100.375,100.32,100.33,nan,100.343,2431,4878674500.0,11089,100.355,12,100.35,16,nan,0,nan,0,nan,0,nan,0,nan,0,nan,0,nan,0,nan,0
1597988246579388928,1597988246932000000,2020-08-21 13:37:26.932000,100.355,100.375,100.32,100.33,nan,100.343,2431,4878674500.0,11089,100.355,11,100.35,17,nan,0,nan,0,nan,0,nan,0,nan,0,nan,0,nan,0,nan,0
1597988247061875968,1597988247436999936,2020-08-21 13:37:27.437000,100.355,100.375,100.32,100.33,nan,100.343,2431,4878674500.0,11089,100.355,11,100.35,17,nan,0,nan,0,nan,0,nan,0,nan,0,nan,0,nan,0,nan,0
1597988247572681984,1597988247912000000,2020-08-21 13:37:27.912000,100.355,100.375,100.32,100.33,nan,100.343,2431,4878674500.0,11089,100.355,11,100.35,17,nan,0,nan,0,nan,0,nan,0,nan,0,nan,0,nan,0,nan,0
1597988248074194944,1597988248420999936,2020-08-21 13:37:28.421000,100.355,100.375,100.32,100.33,nan,100.343,2431,4878674500.0,11089,100.355,11,100.35,17,nan,0,nan,0,nan,0,nan,0,nan,0,nan,0,nan,0,nan,0
1597988248560108032,1597988248938999808,2020-08-21 13:37:28.939000,100.355,100.375,100.32,100.33,nan,100.343,2431,4878674500.0,11089,100.355,11,100.35,17,nan,0,nan,0,nan,0,nan,0,nan,0,nan,0,nan,0,nan,0
1597988249059697920,1597988249420000000,2020-08-21 13:37:29.420000,100.355,100.375,100.32,100.33,nan,100.343,2431,4878674500.0,11089,100.355,11,100.35,17,nan,0,nan,0,nan,0,nan,0,nan,0,nan,0,nan,0,nan,0
1597988249557630976,1597988249930000128,2020-08-21 13:37:29.930000,100.355,100.375,100.32,100.33,nan,100.343,2431,4878674500.0,11089,100.355,11,100.35,17,nan,0,nan,0,nan,0,nan,0,nan,0,nan,0,nan,0,nan,0
1597988250074755072,1597988250435000064,2020-08-21 13:37:30.435000,100.355,100.375,100.32,100.33,nan,100.343,2431,4878674500.0,11089,100.355,11,100.35,17,nan,0,nan,0,nan,0,nan,0,nan,0,nan,0,nan,0,nan,0
1597988250576072960,1597988250933000192,2020-08-21 13:37:30.933000,100.355,100.375,100.32,100.33,nan,100.343,2431,4878674500.0,11089,100.355,11,100.35,17,nan,0,nan,0,nan,0,nan,0,nan,0,nan,0,nan,0,nan,0
1597988251074032896,1597988251436000000,2020-08-21 13:37:31.436000,100.355,100.375,100.32,100.33,nan,100.343,2431,4878674500.0,11089,100.355,11,100.35,17,nan,0,nan,0,nan,0,nan,0,nan,0,nan,0,nan,0,nan,0
1597988251559239936,1597988251914000128,2020-08-21 13:37:31.914000,100.355,100.375,100.32,100.33,nan,100.343,2431,4878674500.0,11089,100.355,11,100.35,17,nan,0,nan,0,nan,0,nan,0,nan,0,nan,0,nan,0,nan,0
1597988254070508032,1597988254438999808,2020-08-21 13:37:34.439000,100.355,100.375,100.32,100.33,nan,100.343,2431,4878674500.0,11089,100.355,12,100.35,18,nan,0,nan,0,nan,0,nan,0,nan,0,nan,0,nan,0,nan,0
1597988257083024896,1597988257427000064,2020-08-21 13:37:37.427000,100.355,100.375,100.32,100.33,nan,100.343,2431,4878674500.0,11089,100.355,13,100.35,18,nan,0,nan,0,nan,0,nan,0,nan,0,nan,0,nan,0,nan,0
1597988261075710976,1597988261436000000,2020-08-21 13:37:41.436000,100.355,100.375,100.32,100.33,nan,100.343,2431,4878674500.0,11089,100.355,20,100.35,18,nan,0,nan,0,nan,0,nan,0,nan,0,nan,0,nan,0,nan,0
1597988265560891904,1597988265935000064,2020-08-21 13:37:45.935000,100.355,100.375,100.32,100.33,nan,100.343,2431,4878674500.0,11089,100.355,21,100.35,19,nan,0,nan,0,nan,0,nan,0,nan,0,nan,0,nan,0,nan,0
1597988266102249984,1597988266424999936,2020-08-21 13:37:46.425000,100.35,100.375,100.32,100.33,nan,100.343,2434,4884695500.0,11086,100.355,21,100.35,16,nan,0,nan,0,nan,0,nan,0,nan,0,nan,0,nan,0,nan,0
1597988266565779968,1597988266924000000,2020-08-21 13:37:46.924000,100.35,100.375,100.32,100.33,nan,100.343,2439,4894730500.0,11084,100.355,22,100.35,7,nan,0,nan,0,nan,0,nan,0,nan,0,nan,0,nan,0,nan,0
1597988267116322048,1597988267416999936,2020-08-21 13:37:47.417000,100.35,100.375,100.32,100.33,nan,100.343,2446,4908779500.0,11085,100.35,1,100.345,80,nan,0,nan,0,nan,0,nan,0,nan,0,nan,0,nan,0,nan,0
1597988267579589120,1597988267938999808,2020-08-21 13:37:47.939000,100.35,100.375,100.32,100.33,nan,100.343,2446,4908779500.0,11085,100.35,2,100.345,49,nan,0,nan,0,nan,0,nan,0,nan,0,nan,0,nan,0,nan,0
1597988268086408960,1597988268428999936,2020-08-21 13:37:48.429000,100.35,100.375,100.32,100.33,nan,100.343,2446,4908779500.0,11085,100.35,2,100.345,30,nan,0,nan,0,nan,0,nan,0,nan,0,nan,0,nan,0,nan,0
1597988268589561088,1597988268924999936,2020-08-21 13:37:48.925000,100.35,100.375,100.32,100.33,nan,100.343,2446,4908779500.0,11085,100.35,4,100.345,31,nan,0,nan,0,nan,0,nan,0,nan,0,nan,0,nan,0,nan,0
1597988269085782016,1597988269407000064,2020-08-21 13:37:49.407000,100.35,100.375,100.32,100.33,nan,100.343,2446,4908779500.0,11085,100.35,4,100.345,21,nan,0,nan,0,nan,0,nan,0,nan,0,nan,0,nan,0,nan,0
1597988269581705984,1597988269923000064,2020-08-21 13:37:49.923000,100.35,100.375,100.32,100.33,nan,100.343,2446,4908779500.0,11085,100.35,4,100.345,21,nan,0,nan,0,nan,0,nan,0,nan,0,nan,0,nan,0,nan,0
1597988270081948928,1597988270424000000,2020-08-21 13:37:50.424000,100.35,100.375,100.32,100.33,nan,100.343,2448,4912793500.0,11085,100.35,4,100.345,22,nan,0,nan,0,nan,0,nan,0,nan,0,nan,0,nan,0,nan,0
1597988271073336064,1597988271434000128,2020-08-21 13:37:51.434000,100.35,100.375,100.32,100.33,nan,100.343,2448,4912793500.0,11085,100.35,5,100.345,21,nan,0,nan,0,nan,0,nan,0,nan,0,nan,0,nan,0,nan,0
1597988281587201024,1597988281924999936,2020-08-21 13:38:01.925000,100.35,100.375,100.32,100.33,nan,100.343,2448,4912793500.0,11085,100.35,7,100.345,21,nan,0,nan,0,nan,0,nan,0,nan,0,nan,0,nan,0,nan,0
1597988287108943104,1597988287435000064,2020-08-21 13:38:07.435000,100.35,100.375,100.32,100.33,nan,100.343,2449,4914800500.0,11085,100.35,6,100.345,21,nan,0,nan,0,nan,0,nan,0,nan,0,nan,0,nan,0,nan,0
1597988288096130048,1597988288436999936,2020-08-21 13:38:08.437000,100.35,100.375,100.32,100.33,nan,100.343,2449,4914800500.0,11085,100.35,7,100.345,22,nan,0,nan,0,nan,0,nan,0,nan,0,nan,0,nan,0,nan,0
1597988291583824896,1597988291936000000,2020-08-21 13:38:11.936000,100.35,100.375,100.32,100.33,nan,100.343,2450,4916807500.0,11085,100.35,6,100.345,22,nan,0,nan,0,nan,0,nan,0,nan,0,nan,0,nan,0,nan,0
1597988292074115072,1597988292436999936,2020-08-21 13:38:12.437000,100.35,100.375,100.32,100.33,nan,100.343,2450,4916807500.0,11085,100.35,16,100.345,22,nan,0,nan,0,nan,0,nan,0,nan,0,nan,0,nan,0,nan,0
1597988293586620928,1597988293931000064,2020-08-21 13:38:13.931000,100.35,100.375,100.32,100.33,nan,100.343,2450,4916807500.0,11085,100.35,16,100.345,22,nan,0,nan,0,nan,0,nan,0,nan,0,nan,0,nan,0,nan,0
1597988300080119040,1597988300418999808,2020-08-21 13:38:20.419000,100.35,100.375,100.32,100.33,nan,100.343,2450,4916807500.0,11085,100.35,16,100.345,32,nan,0,nan,0,nan,0,nan,0,nan,0,nan,0,nan,0,nan,0
1597988301324440064,1597988301433000192,2020-08-21 13:38:21.433000,100.35,100.375,100.32,100.33,nan,100.343,2450,4916807500.0,11085,100.35,16,100.345,32,nan,0,nan,0,nan,0,nan,0,nan,0,nan,0,nan,0,nan,0
1597988314589835008,1597988314897000192,2020-08-21 13:38:34.897000,100.35,100.375,100.32,100.33,nan,100.343,2450,4916807500.0,11085,100.35,16,100.345,32,nan,0,nan,0,nan,0,nan,0,nan,0,nan,0,nan,0,nan,0
1597988339183311104,1597988339424000000,2020-08-21 13:38:59.424000,100.35,100.375,100.32,100.33,nan,100.343,2451,4918814500.0,11086,100.35,15,100.345,32,nan,0,nan,0,nan,0,nan,0,nan,0,nan,0,nan,0,nan,0
1597988339613152000,1597988339934000128,2020-08-21 13:38:59.934000,100.35,100.375,100.32,100.33,nan,100.343,2453,4922828500.0,11086,100.35,15,100.345,32,nan,0,nan,0,nan,0,nan,0,nan,0,nan,0,nan,0,nan,0
1597988341619223040,1597988341936999936,2020-08-21 13:39:01.937000,100.35,100.375,100.32,100.33,nan,100.343,2453,4922828500.0,11086,100.35,16,100.345,32,nan,0,nan,0,nan,0,nan,0,nan,0,nan,0,nan,0,nan,0
1597988355634002944,1597988355934000128,2020-08-21 13:39:15.934000,100.35,100.375,100.32,100.33,nan,100.343,2453,4922828500.0,11086,100.35,16,100.345,28,nan,0,nan,0,nan,0,nan,0,nan,0,nan,0,nan,0,nan,0
1597988377645826048,1597988377936000000,2020-08-21 13:39:37.936000,100.35,100.375,100.32,100.33,nan,100.343,2453,4922828500.0,11086,100.35,16,100.345,32,nan,0,nan,0,nan,0,nan,0,nan,0,nan,0,nan,0,nan,0
1597988380667450880,1597988380934000128,2020-08-21 13:39:40.934000,100.35,100.375,100.32,100.33,nan,100.343,2453,4922828500.0,11086,100.35,16,100.345,28,nan,0,nan,0,nan,0,nan,0,nan,0,nan,0,nan,0,nan,0
1597988381660260096,1597988382240999936,2020-08-21 13:39:42.241000,100.35,100.375,100.32,100.33,nan,100.343,2453,4922828500.0,11086,100.35,16,100.345,32,nan,0,nan,0,nan,0,nan,0,nan,0,nan,0,nan,0,nan,0
1597988387142146048,1597988387426000128,2020-08-21 13:39:47.426000,100.35,100.375,100.32,100.33,nan,100.343,2454,4924835500.0,11086,100.35,15,100.345,32,nan,0,nan,0,nan,0,nan,0,nan,0,nan,0,nan,0,nan,0
1597988387650949888,1597988387872000000,2020-08-21 13:39:47.872000,100.35,100.375,100.32,100.33,nan,100.343,2454,4924835500.0,11086,100.35,14,100.345,32,nan,0,nan,0,nan,0,nan,0,nan,0,nan,0,nan,0,nan,0
1597988389153143040,1597988389576000000,2020-08-21 13:39:49.576000,100.35,100.375,100.32,100.33,nan,100.343,2454,4924835500.0,11086,100.35,14,100.345,28,nan,0,nan,0,nan,0,nan,0,nan,0,nan,0,nan,0,nan,0
1597988390651991040,1597988390937999872,2020-08-21 13:39:50.938000,100.35,100.375,100.32,100.33,nan,100.343,2454,4924835500.0,11086,100.35,14,100.345,28,nan,0,nan,0,nan,0,nan,0,nan,0,nan,0,nan,0,nan,0
1597988391644929024,1597988391932000000,2020-08-21 13:39:51.932000,100.35,100.375,100.32,100.33,nan,100.343,2454,4924835500.0,11086,100.35,14,100.345,28,nan,0,nan,0,nan,0,nan,0,nan,0,nan,0,nan,0,nan,0
1597988393638309888,1597988393904999936,2020-08-21 13:39:53.905000,100.35,100.375,100.32,100.33,nan,100.343,2454,4924835500.0,11086,100.35,14,100.345,28,nan,0,nan,0,nan,0,nan,0,nan,0,nan,0,nan,0,nan,0
1597988394146789888,1597988394704999936,2020-08-21 13:39:54.705000,100.35,100.375,100.32,100.33,nan,100.343,2454,4924835500.0,11086,100.35,14,100.345,28,nan,0,nan,0,nan,0,nan,0,nan,0,nan,0,nan,0,nan,0
1597988400646790912,1597988400937999872,2020-08-21 13:40:00.938000,100.35,100.375,100.32,100.33,nan,100.343,2455,4926842500.0,11085,100.35,13,100.345,27,nan,0,nan,0,nan,0,nan,0,nan,0,nan,0,nan,0,nan,0
1597988402648534016,1597988402918999808,2020-08-21 13:40:02.919000,100.35,100.375,100.32,100.33,nan,100.343,2460,4936877500.0,11085,100.35,8,100.345,27,nan,0,nan,0,nan,0,nan,0,nan,0,nan,0,nan,0,nan,0
1597988408562864896,1597988408918999808,2020-08-21 13:40:08.919000,100.35,100.375,100.32,100.33,nan,100.343,2461,4938884500.0,11085,100.35,7,100.345,28,nan,0,nan,0,nan,0,nan,0,nan,0,nan,0,nan,0,nan,0
1597988409081082112,1597988409415000064,2020-08-21 13:40:09.415000,100.35,100.375,100.32,100.33,nan,100.343,2468,4952933500.0,11089,100.355,70,100.35,2,nan,0,nan,0,nan,0,nan,0,nan,0,nan,0,nan,0,nan,0
1597988409566615040,1597988409904999936,2020-08-21 13:40:09.905000,100.35,100.375,100.32,100.33,nan,100.343,2468,4952933500.0,11089,100.355,37,100.35,2,nan,0,nan,0,nan,0,nan,0,nan,0,nan,0,nan,0,nan,0
1597988410082970880,1597988410403000064,2020-08-21 13:40:10.403000,100.35,100.375,100.32,100.33,nan,100.343,2468,4952933500.0,11089,100.355,28,100.35,3,nan,0,nan,0,nan,0,nan,0,nan,0,nan,0,nan,0,nan,0
1597988410582106880,1597988410931000064,2020-08-21 13:40:10.931000,100.35,100.375,100.32,100.33,nan,100.343,2468,4952933500.0,11089,100.355,28,100.35,3,nan,0,nan,0,nan,0,nan,0,nan,0,nan,0,nan,0,nan,0
1597988411561911040,1597988411924999936,2020-08-21 13:40:11.925000,100.35,100.375,100.32,100.33,nan,100.343,2468,4952933500.0,11089,100.355,18,100.35,3,nan,0,nan,0,nan,0,nan,0,nan,0,nan,0,nan,0,nan,0
1597988412065871872,1597988412411000064,2020-08-21 13:40:12.411000,100.35,100.375,100.32,100.33,nan,100.343,2468,4952933500.0,11089,100.355,18,100.35,4,nan,0,nan,0,nan,0,nan,0,nan,0,nan,0,nan,0,nan,0
1597988413075899904,1597988413426000128,2020-08-21 13:40:13.426000,100.35,100.375,100.32,100.33,nan,100.343,2468,4952933500.0,11089,100.355,19,100.35,4,nan,0,nan,0,nan,0,nan,0,nan,0,nan,0,nan,0,nan,0
1597988414558987008,1597988414920999936,2020-08-21 13:40:14.921000,100.35,100.375,100.32,100.33,nan,100.343,2468,4952933500.0,11089,100.355,19,100.35,5,nan,0,nan,0,nan,0,nan,0,nan,0,nan,0,nan,0,nan,0
1597988426062706944,1597988426431000064,2020-08-21 13:40:26.431000,100.35,100.375,100.32,100.33,nan,100.343,2468,4952933500.0,11089,100.355,19,100.35,5,nan,0,nan,0,nan,0,nan,0,nan,0,nan,0,nan,0,nan,0
1597988433575741952,1597988433934000128,2020-08-21 13:40:33.934000,100.355,100.375,100.32,100.33,nan,100.343,2469,4954940600.0,11090,100.355,18,100.35,5,nan,0,nan,0,nan,0,nan,0,nan,0,nan,0,nan,0,nan,0
1597988434081831936,1597988434405999872,2020-08-21 13:40:34.406000,100.355,100.375,100.32,100.33,nan,100.343,2469,4954940600.0,11090,100.355,16,100.35,8,nan,0,nan,0,nan,0,nan,0,nan,0,nan,0,nan,0,nan,0
1597988438593677056,1597988438938999808,2020-08-21 13:40:38.939000,100.355,100.375,100.32,100.33,nan,100.343,2469,4954940600.0,11090,100.355,16,100.35,8,nan,0,nan,0,nan,0,nan,0,nan,0,nan,0,nan,0,nan,0
1597988442580809984,1597988442924000000,2020-08-21 13:40:42.924000,100.355,100.375,100.32,100.33,nan,100.343,2469,4954940600.0,11090,100.355,16,100.35,8,nan,0,nan,0,nan,0,nan,0,nan,0,nan,0,nan,0,nan,0
1597988443573633024,1597988443938999808,2020-08-21 13:40:43.939000,100.355,100.375,100.32,100.33,nan,100.343,2469,4954940600.0,11090,100.355,16,100.35,8,nan,0,nan,0,nan,0,nan,0,nan,0,nan,0,nan,0,nan,0
1597988449072363008,1597988449431000064,2020-08-21 13:40:49.431000,100.355,100.375,100.32,100.33,nan,100.343,2469,4954940600.0,11090,100.355,16,100.35,7,nan,0,nan,0,nan,0,nan,0,nan,0,nan,0,nan,0,nan,0
1597988450085402880,1597988450418999808,2020-08-21 13:40:50.419000,100.355,100.375,100.32,100.33,nan,100.343,2469,4954940600.0,11090,100.355,26,100.35,7,nan,0,nan,0,nan,0,nan,0,nan,0,nan,0,nan,0,nan,0
1597988466084956928,1597988466433000192,2020-08-21 13:41:06.433000,100.355,100.375,100.32,100.33,nan,100.343,2469,4954940600.0,11090,100.355,19,100.35,7,nan,0,nan,0,nan,0,nan,0,nan,0,nan,0,nan,0,nan,0
1597988470082027008,1597988470438999808,2020-08-21 13:41:10.439000,100.35,100.375,100.32,100.33,nan,100.343,2478,4973003600.0,11084,100.355,20,100.345,85,nan,0,nan,0,nan,0,nan,0,nan,0,nan,0,nan,0,nan,0
1597988470586907904,1597988470926000128,2020-08-21 13:41:10.926000,100.35,100.375,100.32,100.33,nan,100.343,2480,4977017600.0,11084,100.35,1,100.345,57,nan,0,nan,0,nan,0,nan,0,nan,0,nan,0,nan,0,nan,0
1597988471088265984,1597988471436000000,2020-08-21 13:41:11.436000,100.35,100.375,100.32,100.33,nan,100.343,2480,4977017600.0,11084,100.35,2,100.345,46,nan,0,nan,0,nan,0,nan,0,nan,0,nan,0,nan,0,nan,0
1597988471595260928,1597988471927000064,2020-08-21 13:41:11.927000,100.35,100.375,100.32,100.33,nan,100.343,2480,4977017600.0,11084,100.35,4,100.345,26,nan,0,nan,0,nan,0,nan,0,nan,0,nan,0,nan,0,nan,0
1597988472082070016,1597988472436999936,2020-08-21 13:41:12.437000,100.35,100.375,100.32,100.33,nan,100.343,2480,4977017600.0,11084,100.35,4,100.345,26,nan,0,nan,0,nan,0,nan,0,nan,0,nan,0,nan,0,nan,0
1597988480590031104,1597988480903000064,2020-08-21 13:41:20.903000,100.35,100.375,100.32,100.33,nan,100.343,2480,4977017600.0,11084,100.35,9,100.345,26,nan,0,nan,0,nan,0,nan,0,nan,0,nan,0,nan,0,nan,0
1597988481585260032,1597988481937999872,2020-08-21 13:41:21.938000,100.35,100.375,100.32,100.33,nan,100.343,2482,4981031600.0,11085,100.35,8,100.345,26,nan,0,nan,0,nan,0,nan,0,nan,0,nan,0,nan,0,nan,0
1597988483082266112,1597988483434000128,2020-08-21 13:41:23.434000,100.35,100.375,100.32,100.33,nan,100.343,2482,4981031600.0,11085,100.35,9,100.345,26,nan,0,nan,0,nan,0,nan,0,nan,0,nan,0,nan,0,nan,0
1597988504102804992,1597988504430000128,2020-08-21 13:41:44.430000,100.35,100.375,100.32,100.33,nan,100.343,2482,4981031600.0,11085,100.35,9,100.345,26,nan,0,nan,0,nan,0,nan,0,nan,0,nan,0,nan,0,nan,0
1597988505591404032,1597988505936999936,2020-08-21 13:41:45.937000,100.35,100.375,100.32,100.33,nan,100.343,2482,4981031600.0,11085,100.35,10,100.345,26,nan,0,nan,0,nan,0,nan,0,nan,0,nan,0,nan,0,nan,0
1597988506598370048,1597988506926000128,2020-08-21 13:41:46.926000,100.35,100.375,100.32,100.33,nan,100.343,2482,4981031600.0,11085,100.35,10,100.345,26,nan,0,nan,0,nan,0,nan,0,nan,0,nan,0,nan,0,nan,0
1597988511599316992,1597988511924999936,2020-08-21 13:41:51.925000,100.35,100.375,100.32,100.33,nan,100.343,2482,4981031600.0,11085,100.35,10,100.345,26,nan,0,nan,0,nan,0,nan,0,nan,0,nan,0,nan,0,nan,0
1597988513093261056,1597988513436999936,2020-08-21 13:41:53.437000,100.35,100.375,100.32,100.33,nan,100.343,2482,4981031600.0,11085,100.35,20,100.345,26,nan,0,nan,0,nan,0,nan,0,nan,0,nan,0,nan,0,nan,0
1597988514098504960,1597988514434000128,2020-08-21 13:41:54.434000,100.35,100.375,100.32,100.33,nan,100.343,2482,4981031600.0,11085,100.35,20,100.345,26,nan,0,nan,0,nan,0,nan,0,nan,0,nan,0,nan,0,nan,0
1597988527102961920,1597988527437999872,2020-08-21 13:42:07.438000,100.35,100.375,100.32,100.33,nan,100.343,2483,4983038600.0,11086,100.35,19,100.345,26,nan,0,nan,0,nan,0,nan,0,nan,0,nan,0,nan,0,nan,0
1597988527606803968,1597988527927000064,2020-08-21 13:42:07.927000,100.35,100.375,100.32,100.33,nan,100.343,2483,4983038600.0,11086,100.35,20,100.345,27,nan,0,nan,0,nan,0,nan,0,nan,0,nan,0,nan,0,nan,0
1597988528132750080,1597988528432000000,2020-08-21 13:42:08.432000,100.35,100.375,100.32,100.33,nan,100.343,2483,4983038600.0,11086,100.35,20,100.345,27,nan,0,nan,0,nan,0,nan,0,nan,0,nan,0,nan,0,nan,0
1597988536121795072,1597988536403000064,2020-08-21 13:42:16.403000,100.35,100.375,100.32,100.33,nan,100.343,2483,4983038600.0,11086,100.35,25,100.345,27,nan,0,nan,0,nan,0,nan,0,nan,0,nan,0,nan,0,nan,0
1597988573658198016,1597988574236000000,2020-08-21 13:42:54.236000,100.35,100.375,100.32,100.33,nan,100.343,2483,4983038600.0,11086,100.35,24,100.345,27,nan,0,nan,0,nan,0,nan,0,nan,0,nan,0,nan,0,nan,0
1597988575136747008,1597988575414000128,2020-08-21 13:42:55.414000,100.35,100.375,100.32,100.33,nan,100.343,2484,4985045600.0,11086,100.35,23,100.345,27,nan,0,nan,0,nan,0,nan,0,nan,0,nan,0,nan,0,nan,0
1597988602554725888,1597988602934000128,2020-08-21 13:43:22.934000,100.35,100.375,100.32,100.33,nan,100.343,2484,4985045600.0,11086,100.35,23,100.345,27,nan,0,nan,0,nan,0,nan,0,nan,0,nan,0,nan,0,nan,0
1597988603544306944,1597988603930000128,2020-08-21 13:43:23.930000,100.35,100.375,100.32,100.33,nan,100.343,2484,4985045600.0,11086,100.35,23,100.345,27,nan,0,nan,0,nan,0,nan,0,nan,0,nan,0,nan,0,nan,0
1597988615560101120,1597988616000000000,2020-08-21 13:43:36.000000,100.35,100.375,100.32,100.33,nan,100.343,2484,4985045600.0,11086,100.35,23,100.345,25,nan,0,nan,0,nan,0,nan,0,nan,0,nan,0,nan,0,nan,0
1597988618096011008,1597988618381999872,2020-08-21 13:43:38.382000,100.35,100.375,100.32,100.33,nan,100.343,2484,4985045600.0,11086,100.35,24,100.345,25,nan,0,nan,0,nan,0,nan,0,nan,0,nan,0,nan,0,nan,0
1597988623549698048,1597988624000000000,2020-08-21 13:43:44.000000,100.35,100.375,100.32,100.33,nan,100.343,2485,4987052600.0,11087,100.35,23,100.345,25,nan,0,nan,0,nan,0,nan,0,nan,0,nan,0,nan,0,nan,0
1597988624055219968,1597988624427000064,2020-08-21 13:43:44.427000,100.35,100.375,100.32,100.33,nan,100.343,2485,4987052600.0,11087,100.35,23,100.345,25,nan,0,nan,0,nan,0,nan,0,nan,0,nan,0,nan,0,nan,0
1597988645552219904,1597988646000000000,2020-08-21 13:44:06.000000,100.35,100.375,100.32,100.33,nan,100.343,2485,4987052600.0,11087,100.35,53,100.345,25,nan,0,nan,0,nan,0,nan,0,nan,0,nan,0,nan,0,nan,0
1597988646055984128,1597988646434000128,2020-08-21 13:44:06.434000,100.35,100.375,100.32,100.33,nan,100.343,2485,4987052600.0,11087,100.35,63,100.345,25,nan,0,nan,0,nan,0,nan,0,nan,0,nan,0,nan,0,nan,0
1597988647055739904,1597988647435000064,2020-08-21 13:44:07.435000,100.35,100.375,100.32,100.33,nan,100.343,2485,4987052600.0,11087,100.35,93,100.345,25,nan,0,nan,0,nan,0,nan,0,nan,0,nan,0,nan,0,nan,0
1597988651558489088,1597988652000000000,2020-08-21 13:44:12.000000,100.35,100.375,100.32,100.33,nan,100.343,2485,4987052600.0,11087,100.35,23,100.345,25,nan,0,nan,0,nan,0,nan,0,nan,0,nan,0,nan,0,nan,0
1597988652057483008,1597988652433000192,2020-08-21 13:44:12.433000,100.35,100.375,100.32,100.33,nan,100.343,2485,4987052600.0,11087,100.35,13,100.345,25,nan,0,nan,0,nan,0,nan,0,nan,0,nan,0,nan,0,nan,0
1597988652559243008,1597988653000000000,2020-08-21 13:44:13.000000,100.35,100.375,100.32,100.33,nan,100.343,2485,4987052600.0,11087,100.35,13,100.345,25,nan,0,nan,0,nan,0,nan,0,nan,0,nan,0,nan,0,nan,0
1597988660579547904,1597988661000000000,2020-08-21 13:44:21.000000,100.35,100.375,100.32,100.33,nan,100.343,2485,4987052600.0,11087,100.35,13,100.345,25,nan,0,nan,0,nan,0,nan,0,nan,0,nan,0,nan,0,nan,0
1597988661079834112,1597988661413000192,2020-08-21 13:44:21.413000,100.35,100.375,100.32,100.33,nan,100.343,2485,4987052600.0,11087,100.35,13,100.345,25,nan,0,nan,0,nan,0,nan,0,nan,0,nan,0,nan,0,nan,0
1597988661580762880,1597988662000000000,2020-08-21 13:44:22.000000,100.35,100.375,100.32,100.33,nan,100.343,2485,4987052600.0,11087,100.35,13,100.345,25,nan,0,nan,0,nan,0,nan,0,nan,0,nan,0,nan,0,nan,0
1597988662163618048,1597988662435000064,2020-08-21 13:44:22.435000,100.35,100.375,100.32,100.33,nan,100.343,2485,4987052600.0,11087,100.35,12,100.345,25,nan,0,nan,0,nan,0,nan,0,nan,0,nan,0,nan,0,nan,0
1597988669569111040,1597988670000000000,2020-08-21 13:44:30.000000,100.35,100.375,100.32,100.33,nan,100.343,2486,4989059600.0,11088,100.35,11,100.345,25,nan,0,nan,0,nan,0,nan,0,nan,0,nan,0,nan,0,nan,0
1597988704095200000,1597988704437999872,2020-08-21 13:45:04.438000,100.35,100.375,100.32,100.33,nan,100.343,2486,4989059600.0,11088,100.35,11,100.345,25,nan,0,nan,0,nan,0,nan,0,nan,0,nan,0,nan,0,nan,0
1597988705130589952,1597988705412000000,2020-08-21 13:45:05.412000,100.35,100.375,100.32,100.33,nan,100.343,2487,4991066600.0,11088,100.35,10,100.345,29,nan,0,nan,0,nan,0,nan,0,nan,0,nan,0,nan,0,nan,0
1597988705617829120,1597988706000000000,2020-08-21 13:45:06.000000,100.35,100.375,100.32,100.33,nan,100.343,2497,5011136600.0,11098,100.355,65,100.35,4,nan,0,nan,0,nan,0,nan,0,nan,0,nan,0,nan,0,nan,0
1597988706100940032,1597988706432000000,2020-08-21 13:45:06.432000,100.35,100.375,100.32,100.33,nan,100.343,2497,5011136600.0,11098,100.355,34,100.35,6,nan,0,nan,0,nan,0,nan,0,nan,0,nan,0,nan,0,nan,0
1597988706600611072,1597988707000000000,2020-08-21 13:45:07.000000,100.35,100.375,100.32,100.33,nan,100.343,2498,5013143600.0,11099,100.355,23,100.35,5,nan,0,nan,0,nan,0,nan,0,nan,0,nan,0,nan,0,nan,0
1597988707100237056,1597988707427000064,2020-08-21 13:45:07.427000,100.35,100.375,100.32,100.33,nan,100.343,2498,5013143600.0,11099,100.355,23,100.35,5,nan,0,nan,0,nan,0,nan,0,nan,0,nan,0,nan,0,nan,0
1597988707595889920,1597988708000000000,2020-08-21 13:45:08.000000,100.35,100.375,100.32,100.33,nan,100.343,2498,5013143600.0,11099,100.355,12,100.35,6,nan,0,nan,0,nan,0,nan,0,nan,0,nan,0,nan,0,nan,0
1597988709102342912,1597988709436000000,2020-08-21 13:45:09.436000,100.35,100.375,100.32,100.33,nan,100.343,2498,5013143600.0,11099,100.355,13,100.35,6,nan,0,nan,0,nan,0,nan,0,nan,0,nan,0,nan,0,nan,0
1597988717099738112,1597988717433000192,2020-08-21 13:45:17.433000,100.35,100.375,100.32,100.33,nan,100.343,2505,5027192600.0,11102,100.355,13,100.345,86,nan,0,nan,0,nan,0,nan,0,nan,0,nan,0,nan,0,nan,0
1597988717601080064,1597988718000000000,2020-08-21 13:45:18.000000,100.35,100.375,100.32,100.33,nan,100.343,2505,5027192600.0,11102,100.355,13,100.35,1,nan,0,nan,0,nan,0,nan,0,nan,0,nan,0,nan,0,nan,0
1597988718128689920,1597988718428999936,2020-08-21 13:45:18.429000,100.35,100.375,100.32,100.33,nan,100.343,2506,5029199600.0,11101,100.35,1,100.345,85,nan,0,nan,0,nan,0,nan,0,nan,0,nan,0,nan,0,nan,0
1597988718598533120,1597988719000000000,2020-08-21 13:45:19.000000,100.35,100.375,100.32,100.33,nan,100.343,2506,5029199600.0,11101,100.35,2,100.345,44,nan,0,nan,0,nan,0,nan,0,nan,0,nan,0,nan,0,nan,0
1597988719098915072,1597988719417999872,2020-08-21 13:45:19.418000,100.35,100.375,100.32,100.33,nan,100.343,2506,5029199600.0,11101,100.35,2,100.345,24,nan,0,nan,0,nan,0,nan,0,nan,0,nan,0,nan,0,nan,0
1597988719606064128,1597988720000000000,2020-08-21 13:45:20.000000,100.35,100.375,100.32,100.33,nan,100.343,2506,5029199600.0,11101,100.35,3,100.345,24,nan,0,nan,0,nan,0,nan,0,nan,0,nan,0,nan,0,nan,0
1597988725096442880,1597988725434000128,2020-08-21 13:45:25.434000,100.35,100.375,100.32,100.33,nan,100.343,2509,5035220600.0,11100,100.355,65,100.35,8,nan,0,nan,0,nan,0,nan,0,nan,0,nan,0,nan,0,nan,0
1597988725615405056,1597988726000000000,2020-08-21 13:45:26.000000,100.35,100.375,100.32,100.33,nan,100.343,2518,5053283600.0,11100,100.355,33,100.35,1,nan,0,nan,0,nan,0,nan,0,nan,0,nan,0,nan,0,nan,0
1597988726114211072,1597988726433000192,2020-08-21 13:45:26.433000,100.35,100.375,100.32,100.33,nan,100.343,2519,5055290600.0,11099,100.35,1,100.345,76,nan,0,nan,0,nan,0,nan,0,nan,0,nan,0,nan,0,nan,0
1597988726601524992,1597988727000000000,2020-08-21 13:45:27.000000,100.35,100.375,100.32,100.33,nan,100.343,2519,5055290600.0,11099,100.35,1,100.345,35,nan,0,nan,0,nan,0,nan,0,nan,0,nan,0,nan,0,nan,0
1597988727096162048,1597988727437999872,2020-08-21 13:45:27.438000,100.35,100.375,100.32,100.33,nan,100.343,2519,5055290600.0,11099,100.35,1,100.345,25,nan,0,nan,0,nan,0,nan,0,nan,0,nan,0,nan,0,nan,0
1597988727597015040,1597988728000000000,2020-08-21 13:45:28.000000,100.35,100.375,100.32,100.33,nan,100.343,2519,5055290600.0,11099,100.35,2,100.345,24,nan,0,nan,0,nan,0,nan,0,nan,0,nan,0,nan,0,nan,0
1597988728097060096,1597988728435000064,2020-08-21 13:45:28.435000,100.35,100.375,100.32,100.33,nan,100.343,2525,5067332600.0,11095,100.35,7,100.345,24,nan,0,nan,0,nan,0,nan,0,nan,0,nan,0,nan,0,nan,0
1597988729604509952,1597988730000000000,2020-08-21 13:45:30.000000,100.35,100.375,100.32,100.33,nan,100.343,2525,5067332600.0,11095,100.35,13,100.345,24,nan,0,nan,0,nan,0,nan,0,nan,0,nan,0,nan,0,nan,0
1597988752126565888,1597988752433000192,2020-08-21 13:45:52.433000,100.35,100.375,100.32,100.33,nan,100.343,2525,5067332600.0,11095,100.35,43,100.345,24,nan,0,nan,0,nan,0,nan,0,nan,0,nan,0,nan,0,nan,0
1597988752628622080,1597988753000000000,2020-08-21 13:45:53.000000,100.35,100.375,100.32,100.33,nan,100.343,2525,5067332600.0,11095,100.35,53,100.345,24,nan,0,nan,0,nan,0,nan,0,nan,0,nan,0,nan,0,nan,0
1597988753655337984,1597988754000000000,2020-08-21 13:45:54.000000,100.35,100.375,100.32,100.33,nan,100.343,2525,5067332600.0,11095,100.35,83,100.345,24,nan,0,nan,0,nan,0,nan,0,nan,0,nan,0,nan,0,nan,0
1597988757133731072,1597988757438999808,2020-08-21 13:45:57.439000,100.35,100.375,100.32,100.33,nan,100.343,2525,5067332600.0,11095,100.35,23,100.345,24,nan,0,nan,0,nan,0,nan,0,nan,0,nan,0,nan,0,nan,0
1597988757648996096,1597988758000000000,2020-08-21 13:45:58.000000,100.35,100.375,100.32,100.33,nan,100.343,2525,5067332600.0,11095,100.35,13,100.345,24,nan,0,nan,0,nan,0,nan,0,nan,0,nan,0,nan,0,nan,0
1597988758145997056,1597988758436000000,2020-08-21 13:45:58.436000,100.35,100.375,100.32,100.33,nan,100.343,2525,5067332600.0,11095,100.35,13,100.345,24,nan,0,nan,0,nan,0,nan,0,nan,0,nan,0,nan,0,nan,0
1597988762646128896,1597988763141999872,2020-08-21 13:46:03.142000,100.35,100.375,100.32,100.33,nan,100.343,2525,5067332600.0,11095,100.35,13,100.345,29,nan,0,nan,0,nan,0,nan,0,nan,0,nan,0,nan,0,nan,0
1597988763143294976,1597988763435000064,2020-08-21 13:46:03.435000,100.35,100.375,100.32,100.33,nan,100.343,2526,5069339600.0,11095,100.35,12,100.345,29,nan,0,nan,0,nan,0,nan,0,nan,0,nan,0,nan,0,nan,0
1597988778678040064,1597988779221999872,2020-08-21 13:46:19.222000,100.35,100.375,100.32,100.33,nan,100.343,2526,5069339600.0,11095,100.35,12,100.345,29,nan,0,nan,0,nan,0,nan,0,nan,0,nan,0,nan,0,nan,0
1597988785037192960,1597988785435000064,2020-08-21 13:46:25.435000,100.35,100.375,100.32,100.33,nan,100.343,2526,5069339600.0,11095,100.35,12,100.345,29,nan,0,nan,0,nan,0,nan,0,nan,0,nan,0,nan,0,nan,0
1597988805044546048,1597988805411000064,2020-08-21 13:46:45.411000,100.35,100.375,100.32,100.33,nan,100.343,2526,5069339600.0,11095,100.35,12,100.345,29,nan,0,nan,0,nan,0,nan,0,nan,0,nan,0,nan,0,nan,0
1597988811552020992,1597988812000000000,2020-08-21 13:46:52.000000,100.35,100.375,100.32,100.33,nan,100.343,2527,5071346600.0,11095,100.35,41,100.345,29,nan,0,nan,0,nan,0,nan,0,nan,0,nan,0,nan,0,nan,0
1597988812046018048,1597988812408999936,2020-08-21 13:46:52.409000,100.35,100.375,100.32,100.33,nan,100.343,2527,5071346600.0,11095,100.35,51,100.345,29,nan,0,nan,0,nan,0,nan,0,nan,0,nan,0,nan,0,nan,0
1597988853588649984,1597988854000000000,2020-08-21 13:47:34.000000,100.35,100.375,100.32,100.33,nan,100.343,2527,5071346600.0,11095,100.35,52,100.345,29,nan,0,nan,0,nan,0,nan,0,nan,0,nan,0,nan,0,nan,0
1597988854091283968,1597988854436999936,2020-08-21 13:47:34.437000,100.35,100.375,100.32,100.33,nan,100.343,2527,5071346600.0,11095,100.35,42,100.345,29,nan,0,nan,0,nan,0,nan,0,nan,0,nan,0,nan,0,nan,0
1597988854601220096,1597988855000000000,2020-08-21 13:47:35.000000,100.35,100.375,100.32,100.33,nan,100.343,2527,5071346600.0,11095,100.35,42,100.345,29,nan,0,nan,0,nan,0,nan,0,nan,0,nan,0,nan,0,nan,0
1597988855096184064,1597988855423000064,2020-08-21 13:47:35.423000,100.345,100.375,100.32,100.33,nan,100.343,2529,5075360400.0,11093,100.35,42,100.345,27,nan,0,nan,0,nan,0,nan,0,nan,0,nan,0,nan,0,nan,0
1597988855785432064,1597988856000000000,2020-08-21 13:47:36.000000,100.345,100.375,100.32,100.33,nan,100.343,2529,5075360400.0,11093,100.35,44,100.345,25,nan,0,nan,0,nan,0,nan,0,nan,0,nan,0,nan,0,nan,0
1597988856096709888,1597988856434000128,2020-08-21 13:47:36.434000,100.345,100.375,100.32,100.33,nan,100.343,2529,5075360400.0,11093,100.35,45,100.345,25,nan,0,nan,0,nan,0,nan,0,nan,0,nan,0,nan,0,nan,0
1597988856588154112,1597988857000000000,2020-08-21 13:47:37.000000,100.345,100.375,100.32,100.33,nan,100.343,2529,5075360400.0,11093,100.35,55,100.345,25,nan,0,nan,0,nan,0,nan,0,nan,0,nan,0,nan,0,nan,0
1597988857085229056,1597988857437999872,2020-08-21 13:47:37.438000,100.345,100.375,100.32,100.33,nan,100.343,2529,5075360400.0,11093,100.35,55,100.345,25,nan,0,nan,0,nan,0,nan,0,nan,0,nan,0,nan,0,nan,0
1597988857578004992,1597988858000000000,2020-08-21 13:47:38.000000,100.35,100.375,100.32,100.33,nan,100.343,2530,5077367400.0,11093,100.35,54,100.345,25,nan,0,nan,0,nan,0,nan,0,nan,0,nan,0,nan,0,nan,0
1597988858098339072,1597988858438999808,2020-08-21 13:47:38.439000,100.35,100.375,100.32,100.33,nan,100.343,2530,5077367400.0,11093,100.35,42,100.345,27,nan,0,nan,0,nan,0,nan,0,nan,0,nan,0,nan,0,nan,0
1597988858573722880,1597988859000000000,2020-08-21 13:47:39.000000,100.35,100.375,100.32,100.33,nan,100.343,2530,5077367400.0,11093,100.35,42,100.345,28,nan,0,nan,0,nan,0,nan,0,nan,0,nan,0,nan,0,nan,0
1597988859083788032,1597988859433000192,2020-08-21 13:47:39.433000,100.35,100.375,100.32,100.33,nan,100.343,2530,5077367400.0,11093,100.35,42,100.345,28,nan,0,nan,0,nan,0,nan,0,nan,0,nan,0,nan,0,nan,0
1597988859580574976,1597988860000000000,2020-08-21 13:47:40.000000,100.35,100.375,100.32,100.33,nan,100.343,2530,5077367400.0,11093,100.35,42,100.345,28,nan,0,nan,0,nan,0,nan,0,nan,0,nan,0,nan,0,nan,0
1597988860079523072,1597988860407000064,2020-08-21 13:47:40.407000,100.35,100.375,100.32,100.33,nan,100.343,2530,5077367400.0,11093,100.35,42,100.345,28,nan,0,nan,0,nan,0,nan,0,nan,0,nan,0,nan,0,nan,0
1597988860590205952,1597988861000000000,2020-08-21 13:47:41.000000,100.35,100.375,100.32,100.33,nan,100.343,2530,5077367400.0,11093,100.35,42,100.345,28,nan,0,nan,0,nan,0,nan,0,nan,0,nan,0,nan,0,nan,0
1597988861098629120,1597988861426000128,2020-08-21 13:47:41.426000,100.35,100.375,100.32,100.33,nan,100.343,2530,5077367400.0,11093,100.35,42,100.345,28,nan,0,nan,0,nan,0,nan,0,nan,0,nan,0,nan,0,nan,0
1597988861650081024,1597988862000000000,2020-08-21 13:47:42.000000,100.35,100.375,100.32,100.33,nan,100.343,2530,5077367400.0,11093,100.35,42,100.345,28,nan,0,nan,0,nan,0,nan,0,nan,0,nan,0,nan,0,nan,0
1597988862076026880,1597988862433000192,2020-08-21 13:47:42.433000,100.35,100.375,100.32,100.33,nan,100.343,2530,5077367400.0,11093,100.35,42,100.345,28,nan,0,nan,0,nan,0,nan,0,nan,0,nan,0,nan,0,nan,0
1597988862587461888,1597988863000000000,2020-08-21 13:47:43.000000,100.35,100.375,100.32,100.33,nan,100.343,2530,5077367400.0,11093,100.35,42,100.345,28,nan,0,nan,0,nan,0,nan,0,nan,0,nan,0,nan,0,nan,0
1597988863082720000,1597988863437999872,2020-08-21 13:47:43.438000,100.35,100.375,100.32,100.33,nan,100.343,2530,5077367400.0,11093,100.35,42,100.345,28,nan,0,nan,0,nan,0,nan,0,nan,0,nan,0,nan,0,nan,0
1597988863580912128,1597988864000000000,2020-08-21 13:47:44.000000,100.35,100.375,100.32,100.33,nan,100.343,2530,5077367400.0,11093,100.35,42,100.345,28,nan,0,nan,0,nan,0,nan,0,nan,0,nan,0,nan,0,nan,0
1597988864578340096,1597988865000000000,2020-08-21 13:47:45.000000,100.35,100.375,100.32,100.33,nan,100.343,2561,5139584400.0,11099,100.35,12,100.345,28,nan,0,nan,0,nan,0,nan,0,nan,0,nan,0,nan,0,nan,0
1597988865097096960,1597988865436999936,2020-08-21 13:47:45.437000,100.35,100.375,100.32,100.33,nan,100.343,2562,5141591400.0,11099,100.35,12,100.345,28,nan,0,nan,0,nan,0,nan,0,nan,0,nan,0,nan,0,nan,0
1597988869099672064,1597988869434000128,2020-08-21 13:47:49.434000,100.35,100.375,100.32,100.33,nan,100.343,2562,5141591400.0,11099,100.35,12,100.345,28,nan,0,nan,0,nan,0,nan,0,nan,0,nan,0,nan,0,nan,0
1597988872079230976,1597988872427000064,2020-08-21 13:47:52.427000,100.35,100.375,100.32,100.33,nan,100.343,2562,5141591400.0,11099,100.35,12,100.345,28,nan,0,nan,0,nan,0,nan,0,nan,0,nan,0,nan,0,nan,0
1597988876607137024,1597988877000000000,2020-08-21 13:47:57.000000,100.35,100.375,100.32,100.33,nan,100.343,2562,5141591400.0,11099,100.35,12,100.345,28,nan,0,nan,0,nan,0,nan,0,nan,0,nan,0,nan,0,nan,0
1597988877094895104,1597988877435000064,2020-08-21 13:47:57.435000,100.35,100.375,100.32,100.33,nan,100.343,2562,5141591400.0,11099,100.35,11,100.345,28,nan,0,nan,0,nan,0,nan,0,nan,0,nan,0,nan,0,nan,0
1597988878582983936,1597988879000000000,2020-08-21 13:47:59.000000,100.35,100.375,100.32,100.33,nan,100.343,2562,5141591400.0,11099,100.35,11,100.345,28,nan,0,nan,0,nan,0,nan,0,nan,0,nan,0,nan,0,nan,0
1597988879086567936,1597988879424999936,2020-08-21 13:47:59.425000,100.35,100.375,100.32,100.33,nan,100.343,2562,5141591400.0,11099,100.35,11,100.345,28,nan,0,nan,0,nan,0,nan,0,nan,0,nan,0,nan,0,nan,0
1597988883595205120,1597988884000000000,2020-08-21 13:48:04.000000,100.35,100.375,100.32,100.33,nan,100.343,2562,5141591400.0,11099,100.35,11,100.345,28,nan,0,nan,0,nan,0,nan,0,nan,0,nan,0,nan,0,nan,0
1597988884610381056,1597988885000000000,2020-08-21 13:48:05.000000,100.35,100.375,100.32,100.33,nan,100.343,2562,5141591400.0,11099,100.35,11,100.345,28,nan,0,nan,0,nan,0,nan,0,nan,0,nan,0,nan,0,nan,0
1597988886091064064,1597988886430000128,2020-08-21 13:48:06.430000,100.35,100.375,100.32,100.33,nan,100.343,2562,5141591400.0,11099,100.35,11,100.345,28,nan,0,nan,0,nan,0,nan,0,nan,0,nan,0,nan,0,nan,0
1597988888598405120,1597988889000000000,2020-08-21 13:48:09.000000,100.35,100.375,100.32,100.33,nan,100.343,2562,5141591400.0,11099,100.35,41,100.345,28,nan,0,nan,0,nan,0,nan,0,nan,0,nan,0,nan,0,nan,0
1597988889098938112,1597988889430000128,2020-08-21 13:48:09.430000,100.35,100.375,100.32,100.33,nan,100.343,2562,5141591400.0,11099,100.35,81,100.345,28,nan,0,nan,0,nan,0,nan,0,nan,0,nan,0,nan,0,nan,0
1597988905103507968,1597988905433000192,2020-08-21 13:48:25.433000,100.35,100.375,100.32,100.33,nan,100.343,2563,5143598400.0,11099,100.35,80,100.345,28,nan,0,nan,0,nan,0,nan,0,nan,0,nan,0,nan,0,nan,0
1597988905612966912,1597988906000000000,2020-08-21 13:48:26.000000,100.35,100.375,100.32,100.33,nan,100.343,2563,5143598400.0,11099,100.35,80,100.345,28,nan,0,nan,0,nan,0,nan,0,nan,0,nan,0,nan,0,nan,0
1597988906110991104,1597988906407000064,2020-08-21 13:48:26.407000,100.35,100.375,100.32,100.33,nan,100.343,2563,5143598400.0,11099,100.35,20,100.345,28,nan,0,nan,0,nan,0,nan,0,nan,0,nan,0,nan,0,nan,0
1597988906631461888,1597988907000000000,2020-08-21 13:48:27.000000,100.35,100.375,100.32,100.33,nan,100.343,2563,5143598400.0,11099,100.35,10,100.345,28,nan,0,nan,0,nan,0,nan,0,nan,0,nan,0,nan,0,nan,0
1597988907106210048,1597988907437999872,2020-08-21 13:48:27.438000,100.35,100.375,100.32,100.33,nan,100.343,2563,5143598400.0,11099,100.35,10,100.345,28,nan,0,nan,0,nan,0,nan,0,nan,0,nan,0,nan,0,nan,0
1597988914096920064,1597988914437999872,2020-08-21 13:48:34.438000,100.35,100.375,100.32,100.33,nan,100.343,2563,5143598400.0,11099,100.35,10,100.345,28,nan,0,nan,0,nan,0,nan,0,nan,0,nan,0,nan,0,nan,0
1597988914595054080,1597988915000000000,2020-08-21 13:48:35.000000,100.35,100.375,100.32,100.33,nan,100.343,2563,5143598400.0,11099,100.35,10,100.345,28,nan,0,nan,0,nan,0,nan,0,nan,0,nan,0,nan,0,nan,0
1597988916103554048,1597988916430000128,2020-08-21 13:48:36.430000,100.35,100.375,100.32,100.33,nan,100.343,2563,5143598400.0,11099,100.35,10,100.345,28,nan,0,nan,0,nan,0,nan,0,nan,0,nan,0,nan,0,nan,0
1597988921137574912,1597988921384999936,2020-08-21 13:48:41.385000,100.35,100.375,100.32,100.33,nan,100.343,2574,5165675400.0,11102,100.35,1,100.345,28,nan,0,nan,0,nan,0,nan,0,nan,0,nan,0,nan,0,nan,0
1597988922099525888,1597988922437999872,2020-08-21 13:48:42.438000,100.35,100.375,100.32,100.33,nan,100.343,2574,5165675400.0,11102,100.35,2,100.345,28,nan,0,nan,0,nan,0,nan,0,nan,0,nan,0,nan,0,nan,0
1597988923099183104,1597988923412000000,2020-08-21 13:48:43.412000,100.35,100.375,100.32,100.33,nan,100.343,2574,5165675400.0,11102,100.35,3,100.345,28,nan,0,nan,0,nan,0,nan,0,nan,0,nan,0,nan,0,nan,0
1597988923608702976,1597988924000000000,2020-08-21 13:48:44.000000,100.35,100.375,100.32,100.33,nan,100.343,2574,5165675400.0,11102,100.35,13,100.345,28,nan,0,nan,0,nan,0,nan,0,nan,0,nan,0,nan,0,nan,0
1597988936602729984,1597988937000000000,2020-08-21 13:48:57.000000,100.35,100.375,100.32,100.33,nan,100.343,2574,5165675400.0,11102,100.35,3,100.345,28,nan,0,nan,0,nan,0,nan,0,nan,0,nan,0,nan,0,nan,0
1597988941126388992,1597988941436999936,2020-08-21 13:49:01.437000,100.35,100.375,100.32,100.33,nan,100.343,2574,5165675400.0,11102,100.35,33,100.345,28,nan,0,nan,0,nan,0,nan,0,nan,0,nan,0,nan,0,nan,0
1597988941634368000,1597988942000000000,2020-08-21 13:49:02.000000,100.35,100.375,100.32,100.33,nan,100.343,2574,5165675400.0,11102,100.35,33,100.345,28,nan,0,nan,0,nan,0,nan,0,nan,0,nan,0,nan,0,nan,0
1597988943631024128,1597988944000000000,2020-08-21 13:49:04.000000,100.35,100.375,100.32,100.33,nan,100.343,2574,5165675400.0,11102,100.35,32,100.345,28,nan,0,nan,0,nan,0,nan,0,nan,0,nan,0,nan,0,nan,0
1597988950620421120,1597988951000000000,2020-08-21 13:49:11.000000,100.35,100.375,100.32,100.33,nan,100.343,2574,5165675400.0,11102,100.35,42,100.345,28,nan,0,nan,0,nan,0,nan,0,nan,0,nan,0,nan,0,nan,0
1597988951115739904,1597988951427000064,2020-08-21 13:49:11.427000,100.35,100.375,100.32,100.33,nan,100.343,2605,5227892400.0,11103,100.35,23,100.345,28,nan,0,nan,0,nan,0,nan,0,nan,0,nan,0,nan,0,nan,0
1597988951604935936,1597988952000000000,2020-08-21 13:49:12.000000,100.35,100.375,100.32,100.33,nan,100.343,2607,5231906400.0,11102,100.35,11,100.345,28,nan,0,nan,0,nan,0,nan,0,nan,0,nan,0,nan,0,nan,0
1597988952110640128,1597988952440000000,2020-08-21 13:49:12.440000,100.35,100.375,100.32,100.33,nan,100.343,2607,5231906400.0,11102,100.35,11,100.345,28,nan,0,nan,0,nan,0,nan,0,nan,0,nan,0,nan,0,nan,0
1597988953115627008,1597988953408000000,2020-08-21 13:49:13.408000,100.35,100.375,100.32,100.33,nan,100.343,2608,5233913400.0,11103,100.35,10,100.345,28,nan,0,nan,0,nan,0,nan,0,nan,0,nan,0,nan,0,nan,0
1597988953610298112,1597988954000000000,2020-08-21 13:49:14.000000,100.35,100.375,100.32,100.33,nan,100.343,2608,5233913400.0,11103,100.35,11,100.345,27,nan,0,nan,0,nan,0,nan,0,nan,0,nan,0,nan,0,nan,0
1597988954126862080,1597988954438999808,2020-08-21 13:49:14.439000,100.35,100.375,100.32,100.33,nan,100.343,2608,5233913400.0,11103,100.35,11,100.345,27,nan,0,nan,0,nan,0,nan,0,nan,0,nan,0,nan,0,nan,0
1597988954629468928,1597988955000000000,2020-08-21 13:49:15.000000,100.35,100.375,100.32,100.33,nan,100.343,2608,5233913400.0,11103,100.35,10,100.345,27,nan,0,nan,0,nan,0,nan,0,nan,0,nan,0,nan,0,nan,0
1597988955157268992,1597988955415000064,2020-08-21 13:49:15.415000,100.35,100.375,100.32,100.33,nan,100.343,2608,5233913400.0,11103,100.35,15,100.345,27,nan,0,nan,0,nan,0,nan,0,nan,0,nan,0,nan,0,nan,0
1597988967640387072,1597988968000000000,2020-08-21 13:49:28.000000,100.35,100.375,100.32,100.33,nan,100.343,2608,5233913400.0,11103,100.35,15,100.345,27,nan,0,nan,0,nan,0,nan,0,nan,0,nan,0,nan,0,nan,0
1597988999157640960,1597988999742000128,2020-08-21 13:49:59.742000,100.35,100.375,100.32,100.33,nan,100.343,2609,5235920400.0,11104,100.35,14,100.345,27,nan,0,nan,0,nan,0,nan,0,nan,0,nan,0,nan,0,nan,0
1597988999650097920,1597989000233999872,2020-08-21 13:50:00.234000,100.35,100.375,100.32,100.33,nan,100.343,2609,5235920400.0,11104,100.35,14,100.345,27,nan,0,nan,0,nan,0,nan,0,nan,0,nan,0,nan,0,nan,0
1597989002153960960,1597989002438999808,2020-08-21 13:50:02.439000,100.35,100.375,100.32,100.33,nan,100.343,2609,5235920400.0,11104,100.35,14,100.345,27,nan,0,nan,0,nan,0,nan,0,nan,0,nan,0,nan,0,nan,0
1597989002647365120,1597989003240000000,2020-08-21 13:50:03.240000,100.35,100.375,100.32,100.33,nan,100.343,2609,5235920400.0,11104,100.35,14,100.345,27,nan,0,nan,0,nan,0,nan,0,nan,0,nan,0,nan,0,nan,0
1597989003177655040,1597989003719000064,2020-08-21 13:50:03.719000,100.35,100.375,100.32,100.33,nan,100.343,2609,5235920400.0,11104,100.35,14,100.345,27,nan,0,nan,0,nan,0,nan,0,nan,0,nan,0,nan,0,nan,0
1597989008044066048,1597989008433000192,2020-08-21 13:50:08.433000,100.35,100.375,100.32,100.33,nan,100.343,2609,5235920400.0,11104,100.35,14,100.345,27,nan,0,nan,0,nan,0,nan,0,nan,0,nan,0,nan,0,nan,0
1597989009040876032,1597989009434000128,2020-08-21 13:50:09.434000,100.35,100.375,100.32,100.33,nan,100.343,2609,5235920400.0,11104,100.35,14,100.345,27,nan,0,nan,0,nan,0,nan,0,nan,0,nan,0,nan,0,nan,0
1597989009556698880,1597989010000000000,2020-08-21 13:50:10.000000,100.35,100.375,100.32,100.33,nan,100.343,2609,5235920400.0,11104,100.35,15,100.345,27,nan,0,nan,0,nan,0,nan,0,nan,0,nan,0,nan,0,nan,0
1597989010046113024,1597989010436000000,2020-08-21 13:50:10.436000,100.35,100.375,100.32,100.33,nan,100.343,2609,5235920400.0,11104,100.35,15,100.345,27,nan,0,nan,0,nan,0,nan,0,nan,0,nan,0,nan,0,nan,0
1597989011545188096,1597989012000000000,2020-08-21 13:50:12.000000,100.35,100.375,100.32,100.33,nan,100.343,2609,5235920400.0,11104,100.35,15,100.345,27,nan,0,nan,0,nan,0,nan,0,nan,0,nan,0,nan,0,nan,0
1597989039561423104,1597989040000000000,2020-08-21 13:50:40.000000,100.35,100.375,100.32,100.33,nan,100.343,2609,5235920400.0,11104,100.35,45,100.345,27,nan,0,nan,0,nan,0,nan,0,nan,0,nan,0,nan,0,nan,0
1597989040061902080,1597989040432000000,2020-08-21 13:50:40.432000,100.35,100.375,100.32,100.33,nan,100.343,2609,5235920400.0,11104,100.35,55,100.345,27,nan,0,nan,0,nan,0,nan,0,nan,0,nan,0,nan,0,nan,0
1597989041058345984,1597989041434000128,2020-08-21 13:50:41.434000,100.35,100.375,100.32,100.33,nan,100.343,2609,5235920400.0,11104,100.35,85,100.345,27,nan,0,nan,0,nan,0,nan,0,nan,0,nan,0,nan,0,nan,0
1597989047558371072,1597989048000000000,2020-08-21 13:50:48.000000,100.35,100.375,100.32,100.33,nan,100.343,2610,5237927400.0,11105,100.35,84,100.345,27,nan,0,nan,0,nan,0,nan,0,nan,0,nan,0,nan,0,nan,0
1597989048070636032,1597989048438999808,2020-08-21 13:50:48.439000,100.35,100.375,100.32,100.33,nan,100.343,2610,5237927400.0,11105,100.35,24,100.345,27,nan,0,nan,0,nan,0,nan,0,nan,0,nan,0,nan,0,nan,0
1597989048566048000,1597989049000000000,2020-08-21 13:50:49.000000,100.35,100.375,100.32,100.33,nan,100.343,2610,5237927400.0,11105,100.35,14,100.345,27,nan,0,nan,0,nan,0,nan,0,nan,0,nan,0,nan,0,nan,0
1597989049073412096,1597989049424999936,2020-08-21 13:50:49.425000,100.35,100.375,100.32,100.33,nan,100.343,2610,5237927400.0,11105,100.35,14,100.345,27,nan,0,nan,0,nan,0,nan,0,nan,0,nan,0,nan,0,nan,0
1597989050070176000,1597989050428999936,2020-08-21 13:50:50.429000,100.35,100.375,100.32,100.33,nan,100.343,2610,5237927400.0,11105,100.35,14,100.345,27,nan,0,nan,0,nan,0,nan,0,nan,0,nan,0,nan,0,nan,0
1597989050570917888,1597989051000000000,2020-08-21 13:50:51.000000,100.35,100.375,100.32,100.33,nan,100.343,2610,5237927400.0,11105,100.35,14,100.345,27,nan,0,nan,0,nan,0,nan,0,nan,0,nan,0,nan,0,nan,0
1597989059070379008,1597989059433000192,2020-08-21 13:50:59.433000,100.35,100.375,100.32,100.33,nan,100.343,2623,5264018400.0,11118,100.355,64,100.35,1,nan,0,nan,0,nan,0,nan,0,nan,0,nan,0,nan,0,nan,0
1597989059570618112,1597989060000000000,2020-08-21 13:51:00.000000,100.35,100.375,100.32,100.33,nan,100.343,2623,5264018400.0,11118,100.355,32,100.35,4,nan,0,nan,0,nan,0,nan,0,nan,0,nan,0,nan,0,nan,0
1597989060067486976,1597989060432000000,2020-08-21 13:51:00.432000,100.35,100.375,100.32,100.33,nan,100.343,2623,5264018400.0,11118,100.355,23,100.35,9,nan,0,nan,0,nan,0,nan,0,nan,0,nan,0,nan,0,nan,0
1597989060577690880,1597989061000000000,2020-08-21 13:51:01.000000,100.35,100.375,100.32,100.33,nan,100.343,2623,5264018400.0,11118,100.355,23,100.35,9,nan,0,nan,0,nan,0,nan,0,nan,0,nan,0,nan,0,nan,0
1597989061580604928,1597989062000000000,2020-08-21 13:51:02.000000,100.35,100.375,100.32,100.33,nan,100.343,2623,5264018400.0,11118,100.355,13,100.35,9,nan,0,nan,0,nan,0,nan,0,nan,0,nan,0,nan,0,nan,0
1597989062070834944,1597989062434000128,2020-08-21 13:51:02.434000,100.35,100.375,100.32,100.33,nan,100.343,2623,5264018400.0,11118,100.355,12,100.35,9,nan,0,nan,0,nan,0,nan,0,nan,0,nan,0,nan,0,nan,0
1597989072594853120,1597989073000000000,2020-08-21 13:51:13.000000,100.35,100.375,100.32,100.33,nan,100.343,2623,5264018400.0,11118,100.355,12,100.35,19,nan,0,nan,0,nan,0,nan,0,nan,0,nan,0,nan,0,nan,0
1597989074576944128,1597989075000000000,2020-08-21 13:51:15.000000,100.35,100.375,100.32,100.33,nan,100.343,2623,5264018400.0,11118,100.355,12,100.35,19,nan,0,nan,0,nan,0,nan,0,nan,0,nan,0,nan,0,nan,0
1597989075597716992,1597989076000000000,2020-08-21 13:51:16.000000,100.35,100.375,100.32,100.33,nan,100.343,2623,5264018400.0,11118,100.355,12,100.35,19,nan,0,nan,0,nan,0,nan,0,nan,0,nan,0,nan,0,nan,0
1597989093086830080,1597989093432000000,2020-08-21 13:51:33.432000,100.355,100.375,100.32,100.33,nan,100.343,2624,5266025500.0,11118,100.355,11,100.35,19,nan,0,nan,0,nan,0,nan,0,nan,0,nan,0,nan,0,nan,0
1597989093582372096,1597989094000000000,2020-08-21 13:51:34.000000,100.355,100.375,100.32,100.33,nan,100.343,2624,5266025500.0,11118,100.355,9,100.35,23,nan,0,nan,0,nan,0,nan,0,nan,0,nan,0,nan,0,nan,0
1597989094086827008,1597989094424000000,2020-08-21 13:51:34.424000,100.355,100.375,100.32,100.33,nan,100.343,2624,5266025500.0,11118,100.355,9,100.35,23,nan,0,nan,0,nan,0,nan,0,nan,0,nan,0,nan,0,nan,0
1597989094614600960,1597989095000000000,2020-08-21 13:51:35.000000,100.355,100.375,100.32,100.33,nan,100.343,2624,5266025500.0,11118,100.355,9,100.35,23,nan,0,nan,0,nan,0,nan,0,nan,0,nan,0,nan,0,nan,0
1597989095085115904,1597989095432000000,2020-08-21 13:51:35.432000,100.355,100.375,100.32,100.33,nan,100.343,2624,5266025500.0,11118,100.355,9,100.35,23,nan,0,nan,0,nan,0,nan,0,nan,0,nan,0,nan,0,nan,0
1597989095601968896,1597989096000000000,2020-08-21 13:51:36.000000,100.355,100.375,100.32,100.33,nan,100.343,2624,5266025500.0,11118,100.355,9,100.35,23,nan,0,nan,0,nan,0,nan,0,nan,0,nan,0,nan,0,nan,0
1597989096091382016,1597989096433000192,2020-08-21 13:51:36.433000,100.355,100.375,100.32,100.33,nan,100.343,2624,5266025500.0,11118,100.355,9,100.35,23,nan,0,nan,0,nan,0,nan,0,nan,0,nan,0,nan,0,nan,0
1597989096586903040,1597989097000000000,2020-08-21 13:51:37.000000,100.355,100.375,100.32,100.33,nan,100.343,2624,5266025500.0,11118,100.355,9,100.35,23,nan,0,nan,0,nan,0,nan,0,nan,0,nan,0,nan,0,nan,0
1597989097082268928,1597989097424000000,2020-08-21 13:51:37.424000,100.355,100.375,100.32,100.33,nan,100.343,2624,5266025500.0,11118,100.355,9,100.35,23,nan,0,nan,0,nan,0,nan,0,nan,0,nan,0,nan,0,nan,0
1597989097588625920,1597989098000000000,2020-08-21 13:51:38.000000,100.355,100.375,100.32,100.33,nan,100.343,2624,5266025500.0,11118,100.355,9,100.35,23,nan,0,nan,0,nan,0,nan,0,nan,0,nan,0,nan,0,nan,0
1597989098086159104,1597989098395000064,2020-08-21 13:51:38.395000,100.355,100.375,100.32,100.33,nan,100.343,2624,5266025500.0,11118,100.355,9,100.35,23,nan,0,nan,0,nan,0,nan,0,nan,0,nan,0,nan,0,nan,0
1597989098611115008,1597989099000000000,2020-08-21 13:51:39.000000,100.355,100.375,100.32,100.33,nan,100.343,2624,5266025500.0,11118,100.355,9,100.35,23,nan,0,nan,0,nan,0,nan,0,nan,0,nan,0,nan,0,nan,0
1597989099088075008,1597989099428999936,2020-08-21 13:51:39.429000,100.355,100.375,100.32,100.33,nan,100.343,2624,5266025500.0,11118,100.355,9,100.35,23,nan,0,nan,0,nan,0,nan,0,nan,0,nan,0,nan,0,nan,0
1597989100089828096,1597989100434000128,2020-08-21 13:51:40.434000,100.355,100.375,100.32,100.33,nan,100.343,2624,5266025500.0,11118,100.355,19,100.35,23,nan,0,nan,0,nan,0,nan,0,nan,0,nan,0,nan,0,nan,0
1597989105585519104,1597989106000000000,2020-08-21 13:51:46.000000,100.355,100.375,100.32,100.33,nan,100.343,2624,5266025500.0,11118,100.355,19,100.35,23,nan,0,nan,0,nan,0,nan,0,nan,0,nan,0,nan,0,nan,0
1597989126612357888,1597989127000000000,2020-08-21 13:52:07.000000,100.355,100.375,100.32,100.33,nan,100.343,2624,5266025500.0,11118,100.355,20,100.35,23,nan,0,nan,0,nan,0,nan,0,nan,0,nan,0,nan,0,nan,0
1597989127105551872,1597989127438999808,2020-08-21 13:52:07.439000,100.355,100.375,100.32,100.33,nan,100.343,2624,5266025500.0,11118,100.355,19,100.35,23,nan,0,nan,0,nan,0,nan,0,nan,0,nan,0,nan,0,nan,0
1597989127598843904,1597989128000000000,2020-08-21 13:52:08.000000,100.355,100.375,100.32,100.33,nan,100.343,2624,5266025500.0,11118,100.355,19,100.35,23,nan,0,nan,0,nan,0,nan,0,nan,0,nan,0,nan,0,nan,0
1597989129206812928,1597989129427000064,2020-08-21 13:52:09.427000,100.355,100.375,100.32,100.33,nan,100.343,2624,5266025500.0,11118,100.355,19,100.35,23,nan,0,nan,0,nan,0,nan,0,nan,0,nan,0,nan,0,nan,0
1597989130115360000,1597989130436000000,2020-08-21 13:52:10.436000,100.355,100.375,100.32,100.33,nan,100.343,2624,5266025500.0,11118,100.355,19,100.35,23,nan,0,nan,0,nan,0,nan,0,nan,0,nan,0,nan,0,nan,0
1597989132103813120,1597989132424000000,2020-08-21 13:52:12.424000,100.355,100.375,100.32,100.33,nan,100.343,2624,5266025500.0,11118,100.355,19,100.35,23,nan,0,nan,0,nan,0,nan,0,nan,0,nan,0,nan,0,nan,0
1597989132604148992,1597989133000000000,2020-08-21 13:52:13.000000,100.355,100.375,100.32,100.33,nan,100.343,2624,5266025500.0,11118,100.355,19,100.35,23,nan,0,nan,0,nan,0,nan,0,nan,0,nan,0,nan,0,nan,0
1597989133116588032,1597989133430000128,2020-08-21 13:52:13.430000,100.355,100.375,100.32,100.33,nan,100.343,2624,5266025500.0,11118,100.355,19,100.35,23,nan,0,nan,0,nan,0,nan,0,nan,0,nan,0,nan,0,nan,0
1597989141118016000,1597989141435000064,2020-08-21 13:52:21.435000,100.355,100.375,100.32,100.33,nan,100.343,2625,5268032600.0,11119,100.355,18,100.35,23,nan,0,nan,0,nan,0,nan,0,nan,0,nan,0,nan,0,nan,0
1597989141625888000,1597989142000000000,2020-08-21 13:52:22.000000,100.355,100.375,100.32,100.33,nan,100.343,2625,5268032600.0,11119,100.355,18,100.35,24,nan,0,nan,0,nan,0,nan,0,nan,0,nan,0,nan,0,nan,0
1597989153636057088,1597989154000000000,2020-08-21 13:52:34.000000,100.355,100.375,100.32,100.33,nan,100.343,2625,5268032600.0,11119,100.355,18,100.35,27,nan,0,nan,0,nan,0,nan,0,nan,0,nan,0,nan,0,nan,0
1597989189557206016,1597989189935000064,2020-08-21 13:53:09.935000,100.355,100.375,100.32,100.33,nan,100.343,2626,5270039700.0,11120,100.355,17,100.35,27,nan,0,nan,0,nan,0,nan,0,nan,0,nan,0,nan,0,nan,0
1597989235554798080,1597989235931000064,2020-08-21 13:53:55.931000,100.355,100.375,100.32,100.33,nan,100.343,2627,5272046800.0,11121,100.355,16,100.35,27,nan,0,nan,0,nan,0,nan,0,nan,0,nan,0,nan,0,nan,0
1597989242574940928,1597989242921999872,2020-08-21 13:54:02.922000,100.355,100.375,100.32,100.33,nan,100.343,2627,5272046800.0,11121,100.355,18,100.35,27,nan,0,nan,0,nan,0,nan,0,nan,0,nan,0,nan,0,nan,0
1597989243071365120,1597989243428000000,2020-08-21 13:54:03.428000,100.35,100.375,100.32,100.33,nan,100.343,2629,5276060800.0,11120,100.355,18,100.35,26,nan,0,nan,0,nan,0,nan,0,nan,0,nan,0,nan,0,nan,0
1597989243573090048,1597989243920000000,2020-08-21 13:54:03.920000,100.35,100.375,100.32,100.33,nan,100.343,2629,5276060800.0,11120,100.355,20,100.35,23,nan,0,nan,0,nan,0,nan,0,nan,0,nan,0,nan,0,nan,0
1597989244068457984,1597989244436999936,2020-08-21 13:54:04.437000,100.35,100.375,100.32,100.33,nan,100.343,2629,5276060800.0,11120,100.355,21,100.35,23,nan,0,nan,0,nan,0,nan,0,nan,0,nan,0,nan,0,nan,0
1597989244571440128,1597989244923000064,2020-08-21 13:54:04.923000,100.35,100.375,100.32,100.33,nan,100.343,2629,5276060800.0,11120,100.355,21,100.35,23,nan,0,nan,0,nan,0,nan,0,nan,0,nan,0,nan,0,nan,0
1597989245072523008,1597989245416999936,2020-08-21 13:54:05.417000,100.35,100.375,100.32,100.33,nan,100.343,2629,5276060800.0,11120,100.355,21,100.35,23,nan,0,nan,0,nan,0,nan,0,nan,0,nan,0,nan,0,nan,0
1597989245579302912,1597989245934000128,2020-08-21 13:54:05.934000,100.35,100.375,100.32,100.33,nan,100.343,2629,5276060800.0,11120,100.355,21,100.35,23,nan,0,nan,0,nan,0,nan,0,nan,0,nan,0,nan,0,nan,0
1597989246088588032,1597989246436999936,2020-08-21 13:54:06.437000,100.35,100.375,100.32,100.33,nan,100.343,2629,5276060800.0,11120,100.355,21,100.35,23,nan,0,nan,0,nan,0,nan,0,nan,0,nan,0,nan,0,nan,0
1597989250082415104,1597989250434000128,2020-08-21 13:54:10.434000,100.35,100.375,100.32,100.33,nan,100.343,2629,5276060800.0,11120,100.355,21,100.35,23,nan,0,nan,0,nan,0,nan,0,nan,0,nan,0,nan,0,nan,0
1597989251103852032,1597989251436000000,2020-08-21 13:54:11.436000,100.35,100.375,100.32,100.33,nan,100.343,2629,5276060800.0,11120,100.355,21,100.35,23,nan,0,nan,0,nan,0,nan,0,nan,0,nan,0,nan,0,nan,0
1597989253107321088,1597989253428999936,2020-08-21 13:54:13.429000,100.35,100.375,100.32,100.33,nan,100.343,2629,5276060800.0,11120,100.355,51,100.35,23,nan,0,nan,0,nan,0,nan,0,nan,0,nan,0,nan,0,nan,0
1597989253629112064,1597989254000000000,2020-08-21 13:54:14.000000,100.35,100.375,100.32,100.33,nan,100.343,2629,5276060800.0,11120,100.355,61,100.35,23,nan,0,nan,0,nan,0,nan,0,nan,0,nan,0,nan,0,nan,0
1597989255083297024,1597989255432000000,2020-08-21 13:54:15.432000,100.35,100.375,100.32,100.33,nan,100.343,2629,5276060800.0,11120,100.355,59,100.35,23,nan,0,nan,0,nan,0,nan,0,nan,0,nan,0,nan,0,nan,0
1597989255589113088,1597989255931000064,2020-08-21 13:54:15.931000,100.35,100.375,100.32,100.33,nan,100.343,2629,5276060800.0,11120,100.355,90,100.35,23,nan,0,nan,0,nan,0,nan,0,nan,0,nan,0,nan,0,nan,0
1597989260110529024,1597989260431000064,2020-08-21 13:54:20.431000,100.355,100.375,100.32,100.33,nan,100.344,2636,5290110500.0,11126,100.355,83,100.35,23,nan,0,nan,0,nan,0,nan,0,nan,0,nan,0,nan,0,nan,0
1597989260594739968,1597989260934000128,2020-08-21 13:54:20.934000,100.355,100.375,100.32,100.33,nan,100.344,2637,5292117600.0,11125,100.355,20,100.35,26,nan,0,nan,0,nan,0,nan,0,nan,0,nan,0,nan,0,nan,0
1597989261156133888,1597989261432000000,2020-08-21 13:54:21.432000,100.355,100.375,100.32,100.33,nan,100.344,2637,5292117600.0,11125,100.355,11,100.35,27,nan,0,nan,0,nan,0,nan,0,nan,0,nan,0,nan,0,nan,0
1597989261585369088,1597989261936999936,2020-08-21 13:54:21.937000,100.355,100.375,100.32,100.33,nan,100.344,2637,5292117600.0,11125,100.355,13,100.35,27,nan,0,nan,0,nan,0,nan,0,nan,0,nan,0,nan,0,nan,0
1597989264588846080,1597989264935000064,2020-08-21 13:54:24.935000,100.355,100.375,100.32,100.33,nan,100.344,2637,5292117600.0,11125,100.355,13,100.35,27,nan,0,nan,0,nan,0,nan,0,nan,0,nan,0,nan,0,nan,0
1597989271099715072,1597989271434000128,2020-08-21 13:54:31.434000,100.355,100.375,100.32,100.33,nan,100.344,2638,5294124700.0,11125,100.355,12,100.35,27,nan,0,nan,0,nan,0,nan,0,nan,0,nan,0,nan,0,nan,0
1597989283100281088,1597989283418999808,2020-08-21 13:54:43.419000,100.355,100.375,100.32,100.33,nan,100.344,2639,5296131800.0,11125,100.355,11,100.35,27,nan,0,nan,0,nan,0,nan,0,nan,0,nan,0,nan,0,nan,0
1597989289645010944,1597989290000000000,2020-08-21 13:54:50.000000,100.355,100.375,100.32,100.33,nan,100.344,2639,5296131800.0,11125,100.355,11,100.35,27,nan,0,nan,0,nan,0,nan,0,nan,0,nan,0,nan,0,nan,0
1597989302609402880,1597989302934000128,2020-08-21 13:55:02.934000,100.355,100.375,100.32,100.33,nan,100.344,2639,5296131800.0,11125,100.355,11,100.35,27,nan,0,nan,0,nan,0,nan,0,nan,0,nan,0,nan,0,nan,0
1597989307159195904,1597989307437999872,2020-08-21 13:55:07.438000,100.355,100.375,100.32,100.33,nan,100.344,2639,5296131800.0,11125,100.355,11,100.35,37,nan,0,nan,0,nan,0,nan,0,nan,0,nan,0,nan,0,nan,0
1597989322619260928,1597989322936000000,2020-08-21 13:55:22.936000,100.355,100.375,100.32,100.33,nan,100.344,2639,5296131800.0,11125,100.355,11,100.35,37,nan,0,nan,0,nan,0,nan,0,nan,0,nan,0,nan,0,nan,0
1597989327150341120,1597989327435000064,2020-08-21 13:55:27.435000,100.355,100.375,100.32,100.33,nan,100.344,2639,5296131800.0,11125,100.355,11,100.35,37,nan,0,nan,0,nan,0,nan,0,nan,0,nan,0,nan,0,nan,0
1597989327622319104,1597989327932000000,2020-08-21 13:55:27.932000,100.355,100.375,100.32,100.33,nan,100.344,2639,5296131800.0,11125,100.355,10,100.35,37,nan,0,nan,0,nan,0,nan,0,nan,0,nan,0,nan,0,nan,0
1597989329146844928,1597989329437999872,2020-08-21 13:55:29.438000,100.355,100.375,100.32,100.33,nan,100.344,2640,5298138900.0,11125,100.355,9,100.35,37,nan,0,nan,0,nan,0,nan,0,nan,0,nan,0,nan,0,nan,0
1597989329619976960,1597989329934000128,2020-08-21 13:55:29.934000,100.355,100.375,100.32,100.33,nan,100.344,2640,5298138900.0,11125,100.355,9,100.35,37,nan,0,nan,0,nan,0,nan,0,nan,0,nan,0,nan,0,nan,0
1597989334119613952,1597989334431000064,2020-08-21 13:55:34.431000,100.355,100.375,100.32,100.33,nan,100.344,2640,5298138900.0,11125,100.355,9,100.35,37,nan,0,nan,0,nan,0,nan,0,nan,0,nan,0,nan,0,nan,0
1597989335135523072,1597989335434000128,2020-08-21 13:55:35.434000,100.355,100.375,100.32,100.33,nan,100.344,2640,5298138900.0,11125,100.355,34,100.35,37,nan,0,nan,0,nan,0,nan,0,nan,0,nan,0,nan,0,nan,0
1597989348153575936,1597989348436000000,2020-08-21 13:55:48.436000,100.355,100.375,100.32,100.33,nan,100.344,2640,5298138900.0,11125,100.355,35,100.35,37,nan,0,nan,0,nan,0,nan,0,nan,0,nan,0,nan,0,nan,0
1597989353126358016,1597989353437999872,2020-08-21 13:55:53.438000,100.35,100.375,100.32,100.33,nan,100.344,2641,5300145900.0,11125,100.355,34,100.35,36,nan,0,nan,0,nan,0,nan,0,nan,0,nan,0,nan,0,nan,0
1597989353624389120,1597989353901999872,2020-08-21 13:55:53.902000,100.35,100.375,100.32,100.33,nan,100.344,2641,5300145900.0,11125,100.355,36,100.35,33,nan,0,nan,0,nan,0,nan,0,nan,0,nan,0,nan,0,nan,0
1597989354140233984,1597989354435000064,2020-08-21 13:55:54.435000,100.35,100.375,100.32,100.33,nan,100.344,2641,5300145900.0,11125,100.355,36,100.35,33,nan,0,nan,0,nan,0,nan,0,nan,0,nan,0,nan,0,nan,0
1597989361647237888,1597989361931000064,2020-08-21 13:56:01.931000,100.35,100.375,100.32,100.33,nan,100.344,2642,5302152900.0,11124,100.355,36,100.35,32,nan,0,nan,0,nan,0,nan,0,nan,0,nan,0,nan,0,nan,0
1597989363145280000,1597989363430000128,2020-08-21 13:56:03.430000,100.35,100.375,100.32,100.33,nan,100.344,2642,5302152900.0,11124,100.355,36,100.35,33,nan,0,nan,0,nan,0,nan,0,nan,0,nan,0,nan,0,nan,0
1597989370670290944,1597989370936000000,2020-08-21 13:56:10.936000,100.35,100.375,100.32,100.33,nan,100.344,2642,5302152900.0,11124,100.355,36,100.35,33,nan,0,nan,0,nan,0,nan,0,nan,0,nan,0,nan,0,nan,0
1597989371146254080,1597989371397000192,2020-08-21 13:56:11.397000,100.35,100.375,100.32,100.33,nan,100.344,2642,5302152900.0,11124,100.355,36,100.35,33,nan,0,nan,0,nan,0,nan,0,nan,0,nan,0,nan,0,nan,0
1597989371633646080,1597989371936999936,2020-08-21 13:56:11.937000,100.35,100.375,100.32,100.33,nan,100.344,2642,5302152900.0,11124,100.355,36,100.35,33,nan,0,nan,0,nan,0,nan,0,nan,0,nan,0,nan,0,nan,0
1597989377167161088,1597989377724000000,2020-08-21 13:56:17.724000,100.355,100.375,100.32,100.33,nan,100.344,2643,5304160000.0,11124,100.355,35,100.35,33,nan,0,nan,0,nan,0,nan,0,nan,0,nan,0,nan,0,nan,0
1597989377643155968,1597989378085999872,2020-08-21 13:56:18.086000,100.355,100.375,100.32,100.33,nan,100.344,2643,5304160000.0,11124,100.355,32,100.35,35,nan,0,nan,0,nan,0,nan,0,nan,0,nan,0,nan,0,nan,0
1597989378164078080,1597989378749000192,2020-08-21 13:56:18.749000,100.355,100.375,100.32,100.33,nan,100.344,2643,5304160000.0,11124,100.355,32,100.35,36,nan,0,nan,0,nan,0,nan,0,nan,0,nan,0,nan,0,nan,0
1597989378653486080,1597989379096000000,2020-08-21 13:56:19.096000,100.355,100.375,100.32,100.33,nan,100.344,2643,5304160000.0,11124,100.355,32,100.35,36,nan,0,nan,0,nan,0,nan,0,nan,0,nan,0,nan,0,nan,0
1597989379539949056,1597989379928999936,2020-08-21 13:56:19.929000,100.355,100.375,100.32,100.33,nan,100.344,2643,5304160000.0,11124,100.355,32,100.35,36,nan,0,nan,0,nan,0,nan,0,nan,0,nan,0,nan,0,nan,0
1597989383033559040,1597989383384999936,2020-08-21 13:56:23.385000,100.355,100.375,100.32,100.33,nan,100.344,2643,5304160000.0,11124,100.355,32,100.35,36,nan,0,nan,0,nan,0,nan,0,nan,0,nan,0,nan,0,nan,0
1597989383544241920,1597989383938999808,2020-08-21 13:56:23.939000,100.355,100.375,100.32,100.33,nan,100.344,2643,5304160000.0,11124,100.355,32,100.35,36,nan,0,nan,0,nan,0,nan,0,nan,0,nan,0,nan,0,nan,0
1597989384038599936,1597989384400999936,2020-08-21 13:56:24.401000,100.355,100.375,100.32,100.33,nan,100.344,2643,5304160000.0,11124,100.355,32,100.35,36,nan,0,nan,0,nan,0,nan,0,nan,0,nan,0,nan,0,nan,0
1597989387564401920,1597989387934000128,2020-08-21 13:56:27.934000,100.35,100.375,100.32,100.33,nan,100.344,2644,5306167000.0,11124,100.355,33,100.35,35,nan,0,nan,0,nan,0,nan,0,nan,0,nan,0,nan,0,nan,0
1597989388039963904,1597989388434000128,2020-08-21 13:56:28.434000,100.35,100.375,100.32,100.33,nan,100.344,2645,5308174000.0,11124,100.355,37,100.35,31,nan,0,nan,0,nan,0,nan,0,nan,0,nan,0,nan,0,nan,0
1597989388569401088,1597989388934000128,2020-08-21 13:56:28.934000,100.35,100.375,100.32,100.33,nan,100.344,2647,5312188000.0,11124,100.355,35,100.35,29,nan,0,nan,0,nan,0,nan,0,nan,0,nan,0,nan,0,nan,0
1597989389552072960,1597989389926000128,2020-08-21 13:56:29.926000,100.355,100.375,100.32,100.33,nan,100.344,2651,5320216400.0,11124,100.355,31,100.35,29,nan,0,nan,0,nan,0,nan,0,nan,0,nan,0,nan,0,nan,0
1597989390039522048,1597989390364000000,2020-08-21 13:56:30.364000,100.355,100.375,100.32,100.33,nan,100.344,2651,5320216400.0,11124,100.355,28,100.35,36,nan,0,nan,0,nan,0,nan,0,nan,0,nan,0,nan,0,nan,0
1597989390547386880,1597989390936999936,2020-08-21 13:56:30.937000,100.355,100.375,100.32,100.33,nan,100.344,2651,5320216400.0,11124,100.355,28,100.35,37,nan,0,nan,0,nan,0,nan,0,nan,0,nan,0,nan,0,nan,0
1597989395047507968,1597989395435000064,2020-08-21 13:56:35.435000,100.355,100.375,100.32,100.33,nan,100.344,2651,5320216400.0,11124,100.355,28,100.35,37,nan,0,nan,0,nan,0,nan,0,nan,0,nan,0,nan,0,nan,0
1597989395550816000,1597989395920999936,2020-08-21 13:56:35.921000,100.355,100.375,100.32,100.33,nan,100.344,2651,5320216400.0,11124,100.355,28,100.35,37,nan,0,nan,0,nan,0,nan,0,nan,0,nan,0,nan,0,nan,0
1597989396048024064,1597989396413000192,2020-08-21 13:56:36.413000,100.355,100.375,100.32,100.33,nan,100.344,2651,5320216400.0,11124,100.355,28,100.35,37,nan,0,nan,0,nan,0,nan,0,nan,0,nan,0,nan,0,nan,0
1597989406556994048,1597989406878000128,2020-08-21 13:56:46.878000,100.355,100.375,100.32,100.33,nan,100.344,2651,5320216400.0,11124,100.355,28,100.35,37,nan,0,nan,0,nan,0,nan,0,nan,0,nan,0,nan,0,nan,0
1597989407055418112,1597989407433000192,2020-08-21 13:56:47.433000,100.355,100.375,100.32,100.33,nan,100.344,2651,5320216400.0,11124,100.355,28,100.35,37,nan,0,nan,0,nan,0,nan,0,nan,0,nan,0,nan,0,nan,0
1597989407549317120,1597989407935000064,2020-08-21 13:56:47.935000,100.355,100.375,100.32,100.33,nan,100.344,2651,5320216400.0,11124,100.355,28,100.35,37,nan,0,nan,0,nan,0,nan,0,nan,0,nan,0,nan,0,nan,0
1597989408045006080,1597989408413000192,2020-08-21 13:56:48.413000,100.355,100.375,100.32,100.33,nan,100.344,2651,5320216400.0,11124,100.355,28,100.35,37,nan,0,nan,0,nan,0,nan,0,nan,0,nan,0,nan,0,nan,0
1597989413049672960,1597989413428000000,2020-08-21 13:56:53.428000,100.355,100.375,100.32,100.33,nan,100.344,2651,5320216400.0,11124,100.355,58,100.35,37,nan,0,nan,0,nan,0,nan,0,nan,0,nan,0,nan,0,nan,0
1597989413554108928,1597989413916000000,2020-08-21 13:56:53.916000,100.355,100.375,100.32,100.33,nan,100.344,2651,5320216400.0,11124,100.355,68,100.35,37,nan,0,nan,0,nan,0,nan,0,nan,0,nan,0,nan,0,nan,0
1597989414552306944,1597989414936000000,2020-08-21 13:56:54.936000,100.355,100.375,100.32,100.33,nan,100.344,2651,5320216400.0,11124,100.355,98,100.35,37,nan,0,nan,0,nan,0,nan,0,nan,0,nan,0,nan,0,nan,0
1597989419054377984,1597989419431000064,2020-08-21 13:56:59.431000,100.355,100.375,100.32,100.33,nan,100.344,2651,5320216400.0,11124,100.355,98,100.35,37,nan,0,nan,0,nan,0,nan,0,nan,0,nan,0,nan,0,nan,0
1597989419560016896,1597989419904999936,2020-08-21 13:56:59.905000,100.355,100.375,100.32,100.33,nan,100.344,2651,5320216400.0,11124,100.355,98,100.35,37,nan,0,nan,0,nan,0,nan,0,nan,0,nan,0,nan,0,nan,0
1597989420051622912,1597989420435000064,2020-08-21 13:57:00.435000,100.355,100.375,100.32,100.33,nan,100.344,2651,5320216400.0,11124,100.355,98,100.35,37,nan,0,nan,0,nan,0,nan,0,nan,0,nan,0,nan,0,nan,0
1597989422086622976,1597989422436000000,2020-08-21 13:57:02.436000,100.355,100.375,100.32,100.33,nan,100.344,2651,5320216400.0,11124,100.355,68,100.35,37,nan,0,nan,0,nan,0,nan,0,nan,0,nan,0,nan,0,nan,0
1597989422558883072,1597989422927000064,2020-08-21 13:57:02.927000,100.355,100.375,100.32,100.33,nan,100.344,2651,5320216400.0,11124,100.355,38,100.35,37,nan,0,nan,0,nan,0,nan,0,nan,0,nan,0,nan,0,nan,0
1597989423058987008,1597989423432000000,2020-08-21 13:57:03.432000,100.355,100.375,100.32,100.33,nan,100.344,2651,5320216400.0,11124,100.355,28,100.35,37,nan,0,nan,0,nan,0,nan,0,nan,0,nan,0,nan,0,nan,0
1597989423557975040,1597989423935000064,2020-08-21 13:57:03.935000,100.355,100.375,100.32,100.33,nan,100.344,2653,5324230600.0,11125,100.355,27,100.35,37,nan,0,nan,0,nan,0,nan,0,nan,0,nan,0,nan,0,nan,0
1597989425691098880,1597989425928999936,2020-08-21 13:57:05.929000,100.355,100.375,100.32,100.33,nan,100.344,2653,5324230600.0,11125,100.355,28,100.35,37,nan,0,nan,0,nan,0,nan,0,nan,0,nan,0,nan,0,nan,0
1597989431077884928,1597989431424000000,2020-08-21 13:57:11.424000,100.355,100.375,100.32,100.33,nan,100.344,2653,5324230600.0,11125,100.355,28,100.35,37,nan,0,nan,0,nan,0,nan,0,nan,0,nan,0,nan,0,nan,0
1597989431573061888,1597989431936000000,2020-08-21 13:57:11.936000,100.355,100.375,100.32,100.33,nan,100.344,2653,5324230600.0,11125,100.355,28,100.35,37,nan,0,nan,0,nan,0,nan,0,nan,0,nan,0,nan,0,nan,0
1597989432074639104,1597989432435000064,2020-08-21 13:57:12.435000,100.355,100.375,100.32,100.33,nan,100.344,2653,5324230600.0,11125,100.355,28,100.35,37,nan,0,nan,0,nan,0,nan,0,nan,0,nan,0,nan,0,nan,0
1597989443068103936,1597989443427000064,2020-08-21 13:57:23.427000,100.355,100.375,100.32,100.33,nan,100.344,2653,5324230600.0,11125,100.355,28,100.35,37,nan,0,nan,0,nan,0,nan,0,nan,0,nan,0,nan,0,nan,0
1597989443575378944,1597989443917999872,2020-08-21 13:57:23.918000,100.355,100.375,100.32,100.33,nan,100.344,2653,5324230600.0,11125,100.355,28,100.35,37,nan,0,nan,0,nan,0,nan,0,nan,0,nan,0,nan,0,nan,0
1597989444071973120,1597989444405999872,2020-08-21 13:57:24.406000,100.355,100.375,100.32,100.33,nan,100.344,2653,5324230600.0,11125,100.355,28,100.35,37,nan,0,nan,0,nan,0,nan,0,nan,0,nan,0,nan,0,nan,0
1597989451083844096,1597989451438999808,2020-08-21 13:57:31.439000,100.35,100.375,100.32,100.33,nan,100.344,2655,5328244600.0,11123,100.355,28,100.35,35,nan,0,nan,0,nan,0,nan,0,nan,0,nan,0,nan,0,nan,0
1597989451597161984,1597989451932000000,2020-08-21 13:57:31.932000,100.35,100.375,100.32,100.33,nan,100.344,2655,5328244600.0,11123,100.355,30,100.35,32,nan,0,nan,0,nan,0,nan,0,nan,0,nan,0,nan,0,nan,0
1597989452097008128,1597989452436000000,2020-08-21 13:57:32.436000,100.35,100.375,100.32,100.33,nan,100.344,2655,5328244600.0,11123,100.355,31,100.35,32,nan,0,nan,0,nan,0,nan,0,nan,0,nan,0,nan,0,nan,0
1597989455137500928,1597989455436000000,2020-08-21 13:57:35.436000,100.35,100.375,100.32,100.33,nan,100.344,2655,5328244600.0,11123,100.355,31,100.35,32,nan,0,nan,0,nan,0,nan,0,nan,0,nan,0,nan,0,nan,0
1597989455592086016,1597989455915000064,2020-08-21 13:57:35.915000,100.35,100.375,100.32,100.33,nan,100.344,2655,5328244600.0,11123,100.355,31,100.35,32,nan,0,nan,0,nan,0,nan,0,nan,0,nan,0,nan,0,nan,0
1597989462082780928,1597989462418999808,2020-08-21 13:57:42.419000,100.35,100.375,100.32,100.33,nan,100.344,2655,5328244600.0,11123,100.355,31,100.35,32,nan,0,nan,0,nan,0,nan,0,nan,0,nan,0,nan,0,nan,0
1597989464587089920,1597989464938999808,2020-08-21 13:57:44.939000,100.35,100.375,100.32,100.33,nan,100.344,2655,5328244600.0,11123,100.355,32,100.35,32,nan,0,nan,0,nan,0,nan,0,nan,0,nan,0,nan,0,nan,0
1597989467098624000,1597989467436000000,2020-08-21 13:57:47.436000,100.35,100.375,100.32,100.33,nan,100.344,2655,5328244600.0,11123,100.355,32,100.35,32,nan,0,nan,0,nan,0,nan,0,nan,0,nan,0,nan,0,nan,0
1597989467597372928,1597989467901999872,2020-08-21 13:57:47.902000,100.35,100.375,100.32,100.33,nan,100.344,2655,5328244600.0,11123,100.355,32,100.35,32,nan,0,nan,0,nan,0,nan,0,nan,0,nan,0,nan,0,nan,0
1597989468602171904,1597989468931000064,2020-08-21 13:57:48.931000,100.35,100.375,100.32,100.33,nan,100.344,2655,5328244600.0,11123,100.355,32,100.35,32,nan,0,nan,0,nan,0,nan,0,nan,0,nan,0,nan,0,nan,0
1597989471098744064,1597989471438999808,2020-08-21 13:57:51.439000,100.355,100.375,100.32,100.33,nan,100.344,2656,5330251700.0,11123,100.355,31,100.35,32,nan,0,nan,0,nan,0,nan,0,nan,0,nan,0,nan,0,nan,0
1597989471602894080,1597989471927000064,2020-08-21 13:57:51.927000,100.35,100.375,100.32,100.33,nan,100.344,2659,5336272700.0,11123,100.355,28,100.35,31,nan,0,nan,0,nan,0,nan,0,nan,0,nan,0,nan,0,nan,0
1597989472090420992,1597989472428999936,2020-08-21 13:57:52.429000,100.35,100.375,100.32,100.33,nan,100.344,2659,5336272700.0,11123,100.355,31,100.35,29,nan,0,nan,0,nan,0,nan,0,nan,0,nan,0,nan,0,nan,0
1597989472593060096,1597989472936999936,2020-08-21 13:57:52.937000,100.35,100.375,100.32,100.33,nan,100.344,2660,5338279700.0,11122,100.355,30,100.35,28,nan,0,nan,0,nan,0,nan,0,nan,0,nan,0,nan,0,nan,0
1597989473594300928,1597989473936999936,2020-08-21 13:57:53.937000,100.35,100.375,100.32,100.33,nan,100.344,2660,5338279700.0,11122,100.355,60,100.35,28,nan,0,nan,0,nan,0,nan,0,nan,0,nan,0,nan,0,nan,0
1597989474114909952,1597989474436000000,2020-08-21 13:57:54.436000,100.35,100.375,100.32,100.33,nan,100.344,2662,5342293700.0,11122,100.355,100,100.35,26,nan,0,nan,0,nan,0,nan,0,nan,0,nan,0,nan,0,nan,0
1597989474596550912,1597989474933000192,2020-08-21 13:57:54.933000,100.35,100.375,100.32,100.33,nan,100.344,2684,5386447700.0,11106,100.355,102,100.35,5,nan,0,nan,0,nan,0,nan,0,nan,0,nan,0,nan,0,nan,0
1597989475113213952,1597989475432000000,2020-08-21 13:57:55.432000,100.35,100.375,100.32,100.33,nan,100.344,2689,5396482700.0,11101,100.35,4,100.345,78,nan,0,nan,0,nan,0,nan,0,nan,0,nan,0,nan,0,nan,0
1597989475598146048,1597989475928999936,2020-08-21 13:57:55.929000,100.35,100.375,100.32,100.33,nan,100.344,2689,5396482700.0,11101,100.35,6,100.345,35,nan,0,nan,0,nan,0,nan,0,nan,0,nan,0,nan,0,nan,0
1597989476094072064,1597989476438999808,2020-08-21 13:57:56.439000,100.35,100.375,100.32,100.33,nan,100.344,2689,5396482700.0,11101,100.35,6,100.345,25,nan,0,nan,0,nan,0,nan,0,nan,0,nan,0,nan,0,nan,0
1597989476606936064,1597989476921999872,2020-08-21 13:57:56.922000,100.35,100.375,100.32,100.33,nan,100.344,2689,5396482700.0,11101,100.35,6,100.345,25,nan,0,nan,0,nan,0,nan,0,nan,0,nan,0,nan,0,nan,0
1597989477124627968,1597989477418999808,2020-08-21 13:57:57.419000,100.35,100.375,100.32,100.33,nan,100.344,2689,5396482700.0,11101,100.35,6,100.345,26,nan,0,nan,0,nan,0,nan,0,nan,0,nan,0,nan,0,nan,0
1597989477615941888,1597989477916000000,2020-08-21 13:57:57.916000,100.35,100.375,100.32,100.33,nan,100.344,2689,5396482700.0,11101,100.35,6,100.345,16,nan,0,nan,0,nan,0,nan,0,nan,0,nan,0,nan,0,nan,0
1597989478106125056,1597989478408999936,2020-08-21 13:57:58.409000,100.35,100.375,100.32,100.33,nan,100.344,2689,5396482700.0,11101,100.35,6,100.345,16,nan,0,nan,0,nan,0,nan,0,nan,0,nan,0,nan,0,nan,0
1597989479108538112,1597989479433000192,2020-08-21 13:57:59.433000,100.35,100.375,100.32,100.33,nan,100.344,2689,5396482700.0,11101,100.35,6,100.345,16,nan,0,nan,0,nan,0,nan,0,nan,0,nan,0,nan,0,nan,0
1597989479597754880,1597989479924000000,2020-08-21 13:57:59.924000,100.35,100.375,100.32,100.33,nan,100.344,2689,5396482700.0,11101,100.35,6,100.345,16,nan,0,nan,0,nan,0,nan,0,nan,0,nan,0,nan,0,nan,0
1597989486104614912,1597989486433000192,2020-08-21 13:58:06.433000,100.35,100.375,100.32,100.33,nan,100.344,2689,5396482700.0,11101,100.35,6,100.345,16,nan,0,nan,0,nan,0,nan,0,nan,0,nan,0,nan,0,nan,0
1597989486616052992,1597989486928999936,2020-08-21 13:58:06.929000,100.35,100.375,100.32,100.33,nan,100.344,2689,5396482700.0,11101,100.35,6,100.345,26,nan,0,nan,0,nan,0,nan,0,nan,0,nan,0,nan,0,nan,0
1597989487124112896,1597989487438999808,2020-08-21 13:58:07.439000,100.35,100.375,100.32,100.33,nan,100.344,2689,5396482700.0,11101,100.35,6,100.345,26,nan,0,nan,0,nan,0,nan,0,nan,0,nan,0,nan,0,nan,0
1597989488117731072,1597989488431000064,2020-08-21 13:58:08.431000,100.35,100.375,100.32,100.33,nan,100.344,2689,5396482700.0,11101,100.35,4,100.345,26,nan,0,nan,0,nan,0,nan,0,nan,0,nan,0,nan,0,nan,0
1597989491112176896,1597989491433000192,2020-08-21 13:58:11.433000,100.35,100.375,100.32,100.33,nan,100.344,2689,5396482700.0,11101,100.35,4,100.345,26,nan,0,nan,0,nan,0,nan,0,nan,0,nan,0,nan,0,nan,0
1597989491604616960,1597989491924999936,2020-08-21 13:58:11.925000,100.35,100.375,100.32,100.33,nan,100.344,2689,5396482700.0,11101,100.35,4,100.345,26,nan,0,nan,0,nan,0,nan,0,nan,0,nan,0,nan,0,nan,0
1597989503132936960,1597989503432000000,2020-08-21 13:58:23.432000,100.35,100.375,100.32,100.33,nan,100.344,2689,5396482700.0,11101,100.35,4,100.345,26,nan,0,nan,0,nan,0,nan,0,nan,0,nan,0,nan,0,nan,0
1597989503626918912,1597989503904000000,2020-08-21 13:58:23.904000,100.35,100.375,100.32,100.33,nan,100.344,2689,5396482700.0,11101,100.35,4,100.345,26,nan,0,nan,0,nan,0,nan,0,nan,0,nan,0,nan,0,nan,0
1597989515147607040,1597989515415000064,2020-08-21 13:58:35.415000,100.35,100.375,100.32,100.33,nan,100.344,2689,5396482700.0,11101,100.35,4,100.345,26,nan,0,nan,0,nan,0,nan,0,nan,0,nan,0,nan,0,nan,0
1597989515670693888,1597989515936999936,2020-08-21 13:58:35.937000,100.35,100.375,100.32,100.33,nan,100.344,2689,5396482700.0,11101,100.35,4,100.345,26,nan,0,nan,0,nan,0,nan,0,nan,0,nan,0,nan,0,nan,0
1597989519125016064,1597989519423000064,2020-08-21 13:58:39.423000,100.35,100.375,100.32,100.33,nan,100.344,2690,5398489700.0,11102,100.35,3,100.345,26,nan,0,nan,0,nan,0,nan,0,nan,0,nan,0,nan,0,nan,0
1597989519616922112,1597989519937999872,2020-08-21 13:58:39.938000,100.35,100.375,100.32,100.33,nan,100.344,2690,5398489700.0,11102,100.35,4,100.345,27,nan,0,nan,0,nan,0,nan,0,nan,0,nan,0,nan,0,nan,0
1597989527108836096,1597989527420999936,2020-08-21 13:58:47.421000,100.35,100.375,100.32,100.33,nan,100.344,2690,5398489700.0,11102,100.35,4,100.345,27,nan,0,nan,0,nan,0,nan,0,nan,0,nan,0,nan,0,nan,0
1597989527620603904,1597989527903000064,2020-08-21 13:58:47.903000,100.35,100.375,100.32,100.33,nan,100.344,2690,5398489700.0,11102,100.35,4,100.345,27,nan,0,nan,0,nan,0,nan,0,nan,0,nan,0,nan,0,nan,0
1597989538631065088,1597989538901999872,2020-08-21 13:58:58.902000,100.35,100.375,100.32,100.33,nan,100.344,2690,5398489700.0,11102,100.35,4,100.345,27,nan,0,nan,0,nan,0,nan,0,nan,0,nan,0,nan,0,nan,0
1597989539123841024,1597989539431000064,2020-08-21 13:58:59.431000,100.35,100.375,100.32,100.33,nan,100.344,2690,5398489700.0,11102,100.35,4,100.345,27,nan,0,nan,0,nan,0,nan,0,nan,0,nan,0,nan,0,nan,0
1597989539630041088,1597989539936000000,2020-08-21 13:58:59.936000,100.35,100.375,100.32,100.33,nan,100.344,2690,5398489700.0,11102,100.35,4,100.345,27,nan,0,nan,0,nan,0,nan,0,nan,0,nan,0,nan,0,nan,0
1597989544699988992,1597989544940000000,2020-08-21 13:59:04.940000,100.35,100.375,100.32,100.33,nan,100.344,2690,5398489700.0,11102,100.35,29,100.345,27,nan,0,nan,0,nan,0,nan,0,nan,0,nan,0,nan,0,nan,0
1597989550634760960,1597989550938999808,2020-08-21 13:59:10.939000,100.35,100.375,100.32,100.33,nan,100.344,2690,5398489700.0,11102,100.35,29,100.345,27,nan,0,nan,0,nan,0,nan,0,nan,0,nan,0,nan,0,nan,0
1597989551127673088,1597989551415000064,2020-08-21 13:59:11.415000,100.35,100.375,100.32,100.33,nan,100.344,2690,5398489700.0,11102,100.35,29,100.345,27,nan,0,nan,0,nan,0,nan,0,nan,0,nan,0,nan,0,nan,0
1597989551636007936,1597989551940000000,2020-08-21 13:59:11.940000,100.35,100.375,100.32,100.33,nan,100.344,2690,5398489700.0,11102,100.35,29,100.345,27,nan,0,nan,0,nan,0,nan,0,nan,0,nan,0,nan,0,nan,0
1597989563137399040,1597989563431000064,2020-08-21 13:59:23.431000,100.35,100.375,100.32,100.33,nan,100.344,2690,5398489700.0,11102,100.35,29,100.345,27,nan,0,nan,0,nan,0,nan,0,nan,0,nan,0,nan,0,nan,0
1597989563631432960,1597989563937999872,2020-08-21 13:59:23.938000,100.35,100.375,100.32,100.33,nan,100.344,2690,5398489700.0,11102,100.35,29,100.345,27,nan,0,nan,0,nan,0,nan,0,nan,0,nan,0,nan,0,nan,0
1597989565131898880,1597989565430000128,2020-08-21 13:59:25.430000,100.35,100.375,100.32,100.33,nan,100.344,2691,5400496700.0,11103,100.35,28,100.345,27,nan,0,nan,0,nan,0,nan,0,nan,0,nan,0,nan,0,nan,0
1597989565629075968,1597989565933000192,2020-08-21 13:59:25.933000,100.35,100.375,100.32,100.33,nan,100.344,2692,5402503700.0,11103,100.35,29,100.345,27,nan,0,nan,0,nan,0,nan,0,nan,0,nan,0,nan,0,nan,0
1597989566143710976,1597989566750000128,2020-08-21 13:59:26.750000,100.35,100.375,100.32,100.33,nan,100.344,2692,5402503700.0,11103,100.35,29,100.345,27,nan,0,nan,0,nan,0,nan,0,nan,0,nan,0,nan,0,nan,0
1597989574645967104,1597989575253999872,2020-08-21 13:59:35.254000,100.35,100.375,100.32,100.33,nan,100.344,2692,5402503700.0,11103,100.35,29,100.345,27,nan,0,nan,0,nan,0,nan,0,nan,0,nan,0,nan,0,nan,0
1597989575159000064,1597989575749000192,2020-08-21 13:59:35.749000,100.35,100.375,100.32,100.33,nan,100.344,2692,5402503700.0,11103,100.35,29,100.345,27,nan,0,nan,0,nan,0,nan,0,nan,0,nan,0,nan,0,nan,0
1597989575645910016,1597989576243000064,2020-08-21 13:59:36.243000,100.35,100.375,100.32,100.33,nan,100.344,2692,5402503700.0,11103,100.35,29,100.345,27,nan,0,nan,0,nan,0,nan,0,nan,0,nan,0,nan,0,nan,0
1597989587061135872,1597989587432000000,2020-08-21 13:59:47.432000,100.35,100.375,100.32,100.33,nan,100.344,2692,5402503700.0,11103,100.35,29,100.345,27,nan,0,nan,0,nan,0,nan,0,nan,0,nan,0,nan,0,nan,0
1597989587569744896,1597989587930000128,2020-08-21 13:59:47.930000,100.35,100.375,100.32,100.33,nan,100.344,2692,5402503700.0,11103,100.35,29,100.345,27,nan,0,nan,0,nan,0,nan,0,nan,0,nan,0,nan,0,nan,0
1597989588054147072,1597989588413000192,2020-08-21 13:59:48.413000,100.35,100.375,100.32,100.33,nan,100.344,2692,5402503700.0,11103,100.35,29,100.345,27,nan,0,nan,0,nan,0,nan,0,nan,0,nan,0,nan,0,nan,0
1597989599061007104,1597989599432000000,2020-08-21 13:59:59.432000,100.35,100.375,100.32,100.33,nan,100.344,2692,5402503700.0,11103,100.35,29,100.345,27,nan,0,nan,0,nan,0,nan,0,nan,0,nan,0,nan,0,nan,0
1597989599561507072,1597989599936000000,2020-08-21 13:59:59.936000,100.35,100.375,100.32,100.33,nan,100.344,2692,5402503700.0,11103,100.35,29,100.345,27,nan,0,nan,0,nan,0,nan,0,nan,0,nan,0,nan,0,nan,0
1597989600064052992,1597989600435000064,2020-08-21 14:00:00.435000,100.35,100.375,100.32,100.33,nan,100.344,2692,5402503700.0,11103,100.35,29,100.345,27,nan,0,nan,0,nan,0,nan,0,nan,0,nan,0,nan,0,nan,0
1597989600552662016,1597989600936999936,2020-08-21 14:00:00.937000,100.35,100.375,100.32,100.33,nan,100.344,2693,5404510700.0,11103,100.35,28,100.345,28,nan,0,nan,0,nan,0,nan,0,nan,0,nan,0,nan,0,nan,0
1597989610058995968,1597989610428999936,2020-08-21 14:00:10.429000,100.35,100.375,100.32,100.33,nan,100.344,2694,5406517700.0,11103,100.35,27,100.345,28,nan,0,nan,0,nan,0,nan,0,nan,0,nan,0,nan,0,nan,0
1597989610560602112,1597989610940000000,2020-08-21 14:00:10.940000,100.35,100.375,100.32,100.33,nan,100.344,2711,5440636700.0,11092,100.35,11,100.345,28,nan,0,nan,0,nan,0,nan,0,nan,0,nan,0,nan,0,nan,0
1597989611110982912,1597989611413000192,2020-08-21 14:00:11.413000,100.35,100.375,100.32,100.33,nan,100.344,2722,5462713700.0,11093,100.355,87,100.35,2,nan,0,nan,0,nan,0,nan,0,nan,0,nan,0,nan,0,nan,0
1597989611588999936,1597989611923000064,2020-08-21 14:00:11.923000,100.35,100.375,100.32,100.33,nan,100.344,2722,5462713700.0,11093,100.355,44,100.35,4,nan,0,nan,0,nan,0,nan,0,nan,0,nan,0,nan,0,nan,0
1597989612069811968,1597989612438999808,2020-08-21 14:00:12.439000,100.35,100.375,100.32,100.33,nan,100.344,2722,5462713700.0,11093,100.355,35,100.35,5,nan,0,nan,0,nan,0,nan,0,nan,0,nan,0,nan,0,nan,0
1597989612569372928,1597989612932000000,2020-08-21 14:00:12.932000,100.35,100.375,100.32,100.33,nan,100.344,2722,5462713700.0,11093,100.355,35,100.35,5,nan,0,nan,0,nan,0,nan,0,nan,0,nan,0,nan,0,nan,0
1597989613557932032,1597989613924999936,2020-08-21 14:00:13.925000,100.355,100.375,100.32,100.33,nan,100.344,2723,5464720800.0,11093,100.355,34,100.35,5,nan,0,nan,0,nan,0,nan,0,nan,0,nan,0,nan,0,nan,0
1597989614084827904,1597989614436999936,2020-08-21 14:00:14.437000,100.355,100.375,100.32,100.33,nan,100.344,2723,5464720800.0,11093,100.355,32,100.35,8,nan,0,nan,0,nan,0,nan,0,nan,0,nan,0,nan,0,nan,0
1597989615561562880,1597989615936000000,2020-08-21 14:00:15.936000,100.355,100.375,100.32,100.33,nan,100.344,2723,5464720800.0,11093,100.355,32,100.35,18,nan,0,nan,0,nan,0,nan,0,nan,0,nan,0,nan,0,nan,0
1597989623072697088,1597989623405999872,2020-08-21 14:00:23.406000,100.355,100.375,100.32,100.33,nan,100.344,2723,5464720800.0,11093,100.355,32,100.35,18,nan,0,nan,0,nan,0,nan,0,nan,0,nan,0,nan,0,nan,0
1597989623558083072,1597989623932000000,2020-08-21 14:00:23.932000,100.355,100.375,100.32,100.33,nan,100.344,2723,5464720800.0,11093,100.355,32,100.35,18,nan,0,nan,0,nan,0,nan,0,nan,0,nan,0,nan,0,nan,0
1597989624067429888,1597989624432000000,2020-08-21 14:00:24.432000,100.355,100.375,100.32,100.33,nan,100.344,2723,5464720800.0,11093,100.355,32,100.35,18,nan,0,nan,0,nan,0,nan,0,nan,0,nan,0,nan,0,nan,0
1597989632565246976,1597989632936999936,2020-08-21 14:00:32.937000,100.355,100.375,100.32,100.33,nan,100.344,2723,5464720800.0,11093,100.355,32,100.35,18,nan,0,nan,0,nan,0,nan,0,nan,0,nan,0,nan,0,nan,0
1597989633061796096,1597989633427000064,2020-08-21 14:00:33.427000,100.355,100.375,100.32,100.33,nan,100.344,2723,5464720800.0,11093,100.355,32,100.35,18,nan,0,nan,0,nan,0,nan,0,nan,0,nan,0,nan,0,nan,0
1597989635067973120,1597989635436000000,2020-08-21 14:00:35.436000,100.355,100.375,100.32,100.33,nan,100.344,2723,5464720800.0,11093,100.355,32,100.35,18,nan,0,nan,0,nan,0,nan,0,nan,0,nan,0,nan,0,nan,0
1597989635574960896,1597989635928000000,2020-08-21 14:00:35.928000,100.355,100.375,100.32,100.33,nan,100.344,2723,5464720800.0,11093,100.355,32,100.35,18,nan,0,nan,0,nan,0,nan,0,nan,0,nan,0,nan,0,nan,0
1597989636059015936,1597989636440000000,2020-08-21 14:00:36.440000,100.355,100.375,100.32,100.33,nan,100.344,2723,5464720800.0,11093,100.355,32,100.35,18,nan,0,nan,0,nan,0,nan,0,nan,0,nan,0,nan,0,nan,0
1597989636559719936,1597989636934000128,2020-08-21 14:00:36.934000,100.355,100.375,100.32,100.33,nan,100.344,2723,5464720800.0,11093,100.355,32,100.35,18,nan,0,nan,0,nan,0,nan,0,nan,0,nan,0,nan,0,nan,0
1597989637559059968,1597989637932000000,2020-08-21 14:00:37.932000,100.355,100.375,100.32,100.33,nan,100.344,2723,5464720800.0,11093,100.355,32,100.35,18,nan,0,nan,0,nan,0,nan,0,nan,0,nan,0,nan,0,nan,0
1597989638574449920,1597989638940000000,2020-08-21 14:00:38.940000,100.355,100.375,100.32,100.33,nan,100.344,2723,5464720800.0,11093,100.355,32,100.35,18,nan,0,nan,0,nan,0,nan,0,nan,0,nan,0,nan,0,nan,0
1597989639091724032,1597989639421999872,2020-08-21 14:00:39.422000,100.355,100.375,100.32,100.33,nan,100.344,2723,5464720800.0,11093,100.355,32,100.35,18,nan,0,nan,0,nan,0,nan,0,nan,0,nan,0,nan,0,nan,0
1597989640084293888,1597989640428999936,2020-08-21 14:00:40.429000,100.355,100.375,100.32,100.33,nan,100.344,2723,5464720800.0,11093,100.355,32,100.35,18,nan,0,nan,0,nan,0,nan,0,nan,0,nan,0,nan,0,nan,0
1597989641103702016,1597989641435000064,2020-08-21 14:00:41.435000,100.355,100.375,100.32,100.33,nan,100.344,2723,5464720800.0,11093,100.355,32,100.35,18,nan,0,nan,0,nan,0,nan,0,nan,0,nan,0,nan,0,nan,0
1597989647086896128,1597989647440000000,2020-08-21 14:00:47.440000,100.355,100.375,100.32,100.33,nan,100.344,2723,5464720800.0,11093,100.355,32,100.35,18,nan,0,nan,0,nan,0,nan,0,nan,0,nan,0,nan,0,nan,0
1597989647591802880,1597989647918999808,2020-08-21 14:00:47.919000,100.355,100.375,100.32,100.33,nan,100.344,2723,5464720800.0,11093,100.355,32,100.35,18,nan,0,nan,0,nan,0,nan,0,nan,0,nan,0,nan,0,nan,0
1597989648094159872,1597989648433000192,2020-08-21 14:00:48.433000,100.355,100.375,100.32,100.33,nan,100.344,2723,5464720800.0,11093,100.355,32,100.35,18,nan,0,nan,0,nan,0,nan,0,nan,0,nan,0,nan,0,nan,0
1597989650083793920,1597989650430000128,2020-08-21 14:00:50.430000,100.355,100.375,100.32,100.33,nan,100.344,2723,5464720800.0,11093,100.355,42,100.35,18,nan,0,nan,0,nan,0,nan,0,nan,0,nan,0,nan,0,nan,0
1597989650617297920,1597989650917999872,2020-08-21 14:00:50.918000,100.355,100.375,100.32,100.33,nan,100.344,2723,5464720800.0,11093,100.355,52,100.35,18,nan,0,nan,0,nan,0,nan,0,nan,0,nan,0,nan,0,nan,0
1597989653073261056,1597989653420000000,2020-08-21 14:00:53.420000,100.35,100.375,100.32,100.33,nan,100.344,2742,5502853800.0,11105,100.35,11,100.345,96,nan,0,nan,0,nan,0,nan,0,nan,0,nan,0,nan,0,nan,0
1597989653589391104,1597989653935000064,2020-08-21 14:00:53.935000,100.35,100.375,100.32,100.33,nan,100.344,2743,5504860800.0,11106,100.35,15,100.345,57,nan,0,nan,0,nan,0,nan,0,nan,0,nan,0,nan,0,nan,0
1597989654092195072,1597989654430000128,2020-08-21 14:00:54.430000,100.35,100.375,100.32,100.33,nan,100.344,2743,5504860800.0,11106,100.35,15,100.345,57,nan,0,nan,0,nan,0,nan,0,nan,0,nan,0,nan,0,nan,0
1597989655100484096,1597989655427000064,2020-08-21 14:00:55.427000,100.35,100.375,100.32,100.33,nan,100.344,2743,5504860800.0,11106,100.35,16,100.345,56,nan,0,nan,0,nan,0,nan,0,nan,0,nan,0,nan,0,nan,0
1597989655596141056,1597989655938999808,2020-08-21 14:00:55.939000,100.35,100.375,100.32,100.33,nan,100.344,2743,5504860800.0,11106,100.35,21,100.345,46,nan,0,nan,0,nan,0,nan,0,nan,0,nan,0,nan,0,nan,0
1597989656090522112,1597989656437999872,2020-08-21 14:00:56.438000,100.35,100.375,100.32,100.33,nan,100.344,2743,5504860800.0,11106,100.35,21,100.345,36,nan,0,nan,0,nan,0,nan,0,nan,0,nan,0,nan,0,nan,0
1597989656594107904,1597989656918999808,2020-08-21 14:00:56.919000,100.35,100.375,100.32,100.33,nan,100.344,2743,5504860800.0,11106,100.35,21,100.345,36,nan,0,nan,0,nan,0,nan,0,nan,0,nan,0,nan,0,nan,0
1597989659082494976,1597989659428999936,2020-08-21 14:00:59.429000,100.35,100.375,100.32,100.33,nan,100.344,2743,5504860800.0,11106,100.35,21,100.345,36,nan,0,nan,0,nan,0,nan,0,nan,0,nan,0,nan,0,nan,0
1597989659602675968,1597989659924000000,2020-08-21 14:00:59.924000,100.35,100.375,100.32,100.33,nan,100.344,2744,5506867800.0,11107,100.35,20,100.345,36,nan,0,nan,0,nan,0,nan,0,nan,0,nan,0,nan,0,nan,0
1597989660091219968,1597989660428000000,2020-08-21 14:01:00.428000,100.35,100.375,100.32,100.33,nan,100.344,2744,5506867800.0,11107,100.35,30,100.345,36,nan,0,nan,0,nan,0,nan,0,nan,0,nan,0,nan,0,nan,0
1597989662589743104,1597989662918999808,2020-08-21 14:01:02.919000,100.345,100.375,100.32,100.33,nan,100.344,2769,5557040300.0,11091,100.35,31,100.345,11,nan,0,nan,0,nan,0,nan,0,nan,0,nan,0,nan,0,nan,0
1597989663082177024,1597989663440000000,2020-08-21 14:01:03.440000,100.345,100.375,100.32,100.33,nan,100.344,2778,5575102400.0,11096,100.35,36,100.345,1,nan,0,nan,0,nan,0,nan,0,nan,0,nan,0,nan,0,nan,0
1597989663600538880,1597989663894000128,2020-08-21 14:01:03.894000,100.345,100.375,100.32,100.33,nan,100.344,2779,5577109300.0,11095,100.35,36,100.34,83,nan,0,nan,0,nan,0,nan,0,nan,0,nan,0,nan,0,nan,0
1597989664086415872,1597989664431000064,2020-08-21 14:01:04.431000,100.345,100.375,100.32,100.33,nan,100.344,2779,5577109300.0,11095,100.35,36,100.34,52,nan,0,nan,0,nan,0,nan,0,nan,0,nan,0,nan,0,nan,0
1597989664596241920,1597989664892999936,2020-08-21 14:01:04.893000,100.345,100.375,100.32,100.33,nan,100.344,2779,5577109300.0,11095,100.35,36,100.34,43,nan,0,nan,0,nan,0,nan,0,nan,0,nan,0,nan,0,nan,0
1597989665081472000,1597989665440000000,2020-08-21 14:01:05.440000,100.345,100.375,100.32,100.33,nan,100.344,2779,5577109300.0,11095,100.35,36,100.34,43,nan,0,nan,0,nan,0,nan,0,nan,0,nan,0,nan,0,nan,0
1597989665582008064,1597989665937999872,2020-08-21 14:01:05.938000,100.345,100.375,100.32,100.33,nan,100.344,2779,5577109300.0,11095,100.35,36,100.34,33,nan,0,nan,0,nan,0,nan,0,nan,0,nan,0,nan,0,nan,0
1597989666080233984,1597989666430000128,2020-08-21 14:01:06.430000,100.345,100.375,100.32,100.33,nan,100.344,2779,5577109300.0,11095,100.35,36,100.34,33,nan,0,nan,0,nan,0,nan,0,nan,0,nan,0,nan,0,nan,0
1597989666574693120,1597989666930000128,2020-08-21 14:01:06.930000,100.345,100.375,100.32,100.33,nan,100.344,2779,5577109300.0,11095,100.35,36,100.34,33,nan,0,nan,0,nan,0,nan,0,nan,0,nan,0,nan,0,nan,0
1597989667076481024,1597989667420000000,2020-08-21 14:01:07.420000,100.345,100.375,100.32,100.33,nan,100.344,2779,5577109300.0,11095,100.35,36,100.34,33,nan,0,nan,0,nan,0,nan,0,nan,0,nan,0,nan,0,nan,0
1597989667599972096,1597989667930000128,2020-08-21 14:01:07.930000,100.345,100.375,100.32,100.33,nan,100.344,2779,5577109300.0,11095,100.35,36,100.34,33,nan,0,nan,0,nan,0,nan,0,nan,0,nan,0,nan,0,nan,0
1597989668103833088,1597989668438999808,2020-08-21 14:01:08.439000,100.345,100.375,100.32,100.33,nan,100.344,2779,5577109300.0,11095,100.35,36,100.34,33,nan,0,nan,0,nan,0,nan,0,nan,0,nan,0,nan,0,nan,0
1597989668603462912,1597989668928999936,2020-08-21 14:01:08.929000,100.345,100.375,100.32,100.33,nan,100.344,2779,5577109300.0,11095,100.35,36,100.34,33,nan,0,nan,0,nan,0,nan,0,nan,0,nan,0,nan,0,nan,0
1597989669118284032,1597989669440000000,2020-08-21 14:01:09.440000,100.345,100.375,100.32,100.33,nan,100.344,2779,5577109300.0,11095,100.345,2,100.34,33,nan,0,nan,0,nan,0,nan,0,nan,0,nan,0,nan,0,nan,0
1597989669608773888,1597989669885999872,2020-08-21 14:01:09.886000,100.345,100.375,100.32,100.33,nan,100.344,2779,5577109300.0,11095,100.345,2,100.34,22,nan,0,nan,0,nan,0,nan,0,nan,0,nan,0,nan,0,nan,0
1597989670104937984,1597989670431000064,2020-08-21 14:01:10.431000,100.345,100.375,100.32,100.33,nan,100.344,2779,5577109300.0,11095,100.345,2,100.34,22,nan,0,nan,0,nan,0,nan,0,nan,0,nan,0,nan,0,nan,0
1597989671090589952,1597989671438999808,2020-08-21 14:01:11.439000,100.345,100.375,100.32,100.33,nan,100.344,2779,5577109300.0,11095,100.345,5,100.34,22,nan,0,nan,0,nan,0,nan,0,nan,0,nan,0,nan,0,nan,0
1597989671604716032,1597989671920999936,2020-08-21 14:01:11.921000,100.345,100.375,100.32,100.33,nan,100.344,2779,5577109300.0,11095,100.345,5,100.34,22,nan,0,nan,0,nan,0,nan,0,nan,0,nan,0,nan,0,nan,0
1597989672105167104,1597989672440000000,2020-08-21 14:01:12.440000,100.345,100.375,100.32,100.33,nan,100.344,2779,5577109300.0,11095,100.345,5,100.34,22,nan,0,nan,0,nan,0,nan,0,nan,0,nan,0,nan,0,nan,0
1597989683092261888,1597989683408000000,2020-08-21 14:01:23.408000,100.345,100.375,100.32,100.33,nan,100.344,2779,5577109300.0,11095,100.345,5,100.34,22,nan,0,nan,0,nan,0,nan,0,nan,0,nan,0,nan,0,nan,0
1597989683582048000,1597989683938999808,2020-08-21 14:01:23.939000,100.345,100.375,100.32,100.33,nan,100.344,2779,5577109300.0,11095,100.345,5,100.34,22,nan,0,nan,0,nan,0,nan,0,nan,0,nan,0,nan,0,nan,0
1597989684087767040,1597989684398999808,2020-08-21 14:01:24.399000,100.345,100.375,100.32,100.33,nan,100.344,2779,5577109300.0,11095,100.345,5,100.34,22,nan,0,nan,0,nan,0,nan,0,nan,0,nan,0,nan,0,nan,0
1597989691599739904,1597989691916000000,2020-08-21 14:01:31.916000,100.345,100.375,100.32,100.33,nan,100.344,2780,5579116200.0,11094,100.345,4,100.34,22,nan,0,nan,0,nan,0,nan,0,nan,0,nan,0,nan,0,nan,0
1597989695207421952,1597989695437999872,2020-08-21 14:01:35.438000,100.345,100.375,100.32,100.33,nan,100.344,2780,5579116200.0,11094,100.345,4,100.34,22,nan,0,nan,0,nan,0,nan,0,nan,0,nan,0,nan,0,nan,0
1597989695601136128,1597989695938999808,2020-08-21 14:01:35.939000,100.345,100.375,100.32,100.33,nan,100.344,2780,5579116200.0,11094,100.345,4,100.34,22,nan,0,nan,0,nan,0,nan,0,nan,0,nan,0,nan,0,nan,0
1597989700143156992,1597989700428999936,2020-08-21 14:01:40.429000,100.345,100.375,100.32,100.33,nan,100.344,2784,5587143800.0,11091,100.35,86,100.34,23,nan,0,nan,0,nan,0,nan,0,nan,0,nan,0,nan,0,nan,0
1597989700628129024,1597989700936999936,2020-08-21 14:01:40.937000,100.345,100.375,100.32,100.33,nan,100.344,2784,5587143800.0,11091,100.35,55,100.34,33,nan,0,nan,0,nan,0,nan,0,nan,0,nan,0,nan,0,nan,0
1597989701115579904,1597989701417999872,2020-08-21 14:01:41.418000,100.345,100.375,100.32,100.33,nan,100.344,2784,5587143800.0,11091,100.35,54,100.34,33,nan,0,nan,0,nan,0,nan,0,nan,0,nan,0,nan,0,nan,0
1597989701596564992,1597989701907000064,2020-08-21 14:01:41.907000,100.345,100.375,100.32,100.33,nan,100.344,2784,5587143800.0,11091,100.35,34,100.34,33,nan,0,nan,0,nan,0,nan,0,nan,0,nan,0,nan,0,nan,0
1597989702100630016,1597989702436999936,2020-08-21 14:01:42.437000,100.345,100.375,100.32,100.33,nan,100.344,2784,5587143800.0,11091,100.35,34,100.34,33,nan,0,nan,0,nan,0,nan,0,nan,0,nan,0,nan,0,nan,0
1597989704108687872,1597989704396000000,2020-08-21 14:01:44.396000,100.345,100.375,100.32,100.33,nan,100.344,2784,5587143800.0,11091,100.35,35,100.34,33,nan,0,nan,0,nan,0,nan,0,nan,0,nan,0,nan,0,nan,0
1597989706132657920,1597989706423000064,2020-08-21 14:01:46.423000,100.345,100.375,100.32,100.33,nan,100.344,2784,5587143800.0,11091,100.35,26,100.34,33,nan,0,nan,0,nan,0,nan,0,nan,0,nan,0,nan,0,nan,0
1597989707096624128,1597989707432000000,2020-08-21 14:01:47.432000,100.35,100.375,100.32,100.33,nan,100.344,2785,5589150800.0,11091,100.35,25,100.345,2,nan,0,nan,0,nan,0,nan,0,nan,0,nan,0,nan,0,nan,0
1597989707598736896,1597989707924999936,2020-08-21 14:01:47.925000,100.35,100.375,100.32,100.33,nan,100.344,2785,5589150800.0,11091,100.35,20,100.345,5,nan,0,nan,0,nan,0,nan,0,nan,0,nan,0,nan,0,nan,0
1597989708094860032,1597989708408000000,2020-08-21 14:01:48.408000,100.35,100.375,100.32,100.33,nan,100.344,2785,5589150800.0,11091,100.35,20,100.345,6,nan,0,nan,0,nan,0,nan,0,nan,0,nan,0,nan,0,nan,0
1597989708589538048,1597989708900999936,2020-08-21 14:01:48.901000,100.35,100.375,100.32,100.33,nan,100.344,2785,5589150800.0,11091,100.35,20,100.345,6,nan,0,nan,0,nan,0,nan,0,nan,0,nan,0,nan,0,nan,0
1597989709098324992,1597989709390000128,2020-08-21 14:01:49.390000,100.34,100.375,100.32,100.33,nan,100.344,2794,5607212700.0,11094,100.35,21,100.34,75,nan,0,nan,0,nan,0,nan,0,nan,0,nan,0,nan,0,nan,0
1597989709595169024,1597989709917999872,2020-08-21 14:01:49.918000,100.34,100.375,100.32,100.33,nan,100.344,2794,5607212700.0,11094,100.345,4,100.34,54,nan,0,nan,0,nan,0,nan,0,nan,0,nan,0,nan,0,nan,0
1597989710100086016,1597989710436999936,2020-08-21 14:01:50.437000,100.345,100.375,100.32,100.33,nan,100.344,2798,5615240300.0,11094,100.345,4,100.34,34,nan,0,nan,0,nan,0,nan,0,nan,0,nan,0,nan,0,nan,0
1597989710593740032,1597989710890000128,2020-08-21 14:01:50.890000,100.345,100.375,100.32,100.33,nan,100.344,2802,5623267900.0,11094,100.345,1,100.34,37,nan,0,nan,0,nan,0,nan,0,nan,0,nan,0,nan,0,nan,0
1597989711094950912,1597989711329999872,2020-08-21 14:01:51.330000,100.345,100.375,100.32,100.33,nan,100.344,2803,5625274800.0,11094,100.345,2,100.34,37,nan,0,nan,0,nan,0,nan,0,nan,0,nan,0,nan,0,nan,0
1597989711595553024,1597989711936999936,2020-08-21 14:01:51.937000,100.345,100.375,100.32,100.33,nan,100.344,2805,5629288600.0,11093,100.345,1,100.34,28,nan,0,nan,0,nan,0,nan,0,nan,0,nan,0,nan,0,nan,0
1597989712104217088,1597989712437999872,2020-08-21 14:01:52.438000,100.345,100.375,100.32,100.33,nan,100.344,2806,5631295500.0,11094,100.345,1,100.34,29,nan,0,nan,0,nan,0,nan,0,nan,0,nan,0,nan,0,nan,0
1597989712609268992,1597989712914000128,2020-08-21 14:01:52.914000,100.345,100.375,100.32,100.33,nan,100.344,2807,5633302400.0,11094,100.345,1,100.34,30,nan,0,nan,0,nan,0,nan,0,nan,0,nan,0,nan,0,nan,0
1597989713100826880,1597989713437999872,2020-08-21 14:01:53.438000,100.345,100.375,100.32,100.33,nan,100.344,2808,5635309300.0,11095,100.345,1,100.34,31,nan,0,nan,0,nan,0,nan,0,nan,0,nan,0,nan,0,nan,0
1597989713592203008,1597989713937999872,2020-08-21 14:01:53.938000,100.345,100.375,100.32,100.33,nan,100.344,2808,5635309300.0,11095,100.345,1,100.34,31,nan,0,nan,0,nan,0,nan,0,nan,0,nan,0,nan,0,nan,0
1597989714090930944,1597989714434000128,2020-08-21 14:01:54.434000,100.345,100.375,100.32,100.33,nan,100.344,2808,5635309300.0,11095,100.345,1,100.34,31,nan,0,nan,0,nan,0,nan,0,nan,0,nan,0,nan,0,nan,0
1597989714609009920,1597989714936000000,2020-08-21 14:01:54.936000,100.345,100.375,100.32,100.33,nan,100.344,2808,5635309300.0,11095,100.345,1,100.34,31,nan,0,nan,0,nan,0,nan,0,nan,0,nan,0,nan,0,nan,0
1597989715083377920,1597989715428000000,2020-08-21 14:01:55.428000,100.345,100.375,100.32,100.33,nan,100.344,2808,5635309300.0,11095,100.345,1,100.34,31,nan,0,nan,0,nan,0,nan,0,nan,0,nan,0,nan,0,nan,0
1597989715602917120,1597989715927000064,2020-08-21 14:01:55.927000,100.345,100.375,100.32,100.33,nan,100.344,2808,5635309300.0,11095,100.345,1,100.34,31,nan,0,nan,0,nan,0,nan,0,nan,0,nan,0,nan,0,nan,0
1597989716091909888,1597989716433000192,2020-08-21 14:01:56.433000,100.345,100.375,100.32,100.33,nan,100.344,2808,5635309300.0,11095,100.345,1,100.34,31,nan,0,nan,0,nan,0,nan,0,nan,0,nan,0,nan,0,nan,0
1597989719106822912,1597989719428999936,2020-08-21 14:01:59.429000,100.345,100.375,100.32,100.33,nan,100.344,2808,5635309300.0,11095,100.345,1,100.34,31,nan,0,nan,0,nan,0,nan,0,nan,0,nan,0,nan,0,nan,0
1597989719594266112,1597989719928999936,2020-08-21 14:01:59.929000,100.345,100.375,100.32,100.33,nan,100.344,2808,5635309300.0,11095,100.345,1,100.34,31,nan,0,nan,0,nan,0,nan,0,nan,0,nan,0,nan,0,nan,0
1597989721176699904,1597989721432000000,2020-08-21 14:02:01.432000,100.345,100.375,100.32,100.33,nan,100.344,2809,5637316200.0,11094,100.345,1,100.34,30,nan,0,nan,0,nan,0,nan,0,nan,0,nan,0,nan,0,nan,0
1597989721608737024,1597989721932000000,2020-08-21 14:02:01.932000,100.345,100.375,100.32,100.33,nan,100.344,2810,5639323100.0,11094,100.35,74,100.345,3,nan,0,nan,0,nan,0,nan,0,nan,0,nan,0,nan,0,nan,0
1597989722147101952,1597989722418999808,2020-08-21 14:02:02.419000,100.345,100.375,100.32,100.33,nan,100.344,2810,5639323100.0,11094,100.35,43,100.345,9,nan,0,nan,0,nan,0,nan,0,nan,0,nan,0,nan,0,nan,0
1597989722638917120,1597989722936000000,2020-08-21 14:02:02.936000,100.345,100.375,100.32,100.33,nan,100.344,2810,5639323100.0,11094,100.35,33,100.345,9,nan,0,nan,0,nan,0,nan,0,nan,0,nan,0,nan,0,nan,0
