local_nano_time,quote_nano_time,datetime,last_price,highest,lowest,open,close,average,volume,amount,open_interest,ask_price1,ask_volume1,bid_price1,bid_volume1,ask_price2,ask_volume2,bid_price2,bid_volume2,ask_price3,ask_volume3,bid_price3,bid_volume3,ask_price4,ask_volume4,bid_price4,bid_volume4,ask_price5,ask_volume5,bid_price5,bid_volume5
1597988226569102080,1597988226913000192,2020-08-21 13:37:06.913000,100.015,100.03,99.885,99.935,nan,99.963,9862,9858344000.0,30627,100.015,22,100.01,11,nan,0,nan,0,nan,0,nan,0,nan,0,nan,0,nan,0,nan,0
1597988227077832960,1597988227436000000,2020-08-21 13:37:07.436000,100.015,100.03,99.885,99.935,nan,99.963,9862,9858344000.0,30627,100.015,22,100.01,10,nan,0,nan,0,nan,0,nan,0,nan,0,nan,0,nan,0,nan,0
1597988227563556096,1597988227936000000,2020-08-21 13:37:07.936000,100.015,100.03,99.885,99.935,nan,99.963,9862,9858344000.0,30627,100.015,22,100.01,10,nan,0,nan,0,nan,0,nan,0,nan,0,nan,0,nan,0,nan,0
1597988228079986944,1597988228427000064,2020-08-21 13:37:08.427000,100.015,100.03,99.885,99.935,nan,99.963,9862,9858344000.0,30627,100.015,22,100.01,10,nan,0,nan,0,nan,0,nan,0,nan,0,nan,0,nan,0,nan,0
1597988229081722112,1597988229431000064,2020-08-21 13:37:09.431000,100.015,100.03,99.885,99.935,nan,99.963,9862,9858344000.0,30627,100.015,22,100.01,10,nan,0,nan,0,nan,0,nan,0,nan,0,nan,0,nan,0,nan,0
1597988233043151872,1597988233405999872,2020-08-21 13:37:13.406000,100.015,100.03,99.885,99.935,nan,99.963,9862,9858344000.0,30627,100.015,22,100.01,10,nan,0,nan,0,nan,0,nan,0,nan,0,nan,0,nan,0,nan,0
1597988237054832128,1597988237435000064,2020-08-21 13:37:17.435000,100.015,100.03,99.885,99.935,nan,99.963,9863,9859344150.0,30627,100.015,21,100.01,10,nan,0,nan,0,nan,0,nan,0,nan,0,nan,0,nan,0,nan,0
1597988237554552064,1597988237934000128,2020-08-21 13:37:17.934000,100.015,100.03,99.885,99.935,nan,99.963,9863,9859344150.0,30627,100.015,21,100.01,11,nan,0,nan,0,nan,0,nan,0,nan,0,nan,0,nan,0,nan,0
1597988238060346112,1597988238430000128,2020-08-21 13:37:18.430000,100.015,100.03,99.885,99.935,nan,99.963,9863,9859344150.0,30627,100.015,21,100.01,11,nan,0,nan,0,nan,0,nan,0,nan,0,nan,0,nan,0,nan,0
1597988241573446912,1597988241936000000,2020-08-21 13:37:21.936000,100.015,100.03,99.885,99.935,nan,99.963,9863,9859344150.0,30627,100.015,21,100.01,11,nan,0,nan,0,nan,0,nan,0,nan,0,nan,0,nan,0,nan,0
1597988246102976000,1597988246423000064,2020-08-21 13:37:26.423000,100.015,100.03,99.885,99.935,nan,99.963,9863,9859344150.0,30627,100.015,41,100.01,11,nan,0,nan,0,nan,0,nan,0,nan,0,nan,0,nan,0,nan,0
1597988246578298880,1597988246932000000,2020-08-21 13:37:26.932000,100.015,100.03,99.885,99.935,nan,99.963,9863,9859344150.0,30627,100.015,41,100.01,11,nan,0,nan,0,nan,0,nan,0,nan,0,nan,0,nan,0,nan,0
1597988249058680064,1597988249420000000,2020-08-21 13:37:29.420000,100.015,100.03,99.885,99.935,nan,99.963,9863,9859344150.0,30627,100.015,41,100.01,11,nan,0,nan,0,nan,0,nan,0,nan,0,nan,0,nan,0,nan,0
1597988249556528896,1597988249930000128,2020-08-21 13:37:29.930000,100.015,100.03,99.885,99.935,nan,99.963,9863,9859344150.0,30627,100.015,41,100.01,11,nan,0,nan,0,nan,0,nan,0,nan,0,nan,0,nan,0,nan,0
1597988250574757120,1597988250933000192,2020-08-21 13:37:30.933000,100.015,100.03,99.885,99.935,nan,99.963,9863,9859344150.0,30627,100.015,41,100.01,11,nan,0,nan,0,nan,0,nan,0,nan,0,nan,0,nan,0,nan,0
1597988251073000960,1597988251436000000,2020-08-21 13:37:31.436000,100.015,100.03,99.885,99.935,nan,99.963,9863,9859344150.0,30627,100.015,41,100.01,11,nan,0,nan,0,nan,0,nan,0,nan,0,nan,0,nan,0,nan,0
1597988252576968960,1597988252933000192,2020-08-21 13:37:32.933000,100.01,100.03,99.885,99.935,nan,99.963,9864,9860344250.0,30628,100.015,41,100.01,10,nan,0,nan,0,nan,0,nan,0,nan,0,nan,0,nan,0,nan,0
1597988253058714112,1597988253424000000,2020-08-21 13:37:33.424000,100.01,100.03,99.885,99.935,nan,99.963,9865,9861344350.0,30629,100.015,42,100.01,10,nan,0,nan,0,nan,0,nan,0,nan,0,nan,0,nan,0,nan,0
1597988253577088000,1597988253898999808,2020-08-21 13:37:33.899000,100.01,100.03,99.885,99.935,nan,99.963,9866,9862344450.0,30630,100.015,42,100.01,9,nan,0,nan,0,nan,0,nan,0,nan,0,nan,0,nan,0,nan,0
1597988256587983104,1597988256924999936,2020-08-21 13:37:36.925000,100.01,100.03,99.885,99.935,nan,99.963,9875,9871345350.0,30636,100.015,42,100.01,4,nan,0,nan,0,nan,0,nan,0,nan,0,nan,0,nan,0,nan,0
1597988257082030080,1597988257427000064,2020-08-21 13:37:37.427000,100.01,100.03,99.885,99.935,nan,99.963,9880,9876345850.0,30634,100.015,42,100.005,19,nan,0,nan,0,nan,0,nan,0,nan,0,nan,0,nan,0,nan,0
1597988257588928000,1597988257933000192,2020-08-21 13:37:37.933000,100.01,100.03,99.885,99.935,nan,99.963,9880,9876345850.0,30634,100.01,5,100.005,18,nan,0,nan,0,nan,0,nan,0,nan,0,nan,0,nan,0,nan,0
1597988258073398016,1597988258416999936,2020-08-21 13:37:38.417000,100.01,100.03,99.885,99.935,nan,99.963,9880,9876345850.0,30634,100.01,7,100.005,15,nan,0,nan,0,nan,0,nan,0,nan,0,nan,0,nan,0,nan,0
1597988258575008000,1597988258935000064,2020-08-21 13:37:38.935000,100.01,100.03,99.885,99.935,nan,99.963,9880,9876345850.0,30634,100.01,11,100.005,15,nan,0,nan,0,nan,0,nan,0,nan,0,nan,0,nan,0,nan,0
1597988259073978880,1597988259405999872,2020-08-21 13:37:39.406000,100.01,100.03,99.885,99.935,nan,99.963,9880,9876345850.0,30634,100.01,11,100.005,15,nan,0,nan,0,nan,0,nan,0,nan,0,nan,0,nan,0,nan,0
1597988259581630976,1597988259921999872,2020-08-21 13:37:39.922000,100.01,100.03,99.885,99.935,nan,99.963,9880,9876345850.0,30634,100.01,13,100.005,15,nan,0,nan,0,nan,0,nan,0,nan,0,nan,0,nan,0,nan,0
1597988260091470080,1597988260427000064,2020-08-21 13:37:40.427000,100.01,100.03,99.885,99.935,nan,99.963,9880,9876345850.0,30634,100.01,13,100.005,15,nan,0,nan,0,nan,0,nan,0,nan,0,nan,0,nan,0,nan,0
1597988260574128128,1597988260932000000,2020-08-21 13:37:40.932000,100.01,100.03,99.885,99.935,nan,99.963,9880,9876345850.0,30634,100.01,14,100.005,14,nan,0,nan,0,nan,0,nan,0,nan,0,nan,0,nan,0,nan,0
1597988261074490112,1597988261436000000,2020-08-21 13:37:41.436000,100.01,100.03,99.885,99.935,nan,99.963,9880,9876345850.0,30634,100.01,14,100.005,12,nan,0,nan,0,nan,0,nan,0,nan,0,nan,0,nan,0,nan,0
1597988265068244992,1597988265413000192,2020-08-21 13:37:45.413000,100.005,100.03,99.885,99.935,nan,99.963,9891,9887346400.0,30643,100.01,14,100.005,1,nan,0,nan,0,nan,0,nan,0,nan,0,nan,0,nan,0,nan,0
1597988265559919104,1597988265935000064,2020-08-21 13:37:45.935000,100.005,100.03,99.885,99.935,nan,99.963,9892,9888346450.0,30642,100.005,5,100.0,12,nan,0,nan,0,nan,0,nan,0,nan,0,nan,0,nan,0,nan,0
1597988266099337984,1597988266424999936,2020-08-21 13:37:46.425000,100.005,100.03,99.885,99.935,nan,99.963,9892,9888346450.0,30642,100.005,7,100.0,12,nan,0,nan,0,nan,0,nan,0,nan,0,nan,0,nan,0,nan,0
1597988266564737024,1597988266924000000,2020-08-21 13:37:46.924000,100.005,100.03,99.885,99.935,nan,99.963,9892,9888346450.0,30642,100.005,7,100.0,9,nan,0,nan,0,nan,0,nan,0,nan,0,nan,0,nan,0,nan,0
1597988267115067904,1597988267416999936,2020-08-21 13:37:47.417000,100.005,100.03,99.885,99.935,nan,99.963,9892,9888346450.0,30642,100.005,7,100.0,9,nan,0,nan,0,nan,0,nan,0,nan,0,nan,0,nan,0,nan,0
1597988267578575104,1597988267938999808,2020-08-21 13:37:47.939000,100.005,100.03,99.885,99.935,nan,99.963,9892,9888346450.0,30642,100.005,7,100.0,9,nan,0,nan,0,nan,0,nan,0,nan,0,nan,0,nan,0,nan,0
1597988268085382912,1597988268428999936,2020-08-21 13:37:48.429000,100.005,100.03,99.885,99.935,nan,99.963,9892,9888346450.0,30642,100.005,7,100.0,9,nan,0,nan,0,nan,0,nan,0,nan,0,nan,0,nan,0,nan,0
1597988268588601088,1597988268924999936,2020-08-21 13:37:48.925000,100.005,100.03,99.885,99.935,nan,99.963,9892,9888346450.0,30642,100.005,8,100.0,8,nan,0,nan,0,nan,0,nan,0,nan,0,nan,0,nan,0,nan,0
1597988269084967936,1597988269407000064,2020-08-21 13:37:49.407000,100.005,100.03,99.885,99.935,nan,99.963,9895,9891346600.0,30642,100.005,5,100.0,8,nan,0,nan,0,nan,0,nan,0,nan,0,nan,0,nan,0,nan,0
1597988269580719104,1597988269923000064,2020-08-21 13:37:49.923000,100.005,100.03,99.885,99.935,nan,99.963,9895,9891346600.0,30642,100.005,5,100.0,8,nan,0,nan,0,nan,0,nan,0,nan,0,nan,0,nan,0,nan,0
1597988270080865024,1597988270424000000,2020-08-21 13:37:50.424000,100.005,100.03,99.885,99.935,nan,99.963,9895,9891346600.0,30642,100.005,5,100.0,8,nan,0,nan,0,nan,0,nan,0,nan,0,nan,0,nan,0,nan,0
1597988270570253056,1597988270935000064,2020-08-21 13:37:50.935000,100.005,100.03,99.885,99.935,nan,99.963,9895,9891346600.0,30642,100.005,5,100.0,8,nan,0,nan,0,nan,0,nan,0,nan,0,nan,0,nan,0,nan,0
1597988271072338944,1597988271434000128,2020-08-21 13:37:51.434000,100.005,100.03,99.885,99.935,nan,99.963,9900,9896346850.0,30640,100.005,1,100.0,9,nan,0,nan,0,nan,0,nan,0,nan,0,nan,0,nan,0,nan,0
1597988271568492032,1597988271913000192,2020-08-21 13:37:51.913000,100.005,100.03,99.885,99.935,nan,99.963,9901,9897346900.0,30640,100.01,14,100.005,2,nan,0,nan,0,nan,0,nan,0,nan,0,nan,0,nan,0,nan,0
1597988272070330112,1597988272432000000,2020-08-21 13:37:52.432000,100.005,100.03,99.885,99.935,nan,99.963,9902,9898346950.0,30640,100.01,14,100.005,2,nan,0,nan,0,nan,0,nan,0,nan,0,nan,0,nan,0,nan,0
1597988272570912000,1597988272932000000,2020-08-21 13:37:52.932000,100.005,100.03,99.885,99.935,nan,99.963,9902,9898346950.0,30640,100.01,13,100.0,11,nan,0,nan,0,nan,0,nan,0,nan,0,nan,0,nan,0,nan,0
1597988273081108992,1597988273434000128,2020-08-21 13:37:53.434000,100.005,100.03,99.885,99.935,nan,99.963,9902,9898346950.0,30640,100.01,12,100.0,11,nan,0,nan,0,nan,0,nan,0,nan,0,nan,0,nan,0,nan,0
1597988273567246080,1597988273932000000,2020-08-21 13:37:53.932000,100.0,100.03,99.885,99.935,nan,99.963,9906,9902346950.0,30639,100.01,12,100.0,7,nan,0,nan,0,nan,0,nan,0,nan,0,nan,0,nan,0,nan,0
1597988274071024896,1597988274432000000,2020-08-21 13:37:54.432000,100.0,100.03,99.885,99.935,nan,99.963,9906,9902346950.0,30639,100.01,12,100.0,7,nan,0,nan,0,nan,0,nan,0,nan,0,nan,0,nan,0,nan,0
1597988275570237952,1597988275917999872,2020-08-21 13:37:55.918000,100.0,100.03,99.885,99.935,nan,99.963,9906,9902346950.0,30639,100.005,1,100.0,7,nan,0,nan,0,nan,0,nan,0,nan,0,nan,0,nan,0,nan,0
1597988276089157888,1597988276423000064,2020-08-21 13:37:56.423000,100.0,100.03,99.885,99.935,nan,99.963,9906,9902346950.0,30639,100.005,1,100.0,7,nan,0,nan,0,nan,0,nan,0,nan,0,nan,0,nan,0,nan,0
1597988276579184128,1597988276926000128,2020-08-21 13:37:56.926000,100.0,100.03,99.885,99.935,nan,99.963,9906,9902346950.0,30639,100.005,2,100.0,7,nan,0,nan,0,nan,0,nan,0,nan,0,nan,0,nan,0,nan,0
1597988277105117952,1597988277428999936,2020-08-21 13:37:57.429000,100.0,100.03,99.885,99.935,nan,99.963,9906,9902346950.0,30639,100.005,3,100.0,7,nan,0,nan,0,nan,0,nan,0,nan,0,nan,0,nan,0,nan,0
1597988277581305088,1597988277920000000,2020-08-21 13:37:57.920000,100.0,100.03,99.885,99.935,nan,99.963,9906,9902346950.0,30639,100.005,3,100.0,7,nan,0,nan,0,nan,0,nan,0,nan,0,nan,0,nan,0,nan,0
1597988278075568128,1597988278436000000,2020-08-21 13:37:58.436000,100.0,100.03,99.885,99.935,nan,99.963,9906,9902346950.0,30639,100.005,3,100.0,7,nan,0,nan,0,nan,0,nan,0,nan,0,nan,0,nan,0,nan,0
1597988282068002048,1597988282423000064,2020-08-21 13:38:02.423000,100.0,100.03,99.885,99.935,nan,99.963,9906,9902346950.0,30639,100.005,3,100.0,8,nan,0,nan,0,nan,0,nan,0,nan,0,nan,0,nan,0,nan,0
1597988283572865024,1597988283913000192,2020-08-21 13:38:03.913000,100.0,100.03,99.885,99.935,nan,99.963,9906,9902346950.0,30639,100.005,4,100.0,8,nan,0,nan,0,nan,0,nan,0,nan,0,nan,0,nan,0,nan,0
1597988284073982976,1597988284435000064,2020-08-21 13:38:04.435000,100.005,100.03,99.885,99.935,nan,99.963,9910,9906347150.0,30636,100.01,13,100.0,8,nan,0,nan,0,nan,0,nan,0,nan,0,nan,0,nan,0,nan,0
1597988284569287936,1597988284932000000,2020-08-21 13:38:04.932000,100.005,100.03,99.885,99.935,nan,99.963,9910,9906347150.0,30636,100.01,13,100.005,3,nan,0,nan,0,nan,0,nan,0,nan,0,nan,0,nan,0,nan,0
1597988285087333888,1597988285413000192,2020-08-21 13:38:05.413000,100.005,100.03,99.885,99.935,nan,99.963,9910,9906347150.0,30636,100.01,12,100.005,7,nan,0,nan,0,nan,0,nan,0,nan,0,nan,0,nan,0,nan,0
1597988285583351040,1597988285937999872,2020-08-21 13:38:05.938000,100.005,100.03,99.885,99.935,nan,99.963,9910,9906347150.0,30636,100.01,12,100.005,7,nan,0,nan,0,nan,0,nan,0,nan,0,nan,0,nan,0,nan,0
1597988286084439040,1597988286428000000,2020-08-21 13:38:06.428000,100.005,100.03,99.885,99.935,nan,99.963,9910,9906347150.0,30636,100.01,10,100.005,7,nan,0,nan,0,nan,0,nan,0,nan,0,nan,0,nan,0,nan,0
1597988286586899968,1597988286936000000,2020-08-21 13:38:06.936000,100.005,100.03,99.885,99.935,nan,99.963,9911,9907347200.0,30635,100.01,10,100.005,7,nan,0,nan,0,nan,0,nan,0,nan,0,nan,0,nan,0,nan,0
1597988287107916032,1597988287435000064,2020-08-21 13:38:07.435000,100.005,100.03,99.885,99.935,nan,99.963,9912,9908347250.0,30635,100.01,9,100.005,7,nan,0,nan,0,nan,0,nan,0,nan,0,nan,0,nan,0,nan,0
1597988289090320896,1597988289432000000,2020-08-21 13:38:09.432000,100.005,100.03,99.885,99.935,nan,99.963,9912,9908347250.0,30635,100.01,9,100.005,17,nan,0,nan,0,nan,0,nan,0,nan,0,nan,0,nan,0,nan,0
1597988289581331968,1597988289911000064,2020-08-21 13:38:09.911000,100.005,100.03,99.885,99.935,nan,99.963,9912,9908347250.0,30635,100.01,9,100.005,17,nan,0,nan,0,nan,0,nan,0,nan,0,nan,0,nan,0,nan,0
1597988290078706944,1597988290417999872,2020-08-21 13:38:10.418000,100.005,100.03,99.885,99.935,nan,99.963,9912,9908347250.0,30635,100.01,9,100.005,17,nan,0,nan,0,nan,0,nan,0,nan,0,nan,0,nan,0,nan,0
1597988290591247104,1597988290931000064,2020-08-21 13:38:10.931000,100.005,100.03,99.885,99.935,nan,99.963,9912,9908347250.0,30635,100.01,9,100.005,17,nan,0,nan,0,nan,0,nan,0,nan,0,nan,0,nan,0,nan,0
1597988291081115904,1597988291432000000,2020-08-21 13:38:11.432000,100.005,100.03,99.885,99.935,nan,99.963,9912,9908347250.0,30635,100.01,9,100.005,17,nan,0,nan,0,nan,0,nan,0,nan,0,nan,0,nan,0,nan,0
1597988291582853888,1597988291936000000,2020-08-21 13:38:11.936000,100.005,100.03,99.885,99.935,nan,99.963,9912,9908347250.0,30635,100.01,9,100.005,17,nan,0,nan,0,nan,0,nan,0,nan,0,nan,0,nan,0,nan,0
1597988292576846080,1597988292936000000,2020-08-21 13:38:12.936000,100.005,100.03,99.885,99.935,nan,99.963,9912,9908347250.0,30635,100.01,8,100.005,17,nan,0,nan,0,nan,0,nan,0,nan,0,nan,0,nan,0,nan,0
1597988295101957888,1597988295438999808,2020-08-21 13:38:15.439000,100.01,100.03,99.885,99.935,nan,99.963,9913,9909347350.0,30634,100.01,7,100.005,17,nan,0,nan,0,nan,0,nan,0,nan,0,nan,0,nan,0,nan,0
1597988295590454016,1597988295937999872,2020-08-21 13:38:15.938000,100.01,100.03,99.885,99.935,nan,99.963,9913,9909347350.0,30634,100.01,5,100.005,17,nan,0,nan,0,nan,0,nan,0,nan,0,nan,0,nan,0,nan,0
1597988296081272064,1597988296431000064,2020-08-21 13:38:16.431000,100.01,100.03,99.885,99.935,nan,99.963,9913,9909347350.0,30634,100.01,5,100.005,17,nan,0,nan,0,nan,0,nan,0,nan,0,nan,0,nan,0,nan,0
1597988296596328960,1597988296903000064,2020-08-21 13:38:16.903000,100.01,100.03,99.885,99.935,nan,99.963,9913,9909347350.0,30634,100.01,5,100.005,17,nan,0,nan,0,nan,0,nan,0,nan,0,nan,0,nan,0,nan,0
1597988300581229056,1597988300936999936,2020-08-21 13:38:20.937000,100.01,100.03,99.885,99.935,nan,99.963,9918,9914347850.0,30630,100.015,53,100.005,17,nan,0,nan,0,nan,0,nan,0,nan,0,nan,0,nan,0,nan,0
1597988301322887936,1597988301433000192,2020-08-21 13:38:21.433000,100.01,100.03,99.885,99.935,nan,99.963,9918,9914347850.0,30630,100.015,42,100.005,17,nan,0,nan,0,nan,0,nan,0,nan,0,nan,0,nan,0,nan,0
1597988301811616000,1597988301933000192,2020-08-21 13:38:21.933000,100.01,100.03,99.885,99.935,nan,99.963,9918,9914347850.0,30630,100.015,41,100.005,17,nan,0,nan,0,nan,0,nan,0,nan,0,nan,0,nan,0,nan,0
1597988302087715072,1597988302412000000,2020-08-21 13:38:22.412000,100.01,100.03,99.885,99.935,nan,99.963,9918,9914347850.0,30630,100.015,41,100.005,17,nan,0,nan,0,nan,0,nan,0,nan,0,nan,0,nan,0,nan,0
1597988303806785024,1597988303917999872,2020-08-21 13:38:23.918000,100.01,100.03,99.885,99.935,nan,99.963,9918,9914347850.0,30630,100.015,41,100.005,17,nan,0,nan,0,nan,0,nan,0,nan,0,nan,0,nan,0,nan,0
1597988305593479936,1597988305936999936,2020-08-21 13:38:25.937000,100.01,100.03,99.885,99.935,nan,99.963,9918,9914347850.0,30630,100.01,1,100.005,17,nan,0,nan,0,nan,0,nan,0,nan,0,nan,0,nan,0,nan,0
1597988306089999104,1597988306417999872,2020-08-21 13:38:26.418000,100.01,100.03,99.885,99.935,nan,99.963,9918,9914347850.0,30630,100.01,4,100.005,17,nan,0,nan,0,nan,0,nan,0,nan,0,nan,0,nan,0,nan,0
1597988307080440064,1597988307413000192,2020-08-21 13:38:27.413000,100.005,100.03,99.885,99.935,nan,99.963,9925,9921348200.0,30633,100.01,6,100.005,13,nan,0,nan,0,nan,0,nan,0,nan,0,nan,0,nan,0,nan,0
1597988307585274112,1597988307923000064,2020-08-21 13:38:27.923000,100.005,100.03,99.885,99.935,nan,99.963,9925,9921348200.0,30633,100.01,12,100.005,13,nan,0,nan,0,nan,0,nan,0,nan,0,nan,0,nan,0,nan,0
1597988310584459008,1597988310916000000,2020-08-21 13:38:30.916000,100.005,100.03,99.885,99.935,nan,99.963,9925,9921348200.0,30633,100.01,12,100.005,14,nan,0,nan,0,nan,0,nan,0,nan,0,nan,0,nan,0,nan,0
1597988312608934912,1597988312916999936,2020-08-21 13:38:32.917000,100.005,100.03,99.885,99.935,nan,99.963,9926,9922348250.0,30633,100.01,12,100.005,13,nan,0,nan,0,nan,0,nan,0,nan,0,nan,0,nan,0,nan,0
1597988313083278080,1597988313424000000,2020-08-21 13:38:33.424000,100.005,100.03,99.885,99.935,nan,99.963,9927,9923348300.0,30632,100.01,12,100.005,12,nan,0,nan,0,nan,0,nan,0,nan,0,nan,0,nan,0,nan,0
1597988317589460992,1597988317900999936,2020-08-21 13:38:37.901000,100.005,100.03,99.885,99.935,nan,99.963,9927,9923348300.0,30632,100.01,12,100.005,12,nan,0,nan,0,nan,0,nan,0,nan,0,nan,0,nan,0,nan,0
1597988318098635008,1597988318426000128,2020-08-21 13:38:38.426000,100.005,100.03,99.885,99.935,nan,99.963,9927,9923348300.0,30632,100.01,10,100.005,12,nan,0,nan,0,nan,0,nan,0,nan,0,nan,0,nan,0,nan,0
1597988318592811008,1597988318931000064,2020-08-21 13:38:38.931000,100.005,100.03,99.885,99.935,nan,99.963,9927,9923348300.0,30632,100.01,6,100.005,12,nan,0,nan,0,nan,0,nan,0,nan,0,nan,0,nan,0,nan,0
1597988337111443968,1597988337416999936,2020-08-21 13:38:57.417000,100.005,100.03,99.885,99.935,nan,99.963,9927,9923348300.0,30632,100.01,6,100.005,12,nan,0,nan,0,nan,0,nan,0,nan,0,nan,0,nan,0,nan,0
1597988339611015936,1597988339934000128,2020-08-21 13:38:59.934000,100.005,100.03,99.885,99.935,nan,99.963,9927,9923348300.0,30632,100.01,6,100.005,12,nan,0,nan,0,nan,0,nan,0,nan,0,nan,0,nan,0,nan,0
1597988340099651072,1597988340432000000,2020-08-21 13:39:00.432000,100.005,100.03,99.885,99.935,nan,99.963,9927,9923348300.0,30632,100.01,6,100.005,13,nan,0,nan,0,nan,0,nan,0,nan,0,nan,0,nan,0,nan,0
1597988341618187008,1597988341936999936,2020-08-21 13:39:01.937000,100.005,100.03,99.885,99.935,nan,99.963,9927,9923348300.0,30632,100.01,6,100.005,13,nan,0,nan,0,nan,0,nan,0,nan,0,nan,0,nan,0,nan,0
1597988342116195072,1597988342410000128,2020-08-21 13:39:02.410000,100.005,100.03,99.885,99.935,nan,99.963,9927,9923348300.0,30632,100.01,6,100.005,13,nan,0,nan,0,nan,0,nan,0,nan,0,nan,0,nan,0,nan,0
1597988342605728000,1597988342924999936,2020-08-21 13:39:02.925000,100.005,100.03,99.885,99.935,nan,99.963,9927,9923348300.0,30632,100.01,6,100.005,15,nan,0,nan,0,nan,0,nan,0,nan,0,nan,0,nan,0,nan,0
1597988345107529984,1597988345416999936,2020-08-21 13:39:05.417000,100.005,100.03,99.885,99.935,nan,99.963,9927,9923348300.0,30632,100.01,6,100.005,15,nan,0,nan,0,nan,0,nan,0,nan,0,nan,0,nan,0,nan,0
1597988348608634112,1597988348932000000,2020-08-21 13:39:08.932000,100.005,100.03,99.885,99.935,nan,99.963,9927,9923348300.0,30632,100.01,6,100.005,7,nan,0,nan,0,nan,0,nan,0,nan,0,nan,0,nan,0,nan,0
1597988349622392064,1597988349898000128,2020-08-21 13:39:09.898000,100.005,100.03,99.885,99.935,nan,99.963,9927,9923348300.0,30632,100.01,6,100.005,7,nan,0,nan,0,nan,0,nan,0,nan,0,nan,0,nan,0,nan,0
1597988350618598912,1597988350888000000,2020-08-21 13:39:10.888000,100.005,100.03,99.885,99.935,nan,99.963,9927,9923348300.0,30632,100.01,6,100.005,8,nan,0,nan,0,nan,0,nan,0,nan,0,nan,0,nan,0,nan,0
1597988353129986048,1597988353404999936,2020-08-21 13:39:13.405000,100.005,100.03,99.885,99.935,nan,99.963,9927,9923348300.0,30632,100.01,9,100.005,8,nan,0,nan,0,nan,0,nan,0,nan,0,nan,0,nan,0,nan,0
1597988353630545920,1597988353924999936,2020-08-21 13:39:13.925000,100.005,100.03,99.885,99.935,nan,99.963,9929,9925348400.0,30634,100.01,9,100.005,7,nan,0,nan,0,nan,0,nan,0,nan,0,nan,0,nan,0,nan,0
1597988355629665024,1597988355934000128,2020-08-21 13:39:15.934000,100.005,100.03,99.885,99.935,nan,99.963,9935,9931348700.0,30633,100.01,9,100.005,3,nan,0,nan,0,nan,0,nan,0,nan,0,nan,0,nan,0,nan,0
1597988356122982912,1597988356436000000,2020-08-21 13:39:16.436000,100.005,100.03,99.885,99.935,nan,99.963,9939,9935348900.0,30636,100.005,1,100.0,7,nan,0,nan,0,nan,0,nan,0,nan,0,nan,0,nan,0,nan,0
1597988356628901888,1597988356924999936,2020-08-21 13:39:16.925000,100.005,100.03,99.885,99.935,nan,99.963,9939,9935348900.0,30636,100.005,4,100.0,7,nan,0,nan,0,nan,0,nan,0,nan,0,nan,0,nan,0,nan,0
1597988357128819968,1597988357430000128,2020-08-21 13:39:17.430000,100.005,100.03,99.885,99.935,nan,99.963,9944,9940349150.0,30634,100.005,1,100.0,9,nan,0,nan,0,nan,0,nan,0,nan,0,nan,0,nan,0,nan,0
1597988357628396032,1597988357931000064,2020-08-21 13:39:17.931000,100.005,100.03,99.885,99.935,nan,99.963,9945,9941349200.0,30633,100.01,10,100.005,1,nan,0,nan,0,nan,0,nan,0,nan,0,nan,0,nan,0,nan,0
1597988358112130048,1597988358344000000,2020-08-21 13:39:18.344000,100.005,100.03,99.885,99.935,nan,99.963,9945,9941349200.0,30633,100.01,10,100.005,3,nan,0,nan,0,nan,0,nan,0,nan,0,nan,0,nan,0,nan,0
1597988358613287936,1597988358920000000,2020-08-21 13:39:18.920000,100.005,100.03,99.885,99.935,nan,99.963,9947,9943349300.0,30632,100.01,10,100.005,2,nan,0,nan,0,nan,0,nan,0,nan,0,nan,0,nan,0,nan,0
1597988359125910016,1597988359424999936,2020-08-21 13:39:19.425000,100.005,100.03,99.885,99.935,nan,99.963,9947,9943349300.0,30632,100.01,9,100.005,3,nan,0,nan,0,nan,0,nan,0,nan,0,nan,0,nan,0,nan,0
1597988359636760064,1597988359923000064,2020-08-21 13:39:19.923000,100.005,100.03,99.885,99.935,nan,99.963,9950,9946349450.0,30632,100.01,7,100.005,1,nan,0,nan,0,nan,0,nan,0,nan,0,nan,0,nan,0,nan,0
1597988360106521088,1597988360408999936,2020-08-21 13:39:20.409000,100.005,100.03,99.885,99.935,nan,99.963,9950,9946349450.0,30632,100.01,7,100.005,1,nan,0,nan,0,nan,0,nan,0,nan,0,nan,0,nan,0,nan,0
1597988360617924096,1597988360845999872,2020-08-21 13:39:20.846000,100.005,100.03,99.885,99.935,nan,99.963,9950,9946349450.0,30632,100.01,7,100.005,2,nan,0,nan,0,nan,0,nan,0,nan,0,nan,0,nan,0,nan,0
1597988361608463872,1597988361904000000,2020-08-21 13:39:21.904000,100.005,100.03,99.885,99.935,nan,99.963,9950,9946349450.0,30632,100.01,7,100.005,3,nan,0,nan,0,nan,0,nan,0,nan,0,nan,0,nan,0,nan,0
1597988364131683072,1597988364416000000,2020-08-21 13:39:24.416000,100.005,100.03,99.885,99.935,nan,99.963,9950,9946349450.0,30632,100.01,7,100.005,3,nan,0,nan,0,nan,0,nan,0,nan,0,nan,0,nan,0,nan,0
1597988372617687040,1597988372927000064,2020-08-21 13:39:32.927000,100.005,100.03,99.885,99.935,nan,99.963,9952,9948349550.0,30633,100.01,7,100.005,2,nan,0,nan,0,nan,0,nan,0,nan,0,nan,0,nan,0,nan,0
1597988377642336000,1597988377936000000,2020-08-21 13:39:37.936000,100.005,100.03,99.885,99.935,nan,99.963,9952,9948349550.0,30633,100.01,7,100.005,3,nan,0,nan,0,nan,0,nan,0,nan,0,nan,0,nan,0,nan,0
1597988382152560896,1597988382732000000,2020-08-21 13:39:42.732000,100.005,100.03,99.885,99.935,nan,99.963,9952,9948349550.0,30633,100.01,7,100.005,3,nan,0,nan,0,nan,0,nan,0,nan,0,nan,0,nan,0,nan,0
1597988386150262016,1597988386428999936,2020-08-21 13:39:46.429000,100.005,100.03,99.885,99.935,nan,99.963,9952,9948349550.0,30633,100.01,7,100.005,3,nan,0,nan,0,nan,0,nan,0,nan,0,nan,0,nan,0,nan,0
1597988389150802944,1597988389576000000,2020-08-21 13:39:49.576000,100.005,100.03,99.885,99.935,nan,99.963,9952,9948349550.0,30633,100.01,7,100.005,2,nan,0,nan,0,nan,0,nan,0,nan,0,nan,0,nan,0,nan,0
1597988392627777024,1597988392937999872,2020-08-21 13:39:52.938000,100.005,100.03,99.885,99.935,nan,99.963,9954,9950349650.0,30634,100.005,2,100.0,9,nan,0,nan,0,nan,0,nan,0,nan,0,nan,0,nan,0,nan,0
1597988393163343104,1597988393432000000,2020-08-21 13:39:53.432000,100.005,100.03,99.885,99.935,nan,99.963,9956,9952349750.0,30633,100.01,8,100.005,5,nan,0,nan,0,nan,0,nan,0,nan,0,nan,0,nan,0,nan,0
1597988393637338112,1597988393904999936,2020-08-21 13:39:53.905000,100.005,100.03,99.885,99.935,nan,99.963,9960,9956349950.0,30632,100.01,8,100.005,1,nan,0,nan,0,nan,0,nan,0,nan,0,nan,0,nan,0,nan,0
1597988394133392896,1597988394424999936,2020-08-21 13:39:54.425000,100.005,100.03,99.885,99.935,nan,99.963,9961,9957350000.0,30633,100.005,1,100.0,7,nan,0,nan,0,nan,0,nan,0,nan,0,nan,0,nan,0,nan,0
1597988394649080064,1597988394903000064,2020-08-21 13:39:54.903000,100.005,100.03,99.885,99.935,nan,99.963,9961,9957350000.0,30633,100.005,1,100.0,7,nan,0,nan,0,nan,0,nan,0,nan,0,nan,0,nan,0,nan,0
1597988395151229952,1597988395739000064,2020-08-21 13:39:55.739000,100.005,100.03,99.885,99.935,nan,99.963,9961,9957350000.0,30633,100.005,2,100.0,6,nan,0,nan,0,nan,0,nan,0,nan,0,nan,0,nan,0,nan,0
1597988395631971072,1597988395937999872,2020-08-21 13:39:55.938000,100.005,100.03,99.885,99.935,nan,99.963,9961,9957350000.0,30633,100.005,2,100.0,6,nan,0,nan,0,nan,0,nan,0,nan,0,nan,0,nan,0,nan,0
1597988396135333888,1597988396436000000,2020-08-21 13:39:56.436000,100.005,100.03,99.885,99.935,nan,99.963,9961,9957350000.0,30633,100.005,2,100.0,6,nan,0,nan,0,nan,0,nan,0,nan,0,nan,0,nan,0,nan,0
1597988401160083968,1597988401428999936,2020-08-21 13:40:01.429000,100.005,100.03,99.885,99.935,nan,99.963,9964,9960350150.0,30631,100.01,10,100.0,6,nan,0,nan,0,nan,0,nan,0,nan,0,nan,0,nan,0,nan,0
1597988401654938880,1597988402216999936,2020-08-21 13:40:02.217000,100.005,100.03,99.885,99.935,nan,99.963,9965,9961350200.0,30630,100.01,10,100.005,4,nan,0,nan,0,nan,0,nan,0,nan,0,nan,0,nan,0,nan,0
1597988402151280128,1597988402413000192,2020-08-21 13:40:02.413000,100.005,100.03,99.885,99.935,nan,99.963,9965,9961350200.0,30630,100.01,10,100.005,4,nan,0,nan,0,nan,0,nan,0,nan,0,nan,0,nan,0,nan,0
1597988402647668992,1597988402918999808,2020-08-21 13:40:02.919000,100.005,100.03,99.885,99.935,nan,99.963,9965,9961350200.0,30630,100.01,8,100.005,4,nan,0,nan,0,nan,0,nan,0,nan,0,nan,0,nan,0,nan,0
1597988403133573120,1597988403432000000,2020-08-21 13:40:03.432000,100.005,100.03,99.885,99.935,nan,99.963,9965,9961350200.0,30630,100.01,6,100.005,4,nan,0,nan,0,nan,0,nan,0,nan,0,nan,0,nan,0,nan,0
1597988403654234880,1597988403924000000,2020-08-21 13:40:03.924000,100.005,100.03,99.885,99.935,nan,99.963,9965,9961350200.0,30630,100.01,7,100.005,5,nan,0,nan,0,nan,0,nan,0,nan,0,nan,0,nan,0,nan,0
1597988404035217920,1597988404411000064,2020-08-21 13:40:04.411000,100.01,100.03,99.885,99.935,nan,99.963,9966,9962350300.0,30630,100.01,6,100.005,5,nan,0,nan,0,nan,0,nan,0,nan,0,nan,0,nan,0,nan,0
1597988404542704128,1597988404903000064,2020-08-21 13:40:04.903000,100.01,100.03,99.885,99.935,nan,99.963,9966,9962350300.0,30630,100.01,3,100.005,6,nan,0,nan,0,nan,0,nan,0,nan,0,nan,0,nan,0,nan,0
1597988405040282112,1597988405420000000,2020-08-21 13:40:05.420000,100.01,100.03,99.885,99.935,nan,99.963,9966,9962350300.0,30630,100.01,3,100.005,6,nan,0,nan,0,nan,0,nan,0,nan,0,nan,0,nan,0,nan,0
1597988405546976000,1597988405897000192,2020-08-21 13:40:05.897000,100.01,100.03,99.885,99.935,nan,99.963,9966,9962350300.0,30630,100.01,3,100.005,6,nan,0,nan,0,nan,0,nan,0,nan,0,nan,0,nan,0,nan,0
1597988407078469888,1597988407437999872,2020-08-21 13:40:07.438000,100.01,100.03,99.885,99.935,nan,99.963,9966,9962350300.0,30630,100.01,3,100.005,6,nan,0,nan,0,nan,0,nan,0,nan,0,nan,0,nan,0,nan,0
1597988408086263040,1597988408431000064,2020-08-21 13:40:08.431000,100.01,100.03,99.885,99.935,nan,99.963,9966,9962350300.0,30630,100.01,3,100.005,6,nan,0,nan,0,nan,0,nan,0,nan,0,nan,0,nan,0,nan,0
1597988411560944896,1597988411924999936,2020-08-21 13:40:11.925000,100.01,100.03,99.885,99.935,nan,99.963,9966,9962350300.0,30630,100.01,3,100.005,6,nan,0,nan,0,nan,0,nan,0,nan,0,nan,0,nan,0,nan,0
1597988414100683008,1597988414356000000,2020-08-21 13:40:14.356000,100.01,100.03,99.885,99.935,nan,99.963,9967,9963350400.0,30630,100.01,2,100.005,6,nan,0,nan,0,nan,0,nan,0,nan,0,nan,0,nan,0,nan,0
1597988417074771968,1597988417420999936,2020-08-21 13:40:17.421000,100.005,100.03,99.885,99.935,nan,99.963,9975,9971350800.0,30636,100.005,1,100.0,9,nan,0,nan,0,nan,0,nan,0,nan,0,nan,0,nan,0,nan,0
1597988417601038080,1597988417892999936,2020-08-21 13:40:17.893000,100.005,100.03,99.885,99.935,nan,99.963,9983,9979350900.0,30638,100.005,2,100.0,4,nan,0,nan,0,nan,0,nan,0,nan,0,nan,0,nan,0,nan,0
1597988418076705024,1597988418427000064,2020-08-21 13:40:18.427000,100.005,100.03,99.885,99.935,nan,99.963,9987,9983351100.0,30638,100.01,7,100.005,2,nan,0,nan,0,nan,0,nan,0,nan,0,nan,0,nan,0,nan,0
1597988418566529024,1597988418931000064,2020-08-21 13:40:18.931000,100.005,100.03,99.885,99.935,nan,99.963,9987,9983351100.0,30638,100.01,7,100.005,2,nan,0,nan,0,nan,0,nan,0,nan,0,nan,0,nan,0,nan,0
1597988419571687936,1597988419924999936,2020-08-21 13:40:19.925000,100.005,100.03,99.885,99.935,nan,99.963,9987,9983351100.0,30638,100.01,6,100.005,3,nan,0,nan,0,nan,0,nan,0,nan,0,nan,0,nan,0,nan,0
1597988420073985024,1597988420433000192,2020-08-21 13:40:20.433000,100.005,100.03,99.885,99.935,nan,99.963,9987,9983351100.0,30638,100.01,6,100.005,3,nan,0,nan,0,nan,0,nan,0,nan,0,nan,0,nan,0,nan,0
1597988420682770944,1597988420932000000,2020-08-21 13:40:20.932000,100.005,100.03,99.885,99.935,nan,99.963,9987,9983351100.0,30638,100.01,4,100.005,4,nan,0,nan,0,nan,0,nan,0,nan,0,nan,0,nan,0,nan,0
1597988421081126912,1597988421390000128,2020-08-21 13:40:21.390000,100.005,100.03,99.885,99.935,nan,99.963,9987,9983351100.0,30638,100.01,4,100.005,3,nan,0,nan,0,nan,0,nan,0,nan,0,nan,0,nan,0,nan,0
1597988421591568896,1597988421928000000,2020-08-21 13:40:21.928000,100.005,100.03,99.885,99.935,nan,99.963,9987,9983351100.0,30638,100.01,6,100.005,3,nan,0,nan,0,nan,0,nan,0,nan,0,nan,0,nan,0,nan,0
1597988422076375040,1597988422401999872,2020-08-21 13:40:22.402000,100.005,100.03,99.885,99.935,nan,99.963,9987,9983351100.0,30638,100.01,6,100.005,3,nan,0,nan,0,nan,0,nan,0,nan,0,nan,0,nan,0,nan,0
1597988424128082944,1597988424434000128,2020-08-21 13:40:24.434000,100.01,100.03,99.885,99.935,nan,99.963,9988,9984351200.0,30638,100.01,5,100.005,3,nan,0,nan,0,nan,0,nan,0,nan,0,nan,0,nan,0,nan,0
1597988425066179072,1597988425424999936,2020-08-21 13:40:25.425000,100.01,100.03,99.885,99.935,nan,99.963,9988,9984351200.0,30638,100.01,4,100.005,3,nan,0,nan,0,nan,0,nan,0,nan,0,nan,0,nan,0,nan,0
1597988425577224960,1597988425930000128,2020-08-21 13:40:25.930000,100.005,100.03,99.885,99.935,nan,99.963,9991,9987351350.0,30636,100.01,4,100.005,1,nan,0,nan,0,nan,0,nan,0,nan,0,nan,0,nan,0,nan,0
1597988426061137920,1597988426431000064,2020-08-21 13:40:26.431000,100.005,100.03,99.885,99.935,nan,99.963,9991,9987351350.0,30636,100.01,4,100.005,1,nan,0,nan,0,nan,0,nan,0,nan,0,nan,0,nan,0,nan,0
1597988426571270912,1597988426934000128,2020-08-21 13:40:26.934000,100.005,100.03,99.885,99.935,nan,99.963,9992,9988351400.0,30636,100.005,2,100.0,6,nan,0,nan,0,nan,0,nan,0,nan,0,nan,0,nan,0,nan,0
1597988427093451008,1597988427434000128,2020-08-21 13:40:27.434000,100.005,100.03,99.885,99.935,nan,99.963,9995,9991351550.0,30635,100.01,5,100.005,6,nan,0,nan,0,nan,0,nan,0,nan,0,nan,0,nan,0,nan,0
1597988427559883008,1597988427918999808,2020-08-21 13:40:27.919000,100.005,100.03,99.885,99.935,nan,99.964,9996,9992351600.0,30634,100.01,6,100.005,7,nan,0,nan,0,nan,0,nan,0,nan,0,nan,0,nan,0,nan,0
1597988428065102080,1597988428412000000,2020-08-21 13:40:28.412000,100.005,100.03,99.885,99.935,nan,99.964,9996,9992351600.0,30634,100.01,6,100.005,7,nan,0,nan,0,nan,0,nan,0,nan,0,nan,0,nan,0,nan,0
1597988428569133056,1597988428924999936,2020-08-21 13:40:28.925000,100.005,100.03,99.885,99.935,nan,99.964,9996,9992351600.0,30634,100.01,4,100.005,7,nan,0,nan,0,nan,0,nan,0,nan,0,nan,0,nan,0,nan,0
1597988430054972928,1597988430434000128,2020-08-21 13:40:30.434000,100.005,100.03,99.885,99.935,nan,99.964,9996,9992351600.0,30634,100.01,4,100.005,5,nan,0,nan,0,nan,0,nan,0,nan,0,nan,0,nan,0,nan,0
1597988432566640128,1597988432936999936,2020-08-21 13:40:32.937000,100.005,100.03,99.885,99.935,nan,99.964,9996,9992351600.0,30634,100.01,4,100.005,5,nan,0,nan,0,nan,0,nan,0,nan,0,nan,0,nan,0,nan,0
1597988433575084032,1597988433934000128,2020-08-21 13:40:33.934000,100.005,100.03,99.885,99.935,nan,99.964,9998,9994351700.0,30634,100.01,4,100.005,2,nan,0,nan,0,nan,0,nan,0,nan,0,nan,0,nan,0,nan,0
1597988434080859904,1597988434405999872,2020-08-21 13:40:34.406000,100.01,100.03,99.885,99.935,nan,99.964,9999,9995351800.0,30633,100.01,3,100.005,2,nan,0,nan,0,nan,0,nan,0,nan,0,nan,0,nan,0,nan,0
1597988434590525952,1597988434923000064,2020-08-21 13:40:34.923000,100.01,100.03,99.885,99.935,nan,99.964,9999,9995351800.0,30633,100.01,4,100.005,2,nan,0,nan,0,nan,0,nan,0,nan,0,nan,0,nan,0,nan,0
1597988435080808960,1597988435428999936,2020-08-21 13:40:35.429000,100.01,100.03,99.885,99.935,nan,99.964,9999,9995351800.0,30633,100.01,3,100.005,2,nan,0,nan,0,nan,0,nan,0,nan,0,nan,0,nan,0,nan,0
1597988435574016000,1597988435910000128,2020-08-21 13:40:35.910000,100.01,100.03,99.885,99.935,nan,99.964,9999,9995351800.0,30633,100.01,3,100.005,3,nan,0,nan,0,nan,0,nan,0,nan,0,nan,0,nan,0,nan,0
1597988436104852992,1597988436435000064,2020-08-21 13:40:36.435000,100.01,100.03,99.885,99.935,nan,99.964,9999,9995351800.0,30633,100.01,3,100.005,4,nan,0,nan,0,nan,0,nan,0,nan,0,nan,0,nan,0,nan,0
1597988436588131072,1597988436894000128,2020-08-21 13:40:36.894000,100.005,100.03,99.885,99.935,nan,99.964,10003,9999352000.0,30634,100.005,1,100.0,12,nan,0,nan,0,nan,0,nan,0,nan,0,nan,0,nan,0,nan,0
1597988437082910976,1597988437357000192,2020-08-21 13:40:37.357000,100.005,100.03,99.885,99.935,nan,99.964,10003,9999352000.0,30634,100.005,1,100.0,12,nan,0,nan,0,nan,0,nan,0,nan,0,nan,0,nan,0,nan,0
1597988437584503040,1597988437937999872,2020-08-21 13:40:37.938000,100.005,100.03,99.885,99.935,nan,99.964,10005,10001352100.0,30635,100.005,1,100.0,10,nan,0,nan,0,nan,0,nan,0,nan,0,nan,0,nan,0,nan,0
1597988438083949056,1597988438430000128,2020-08-21 13:40:38.430000,100.005,100.03,99.885,99.935,nan,99.964,10006,10002352150.0,30635,100.01,9,100.005,1,nan,0,nan,0,nan,0,nan,0,nan,0,nan,0,nan,0,nan,0
1597988438592701952,1597988438938999808,2020-08-21 13:40:38.939000,100.005,100.03,99.885,99.935,nan,99.964,10007,10003352200.0,30635,100.005,2,100.0,6,nan,0,nan,0,nan,0,nan,0,nan,0,nan,0,nan,0,nan,0
1597988439095744000,1597988439433000192,2020-08-21 13:40:39.433000,100.005,100.03,99.885,99.935,nan,99.964,10007,10003352200.0,30635,100.005,1,100.0,6,nan,0,nan,0,nan,0,nan,0,nan,0,nan,0,nan,0,nan,0
1597988439595356928,1597988439926000128,2020-08-21 13:40:39.926000,100.005,100.03,99.885,99.935,nan,99.964,10007,10003352200.0,30635,100.005,2,100.0,6,nan,0,nan,0,nan,0,nan,0,nan,0,nan,0,nan,0,nan,0
1597988440084603904,1597988440408000000,2020-08-21 13:40:40.408000,100.0,100.03,99.885,99.935,nan,99.964,10009,10005352200.0,30633,100.005,4,100.0,4,nan,0,nan,0,nan,0,nan,0,nan,0,nan,0,nan,0,nan,0
1597988440598373888,1597988440938999808,2020-08-21 13:40:40.939000,100.0,100.03,99.885,99.935,nan,99.964,10009,10005352200.0,30633,100.005,4,100.0,4,nan,0,nan,0,nan,0,nan,0,nan,0,nan,0,nan,0,nan,0
1597988441081904128,1597988441420999936,2020-08-21 13:40:41.421000,100.0,100.03,99.885,99.935,nan,99.964,10009,10005352200.0,30633,100.005,4,100.0,4,nan,0,nan,0,nan,0,nan,0,nan,0,nan,0,nan,0,nan,0
1597988442579931904,1597988442924000000,2020-08-21 13:40:42.924000,100.0,100.03,99.885,99.935,nan,99.964,10009,10005352200.0,30633,100.005,5,100.0,4,nan,0,nan,0,nan,0,nan,0,nan,0,nan,0,nan,0,nan,0
1597988444070148096,1597988444435000064,2020-08-21 13:40:44.435000,100.005,100.03,99.885,99.935,nan,99.964,10011,10007352300.0,30632,100.005,7,100.0,3,nan,0,nan,0,nan,0,nan,0,nan,0,nan,0,nan,0,nan,0
1597988444578778112,1597988444905999872,2020-08-21 13:40:44.906000,100.005,100.03,99.885,99.935,nan,99.964,10011,10007352300.0,30632,100.005,7,100.0,3,nan,0,nan,0,nan,0,nan,0,nan,0,nan,0,nan,0,nan,0
1597988445094321920,1597988445427000064,2020-08-21 13:40:45.427000,100.0,100.03,99.885,99.935,nan,99.964,10014,10010352300.0,30633,100.005,7,99.995,4,nan,0,nan,0,nan,0,nan,0,nan,0,nan,0,nan,0,nan,0
1597988445600674048,1597988445926000128,2020-08-21 13:40:45.926000,100.0,100.03,99.885,99.935,nan,99.964,10014,10010352300.0,30633,100.005,8,99.995,3,nan,0,nan,0,nan,0,nan,0,nan,0,nan,0,nan,0,nan,0
1597988446112262912,1597988446435000064,2020-08-21 13:40:46.435000,100.0,100.03,99.885,99.935,nan,99.964,10014,10010352300.0,30633,100.005,8,99.995,3,nan,0,nan,0,nan,0,nan,0,nan,0,nan,0,nan,0,nan,0
1597988446575746048,1597988446924999936,2020-08-21 13:40:46.925000,100.0,100.03,99.885,99.935,nan,99.964,10014,10010352300.0,30633,100.005,8,99.995,3,nan,0,nan,0,nan,0,nan,0,nan,0,nan,0,nan,0,nan,0
1597988447069811968,1597988447360999936,2020-08-21 13:40:47.361000,100.0,100.03,99.885,99.935,nan,99.964,10014,10010352300.0,30633,100.005,9,99.995,3,nan,0,nan,0,nan,0,nan,0,nan,0,nan,0,nan,0,nan,0
1597988453071304960,1597988453424999936,2020-08-21 13:40:53.425000,100.0,100.03,99.885,99.935,nan,99.964,10014,10010352300.0,30633,100.005,9,99.995,6,nan,0,nan,0,nan,0,nan,0,nan,0,nan,0,nan,0,nan,0
1597988454071568896,1597988454428000000,2020-08-21 13:40:54.428000,100.005,100.03,99.885,99.935,nan,99.964,10015,10011352350.0,30633,100.005,8,100.0,2,nan,0,nan,0,nan,0,nan,0,nan,0,nan,0,nan,0,nan,0
1597988454571131904,1597988454931000064,2020-08-21 13:40:54.931000,100.005,100.03,99.885,99.935,nan,99.964,10015,10011352350.0,30633,100.005,7,100.0,2,nan,0,nan,0,nan,0,nan,0,nan,0,nan,0,nan,0,nan,0
1597988455069696000,1597988455435000064,2020-08-21 13:40:55.435000,100.005,100.03,99.885,99.935,nan,99.964,10015,10011352350.0,30633,100.005,7,100.0,3,nan,0,nan,0,nan,0,nan,0,nan,0,nan,0,nan,0,nan,0
1597988455567802880,1597988455936999936,2020-08-21 13:40:55.937000,100.005,100.03,99.885,99.935,nan,99.964,10015,10011352350.0,30633,100.005,7,100.0,4,nan,0,nan,0,nan,0,nan,0,nan,0,nan,0,nan,0,nan,0
1597988456076250880,1597988456432000000,2020-08-21 13:40:56.432000,100.005,100.03,99.885,99.935,nan,99.964,10015,10011352350.0,30633,100.005,7,100.0,4,nan,0,nan,0,nan,0,nan,0,nan,0,nan,0,nan,0,nan,0
1597988460574420992,1597988460937999872,2020-08-21 13:41:00.938000,100.005,100.03,99.885,99.935,nan,99.964,10015,10011352350.0,30633,100.005,6,100.0,4,nan,0,nan,0,nan,0,nan,0,nan,0,nan,0,nan,0,nan,0
1597988462078586880,1597988462420999936,2020-08-21 13:41:02.421000,100.005,100.03,99.885,99.935,nan,99.964,10015,10011352350.0,30633,100.005,5,100.0,4,nan,0,nan,0,nan,0,nan,0,nan,0,nan,0,nan,0,nan,0
1597988463081701888,1597988463430000128,2020-08-21 13:41:03.430000,100.0,100.03,99.885,99.935,nan,99.964,10017,10013352350.0,30632,100.005,5,100.0,2,nan,0,nan,0,nan,0,nan,0,nan,0,nan,0,nan,0,nan,0
1597988463581211904,1597988463935000064,2020-08-21 13:41:03.935000,100.0,100.03,99.885,99.935,nan,99.964,10018,10014352350.0,30632,100.005,10,100.0,1,nan,0,nan,0,nan,0,nan,0,nan,0,nan,0,nan,0,nan,0
1597988464101029120,1597988464432000000,2020-08-21 13:41:04.432000,100.0,100.03,99.885,99.935,nan,99.964,10019,10015352350.0,30632,100.005,10,99.995,7,nan,0,nan,0,nan,0,nan,0,nan,0,nan,0,nan,0,nan,0
1597988464572482048,1597988464926000128,2020-08-21 13:41:04.926000,100.0,100.03,99.885,99.935,nan,99.964,10019,10015352350.0,30632,100.005,10,100.0,3,nan,0,nan,0,nan,0,nan,0,nan,0,nan,0,nan,0,nan,0
1597988465089923072,1597988465426000128,2020-08-21 13:41:05.426000,100.0,100.03,99.885,99.935,nan,99.964,10019,10015352350.0,30632,100.005,10,100.0,3,nan,0,nan,0,nan,0,nan,0,nan,0,nan,0,nan,0,nan,0
1597988465581984000,1597988465921999872,2020-08-21 13:41:05.922000,100.0,100.03,99.885,99.935,nan,99.964,10019,10015352350.0,30632,100.005,10,100.0,4,nan,0,nan,0,nan,0,nan,0,nan,0,nan,0,nan,0,nan,0
1597988469582658048,1597988469934000128,2020-08-21 13:41:09.934000,100.0,100.03,99.885,99.935,nan,99.964,10019,10015352350.0,30632,100.005,10,100.0,4,nan,0,nan,0,nan,0,nan,0,nan,0,nan,0,nan,0,nan,0
1597988470081102080,1597988470438999808,2020-08-21 13:41:10.439000,100.0,100.03,99.885,99.935,nan,99.964,10023,10019352350.0,30634,100.005,10,100.0,2,nan,0,nan,0,nan,0,nan,0,nan,0,nan,0,nan,0,nan,0
1597988471594230016,1597988471927000064,2020-08-21 13:41:11.927000,100.0,100.03,99.885,99.935,nan,99.964,10023,10019352350.0,30634,100.005,10,100.0,3,nan,0,nan,0,nan,0,nan,0,nan,0,nan,0,nan,0,nan,0
1597988474686418944,1597988474933000192,2020-08-21 13:41:14.933000,100.0,100.03,99.885,99.935,nan,99.964,10024,10020352350.0,30633,100.005,10,100.0,2,nan,0,nan,0,nan,0,nan,0,nan,0,nan,0,nan,0,nan,0
1597988478595431936,1597988478927000064,2020-08-21 13:41:18.927000,100.0,100.03,99.885,99.935,nan,99.964,10026,10022352350.0,30634,100.0,3,99.995,7,nan,0,nan,0,nan,0,nan,0,nan,0,nan,0,nan,0,nan,0
1597988479095973888,1597988479433000192,2020-08-21 13:41:19.433000,100.0,100.03,99.885,99.935,nan,99.964,10031,10027352350.0,30635,100.0,2,99.995,7,nan,0,nan,0,nan,0,nan,0,nan,0,nan,0,nan,0,nan,0
1597988479593038080,1597988479936000000,2020-08-21 13:41:19.936000,100.0,100.03,99.885,99.935,nan,99.964,10033,10029352350.0,30633,100.0,2,99.995,7,nan,0,nan,0,nan,0,nan,0,nan,0,nan,0,nan,0,nan,0
1597988480084293120,1597988480416999936,2020-08-21 13:41:20.417000,100.0,100.03,99.885,99.935,nan,99.964,10035,10031352350.0,30633,100.005,8,99.995,8,nan,0,nan,0,nan,0,nan,0,nan,0,nan,0,nan,0,nan,0
1597988480589051904,1597988480903000064,2020-08-21 13:41:20.903000,100.0,100.03,99.885,99.935,nan,99.964,10035,10031352350.0,30633,100.005,8,99.995,8,nan,0,nan,0,nan,0,nan,0,nan,0,nan,0,nan,0,nan,0
1597988481084694016,1597988481438999808,2020-08-21 13:41:21.439000,100.0,100.03,99.885,99.935,nan,99.964,10035,10031352350.0,30633,100.005,8,99.995,8,nan,0,nan,0,nan,0,nan,0,nan,0,nan,0,nan,0,nan,0
1597988481584358912,1597988481937999872,2020-08-21 13:41:21.938000,100.0,100.03,99.885,99.935,nan,99.964,10035,10031352350.0,30633,100.0,1,99.995,8,nan,0,nan,0,nan,0,nan,0,nan,0,nan,0,nan,0,nan,0
1597988482074884096,1597988482430000128,2020-08-21 13:41:22.430000,100.0,100.03,99.885,99.935,nan,99.964,10035,10031352350.0,30633,100.0,1,99.995,8,nan,0,nan,0,nan,0,nan,0,nan,0,nan,0,nan,0,nan,0
1597988482601988096,1597988482936000000,2020-08-21 13:41:22.936000,100.0,100.03,99.885,99.935,nan,99.964,10035,10031352350.0,30633,100.0,1,99.995,8,nan,0,nan,0,nan,0,nan,0,nan,0,nan,0,nan,0,nan,0
1597988483580374016,1597988483932000000,2020-08-21 13:41:23.932000,100.0,100.03,99.885,99.935,nan,99.964,10035,10031352350.0,30633,100.0,2,99.995,8,nan,0,nan,0,nan,0,nan,0,nan,0,nan,0,nan,0,nan,0
1597988484086441984,1597988484434000128,2020-08-21 13:41:24.434000,100.0,100.03,99.885,99.935,nan,99.964,10035,10031352350.0,30633,100.0,2,99.995,8,nan,0,nan,0,nan,0,nan,0,nan,0,nan,0,nan,0,nan,0
1597988484581531904,1597988484915000064,2020-08-21 13:41:24.915000,100.0,100.03,99.885,99.935,nan,99.964,10035,10031352350.0,30633,100.0,2,99.995,5,nan,0,nan,0,nan,0,nan,0,nan,0,nan,0,nan,0,nan,0
1597988485080914944,1597988485431000064,2020-08-21 13:41:25.431000,100.0,100.03,99.885,99.935,nan,99.964,10035,10031352350.0,30633,100.0,2,99.995,5,nan,0,nan,0,nan,0,nan,0,nan,0,nan,0,nan,0,nan,0
1597988494601164032,1597988494912000000,2020-08-21 13:41:34.912000,100.0,100.03,99.885,99.935,nan,99.964,10035,10031352350.0,30633,100.0,2,99.995,5,nan,0,nan,0,nan,0,nan,0,nan,0,nan,0,nan,0,nan,0
1597988499088557056,1597988499424000000,2020-08-21 13:41:39.424000,100.0,100.03,99.885,99.935,nan,99.964,10035,10031352350.0,30633,100.0,2,99.995,5,nan,0,nan,0,nan,0,nan,0,nan,0,nan,0,nan,0,nan,0
1597988499588118016,1597988499934000128,2020-08-21 13:41:39.934000,100.0,100.03,99.885,99.935,nan,99.964,10035,10031352350.0,30633,100.0,2,99.995,4,nan,0,nan,0,nan,0,nan,0,nan,0,nan,0,nan,0,nan,0
1597988502602737920,1597988502908999936,2020-08-21 13:41:42.909000,99.995,100.03,99.885,99.935,nan,99.964,10039,10035352150.0,30633,99.995,16,99.99,15,nan,0,nan,0,nan,0,nan,0,nan,0,nan,0,nan,0,nan,0
1597988503099768064,1597988503397000192,2020-08-21 13:41:43.397000,99.99,100.03,99.885,99.935,nan,99.964,10040,10036352050.0,30632,99.995,17,99.99,9,nan,0,nan,0,nan,0,nan,0,nan,0,nan,0,nan,0,nan,0
1597988503618612992,1597988503921999872,2020-08-21 13:41:43.922000,99.99,100.03,99.885,99.935,nan,99.964,10040,10036352050.0,30632,99.995,19,99.99,8,nan,0,nan,0,nan,0,nan,0,nan,0,nan,0,nan,0,nan,0
1597988504101828096,1597988504430000128,2020-08-21 13:41:44.430000,99.99,100.03,99.885,99.935,nan,99.964,10040,10036352050.0,30632,99.995,19,99.99,8,nan,0,nan,0,nan,0,nan,0,nan,0,nan,0,nan,0,nan,0
1597988505097856000,1597988505408999936,2020-08-21 13:41:45.409000,99.99,100.03,99.885,99.935,nan,99.964,10040,10036352050.0,30632,99.995,19,99.99,8,nan,0,nan,0,nan,0,nan,0,nan,0,nan,0,nan,0,nan,0
1597988505590459904,1597988505936999936,2020-08-21 13:41:45.937000,99.99,100.03,99.885,99.935,nan,99.964,10040,10036352050.0,30632,99.995,19,99.99,8,nan,0,nan,0,nan,0,nan,0,nan,0,nan,0,nan,0,nan,0
1597988506112007936,1597988506427000064,2020-08-21 13:41:46.427000,99.99,100.03,99.885,99.935,nan,99.964,10043,10039351750.0,30632,99.995,19,99.99,5,nan,0,nan,0,nan,0,nan,0,nan,0,nan,0,nan,0,nan,0
1597988506597391872,1597988506926000128,2020-08-21 13:41:46.926000,99.99,100.03,99.885,99.935,nan,99.964,10044,10040351650.0,30633,99.995,19,99.99,3,nan,0,nan,0,nan,0,nan,0,nan,0,nan,0,nan,0,nan,0
1597988513596556032,1597988513936000000,2020-08-21 13:41:53.936000,99.99,100.03,99.885,99.935,nan,99.964,10044,10040351650.0,30633,99.995,19,99.99,3,nan,0,nan,0,nan,0,nan,0,nan,0,nan,0,nan,0,nan,0
1597988515104609024,1597988515438999808,2020-08-21 13:41:55.439000,99.99,100.03,99.885,99.935,nan,99.964,10045,10041351550.0,30633,99.995,19,99.99,2,nan,0,nan,0,nan,0,nan,0,nan,0,nan,0,nan,0,nan,0
1597988518097704960,1597988518431000064,2020-08-21 13:41:58.431000,99.99,100.03,99.885,99.935,nan,99.964,10047,10043351350.0,30634,99.99,8,99.985,8,nan,0,nan,0,nan,0,nan,0,nan,0,nan,0,nan,0,nan,0
1597988518595104000,1597988518930000128,2020-08-21 13:41:58.930000,99.99,100.03,99.885,99.935,nan,99.964,10055,10051350550.0,30634,99.99,1,99.985,8,nan,0,nan,0,nan,0,nan,0,nan,0,nan,0,nan,0,nan,0
1597988519117466880,1597988519436000000,2020-08-21 13:41:59.436000,99.99,100.03,99.885,99.935,nan,99.964,10058,10054350250.0,30634,99.995,17,99.985,8,nan,0,nan,0,nan,0,nan,0,nan,0,nan,0,nan,0,nan,0
1597988519596378112,1597988519936999936,2020-08-21 13:41:59.937000,99.99,100.03,99.885,99.935,nan,99.964,10058,10054350250.0,30634,99.995,17,99.985,9,nan,0,nan,0,nan,0,nan,0,nan,0,nan,0,nan,0,nan,0
1597988520098835968,1597988520426000128,2020-08-21 13:42:00.426000,99.99,100.03,99.885,99.935,nan,99.964,10058,10054350250.0,30634,99.995,17,99.985,9,nan,0,nan,0,nan,0,nan,0,nan,0,nan,0,nan,0,nan,0
1597988520592104960,1597988520937999872,2020-08-21 13:42:00.938000,99.99,100.03,99.885,99.935,nan,99.964,10058,10054350250.0,30634,99.995,17,99.99,1,nan,0,nan,0,nan,0,nan,0,nan,0,nan,0,nan,0,nan,0
1597988521097364992,1597988521368000000,2020-08-21 13:42:01.368000,99.99,100.03,99.885,99.935,nan,99.964,10059,10055350150.0,30634,99.995,17,99.99,1,nan,0,nan,0,nan,0,nan,0,nan,0,nan,0,nan,0,nan,0
1597988521594045952,1597988521926000128,2020-08-21 13:42:01.926000,99.99,100.03,99.885,99.935,nan,99.964,10059,10055350150.0,30634,99.995,17,99.99,2,nan,0,nan,0,nan,0,nan,0,nan,0,nan,0,nan,0,nan,0
1597988522095680000,1597988522437999872,2020-08-21 13:42:02.438000,99.99,100.03,99.885,99.935,nan,99.964,10063,10059349750.0,30634,99.99,6,99.985,8,nan,0,nan,0,nan,0,nan,0,nan,0,nan,0,nan,0,nan,0
1597988522660369920,1597988522936000000,2020-08-21 13:42:02.936000,99.985,100.03,99.885,99.935,nan,99.964,10064,10060349600.0,30634,99.99,6,99.985,7,nan,0,nan,0,nan,0,nan,0,nan,0,nan,0,nan,0,nan,0
1597988523099741952,1597988523433000192,2020-08-21 13:42:03.433000,99.985,100.03,99.885,99.935,nan,99.964,10064,10060349600.0,30634,99.99,7,99.985,9,nan,0,nan,0,nan,0,nan,0,nan,0,nan,0,nan,0,nan,0
1597988523601880064,1597988523927000064,2020-08-21 13:42:03.927000,99.985,100.03,99.885,99.935,nan,99.964,10064,10060349600.0,30634,99.99,8,99.985,8,nan,0,nan,0,nan,0,nan,0,nan,0,nan,0,nan,0,nan,0
1597988524115588096,1597988524427000064,2020-08-21 13:42:04.427000,99.985,100.03,99.885,99.935,nan,99.964,10064,10060349600.0,30634,99.99,8,99.985,8,nan,0,nan,0,nan,0,nan,0,nan,0,nan,0,nan,0,nan,0
1597988524616143872,1597988524913000192,2020-08-21 13:42:04.913000,99.985,100.03,99.885,99.935,nan,99.964,10064,10060349600.0,30634,99.99,8,99.985,8,nan,0,nan,0,nan,0,nan,0,nan,0,nan,0,nan,0,nan,0
1597988529608307968,1597988529934000128,2020-08-21 13:42:09.934000,99.99,100.03,99.885,99.935,nan,99.964,10066,10062349400.0,30634,99.99,6,99.985,8,nan,0,nan,0,nan,0,nan,0,nan,0,nan,0,nan,0,nan,0
1597988530101244928,1597988530427000064,2020-08-21 13:42:10.427000,99.99,100.03,99.885,99.935,nan,99.964,10072,10068348800.0,30639,99.995,19,99.985,8,nan,0,nan,0,nan,0,nan,0,nan,0,nan,0,nan,0,nan,0
1597988530615176960,1597988530936999936,2020-08-21 13:42:10.937000,99.99,100.03,99.885,99.935,nan,99.964,10072,10068348800.0,30639,99.995,19,99.985,12,nan,0,nan,0,nan,0,nan,0,nan,0,nan,0,nan,0,nan,0
1597988531131537920,1597988531428999936,2020-08-21 13:42:11.429000,99.99,100.03,99.885,99.935,nan,99.964,10072,10068348800.0,30639,99.995,19,99.985,12,nan,0,nan,0,nan,0,nan,0,nan,0,nan,0,nan,0,nan,0
1597988531627725056,1597988531934000128,2020-08-21 13:42:11.934000,99.99,100.03,99.885,99.935,nan,99.964,10072,10068348800.0,30639,99.995,18,99.985,12,nan,0,nan,0,nan,0,nan,0,nan,0,nan,0,nan,0,nan,0
1597988532112698112,1597988532436000000,2020-08-21 13:42:12.436000,99.99,100.03,99.885,99.935,nan,99.964,10072,10068348800.0,30639,99.995,18,99.985,12,nan,0,nan,0,nan,0,nan,0,nan,0,nan,0,nan,0,nan,0
1597988532617628928,1597988532935000064,2020-08-21 13:42:12.935000,99.99,100.03,99.885,99.935,nan,99.964,10072,10068348800.0,30639,99.995,18,99.985,12,nan,0,nan,0,nan,0,nan,0,nan,0,nan,0,nan,0,nan,0
1597988536120212992,1597988536403000064,2020-08-21 13:42:16.403000,99.99,100.03,99.885,99.935,nan,99.964,10072,10068348800.0,30639,99.995,18,99.985,12,nan,0,nan,0,nan,0,nan,0,nan,0,nan,0,nan,0,nan,0
1597988536643535104,1597988536931000064,2020-08-21 13:42:16.931000,99.99,100.03,99.885,99.935,nan,99.964,10072,10068348800.0,30639,99.995,18,99.985,12,nan,0,nan,0,nan,0,nan,0,nan,0,nan,0,nan,0,nan,0
1597988537157697024,1597988537436999936,2020-08-21 13:42:17.437000,99.99,100.03,99.885,99.935,nan,99.964,10072,10068348800.0,30639,99.995,18,99.985,12,nan,0,nan,0,nan,0,nan,0,nan,0,nan,0,nan,0,nan,0
1597988539154650880,1597988539407000064,2020-08-21 13:42:19.407000,99.99,100.03,99.885,99.935,nan,99.964,10072,10068348800.0,30639,99.99,10,99.985,12,nan,0,nan,0,nan,0,nan,0,nan,0,nan,0,nan,0,nan,0
1597988539629507072,1597988539931000064,2020-08-21 13:42:19.931000,99.99,100.03,99.885,99.935,nan,99.964,10072,10068348800.0,30639,99.99,11,99.985,12,nan,0,nan,0,nan,0,nan,0,nan,0,nan,0,nan,0,nan,0
1597988540147454976,1597988540433000192,2020-08-21 13:42:20.433000,99.99,100.03,99.885,99.935,nan,99.964,10072,10068348800.0,30639,99.99,11,99.985,12,nan,0,nan,0,nan,0,nan,0,nan,0,nan,0,nan,0,nan,0
1597988548112869120,1597988548418999808,2020-08-21 13:42:28.419000,99.99,100.03,99.885,99.935,nan,99.964,10083,10079347700.0,30650,99.995,19,99.985,12,nan,0,nan,0,nan,0,nan,0,nan,0,nan,0,nan,0,nan,0
1597988548693692928,1597988548936999936,2020-08-21 13:42:28.937000,99.99,100.03,99.885,99.935,nan,99.964,10083,10079347700.0,30650,99.995,19,99.985,12,nan,0,nan,0,nan,0,nan,0,nan,0,nan,0,nan,0,nan,0
1597988549123919872,1597988549428999936,2020-08-21 13:42:29.429000,99.99,100.03,99.885,99.935,nan,99.964,10083,10079347700.0,30650,99.995,19,99.985,12,nan,0,nan,0,nan,0,nan,0,nan,0,nan,0,nan,0,nan,0
1597988549652545024,1597988549914000128,2020-08-21 13:42:29.914000,99.99,100.03,99.885,99.935,nan,99.964,10083,10079347700.0,30650,99.995,18,99.985,22,nan,0,nan,0,nan,0,nan,0,nan,0,nan,0,nan,0,nan,0
1597988550127442944,1597988550432000000,2020-08-21 13:42:30.432000,99.99,100.03,99.885,99.935,nan,99.964,10083,10079347700.0,30650,99.995,18,99.985,22,nan,0,nan,0,nan,0,nan,0,nan,0,nan,0,nan,0,nan,0
1597988550670067968,1597988550926000128,2020-08-21 13:42:30.926000,99.99,100.03,99.885,99.935,nan,99.964,10083,10079347700.0,30650,99.995,18,99.985,22,nan,0,nan,0,nan,0,nan,0,nan,0,nan,0,nan,0,nan,0
1597988551136401920,1597988551437999872,2020-08-21 13:42:31.438000,99.99,100.03,99.885,99.935,nan,99.964,10083,10079347700.0,30650,99.995,20,99.985,22,nan,0,nan,0,nan,0,nan,0,nan,0,nan,0,nan,0,nan,0
1597988551641883904,1597988551920999936,2020-08-21 13:42:31.921000,99.99,100.03,99.885,99.935,nan,99.964,10083,10079347700.0,30650,99.995,20,99.985,22,nan,0,nan,0,nan,0,nan,0,nan,0,nan,0,nan,0,nan,0
1597988561648787968,1597988562196000000,2020-08-21 13:42:42.196000,99.99,100.03,99.885,99.935,nan,99.964,10083,10079347700.0,30650,99.995,20,99.985,22,nan,0,nan,0,nan,0,nan,0,nan,0,nan,0,nan,0,nan,0
1597988564642276096,1597988565084999936,2020-08-21 13:42:45.085000,99.99,100.03,99.885,99.935,nan,99.964,10083,10079347700.0,30650,99.995,20,99.985,22,nan,0,nan,0,nan,0,nan,0,nan,0,nan,0,nan,0,nan,0
1597988565150628096,1597988565430000128,2020-08-21 13:42:45.430000,99.995,100.03,99.885,99.935,nan,99.964,10084,10080347650.0,30650,99.995,19,99.985,22,nan,0,nan,0,nan,0,nan,0,nan,0,nan,0,nan,0,nan,0
1597988565652606976,1597988566187000064,2020-08-21 13:42:46.187000,99.995,100.03,99.885,99.935,nan,99.964,10084,10080347650.0,30650,99.995,19,99.99,1,nan,0,nan,0,nan,0,nan,0,nan,0,nan,0,nan,0,nan,0
1597988566150614016,1597988566661999872,2020-08-21 13:42:46.662000,99.995,100.03,99.885,99.935,nan,99.964,10084,10080347650.0,30650,99.995,19,99.99,4,nan,0,nan,0,nan,0,nan,0,nan,0,nan,0,nan,0,nan,0
1597988566642852096,1597988566917999872,2020-08-21 13:42:46.918000,99.995,100.03,99.885,99.935,nan,99.964,10085,10081347600.0,30651,99.995,18,99.99,6,nan,0,nan,0,nan,0,nan,0,nan,0,nan,0,nan,0,nan,0
1597988567642493952,1597988567912000000,2020-08-21 13:42:47.912000,99.995,100.03,99.885,99.935,nan,99.964,10085,10081347600.0,30651,99.995,18,99.99,7,nan,0,nan,0,nan,0,nan,0,nan,0,nan,0,nan,0,nan,0
1597988568135028992,1597988568436999936,2020-08-21 13:42:48.437000,99.995,100.03,99.885,99.935,nan,99.964,10085,10081347600.0,30651,99.995,18,99.99,7,nan,0,nan,0,nan,0,nan,0,nan,0,nan,0,nan,0,nan,0
1597988569652027904,1597988570246000128,2020-08-21 13:42:50.246000,99.995,100.03,99.885,99.935,nan,99.964,10085,10081347600.0,30651,99.995,18,99.99,7,nan,0,nan,0,nan,0,nan,0,nan,0,nan,0,nan,0,nan,0
1597988570646849024,1597988571240000000,2020-08-21 13:42:51.240000,99.995,100.03,99.885,99.935,nan,99.964,10103,10099346700.0,30667,100.0,6,99.99,7,nan,0,nan,0,nan,0,nan,0,nan,0,nan,0,nan,0,nan,0
1597988571159218944,1597988571743000064,2020-08-21 13:42:51.743000,99.995,100.03,99.885,99.935,nan,99.964,10103,10099346700.0,30667,100.0,5,99.995,2,nan,0,nan,0,nan,0,nan,0,nan,0,nan,0,nan,0,nan,0
1597988571648432896,1597988572233999872,2020-08-21 13:42:52.234000,99.995,100.03,99.885,99.935,nan,99.964,10103,10099346700.0,30667,100.0,4,99.995,4,nan,0,nan,0,nan,0,nan,0,nan,0,nan,0,nan,0,nan,0
1597988572164612096,1597988572732999936,2020-08-21 13:42:52.733000,99.995,100.03,99.885,99.935,nan,99.964,10103,10099346700.0,30667,100.0,2,99.995,4,nan,0,nan,0,nan,0,nan,0,nan,0,nan,0,nan,0,nan,0
1597988572646708992,1597988573089999872,2020-08-21 13:42:53.090000,99.995,100.03,99.885,99.935,nan,99.964,10103,10099346700.0,30667,100.0,2,99.995,6,nan,0,nan,0,nan,0,nan,0,nan,0,nan,0,nan,0,nan,0
1597988573165748992,1597988573730000128,2020-08-21 13:42:53.730000,100.0,100.03,99.885,99.935,nan,99.964,10105,10101346700.0,30666,100.005,10,99.995,6,nan,0,nan,0,nan,0,nan,0,nan,0,nan,0,nan,0,nan,0
1597988573655371008,1597988574236000000,2020-08-21 13:42:54.236000,100.0,100.03,99.885,99.935,nan,99.964,10105,10101346700.0,30666,100.005,9,99.995,6,nan,0,nan,0,nan,0,nan,0,nan,0,nan,0,nan,0,nan,0
1597988574158760960,1597988574424999936,2020-08-21 13:42:54.425000,100.005,100.03,99.885,99.935,nan,99.964,10106,10102346750.0,30666,100.005,8,100.0,1,nan,0,nan,0,nan,0,nan,0,nan,0,nan,0,nan,0,nan,0
1597988574630245120,1597988574927000064,2020-08-21 13:42:54.927000,100.0,100.03,99.885,99.935,nan,99.964,10107,10103346750.0,30665,100.005,8,100.0,1,nan,0,nan,0,nan,0,nan,0,nan,0,nan,0,nan,0,nan,0
1597988575133287936,1597988575414000128,2020-08-21 13:42:55.414000,100.0,100.03,99.885,99.935,nan,99.964,10110,10106346750.0,30665,100.005,7,99.995,3,nan,0,nan,0,nan,0,nan,0,nan,0,nan,0,nan,0,nan,0
1597988575660148992,1597988576072999936,2020-08-21 13:42:56.073000,100.0,100.03,99.885,99.935,nan,99.964,10110,10106346750.0,30665,100.005,7,99.995,3,nan,0,nan,0,nan,0,nan,0,nan,0,nan,0,nan,0,nan,0
1597988576154273024,1597988576433000192,2020-08-21 13:42:56.433000,100.0,100.03,99.885,99.935,nan,99.964,10110,10106346750.0,30665,100.005,8,99.995,4,nan,0,nan,0,nan,0,nan,0,nan,0,nan,0,nan,0,nan,0
1597988580147969024,1597988580746000128,2020-08-21 13:43:00.746000,100.0,100.03,99.885,99.935,nan,99.964,10110,10106346750.0,30665,100.0,3,99.995,4,nan,0,nan,0,nan,0,nan,0,nan,0,nan,0,nan,0,nan,0
1597988580654566912,1597988581228000000,2020-08-21 13:43:01.228000,99.995,100.03,99.885,99.935,nan,99.964,10114,10110346550.0,30661,100.0,6,99.99,17,nan,0,nan,0,nan,0,nan,0,nan,0,nan,0,nan,0,nan,0
1597988581152093952,1597988581737999872,2020-08-21 13:43:01.738000,99.995,100.03,99.885,99.935,nan,99.964,10114,10110346550.0,30661,100.0,6,99.995,3,nan,0,nan,0,nan,0,nan,0,nan,0,nan,0,nan,0,nan,0
1597988581661457920,1597988582232999936,2020-08-21 13:43:02.233000,99.995,100.03,99.885,99.935,nan,99.964,10117,10113346400.0,30660,100.0,9,99.995,2,nan,0,nan,0,nan,0,nan,0,nan,0,nan,0,nan,0,nan,0
1597988582175595008,1597988582740999936,2020-08-21 13:43:02.741000,99.995,100.03,99.885,99.935,nan,99.964,10119,10115346300.0,30658,100.0,9,99.99,18,nan,0,nan,0,nan,0,nan,0,nan,0,nan,0,nan,0,nan,0
1597988582671681024,1597988583233999872,2020-08-21 13:43:03.234000,99.99,100.03,99.885,99.935,nan,99.964,10120,10116346200.0,30659,100.0,10,99.99,19,nan,0,nan,0,nan,0,nan,0,nan,0,nan,0,nan,0,nan,0
1597988583168220928,1597988583737999872,2020-08-21 13:43:03.738000,99.99,100.03,99.885,99.935,nan,99.964,10120,10116346200.0,30659,99.995,1,99.99,19,nan,0,nan,0,nan,0,nan,0,nan,0,nan,0,nan,0,nan,0
1597988583662838016,1597988584232999936,2020-08-21 13:43:04.233000,99.995,100.03,99.885,99.935,nan,99.964,10121,10117346150.0,30658,99.995,1,99.99,18,nan,0,nan,0,nan,0,nan,0,nan,0,nan,0,nan,0,nan,0
1597988584161302016,1597988584739000064,2020-08-21 13:43:04.739000,99.995,100.03,99.885,99.935,nan,99.964,10122,10118346100.0,30658,100.0,10,99.99,18,nan,0,nan,0,nan,0,nan,0,nan,0,nan,0,nan,0,nan,0
1597988584660313088,1597988585226000128,2020-08-21 13:43:05.226000,99.995,100.03,99.885,99.935,nan,99.964,10122,10118346100.0,30658,100.0,10,99.995,1,nan,0,nan,0,nan,0,nan,0,nan,0,nan,0,nan,0,nan,0
1597988585157564928,1597988585732999936,2020-08-21 13:43:05.733000,99.995,100.03,99.885,99.935,nan,99.964,10122,10118346100.0,30658,100.0,10,99.995,1,nan,0,nan,0,nan,0,nan,0,nan,0,nan,0,nan,0,nan,0
1597988585661057024,1597988586244000000,2020-08-21 13:43:06.244000,99.995,100.03,99.885,99.935,nan,99.964,10122,10118346100.0,30658,100.0,9,99.995,3,nan,0,nan,0,nan,0,nan,0,nan,0,nan,0,nan,0,nan,0
1597988586165338880,1597988586712000000,2020-08-21 13:43:06.712000,99.995,100.03,99.885,99.935,nan,99.964,10122,10118346100.0,30658,100.0,9,99.995,3,nan,0,nan,0,nan,0,nan,0,nan,0,nan,0,nan,0,nan,0
1597988586641676032,1597988586936000000,2020-08-21 13:43:06.936000,99.995,100.03,99.885,99.935,nan,99.964,10123,10119346050.0,30657,100.0,9,99.995,2,nan,0,nan,0,nan,0,nan,0,nan,0,nan,0,nan,0,nan,0
1597988588694456064,1597988589188999936,2020-08-21 13:43:09.189000,99.995,100.03,99.885,99.935,nan,99.964,10123,10119346050.0,30657,100.0,9,99.995,2,nan,0,nan,0,nan,0,nan,0,nan,0,nan,0,nan,0,nan,0
1597988589158187008,1597988589579000064,2020-08-21 13:43:09.579000,99.995,100.03,99.885,99.935,nan,99.964,10125,10121345950.0,30658,100.0,10,99.995,1,nan,0,nan,0,nan,0,nan,0,nan,0,nan,0,nan,0,nan,0
1597988589631212032,1597988589932000000,2020-08-21 13:43:09.932000,99.995,100.03,99.885,99.935,nan,99.964,10126,10122345900.0,30658,100.0,11,99.995,2,nan,0,nan,0,nan,0,nan,0,nan,0,nan,0,nan,0,nan,0
1597988590150213888,1597988590431000064,2020-08-21 13:43:10.431000,99.995,100.03,99.885,99.935,nan,99.964,10127,10123345850.0,30657,100.0,11,99.995,1,nan,0,nan,0,nan,0,nan,0,nan,0,nan,0,nan,0,nan,0
1597988591650340096,1597988592196999936,2020-08-21 13:43:12.197000,99.995,100.03,99.885,99.935,nan,99.964,10127,10123345850.0,30657,100.0,11,99.995,2,nan,0,nan,0,nan,0,nan,0,nan,0,nan,0,nan,0,nan,0
1597988594648474112,1597988595075000064,2020-08-21 13:43:15.075000,99.995,100.03,99.885,99.935,nan,99.964,10127,10123345850.0,30657,100.0,11,99.995,2,nan,0,nan,0,nan,0,nan,0,nan,0,nan,0,nan,0,nan,0
1597988597171353088,1597988597736999936,2020-08-21 13:43:17.737000,99.995,100.03,99.885,99.935,nan,99.964,10128,10124345800.0,30657,100.0,12,99.995,1,nan,0,nan,0,nan,0,nan,0,nan,0,nan,0,nan,0,nan,0
1597988598046223104,1597988598423000064,2020-08-21 13:43:18.423000,99.995,100.03,99.885,99.935,nan,99.964,10129,10125345750.0,30657,100.0,12,99.99,19,nan,0,nan,0,nan,0,nan,0,nan,0,nan,0,nan,0,nan,0
1597988598545145088,1597988598928000000,2020-08-21 13:43:18.928000,99.995,100.03,99.885,99.935,nan,99.964,10129,10125345750.0,30657,100.0,12,99.99,19,nan,0,nan,0,nan,0,nan,0,nan,0,nan,0,nan,0,nan,0
1597988599055200000,1597988599436000000,2020-08-21 13:43:19.436000,99.995,100.03,99.885,99.935,nan,99.964,10129,10125345750.0,30657,100.0,13,99.99,19,nan,0,nan,0,nan,0,nan,0,nan,0,nan,0,nan,0,nan,0
1597988599553379072,1597988599933000192,2020-08-21 13:43:19.933000,99.995,100.03,99.885,99.935,nan,99.964,10129,10125345750.0,30657,100.0,13,99.99,18,nan,0,nan,0,nan,0,nan,0,nan,0,nan,0,nan,0,nan,0
1597988600044334080,1597988600435000064,2020-08-21 13:43:20.435000,99.995,100.03,99.885,99.935,nan,99.964,10129,10125345750.0,30657,100.0,13,99.99,18,nan,0,nan,0,nan,0,nan,0,nan,0,nan,0,nan,0,nan,0
1597988600545291008,1597988600936999936,2020-08-21 13:43:20.937000,99.995,100.03,99.885,99.935,nan,99.964,10129,10125345750.0,30657,100.0,13,99.99,18,nan,0,nan,0,nan,0,nan,0,nan,0,nan,0,nan,0,nan,0
1597988601046964992,1597988601432000000,2020-08-21 13:43:21.432000,99.995,100.03,99.885,99.935,nan,99.964,10129,10125345750.0,30657,100.0,13,99.99,18,nan,0,nan,0,nan,0,nan,0,nan,0,nan,0,nan,0,nan,0
1597988602553513984,1597988602934000128,2020-08-21 13:43:22.934000,99.995,100.03,99.885,99.935,nan,99.964,10129,10125345750.0,30657,100.0,13,99.99,18,nan,0,nan,0,nan,0,nan,0,nan,0,nan,0,nan,0,nan,0
1597988603054706944,1597988603435000064,2020-08-21 13:43:23.435000,99.995,100.03,99.885,99.935,nan,99.964,10129,10125345750.0,30657,100.0,13,99.99,19,nan,0,nan,0,nan,0,nan,0,nan,0,nan,0,nan,0,nan,0
1597988608550514944,1597988608931000064,2020-08-21 13:43:28.931000,99.995,100.03,99.885,99.935,nan,99.964,10129,10125345750.0,30657,99.995,1,99.99,19,nan,0,nan,0,nan,0,nan,0,nan,0,nan,0,nan,0,nan,0
1597988609045176064,1597988609418999808,2020-08-21 13:43:29.419000,99.995,100.03,99.885,99.935,nan,99.964,10129,10125345750.0,30657,99.995,4,99.99,19,nan,0,nan,0,nan,0,nan,0,nan,0,nan,0,nan,0,nan,0
1597988609542491904,1597988609928999936,2020-08-21 13:43:29.929000,99.995,100.03,99.885,99.935,nan,99.964,10129,10125345750.0,30657,99.995,5,99.99,19,nan,0,nan,0,nan,0,nan,0,nan,0,nan,0,nan,0,nan,0
1597988610037104128,1597988610436999936,2020-08-21 13:43:30.437000,99.995,100.03,99.885,99.935,nan,99.964,10129,10125345750.0,30657,99.995,5,99.99,19,nan,0,nan,0,nan,0,nan,0,nan,0,nan,0,nan,0,nan,0
1597988614567924992,1597988614844000000,2020-08-21 13:43:34.844000,99.995,100.03,99.885,99.935,nan,99.964,10129,10125345750.0,30657,99.995,15,99.99,19,nan,0,nan,0,nan,0,nan,0,nan,0,nan,0,nan,0,nan,0
1597988615056772096,1597988615423000064,2020-08-21 13:43:35.423000,99.99,100.03,99.885,99.935,nan,99.964,10146,10142344050.0,30668,99.995,15,99.985,19,nan,0,nan,0,nan,0,nan,0,nan,0,nan,0,nan,0,nan,0
1597988615558641920,1597988616000000000,2020-08-21 13:43:36.000000,99.99,100.03,99.885,99.935,nan,99.964,10146,10142344050.0,30668,99.99,2,99.985,18,nan,0,nan,0,nan,0,nan,0,nan,0,nan,0,nan,0,nan,0
1597988616079503872,1597988616423000064,2020-08-21 13:43:36.423000,99.99,100.03,99.885,99.935,nan,99.964,10146,10142344050.0,30668,99.99,2,99.985,18,nan,0,nan,0,nan,0,nan,0,nan,0,nan,0,nan,0,nan,0
1597988616564071936,1597988617000000000,2020-08-21 13:43:37.000000,99.99,100.03,99.885,99.935,nan,99.964,10146,10142344050.0,30668,99.99,3,99.985,16,nan,0,nan,0,nan,0,nan,0,nan,0,nan,0,nan,0,nan,0
1597988617100049920,1597988617436999936,2020-08-21 13:43:37.437000,99.99,100.03,99.885,99.935,nan,99.964,10146,10142344050.0,30668,99.99,4,99.985,16,nan,0,nan,0,nan,0,nan,0,nan,0,nan,0,nan,0,nan,0
1597988617587066112,1597988617926000128,2020-08-21 13:43:37.926000,99.99,100.03,99.885,99.935,nan,99.964,10146,10142344050.0,30668,99.99,5,99.985,16,nan,0,nan,0,nan,0,nan,0,nan,0,nan,0,nan,0,nan,0
1597988618095089920,1597988618381999872,2020-08-21 13:43:38.382000,99.99,100.03,99.885,99.935,nan,99.964,10146,10142344050.0,30668,99.99,5,99.985,16,nan,0,nan,0,nan,0,nan,0,nan,0,nan,0,nan,0,nan,0
1597988618555642880,1597988618912000000,2020-08-21 13:43:38.912000,99.99,100.03,99.885,99.935,nan,99.964,10146,10142344050.0,30668,99.99,5,99.985,16,nan,0,nan,0,nan,0,nan,0,nan,0,nan,0,nan,0,nan,0
1597988619056137984,1597988619435000064,2020-08-21 13:43:39.435000,99.99,100.03,99.885,99.935,nan,99.964,10146,10142344050.0,30668,99.99,6,99.985,16,nan,0,nan,0,nan,0,nan,0,nan,0,nan,0,nan,0,nan,0
1597988619972515072,1597988619932000000,2020-08-21 13:43:39.932000,99.99,100.03,99.885,99.935,nan,99.964,10146,10142344050.0,30668,99.99,9,99.985,16,nan,0,nan,0,nan,0,nan,0,nan,0,nan,0,nan,0,nan,0
1597988620060015104,1597988620438999808,2020-08-21 13:43:40.439000,99.99,100.03,99.885,99.935,nan,99.964,10146,10142344050.0,30668,99.99,9,99.985,16,nan,0,nan,0,nan,0,nan,0,nan,0,nan,0,nan,0,nan,0
1597988623548745984,1597988624000000000,2020-08-21 13:43:44.000000,99.99,100.03,99.885,99.935,nan,99.964,10155,10151343150.0,30661,99.99,1,99.985,17,nan,0,nan,0,nan,0,nan,0,nan,0,nan,0,nan,0,nan,0
1597988624053905920,1597988624427000064,2020-08-21 13:43:44.427000,99.99,100.03,99.885,99.935,nan,99.964,10157,10153342950.0,30661,99.995,14,99.99,3,nan,0,nan,0,nan,0,nan,0,nan,0,nan,0,nan,0,nan,0
1597988624555161088,1597988625000000000,2020-08-21 13:43:45.000000,99.99,100.03,99.885,99.935,nan,99.964,10160,10156342650.0,30659,99.995,14,99.99,2,nan,0,nan,0,nan,0,nan,0,nan,0,nan,0,nan,0,nan,0
1597988625054106112,1597988625427000064,2020-08-21 13:43:45.427000,99.99,100.03,99.885,99.935,nan,99.964,10163,10159342350.0,30659,99.995,15,99.985,17,nan,0,nan,0,nan,0,nan,0,nan,0,nan,0,nan,0,nan,0
1597988625564289024,1597988626000000000,2020-08-21 13:43:46.000000,99.99,100.03,99.885,99.935,nan,99.964,10163,10159342350.0,30659,99.995,14,99.985,17,nan,0,nan,0,nan,0,nan,0,nan,0,nan,0,nan,0,nan,0
1597988626055864064,1597988626420999936,2020-08-21 13:43:46.421000,99.99,100.03,99.885,99.935,nan,99.964,10163,10159342350.0,30659,99.995,14,99.985,17,nan,0,nan,0,nan,0,nan,0,nan,0,nan,0,nan,0,nan,0
1597988626563757056,1597988627000000000,2020-08-21 13:43:47.000000,99.99,100.03,99.885,99.935,nan,99.964,10163,10159342350.0,30659,99.995,14,99.985,17,nan,0,nan,0,nan,0,nan,0,nan,0,nan,0,nan,0,nan,0
1597988627048343040,1597988627378000128,2020-08-21 13:43:47.378000,99.99,100.03,99.885,99.935,nan,99.964,10163,10159342350.0,30659,99.995,12,99.985,17,nan,0,nan,0,nan,0,nan,0,nan,0,nan,0,nan,0,nan,0
1597988629054156032,1597988629436999936,2020-08-21 13:43:49.437000,99.985,100.03,99.885,99.935,nan,99.964,10173,10169340850.0,30655,99.99,2,99.985,7,nan,0,nan,0,nan,0,nan,0,nan,0,nan,0,nan,0,nan,0
1597988629556786944,1597988630000000000,2020-08-21 13:43:50.000000,99.985,100.03,99.885,99.935,nan,99.964,10173,10169340850.0,30655,99.99,4,99.985,8,nan,0,nan,0,nan,0,nan,0,nan,0,nan,0,nan,0,nan,0
1597988630059620096,1597988630428000000,2020-08-21 13:43:50.428000,99.985,100.03,99.885,99.935,nan,99.964,10173,10169340850.0,30655,99.99,4,99.985,7,nan,0,nan,0,nan,0,nan,0,nan,0,nan,0,nan,0,nan,0
1597988631048800000,1597988631376000000,2020-08-21 13:43:51.376000,99.99,100.03,99.885,99.935,nan,99.964,10174,10170340750.0,30654,99.99,3,99.985,8,nan,0,nan,0,nan,0,nan,0,nan,0,nan,0,nan,0,nan,0
1597988631547731968,1597988632000000000,2020-08-21 13:43:52.000000,99.99,100.03,99.885,99.935,nan,99.964,10174,10170340750.0,30654,99.99,2,99.985,8,nan,0,nan,0,nan,0,nan,0,nan,0,nan,0,nan,0,nan,0
1597988632049256960,1597988632417999872,2020-08-21 13:43:52.418000,99.99,100.03,99.885,99.935,nan,99.964,10174,10170340750.0,30654,99.99,2,99.985,8,nan,0,nan,0,nan,0,nan,0,nan,0,nan,0,nan,0,nan,0
1597988636559529984,1597988637000000000,2020-08-21 13:43:57.000000,99.99,100.03,99.885,99.935,nan,99.964,10174,10170340750.0,30654,99.99,2,99.985,8,nan,0,nan,0,nan,0,nan,0,nan,0,nan,0,nan,0,nan,0
1597988637056990976,1597988637401999872,2020-08-21 13:43:57.402000,99.99,100.03,99.885,99.935,nan,99.964,10174,10170340750.0,30654,99.99,2,99.985,7,nan,0,nan,0,nan,0,nan,0,nan,0,nan,0,nan,0,nan,0
1597988637562810112,1597988638000000000,2020-08-21 13:43:58.000000,99.99,100.03,99.885,99.935,nan,99.964,10174,10170340750.0,30654,99.99,2,99.985,8,nan,0,nan,0,nan,0,nan,0,nan,0,nan,0,nan,0,nan,0
1597988639551369984,1597988640000000000,2020-08-21 13:44:00.000000,99.99,100.03,99.885,99.935,nan,99.964,10174,10170340750.0,30654,99.99,2,99.985,3,nan,0,nan,0,nan,0,nan,0,nan,0,nan,0,nan,0,nan,0
1597988643054550016,1597988643428000000,2020-08-21 13:44:03.428000,99.985,100.03,99.885,99.935,nan,99.964,10175,10171340600.0,30654,99.99,2,99.985,2,nan,0,nan,0,nan,0,nan,0,nan,0,nan,0,nan,0,nan,0
1597988643548075008,1597988644000000000,2020-08-21 13:44:04.000000,99.985,100.03,99.885,99.935,nan,99.964,10175,10171340600.0,30654,99.99,2,99.985,1,nan,0,nan,0,nan,0,nan,0,nan,0,nan,0,nan,0,nan,0
1597988644051490048,1597988644421999872,2020-08-21 13:44:04.422000,99.985,100.03,99.885,99.935,nan,99.964,10175,10171340600.0,30654,99.99,3,99.985,1,nan,0,nan,0,nan,0,nan,0,nan,0,nan,0,nan,0,nan,0
1597988644548720128,1597988645000000000,2020-08-21 13:44:05.000000,99.985,100.03,99.885,99.935,nan,99.964,10175,10171340600.0,30654,99.99,3,99.985,2,nan,0,nan,0,nan,0,nan,0,nan,0,nan,0,nan,0,nan,0
1597988650561405952,1597988651000000000,2020-08-21 13:44:11.000000,99.985,100.03,99.885,99.935,nan,99.964,10175,10171340600.0,30654,99.99,3,99.985,3,nan,0,nan,0,nan,0,nan,0,nan,0,nan,0,nan,0,nan,0
1597988651054874112,1597988651421999872,2020-08-21 13:44:11.422000,99.985,100.03,99.885,99.935,nan,99.964,10175,10171340600.0,30654,99.99,3,99.985,4,nan,0,nan,0,nan,0,nan,0,nan,0,nan,0,nan,0,nan,0
1597988656061827072,1597988656424000000,2020-08-21 13:44:16.424000,99.985,100.03,99.885,99.935,nan,99.964,10175,10171340600.0,30654,99.99,3,99.985,4,nan,0,nan,0,nan,0,nan,0,nan,0,nan,0,nan,0,nan,0
1597988660064083968,1597988660434000128,2020-08-21 13:44:20.434000,99.99,100.03,99.885,99.935,nan,99.964,10178,10174340300.0,30652,99.995,14,99.985,6,nan,0,nan,0,nan,0,nan,0,nan,0,nan,0,nan,0,nan,0
1597988660578569984,1597988661000000000,2020-08-21 13:44:21.000000,99.99,100.03,99.885,99.935,nan,99.964,10178,10174340300.0,30652,99.995,11,99.99,1,nan,0,nan,0,nan,0,nan,0,nan,0,nan,0,nan,0,nan,0
1597988661078406912,1597988661413000192,2020-08-21 13:44:21.413000,99.99,100.03,99.885,99.935,nan,99.964,10178,10174340300.0,30652,99.995,11,99.99,2,nan,0,nan,0,nan,0,nan,0,nan,0,nan,0,nan,0,nan,0
1597988661579800064,1597988662000000000,2020-08-21 13:44:22.000000,99.99,100.03,99.885,99.935,nan,99.964,10178,10174340300.0,30652,99.995,11,99.99,4,nan,0,nan,0,nan,0,nan,0,nan,0,nan,0,nan,0,nan,0
1597988662162432000,1597988662435000064,2020-08-21 13:44:22.435000,99.99,100.03,99.885,99.935,nan,99.964,10178,10174340300.0,30652,99.995,11,99.99,5,nan,0,nan,0,nan,0,nan,0,nan,0,nan,0,nan,0,nan,0
1597988662602758912,1597988663000000000,2020-08-21 13:44:23.000000,99.99,100.03,99.885,99.935,nan,99.964,10178,10174340300.0,30652,99.995,11,99.99,6,nan,0,nan,0,nan,0,nan,0,nan,0,nan,0,nan,0,nan,0
1597988663074518016,1597988663438999808,2020-08-21 13:44:23.439000,99.99,100.03,99.885,99.935,nan,99.964,10178,10174340300.0,30652,99.995,11,99.99,6,nan,0,nan,0,nan,0,nan,0,nan,0,nan,0,nan,0,nan,0
1597988664568358912,1597988665000000000,2020-08-21 13:44:25.000000,99.995,100.03,99.885,99.935,nan,99.964,10179,10175340250.0,30652,99.995,10,99.99,6,nan,0,nan,0,nan,0,nan,0,nan,0,nan,0,nan,0,nan,0
1597988665062535936,1597988665433000192,2020-08-21 13:44:25.433000,99.995,100.03,99.885,99.935,nan,99.964,10179,10175340250.0,30652,99.995,10,99.99,6,nan,0,nan,0,nan,0,nan,0,nan,0,nan,0,nan,0,nan,0
1597988665583608064,1597988666000000000,2020-08-21 13:44:26.000000,99.995,100.03,99.885,99.935,nan,99.964,10179,10175340250.0,30652,99.995,10,99.99,6,nan,0,nan,0,nan,0,nan,0,nan,0,nan,0,nan,0,nan,0
1597988666567443968,1597988667000000000,2020-08-21 13:44:27.000000,99.995,100.03,99.885,99.935,nan,99.964,10180,10176340200.0,30651,99.995,9,99.99,6,nan,0,nan,0,nan,0,nan,0,nan,0,nan,0,nan,0,nan,0
1597988668605207040,1597988669000000000,2020-08-21 13:44:29.000000,99.995,100.03,99.885,99.935,nan,99.964,10189,10185339750.0,30651,99.995,1,99.99,6,nan,0,nan,0,nan,0,nan,0,nan,0,nan,0,nan,0,nan,0
1597988669087394048,1597988669420999936,2020-08-21 13:44:29.421000,99.995,100.03,99.885,99.935,nan,99.964,10190,10186339700.0,30651,100.0,12,99.995,1,nan,0,nan,0,nan,0,nan,0,nan,0,nan,0,nan,0,nan,0
1597988669567678976,1597988670000000000,2020-08-21 13:44:30.000000,99.995,100.03,99.885,99.935,nan,99.964,10192,10188339600.0,30649,100.0,12,99.995,4,nan,0,nan,0,nan,0,nan,0,nan,0,nan,0,nan,0,nan,0
1597988670067051008,1597988670390000128,2020-08-21 13:44:30.390000,99.995,100.03,99.885,99.935,nan,99.964,10196,10192339400.0,30647,100.0,13,99.995,1,nan,0,nan,0,nan,0,nan,0,nan,0,nan,0,nan,0,nan,0
1597988670568801024,1597988671000000000,2020-08-21 13:44:31.000000,99.995,100.03,99.885,99.935,nan,99.964,10197,10193339350.0,30647,100.0,12,99.995,1,nan,0,nan,0,nan,0,nan,0,nan,0,nan,0,nan,0,nan,0
1597988671087472128,1597988671421999872,2020-08-21 13:44:31.422000,99.995,100.03,99.885,99.935,nan,99.964,10198,10194339300.0,30647,100.0,14,99.995,1,nan,0,nan,0,nan,0,nan,0,nan,0,nan,0,nan,0,nan,0
1597988671583703040,1597988672000000000,2020-08-21 13:44:32.000000,99.995,100.03,99.885,99.935,nan,99.964,10199,10195339250.0,30646,100.0,14,99.99,6,nan,0,nan,0,nan,0,nan,0,nan,0,nan,0,nan,0,nan,0
1597988672088397056,1597988672433000192,2020-08-21 13:44:32.433000,99.995,100.03,99.885,99.935,nan,99.964,10199,10195339250.0,30646,100.0,14,99.99,6,nan,0,nan,0,nan,0,nan,0,nan,0,nan,0,nan,0,nan,0
1597988672574343936,1597988673000000000,2020-08-21 13:44:33.000000,99.995,100.03,99.885,99.935,nan,99.964,10199,10195339250.0,30646,100.0,14,99.99,8,nan,0,nan,0,nan,0,nan,0,nan,0,nan,0,nan,0,nan,0
1597988673069014016,1597988673420000000,2020-08-21 13:44:33.420000,99.995,100.03,99.885,99.935,nan,99.964,10199,10195339250.0,30646,100.0,14,99.99,8,nan,0,nan,0,nan,0,nan,0,nan,0,nan,0,nan,0,nan,0
1597988674071929088,1597988674438999808,2020-08-21 13:44:34.439000,99.995,100.03,99.885,99.935,nan,99.964,10199,10195339250.0,30646,100.0,14,99.99,8,nan,0,nan,0,nan,0,nan,0,nan,0,nan,0,nan,0,nan,0
1597988674569773056,1597988675000000000,2020-08-21 13:44:35.000000,99.995,100.03,99.885,99.935,nan,99.964,10199,10195339250.0,30646,100.0,14,99.99,8,nan,0,nan,0,nan,0,nan,0,nan,0,nan,0,nan,0,nan,0
1597988678563833088,1597988679000000000,2020-08-21 13:44:39.000000,99.99,100.03,99.885,99.935,nan,99.964,10202,10198338950.0,30646,99.995,2,99.99,5,nan,0,nan,0,nan,0,nan,0,nan,0,nan,0,nan,0,nan,0
1597988679066461952,1597988679434000128,2020-08-21 13:44:39.434000,99.99,100.03,99.885,99.935,nan,99.964,10202,10198338950.0,30646,99.995,6,99.99,5,nan,0,nan,0,nan,0,nan,0,nan,0,nan,0,nan,0,nan,0
1597988679575645952,1597988680000000000,2020-08-21 13:44:40.000000,99.99,100.03,99.885,99.935,nan,99.964,10202,10198338950.0,30646,99.995,6,99.99,4,nan,0,nan,0,nan,0,nan,0,nan,0,nan,0,nan,0,nan,0
1597988680065943040,1597988680432000000,2020-08-21 13:44:40.432000,99.99,100.03,99.885,99.935,nan,99.964,10202,10198338950.0,30646,99.995,6,99.99,2,nan,0,nan,0,nan,0,nan,0,nan,0,nan,0,nan,0,nan,0
1597988680574021120,1597988681000000000,2020-08-21 13:44:41.000000,99.99,100.03,99.885,99.935,nan,99.964,10202,10198338950.0,30646,99.995,6,99.99,2,nan,0,nan,0,nan,0,nan,0,nan,0,nan,0,nan,0,nan,0
1597988681075531008,1597988681424999936,2020-08-21 13:44:41.425000,99.99,100.03,99.885,99.935,nan,99.964,10202,10198338950.0,30646,99.995,7,99.99,2,nan,0,nan,0,nan,0,nan,0,nan,0,nan,0,nan,0,nan,0
1597988681571895040,1597988682000000000,2020-08-21 13:44:42.000000,99.99,100.03,99.885,99.935,nan,99.964,10202,10198338950.0,30646,99.995,7,99.99,2,nan,0,nan,0,nan,0,nan,0,nan,0,nan,0,nan,0,nan,0
1597988687590187008,1597988688000000000,2020-08-21 13:44:48.000000,99.995,100.03,99.885,99.935,nan,99.964,10203,10199338900.0,30646,99.995,6,99.99,3,nan,0,nan,0,nan,0,nan,0,nan,0,nan,0,nan,0,nan,0
1597988688082381056,1597988688427000064,2020-08-21 13:44:48.427000,99.995,100.03,99.885,99.935,nan,99.964,10203,10199338900.0,30646,99.995,5,99.99,2,nan,0,nan,0,nan,0,nan,0,nan,0,nan,0,nan,0,nan,0
1597988689579912960,1597988690000000000,2020-08-21 13:44:50.000000,99.995,100.03,99.885,99.935,nan,99.964,10203,10199338900.0,30646,99.995,5,99.99,2,nan,0,nan,0,nan,0,nan,0,nan,0,nan,0,nan,0,nan,0
1597988693589031936,1597988694000000000,2020-08-21 13:44:54.000000,99.995,100.03,99.885,99.935,nan,99.964,10203,10199338900.0,30646,99.995,5,99.99,2,nan,0,nan,0,nan,0,nan,0,nan,0,nan,0,nan,0,nan,0
1597988696105166080,1597988696431000064,2020-08-21 13:44:56.431000,99.995,100.03,99.885,99.935,nan,99.964,10208,10204338650.0,30641,100.0,12,99.99,4,nan,0,nan,0,nan,0,nan,0,nan,0,nan,0,nan,0,nan,0
1597988696598812928,1597988697000000000,2020-08-21 13:44:57.000000,99.995,100.03,99.885,99.935,nan,99.964,10208,10204338650.0,30641,100.0,11,99.995,1,nan,0,nan,0,nan,0,nan,0,nan,0,nan,0,nan,0,nan,0
1597988697096217088,1597988697436999936,2020-08-21 13:44:57.437000,99.995,100.03,99.885,99.935,nan,99.964,10208,10204338650.0,30641,100.0,11,99.995,4,nan,0,nan,0,nan,0,nan,0,nan,0,nan,0,nan,0,nan,0
1597988697589661952,1597988698000000000,2020-08-21 13:44:58.000000,99.995,100.03,99.885,99.935,nan,99.964,10208,10204338650.0,30641,100.0,9,99.995,4,nan,0,nan,0,nan,0,nan,0,nan,0,nan,0,nan,0,nan,0
1597988698087717888,1597988698437999872,2020-08-21 13:44:58.438000,99.995,100.03,99.885,99.935,nan,99.964,10208,10204338650.0,30641,100.0,9,99.995,4,nan,0,nan,0,nan,0,nan,0,nan,0,nan,0,nan,0,nan,0
1597988698600803072,1597988699000000000,2020-08-21 13:44:59.000000,99.995,100.03,99.885,99.935,nan,99.964,10208,10204338650.0,30641,100.0,9,99.995,4,nan,0,nan,0,nan,0,nan,0,nan,0,nan,0,nan,0,nan,0
1597988699102904064,1597988699426000128,2020-08-21 13:44:59.426000,99.995,100.03,99.885,99.935,nan,99.964,10208,10204338650.0,30641,100.0,9,99.995,5,nan,0,nan,0,nan,0,nan,0,nan,0,nan,0,nan,0,nan,0
1597988699588120064,1597988700000000000,2020-08-21 13:45:00.000000,99.995,100.03,99.885,99.935,nan,99.964,10208,10204338650.0,30641,100.0,9,99.995,5,nan,0,nan,0,nan,0,nan,0,nan,0,nan,0,nan,0,nan,0
1597988701596864000,1597988702000000000,2020-08-21 13:45:02.000000,99.995,100.03,99.885,99.935,nan,99.964,10208,10204338650.0,30641,100.0,6,99.995,5,nan,0,nan,0,nan,0,nan,0,nan,0,nan,0,nan,0,nan,0
1597988702106188032,1597988702436999936,2020-08-21 13:45:02.437000,99.995,100.03,99.885,99.935,nan,99.964,10208,10204338650.0,30641,100.0,6,99.995,6,nan,0,nan,0,nan,0,nan,0,nan,0,nan,0,nan,0,nan,0
1597988702585622016,1597988703000000000,2020-08-21 13:45:03.000000,99.995,100.03,99.885,99.935,nan,99.964,10210,10206338600.0,30640,100.0,4,99.995,5,nan,0,nan,0,nan,0,nan,0,nan,0,nan,0,nan,0,nan,0
1597988703590057984,1597988704000000000,2020-08-21 13:45:04.000000,100.0,100.03,99.885,99.935,nan,99.964,10211,10207338600.0,30640,100.0,3,99.995,8,nan,0,nan,0,nan,0,nan,0,nan,0,nan,0,nan,0,nan,0
1597988704094078976,1597988704437999872,2020-08-21 13:45:04.438000,100.0,100.03,99.885,99.935,nan,99.964,10214,10210338600.0,30637,100.005,13,100.0,3,nan,0,nan,0,nan,0,nan,0,nan,0,nan,0,nan,0,nan,0
1597988704596583936,1597988705000000000,2020-08-21 13:45:05.000000,100.0,100.03,99.885,99.935,nan,99.964,10214,10210338600.0,30637,100.005,11,100.0,6,nan,0,nan,0,nan,0,nan,0,nan,0,nan,0,nan,0,nan,0
1597988705128139008,1597988705412000000,2020-08-21 13:45:05.412000,100.0,100.03,99.885,99.935,nan,99.964,10214,10210338600.0,30637,100.005,8,100.0,6,nan,0,nan,0,nan,0,nan,0,nan,0,nan,0,nan,0,nan,0
1597988705610946048,1597988706000000000,2020-08-21 13:45:06.000000,100.0,100.03,99.885,99.935,nan,99.964,10214,10210338600.0,30637,100.005,6,100.0,7,nan,0,nan,0,nan,0,nan,0,nan,0,nan,0,nan,0,nan,0
1597988706099994112,1597988706432000000,2020-08-21 13:45:06.432000,100.0,100.03,99.885,99.935,nan,99.964,10214,10210338600.0,30637,100.005,6,100.0,7,nan,0,nan,0,nan,0,nan,0,nan,0,nan,0,nan,0,nan,0
1597988707098918912,1597988707427000064,2020-08-21 13:45:07.427000,100.0,100.03,99.885,99.935,nan,99.964,10215,10211338600.0,30637,100.005,6,100.0,6,nan,0,nan,0,nan,0,nan,0,nan,0,nan,0,nan,0,nan,0
1597988708594776064,1597988709000000000,2020-08-21 13:45:09.000000,100.0,100.03,99.885,99.935,nan,99.964,10221,10217338600.0,30633,100.005,7,100.0,2,nan,0,nan,0,nan,0,nan,0,nan,0,nan,0,nan,0,nan,0
1597988709101383936,1597988709436000000,2020-08-21 13:45:09.436000,100.0,100.03,99.885,99.935,nan,99.964,10224,10220338600.0,30632,100.0,1,99.995,8,nan,0,nan,0,nan,0,nan,0,nan,0,nan,0,nan,0,nan,0
1597988709592264960,1597988710000000000,2020-08-21 13:45:10.000000,100.0,100.03,99.885,99.935,nan,99.964,10224,10220338600.0,30632,100.0,3,99.995,9,nan,0,nan,0,nan,0,nan,0,nan,0,nan,0,nan,0,nan,0
1597988710094164992,1597988710424000000,2020-08-21 13:45:10.424000,100.0,100.03,99.885,99.935,nan,99.964,10224,10220338600.0,30632,100.0,3,99.995,6,nan,0,nan,0,nan,0,nan,0,nan,0,nan,0,nan,0,nan,0
1597988710594353920,1597988711000000000,2020-08-21 13:45:11.000000,100.0,100.03,99.885,99.935,nan,99.964,10224,10220338600.0,30632,100.0,3,99.995,6,nan,0,nan,0,nan,0,nan,0,nan,0,nan,0,nan,0,nan,0
1597988711112811008,1597988711435000064,2020-08-21 13:45:11.435000,100.0,100.03,99.885,99.935,nan,99.964,10224,10220338600.0,30632,100.0,4,99.995,5,nan,0,nan,0,nan,0,nan,0,nan,0,nan,0,nan,0,nan,0
1597988711604765952,1597988712000000000,2020-08-21 13:45:12.000000,100.0,100.03,99.885,99.935,nan,99.964,10224,10220338600.0,30632,100.0,4,99.995,5,nan,0,nan,0,nan,0,nan,0,nan,0,nan,0,nan,0,nan,0
1597988727095580928,1597988727437999872,2020-08-21 13:45:27.438000,100.0,100.03,99.885,99.935,nan,99.964,10224,10220338600.0,30632,100.0,4,99.995,10,nan,0,nan,0,nan,0,nan,0,nan,0,nan,0,nan,0,nan,0
1597988731104496896,1597988731428000000,2020-08-21 13:45:31.428000,99.995,100.03,99.885,99.935,nan,99.964,10229,10225338350.0,30636,100.0,7,99.995,5,nan,0,nan,0,nan,0,nan,0,nan,0,nan,0,nan,0,nan,0
1597988731603059968,1597988732000000000,2020-08-21 13:45:32.000000,99.995,100.03,99.885,99.935,nan,99.964,10229,10225338350.0,30636,100.0,8,99.995,5,nan,0,nan,0,nan,0,nan,0,nan,0,nan,0,nan,0,nan,0
1597988732138489088,1597988732424000000,2020-08-21 13:45:32.424000,99.995,100.03,99.885,99.935,nan,99.964,10234,10230338100.0,30636,100.0,8,99.99,11,nan,0,nan,0,nan,0,nan,0,nan,0,nan,0,nan,0,nan,0
1597988732623156992,1597988733000000000,2020-08-21 13:45:33.000000,99.995,100.03,99.885,99.935,nan,99.964,10234,10230338100.0,30636,100.0,8,99.995,1,nan,0,nan,0,nan,0,nan,0,nan,0,nan,0,nan,0,nan,0
1597988733141963008,1597988733438999808,2020-08-21 13:45:33.439000,99.995,100.03,99.885,99.935,nan,99.964,10235,10231338050.0,30636,99.995,5,99.99,12,nan,0,nan,0,nan,0,nan,0,nan,0,nan,0,nan,0,nan,0
1597988733655335936,1597988734000000000,2020-08-21 13:45:34.000000,99.995,100.03,99.885,99.935,nan,99.964,10235,10231338050.0,30636,99.995,7,99.99,12,nan,0,nan,0,nan,0,nan,0,nan,0,nan,0,nan,0,nan,0
1597988734129617920,1597988734407000064,2020-08-21 13:45:34.407000,99.995,100.03,99.885,99.935,nan,99.964,10235,10231338050.0,30636,99.995,9,99.99,12,nan,0,nan,0,nan,0,nan,0,nan,0,nan,0,nan,0,nan,0
1597988734604323072,1597988735000000000,2020-08-21 13:45:35.000000,99.99,100.03,99.885,99.935,nan,99.964,10240,10236337550.0,30640,99.995,10,99.99,5,nan,0,nan,0,nan,0,nan,0,nan,0,nan,0,nan,0,nan,0
1597988735129341952,1597988735436999936,2020-08-21 13:45:35.437000,99.99,100.03,99.885,99.935,nan,99.964,10240,10236337550.0,30640,99.995,12,99.99,5,nan,0,nan,0,nan,0,nan,0,nan,0,nan,0,nan,0,nan,0
1597988735606528000,1597988736000000000,2020-08-21 13:45:36.000000,99.99,100.03,99.885,99.935,nan,99.964,10240,10236337550.0,30640,99.995,12,99.99,4,nan,0,nan,0,nan,0,nan,0,nan,0,nan,0,nan,0,nan,0
1597988740611614976,1597988741000000000,2020-08-21 13:45:41.000000,99.99,100.03,99.885,99.935,nan,99.964,10240,10236337550.0,30640,99.995,12,99.99,4,nan,0,nan,0,nan,0,nan,0,nan,0,nan,0,nan,0,nan,0
1597988745123247104,1597988745437999872,2020-08-21 13:45:45.438000,99.99,100.03,99.885,99.935,nan,99.964,10240,10236337550.0,30640,99.995,12,99.99,5,nan,0,nan,0,nan,0,nan,0,nan,0,nan,0,nan,0,nan,0
1597988745649769984,1597988746244000000,2020-08-21 13:45:46.244000,99.99,100.03,99.885,99.935,nan,99.964,10240,10236337550.0,30640,99.995,11,99.99,5,nan,0,nan,0,nan,0,nan,0,nan,0,nan,0,nan,0,nan,0
1597988748139634944,1597988748438999808,2020-08-21 13:45:48.439000,99.99,100.03,99.885,99.935,nan,99.964,10240,10236337550.0,30640,99.995,11,99.99,5,nan,0,nan,0,nan,0,nan,0,nan,0,nan,0,nan,0,nan,0
1597988754623783936,1597988755000000000,2020-08-21 13:45:55.000000,99.99,100.03,99.885,99.935,nan,99.964,10240,10236337550.0,30640,99.995,11,99.99,5,nan,0,nan,0,nan,0,nan,0,nan,0,nan,0,nan,0,nan,0
1597988757645627904,1597988758000000000,2020-08-21 13:45:58.000000,99.99,100.03,99.885,99.935,nan,99.964,10240,10236337550.0,30640,99.995,11,99.99,5,nan,0,nan,0,nan,0,nan,0,nan,0,nan,0,nan,0,nan,0
1597988760638096896,1597988761000000000,2020-08-21 13:46:01.000000,99.99,100.03,99.885,99.935,nan,99.964,10240,10236337550.0,30640,99.995,11,99.99,5,nan,0,nan,0,nan,0,nan,0,nan,0,nan,0,nan,0,nan,0
1597988763140176896,1597988763435000064,2020-08-21 13:46:03.435000,99.99,100.03,99.885,99.935,nan,99.964,10241,10237337450.0,30641,99.995,11,99.99,4,nan,0,nan,0,nan,0,nan,0,nan,0,nan,0,nan,0,nan,0
1597988770636326912,1597988771000000000,2020-08-21 13:46:11.000000,99.99,100.03,99.885,99.935,nan,99.964,10241,10237337450.0,30641,99.995,11,99.99,5,nan,0,nan,0,nan,0,nan,0,nan,0,nan,0,nan,0,nan,0
1597988771651977984,1597988772247000064,2020-08-21 13:46:12.247000,99.99,100.03,99.885,99.935,nan,99.964,10241,10237337450.0,30641,99.995,11,99.99,6,nan,0,nan,0,nan,0,nan,0,nan,0,nan,0,nan,0,nan,0
1597988775639919104,1597988776000000000,2020-08-21 13:46:16.000000,99.995,100.03,99.885,99.935,nan,99.964,10252,10248336900.0,30648,100.0,8,99.99,7,nan,0,nan,0,nan,0,nan,0,nan,0,nan,0,nan,0,nan,0
1597988776140610048,1597988776411000064,2020-08-21 13:46:16.411000,99.995,100.03,99.885,99.935,nan,99.964,10252,10248336900.0,30648,100.0,7,99.99,11,nan,0,nan,0,nan,0,nan,0,nan,0,nan,0,nan,0,nan,0
1597988776645876992,1597988777243000064,2020-08-21 13:46:17.243000,99.995,100.03,99.885,99.935,nan,99.964,10252,10248336900.0,30648,100.0,7,99.99,11,nan,0,nan,0,nan,0,nan,0,nan,0,nan,0,nan,0,nan,0
1597988777143580928,1597988777431000064,2020-08-21 13:46:17.431000,99.995,100.03,99.885,99.935,nan,99.964,10252,10248336900.0,30648,100.0,6,99.99,11,nan,0,nan,0,nan,0,nan,0,nan,0,nan,0,nan,0,nan,0
1597988777644115968,1597988778000000000,2020-08-21 13:46:18.000000,99.995,100.03,99.885,99.935,nan,99.964,10252,10248336900.0,30648,100.0,6,99.99,9,nan,0,nan,0,nan,0,nan,0,nan,0,nan,0,nan,0,nan,0
1597988778148396032,1597988778734999808,2020-08-21 13:46:18.735000,99.995,100.03,99.885,99.935,nan,99.964,10252,10248336900.0,30648,100.0,6,99.99,9,nan,0,nan,0,nan,0,nan,0,nan,0,nan,0,nan,0,nan,0
1597988778675542016,1597988779221999872,2020-08-21 13:46:19.222000,99.995,100.03,99.885,99.935,nan,99.964,10252,10248336900.0,30648,100.0,9,99.99,9,nan,0,nan,0,nan,0,nan,0,nan,0,nan,0,nan,0,nan,0
1597988784035014912,1597988784421999872,2020-08-21 13:46:24.422000,99.995,100.03,99.885,99.935,nan,99.964,10252,10248336900.0,30648,100.0,9,99.99,10,nan,0,nan,0,nan,0,nan,0,nan,0,nan,0,nan,0,nan,0
1597988787560004096,1597988788000000000,2020-08-21 13:46:28.000000,99.995,100.03,99.885,99.935,nan,99.964,10252,10248336900.0,30648,100.0,9,99.99,10,nan,0,nan,0,nan,0,nan,0,nan,0,nan,0,nan,0,nan,0
1597988789050441984,1597988789437999872,2020-08-21 13:46:29.438000,99.995,100.03,99.885,99.935,nan,99.964,10252,10248336900.0,30648,100.0,9,99.99,11,nan,0,nan,0,nan,0,nan,0,nan,0,nan,0,nan,0,nan,0
1597988799038774016,1597988799436999936,2020-08-21 13:46:39.437000,99.995,100.03,99.885,99.935,nan,99.964,10252,10248336900.0,30648,100.0,9,99.995,10,nan,0,nan,0,nan,0,nan,0,nan,0,nan,0,nan,0,nan,0
1597988799576877056,1597988800000000000,2020-08-21 13:46:40.000000,99.995,100.03,99.885,99.935,nan,99.964,10252,10248336900.0,30648,100.0,6,99.995,14,nan,0,nan,0,nan,0,nan,0,nan,0,nan,0,nan,0,nan,0
1597988800039492096,1597988800437999872,2020-08-21 13:46:40.438000,99.995,100.03,99.885,99.935,nan,99.964,10252,10248336900.0,30648,100.0,6,99.995,14,nan,0,nan,0,nan,0,nan,0,nan,0,nan,0,nan,0,nan,0
1597988800540638976,1597988801000000000,2020-08-21 13:46:41.000000,99.995,100.03,99.885,99.935,nan,99.964,10252,10248336900.0,30648,100.0,3,99.995,14,nan,0,nan,0,nan,0,nan,0,nan,0,nan,0,nan,0,nan,0
1597988801044242944,1597988801430000128,2020-08-21 13:46:41.430000,99.995,100.03,99.885,99.935,nan,99.964,10252,10248336900.0,30648,100.0,4,99.995,15,nan,0,nan,0,nan,0,nan,0,nan,0,nan,0,nan,0,nan,0
1597988802549988096,1597988803000000000,2020-08-21 13:46:43.000000,99.995,100.03,99.885,99.935,nan,99.964,10252,10248336900.0,30648,100.0,4,99.995,15,nan,0,nan,0,nan,0,nan,0,nan,0,nan,0,nan,0,nan,0
1597988811053788928,1597988811437999872,2020-08-21 13:46:51.438000,99.995,100.03,99.885,99.935,nan,99.964,10252,10248336900.0,30648,100.0,3,99.995,15,nan,0,nan,0,nan,0,nan,0,nan,0,nan,0,nan,0,nan,0
1597988822061888000,1597988822423000064,2020-08-21 13:47:02.423000,99.995,100.03,99.885,99.935,nan,99.964,10252,10248336900.0,30648,100.0,3,99.995,15,nan,0,nan,0,nan,0,nan,0,nan,0,nan,0,nan,0,nan,0
1597988831570445056,1597988832000000000,2020-08-21 13:47:12.000000,99.995,100.03,99.885,99.935,nan,99.964,10267,10263336150.0,30635,100.0,4,99.995,1,nan,0,nan,0,nan,0,nan,0,nan,0,nan,0,nan,0,nan,0
1597988832053829888,1597988832433000192,2020-08-21 13:47:12.433000,99.995,100.03,99.885,99.935,nan,99.964,10271,10267335950.0,30635,99.995,1,99.99,7,nan,0,nan,0,nan,0,nan,0,nan,0,nan,0,nan,0,nan,0
1597988832569446912,1597988833000000000,2020-08-21 13:47:13.000000,99.995,100.03,99.885,99.935,nan,99.964,10271,10267335950.0,30635,99.995,4,99.99,8,nan,0,nan,0,nan,0,nan,0,nan,0,nan,0,nan,0,nan,0
1597988833073784064,1597988833432000000,2020-08-21 13:47:13.432000,99.995,100.03,99.885,99.935,nan,99.964,10271,10267335950.0,30635,99.995,5,99.99,6,nan,0,nan,0,nan,0,nan,0,nan,0,nan,0,nan,0,nan,0
1597988833578489088,1597988834000000000,2020-08-21 13:47:14.000000,99.995,100.03,99.885,99.935,nan,99.964,10276,10272335700.0,30633,100.0,12,99.99,8,nan,0,nan,0,nan,0,nan,0,nan,0,nan,0,nan,0,nan,0
1597988834087173120,1597988834405999872,2020-08-21 13:47:14.406000,99.995,100.03,99.885,99.935,nan,99.964,10276,10272335700.0,30633,100.0,10,99.99,8,nan,0,nan,0,nan,0,nan,0,nan,0,nan,0,nan,0,nan,0
1597988834585304064,1597988835000000000,2020-08-21 13:47:15.000000,99.995,100.03,99.885,99.935,nan,99.964,10276,10272335700.0,30633,100.0,10,99.99,8,nan,0,nan,0,nan,0,nan,0,nan,0,nan,0,nan,0,nan,0
1597988835078405120,1597988835437999872,2020-08-21 13:47:15.438000,99.995,100.03,99.885,99.935,nan,99.964,10276,10272335700.0,30633,100.0,9,99.99,8,nan,0,nan,0,nan,0,nan,0,nan,0,nan,0,nan,0,nan,0
1597988835569020928,1597988836000000000,2020-08-21 13:47:16.000000,99.995,100.03,99.885,99.935,nan,99.964,10276,10272335700.0,30633,99.995,10,99.99,8,nan,0,nan,0,nan,0,nan,0,nan,0,nan,0,nan,0,nan,0
1597988836073026048,1597988836438999808,2020-08-21 13:47:16.439000,99.995,100.03,99.885,99.935,nan,99.964,10276,10272335700.0,30633,99.995,10,99.99,6,nan,0,nan,0,nan,0,nan,0,nan,0,nan,0,nan,0,nan,0
1597988836577100032,1597988837000000000,2020-08-21 13:47:17.000000,99.995,100.03,99.885,99.935,nan,99.964,10276,10272335700.0,30633,99.995,10,99.99,6,nan,0,nan,0,nan,0,nan,0,nan,0,nan,0,nan,0,nan,0
1597988837059326976,1597988837424000000,2020-08-21 13:47:17.424000,99.995,100.03,99.885,99.935,nan,99.964,10276,10272335700.0,30633,99.995,11,99.99,6,nan,0,nan,0,nan,0,nan,0,nan,0,nan,0,nan,0,nan,0
1597988837566341120,1597988838000000000,2020-08-21 13:47:18.000000,99.995,100.03,99.885,99.935,nan,99.964,10276,10272335700.0,30633,99.995,11,99.99,6,nan,0,nan,0,nan,0,nan,0,nan,0,nan,0,nan,0,nan,0
1597988838071954944,1597988838435000064,2020-08-21 13:47:18.435000,99.995,100.03,99.885,99.935,nan,99.964,10276,10272335700.0,30633,99.995,11,99.99,6,nan,0,nan,0,nan,0,nan,0,nan,0,nan,0,nan,0,nan,0
1597988848575395072,1597988849000000000,2020-08-21 13:47:29.000000,99.995,100.03,99.885,99.935,nan,99.964,10276,10272335700.0,30633,99.995,11,99.99,4,nan,0,nan,0,nan,0,nan,0,nan,0,nan,0,nan,0,nan,0
1597988850584355072,1597988851000000000,2020-08-21 13:47:31.000000,99.995,100.03,99.885,99.935,nan,99.964,10276,10272335700.0,30633,99.995,11,99.99,4,nan,0,nan,0,nan,0,nan,0,nan,0,nan,0,nan,0,nan,0
1597988852090660096,1597988852424999936,2020-08-21 13:47:32.425000,99.99,100.03,99.885,99.935,nan,99.964,10280,10276335300.0,30635,99.995,12,99.985,19,nan,0,nan,0,nan,0,nan,0,nan,0,nan,0,nan,0,nan,0
1597988852579511040,1597988853000000000,2020-08-21 13:47:33.000000,99.99,100.03,99.885,99.935,nan,99.964,10280,10276335300.0,30635,99.995,13,99.99,1,nan,0,nan,0,nan,0,nan,0,nan,0,nan,0,nan,0,nan,0
1597988853080551936,1597988853433000192,2020-08-21 13:47:33.433000,99.99,100.03,99.885,99.935,nan,99.964,10281,10277335200.0,30635,99.995,13,99.99,1,nan,0,nan,0,nan,0,nan,0,nan,0,nan,0,nan,0,nan,0
1597988853587879936,1597988854000000000,2020-08-21 13:47:34.000000,99.99,100.03,99.885,99.935,nan,99.964,10282,10278335100.0,30635,99.995,13,99.985,19,nan,0,nan,0,nan,0,nan,0,nan,0,nan,0,nan,0,nan,0
1597988854090238976,1597988854436999936,2020-08-21 13:47:34.437000,99.99,100.03,99.885,99.935,nan,99.964,10282,10278335100.0,30635,99.995,13,99.985,19,nan,0,nan,0,nan,0,nan,0,nan,0,nan,0,nan,0,nan,0
1597988854600251904,1597988855000000000,2020-08-21 13:47:35.000000,99.99,100.03,99.885,99.935,nan,99.964,10282,10278335100.0,30635,99.995,13,99.985,19,nan,0,nan,0,nan,0,nan,0,nan,0,nan,0,nan,0,nan,0
1597988855095311104,1597988855423000064,2020-08-21 13:47:35.423000,99.99,100.03,99.885,99.935,nan,99.964,10282,10278335100.0,30635,99.99,4,99.985,18,nan,0,nan,0,nan,0,nan,0,nan,0,nan,0,nan,0,nan,0
1597988855784210944,1597988856000000000,2020-08-21 13:47:36.000000,99.99,100.03,99.885,99.935,nan,99.964,10282,10278335100.0,30635,99.99,4,99.985,15,nan,0,nan,0,nan,0,nan,0,nan,0,nan,0,nan,0,nan,0
1597988856095732992,1597988856434000128,2020-08-21 13:47:36.434000,99.99,100.03,99.885,99.935,nan,99.964,10282,10278335100.0,30635,99.99,5,99.985,15,nan,0,nan,0,nan,0,nan,0,nan,0,nan,0,nan,0,nan,0
1597988856587106048,1597988857000000000,2020-08-21 13:47:37.000000,99.99,100.03,99.885,99.935,nan,99.964,10282,10278335100.0,30635,99.99,10,99.985,14,nan,0,nan,0,nan,0,nan,0,nan,0,nan,0,nan,0,nan,0
1597988857084614912,1597988857437999872,2020-08-21 13:47:37.438000,99.99,100.03,99.885,99.935,nan,99.964,10282,10278335100.0,30635,99.99,14,99.985,14,nan,0,nan,0,nan,0,nan,0,nan,0,nan,0,nan,0,nan,0
1597988857577231872,1597988858000000000,2020-08-21 13:47:38.000000,99.99,100.03,99.885,99.935,nan,99.964,10282,10278335100.0,30635,99.99,14,99.985,14,nan,0,nan,0,nan,0,nan,0,nan,0,nan,0,nan,0,nan,0
1597988868603377920,1597988869000000000,2020-08-21 13:47:49.000000,99.99,100.03,99.885,99.935,nan,99.964,10282,10278335100.0,30635,99.99,13,99.985,14,nan,0,nan,0,nan,0,nan,0,nan,0,nan,0,nan,0,nan,0
1597988869098810112,1597988869434000128,2020-08-21 13:47:49.434000,99.99,100.03,99.885,99.935,nan,99.964,10282,10278335100.0,30635,99.99,7,99.985,13,nan,0,nan,0,nan,0,nan,0,nan,0,nan,0,nan,0,nan,0
1597988878581912064,1597988879000000000,2020-08-21 13:47:59.000000,99.99,100.03,99.885,99.935,nan,99.964,10282,10278335100.0,30635,99.99,47,99.985,13,nan,0,nan,0,nan,0,nan,0,nan,0,nan,0,nan,0,nan,0
1597988879085519872,1597988879424999936,2020-08-21 13:47:59.425000,99.985,100.03,99.885,99.935,nan,99.964,10295,10291333150.0,30629,99.99,52,99.985,1,nan,0,nan,0,nan,0,nan,0,nan,0,nan,0,nan,0,nan,0
1597988879577430016,1597988880000000000,2020-08-21 13:48:00.000000,99.985,100.03,99.885,99.935,nan,99.964,10296,10292333000.0,30629,99.985,5,99.98,20,nan,0,nan,0,nan,0,nan,0,nan,0,nan,0,nan,0,nan,0
1597988880089466112,1597988880436999936,2020-08-21 13:48:00.437000,99.985,100.03,99.885,99.935,nan,99.964,10296,10292333000.0,30629,99.985,7,99.98,18,nan,0,nan,0,nan,0,nan,0,nan,0,nan,0,nan,0,nan,0
1597988880583315968,1597988881000000000,2020-08-21 13:48:01.000000,99.985,100.03,99.885,99.935,nan,99.964,10298,10294332700.0,30630,99.985,5,99.98,20,nan,0,nan,0,nan,0,nan,0,nan,0,nan,0,nan,0,nan,0
1597988881096604928,1597988881436999936,2020-08-21 13:48:01.437000,99.985,100.03,99.885,99.935,nan,99.964,10298,10294332700.0,30630,99.985,6,99.98,17,nan,0,nan,0,nan,0,nan,0,nan,0,nan,0,nan,0,nan,0
1597988881600185088,1597988882000000000,2020-08-21 13:48:02.000000,99.985,100.03,99.885,99.935,nan,99.964,10298,10294332700.0,30630,99.985,6,99.98,17,nan,0,nan,0,nan,0,nan,0,nan,0,nan,0,nan,0,nan,0
1597988882090692096,1597988882430000128,2020-08-21 13:48:02.430000,99.985,100.03,99.885,99.935,nan,99.964,10298,10294332700.0,30630,99.985,6,99.98,17,nan,0,nan,0,nan,0,nan,0,nan,0,nan,0,nan,0,nan,0
1597988883095843072,1597988883424999936,2020-08-21 13:48:03.425000,99.98,100.03,99.885,99.935,nan,99.964,10300,10296332300.0,30632,99.985,6,99.98,15,nan,0,nan,0,nan,0,nan,0,nan,0,nan,0,nan,0,nan,0
1597988883594203904,1597988884000000000,2020-08-21 13:48:04.000000,99.98,100.03,99.885,99.935,nan,99.964,10302,10298331900.0,30633,99.985,6,99.98,14,nan,0,nan,0,nan,0,nan,0,nan,0,nan,0,nan,0,nan,0
1597988884091095040,1597988884430000128,2020-08-21 13:48:04.430000,99.98,100.03,99.885,99.935,nan,99.964,10302,10298331900.0,30633,99.985,6,99.98,15,nan,0,nan,0,nan,0,nan,0,nan,0,nan,0,nan,0,nan,0
1597988888597558016,1597988889000000000,2020-08-21 13:48:09.000000,99.98,100.03,99.885,99.935,nan,99.964,10302,10298331900.0,30633,99.985,6,99.98,15,nan,0,nan,0,nan,0,nan,0,nan,0,nan,0,nan,0,nan,0
1597988889094662912,1597988889430000128,2020-08-21 13:48:09.430000,99.98,100.03,99.885,99.935,nan,99.964,10302,10298331900.0,30633,99.985,6,99.98,15,nan,0,nan,0,nan,0,nan,0,nan,0,nan,0,nan,0,nan,0
1597988889602648064,1597988890000000000,2020-08-21 13:48:10.000000,99.98,100.03,99.885,99.935,nan,99.964,10302,10298331900.0,30633,99.985,4,99.98,15,nan,0,nan,0,nan,0,nan,0,nan,0,nan,0,nan,0,nan,0
1597988890089208064,1597988890438999808,2020-08-21 13:48:10.439000,99.98,100.03,99.885,99.935,nan,99.964,10302,10298331900.0,30633,99.985,4,99.98,15,nan,0,nan,0,nan,0,nan,0,nan,0,nan,0,nan,0,nan,0
1597988890624252928,1597988891000000000,2020-08-21 13:48:11.000000,99.98,100.03,99.885,99.935,nan,99.964,10302,10298331900.0,30633,99.985,4,99.98,16,nan,0,nan,0,nan,0,nan,0,nan,0,nan,0,nan,0,nan,0
