local_nano_time,quote_nano_time,datetime,last_price,highest,lowest,open,close,average,volume,amount,open_interest,ask_price1,ask_volume1,bid_price1,bid_volume1,ask_price2,ask_volume2,bid_price2,bid_volume2,ask_price3,ask_volume3,bid_price3,bid_volume3,ask_price4,ask_volume4,bid_price4,bid_volume4,ask_price5,ask_volume5,bid_price5,bid_volume5
1597988226353644032,1597988226913000192,2020-08-21 13:37:06.913000,2881.0,2897.0,2863.0,2895.0,nan,2878.0,699902,20147521550.0,1369421,2882.0,266,2881.0,758,nan,0,nan,0,nan,0,nan,0,nan,0,nan,0,nan,0,nan,0
1597988226834089984,1597988227436000000,2020-08-21 13:37:07.436000,2881.0,2897.0,2863.0,2895.0,nan,2878.0,699902,20147521550.0,1369421,2882.0,268,2881.0,761,nan,0,nan,0,nan,0,nan,0,nan,0,nan,0,nan,0,nan,0
1597988227336822016,1597988227936000000,2020-08-21 13:37:07.936000,2882.0,2897.0,2863.0,2895.0,nan,2878.0,699913,20147838570.0,1369422,2882.0,258,2881.0,761,nan,0,nan,0,nan,0,nan,0,nan,0,nan,0,nan,0,nan,0
1597988227835140096,1597988228427000064,2020-08-21 13:37:08.427000,2882.0,2897.0,2863.0,2895.0,nan,2878.0,699941,20148645530.0,1369429,2882.0,160,2881.0,761,nan,0,nan,0,nan,0,nan,0,nan,0,nan,0,nan,0,nan,0
1597988228332464896,1597988228901999872,2020-08-21 13:37:08.902000,2882.0,2897.0,2863.0,2895.0,nan,2878.0,699944,20148731990.0,1369430,2882.0,158,2881.0,763,nan,0,nan,0,nan,0,nan,0,nan,0,nan,0,nan,0,nan,0
1597988228838427904,1597988229404000000,2020-08-21 13:37:09.404000,2881.0,2897.0,2863.0,2895.0,nan,2878.0,699946,20148789620.0,1369431,2882.0,158,2881.0,762,nan,0,nan,0,nan,0,nan,0,nan,0,nan,0,nan,0,nan,0
1597988229330575104,1597988229926000128,2020-08-21 13:37:09.926000,2882.0,2897.0,2863.0,2895.0,nan,2878.0,699947,20148818440.0,1369431,2882.0,158,2881.0,762,nan,0,nan,0,nan,0,nan,0,nan,0,nan,0,nan,0,nan,0
1597988229835660032,1597988230432000000,2020-08-21 13:37:10.432000,2882.0,2897.0,2863.0,2895.0,nan,2878.0,699978,20149711860.0,1369447,2882.0,127,2881.0,762,nan,0,nan,0,nan,0,nan,0,nan,0,nan,0,nan,0,nan,0
1597988230335481088,1597988230888000000,2020-08-21 13:37:10.888000,2882.0,2897.0,2863.0,2895.0,nan,2878.0,699991,20150086420.0,1369439,2882.0,146,2881.0,752,nan,0,nan,0,nan,0,nan,0,nan,0,nan,0,nan,0,nan,0
1597988230837747968,1597988231411000064,2020-08-21 13:37:11.411000,2882.0,2897.0,2863.0,2895.0,nan,2878.0,699991,20150086420.0,1369439,2882.0,147,2881.0,754,nan,0,nan,0,nan,0,nan,0,nan,0,nan,0,nan,0,nan,0
1597988231331856896,1597988231908999936,2020-08-21 13:37:11.909000,2882.0,2897.0,2863.0,2895.0,nan,2878.0,699994,20150172880.0,1369441,2882.0,147,2881.0,761,nan,0,nan,0,nan,0,nan,0,nan,0,nan,0,nan,0,nan,0
1597988231832911872,1597988232423000064,2020-08-21 13:37:12.423000,2882.0,2897.0,2863.0,2895.0,nan,2878.0,700000,20150345800.0,1369442,2882.0,146,2881.0,761,nan,0,nan,0,nan,0,nan,0,nan,0,nan,0,nan,0,nan,0
1597988232331845120,1597988232932000000,2020-08-21 13:37:12.932000,2882.0,2897.0,2863.0,2895.0,nan,2878.0,700000,20150345800.0,1369442,2882.0,147,2881.0,767,nan,0,nan,0,nan,0,nan,0,nan,0,nan,0,nan,0,nan,0
1597988232844497920,1597988233396000000,2020-08-21 13:37:13.396000,2881.0,2897.0,2863.0,2895.0,nan,2878.0,700004,20150461070.0,1369438,2882.0,260,2881.0,770,nan,0,nan,0,nan,0,nan,0,nan,0,nan,0,nan,0,nan,0
1597988233335887872,1597988233912000000,2020-08-21 13:37:13.912000,2881.0,2897.0,2863.0,2895.0,nan,2878.0,700007,20150547520.0,1369438,2882.0,204,2881.0,775,nan,0,nan,0,nan,0,nan,0,nan,0,nan,0,nan,0,nan,0
1597988233832802048,1597988234381999872,2020-08-21 13:37:14.382000,2881.0,2897.0,2863.0,2895.0,nan,2878.0,700007,20150547520.0,1369438,2882.0,206,2881.0,776,nan,0,nan,0,nan,0,nan,0,nan,0,nan,0,nan,0,nan,0
1597988234333049088,1597988234932000000,2020-08-21 13:37:14.932000,2882.0,2897.0,2863.0,2895.0,nan,2878.0,700010,20150633980.0,1369441,2882.0,203,2881.0,781,nan,0,nan,0,nan,0,nan,0,nan,0,nan,0,nan,0,nan,0
1597988234842606080,1597988235413000192,2020-08-21 13:37:15.413000,2882.0,2897.0,2863.0,2895.0,nan,2878.0,700014,20150749260.0,1369445,2882.0,199,2881.0,785,nan,0,nan,0,nan,0,nan,0,nan,0,nan,0,nan,0,nan,0
1597988235340335104,1597988235884999936,2020-08-21 13:37:15.885000,2882.0,2897.0,2863.0,2895.0,nan,2878.0,700017,20150835720.0,1369448,2882.0,203,2881.0,786,nan,0,nan,0,nan,0,nan,0,nan,0,nan,0,nan,0,nan,0
1597988235940102912,1597988236432000000,2020-08-21 13:37:16.432000,2882.0,2897.0,2863.0,2895.0,nan,2878.0,700017,20150835720.0,1369448,2882.0,145,2881.0,794,nan,0,nan,0,nan,0,nan,0,nan,0,nan,0,nan,0,nan,0
1597988236835555072,1597988237435000064,2020-08-21 13:37:17.435000,2882.0,2897.0,2863.0,2895.0,nan,2878.0,700019,20150893360.0,1369448,2882.0,143,2881.0,797,nan,0,nan,0,nan,0,nan,0,nan,0,nan,0,nan,0,nan,0
1597988237332526080,1597988237934000128,2020-08-21 13:37:17.934000,2882.0,2897.0,2863.0,2895.0,nan,2878.0,700019,20150893360.0,1369448,2882.0,143,2881.0,798,nan,0,nan,0,nan,0,nan,0,nan,0,nan,0,nan,0,nan,0
1597988237833667072,1597988238430000128,2020-08-21 13:37:18.430000,2882.0,2897.0,2863.0,2895.0,nan,2878.0,700019,20150893360.0,1369448,2882.0,143,2881.0,800,nan,0,nan,0,nan,0,nan,0,nan,0,nan,0,nan,0,nan,0
1597988238341998080,1597988238932000000,2020-08-21 13:37:18.932000,2882.0,2897.0,2863.0,2895.0,nan,2878.0,700021,20150951000.0,1369450,2882.0,152,2881.0,808,nan,0,nan,0,nan,0,nan,0,nan,0,nan,0,nan,0,nan,0
1597988238833881088,1597988239420999936,2020-08-21 13:37:19.421000,2882.0,2897.0,2863.0,2895.0,nan,2878.0,700024,20151037460.0,1369452,2882.0,150,2881.0,811,nan,0,nan,0,nan,0,nan,0,nan,0,nan,0,nan,0,nan,0
1597988239336391936,1597988239932000000,2020-08-21 13:37:19.932000,2882.0,2897.0,2863.0,2895.0,nan,2878.0,700024,20151037460.0,1369452,2882.0,152,2881.0,813,nan,0,nan,0,nan,0,nan,0,nan,0,nan,0,nan,0,nan,0
1597988239833472000,1597988240416999936,2020-08-21 13:37:20.417000,2882.0,2897.0,2863.0,2895.0,nan,2878.0,700034,20151325660.0,1369452,2882.0,142,2881.0,821,nan,0,nan,0,nan,0,nan,0,nan,0,nan,0,nan,0,nan,0
1597988240335542016,1597988240916000000,2020-08-21 13:37:20.916000,2882.0,2897.0,2863.0,2895.0,nan,2878.0,700035,20151354480.0,1369453,2882.0,141,2881.0,821,nan,0,nan,0,nan,0,nan,0,nan,0,nan,0,nan,0,nan,0
1597988240837355008,1597988241423000064,2020-08-21 13:37:21.423000,2882.0,2897.0,2863.0,2895.0,nan,2878.0,700038,20151440940.0,1369456,2882.0,138,2881.0,822,nan,0,nan,0,nan,0,nan,0,nan,0,nan,0,nan,0,nan,0
1597988241334363904,1597988241936000000,2020-08-21 13:37:21.936000,2882.0,2897.0,2863.0,2895.0,nan,2878.0,700041,20151527400.0,1369458,2882.0,157,2881.0,828,nan,0,nan,0,nan,0,nan,0,nan,0,nan,0,nan,0,nan,0
1597988241836902912,1597988242423000064,2020-08-21 13:37:22.423000,2882.0,2897.0,2863.0,2895.0,nan,2878.0,700043,20151585040.0,1369460,2882.0,155,2881.0,828,nan,0,nan,0,nan,0,nan,0,nan,0,nan,0,nan,0,nan,0
1597988242340120064,1597988242935000064,2020-08-21 13:37:22.935000,2881.0,2897.0,2863.0,2895.0,nan,2878.0,700048,20151729090.0,1369460,2882.0,155,2881.0,826,nan,0,nan,0,nan,0,nan,0,nan,0,nan,0,nan,0,nan,0
1597988242834068992,1597988243432000000,2020-08-21 13:37:23.432000,2882.0,2897.0,2863.0,2895.0,nan,2878.0,700058,20152017290.0,1369460,2882.0,221,2881.0,825,nan,0,nan,0,nan,0,nan,0,nan,0,nan,0,nan,0,nan,0
1597988243336008960,1597988243872000000,2020-08-21 13:37:23.872000,2882.0,2897.0,2863.0,2895.0,nan,2878.0,700059,20152046110.0,1369460,2882.0,220,2881.0,826,nan,0,nan,0,nan,0,nan,0,nan,0,nan,0,nan,0,nan,0
1597988244343781120,1597988244932000000,2020-08-21 13:37:24.932000,2882.0,2897.0,2863.0,2895.0,nan,2878.0,700063,20152161390.0,1369464,2882.0,216,2881.0,826,nan,0,nan,0,nan,0,nan,0,nan,0,nan,0,nan,0,nan,0
1597988244848496128,1597988245427000064,2020-08-21 13:37:25.427000,2882.0,2897.0,2863.0,2895.0,nan,2878.0,700064,20152190210.0,1369465,2882.0,216,2881.0,828,nan,0,nan,0,nan,0,nan,0,nan,0,nan,0,nan,0,nan,0
1597988245335535104,1597988245882999808,2020-08-21 13:37:25.883000,2881.0,2897.0,2863.0,2895.0,nan,2878.0,700065,20152219020.0,1369464,2882.0,216,2881.0,829,nan,0,nan,0,nan,0,nan,0,nan,0,nan,0,nan,0,nan,0
1597988245831663104,1597988246420000000,2020-08-21 13:37:26.420000,2882.0,2897.0,2863.0,2895.0,nan,2878.0,700067,20152276660.0,1369465,2882.0,214,2881.0,839,nan,0,nan,0,nan,0,nan,0,nan,0,nan,0,nan,0,nan,0
1597988246340595968,1597988246932000000,2020-08-21 13:37:26.932000,2882.0,2897.0,2863.0,2895.0,nan,2878.0,700067,20152276660.0,1369465,2882.0,213,2881.0,840,nan,0,nan,0,nan,0,nan,0,nan,0,nan,0,nan,0,nan,0
1597988246836641024,1597988247436999936,2020-08-21 13:37:27.437000,2882.0,2897.0,2863.0,2895.0,nan,2878.0,700068,20152305480.0,1369466,2882.0,214,2881.0,840,nan,0,nan,0,nan,0,nan,0,nan,0,nan,0,nan,0,nan,0
1597988247338351104,1597988247912000000,2020-08-21 13:37:27.912000,2882.0,2897.0,2863.0,2895.0,nan,2878.0,700076,20152536040.0,1369470,2882.0,206,2881.0,840,nan,0,nan,0,nan,0,nan,0,nan,0,nan,0,nan,0,nan,0
1597988247841888000,1597988248420999936,2020-08-21 13:37:28.421000,2882.0,2897.0,2863.0,2895.0,nan,2878.0,700091,20152968340.0,1369461,2882.0,221,2881.0,840,nan,0,nan,0,nan,0,nan,0,nan,0,nan,0,nan,0,nan,0
1597988248337378048,1597988248901999872,2020-08-21 13:37:28.902000,2882.0,2897.0,2863.0,2895.0,nan,2878.0,700096,20153112440.0,1369460,2882.0,216,2881.0,850,nan,0,nan,0,nan,0,nan,0,nan,0,nan,0,nan,0,nan,0
1597988249382273024,1597988249930000128,2020-08-21 13:37:29.930000,2882.0,2897.0,2863.0,2895.0,nan,2878.0,700096,20153112440.0,1369460,2882.0,217,2881.0,850,nan,0,nan,0,nan,0,nan,0,nan,0,nan,0,nan,0,nan,0
1597988249864367104,1597988250435000064,2020-08-21 13:37:30.435000,2882.0,2897.0,2863.0,2895.0,nan,2878.0,700097,20153141260.0,1369460,2882.0,216,2881.0,860,nan,0,nan,0,nan,0,nan,0,nan,0,nan,0,nan,0,nan,0
1597988250843013120,1597988251436000000,2020-08-21 13:37:31.436000,2882.0,2897.0,2863.0,2895.0,nan,2878.0,700098,20153170080.0,1369460,2882.0,214,2881.0,874,nan,0,nan,0,nan,0,nan,0,nan,0,nan,0,nan,0,nan,0
1597988251335616000,1597988251914000128,2020-08-21 13:37:31.914000,2882.0,2897.0,2863.0,2895.0,nan,2878.0,700154,20154783900.0,1369436,2882.0,193,2881.0,870,nan,0,nan,0,nan,0,nan,0,nan,0,nan,0,nan,0,nan,0
1597988251835687936,1597988252420999936,2020-08-21 13:37:32.421000,2882.0,2897.0,2863.0,2895.0,nan,2878.0,700176,20155417940.0,1369421,2882.0,174,2881.0,874,nan,0,nan,0,nan,0,nan,0,nan,0,nan,0,nan,0,nan,0
1597988252338846976,1597988252875000064,2020-08-21 13:37:32.875000,2882.0,2897.0,2863.0,2895.0,nan,2878.0,700179,20155504400.0,1369424,2882.0,180,2881.0,872,nan,0,nan,0,nan,0,nan,0,nan,0,nan,0,nan,0,nan,0
1597988252834298112,1597988253405999872,2020-08-21 13:37:33.406000,2882.0,2897.0,2863.0,2895.0,nan,2878.0,700180,20155533220.0,1369425,2882.0,179,2881.0,875,nan,0,nan,0,nan,0,nan,0,nan,0,nan,0,nan,0,nan,0
1597988253367581952,1597988253860999936,2020-08-21 13:37:33.861000,2882.0,2897.0,2863.0,2895.0,nan,2878.0,700184,20155648500.0,1369428,2882.0,275,2881.0,876,nan,0,nan,0,nan,0,nan,0,nan,0,nan,0,nan,0,nan,0
1597988253845486080,1597988254438999808,2020-08-21 13:37:34.439000,2882.0,2897.0,2863.0,2895.0,nan,2878.0,700185,20155677320.0,1369429,2882.0,325,2881.0,877,nan,0,nan,0,nan,0,nan,0,nan,0,nan,0,nan,0,nan,0
1597988254346641920,1597988254935000064,2020-08-21 13:37:34.935000,2882.0,2897.0,2863.0,2895.0,nan,2878.0,700185,20155677320.0,1369429,2882.0,325,2881.0,883,nan,0,nan,0,nan,0,nan,0,nan,0,nan,0,nan,0,nan,0
1597988254870714880,1597988255433000192,2020-08-21 13:37:35.433000,2882.0,2897.0,2863.0,2895.0,nan,2878.0,700185,20155677320.0,1369429,2882.0,344,2881.0,884,nan,0,nan,0,nan,0,nan,0,nan,0,nan,0,nan,0,nan,0
1597988255342055936,1597988255928000000,2020-08-21 13:37:35.928000,2882.0,2897.0,2863.0,2895.0,nan,2878.0,700185,20155677320.0,1369429,2882.0,373,2881.0,884,nan,0,nan,0,nan,0,nan,0,nan,0,nan,0,nan,0,nan,0
1597988255843770112,1597988256426000128,2020-08-21 13:37:36.426000,2882.0,2897.0,2863.0,2895.0,nan,2878.0,700185,20155677320.0,1369429,2882.0,368,2881.0,882,nan,0,nan,0,nan,0,nan,0,nan,0,nan,0,nan,0,nan,0
1597988256345400064,1597988256924999936,2020-08-21 13:37:36.925000,2882.0,2897.0,2863.0,2895.0,nan,2878.0,700195,20155965520.0,1369439,2882.0,360,2881.0,892,nan,0,nan,0,nan,0,nan,0,nan,0,nan,0,nan,0,nan,0
1597988256849850112,1597988257427000064,2020-08-21 13:37:37.427000,2881.0,2897.0,2863.0,2895.0,nan,2878.0,700196,20155994330.0,1369439,2882.0,359,2881.0,892,nan,0,nan,0,nan,0,nan,0,nan,0,nan,0,nan,0,nan,0
1597988257334842112,1597988257933000192,2020-08-21 13:37:37.933000,2881.0,2897.0,2863.0,2895.0,nan,2878.0,700196,20155994330.0,1369439,2882.0,361,2881.0,892,nan,0,nan,0,nan,0,nan,0,nan,0,nan,0,nan,0,nan,0
1597988257843076096,1597988258416999936,2020-08-21 13:37:38.417000,2881.0,2897.0,2863.0,2895.0,nan,2878.0,700197,20156023140.0,1369438,2882.0,360,2881.0,891,nan,0,nan,0,nan,0,nan,0,nan,0,nan,0,nan,0,nan,0
1597988258337283072,1597988258935000064,2020-08-21 13:37:38.935000,2882.0,2897.0,2863.0,2895.0,nan,2878.0,700200,20156109600.0,1369439,2882.0,356,2881.0,894,nan,0,nan,0,nan,0,nan,0,nan,0,nan,0,nan,0,nan,0
1597988258833103872,1597988259405999872,2020-08-21 13:37:39.406000,2882.0,2897.0,2863.0,2895.0,nan,2878.0,700201,20156138420.0,1369439,2882.0,356,2881.0,895,nan,0,nan,0,nan,0,nan,0,nan,0,nan,0,nan,0,nan,0
1597988259335674880,1597988259921999872,2020-08-21 13:37:39.922000,2882.0,2897.0,2863.0,2895.0,nan,2878.0,700216,20156570690.0,1369448,2882.0,344,2881.0,899,nan,0,nan,0,nan,0,nan,0,nan,0,nan,0,nan,0,nan,0
1597988259833574912,1597988260424999936,2020-08-21 13:37:40.425000,2882.0,2897.0,2863.0,2895.0,nan,2878.0,700217,20156599510.0,1369449,2882.0,349,2881.0,906,nan,0,nan,0,nan,0,nan,0,nan,0,nan,0,nan,0,nan,0
1597988260342478080,1597988260932000000,2020-08-21 13:37:40.932000,2882.0,2897.0,2863.0,2895.0,nan,2878.0,700217,20156599510.0,1369449,2882.0,350,2881.0,906,nan,0,nan,0,nan,0,nan,0,nan,0,nan,0,nan,0,nan,0
1597988260844252928,1597988261436000000,2020-08-21 13:37:41.436000,2882.0,2897.0,2863.0,2895.0,nan,2878.0,700220,20156685970.0,1369452,2882.0,347,2881.0,906,nan,0,nan,0,nan,0,nan,0,nan,0,nan,0,nan,0,nan,0
1597988261340408064,1597988261916000000,2020-08-21 13:37:41.916000,2882.0,2897.0,2863.0,2895.0,nan,2878.0,700222,20156743610.0,1369453,2882.0,345,2881.0,906,nan,0,nan,0,nan,0,nan,0,nan,0,nan,0,nan,0,nan,0
1597988261859757056,1597988262435000064,2020-08-21 13:37:42.435000,2882.0,2897.0,2863.0,2895.0,nan,2878.0,700222,20156743610.0,1369453,2882.0,347,2881.0,906,nan,0,nan,0,nan,0,nan,0,nan,0,nan,0,nan,0,nan,0
1597988262377392896,1597988262910000128,2020-08-21 13:37:42.910000,2882.0,2897.0,2863.0,2895.0,nan,2878.0,700223,20156772430.0,1369454,2882.0,347,2881.0,906,nan,0,nan,0,nan,0,nan,0,nan,0,nan,0,nan,0,nan,0
1597988262839859968,1597988263379000064,2020-08-21 13:37:43.379000,2881.0,2897.0,2863.0,2895.0,nan,2878.0,700225,20156830050.0,1369454,2882.0,386,2881.0,921,nan,0,nan,0,nan,0,nan,0,nan,0,nan,0,nan,0,nan,0
1597988263343922944,1597988263930000128,2020-08-21 13:37:43.930000,2881.0,2897.0,2863.0,2895.0,nan,2878.0,700225,20156830050.0,1369454,2882.0,387,2881.0,919,nan,0,nan,0,nan,0,nan,0,nan,0,nan,0,nan,0,nan,0
1597988263839652096,1597988264433000192,2020-08-21 13:37:44.433000,2882.0,2897.0,2863.0,2895.0,nan,2878.0,700246,20157435270.0,1369475,2882.0,367,2881.0,921,nan,0,nan,0,nan,0,nan,0,nan,0,nan,0,nan,0,nan,0
1597988264346279936,1597988264935000064,2020-08-21 13:37:44.935000,2882.0,2897.0,2863.0,2895.0,nan,2878.0,700246,20157435270.0,1369475,2882.0,370,2881.0,921,nan,0,nan,0,nan,0,nan,0,nan,0,nan,0,nan,0,nan,0
1597988264842144000,1597988265413000192,2020-08-21 13:37:45.413000,2882.0,2897.0,2863.0,2895.0,nan,2878.0,700249,20157521730.0,1369477,2882.0,373,2881.0,921,nan,0,nan,0,nan,0,nan,0,nan,0,nan,0,nan,0,nan,0
1597988265333700096,1597988265935000064,2020-08-21 13:37:45.935000,2882.0,2897.0,2863.0,2895.0,nan,2878.0,700251,20157579370.0,1369478,2882.0,366,2881.0,921,nan,0,nan,0,nan,0,nan,0,nan,0,nan,0,nan,0,nan,0
1597988265845857024,1597988266424999936,2020-08-21 13:37:46.425000,2882.0,2897.0,2863.0,2895.0,nan,2878.0,700251,20157579370.0,1369478,2882.0,366,2881.0,932,nan,0,nan,0,nan,0,nan,0,nan,0,nan,0,nan,0,nan,0
1597988266333801984,1597988266903000064,2020-08-21 13:37:46.903000,2882.0,2897.0,2863.0,2895.0,nan,2878.0,700251,20157579370.0,1369478,2882.0,366,2881.0,933,nan,0,nan,0,nan,0,nan,0,nan,0,nan,0,nan,0,nan,0
1597988266842049024,1597988267416999936,2020-08-21 13:37:47.417000,2882.0,2897.0,2863.0,2895.0,nan,2878.0,700261,20157867570.0,1369488,2882.0,272,2881.0,933,nan,0,nan,0,nan,0,nan,0,nan,0,nan,0,nan,0,nan,0
1597988267335623936,1597988267938999808,2020-08-21 13:37:47.939000,2882.0,2897.0,2863.0,2895.0,nan,2878.0,700261,20157867570.0,1369488,2882.0,272,2881.0,934,nan,0,nan,0,nan,0,nan,0,nan,0,nan,0,nan,0,nan,0
1597988267831621888,1597988268428999936,2020-08-21 13:37:48.429000,2882.0,2897.0,2863.0,2895.0,nan,2878.0,700263,20157925210.0,1369490,2882.0,270,2881.0,933,nan,0,nan,0,nan,0,nan,0,nan,0,nan,0,nan,0,nan,0
1597988268344498944,1597988268924999936,2020-08-21 13:37:48.925000,2882.0,2897.0,2863.0,2895.0,nan,2878.0,700263,20157925210.0,1369490,2882.0,273,2881.0,933,nan,0,nan,0,nan,0,nan,0,nan,0,nan,0,nan,0,nan,0
1597988269335417088,1597988269892999936,2020-08-21 13:37:49.893000,2882.0,2897.0,2863.0,2895.0,nan,2878.0,700263,20157925210.0,1369490,2882.0,274,2881.0,933,nan,0,nan,0,nan,0,nan,0,nan,0,nan,0,nan,0,nan,0
1597988269834983936,1597988270424000000,2020-08-21 13:37:50.424000,2882.0,2897.0,2863.0,2895.0,nan,2878.0,700269,20158098130.0,1369490,2882.0,268,2881.0,933,nan,0,nan,0,nan,0,nan,0,nan,0,nan,0,nan,0,nan,0
1597988270333339904,1597988270935000064,2020-08-21 13:37:50.935000,2882.0,2897.0,2863.0,2895.0,nan,2878.0,700273,20158213410.0,1369491,2882.0,263,2881.0,933,nan,0,nan,0,nan,0,nan,0,nan,0,nan,0,nan,0,nan,0
1597988270837969920,1597988271434000128,2020-08-21 13:37:51.434000,2882.0,2897.0,2863.0,2895.0,nan,2878.0,700273,20158213410.0,1369491,2882.0,273,2881.0,934,nan,0,nan,0,nan,0,nan,0,nan,0,nan,0,nan,0,nan,0
1597988271834725120,1597988272432000000,2020-08-21 13:37:52.432000,2882.0,2897.0,2863.0,2895.0,nan,2878.0,700273,20158213410.0,1369491,2882.0,295,2881.0,934,nan,0,nan,0,nan,0,nan,0,nan,0,nan,0,nan,0,nan,0
1597988272335800064,1597988272920000000,2020-08-21 13:37:52.920000,2882.0,2897.0,2863.0,2895.0,nan,2878.0,700273,20158213410.0,1369491,2882.0,295,2881.0,936,nan,0,nan,0,nan,0,nan,0,nan,0,nan,0,nan,0,nan,0
1597988272833660928,1597988273434000128,2020-08-21 13:37:53.434000,2882.0,2897.0,2863.0,2895.0,nan,2878.0,700278,20158357510.0,1369496,2882.0,333,2881.0,936,nan,0,nan,0,nan,0,nan,0,nan,0,nan,0,nan,0,nan,0
1597988273334650880,1597988273932000000,2020-08-21 13:37:53.932000,2882.0,2897.0,2863.0,2895.0,nan,2878.0,700278,20158357510.0,1369496,2882.0,334,2881.0,936,nan,0,nan,0,nan,0,nan,0,nan,0,nan,0,nan,0,nan,0
1597988273834053120,1597988274432000000,2020-08-21 13:37:54.432000,2882.0,2897.0,2863.0,2895.0,nan,2878.0,700280,20158415150.0,1369498,2882.0,354,2881.0,937,nan,0,nan,0,nan,0,nan,0,nan,0,nan,0,nan,0,nan,0
1597988274330920960,1597988274931000064,2020-08-21 13:37:54.931000,2882.0,2897.0,2863.0,2895.0,nan,2878.0,700281,20158443970.0,1369499,2882.0,353,2881.0,937,nan,0,nan,0,nan,0,nan,0,nan,0,nan,0,nan,0,nan,0
1597988276894074880,1597988277428999936,2020-08-21 13:37:57.429000,2882.0,2897.0,2863.0,2895.0,nan,2878.0,700283,20158501610.0,1369501,2882.0,351,2881.0,937,nan,0,nan,0,nan,0,nan,0,nan,0,nan,0,nan,0,nan,0
1597988277341406976,1597988277920000000,2020-08-21 13:37:57.920000,2882.0,2897.0,2863.0,2895.0,nan,2878.0,700290,20158703350.0,1369500,2882.0,344,2881.0,944,nan,0,nan,0,nan,0,nan,0,nan,0,nan,0,nan,0,nan,0
1597988278833513984,1597988279433000192,2020-08-21 13:37:59.433000,2882.0,2897.0,2863.0,2895.0,nan,2878.0,700634,20168617430.0,1369305,2883.0,727,2882.0,205,nan,0,nan,0,nan,0,nan,0,nan,0,nan,0,nan,0,nan,0
1597988279332369920,1597988279936999936,2020-08-21 13:37:59.937000,2882.0,2897.0,2863.0,2895.0,nan,2878.0,700634,20168617430.0,1369305,2883.0,739,2882.0,336,nan,0,nan,0,nan,0,nan,0,nan,0,nan,0,nan,0,nan,0
1597988279834949120,1597988280436000000,2020-08-21 13:38:00.436000,2883.0,2897.0,2863.0,2895.0,nan,2878.0,700636,20168675090.0,1369305,2883.0,727,2882.0,462,nan,0,nan,0,nan,0,nan,0,nan,0,nan,0,nan,0,nan,0
1597988280335237888,1597988280933000192,2020-08-21 13:38:00.933000,2883.0,2897.0,2863.0,2895.0,nan,2878.0,700652,20169136330.0,1369300,2883.0,656,2882.0,467,nan,0,nan,0,nan,0,nan,0,nan,0,nan,0,nan,0,nan,0
1597988280832965120,1597988281396000000,2020-08-21 13:38:01.396000,2883.0,2897.0,2863.0,2895.0,nan,2878.0,700663,20169453450.0,1369302,2883.0,646,2882.0,468,nan,0,nan,0,nan,0,nan,0,nan,0,nan,0,nan,0,nan,0
1597988281333476096,1597988281924999936,2020-08-21 13:38:01.925000,2883.0,2897.0,2863.0,2895.0,nan,2878.0,700663,20169453450.0,1369302,2883.0,647,2882.0,470,nan,0,nan,0,nan,0,nan,0,nan,0,nan,0,nan,0,nan,0
1597988281830360064,1597988282423000064,2020-08-21 13:38:02.423000,2883.0,2897.0,2863.0,2895.0,nan,2878.0,700663,20169453450.0,1369302,2883.0,667,2882.0,470,nan,0,nan,0,nan,0,nan,0,nan,0,nan,0,nan,0,nan,0
1597988282345050112,1597988282935000064,2020-08-21 13:38:02.935000,2883.0,2897.0,2863.0,2895.0,nan,2878.0,700670,20169655260.0,1369308,2883.0,658,2882.0,470,nan,0,nan,0,nan,0,nan,0,nan,0,nan,0,nan,0,nan,0
1597988282834028032,1597988283423000064,2020-08-21 13:38:03.423000,2883.0,2897.0,2863.0,2895.0,nan,2878.0,700670,20169655260.0,1369308,2883.0,657,2882.0,472,nan,0,nan,0,nan,0,nan,0,nan,0,nan,0,nan,0,nan,0
1597988283341852928,1597988283913000192,2020-08-21 13:38:03.913000,2883.0,2897.0,2863.0,2895.0,nan,2878.0,700673,20169741740.0,1369306,2883.0,656,2882.0,473,nan,0,nan,0,nan,0,nan,0,nan,0,nan,0,nan,0,nan,0
1597988283835738112,1597988284420999936,2020-08-21 13:38:04.421000,2883.0,2897.0,2863.0,2895.0,nan,2878.0,700676,20169828220.0,1369306,2883.0,654,2882.0,488,nan,0,nan,0,nan,0,nan,0,nan,0,nan,0,nan,0,nan,0
1597988284335674880,1597988284932000000,2020-08-21 13:38:04.932000,2883.0,2897.0,2863.0,2895.0,nan,2878.0,700676,20169828220.0,1369306,2883.0,655,2882.0,490,nan,0,nan,0,nan,0,nan,0,nan,0,nan,0,nan,0,nan,0
1597988284833270016,1597988285413000192,2020-08-21 13:38:05.413000,2883.0,2897.0,2863.0,2895.0,nan,2878.0,700676,20169828220.0,1369306,2883.0,660,2882.0,502,nan,0,nan,0,nan,0,nan,0,nan,0,nan,0,nan,0,nan,0
1597988285336676096,1597988285924000000,2020-08-21 13:38:05.924000,2882.0,2897.0,2863.0,2895.0,nan,2878.0,700681,20169972320.0,1369311,2883.0,676,2882.0,482,nan,0,nan,0,nan,0,nan,0,nan,0,nan,0,nan,0,nan,0
1597988285831656960,1597988286428000000,2020-08-21 13:38:06.428000,2883.0,2897.0,2863.0,2895.0,nan,2878.0,700689,20170202960.0,1369310,2883.0,677,2882.0,482,nan,0,nan,0,nan,0,nan,0,nan,0,nan,0,nan,0,nan,0
1597988286332582912,1597988286920999936,2020-08-21 13:38:06.921000,2883.0,2897.0,2863.0,2895.0,nan,2878.0,700692,20170289440.0,1369310,2883.0,668,2882.0,479,nan,0,nan,0,nan,0,nan,0,nan,0,nan,0,nan,0,nan,0
1597988286834491904,1597988287435000064,2020-08-21 13:38:07.435000,2883.0,2897.0,2863.0,2895.0,nan,2878.0,700692,20170289440.0,1369310,2883.0,670,2882.0,486,nan,0,nan,0,nan,0,nan,0,nan,0,nan,0,nan,0,nan,0
1597988287334519040,1597988287937999872,2020-08-21 13:38:07.938000,2883.0,2897.0,2863.0,2895.0,nan,2878.0,700720,20171096680.0,1369313,2883.0,643,2882.0,487,nan,0,nan,0,nan,0,nan,0,nan,0,nan,0,nan,0,nan,0
1597988287832115968,1597988288436999936,2020-08-21 13:38:08.437000,2883.0,2897.0,2863.0,2895.0,nan,2878.0,700722,20171154340.0,1369312,2883.0,641,2882.0,487,nan,0,nan,0,nan,0,nan,0,nan,0,nan,0,nan,0,nan,0
1597988288331407872,1597988288913000192,2020-08-21 13:38:08.913000,2883.0,2897.0,2863.0,2895.0,nan,2878.0,700725,20171240830.0,1369311,2883.0,638,2882.0,492,nan,0,nan,0,nan,0,nan,0,nan,0,nan,0,nan,0,nan,0
1597988288833110016,1597988289397000192,2020-08-21 13:38:09.397000,2883.0,2897.0,2863.0,2895.0,nan,2878.0,700737,20171586680.0,1369322,2883.0,636,2882.0,482,nan,0,nan,0,nan,0,nan,0,nan,0,nan,0,nan,0,nan,0
1597988289335589120,1597988289911000064,2020-08-21 13:38:09.911000,2882.0,2897.0,2863.0,2895.0,nan,2878.0,700743,20171759600.0,1369328,2883.0,638,2882.0,484,nan,0,nan,0,nan,0,nan,0,nan,0,nan,0,nan,0,nan,0
1597988289893422080,1597988290417999872,2020-08-21 13:38:10.418000,2883.0,2897.0,2863.0,2895.0,nan,2878.0,700746,20171846070.0,1369329,2883.0,643,2882.0,484,nan,0,nan,0,nan,0,nan,0,nan,0,nan,0,nan,0,nan,0
1597988290342912000,1597988290931000064,2020-08-21 13:38:10.931000,2883.0,2897.0,2863.0,2895.0,nan,2878.0,700746,20171846070.0,1369329,2883.0,645,2882.0,477,nan,0,nan,0,nan,0,nan,0,nan,0,nan,0,nan,0,nan,0
1597988290843340032,1597988291432000000,2020-08-21 13:38:11.432000,2883.0,2897.0,2863.0,2895.0,nan,2878.0,700747,20171874900.0,1369328,2883.0,644,2882.0,492,nan,0,nan,0,nan,0,nan,0,nan,0,nan,0,nan,0,nan,0
1597988291342887936,1597988291932000000,2020-08-21 13:38:11.932000,2883.0,2897.0,2863.0,2895.0,nan,2878.0,701423,20191363980.0,1369275,2884.0,885,2883.0,69,nan,0,nan,0,nan,0,nan,0,nan,0,nan,0,nan,0,nan,0
1597988291845272064,1597988292436999936,2020-08-21 13:38:12.437000,2883.0,2897.0,2863.0,2895.0,nan,2878.0,701588,20196120830.0,1369277,2883.0,110,2882.0,738,nan,0,nan,0,nan,0,nan,0,nan,0,nan,0,nan,0,nan,0
1597988292340960000,1597988292936000000,2020-08-21 13:38:12.936000,2883.0,2897.0,2863.0,2895.0,nan,2878.0,701625,20197187540.0,1369253,2883.0,73,2882.0,766,nan,0,nan,0,nan,0,nan,0,nan,0,nan,0,nan,0,nan,0
1597988292841840896,1597988293428000000,2020-08-21 13:38:13.428000,2883.0,2897.0,2863.0,2895.0,nan,2878.0,701627,20197245200.0,1369253,2883.0,582,2882.0,766,nan,0,nan,0,nan,0,nan,0,nan,0,nan,0,nan,0,nan,0
1597988293346605056,1597988293931000064,2020-08-21 13:38:13.931000,2883.0,2897.0,2863.0,2895.0,nan,2878.0,701628,20197274030.0,1369253,2883.0,626,2882.0,893,nan,0,nan,0,nan,0,nan,0,nan,0,nan,0,nan,0,nan,0
1597988293833147904,1597988294430000128,2020-08-21 13:38:14.430000,2883.0,2897.0,2863.0,2895.0,nan,2878.0,701629,20197302860.0,1369253,2883.0,625,2882.0,878,nan,0,nan,0,nan,0,nan,0,nan,0,nan,0,nan,0,nan,0
1597988294333550080,1597988294933000192,2020-08-21 13:38:14.933000,2883.0,2897.0,2863.0,2895.0,nan,2878.0,701632,20197389350.0,1369251,2883.0,644,2882.0,879,nan,0,nan,0,nan,0,nan,0,nan,0,nan,0,nan,0,nan,0
1597988294830516992,1597988295438999808,2020-08-21 13:38:15.439000,2883.0,2897.0,2863.0,2895.0,nan,2878.0,701632,20197389350.0,1369251,2883.0,649,2882.0,880,nan,0,nan,0,nan,0,nan,0,nan,0,nan,0,nan,0,nan,0
1597988295347091968,1597988295918999808,2020-08-21 13:38:15.919000,2883.0,2897.0,2863.0,2895.0,nan,2878.0,701633,20197418180.0,1369250,2883.0,649,2882.0,880,nan,0,nan,0,nan,0,nan,0,nan,0,nan,0,nan,0,nan,0
1597988295836627968,1597988296410000128,2020-08-21 13:38:16.410000,2883.0,2897.0,2863.0,2895.0,nan,2878.0,701639,20197591160.0,1369249,2883.0,643,2882.0,873,nan,0,nan,0,nan,0,nan,0,nan,0,nan,0,nan,0,nan,0
1597988296836736000,1597988297424999936,2020-08-21 13:38:17.425000,2883.0,2897.0,2863.0,2895.0,nan,2878.0,701653,20197994780.0,1369246,2883.0,679,2882.0,873,nan,0,nan,0,nan,0,nan,0,nan,0,nan,0,nan,0,nan,0
1597988297331685120,1597988297882999808,2020-08-21 13:38:17.883000,2883.0,2897.0,2863.0,2895.0,nan,2878.0,701661,20198225420.0,1369243,2883.0,673,2882.0,873,nan,0,nan,0,nan,0,nan,0,nan,0,nan,0,nan,0,nan,0
1597988297834708992,1597988298433000192,2020-08-21 13:38:18.433000,2883.0,2897.0,2863.0,2895.0,nan,2878.0,701664,20198311910.0,1369245,2883.0,669,2882.0,874,nan,0,nan,0,nan,0,nan,0,nan,0,nan,0,nan,0,nan,0
1597988298334546944,1597988298876000000,2020-08-21 13:38:18.876000,2883.0,2897.0,2863.0,2895.0,nan,2878.0,701665,20198340740.0,1369244,2883.0,671,2882.0,870,nan,0,nan,0,nan,0,nan,0,nan,0,nan,0,nan,0,nan,0
1597988298833629952,1597988299417999872,2020-08-21 13:38:19.418000,2883.0,2897.0,2863.0,2895.0,nan,2878.0,701666,20198369570.0,1369243,2883.0,672,2882.0,879,nan,0,nan,0,nan,0,nan,0,nan,0,nan,0,nan,0,nan,0
1597988299335229952,1597988299908999936,2020-08-21 13:38:19.909000,2883.0,2897.0,2863.0,2895.0,nan,2878.0,701678,20198715450.0,1369239,2883.0,668,2882.0,881,nan,0,nan,0,nan,0,nan,0,nan,0,nan,0,nan,0,nan,0
1597988299832852992,1597988300403000064,2020-08-21 13:38:20.403000,2883.0,2897.0,2863.0,2895.0,nan,2878.0,701735,20200358760.0,1369182,2883.0,625,2882.0,882,nan,0,nan,0,nan,0,nan,0,nan,0,nan,0,nan,0,nan,0
1597988300335299072,1597988300936999936,2020-08-21 13:38:20.937000,2882.0,2897.0,2863.0,2895.0,nan,2878.0,701883,20204625560.0,1369045,2883.0,481,2882.0,879,nan,0,nan,0,nan,0,nan,0,nan,0,nan,0,nan,0,nan,0
1597988300840512000,1597988301433000192,2020-08-21 13:38:21.433000,2883.0,2897.0,2863.0,2895.0,nan,2878.0,701886,20204712050.0,1369044,2883.0,531,2882.0,876,nan,0,nan,0,nan,0,nan,0,nan,0,nan,0,nan,0,nan,0
1597988301512518912,1597988301933000192,2020-08-21 13:38:21.933000,2883.0,2897.0,2863.0,2895.0,nan,2878.0,701888,20204769710.0,1369044,2883.0,531,2882.0,867,nan,0,nan,0,nan,0,nan,0,nan,0,nan,0,nan,0,nan,0
1597988302051824896,1597988302404000000,2020-08-21 13:38:22.404000,2883.0,2897.0,2863.0,2895.0,nan,2878.0,701888,20204769710.0,1369044,2883.0,531,2882.0,918,nan,0,nan,0,nan,0,nan,0,nan,0,nan,0,nan,0,nan,0
1597988302351674880,1597988302921999872,2020-08-21 13:38:22.922000,2883.0,2897.0,2863.0,2895.0,nan,2878.0,701888,20204769710.0,1369044,2883.0,532,2882.0,920,nan,0,nan,0,nan,0,nan,0,nan,0,nan,0,nan,0,nan,0
1597988302858505984,1597988303398000128,2020-08-21 13:38:23.398000,2883.0,2897.0,2863.0,2895.0,nan,2878.0,701888,20204769710.0,1369044,2883.0,533,2882.0,919,nan,0,nan,0,nan,0,nan,0,nan,0,nan,0,nan,0,nan,0
1597988303334694912,1597988303917999872,2020-08-21 13:38:23.918000,2883.0,2897.0,2863.0,2895.0,nan,2878.0,701889,20204798540.0,1369043,2883.0,532,2882.0,918,nan,0,nan,0,nan,0,nan,0,nan,0,nan,0,nan,0,nan,0
1597988303842209024,1597988304427000064,2020-08-21 13:38:24.427000,2883.0,2897.0,2863.0,2895.0,nan,2878.0,701889,20204798540.0,1369043,2883.0,533,2882.0,923,nan,0,nan,0,nan,0,nan,0,nan,0,nan,0,nan,0,nan,0
1597988304336188928,1597988304887000064,2020-08-21 13:38:24.887000,2883.0,2897.0,2863.0,2895.0,nan,2878.0,701919,20205663440.0,1369043,2883.0,503,2882.0,928,nan,0,nan,0,nan,0,nan,0,nan,0,nan,0,nan,0,nan,0
1597988304840253952,1597988305433000192,2020-08-21 13:38:25.433000,2883.0,2897.0,2863.0,2895.0,nan,2878.0,701919,20205663440.0,1369043,2883.0,460,2882.0,945,nan,0,nan,0,nan,0,nan,0,nan,0,nan,0,nan,0,nan,0
1597988305337882880,1597988305936999936,2020-08-21 13:38:25.937000,2883.0,2897.0,2863.0,2895.0,nan,2878.0,701975,20207277920.0,1368988,2883.0,406,2882.0,963,nan,0,nan,0,nan,0,nan,0,nan,0,nan,0,nan,0,nan,0
1597988305845248000,1597988306417999872,2020-08-21 13:38:26.418000,2883.0,2897.0,2863.0,2895.0,nan,2878.0,701976,20207306750.0,1368988,2883.0,406,2882.0,963,nan,0,nan,0,nan,0,nan,0,nan,0,nan,0,nan,0,nan,0
1597988306333150976,1597988306881999872,2020-08-21 13:38:26.882000,2882.0,2897.0,2863.0,2895.0,nan,2878.0,701985,20207566210.0,1368988,2883.0,398,2882.0,965,nan,0,nan,0,nan,0,nan,0,nan,0,nan,0,nan,0,nan,0
1597988307334850048,1597988307923000064,2020-08-21 13:38:27.923000,2883.0,2897.0,2863.0,2895.0,nan,2878.0,701986,20207595040.0,1368987,2883.0,397,2882.0,965,nan,0,nan,0,nan,0,nan,0,nan,0,nan,0,nan,0,nan,0
1597988307839853056,1597988308432000000,2020-08-21 13:38:28.432000,2883.0,2897.0,2863.0,2895.0,nan,2878.0,701986,20207595040.0,1368987,2883.0,408,2882.0,973,nan,0,nan,0,nan,0,nan,0,nan,0,nan,0,nan,0,nan,0
1597988308333016064,1597988308936999936,2020-08-21 13:38:28.937000,2883.0,2897.0,2863.0,2895.0,nan,2878.0,701986,20207595040.0,1368987,2883.0,409,2882.0,984,nan,0,nan,0,nan,0,nan,0,nan,0,nan,0,nan,0,nan,0
1597988308834455040,1597988309418999808,2020-08-21 13:38:29.419000,2883.0,2897.0,2863.0,2895.0,nan,2878.0,701986,20207595040.0,1368987,2883.0,408,2882.0,988,nan,0,nan,0,nan,0,nan,0,nan,0,nan,0,nan,0,nan,0
1597988309340218112,1597988309932000000,2020-08-21 13:38:29.932000,2883.0,2897.0,2863.0,2895.0,nan,2878.0,702008,20208229300.0,1368987,2883.0,386,2882.0,988,nan,0,nan,0,nan,0,nan,0,nan,0,nan,0,nan,0,nan,0
1597988309962277888,1597988310433000192,2020-08-21 13:38:30.433000,2883.0,2897.0,2863.0,2895.0,nan,2878.0,702033,20208949850.0,1368983,2883.0,371,2882.0,969,nan,0,nan,0,nan,0,nan,0,nan,0,nan,0,nan,0,nan,0
1597988310416566016,1597988310916000000,2020-08-21 13:38:30.916000,2882.0,2897.0,2863.0,2895.0,nan,2878.0,702038,20209093990.0,1368983,2883.0,487,2882.0,966,nan,0,nan,0,nan,0,nan,0,nan,0,nan,0,nan,0,nan,0
1597988310850172928,1597988311407000064,2020-08-21 13:38:31.407000,2882.0,2897.0,2863.0,2895.0,nan,2878.0,702038,20209093990.0,1368983,2883.0,529,2882.0,966,nan,0,nan,0,nan,0,nan,0,nan,0,nan,0,nan,0,nan,0
1597988311331979008,1597988311936000000,2020-08-21 13:38:31.936000,2882.0,2897.0,2863.0,2895.0,nan,2878.0,702043,20209238130.0,1368983,2883.0,530,2882.0,966,nan,0,nan,0,nan,0,nan,0,nan,0,nan,0,nan,0,nan,0
1597988311832994048,1597988312436999936,2020-08-21 13:38:32.437000,2883.0,2897.0,2863.0,2895.0,nan,2878.0,702044,20209266960.0,1368982,2883.0,489,2882.0,968,nan,0,nan,0,nan,0,nan,0,nan,0,nan,0,nan,0,nan,0
1597988312336453120,1597988312916999936,2020-08-21 13:38:32.917000,2883.0,2897.0,2863.0,2895.0,nan,2878.0,702046,20209324620.0,1368980,2883.0,480,2882.0,968,nan,0,nan,0,nan,0,nan,0,nan,0,nan,0,nan,0,nan,0
1597988312836596992,1597988313424000000,2020-08-21 13:38:33.424000,2883.0,2897.0,2863.0,2895.0,nan,2878.0,702046,20209324620.0,1368980,2883.0,480,2882.0,965,nan,0,nan,0,nan,0,nan,0,nan,0,nan,0,nan,0,nan,0
1597988313334302976,1597988313927000064,2020-08-21 13:38:33.927000,2883.0,2897.0,2863.0,2895.0,nan,2878.0,702046,20209324620.0,1368980,2883.0,481,2882.0,973,nan,0,nan,0,nan,0,nan,0,nan,0,nan,0,nan,0,nan,0
1597988313830264064,1597988314414000128,2020-08-21 13:38:34.414000,2883.0,2897.0,2863.0,2895.0,nan,2878.0,702048,20209382280.0,1368979,2883.0,492,2882.0,973,nan,0,nan,0,nan,0,nan,0,nan,0,nan,0,nan,0,nan,0
1597988314833147904,1597988315403000064,2020-08-21 13:38:35.403000,2883.0,2897.0,2863.0,2895.0,nan,2878.0,702052,20209497600.0,1368979,2883.0,489,2882.0,973,nan,0,nan,0,nan,0,nan,0,nan,0,nan,0,nan,0,nan,0
1597988315332524032,1597988315867000064,2020-08-21 13:38:35.867000,2883.0,2897.0,2863.0,2895.0,nan,2878.0,702053,20209526430.0,1368979,2883.0,487,2882.0,973,nan,0,nan,0,nan,0,nan,0,nan,0,nan,0,nan,0,nan,0
1597988315829526016,1597988316400000000,2020-08-21 13:38:36.400000,2883.0,2897.0,2863.0,2895.0,nan,2878.0,702054,20209555260.0,1368979,2883.0,486,2882.0,973,nan,0,nan,0,nan,0,nan,0,nan,0,nan,0,nan,0,nan,0
1597988316332337920,1597988316920999936,2020-08-21 13:38:36.921000,2883.0,2897.0,2863.0,2895.0,nan,2878.0,702089,20210564310.0,1368959,2883.0,451,2882.0,985,nan,0,nan,0,nan,0,nan,0,nan,0,nan,0,nan,0,nan,0
1597988316830320128,1597988317431000064,2020-08-21 13:38:37.431000,2883.0,2897.0,2863.0,2895.0,nan,2878.0,702089,20210564310.0,1368959,2883.0,401,2882.0,986,nan,0,nan,0,nan,0,nan,0,nan,0,nan,0,nan,0,nan,0
1597988317334000128,1597988317900999936,2020-08-21 13:38:37.901000,2882.0,2897.0,2863.0,2895.0,nan,2878.0,702098,20210823740.0,1368956,2883.0,332,2882.0,994,nan,0,nan,0,nan,0,nan,0,nan,0,nan,0,nan,0,nan,0
1597988317960590080,1597988318426000128,2020-08-21 13:38:38.426000,2882.0,2897.0,2863.0,2895.0,nan,2878.0,702099,20210852560.0,1368955,2883.0,338,2882.0,992,nan,0,nan,0,nan,0,nan,0,nan,0,nan,0,nan,0,nan,0
1597988318344214016,1597988318931000064,2020-08-21 13:38:38.931000,2883.0,2897.0,2863.0,2895.0,nan,2878.0,702103,20210967880.0,1368951,2883.0,388,2882.0,982,nan,0,nan,0,nan,0,nan,0,nan,0,nan,0,nan,0,nan,0
1597988318840901120,1597988319398000128,2020-08-21 13:38:39.398000,2883.0,2897.0,2863.0,2895.0,nan,2878.0,702104,20210996710.0,1368951,2883.0,390,2882.0,982,nan,0,nan,0,nan,0,nan,0,nan,0,nan,0,nan,0,nan,0
1597988319333475072,1597988319927000064,2020-08-21 13:38:39.927000,2883.0,2897.0,2863.0,2895.0,nan,2878.0,702106,20211054370.0,1368951,2883.0,427,2882.0,982,nan,0,nan,0,nan,0,nan,0,nan,0,nan,0,nan,0,nan,0
1597988319835297024,1597988320407000064,2020-08-21 13:38:40.407000,2883.0,2897.0,2863.0,2895.0,nan,2878.0,702106,20211054370.0,1368951,2883.0,427,2882.0,983,nan,0,nan,0,nan,0,nan,0,nan,0,nan,0,nan,0,nan,0
1597988320336986112,1597988320926000128,2020-08-21 13:38:40.926000,2882.0,2897.0,2863.0,2895.0,nan,2878.0,702110,20211169680.0,1368948,2883.0,425,2882.0,982,nan,0,nan,0,nan,0,nan,0,nan,0,nan,0,nan,0,nan,0
1597988320833979904,1597988321436999936,2020-08-21 13:38:41.437000,2882.0,2897.0,2863.0,2895.0,nan,2878.0,702110,20211169680.0,1368948,2883.0,425,2882.0,984,nan,0,nan,0,nan,0,nan,0,nan,0,nan,0,nan,0,nan,0
1597988321334274048,1597988321938999808,2020-08-21 13:38:41.939000,2882.0,2897.0,2863.0,2895.0,nan,2878.0,702133,20211832760.0,1368925,2883.0,403,2882.0,970,nan,0,nan,0,nan,0,nan,0,nan,0,nan,0,nan,0,nan,0
1597988321832040960,1597988322426000128,2020-08-21 13:38:42.426000,2882.0,2897.0,2863.0,2895.0,nan,2878.0,702133,20211832760.0,1368925,2883.0,415,2882.0,970,nan,0,nan,0,nan,0,nan,0,nan,0,nan,0,nan,0,nan,0
1597988322331283968,1597988322928999936,2020-08-21 13:38:42.929000,2883.0,2897.0,2863.0,2895.0,nan,2878.0,702134,20211861590.0,1368925,2883.0,415,2882.0,970,nan,0,nan,0,nan,0,nan,0,nan,0,nan,0,nan,0,nan,0
1597988322834137088,1597988323428999936,2020-08-21 13:38:43.429000,2883.0,2897.0,2863.0,2895.0,nan,2878.0,702136,20211919250.0,1368924,2883.0,413,2882.0,970,nan,0,nan,0,nan,0,nan,0,nan,0,nan,0,nan,0,nan,0
1597988323332100096,1597988323923000064,2020-08-21 13:38:43.923000,2883.0,2897.0,2863.0,2895.0,nan,2878.0,702137,20211948080.0,1368924,2883.0,412,2882.0,970,nan,0,nan,0,nan,0,nan,0,nan,0,nan,0,nan,0,nan,0
1597988323831226112,1597988324356000000,2020-08-21 13:38:44.356000,2882.0,2897.0,2863.0,2895.0,nan,2878.0,702145,20212178710.0,1368917,2883.0,405,2882.0,969,nan,0,nan,0,nan,0,nan,0,nan,0,nan,0,nan,0,nan,0
1597988324847902976,1597988325424000000,2020-08-21 13:38:45.424000,2883.0,2897.0,2863.0,2895.0,nan,2878.0,702147,20212236370.0,1368916,2883.0,408,2882.0,969,nan,0,nan,0,nan,0,nan,0,nan,0,nan,0,nan,0,nan,0
1597988326396126976,1597988326921999872,2020-08-21 13:38:46.922000,2883.0,2897.0,2863.0,2895.0,nan,2878.0,702147,20212236370.0,1368916,2883.0,408,2882.0,970,nan,0,nan,0,nan,0,nan,0,nan,0,nan,0,nan,0,nan,0
1597988327337980928,1597988327936999936,2020-08-21 13:38:47.937000,2883.0,2897.0,2863.0,2895.0,nan,2878.0,702188,20213418390.0,1368915,2883.0,368,2882.0,969,nan,0,nan,0,nan,0,nan,0,nan,0,nan,0,nan,0,nan,0
1597988328423017984,1597988328881999872,2020-08-21 13:38:48.882000,2883.0,2897.0,2863.0,2895.0,nan,2878.0,702188,20213418390.0,1368915,2883.0,368,2882.0,968,nan,0,nan,0,nan,0,nan,0,nan,0,nan,0,nan,0,nan,0
1597988329479952896,1597988329930000128,2020-08-21 13:38:49.930000,2883.0,2897.0,2863.0,2895.0,nan,2878.0,702189,20213447220.0,1368915,2883.0,367,2882.0,968,nan,0,nan,0,nan,0,nan,0,nan,0,nan,0,nan,0,nan,0
1597988329866764032,1597988330434000128,2020-08-21 13:38:50.434000,2883.0,2897.0,2863.0,2895.0,nan,2878.0,702189,20213447220.0,1368915,2883.0,368,2882.0,986,nan,0,nan,0,nan,0,nan,0,nan,0,nan,0,nan,0,nan,0
1597988330336177920,1597988330931000064,2020-08-21 13:38:50.931000,2883.0,2897.0,2863.0,2895.0,nan,2878.0,702189,20213447220.0,1368915,2883.0,368,2882.0,983,nan,0,nan,0,nan,0,nan,0,nan,0,nan,0,nan,0,nan,0
1597988330873897984,1597988331320000000,2020-08-21 13:38:51.320000,2883.0,2897.0,2863.0,2895.0,nan,2878.0,702189,20213447220.0,1368915,2883.0,370,2882.0,983,nan,0,nan,0,nan,0,nan,0,nan,0,nan,0,nan,0,nan,0
1597988331335787008,1597988331923000064,2020-08-21 13:38:51.923000,2883.0,2897.0,2863.0,2895.0,nan,2878.0,702189,20213447220.0,1368915,2883.0,372,2882.0,932,nan,0,nan,0,nan,0,nan,0,nan,0,nan,0,nan,0,nan,0
1597988332333603072,1597988332894000128,2020-08-21 13:38:52.894000,2883.0,2897.0,2863.0,2895.0,nan,2878.0,702189,20213447220.0,1368915,2883.0,372,2882.0,931,nan,0,nan,0,nan,0,nan,0,nan,0,nan,0,nan,0,nan,0
1597988332832527872,1597988333435000064,2020-08-21 13:38:53.435000,2883.0,2897.0,2863.0,2895.0,nan,2878.0,702193,20213562540.0,1368912,2883.0,368,2882.0,933,nan,0,nan,0,nan,0,nan,0,nan,0,nan,0,nan,0,nan,0
1597988333877189888,1597988334436000000,2020-08-21 13:38:54.436000,2882.0,2897.0,2863.0,2895.0,nan,2878.0,702197,20213677820.0,1368908,2883.0,368,2882.0,930,nan,0,nan,0,nan,0,nan,0,nan,0,nan,0,nan,0,nan,0
1597988334331915008,1597988334921999872,2020-08-21 13:38:54.922000,2882.0,2897.0,2863.0,2895.0,nan,2878.0,702197,20213677820.0,1368908,2883.0,370,2882.0,930,nan,0,nan,0,nan,0,nan,0,nan,0,nan,0,nan,0,nan,0
1597988334862462976,1597988335376000000,2020-08-21 13:38:55.376000,2883.0,2897.0,2863.0,2895.0,nan,2878.0,702203,20213850800.0,1368908,2883.0,365,2882.0,930,nan,0,nan,0,nan,0,nan,0,nan,0,nan,0,nan,0,nan,0
1597988335334040064,1597988335924999936,2020-08-21 13:38:55.925000,2883.0,2897.0,2863.0,2895.0,nan,2878.0,702203,20213850800.0,1368908,2883.0,365,2882.0,931,nan,0,nan,0,nan,0,nan,0,nan,0,nan,0,nan,0,nan,0
1597988335831277056,1597988336359000064,2020-08-21 13:38:56.359000,2883.0,2897.0,2863.0,2895.0,nan,2878.0,702204,20213879630.0,1368908,2883.0,364,2882.0,928,nan,0,nan,0,nan,0,nan,0,nan,0,nan,0,nan,0,nan,0
1597988336341630976,1597988336936000000,2020-08-21 13:38:56.936000,2883.0,2897.0,2863.0,2895.0,nan,2878.0,702204,20213879630.0,1368908,2883.0,408,2882.0,901,nan,0,nan,0,nan,0,nan,0,nan,0,nan,0,nan,0,nan,0
1597988336852283904,1597988337416999936,2020-08-21 13:38:57.417000,2883.0,2897.0,2863.0,2895.0,nan,2878.0,702204,20213879630.0,1368908,2883.0,408,2882.0,861,nan,0,nan,0,nan,0,nan,0,nan,0,nan,0,nan,0,nan,0
1597988337332587008,1597988337934000128,2020-08-21 13:38:57.934000,2883.0,2897.0,2863.0,2895.0,nan,2878.0,702204,20213879630.0,1368908,2883.0,408,2882.0,862,nan,0,nan,0,nan,0,nan,0,nan,0,nan,0,nan,0,nan,0
1597988337869647872,1597988338411000064,2020-08-21 13:38:58.411000,2883.0,2897.0,2863.0,2895.0,nan,2878.0,702204,20213879630.0,1368908,2883.0,408,2882.0,917,nan,0,nan,0,nan,0,nan,0,nan,0,nan,0,nan,0,nan,0
1597988338334509056,1597988338836000000,2020-08-21 13:38:58.836000,2883.0,2897.0,2863.0,2895.0,nan,2878.0,702204,20213879630.0,1368908,2883.0,408,2882.0,916,nan,0,nan,0,nan,0,nan,0,nan,0,nan,0,nan,0,nan,0
1597988338831741952,1597988339424000000,2020-08-21 13:38:59.424000,2883.0,2897.0,2863.0,2895.0,nan,2878.0,702204,20213879630.0,1368908,2883.0,409,2882.0,924,nan,0,nan,0,nan,0,nan,0,nan,0,nan,0,nan,0,nan,0
1597988339340771072,1597988339884000000,2020-08-21 13:38:59.884000,2883.0,2897.0,2863.0,2895.0,nan,2878.0,702205,20213908460.0,1368908,2883.0,410,2882.0,925,nan,0,nan,0,nan,0,nan,0,nan,0,nan,0,nan,0,nan,0
1597988339832259072,1597988340432000000,2020-08-21 13:39:00.432000,2883.0,2897.0,2863.0,2895.0,nan,2878.0,702205,20213908460.0,1368908,2883.0,423,2882.0,928,nan,0,nan,0,nan,0,nan,0,nan,0,nan,0,nan,0,nan,0
1597988340335088128,1597988340924000000,2020-08-21 13:39:00.924000,2883.0,2897.0,2863.0,2895.0,nan,2878.0,702205,20213908460.0,1368908,2883.0,424,2882.0,930,nan,0,nan,0,nan,0,nan,0,nan,0,nan,0,nan,0,nan,0
1597988341349273088,1597988341936999936,2020-08-21 13:39:01.937000,2883.0,2897.0,2863.0,2895.0,nan,2878.0,702205,20213908460.0,1368908,2883.0,426,2882.0,932,nan,0,nan,0,nan,0,nan,0,nan,0,nan,0,nan,0,nan,0
1597988342337197056,1597988342924999936,2020-08-21 13:39:02.925000,2883.0,2897.0,2863.0,2895.0,nan,2878.0,702206,20213937290.0,1368907,2883.0,426,2882.0,884,nan,0,nan,0,nan,0,nan,0,nan,0,nan,0,nan,0,nan,0
1597988342835261952,1597988343435000064,2020-08-21 13:39:03.435000,2883.0,2897.0,2863.0,2895.0,nan,2878.0,702206,20213937290.0,1368907,2883.0,426,2882.0,891,nan,0,nan,0,nan,0,nan,0,nan,0,nan,0,nan,0,nan,0
1597988343337871104,1597988343879000064,2020-08-21 13:39:03.879000,2883.0,2897.0,2863.0,2895.0,nan,2878.0,702206,20213937290.0,1368907,2883.0,433,2882.0,785,nan,0,nan,0,nan,0,nan,0,nan,0,nan,0,nan,0,nan,0
1597988343842806016,1597988344341000192,2020-08-21 13:39:04.341000,2883.0,2897.0,2863.0,2895.0,nan,2878.0,702208,20213994950.0,1368907,2883.0,471,2882.0,784,nan,0,nan,0,nan,0,nan,0,nan,0,nan,0,nan,0,nan,0
1597988344335799040,1597988344901999872,2020-08-21 13:39:04.902000,2883.0,2897.0,2863.0,2895.0,nan,2878.0,702208,20213994950.0,1368907,2883.0,474,2882.0,786,nan,0,nan,0,nan,0,nan,0,nan,0,nan,0,nan,0,nan,0
1597988344871367936,1597988345416999936,2020-08-21 13:39:05.417000,2883.0,2897.0,2863.0,2895.0,nan,2878.0,702219,20214311980.0,1368897,2883.0,476,2882.0,778,nan,0,nan,0,nan,0,nan,0,nan,0,nan,0,nan,0,nan,0
1597988345414821888,1597988345869999872,2020-08-21 13:39:05.870000,2883.0,2897.0,2863.0,2895.0,nan,2878.0,702219,20214311980.0,1368897,2883.0,478,2882.0,778,nan,0,nan,0,nan,0,nan,0,nan,0,nan,0,nan,0,nan,0
1597988345866387968,1597988346420999936,2020-08-21 13:39:06.421000,2883.0,2897.0,2863.0,2895.0,nan,2878.0,702219,20214311980.0,1368897,2883.0,479,2882.0,777,nan,0,nan,0,nan,0,nan,0,nan,0,nan,0,nan,0,nan,0
1597988346380505088,1597988346920000000,2020-08-21 13:39:06.920000,2883.0,2897.0,2863.0,2895.0,nan,2878.0,702219,20214311980.0,1368897,2883.0,490,2882.0,777,nan,0,nan,0,nan,0,nan,0,nan,0,nan,0,nan,0,nan,0
1597988346975546880,1597988347420999936,2020-08-21 13:39:07.421000,2883.0,2897.0,2863.0,2895.0,nan,2878.0,702219,20214311980.0,1368897,2883.0,491,2882.0,777,nan,0,nan,0,nan,0,nan,0,nan,0,nan,0,nan,0,nan,0
1597988347450757888,1597988347923000064,2020-08-21 13:39:07.923000,2883.0,2897.0,2863.0,2895.0,nan,2878.0,702219,20214311980.0,1368897,2883.0,492,2882.0,785,nan,0,nan,0,nan,0,nan,0,nan,0,nan,0,nan,0,nan,0
1597988347831798016,1597988348326999808,2020-08-21 13:39:08.327000,2882.0,2897.0,2863.0,2895.0,nan,2878.0,702223,20214427260.0,1368893,2883.0,496,2882.0,781,nan,0,nan,0,nan,0,nan,0,nan,0,nan,0,nan,0,nan,0
1597988348341210880,1597988348910000128,2020-08-21 13:39:08.910000,2883.0,2897.0,2863.0,2895.0,nan,2878.0,702276,20215955250.0,1368853,2883.0,443,2882.0,786,nan,0,nan,0,nan,0,nan,0,nan,0,nan,0,nan,0,nan,0
1597988348833839104,1597988349437999872,2020-08-21 13:39:09.438000,2883.0,2897.0,2863.0,2895.0,nan,2878.0,702276,20215955250.0,1368853,2883.0,443,2882.0,799,nan,0,nan,0,nan,0,nan,0,nan,0,nan,0,nan,0,nan,0
1597988349356966912,1597988349898000128,2020-08-21 13:39:09.898000,2883.0,2897.0,2863.0,2895.0,nan,2878.0,702277,20215984080.0,1368854,2883.0,442,2882.0,800,nan,0,nan,0,nan,0,nan,0,nan,0,nan,0,nan,0,nan,0
1597988349835718912,1597988350412000000,2020-08-21 13:39:10.412000,2882.0,2897.0,2863.0,2895.0,nan,2878.0,702279,20216041730.0,1368854,2883.0,441,2882.0,800,nan,0,nan,0,nan,0,nan,0,nan,0,nan,0,nan,0,nan,0
1597988350417508096,1597988350888000000,2020-08-21 13:39:10.888000,2882.0,2897.0,2863.0,2895.0,nan,2878.0,702279,20216041730.0,1368854,2883.0,442,2882.0,801,nan,0,nan,0,nan,0,nan,0,nan,0,nan,0,nan,0,nan,0
1597988350933102080,1597988351423000064,2020-08-21 13:39:11.423000,2882.0,2897.0,2863.0,2895.0,nan,2878.0,702279,20216041730.0,1368854,2883.0,441,2882.0,801,nan,0,nan,0,nan,0,nan,0,nan,0,nan,0,nan,0,nan,0
1597988351341405952,1597988351935000064,2020-08-21 13:39:11.935000,2882.0,2897.0,2863.0,2895.0,nan,2878.0,702279,20216041730.0,1368854,2883.0,407,2882.0,830,nan,0,nan,0,nan,0,nan,0,nan,0,nan,0,nan,0,nan,0
1597988351833089024,1597988352436999936,2020-08-21 13:39:12.437000,2882.0,2897.0,2863.0,2895.0,nan,2878.0,702280,20216070550.0,1368854,2883.0,403,2882.0,831,nan,0,nan,0,nan,0,nan,0,nan,0,nan,0,nan,0,nan,0
1597988352399020032,1597988352927000064,2020-08-21 13:39:12.927000,2882.0,2897.0,2863.0,2895.0,nan,2878.0,702280,20216070550.0,1368854,2883.0,403,2882.0,850,nan,0,nan,0,nan,0,nan,0,nan,0,nan,0,nan,0,nan,0
1597988352857288960,1597988353398000128,2020-08-21 13:39:13.398000,2882.0,2897.0,2863.0,2895.0,nan,2878.0,702282,20216128200.0,1368853,2883.0,402,2882.0,852,nan,0,nan,0,nan,0,nan,0,nan,0,nan,0,nan,0,nan,0
1597988353334854912,1597988353913000192,2020-08-21 13:39:13.913000,2883.0,2897.0,2863.0,2895.0,nan,2878.0,702327,20217425550.0,1368898,2883.0,340,2882.0,879,nan,0,nan,0,nan,0,nan,0,nan,0,nan,0,nan,0,nan,0
1597988353832197888,1597988354382999808,2020-08-21 13:39:14.383000,2883.0,2897.0,2863.0,2895.0,nan,2878.0,702329,20217483210.0,1368899,2883.0,270,2882.0,914,nan,0,nan,0,nan,0,nan,0,nan,0,nan,0,nan,0,nan,0
1597988354333508096,1597988354903000064,2020-08-21 13:39:14.903000,2883.0,2897.0,2863.0,2895.0,nan,2878.0,702348,20218030980.0,1368894,2883.0,252,2882.0,921,nan,0,nan,0,nan,0,nan,0,nan,0,nan,0,nan,0,nan,0
1597988354834200064,1597988355434000128,2020-08-21 13:39:15.434000,2883.0,2897.0,2863.0,2895.0,nan,2878.0,702348,20218030980.0,1368894,2883.0,253,2882.0,953,nan,0,nan,0,nan,0,nan,0,nan,0,nan,0,nan,0,nan,0
1597988355331800064,1597988355934000128,2020-08-21 13:39:15.934000,2883.0,2897.0,2863.0,2895.0,nan,2878.0,702352,20218146290.0,1368897,2883.0,251,2882.0,946,nan,0,nan,0,nan,0,nan,0,nan,0,nan,0,nan,0,nan,0
1597988355832224000,1597988356431000064,2020-08-21 13:39:16.431000,2883.0,2897.0,2863.0,2895.0,nan,2878.0,702352,20218146290.0,1368897,2883.0,251,2882.0,956,nan,0,nan,0,nan,0,nan,0,nan,0,nan,0,nan,0,nan,0
1597988356336365056,1597988356924999936,2020-08-21 13:39:16.925000,2883.0,2897.0,2863.0,2895.0,nan,2878.0,702355,20218232780.0,1368900,2883.0,269,2882.0,955,nan,0,nan,0,nan,0,nan,0,nan,0,nan,0,nan,0,nan,0
1597988357334504960,1597988357880000000,2020-08-21 13:39:17.880000,2883.0,2897.0,2863.0,2895.0,nan,2878.0,702355,20218232780.0,1368900,2883.0,269,2882.0,965,nan,0,nan,0,nan,0,nan,0,nan,0,nan,0,nan,0,nan,0
1597988357828758016,1597988358344000000,2020-08-21 13:39:18.344000,2883.0,2897.0,2863.0,2895.0,nan,2878.0,702360,20218376930.0,1368905,2883.0,287,2882.0,975,nan,0,nan,0,nan,0,nan,0,nan,0,nan,0,nan,0,nan,0
1597988358334704896,1597988358920000000,2020-08-21 13:39:18.920000,2883.0,2897.0,2863.0,2895.0,nan,2878.0,702361,20218405760.0,1368906,2883.0,316,2882.0,975,nan,0,nan,0,nan,0,nan,0,nan,0,nan,0,nan,0,nan,0
1597988358833549056,1597988359382999808,2020-08-21 13:39:19.383000,2882.0,2897.0,2863.0,2895.0,nan,2878.0,702367,20218578680.0,1368900,2883.0,366,2882.0,960,nan,0,nan,0,nan,0,nan,0,nan,0,nan,0,nan,0,nan,0
1597988359338904064,1597988359923000064,2020-08-21 13:39:19.923000,2883.0,2897.0,2863.0,2895.0,nan,2878.0,702369,20218636330.0,1368900,2883.0,405,2882.0,951,nan,0,nan,0,nan,0,nan,0,nan,0,nan,0,nan,0,nan,0
1597988359833666048,1597988360408999936,2020-08-21 13:39:20.409000,2883.0,2897.0,2863.0,2895.0,nan,2878.0,702369,20218636330.0,1368900,2883.0,404,2882.0,950,nan,0,nan,0,nan,0,nan,0,nan,0,nan,0,nan,0,nan,0
1597988360332365056,1597988360829999872,2020-08-21 13:39:20.830000,2883.0,2897.0,2863.0,2895.0,nan,2878.0,702371,20218693990.0,1368901,2883.0,402,2882.0,951,nan,0,nan,0,nan,0,nan,0,nan,0,nan,0,nan,0,nan,0
1597988360831622912,1597988361430000128,2020-08-21 13:39:21.430000,2883.0,2897.0,2863.0,2895.0,nan,2878.0,702372,20218722820.0,1368902,2883.0,401,2882.0,951,nan,0,nan,0,nan,0,nan,0,nan,0,nan,0,nan,0,nan,0
1597988361333697024,1597988361904000000,2020-08-21 13:39:21.904000,2883.0,2897.0,2863.0,2895.0,nan,2878.0,702372,20218722820.0,1368902,2883.0,401,2882.0,961,nan,0,nan,0,nan,0,nan,0,nan,0,nan,0,nan,0,nan,0
1597988361831981056,1597988362412000000,2020-08-21 13:39:22.412000,2883.0,2897.0,2863.0,2895.0,nan,2878.0,702372,20218722820.0,1368902,2883.0,401,2882.0,961,nan,0,nan,0,nan,0,nan,0,nan,0,nan,0,nan,0,nan,0
1597988362389892096,1597988362903000064,2020-08-21 13:39:22.903000,2883.0,2897.0,2863.0,2895.0,nan,2878.0,702372,20218722820.0,1368902,2883.0,402,2882.0,961,nan,0,nan,0,nan,0,nan,0,nan,0,nan,0,nan,0,nan,0
1597988362833780992,1597988363433000192,2020-08-21 13:39:23.433000,2883.0,2897.0,2863.0,2895.0,nan,2878.0,702372,20218722820.0,1368902,2883.0,442,2882.0,930,nan,0,nan,0,nan,0,nan,0,nan,0,nan,0,nan,0,nan,0
1597988363830992896,1597988364416000000,2020-08-21 13:39:24.416000,2882.0,2897.0,2863.0,2895.0,nan,2878.0,702373,20218751640.0,1368902,2883.0,442,2882.0,930,nan,0,nan,0,nan,0,nan,0,nan,0,nan,0,nan,0,nan,0
1597988364337223936,1597988364881999872,2020-08-21 13:39:24.882000,2883.0,2897.0,2863.0,2895.0,nan,2878.0,702375,20218809300.0,1368904,2883.0,440,2882.0,931,nan,0,nan,0,nan,0,nan,0,nan,0,nan,0,nan,0,nan,0
1597988364832004096,1597988365427000064,2020-08-21 13:39:25.427000,2882.0,2897.0,2863.0,2895.0,nan,2878.0,702379,20218924580.0,1368900,2883.0,441,2882.0,927,nan,0,nan,0,nan,0,nan,0,nan,0,nan,0,nan,0,nan,0
1597988365336481024,1597988365927000064,2020-08-21 13:39:25.927000,2883.0,2897.0,2863.0,2895.0,nan,2878.0,702382,20219011070.0,1368903,2883.0,449,2882.0,931,nan,0,nan,0,nan,0,nan,0,nan,0,nan,0,nan,0,nan,0
1597988365830262016,1597988366421999872,2020-08-21 13:39:26.422000,2883.0,2897.0,2863.0,2895.0,nan,2878.0,702382,20219011070.0,1368903,2883.0,450,2882.0,931,nan,0,nan,0,nan,0,nan,0,nan,0,nan,0,nan,0,nan,0
1597988366332484096,1597988366920000000,2020-08-21 13:39:26.920000,2883.0,2897.0,2863.0,2895.0,nan,2878.0,702382,20219011070.0,1368903,2883.0,450,2882.0,932,nan,0,nan,0,nan,0,nan,0,nan,0,nan,0,nan,0,nan,0
1597988366835225088,1597988367416000000,2020-08-21 13:39:27.416000,2883.0,2897.0,2863.0,2895.0,nan,2878.0,702382,20219011070.0,1368903,2883.0,468,2882.0,932,nan,0,nan,0,nan,0,nan,0,nan,0,nan,0,nan,0,nan,0
1597988367339881984,1597988367892999936,2020-08-21 13:39:27.893000,2883.0,2897.0,2863.0,2895.0,nan,2878.0,702382,20219011070.0,1368903,2883.0,469,2882.0,986,nan,0,nan,0,nan,0,nan,0,nan,0,nan,0,nan,0,nan,0
1597988367834479104,1597988368416000000,2020-08-21 13:39:28.416000,2883.0,2897.0,2863.0,2895.0,nan,2878.0,702382,20219011070.0,1368903,2883.0,470,2882.0,984,nan,0,nan,0,nan,0,nan,0,nan,0,nan,0,nan,0,nan,0
1597988368332375040,1597988368926000128,2020-08-21 13:39:28.926000,2883.0,2897.0,2863.0,2895.0,nan,2878.0,702382,20219011070.0,1368903,2883.0,545,2882.0,983,nan,0,nan,0,nan,0,nan,0,nan,0,nan,0,nan,0,nan,0
1597988369331415040,1597988369829999872,2020-08-21 13:39:29.830000,2883.0,2897.0,2863.0,2895.0,nan,2878.0,702383,20219039900.0,1368904,2883.0,545,2882.0,983,nan,0,nan,0,nan,0,nan,0,nan,0,nan,0,nan,0,nan,0
1597988370340410880,1597988370926000128,2020-08-21 13:39:30.926000,2883.0,2897.0,2863.0,2895.0,nan,2878.0,702384,20219068730.0,1368905,2883.0,583,2882.0,984,nan,0,nan,0,nan,0,nan,0,nan,0,nan,0,nan,0,nan,0
1597988370828834048,1597988371328000000,2020-08-21 13:39:31.328000,2883.0,2897.0,2863.0,2895.0,nan,2878.0,702384,20219068730.0,1368905,2883.0,593,2882.0,984,nan,0,nan,0,nan,0,nan,0,nan,0,nan,0,nan,0,nan,0
1597988371832785920,1597988372397000192,2020-08-21 13:39:32.397000,2883.0,2897.0,2863.0,2895.0,nan,2878.0,702386,20219126390.0,1368907,2883.0,591,2882.0,981,nan,0,nan,0,nan,0,nan,0,nan,0,nan,0,nan,0,nan,0
1597988372330775040,1597988372927000064,2020-08-21 13:39:32.927000,2883.0,2897.0,2863.0,2895.0,nan,2878.0,702386,20219126390.0,1368907,2883.0,591,2882.0,982,nan,0,nan,0,nan,0,nan,0,nan,0,nan,0,nan,0,nan,0
1597988372847352064,1597988373426000128,2020-08-21 13:39:33.426000,2883.0,2897.0,2863.0,2895.0,nan,2878.0,702388,20219184050.0,1368909,2883.0,589,2882.0,982,nan,0,nan,0,nan,0,nan,0,nan,0,nan,0,nan,0,nan,0
1597988373330584064,1597988373934000128,2020-08-21 13:39:33.934000,2883.0,2897.0,2863.0,2895.0,nan,2878.0,702389,20219212880.0,1368909,2883.0,598,2882.0,982,nan,0,nan,0,nan,0,nan,0,nan,0,nan,0,nan,0,nan,0
1597988373829314048,1597988374433000192,2020-08-21 13:39:34.433000,2883.0,2897.0,2863.0,2895.0,nan,2878.0,702389,20219212880.0,1368909,2883.0,619,2882.0,982,nan,0,nan,0,nan,0,nan,0,nan,0,nan,0,nan,0,nan,0
1597988374332573952,1597988374936999936,2020-08-21 13:39:34.937000,2883.0,2897.0,2863.0,2895.0,nan,2878.0,702389,20219212880.0,1368909,2883.0,620,2882.0,982,nan,0,nan,0,nan,0,nan,0,nan,0,nan,0,nan,0,nan,0
1597988374832706048,1597988375430000128,2020-08-21 13:39:35.430000,2882.0,2897.0,2863.0,2895.0,nan,2878.0,702403,20219616360.0,1368899,2883.0,624,2882.0,970,nan,0,nan,0,nan,0,nan,0,nan,0,nan,0,nan,0,nan,0
1597988375332378112,1597988375897000192,2020-08-21 13:39:35.897000,2883.0,2897.0,2863.0,2895.0,nan,2878.0,702404,20219645190.0,1368899,2883.0,625,2882.0,970,nan,0,nan,0,nan,0,nan,0,nan,0,nan,0,nan,0,nan,0
1597988375832785920,1597988376288999936,2020-08-21 13:39:36.289000,2882.0,2897.0,2863.0,2895.0,nan,2878.0,702405,20219674010.0,1368900,2883.0,625,2882.0,969,nan,0,nan,0,nan,0,nan,0,nan,0,nan,0,nan,0,nan,0
1597988376334944000,1597988376935000064,2020-08-21 13:39:36.935000,2883.0,2897.0,2863.0,2895.0,nan,2878.0,702408,20219760500.0,1368903,2883.0,622,2882.0,969,nan,0,nan,0,nan,0,nan,0,nan,0,nan,0,nan,0,nan,0
1597988376836815104,1597988377420999936,2020-08-21 13:39:37.421000,2883.0,2897.0,2863.0,2895.0,nan,2878.0,702408,20219760500.0,1368903,2883.0,623,2882.0,969,nan,0,nan,0,nan,0,nan,0,nan,0,nan,0,nan,0,nan,0
1597988377334075904,1597988377936000000,2020-08-21 13:39:37.936000,2883.0,2897.0,2863.0,2895.0,nan,2878.0,702408,20219760500.0,1368903,2883.0,624,2882.0,969,nan,0,nan,0,nan,0,nan,0,nan,0,nan,0,nan,0,nan,0
1597988377829769984,1597988378437999872,2020-08-21 13:39:38.438000,2882.0,2897.0,2863.0,2895.0,nan,2878.0,702409,20219789320.0,1368904,2883.0,635,2882.0,970,nan,0,nan,0,nan,0,nan,0,nan,0,nan,0,nan,0,nan,0
1597988378366360064,1597988378920999936,2020-08-21 13:39:38.921000,2882.0,2897.0,2863.0,2895.0,nan,2878.0,702409,20219789320.0,1368904,2883.0,635,2882.0,971,nan,0,nan,0,nan,0,nan,0,nan,0,nan,0,nan,0,nan,0
1597988378831517952,1597988379394000128,2020-08-21 13:39:39.394000,2882.0,2897.0,2863.0,2895.0,nan,2878.0,702410,20219818140.0,1368905,2883.0,635,2882.0,970,nan,0,nan,0,nan,0,nan,0,nan,0,nan,0,nan,0,nan,0
1597988379331170048,1597988379928000000,2020-08-21 13:39:39.928000,2882.0,2897.0,2863.0,2895.0,nan,2878.0,702410,20219818140.0,1368905,2883.0,636,2882.0,970,nan,0,nan,0,nan,0,nan,0,nan,0,nan,0,nan,0,nan,0
1597988379869585920,1597988380382999808,2020-08-21 13:39:40.383000,2883.0,2897.0,2863.0,2895.0,nan,2878.0,702431,20220423570.0,1368923,2883.0,637,2882.0,970,nan,0,nan,0,nan,0,nan,0,nan,0,nan,0,nan,0,nan,0
1597988380342953984,1597988380934000128,2020-08-21 13:39:40.934000,2883.0,2897.0,2863.0,2895.0,nan,2878.0,702431,20220423570.0,1368923,2883.0,646,2882.0,970,nan,0,nan,0,nan,0,nan,0,nan,0,nan,0,nan,0,nan,0
1597988380832696064,1597988381404000000,2020-08-21 13:39:41.404000,2882.0,2897.0,2863.0,2895.0,nan,2878.0,702436,20220567680.0,1368923,2883.0,645,2882.0,966,nan,0,nan,0,nan,0,nan,0,nan,0,nan,0,nan,0,nan,0
1597988381334554880,1597988381904999936,2020-08-21 13:39:41.905000,2882.0,2897.0,2863.0,2895.0,nan,2878.0,702437,20220596500.0,1368924,2883.0,641,2882.0,965,nan,0,nan,0,nan,0,nan,0,nan,0,nan,0,nan,0,nan,0
1597988381834000896,1597988382364999936,2020-08-21 13:39:42.365000,2882.0,2897.0,2863.0,2895.0,nan,2878.0,702437,20220596500.0,1368924,2883.0,654,2882.0,965,nan,0,nan,0,nan,0,nan,0,nan,0,nan,0,nan,0,nan,0
1597988382329245952,1597988382921999872,2020-08-21 13:39:42.922000,2883.0,2897.0,2863.0,2895.0,nan,2878.0,702438,20220625330.0,1368924,2883.0,655,2882.0,965,nan,0,nan,0,nan,0,nan,0,nan,0,nan,0,nan,0,nan,0
1597988382834231040,1597988383381999872,2020-08-21 13:39:43.382000,2882.0,2897.0,2863.0,2895.0,nan,2878.0,702439,20220654150.0,1368924,2883.0,655,2882.0,964,nan,0,nan,0,nan,0,nan,0,nan,0,nan,0,nan,0,nan,0
1597988383333724928,1597988383916000000,2020-08-21 13:39:43.916000,2883.0,2897.0,2863.0,2895.0,nan,2878.0,702442,20220740640.0,1368926,2883.0,652,2882.0,963,nan,0,nan,0,nan,0,nan,0,nan,0,nan,0,nan,0,nan,0
1597988383829902080,1597988384392000000,2020-08-21 13:39:44.392000,2883.0,2897.0,2863.0,2895.0,nan,2878.0,702442,20220740640.0,1368926,2883.0,653,2882.0,963,nan,0,nan,0,nan,0,nan,0,nan,0,nan,0,nan,0,nan,0
1597988384333246976,1597988384898999808,2020-08-21 13:39:44.899000,2883.0,2897.0,2863.0,2895.0,nan,2878.0,702442,20220740640.0,1368926,2883.0,655,2882.0,963,nan,0,nan,0,nan,0,nan,0,nan,0,nan,0,nan,0,nan,0
1597988384829883904,1597988385380000000,2020-08-21 13:39:45.380000,2883.0,2897.0,2863.0,2895.0,nan,2878.0,702442,20220740640.0,1368926,2883.0,655,2882.0,964,nan,0,nan,0,nan,0,nan,0,nan,0,nan,0,nan,0,nan,0
1597988385339618048,1597988385924000000,2020-08-21 13:39:45.924000,2883.0,2897.0,2863.0,2895.0,nan,2878.0,702442,20220740640.0,1368926,2883.0,657,2882.0,964,nan,0,nan,0,nan,0,nan,0,nan,0,nan,0,nan,0,nan,0
1597988385830095104,1597988386428999936,2020-08-21 13:39:46.429000,2883.0,2897.0,2863.0,2895.0,nan,2878.0,702442,20220740640.0,1368926,2883.0,667,2882.0,964,nan,0,nan,0,nan,0,nan,0,nan,0,nan,0,nan,0,nan,0
1597988386829760000,1597988387426000128,2020-08-21 13:39:47.426000,2883.0,2897.0,2863.0,2895.0,nan,2878.0,702444,20220798300.0,1368926,2883.0,665,2882.0,964,nan,0,nan,0,nan,0,nan,0,nan,0,nan,0,nan,0,nan,0
1597988387829509888,1597988388424000000,2020-08-21 13:39:48.424000,2883.0,2897.0,2863.0,2895.0,nan,2878.0,702445,20220827130.0,1368927,2883.0,665,2882.0,969,nan,0,nan,0,nan,0,nan,0,nan,0,nan,0,nan,0,nan,0
1597988388331386880,1597988388908999936,2020-08-21 13:39:48.909000,2882.0,2897.0,2863.0,2895.0,nan,2878.0,702446,20220855950.0,1368928,2883.0,665,2882.0,968,nan,0,nan,0,nan,0,nan,0,nan,0,nan,0,nan,0,nan,0
1597988388830524928,1597988389374000128,2020-08-21 13:39:49.374000,2883.0,2897.0,2863.0,2895.0,nan,2878.0,702457,20221173070.0,1368936,2883.0,656,2882.0,967,nan,0,nan,0,nan,0,nan,0,nan,0,nan,0,nan,0,nan,0
1597988389331764992,1597988389934000128,2020-08-21 13:39:49.934000,2883.0,2897.0,2863.0,2895.0,nan,2878.0,702457,20221173070.0,1368936,2883.0,662,2882.0,967,nan,0,nan,0,nan,0,nan,0,nan,0,nan,0,nan,0,nan,0
1597988389830128128,1597988390432000000,2020-08-21 13:39:50.432000,2883.0,2897.0,2863.0,2895.0,nan,2878.0,702459,20221230730.0,1368938,2883.0,842,2882.0,967,nan,0,nan,0,nan,0,nan,0,nan,0,nan,0,nan,0,nan,0
1597988390334371072,1597988390937999872,2020-08-21 13:39:50.938000,2883.0,2897.0,2863.0,2895.0,nan,2878.0,702460,20221259560.0,1368939,2883.0,877,2882.0,965,nan,0,nan,0,nan,0,nan,0,nan,0,nan,0,nan,0,nan,0
1597988390830217984,1597988391348000000,2020-08-21 13:39:51.348000,2883.0,2897.0,2863.0,2895.0,nan,2878.0,702460,20221259560.0,1368939,2883.0,874,2882.0,965,nan,0,nan,0,nan,0,nan,0,nan,0,nan,0,nan,0,nan,0
1597988391331657984,1597988391932000000,2020-08-21 13:39:51.932000,2882.0,2897.0,2863.0,2895.0,nan,2878.0,702466,20221432480.0,1368938,2883.0,807,2882.0,959,nan,0,nan,0,nan,0,nan,0,nan,0,nan,0,nan,0,nan,0
1597988391830434048,1597988392431000064,2020-08-21 13:39:52.431000,2883.0,2897.0,2863.0,2895.0,nan,2878.0,702476,20221720780.0,1368942,2883.0,800,2882.0,959,nan,0,nan,0,nan,0,nan,0,nan,0,nan,0,nan,0,nan,0
1597988392329822976,1597988392930000128,2020-08-21 13:39:52.930000,2882.0,2897.0,2863.0,2895.0,nan,2878.0,702477,20221749600.0,1368942,2883.0,802,2882.0,960,nan,0,nan,0,nan,0,nan,0,nan,0,nan,0,nan,0,nan,0
1597988392884837888,1597988393432000000,2020-08-21 13:39:53.432000,2882.0,2897.0,2863.0,2895.0,nan,2878.0,702478,20221778420.0,1368941,2883.0,804,2882.0,959,nan,0,nan,0,nan,0,nan,0,nan,0,nan,0,nan,0,nan,0
1597988393331249920,1597988393904999936,2020-08-21 13:39:53.905000,2882.0,2897.0,2863.0,2895.0,nan,2878.0,702478,20221778420.0,1368941,2883.0,807,2882.0,959,nan,0,nan,0,nan,0,nan,0,nan,0,nan,0,nan,0,nan,0
1597988393830501120,1597988394424999936,2020-08-21 13:39:54.425000,2882.0,2897.0,2863.0,2895.0,nan,2878.0,702478,20221778420.0,1368941,2883.0,818,2882.0,958,nan,0,nan,0,nan,0,nan,0,nan,0,nan,0,nan,0,nan,0
1597988394331328000,1597988394903000064,2020-08-21 13:39:54.903000,2882.0,2897.0,2863.0,2895.0,nan,2878.0,702478,20221778420.0,1368941,2883.0,824,2882.0,958,nan,0,nan,0,nan,0,nan,0,nan,0,nan,0,nan,0,nan,0
1597988394833315072,1597988395412000000,2020-08-21 13:39:55.412000,2882.0,2897.0,2863.0,2895.0,nan,2878.0,702479,20221807240.0,1368941,2883.0,824,2882.0,959,nan,0,nan,0,nan,0,nan,0,nan,0,nan,0,nan,0,nan,0
1597988395833662976,1597988396436000000,2020-08-21 13:39:56.436000,2882.0,2897.0,2863.0,2895.0,nan,2878.0,702479,20221807240.0,1368941,2883.0,825,2882.0,959,nan,0,nan,0,nan,0,nan,0,nan,0,nan,0,nan,0,nan,0
1597988397332500992,1597988397901999872,2020-08-21 13:39:57.902000,2882.0,2897.0,2863.0,2895.0,nan,2878.0,702479,20221807240.0,1368941,2883.0,726,2882.0,959,nan,0,nan,0,nan,0,nan,0,nan,0,nan,0,nan,0,nan,0
1597988397859400960,1597988398421999872,2020-08-21 13:39:58.422000,2883.0,2897.0,2863.0,2895.0,nan,2878.0,702481,20221864900.0,1368942,2883.0,718,2882.0,964,nan,0,nan,0,nan,0,nan,0,nan,0,nan,0,nan,0,nan,0
1597988398332454912,1597988398860999936,2020-08-21 13:39:58.861000,2883.0,2897.0,2863.0,2895.0,nan,2878.0,702481,20221864900.0,1368942,2883.0,724,2882.0,963,nan,0,nan,0,nan,0,nan,0,nan,0,nan,0,nan,0,nan,0
1597988399331079936,1597988399916000000,2020-08-21 13:39:59.916000,2882.0,2897.0,2863.0,2895.0,nan,2878.0,702482,20221893720.0,1368942,2883.0,724,2882.0,962,nan,0,nan,0,nan,0,nan,0,nan,0,nan,0,nan,0,nan,0
1597988399854820096,1597988400420999936,2020-08-21 13:40:00.421000,2882.0,2897.0,2863.0,2895.0,nan,2878.0,702483,20221922540.0,1368942,2883.0,759,2882.0,964,nan,0,nan,0,nan,0,nan,0,nan,0,nan,0,nan,0,nan,0
1597988400349968896,1597988400937999872,2020-08-21 13:40:00.938000,2882.0,2897.0,2863.0,2895.0,nan,2878.0,702483,20221922540.0,1368942,2883.0,765,2882.0,964,nan,0,nan,0,nan,0,nan,0,nan,0,nan,0,nan,0,nan,0
1597988400832911872,1597988401412000000,2020-08-21 13:40:01.412000,2882.0,2897.0,2863.0,2895.0,nan,2878.0,702494,20222239610.0,1368937,2883.0,766,2882.0,959,nan,0,nan,0,nan,0,nan,0,nan,0,nan,0,nan,0,nan,0
1597988401335556096,1597988401930000128,2020-08-21 13:40:01.930000,2882.0,2897.0,2863.0,2895.0,nan,2878.0,702494,20222239610.0,1368937,2883.0,781,2882.0,959,nan,0,nan,0,nan,0,nan,0,nan,0,nan,0,nan,0,nan,0
1597988401829817088,1597988402413000192,2020-08-21 13:40:02.413000,2883.0,2897.0,2863.0,2895.0,nan,2878.0,702495,20222268440.0,1368937,2883.0,732,2882.0,963,nan,0,nan,0,nan,0,nan,0,nan,0,nan,0,nan,0,nan,0
1597988402331378944,1597988402918999808,2020-08-21 13:40:02.919000,2883.0,2897.0,2863.0,2895.0,nan,2878.0,702495,20222268440.0,1368937,2883.0,734,2882.0,963,nan,0,nan,0,nan,0,nan,0,nan,0,nan,0,nan,0,nan,0
1597988402830640128,1597988403388999936,2020-08-21 13:40:03.389000,2883.0,2897.0,2863.0,2895.0,nan,2878.0,702512,20222758550.0,1368941,2883.0,713,2882.0,963,nan,0,nan,0,nan,0,nan,0,nan,0,nan,0,nan,0,nan,0
1597988403330987008,1597988403924000000,2020-08-21 13:40:03.924000,2883.0,2897.0,2863.0,2895.0,nan,2878.0,702512,20222758550.0,1368941,2883.0,713,2882.0,993,nan,0,nan,0,nan,0,nan,0,nan,0,nan,0,nan,0,nan,0
1597988403832753920,1597988404411000064,2020-08-21 13:40:04.411000,2883.0,2897.0,2863.0,2895.0,nan,2878.0,702514,20222816210.0,1368941,2883.0,678,2882.0,994,nan,0,nan,0,nan,0,nan,0,nan,0,nan,0,nan,0,nan,0
1597988404332769024,1597988404903000064,2020-08-21 13:40:04.903000,2883.0,2897.0,2863.0,2895.0,nan,2878.0,702545,20223709930.0,1368950,2883.0,643,2882.0,994,nan,0,nan,0,nan,0,nan,0,nan,0,nan,0,nan,0,nan,0
1597988404829135104,1597988405417999872,2020-08-21 13:40:05.418000,2882.0,2897.0,2863.0,2895.0,nan,2878.0,702547,20223767570.0,1368950,2883.0,650,2882.0,992,nan,0,nan,0,nan,0,nan,0,nan,0,nan,0,nan,0,nan,0
1597988405331397120,1597988405897000192,2020-08-21 13:40:05.897000,2882.0,2897.0,2863.0,2895.0,nan,2878.0,702547,20223767570.0,1368950,2883.0,657,2882.0,993,nan,0,nan,0,nan,0,nan,0,nan,0,nan,0,nan,0,nan,0
1597988405835559936,1597988406426000128,2020-08-21 13:40:06.426000,2882.0,2897.0,2863.0,2895.0,nan,2878.0,702549,20223825210.0,1368948,2883.0,654,2882.0,992,nan,0,nan,0,nan,0,nan,0,nan,0,nan,0,nan,0,nan,0
1597988406347566080,1597988406927000064,2020-08-21 13:40:06.927000,2883.0,2897.0,2863.0,2895.0,nan,2878.0,702550,20223854040.0,1368948,2883.0,654,2882.0,992,nan,0,nan,0,nan,0,nan,0,nan,0,nan,0,nan,0,nan,0
1597988406842203904,1597988407437999872,2020-08-21 13:40:07.438000,2883.0,2897.0,2863.0,2895.0,nan,2878.0,702550,20223854040.0,1368948,2883.0,654,2882.0,994,nan,0,nan,0,nan,0,nan,0,nan,0,nan,0,nan,0,nan,0
1597988407370288896,1597988407897000192,2020-08-21 13:40:07.897000,2883.0,2897.0,2863.0,2895.0,nan,2878.0,702553,20223940510.0,1368947,2883.0,654,2882.0,993,nan,0,nan,0,nan,0,nan,0,nan,0,nan,0,nan,0,nan,0
1597988408336988928,1597988408918999808,2020-08-21 13:40:08.919000,2883.0,2897.0,2863.0,2895.0,nan,2878.0,702555,20223998170.0,1368947,2883.0,653,2882.0,993,nan,0,nan,0,nan,0,nan,0,nan,0,nan,0,nan,0,nan,0
1597988409329825024,1597988409904999936,2020-08-21 13:40:09.905000,2883.0,2897.0,2863.0,2895.0,nan,2878.0,702587,20224920730.0,1368947,2883.0,621,2882.0,1013,nan,0,nan,0,nan,0,nan,0,nan,0,nan,0,nan,0,nan,0
1597988409831079936,1597988410403000064,2020-08-21 13:40:10.403000,2883.0,2897.0,2863.0,2895.0,nan,2878.0,702587,20224920730.0,1368947,2883.0,625,2882.0,1014,nan,0,nan,0,nan,0,nan,0,nan,0,nan,0,nan,0,nan,0
1597988410332376064,1597988410931000064,2020-08-21 13:40:10.931000,2883.0,2897.0,2863.0,2895.0,nan,2878.0,702602,20225353180.0,1368944,2883.0,611,2882.0,1014,nan,0,nan,0,nan,0,nan,0,nan,0,nan,0,nan,0,nan,0
1597988410833701120,1597988411436000000,2020-08-21 13:40:11.436000,2882.0,2897.0,2863.0,2895.0,nan,2878.0,702603,20225382000.0,1368944,2883.0,613,2882.0,1014,nan,0,nan,0,nan,0,nan,0,nan,0,nan,0,nan,0,nan,0
1597988411830097920,1597988412388999936,2020-08-21 13:40:12.389000,2883.0,2897.0,2863.0,2895.0,nan,2878.0,702604,20225410830.0,1368945,2883.0,612,2882.0,1014,nan,0,nan,0,nan,0,nan,0,nan,0,nan,0,nan,0,nan,0
1597988412332472064,1597988412930000128,2020-08-21 13:40:12.930000,2883.0,2897.0,2863.0,2895.0,nan,2878.0,702604,20225410830.0,1368945,2883.0,655,2882.0,1014,nan,0,nan,0,nan,0,nan,0,nan,0,nan,0,nan,0,nan,0
1597988412853928960,1597988413415000064,2020-08-21 13:40:13.415000,2883.0,2897.0,2863.0,2895.0,nan,2878.0,702645,20226592460.0,1368937,2883.0,658,2882.0,973,nan,0,nan,0,nan,0,nan,0,nan,0,nan,0,nan,0,nan,0
1597988413330014976,1597988413895000064,2020-08-21 13:40:13.895000,2882.0,2897.0,2863.0,2895.0,nan,2878.0,702654,20226851850.0,1368930,2883.0,657,2882.0,966,nan,0,nan,0,nan,0,nan,0,nan,0,nan,0,nan,0,nan,0
1597988413839962880,1597988414356000000,2020-08-21 13:40:14.356000,2883.0,2897.0,2863.0,2895.0,nan,2878.0,702658,20226967170.0,1368928,2883.0,653,2882.0,966,nan,0,nan,0,nan,0,nan,0,nan,0,nan,0,nan,0,nan,0
1597988414330490880,1597988414881999872,2020-08-21 13:40:14.882000,2883.0,2897.0,2863.0,2895.0,nan,2878.0,702659,20226996000.0,1368928,2883.0,653,2882.0,966,nan,0,nan,0,nan,0,nan,0,nan,0,nan,0,nan,0,nan,0
1597988414830749952,1597988415357000192,2020-08-21 13:40:15.357000,2883.0,2897.0,2863.0,2895.0,nan,2878.0,702659,20226996000.0,1368928,2883.0,658,2882.0,966,nan,0,nan,0,nan,0,nan,0,nan,0,nan,0,nan,0,nan,0
1597988415330942976,1597988415935000064,2020-08-21 13:40:15.935000,2882.0,2897.0,2863.0,2895.0,nan,2878.0,702667,20227226560.0,1368922,2883.0,660,2882.0,958,nan,0,nan,0,nan,0,nan,0,nan,0,nan,0,nan,0,nan,0
1597988415832257024,1597988416316000000,2020-08-21 13:40:16.316000,2882.0,2897.0,2863.0,2895.0,nan,2878.0,702667,20227226560.0,1368922,2883.0,662,2882.0,958,nan,0,nan,0,nan,0,nan,0,nan,0,nan,0,nan,0,nan,0
1597988416332749056,1597988416935000064,2020-08-21 13:40:16.935000,2882.0,2897.0,2863.0,2895.0,nan,2878.0,702667,20227226560.0,1368922,2883.0,662,2882.0,960,nan,0,nan,0,nan,0,nan,0,nan,0,nan,0,nan,0,nan,0
1597988417330324992,1597988417869999872,2020-08-21 13:40:17.870000,2882.0,2897.0,2863.0,2895.0,nan,2878.0,702667,20227226560.0,1368922,2883.0,669,2882.0,960,nan,0,nan,0,nan,0,nan,0,nan,0,nan,0,nan,0,nan,0
1597988417858445056,1597988418362999808,2020-08-21 13:40:18.363000,2882.0,2897.0,2863.0,2895.0,nan,2878.0,702674,20227428360.0,1368917,2883.0,664,2882.0,960,nan,0,nan,0,nan,0,nan,0,nan,0,nan,0,nan,0,nan,0
1597988418333135104,1597988418917999872,2020-08-21 13:40:18.918000,2883.0,2897.0,2863.0,2895.0,nan,2878.0,702675,20227457190.0,1368917,2883.0,663,2882.0,960,nan,0,nan,0,nan,0,nan,0,nan,0,nan,0,nan,0,nan,0
1597988419331273984,1597988419924999936,2020-08-21 13:40:19.925000,2883.0,2897.0,2863.0,2895.0,nan,2878.0,702676,20227486020.0,1368917,2883.0,655,2882.0,960,nan,0,nan,0,nan,0,nan,0,nan,0,nan,0,nan,0,nan,0
1597988419829812992,1597988420433000192,2020-08-21 13:40:20.433000,2882.0,2897.0,2863.0,2895.0,nan,2878.0,702678,20227543670.0,1368916,2883.0,657,2882.0,959,nan,0,nan,0,nan,0,nan,0,nan,0,nan,0,nan,0,nan,0
1597988420329551104,1597988420932000000,2020-08-21 13:40:20.932000,2883.0,2897.0,2863.0,2895.0,nan,2878.0,702679,20227572500.0,1368916,2883.0,656,2882.0,960,nan,0,nan,0,nan,0,nan,0,nan,0,nan,0,nan,0,nan,0
1597988420841107968,1597988421364999936,2020-08-21 13:40:21.365000,2883.0,2897.0,2863.0,2895.0,nan,2878.0,702681,20227630160.0,1368916,2883.0,652,2882.0,990,nan,0,nan,0,nan,0,nan,0,nan,0,nan,0,nan,0,nan,0
1597988421329850112,1597988421928000000,2020-08-21 13:40:21.928000,2883.0,2897.0,2863.0,2895.0,nan,2878.0,702681,20227630160.0,1368916,2883.0,655,2882.0,990,nan,0,nan,0,nan,0,nan,0,nan,0,nan,0,nan,0,nan,0
1597988421832665088,1597988422401999872,2020-08-21 13:40:22.402000,2883.0,2897.0,2863.0,2895.0,nan,2878.0,702681,20227630160.0,1368916,2883.0,655,2882.0,989,nan,0,nan,0,nan,0,nan,0,nan,0,nan,0,nan,0,nan,0
1597988422330657024,1597988422921999872,2020-08-21 13:40:22.922000,2883.0,2897.0,2863.0,2895.0,nan,2878.0,702681,20227630160.0,1368916,2883.0,656,2882.0,989,nan,0,nan,0,nan,0,nan,0,nan,0,nan,0,nan,0,nan,0
1597988422834127872,1597988423408999936,2020-08-21 13:40:23.409000,2883.0,2897.0,2863.0,2895.0,nan,2878.0,702682,20227658990.0,1368916,2883.0,656,2882.0,989,nan,0,nan,0,nan,0,nan,0,nan,0,nan,0,nan,0,nan,0
1597988423839983104,1597988424434000128,2020-08-21 13:40:24.434000,2883.0,2897.0,2863.0,2895.0,nan,2878.0,702683,20227687820.0,1368915,2883.0,662,2882.0,994,nan,0,nan,0,nan,0,nan,0,nan,0,nan,0,nan,0,nan,0
1597988424329508096,1597988424924000000,2020-08-21 13:40:24.924000,2883.0,2897.0,2863.0,2895.0,nan,2878.0,702683,20227687820.0,1368915,2883.0,662,2882.0,994,nan,0,nan,0,nan,0,nan,0,nan,0,nan,0,nan,0,nan,0
1597988424837312000,1597988425384000000,2020-08-21 13:40:25.384000,2883.0,2897.0,2863.0,2895.0,nan,2878.0,702686,20227774310.0,1368915,2883.0,659,2882.0,996,nan,0,nan,0,nan,0,nan,0,nan,0,nan,0,nan,0,nan,0
1597988425829980928,1597988426431000064,2020-08-21 13:40:26.431000,2883.0,2897.0,2863.0,2895.0,nan,2878.0,702690,20227889620.0,1368915,2883.0,656,2882.0,995,nan,0,nan,0,nan,0,nan,0,nan,0,nan,0,nan,0,nan,0
1597988426339983104,1597988426888999936,2020-08-21 13:40:26.889000,2883.0,2897.0,2863.0,2895.0,nan,2878.0,702691,20227918450.0,1368915,2883.0,655,2882.0,994,nan,0,nan,0,nan,0,nan,0,nan,0,nan,0,nan,0,nan,0
1597988426882679040,1597988427434000128,2020-08-21 13:40:27.434000,2882.0,2897.0,2863.0,2895.0,nan,2878.0,702692,20227947270.0,1368916,2883.0,656,2882.0,993,nan,0,nan,0,nan,0,nan,0,nan,0,nan,0,nan,0,nan,0
1597988427330521088,1597988427908000000,2020-08-21 13:40:27.908000,2882.0,2897.0,2863.0,2895.0,nan,2878.0,702692,20227947270.0,1368916,2883.0,656,2882.0,996,nan,0,nan,0,nan,0,nan,0,nan,0,nan,0,nan,0,nan,0
1597988427833988096,1597988428384999936,2020-08-21 13:40:28.385000,2883.0,2897.0,2863.0,2895.0,nan,2878.0,702693,20227976100.0,1368915,2883.0,656,2882.0,998,nan,0,nan,0,nan,0,nan,0,nan,0,nan,0,nan,0,nan,0
1597988428332409088,1597988428923000064,2020-08-21 13:40:28.923000,2883.0,2897.0,2863.0,2895.0,nan,2878.0,702693,20227976100.0,1368915,2883.0,682,2882.0,998,nan,0,nan,0,nan,0,nan,0,nan,0,nan,0,nan,0,nan,0
1597988428831030016,1597988429424999936,2020-08-21 13:40:29.425000,2883.0,2897.0,2863.0,2895.0,nan,2878.0,702695,20228033750.0,1368915,2883.0,682,2882.0,997,nan,0,nan,0,nan,0,nan,0,nan,0,nan,0,nan,0,nan,0
1597988430362633984,1597988430927000064,2020-08-21 13:40:30.927000,2883.0,2897.0,2863.0,2895.0,nan,2878.0,702695,20228033750.0,1368915,2883.0,685,2882.0,998,nan,0,nan,0,nan,0,nan,0,nan,0,nan,0,nan,0,nan,0
1597988430831147008,1597988431395000064,2020-08-21 13:40:31.395000,2883.0,2897.0,2863.0,2895.0,nan,2878.0,702695,20228033750.0,1368915,2883.0,685,2882.0,1014,nan,0,nan,0,nan,0,nan,0,nan,0,nan,0,nan,0,nan,0
1597988431355502080,1597988431910000128,2020-08-21 13:40:31.910000,2883.0,2897.0,2863.0,2895.0,nan,2878.0,702695,20228033750.0,1368915,2883.0,683,2882.0,1015,nan,0,nan,0,nan,0,nan,0,nan,0,nan,0,nan,0,nan,0
1597988432339151872,1597988432936999936,2020-08-21 13:40:32.937000,2883.0,2897.0,2863.0,2895.0,nan,2878.0,702695,20228033750.0,1368915,2883.0,683,2882.0,1013,nan,0,nan,0,nan,0,nan,0,nan,0,nan,0,nan,0,nan,0
1597988432834012928,1597988433432000000,2020-08-21 13:40:33.432000,2883.0,2897.0,2863.0,2895.0,nan,2878.0,702695,20228033750.0,1368915,2883.0,684,2882.0,1014,nan,0,nan,0,nan,0,nan,0,nan,0,nan,0,nan,0,nan,0
1597988433329996032,1597988433926000128,2020-08-21 13:40:33.926000,2882.0,2897.0,2863.0,2895.0,nan,2878.0,702697,20228091400.0,1368915,2883.0,682,2882.0,1018,nan,0,nan,0,nan,0,nan,0,nan,0,nan,0,nan,0,nan,0
1597988433864300032,1597988434384000000,2020-08-21 13:40:34.384000,2883.0,2897.0,2863.0,2895.0,nan,2878.0,702698,20228120230.0,1368914,2883.0,681,2882.0,1020,nan,0,nan,0,nan,0,nan,0,nan,0,nan,0,nan,0,nan,0
1597988434834608128,1597988435428999936,2020-08-21 13:40:35.429000,2883.0,2897.0,2863.0,2895.0,nan,2878.0,702699,20228149060.0,1368914,2883.0,680,2882.0,1020,nan,0,nan,0,nan,0,nan,0,nan,0,nan,0,nan,0,nan,0
1597988435347421952,1597988435910000128,2020-08-21 13:40:35.910000,2883.0,2897.0,2863.0,2895.0,nan,2878.0,702700,20228177890.0,1368914,2883.0,684,2882.0,1020,nan,0,nan,0,nan,0,nan,0,nan,0,nan,0,nan,0,nan,0
1597988436337779968,1597988436877000192,2020-08-21 13:40:36.877000,2883.0,2897.0,2863.0,2895.0,nan,2878.0,702700,20228177890.0,1368914,2883.0,684,2882.0,1021,nan,0,nan,0,nan,0,nan,0,nan,0,nan,0,nan,0,nan,0
1597988437333986048,1597988437937999872,2020-08-21 13:40:37.938000,2883.0,2897.0,2863.0,2895.0,nan,2878.0,702700,20228177890.0,1368914,2883.0,683,2882.0,1021,nan,0,nan,0,nan,0,nan,0,nan,0,nan,0,nan,0,nan,0
1597988438330137088,1597988438908000000,2020-08-21 13:40:38.908000,2883.0,2897.0,2863.0,2895.0,nan,2878.0,702700,20228177890.0,1368914,2883.0,684,2882.0,1022,nan,0,nan,0,nan,0,nan,0,nan,0,nan,0,nan,0,nan,0
1597988438833840128,1597988439433000192,2020-08-21 13:40:39.433000,2883.0,2897.0,2863.0,2895.0,nan,2878.0,702701,20228206720.0,1368913,2883.0,683,2882.0,1023,nan,0,nan,0,nan,0,nan,0,nan,0,nan,0,nan,0,nan,0
1597988439334929920,1597988439926000128,2020-08-21 13:40:39.926000,2883.0,2897.0,2863.0,2895.0,nan,2878.0,702701,20228206720.0,1368913,2883.0,683,2882.0,1024,nan,0,nan,0,nan,0,nan,0,nan,0,nan,0,nan,0,nan,0
1597988440345016064,1597988440910000128,2020-08-21 13:40:40.910000,2882.0,2897.0,2863.0,2895.0,nan,2878.0,702766,20230080020.0,1368885,2883.0,689,2882.0,962,nan,0,nan,0,nan,0,nan,0,nan,0,nan,0,nan,0,nan,0
1597988440839788032,1597988441420999936,2020-08-21 13:40:41.421000,2882.0,2897.0,2863.0,2895.0,nan,2878.0,702766,20230080020.0,1368885,2883.0,690,2882.0,979,nan,0,nan,0,nan,0,nan,0,nan,0,nan,0,nan,0,nan,0
1597988441333756928,1597988441860999936,2020-08-21 13:40:41.861000,2882.0,2897.0,2863.0,2895.0,nan,2878.0,702766,20230080020.0,1368885,2883.0,690,2882.0,981,nan,0,nan,0,nan,0,nan,0,nan,0,nan,0,nan,0,nan,0
1597988442339077120,1597988442924000000,2020-08-21 13:40:42.924000,2883.0,2897.0,2863.0,2895.0,nan,2878.0,702767,20230108850.0,1368885,2883.0,690,2882.0,980,nan,0,nan,0,nan,0,nan,0,nan,0,nan,0,nan,0,nan,0
1597988442829901056,1597988443434000128,2020-08-21 13:40:43.434000,2882.0,2897.0,2863.0,2895.0,nan,2878.0,702768,20230137670.0,1368886,2883.0,690,2882.0,978,nan,0,nan,0,nan,0,nan,0,nan,0,nan,0,nan,0,nan,0
1597988443346308096,1597988443926000128,2020-08-21 13:40:43.926000,2883.0,2897.0,2863.0,2895.0,nan,2878.0,702769,20230166500.0,1368886,2883.0,689,2882.0,978,nan,0,nan,0,nan,0,nan,0,nan,0,nan,0,nan,0,nan,0
1597988443840921088,1597988444434000128,2020-08-21 13:40:44.434000,2883.0,2897.0,2863.0,2895.0,nan,2878.0,702770,20230195330.0,1368886,2883.0,688,2882.0,985,nan,0,nan,0,nan,0,nan,0,nan,0,nan,0,nan,0,nan,0
1597988444354708992,1597988444904000000,2020-08-21 13:40:44.904000,2882.0,2897.0,2863.0,2895.0,nan,2878.0,702776,20230368260.0,1368886,2883.0,687,2882.0,981,nan,0,nan,0,nan,0,nan,0,nan,0,nan,0,nan,0,nan,0
1597988444833647104,1597988445427000064,2020-08-21 13:40:45.427000,2882.0,2897.0,2863.0,2895.0,nan,2878.0,702777,20230397080.0,1368886,2883.0,692,2882.0,980,nan,0,nan,0,nan,0,nan,0,nan,0,nan,0,nan,0,nan,0
1597988445336939008,1597988445926000128,2020-08-21 13:40:45.926000,2883.0,2897.0,2863.0,2895.0,nan,2878.0,702778,20230425910.0,1368886,2883.0,693,2882.0,980,nan,0,nan,0,nan,0,nan,0,nan,0,nan,0,nan,0,nan,0
1597988445832604928,1597988446414000128,2020-08-21 13:40:46.414000,2883.0,2897.0,2863.0,2895.0,nan,2878.0,702778,20230425910.0,1368886,2883.0,693,2882.0,979,nan,0,nan,0,nan,0,nan,0,nan,0,nan,0,nan,0,nan,0
1597988446840370944,1597988447360999936,2020-08-21 13:40:47.361000,2883.0,2897.0,2863.0,2895.0,nan,2878.0,702781,20230512390.0,1368887,2883.0,691,2882.0,978,nan,0,nan,0,nan,0,nan,0,nan,0,nan,0,nan,0,nan,0
1597988447382196992,1597988447936000000,2020-08-21 13:40:47.936000,2882.0,2897.0,2863.0,2895.0,nan,2878.0,702784,20230598850.0,1368888,2883.0,691,2882.0,975,nan,0,nan,0,nan,0,nan,0,nan,0,nan,0,nan,0,nan,0
1597988448856416000,1597988449431000064,2020-08-21 13:40:49.431000,2883.0,2897.0,2863.0,2895.0,nan,2878.0,702786,20230656500.0,1368889,2883.0,700,2882.0,972,nan,0,nan,0,nan,0,nan,0,nan,0,nan,0,nan,0,nan,0
1597988449337903104,1597988449851000064,2020-08-21 13:40:49.851000,2883.0,2897.0,2863.0,2895.0,nan,2878.0,702786,20230656500.0,1368889,2883.0,701,2882.0,972,nan,0,nan,0,nan,0,nan,0,nan,0,nan,0,nan,0,nan,0
1597988449830199040,1597988450418999808,2020-08-21 13:40:50.419000,2883.0,2897.0,2863.0,2895.0,nan,2878.0,702786,20230656500.0,1368889,2883.0,675,2882.0,972,nan,0,nan,0,nan,0,nan,0,nan,0,nan,0,nan,0,nan,0
1597988450330192896,1597988450928000000,2020-08-21 13:40:50.928000,2883.0,2897.0,2863.0,2895.0,nan,2878.0,702787,20230685330.0,1368890,2883.0,694,2882.0,972,nan,0,nan,0,nan,0,nan,0,nan,0,nan,0,nan,0,nan,0
1597988450832292096,1597988451411000064,2020-08-21 13:40:51.411000,2883.0,2897.0,2863.0,2895.0,nan,2878.0,702787,20230685330.0,1368890,2883.0,696,2882.0,973,nan,0,nan,0,nan,0,nan,0,nan,0,nan,0,nan,0,nan,0
1597988451329402880,1597988451920999936,2020-08-21 13:40:51.921000,2883.0,2897.0,2863.0,2895.0,nan,2878.0,702788,20230714160.0,1368891,2883.0,725,2882.0,973,nan,0,nan,0,nan,0,nan,0,nan,0,nan,0,nan,0,nan,0
1597988451829699072,1597988452424999936,2020-08-21 13:40:52.425000,2882.0,2897.0,2863.0,2895.0,nan,2878.0,702792,20230829440.0,1368895,2883.0,728,2882.0,969,nan,0,nan,0,nan,0,nan,0,nan,0,nan,0,nan,0,nan,0
1597988452329100032,1597988452878000128,2020-08-21 13:40:52.878000,2883.0,2897.0,2863.0,2895.0,nan,2878.0,702793,20230858270.0,1368896,2883.0,728,2882.0,968,nan,0,nan,0,nan,0,nan,0,nan,0,nan,0,nan,0,nan,0
1597988453829011968,1597988454413000192,2020-08-21 13:40:54.413000,2883.0,2897.0,2863.0,2895.0,nan,2878.0,702794,20230887100.0,1368896,2883.0,734,2882.0,961,nan,0,nan,0,nan,0,nan,0,nan,0,nan,0,nan,0,nan,0
1597988454331078912,1597988454931000064,2020-08-21 13:40:54.931000,2883.0,2897.0,2863.0,2895.0,nan,2878.0,702797,20230973590.0,1368899,2883.0,731,2882.0,961,nan,0,nan,0,nan,0,nan,0,nan,0,nan,0,nan,0,nan,0
1597988454830505984,1597988455430000128,2020-08-21 13:40:55.430000,2883.0,2897.0,2863.0,2895.0,nan,2878.0,702797,20230973590.0,1368899,2883.0,746,2882.0,933,nan,0,nan,0,nan,0,nan,0,nan,0,nan,0,nan,0,nan,0
1597988455330025984,1597988455848000000,2020-08-21 13:40:55.848000,2883.0,2897.0,2863.0,2895.0,nan,2878.0,702797,20230973590.0,1368899,2883.0,747,2882.0,930,nan,0,nan,0,nan,0,nan,0,nan,0,nan,0,nan,0,nan,0
1597988455830545920,1597988456420999936,2020-08-21 13:40:56.421000,2882.0,2897.0,2863.0,2895.0,nan,2878.0,702819,20231607630.0,1368899,2883.0,747,2882.0,908,nan,0,nan,0,nan,0,nan,0,nan,0,nan,0,nan,0,nan,0
1597988456332332032,1597988456905999872,2020-08-21 13:40:56.906000,2882.0,2897.0,2863.0,2895.0,nan,2878.0,702820,20231636450.0,1368899,2883.0,747,2882.0,901,nan,0,nan,0,nan,0,nan,0,nan,0,nan,0,nan,0,nan,0
1597988456830827008,1597988457434000128,2020-08-21 13:40:57.434000,2883.0,2897.0,2863.0,2895.0,nan,2878.0,702821,20231665280.0,1368899,2883.0,770,2882.0,745,nan,0,nan,0,nan,0,nan,0,nan,0,nan,0,nan,0,nan,0
1597988457333249024,1597988457931000064,2020-08-21 13:40:57.931000,2882.0,2897.0,2863.0,2895.0,nan,2878.0,703552,20252732700.0,1369183,2882.0,1043,2881.0,743,nan,0,nan,0,nan,0,nan,0,nan,0,nan,0,nan,0,nan,0
1597988457841810944,1597988458434000128,2020-08-21 13:40:58.434000,2881.0,2897.0,2863.0,2895.0,nan,2878.0,703564,20253078420.0,1369185,2882.0,1101,2881.0,731,nan,0,nan,0,nan,0,nan,0,nan,0,nan,0,nan,0,nan,0
1597988458330864128,1597988458916999936,2020-08-21 13:40:58.917000,2881.0,2897.0,2863.0,2895.0,nan,2878.0,703564,20253078420.0,1369185,2882.0,1110,2881.0,691,nan,0,nan,0,nan,0,nan,0,nan,0,nan,0,nan,0,nan,0
1597988458830810880,1597988459400999936,2020-08-21 13:40:59.401000,2881.0,2897.0,2863.0,2895.0,nan,2878.0,703569,20253222470.0,1369185,2882.0,1120,2881.0,686,nan,0,nan,0,nan,0,nan,0,nan,0,nan,0,nan,0,nan,0
1597988459328720896,1597988459824999936,2020-08-21 13:40:59.825000,2882.0,2897.0,2863.0,2895.0,nan,2878.0,703576,20253424210.0,1369178,2882.0,1119,2881.0,688,nan,0,nan,0,nan,0,nan,0,nan,0,nan,0,nan,0,nan,0
1597988459831843072,1597988460424999936,2020-08-21 13:41:00.425000,2882.0,2897.0,2863.0,2895.0,nan,2878.0,703576,20253424210.0,1369178,2882.0,1088,2881.0,708,nan,0,nan,0,nan,0,nan,0,nan,0,nan,0,nan,0,nan,0
1597988460328552960,1597988460934000128,2020-08-21 13:41:00.934000,2882.0,2897.0,2863.0,2895.0,nan,2878.0,703576,20253424210.0,1369178,2882.0,1098,2881.0,708,nan,0,nan,0,nan,0,nan,0,nan,0,nan,0,nan,0,nan,0
1597988460829980928,1597988461427000064,2020-08-21 13:41:01.427000,2882.0,2897.0,2863.0,2895.0,nan,2878.0,703577,20253453030.0,1369177,2882.0,1097,2881.0,709,nan,0,nan,0,nan,0,nan,0,nan,0,nan,0,nan,0,nan,0
1597988461381312000,1597988461891000064,2020-08-21 13:41:01.891000,2882.0,2897.0,2863.0,2895.0,nan,2878.0,703578,20253481850.0,1369177,2882.0,1096,2881.0,714,nan,0,nan,0,nan,0,nan,0,nan,0,nan,0,nan,0,nan,0
1597988461835194112,1597988462404000000,2020-08-21 13:41:02.404000,2881.0,2897.0,2863.0,2895.0,nan,2878.0,703579,20253510660.0,1369176,2882.0,1098,2881.0,714,nan,0,nan,0,nan,0,nan,0,nan,0,nan,0,nan,0,nan,0
1597988462348880896,1597988462901999872,2020-08-21 13:41:02.902000,2881.0,2897.0,2863.0,2895.0,nan,2878.0,703580,20253539470.0,1369175,2882.0,1099,2881.0,713,nan,0,nan,0,nan,0,nan,0,nan,0,nan,0,nan,0,nan,0
1597988463332547072,1597988463920000000,2020-08-21 13:41:03.920000,2881.0,2897.0,2863.0,2895.0,nan,2878.0,703581,20253568280.0,1369174,2882.0,1099,2881.0,712,nan,0,nan,0,nan,0,nan,0,nan,0,nan,0,nan,0,nan,0
1597988463830326016,1597988464430000128,2020-08-21 13:41:04.430000,2882.0,2897.0,2863.0,2895.0,nan,2878.0,703582,20253597100.0,1369173,2882.0,1098,2881.0,712,nan,0,nan,0,nan,0,nan,0,nan,0,nan,0,nan,0,nan,0
1597988464329582080,1597988464920000000,2020-08-21 13:41:04.920000,2882.0,2897.0,2863.0,2895.0,nan,2878.0,703583,20253625920.0,1369173,2882.0,1098,2881.0,713,nan,0,nan,0,nan,0,nan,0,nan,0,nan,0,nan,0,nan,0
1597988464836049920,1597988465407000064,2020-08-21 13:41:05.407000,2882.0,2897.0,2863.0,2895.0,nan,2878.0,703584,20253654740.0,1369173,2882.0,1097,2881.0,713,nan,0,nan,0,nan,0,nan,0,nan,0,nan,0,nan,0,nan,0
1597988465329401088,1597988465921999872,2020-08-21 13:41:05.922000,2881.0,2897.0,2863.0,2895.0,nan,2878.0,703595,20253971650.0,1369169,2882.0,1099,2881.0,702,nan,0,nan,0,nan,0,nan,0,nan,0,nan,0,nan,0,nan,0
1597988465837989888,1597988466433000192,2020-08-21 13:41:06.433000,2881.0,2897.0,2863.0,2895.0,nan,2878.0,703596,20254000460.0,1369170,2882.0,1098,2881.0,526,nan,0,nan,0,nan,0,nan,0,nan,0,nan,0,nan,0,nan,0
1597988466351547904,1597988466864000000,2020-08-21 13:41:06.864000,2881.0,2897.0,2863.0,2895.0,nan,2878.0,703596,20254000460.0,1369170,2882.0,1098,2881.0,545,nan,0,nan,0,nan,0,nan,0,nan,0,nan,0,nan,0,nan,0
1597988466831571968,1597988467418999808,2020-08-21 13:41:07.419000,2881.0,2897.0,2863.0,2895.0,nan,2878.0,703603,20254202150.0,1369169,2882.0,1139,2881.0,540,nan,0,nan,0,nan,0,nan,0,nan,0,nan,0,nan,0,nan,0
1597988467332015104,1597988467860999936,2020-08-21 13:41:07.861000,2882.0,2897.0,2863.0,2895.0,nan,2878.0,703604,20254230970.0,1369169,2882.0,1138,2881.0,540,nan,0,nan,0,nan,0,nan,0,nan,0,nan,0,nan,0,nan,0
1597988468341197056,1597988468852999936,2020-08-21 13:41:08.853000,2882.0,2897.0,2863.0,2895.0,nan,2878.0,703606,20254288600.0,1369169,2882.0,1137,2881.0,539,nan,0,nan,0,nan,0,nan,0,nan,0,nan,0,nan,0,nan,0
1597988468845707008,1597988469427000064,2020-08-21 13:41:09.427000,2882.0,2897.0,2863.0,2895.0,nan,2878.0,703627,20254893620.0,1369163,2882.0,1137,2881.0,519,nan,0,nan,0,nan,0,nan,0,nan,0,nan,0,nan,0,nan,0
1597988469350648064,1597988469910000128,2020-08-21 13:41:09.910000,2882.0,2897.0,2863.0,2895.0,nan,2878.0,703627,20254893620.0,1369163,2882.0,1137,2881.0,517,nan,0,nan,0,nan,0,nan,0,nan,0,nan,0,nan,0,nan,0
1597988469837591040,1597988470401999872,2020-08-21 13:41:10.402000,2881.0,2897.0,2863.0,2895.0,nan,2878.0,704147,20269874820.0,1369141,2881.0,364,2880.0,1385,nan,0,nan,0,nan,0,nan,0,nan,0,nan,0,nan,0,nan,0
1597988470344188928,1597988470924999936,2020-08-21 13:41:10.925000,2881.0,2897.0,2863.0,2895.0,nan,2878.0,704177,20270739120.0,1369171,2881.0,445,2880.0,1107,nan,0,nan,0,nan,0,nan,0,nan,0,nan,0,nan,0,nan,0
1597988470831406080,1597988471414000128,2020-08-21 13:41:11.414000,2881.0,2897.0,2863.0,2895.0,nan,2878.0,704182,20270883170.0,1369175,2881.0,466,2880.0,1113,nan,0,nan,0,nan,0,nan,0,nan,0,nan,0,nan,0,nan,0
1597988471330487040,1597988471920999936,2020-08-21 13:41:11.921000,2881.0,2897.0,2863.0,2895.0,nan,2878.0,704186,20270998390.0,1369179,2881.0,465,2880.0,1120,nan,0,nan,0,nan,0,nan,0,nan,0,nan,0,nan,0,nan,0
1597988471833641984,1597988472436999936,2020-08-21 13:41:12.437000,2881.0,2897.0,2863.0,2895.0,nan,2878.0,704187,20271027200.0,1369179,2881.0,464,2880.0,1120,nan,0,nan,0,nan,0,nan,0,nan,0,nan,0,nan,0,nan,0
1597988472337857024,1597988472824999936,2020-08-21 13:41:12.825000,2881.0,2897.0,2863.0,2895.0,nan,2878.0,704187,20271027200.0,1369179,2881.0,468,2880.0,1120,nan,0,nan,0,nan,0,nan,0,nan,0,nan,0,nan,0,nan,0
1597988472834289920,1597988473411000064,2020-08-21 13:41:13.411000,2881.0,2897.0,2863.0,2895.0,nan,2878.0,704190,20271113630.0,1369182,2881.0,466,2880.0,1120,nan,0,nan,0,nan,0,nan,0,nan,0,nan,0,nan,0,nan,0
1597988473341796096,1597988473856000000,2020-08-21 13:41:13.856000,2881.0,2897.0,2863.0,2895.0,nan,2878.0,704191,20271142440.0,1369183,2881.0,487,2880.0,1121,nan,0,nan,0,nan,0,nan,0,nan,0,nan,0,nan,0,nan,0
1597988473837246976,1597988474379000064,2020-08-21 13:41:14.379000,2881.0,2897.0,2863.0,2895.0,nan,2878.0,704208,20271632060.0,1369184,2881.0,465,2880.0,1106,nan,0,nan,0,nan,0,nan,0,nan,0,nan,0,nan,0,nan,0
1597988474329985024,1597988474933000192,2020-08-21 13:41:14.933000,2880.0,2897.0,2863.0,2895.0,nan,2878.0,704210,20271689670.0,1369185,2881.0,464,2880.0,1106,nan,0,nan,0,nan,0,nan,0,nan,0,nan,0,nan,0,nan,0
1597988474838152960,1597988475428999936,2020-08-21 13:41:15.429000,2880.0,2897.0,2863.0,2895.0,nan,2878.0,704217,20271891280.0,1369186,2881.0,473,2880.0,1118,nan,0,nan,0,nan,0,nan,0,nan,0,nan,0,nan,0,nan,0
1597988475330262016,1597988475927000064,2020-08-21 13:41:15.927000,2880.0,2897.0,2863.0,2895.0,nan,2878.0,704217,20271891280.0,1369186,2881.0,475,2880.0,1121,nan,0,nan,0,nan,0,nan,0,nan,0,nan,0,nan,0,nan,0
1597988475838494976,1597988476435000064,2020-08-21 13:41:16.435000,2881.0,2897.0,2863.0,2895.0,nan,2878.0,704218,20271920090.0,1369187,2881.0,474,2880.0,1124,nan,0,nan,0,nan,0,nan,0,nan,0,nan,0,nan,0,nan,0
1597988476330347008,1597988476880000000,2020-08-21 13:41:16.880000,2881.0,2897.0,2863.0,2895.0,nan,2878.0,704218,20271920090.0,1369187,2881.0,474,2880.0,1123,nan,0,nan,0,nan,0,nan,0,nan,0,nan,0,nan,0,nan,0
1597988476841776896,1597988477436000000,2020-08-21 13:41:17.436000,2881.0,2897.0,2863.0,2895.0,nan,2878.0,704218,20271920090.0,1369187,2881.0,474,2880.0,1128,nan,0,nan,0,nan,0,nan,0,nan,0,nan,0,nan,0,nan,0
1597988477330148096,1597988477898000128,2020-08-21 13:41:17.898000,2881.0,2897.0,2863.0,2895.0,nan,2878.0,704218,20271920090.0,1369187,2881.0,480,2880.0,1128,nan,0,nan,0,nan,0,nan,0,nan,0,nan,0,nan,0,nan,0
1597988477831212032,1597988478427000064,2020-08-21 13:41:18.427000,2881.0,2897.0,2863.0,2895.0,nan,2878.0,704328,20275089190.0,1369297,2881.0,227,2880.0,1130,nan,0,nan,0,nan,0,nan,0,nan,0,nan,0,nan,0,nan,0
1597988478338256896,1597988478911000064,2020-08-21 13:41:18.911000,2881.0,2897.0,2863.0,2895.0,nan,2878.0,704517,20280534280.0,1369385,2882.0,1155,2881.0,245,nan,0,nan,0,nan,0,nan,0,nan,0,nan,0,nan,0,nan,0
1597988478832286976,1597988479433000192,2020-08-21 13:41:19.433000,2881.0,2897.0,2863.0,2895.0,nan,2878.0,704533,20280995240.0,1369386,2882.0,1157,2881.0,259,nan,0,nan,0,nan,0,nan,0,nan,0,nan,0,nan,0,nan,0
1597988479334629888,1597988479936000000,2020-08-21 13:41:19.936000,2881.0,2897.0,2863.0,2895.0,nan,2878.0,704534,20281024050.0,1369386,2882.0,1156,2881.0,268,nan,0,nan,0,nan,0,nan,0,nan,0,nan,0,nan,0,nan,0
1597988479841662976,1597988480415000064,2020-08-21 13:41:20.415000,2881.0,2897.0,2863.0,2895.0,nan,2878.0,704549,20281456200.0,1369386,2882.0,1157,2881.0,260,nan,0,nan,0,nan,0,nan,0,nan,0,nan,0,nan,0,nan,0
1597988480338255872,1597988480903000064,2020-08-21 13:41:20.903000,2881.0,2897.0,2863.0,2895.0,nan,2878.0,704549,20281456200.0,1369386,2882.0,1157,2881.0,261,nan,0,nan,0,nan,0,nan,0,nan,0,nan,0,nan,0,nan,0
1597988480835290880,1597988481438999808,2020-08-21 13:41:21.439000,2881.0,2897.0,2863.0,2895.0,nan,2878.0,704557,20281686700.0,1369387,2882.0,1155,2881.0,257,nan,0,nan,0,nan,0,nan,0,nan,0,nan,0,nan,0,nan,0
1597988481330259968,1597988481932000000,2020-08-21 13:41:21.932000,2881.0,2897.0,2863.0,2895.0,nan,2878.0,704557,20281686700.0,1369387,2882.0,1156,2881.0,260,nan,0,nan,0,nan,0,nan,0,nan,0,nan,0,nan,0,nan,0
1597988481853245952,1597988482430000128,2020-08-21 13:41:22.430000,2881.0,2897.0,2863.0,2895.0,nan,2878.0,704557,20281686700.0,1369387,2882.0,1157,2881.0,282,nan,0,nan,0,nan,0,nan,0,nan,0,nan,0,nan,0,nan,0
1597988482330414080,1597988482918999808,2020-08-21 13:41:22.919000,2881.0,2897.0,2863.0,2895.0,nan,2878.0,704557,20281686700.0,1369387,2882.0,1159,2881.0,287,nan,0,nan,0,nan,0,nan,0,nan,0,nan,0,nan,0,nan,0
1597988482830214912,1597988483434000128,2020-08-21 13:41:23.434000,2881.0,2897.0,2863.0,2895.0,nan,2878.0,704557,20281686700.0,1369387,2882.0,1159,2881.0,289,nan,0,nan,0,nan,0,nan,0,nan,0,nan,0,nan,0,nan,0
1597988483335847936,1597988483932000000,2020-08-21 13:41:23.932000,2881.0,2897.0,2863.0,2895.0,nan,2878.0,704558,20281715510.0,1369388,2882.0,1180,2881.0,288,nan,0,nan,0,nan,0,nan,0,nan,0,nan,0,nan,0,nan,0
1597988483836681984,1597988484434000128,2020-08-21 13:41:24.434000,2882.0,2897.0,2863.0,2895.0,nan,2878.0,704560,20281773150.0,1369387,2882.0,1179,2881.0,289,nan,0,nan,0,nan,0,nan,0,nan,0,nan,0,nan,0,nan,0
1597988484328848896,1597988484884999936,2020-08-21 13:41:24.885000,2881.0,2897.0,2863.0,2895.0,nan,2878.0,704564,20281888390.0,1369391,2882.0,1180,2881.0,285,nan,0,nan,0,nan,0,nan,0,nan,0,nan,0,nan,0,nan,0
1597988484836695040,1597988485431000064,2020-08-21 13:41:25.431000,2882.0,2897.0,2863.0,2895.0,nan,2878.0,704565,20281917210.0,1369391,2882.0,1179,2881.0,285,nan,0,nan,0,nan,0,nan,0,nan,0,nan,0,nan,0,nan,0
1597988485329958912,1597988485936000000,2020-08-21 13:41:25.936000,2882.0,2897.0,2863.0,2895.0,nan,2878.0,704565,20281917210.0,1369391,2882.0,1179,2881.0,286,nan,0,nan,0,nan,0,nan,0,nan,0,nan,0,nan,0,nan,0
1597988485830407936,1597988486418999808,2020-08-21 13:41:26.419000,2881.0,2897.0,2863.0,2895.0,nan,2878.0,704569,20282032450.0,1369395,2882.0,1179,2881.0,283,nan,0,nan,0,nan,0,nan,0,nan,0,nan,0,nan,0,nan,0
1597988486329658112,1597988486904000000,2020-08-21 13:41:26.904000,2881.0,2897.0,2863.0,2895.0,nan,2878.0,704569,20282032450.0,1369395,2882.0,1179,2881.0,284,nan,0,nan,0,nan,0,nan,0,nan,0,nan,0,nan,0,nan,0
1597988486829008896,1597988487403000064,2020-08-21 13:41:27.403000,2882.0,2897.0,2863.0,2895.0,nan,2878.0,704570,20282061270.0,1369394,2882.0,1178,2881.0,294,nan,0,nan,0,nan,0,nan,0,nan,0,nan,0,nan,0,nan,0
1597988487331262976,1597988487936999936,2020-08-21 13:41:27.937000,2882.0,2897.0,2863.0,2895.0,nan,2878.0,704571,20282090090.0,1369394,2882.0,1173,2881.0,294,nan,0,nan,0,nan,0,nan,0,nan,0,nan,0,nan,0,nan,0
1597988487829992960,1597988488431000064,2020-08-21 13:41:28.431000,2882.0,2897.0,2863.0,2895.0,nan,2878.0,704571,20282090090.0,1369394,2882.0,1173,2881.0,295,nan,0,nan,0,nan,0,nan,0,nan,0,nan,0,nan,0,nan,0
1597988488335986944,1597988488935000064,2020-08-21 13:41:28.935000,2882.0,2897.0,2863.0,2895.0,nan,2878.0,704571,20282090090.0,1369394,2882.0,1173,2881.0,297,nan,0,nan,0,nan,0,nan,0,nan,0,nan,0,nan,0,nan,0
1597988488947482880,1597988489436000000,2020-08-21 13:41:29.436000,2882.0,2897.0,2863.0,2895.0,nan,2878.0,704571,20282090090.0,1369394,2882.0,1175,2881.0,298,nan,0,nan,0,nan,0,nan,0,nan,0,nan,0,nan,0,nan,0
1597988489341061888,1597988489936999936,2020-08-21 13:41:29.937000,2882.0,2897.0,2863.0,2895.0,nan,2878.0,704571,20282090090.0,1369394,2882.0,1174,2881.0,298,nan,0,nan,0,nan,0,nan,0,nan,0,nan,0,nan,0,nan,0
1597988489834746880,1597988490397000192,2020-08-21 13:41:30.397000,2881.0,2897.0,2863.0,2895.0,nan,2878.0,704573,20282147710.0,1369396,2882.0,1190,2881.0,296,nan,0,nan,0,nan,0,nan,0,nan,0,nan,0,nan,0,nan,0
1597988490343620096,1597988490935000064,2020-08-21 13:41:30.935000,2882.0,2897.0,2863.0,2895.0,nan,2878.0,704574,20282176530.0,1369396,2882.0,1193,2881.0,296,nan,0,nan,0,nan,0,nan,0,nan,0,nan,0,nan,0,nan,0
1597988490833260032,1597988491427000064,2020-08-21 13:41:31.427000,2881.0,2897.0,2863.0,2895.0,nan,2878.0,704575,20282205340.0,1369397,2882.0,1195,2881.0,318,nan,0,nan,0,nan,0,nan,0,nan,0,nan,0,nan,0,nan,0
1597988491332174080,1597988491836000000,2020-08-21 13:41:31.836000,2881.0,2897.0,2863.0,2895.0,nan,2878.0,704575,20282205340.0,1369397,2882.0,1201,2881.0,318,nan,0,nan,0,nan,0,nan,0,nan,0,nan,0,nan,0,nan,0
1597988491832537088,1597988492431000064,2020-08-21 13:41:32.431000,2881.0,2897.0,2863.0,2895.0,nan,2878.0,704575,20282205340.0,1369397,2882.0,1203,2881.0,183,nan,0,nan,0,nan,0,nan,0,nan,0,nan,0,nan,0,nan,0
1597988492342437888,1597988492917999872,2020-08-21 13:41:32.918000,2881.0,2897.0,2863.0,2895.0,nan,2878.0,704589,20282608680.0,1369411,2882.0,1203,2881.0,183,nan,0,nan,0,nan,0,nan,0,nan,0,nan,0,nan,0,nan,0
1597988492833836032,1597988493414000128,2020-08-21 13:41:33.414000,2881.0,2897.0,2863.0,2895.0,nan,2878.0,704589,20282608680.0,1369411,2882.0,1203,2881.0,202,nan,0,nan,0,nan,0,nan,0,nan,0,nan,0,nan,0,nan,0
1597988493328649984,1597988493933000192,2020-08-21 13:41:33.933000,2881.0,2897.0,2863.0,2895.0,nan,2878.0,704589,20282608680.0,1369411,2882.0,1203,2881.0,245,nan,0,nan,0,nan,0,nan,0,nan,0,nan,0,nan,0,nan,0
1597988493838252032,1597988494394000128,2020-08-21 13:41:34.394000,2881.0,2897.0,2863.0,2895.0,nan,2878.0,704593,20282723930.0,1369413,2882.0,1201,2881.0,244,nan,0,nan,0,nan,0,nan,0,nan,0,nan,0,nan,0,nan,0
1597988494327400960,1597988494912000000,2020-08-21 13:41:34.912000,2881.0,2897.0,2863.0,2895.0,nan,2878.0,704593,20282723930.0,1369413,2882.0,1203,2881.0,252,nan,0,nan,0,nan,0,nan,0,nan,0,nan,0,nan,0,nan,0
1597988496327238912,1597988496936999936,2020-08-21 13:41:36.937000,2881.0,2897.0,2863.0,2895.0,nan,2878.0,704593,20282723930.0,1369413,2882.0,1203,2881.0,262,nan,0,nan,0,nan,0,nan,0,nan,0,nan,0,nan,0,nan,0
1597988496827129088,1597988497436000000,2020-08-21 13:41:37.436000,2881.0,2897.0,2863.0,2895.0,nan,2878.0,704598,20282867980.0,1369413,2882.0,1203,2881.0,258,nan,0,nan,0,nan,0,nan,0,nan,0,nan,0,nan,0,nan,0
1597988497326699008,1597988497880000000,2020-08-21 13:41:37.880000,2881.0,2897.0,2863.0,2895.0,nan,2878.0,704598,20282867980.0,1369413,2882.0,1204,2881.0,258,nan,0,nan,0,nan,0,nan,0,nan,0,nan,0,nan,0,nan,0
1597988497847884032,1597988498374000128,2020-08-21 13:41:38.374000,2881.0,2897.0,2863.0,2895.0,nan,2878.0,704598,20282867980.0,1369413,2882.0,1208,2881.0,258,nan,0,nan,0,nan,0,nan,0,nan,0,nan,0,nan,0,nan,0
1597988498337012992,1597988498930000128,2020-08-21 13:41:38.930000,2882.0,2897.0,2863.0,2895.0,nan,2878.0,704599,20282896800.0,1369413,2882.0,1207,2881.0,258,nan,0,nan,0,nan,0,nan,0,nan,0,nan,0,nan,0,nan,0
