local_nano_time,quote_nano_time,datetime,last_price,highest,lowest,open,close,average,volume,amount,open_interest,ask_price1,ask_volume1,bid_price1,bid_volume1,ask_price2,ask_volume2,bid_price2,bid_volume2,ask_price3,ask_volume3,bid_price3,bid_volume3,ask_price4,ask_volume4,bid_price4,bid_volume4,ask_price5,ask_volume5,bid_price5,bid_volume5
1597988230209763072,1597988230432000000,2020-08-21 13:37:10.432000,143850.0,144360.0,141820.0,141910.0,nan,143022.807349,40711,5822601510.0,20944,143860.0,1,143830.0,2,143870.0,3,143820.0,1,143880.0,21,143810.0,4,143890.0,27,143800.0,34,143900.0,6,143790.0,14
1597988230624356096,1597988230935000064,2020-08-21 13:37:10.935000,143850.0,144360.0,141820.0,141910.0,nan,143022.807349,40711,5822601510.0,20944,143870.0,3,143830.0,4,143880.0,15,143810.0,3,143890.0,32,143800.0,36,143900.0,6,143790.0,10,143940.0,3,143780.0,1
1597988231156270080,1597988231436999936,2020-08-21 13:37:11.437000,143850.0,144360.0,141820.0,141910.0,nan,143022.807349,40711,5822601510.0,20944,143870.0,2,143830.0,3,143880.0,12,143820.0,4,143890.0,6,143810.0,22,143900.0,27,143800.0,10,143940.0,3,143790.0,5
1597988231632080896,1597988231910000128,2020-08-21 13:37:11.910000,143850.0,144360.0,141820.0,141910.0,nan,143022.807349,40711,5822601510.0,20944,143870.0,2,143830.0,3,143880.0,10,143820.0,4,143890.0,2,143810.0,34,143900.0,38,143800.0,3,143940.0,3,143790.0,5
1597988232139937024,1597988232423000064,2020-08-21 13:37:12.423000,143850.0,144360.0,141820.0,141910.0,nan,143022.807349,40711,5822601510.0,20944,143870.0,2,143830.0,3,143880.0,10,143820.0,4,143890.0,1,143810.0,33,143900.0,38,143800.0,3,143940.0,3,143790.0,5
1597988232624797952,1597988232932000000,2020-08-21 13:37:12.932000,143850.0,144360.0,141820.0,141910.0,nan,143022.807349,40711,5822601510.0,20944,143870.0,2,143830.0,3,143880.0,10,143820.0,4,143890.0,1,143810.0,32,143900.0,38,143800.0,3,143940.0,3,143790.0,5
1597988234633422080,1597988234937999872,2020-08-21 13:37:14.938000,143850.0,144360.0,141820.0,141910.0,nan,143022.807349,40711,5822601510.0,20944,143870.0,2,143830.0,3,143880.0,5,143820.0,4,143890.0,1,143810.0,32,143900.0,38,143800.0,3,143940.0,3,143780.0,1
1597988235134871040,1597988235413000192,2020-08-21 13:37:15.413000,143850.0,144360.0,141820.0,141910.0,nan,143022.807349,40711,5822601510.0,20944,143870.0,3,143830.0,3,143880.0,4,143820.0,4,143890.0,6,143810.0,32,143900.0,39,143800.0,8,143940.0,3,143780.0,1
1597988235627013888,1597988235905999872,2020-08-21 13:37:15.906000,143850.0,144360.0,141820.0,141910.0,nan,143022.807349,40711,5822601510.0,20944,143870.0,3,143850.0,10,143880.0,5,143830.0,3,143890.0,11,143820.0,4,143900.0,33,143810.0,28,143940.0,3,143800.0,12
1597988236118466048,1597988236432000000,2020-08-21 13:37:16.432000,143850.0,144360.0,141820.0,141910.0,nan,143022.807349,40711,5822601510.0,20944,143860.0,1,143850.0,12,143870.0,2,143840.0,3,143880.0,4,143830.0,3,143890.0,7,143820.0,21,143900.0,18,143810.0,10
1597988236616640000,1597988236918999808,2020-08-21 13:37:16.919000,143860.0,144360.0,141820.0,141910.0,nan,143022.848476,40713,5822889230.0,20944,143870.0,2,143850.0,11,143880.0,5,143840.0,4,143890.0,8,143830.0,3,143900.0,33,143820.0,6,143910.0,5,143810.0,26
1597988237139677952,1597988237435000064,2020-08-21 13:37:17.435000,143860.0,144360.0,141820.0,141910.0,nan,143022.848476,40713,5822889230.0,20944,143870.0,2,143850.0,12,143880.0,3,143840.0,3,143890.0,9,143830.0,4,143900.0,18,143820.0,21,143910.0,21,143810.0,10
1597988237636858112,1597988237934000128,2020-08-21 13:37:17.934000,143860.0,144360.0,141820.0,141910.0,nan,143022.848476,40713,5822889230.0,20944,143870.0,2,143850.0,12,143880.0,3,143840.0,3,143890.0,8,143830.0,4,143900.0,10,143820.0,26,143910.0,26,143810.0,5
1597988238149710080,1597988238430000128,2020-08-21 13:37:18.430000,143860.0,144360.0,141820.0,141910.0,nan,143022.848476,40713,5822889230.0,20944,143870.0,2,143850.0,12,143880.0,3,143840.0,4,143890.0,8,143830.0,4,143900.0,11,143820.0,26,143910.0,26,143810.0,5
1597988238624827904,1597988238932000000,2020-08-21 13:37:18.932000,143860.0,144360.0,141820.0,141910.0,nan,143022.848476,40713,5822889230.0,20944,143870.0,2,143850.0,12,143880.0,3,143840.0,3,143890.0,8,143830.0,4,143900.0,10,143820.0,26,143910.0,26,143810.0,5
1597988239624044032,1597988239932000000,2020-08-21 13:37:19.932000,143860.0,144360.0,141820.0,141910.0,nan,143022.848476,40713,5822889230.0,20944,143870.0,2,143850.0,12,143880.0,3,143840.0,4,143890.0,8,143830.0,4,143900.0,11,143820.0,26,143910.0,26,143810.0,5
1597988240157772032,1597988240416999936,2020-08-21 13:37:20.417000,143860.0,144360.0,141820.0,141910.0,nan,143022.848476,40713,5822889230.0,20944,143870.0,2,143850.0,12,143880.0,3,143840.0,3,143890.0,8,143830.0,2,143900.0,10,143820.0,26,143910.0,26,143810.0,5
1597988240632670976,1597988240916000000,2020-08-21 13:37:20.916000,143870.0,144360.0,141820.0,141910.0,nan,143022.869283,40714,5823033100.0,20945,143870.0,1,143860.0,2,143880.0,3,143850.0,12,143890.0,3,143840.0,4,143900.0,11,143830.0,2,143910.0,26,143820.0,26
1597988241152093952,1597988241423000064,2020-08-21 13:37:21.423000,143880.0,144360.0,141820.0,141910.0,nan,143022.974287,40719,5823752490.0,20949,143890.0,1,143880.0,1,143900.0,10,143860.0,2,143910.0,23,143850.0,12,143940.0,3,143840.0,2,143950.0,2,143820.0,23
1597988241657879040,1597988241936000000,2020-08-21 13:37:21.936000,143890.0,144360.0,141820.0,141910.0,nan,143023.038161,40722,5824184160.0,20949,143900.0,2,143890.0,1,143910.0,14,143880.0,1,143930.0,13,143860.0,3,143940.0,3,143850.0,14,143950.0,3,143840.0,9
1597988242145242880,1597988242423000064,2020-08-21 13:37:22.423000,143880.0,144360.0,141820.0,141910.0,nan,143023.080493,40724,5824471930.0,20950,143890.0,2,143870.0,1,143900.0,1,143860.0,5,143910.0,7,143850.0,33,143920.0,1,143840.0,5,143930.0,10,143820.0,6
1597988242654253056,1597988242935000064,2020-08-21 13:37:22.935000,143880.0,144360.0,141820.0,141910.0,nan,143023.080493,40724,5824471930.0,20950,143900.0,2,143860.0,3,143910.0,8,143850.0,18,143920.0,17,143840.0,7,143930.0,10,143830.0,17,143940.0,8,143820.0,6
1597988243122146048,1597988243432000000,2020-08-21 13:37:23.432000,143880.0,144360.0,141820.0,141910.0,nan,143023.080493,40724,5824471930.0,20950,143900.0,2,143860.0,3,143910.0,9,143850.0,17,143920.0,2,143840.0,27,143930.0,31,143830.0,1,143940.0,3,143820.0,6
1597988243631616000,1597988243917999872,2020-08-21 13:37:23.918000,143880.0,144360.0,141820.0,141910.0,nan,143023.080493,40724,5824471930.0,20950,143900.0,2,143890.0,1,143910.0,8,143860.0,3,143920.0,1,143850.0,16,143930.0,32,143840.0,27,143940.0,3,143830.0,1
1597988244119162880,1597988244433000192,2020-08-21 13:37:24.433000,143880.0,144360.0,141820.0,141910.0,nan,143023.14386,40727,5824903580.0,20951,143880.0,1,143860.0,3,143890.0,1,143850.0,26,143900.0,1,143840.0,6,143910.0,6,143830.0,1,143920.0,1,143820.0,6
1597988244642253056,1597988244932000000,2020-08-21 13:37:24.932000,143890.0,144360.0,141820.0,141910.0,nan,143023.186182,40729,5825191350.0,20952,143900.0,12,143860.0,2,143910.0,5,143850.0,11,143920.0,1,143840.0,7,143930.0,9,143830.0,1,143940.0,3,143820.0,6
1597988245124612096,1597988245427000064,2020-08-21 13:37:25.427000,143890.0,144360.0,141820.0,141910.0,nan,143023.186182,40729,5825191350.0,20952,143900.0,12,143860.0,3,143910.0,7,143850.0,10,143920.0,13,143840.0,8,143930.0,9,143830.0,14,143940.0,3,143820.0,6
1597988245626503936,1597988245882999808,2020-08-21 13:37:25.883000,143860.0,144360.0,141820.0,141910.0,nan,143023.206727,40730,5825335210.0,20952,143900.0,14,143860.0,2,143910.0,9,143850.0,13,143920.0,22,143840.0,9,143930.0,9,143830.0,23,143940.0,3,143820.0,6
1597988246160478976,1597988246423000064,2020-08-21 13:37:26.423000,143860.0,144360.0,141820.0,141910.0,nan,143023.206727,40730,5825335210.0,20952,143900.0,14,143860.0,2,143910.0,9,143850.0,14,143920.0,22,143840.0,8,143930.0,9,143830.0,23,143940.0,3,143820.0,6
1597988246655951872,1597988246932000000,2020-08-21 13:37:26.932000,143860.0,144360.0,141820.0,141910.0,nan,143023.206727,40730,5825335210.0,20952,143890.0,1,143860.0,2,143900.0,14,143850.0,13,143910.0,3,143840.0,8,143920.0,22,143830.0,23,143930.0,9,143820.0,1
1597988247135083008,1597988247436999936,2020-08-21 13:37:27.437000,143860.0,144360.0,141820.0,141910.0,nan,143023.206727,40730,5825335210.0,20952,143900.0,15,143860.0,3,143910.0,2,143850.0,13,143920.0,27,143840.0,7,143930.0,9,143830.0,28,143940.0,3,143820.0,1
1597988247623389952,1597988247912000000,2020-08-21 13:37:27.912000,143860.0,144360.0,141820.0,141910.0,nan,143023.206727,40730,5825335210.0,20952,143900.0,14,143860.0,2,143910.0,4,143850.0,16,143920.0,27,143840.0,8,143930.0,9,143830.0,28,143940.0,3,143820.0,1
1597988248155684096,1597988248420999936,2020-08-21 13:37:28.421000,143860.0,144360.0,141820.0,141910.0,nan,143023.206727,40730,5825335210.0,20952,143900.0,14,143860.0,2,143910.0,3,143850.0,15,143920.0,27,143840.0,8,143930.0,9,143830.0,28,143940.0,3,143820.0,1
1597988248634347008,1597988248938999808,2020-08-21 13:37:28.939000,143860.0,144360.0,141820.0,141910.0,nan,143023.206727,40730,5825335210.0,20952,143890.0,1,143860.0,2,143900.0,14,143850.0,15,143910.0,3,143840.0,8,143920.0,27,143830.0,28,143930.0,9,143820.0,1
1597988249146318080,1597988249420000000,2020-08-21 13:37:29.420000,143860.0,144360.0,141820.0,141910.0,nan,143023.206727,40730,5825335210.0,20952,143890.0,1,143860.0,3,143900.0,14,143850.0,16,143910.0,4,143840.0,12,143920.0,22,143830.0,23,143930.0,14,143820.0,1
1597988249634936064,1597988249930000128,2020-08-21 13:37:29.930000,143860.0,144360.0,141820.0,141910.0,nan,143023.206727,40730,5825335210.0,20952,143890.0,1,143860.0,3,143900.0,15,143850.0,15,143910.0,2,143840.0,12,143920.0,22,143830.0,23,143930.0,14,143820.0,1
1597988250163781120,1597988250435000064,2020-08-21 13:37:30.435000,143860.0,144360.0,141820.0,141910.0,nan,143023.206727,40730,5825335210.0,20952,143890.0,2,143860.0,3,143900.0,15,143850.0,16,143910.0,3,143840.0,12,143920.0,26,143830.0,27,143930.0,14,143820.0,1
1597988250629216000,1597988250933000192,2020-08-21 13:37:30.933000,143860.0,144360.0,141820.0,141910.0,nan,143023.206727,40730,5825335210.0,20952,143890.0,2,143860.0,3,143900.0,15,143850.0,18,143910.0,5,143840.0,12,143920.0,26,143830.0,27,143930.0,14,143820.0,1
1597988251145762048,1597988251436000000,2020-08-21 13:37:31.436000,143860.0,144360.0,141820.0,141910.0,nan,143023.206727,40730,5825335210.0,20952,143890.0,2,143860.0,3,143900.0,15,143850.0,16,143910.0,3,143840.0,12,143920.0,26,143830.0,27,143930.0,14,143820.0,1
1597988252648270080,1597988252933000192,2020-08-21 13:37:32.933000,143860.0,144360.0,141820.0,141910.0,nan,143023.206727,40730,5825335210.0,20952,143890.0,2,143860.0,3,143900.0,15,143850.0,17,143910.0,4,143840.0,12,143920.0,21,143830.0,22,143930.0,14,143820.0,1
1597988253163751936,1597988253424000000,2020-08-21 13:37:33.424000,143860.0,144360.0,141820.0,141910.0,nan,143023.206727,40730,5825335210.0,20952,143890.0,2,143860.0,3,143900.0,15,143850.0,14,143910.0,3,143840.0,12,143920.0,26,143830.0,27,143930.0,14,143820.0,1
1597988255111697920,1597988255433000192,2020-08-21 13:37:35.433000,143860.0,144360.0,141820.0,141910.0,nan,143023.206727,40730,5825335210.0,20952,143890.0,2,143860.0,3,143900.0,15,143850.0,15,143910.0,4,143840.0,12,143920.0,26,143830.0,27,143930.0,14,143820.0,1
1597988255617124096,1597988255931000064,2020-08-21 13:37:35.931000,143860.0,144360.0,141820.0,141910.0,nan,143023.206727,40730,5825335210.0,20952,143890.0,2,143860.0,3,143900.0,15,143850.0,14,143910.0,3,143840.0,12,143920.0,26,143830.0,27,143930.0,14,143820.0,1
1597988256643932928,1597988256924999936,2020-08-21 13:37:36.925000,143860.0,144360.0,141820.0,141910.0,nan,143023.206727,40730,5825335210.0,20952,143890.0,2,143860.0,7,143900.0,15,143850.0,14,143910.0,3,143840.0,12,143920.0,26,143830.0,27,143930.0,14,143820.0,1
1597988257139601920,1597988257427000064,2020-08-21 13:37:37.427000,143860.0,144360.0,141820.0,141910.0,nan,143023.268357,40733,5825766790.0,20952,143890.0,2,143860.0,4,143900.0,14,143850.0,14,143910.0,3,143840.0,12,143920.0,22,143830.0,23,143930.0,14,143820.0,1
1597988257617554944,1597988257933000192,2020-08-21 13:37:37.933000,143860.0,144360.0,141820.0,141910.0,nan,143023.371054,40738,5826486090.0,20956,143890.0,2,143860.0,1,143900.0,14,143850.0,14,143910.0,2,143840.0,11,143920.0,18,143830.0,19,143930.0,14,143820.0,1
1597988258115097088,1597988258416999936,2020-08-21 13:37:38.417000,143830.0,144360.0,141820.0,141910.0,nan,143023.796462,40759,5829506920.0,20970,143890.0,4,143830.0,15,143900.0,12,143820.0,1,143910.0,1,143800.0,3,143920.0,14,143780.0,1,143930.0,4,143760.0,5
1597988258614595072,1597988258935000064,2020-08-21 13:37:38.935000,143830.0,144360.0,141820.0,141910.0,nan,143023.934161,40766,5830513700.0,20972,143830.0,1,143820.0,10,143880.0,5,143810.0,5,143890.0,9,143800.0,3,143900.0,18,143780.0,1,143910.0,9,143760.0,5
1597988259139955968,1597988259405999872,2020-08-21 13:37:39.406000,143830.0,144360.0,141820.0,141910.0,nan,143024.052536,40772,5831376670.0,20969,143870.0,5,143810.0,5,143880.0,2,143800.0,3,143890.0,14,143780.0,6,143900.0,17,143760.0,5,143930.0,4,143740.0,1
1597988259650123008,1597988259921999872,2020-08-21 13:37:39.922000,143830.0,144360.0,141820.0,141910.0,nan,143024.052536,40772,5831376670.0,20969,143860.0,6,143830.0,1,143870.0,2,143810.0,3,143880.0,6,143800.0,12,143890.0,19,143790.0,5,143900.0,11,143780.0,1
1597988260133029888,1597988260427000064,2020-08-21 13:37:40.427000,143830.0,144360.0,141820.0,141910.0,nan,143024.052536,40772,5831376670.0,20969,143860.0,6,143830.0,1,143880.0,6,143820.0,2,143890.0,24,143810.0,1,143900.0,11,143800.0,17,143920.0,1,143790.0,5
1597988260626130944,1597988260932000000,2020-08-21 13:37:40.932000,143830.0,144360.0,141820.0,141910.0,nan,143024.052536,40772,5831376670.0,20969,143850.0,2,143830.0,1,143860.0,6,143820.0,2,143880.0,6,143810.0,1,143890.0,28,143800.0,21,143900.0,11,143790.0,5
1597988261151712000,1597988261723000064,2020-08-21 13:37:41.723000,143830.0,144360.0,141820.0,141910.0,nan,143024.072303,40773,5831520500.0,20969,143850.0,2,143820.0,2,143860.0,6,143810.0,1,143870.0,2,143800.0,10,143880.0,22,143790.0,22,143890.0,16,143780.0,1
1597988261617106944,1597988261931000064,2020-08-21 13:37:41.931000,143830.0,144360.0,141820.0,141910.0,nan,143024.072303,40773,5831520500.0,20969,143840.0,1,143820.0,2,143850.0,2,143800.0,5,143860.0,5,143790.0,27,143870.0,2,143780.0,1,143880.0,27,143760.0,5
1597988262126516992,1597988262435000064,2020-08-21 13:37:42.435000,143850.0,144360.0,141820.0,141910.0,nan,143024.132823,40776,5831952040.0,20968,143850.0,3,143830.0,1,143860.0,4,143810.0,2,143870.0,2,143800.0,4,143880.0,28,143790.0,31,143890.0,11,143780.0,1
1597988262646744064,1597988263232999936,2020-08-21 13:37:43.233000,143850.0,144360.0,141820.0,141910.0,nan,143024.132823,40776,5831952040.0,20968,143850.0,1,143830.0,1,143860.0,4,143820.0,2,143870.0,1,143800.0,4,143880.0,33,143790.0,33,143890.0,10,143780.0,1
1597988263112286976,1597988263379000064,2020-08-21 13:37:43.379000,143850.0,144360.0,141820.0,141910.0,nan,143024.132823,40776,5831952040.0,20968,143860.0,3,143830.0,1,143870.0,2,143820.0,2,143880.0,21,143810.0,3,143890.0,23,143800.0,16,143900.0,11,143790.0,20
1597988263620599040,1597988263930000128,2020-08-21 13:37:43.930000,143850.0,144360.0,141820.0,141910.0,nan,143024.132823,40776,5831952040.0,20968,143860.0,5,143830.0,2,143870.0,1,143820.0,1,143880.0,13,143810.0,1,143890.0,27,143800.0,23,143900.0,11,143790.0,10
1597988264126800896,1597988264433000192,2020-08-21 13:37:44.433000,143850.0,144360.0,141820.0,141910.0,nan,143024.132823,40776,5831952040.0,20968,143860.0,6,143840.0,1,143870.0,2,143830.0,1,143880.0,8,143820.0,2,143890.0,46,143810.0,4,143900.0,11,143800.0,41
1597988264621600000,1597988264935000064,2020-08-21 13:37:44.935000,143850.0,144360.0,141820.0,141910.0,nan,143024.132823,40776,5831952040.0,20968,143860.0,5,143840.0,1,143870.0,2,143830.0,2,143880.0,8,143820.0,1,143890.0,41,143810.0,2,143900.0,11,143800.0,36
1597988265142735104,1597988265413000192,2020-08-21 13:37:45.413000,143850.0,144360.0,141820.0,141910.0,nan,143024.132823,40776,5831952040.0,20968,143860.0,4,143840.0,1,143870.0,3,143830.0,3,143880.0,3,143810.0,3,143890.0,46,143800.0,41,143900.0,11,143780.0,1
1597988265627706880,1597988265935000064,2020-08-21 13:37:45.935000,143860.0,144360.0,141820.0,141910.0,nan,143024.235306,40781,5832671340.0,20967,143870.0,3,143840.0,1,143880.0,2,143830.0,3,143890.0,46,143810.0,3,143900.0,12,143800.0,40,143920.0,1,143780.0,1
1597988266181175040,1597988266424999936,2020-08-21 13:37:46.425000,143860.0,144360.0,141820.0,141910.0,nan,143024.235306,40781,5832671340.0,20967,143870.0,2,143840.0,2,143880.0,2,143830.0,2,143890.0,19,143820.0,2,143900.0,33,143810.0,22,143930.0,4,143800.0,19
1597988266619405056,1597988266924000000,2020-08-21 13:37:46.924000,143870.0,144360.0,141820.0,141910.0,nan,143024.297519,40784,5833102950.0,20965,143880.0,1,143870.0,1,143890.0,14,143840.0,2,143900.0,30,143830.0,1,143930.0,4,143810.0,20,143940.0,3,143800.0,13
1597988267149501952,1597988267416999936,2020-08-21 13:37:47.417000,143870.0,144360.0,141820.0,141910.0,nan,143024.318254,40785,5833246820.0,20965,143890.0,13,143850.0,1,143900.0,14,143840.0,3,143920.0,13,143830.0,15,143930.0,4,143810.0,1,143940.0,3,143800.0,8
1597988267617943040,1597988267938999808,2020-08-21 13:37:47.939000,143870.0,144360.0,141820.0,141910.0,nan,143024.318254,40785,5833246820.0,20965,143890.0,7,143850.0,1,143900.0,16,143840.0,2,143910.0,26,143830.0,9,143920.0,5,143820.0,27,143930.0,4,143800.0,3
1597988268153287936,1597988268428999936,2020-08-21 13:37:48.429000,143870.0,144360.0,141820.0,141910.0,nan,143024.318254,40785,5833246820.0,20965,143880.0,1,143850.0,1,143890.0,9,143840.0,1,143900.0,16,143830.0,11,143910.0,31,143820.0,33,143920.0,5,143800.0,3
1597988268623526912,1597988268924999936,2020-08-21 13:37:48.925000,143870.0,144360.0,141820.0,141910.0,nan,143024.318254,40785,5833246820.0,20965,143880.0,1,143850.0,2,143890.0,11,143840.0,1,143900.0,20,143830.0,10,143910.0,26,143820.0,28,143920.0,5,143810.0,6
1597988269119731968,1597988269407000064,2020-08-21 13:37:49.407000,143870.0,144360.0,141820.0,141910.0,nan,143024.318254,40785,5833246820.0,20965,143890.0,10,143850.0,2,143900.0,14,143830.0,11,143910.0,32,143820.0,32,143920.0,5,143800.0,3,143930.0,4,143780.0,1
1597988269656300032,1597988269923000064,2020-08-21 13:37:49.923000,143850.0,144360.0,141820.0,141910.0,nan,143024.378984,40788,5833678370.0,20967,143890.0,9,143830.0,10,143900.0,14,143820.0,25,143910.0,23,143800.0,3,143920.0,5,143780.0,1,143930.0,4,143760.0,5
1597988270151521024,1597988270424000000,2020-08-21 13:37:50.424000,143850.0,144360.0,141820.0,141910.0,nan,143024.378984,40788,5833678370.0,20967,143880.0,4,143830.0,4,143890.0,7,143820.0,25,143900.0,15,143800.0,3,143910.0,23,143780.0,1,143930.0,4,143760.0,5
1597988270613801984,1597988270935000064,2020-08-21 13:37:50.935000,143850.0,144360.0,141820.0,141910.0,nan,143024.378984,40788,5833678370.0,20967,143870.0,2,143830.0,4,143880.0,4,143820.0,15,143890.0,10,143810.0,32,143900.0,45,143800.0,3,143910.0,10,143780.0,1
1597988271149453056,1597988271434000128,2020-08-21 13:37:51.434000,143850.0,144360.0,141820.0,141910.0,nan,143024.378984,40788,5833678370.0,20967,143870.0,4,143830.0,4,143880.0,3,143820.0,10,143890.0,9,143810.0,36,143900.0,49,143800.0,3,143910.0,5,143780.0,1
1597988271607823104,1597988271913000192,2020-08-21 13:37:51.913000,143850.0,144360.0,141820.0,141910.0,nan,143024.378984,40788,5833678370.0,20967,143870.0,6,143830.0,5,143880.0,3,143820.0,9,143890.0,14,143810.0,39,143900.0,49,143800.0,7,143910.0,5,143780.0,1
1597988272138278912,1597988272432000000,2020-08-21 13:37:52.432000,143850.0,144360.0,141820.0,141910.0,nan,143024.378984,40788,5833678370.0,20967,143870.0,6,143830.0,5,143880.0,4,143820.0,8,143890.0,30,143810.0,23,143900.0,32,143800.0,24,143910.0,5,143780.0,1
1597988272624424960,1597988272932000000,2020-08-21 13:37:52.932000,143850.0,144360.0,141820.0,141910.0,nan,143024.378984,40788,5833678370.0,20967,143870.0,5,143830.0,4,143880.0,5,143820.0,7,143890.0,33,143810.0,13,143900.0,22,143800.0,29,143910.0,5,143780.0,1
1597988273148877056,1597988273434000128,2020-08-21 13:37:53.434000,143850.0,144360.0,141820.0,141910.0,nan,143024.378984,40788,5833678370.0,20967,143870.0,5,143830.0,4,143880.0,6,143820.0,3,143890.0,39,143810.0,9,143900.0,17,143800.0,34,143930.0,4,143780.0,1
1597988273617391104,1597988273932000000,2020-08-21 13:37:53.932000,143850.0,144360.0,141820.0,141910.0,nan,143024.378984,40788,5833678370.0,20967,143870.0,6,143830.0,5,143880.0,5,143820.0,1,143890.0,49,143810.0,10,143900.0,17,143800.0,44,143930.0,4,143780.0,1
1597988274660844032,1597988275239000064,2020-08-21 13:37:55.239000,143830.0,144360.0,141820.0,141910.0,nan,143024.418485,40790,5833966030.0,20965,143870.0,6,143830.0,3,143880.0,6,143820.0,2,143890.0,53,143810.0,10,143900.0,17,143800.0,48,143930.0,4,143780.0,1
1597988275148203008,1597988275411000064,2020-08-21 13:37:55.411000,143830.0,144360.0,141820.0,141910.0,nan,143024.418485,40790,5833966030.0,20965,143870.0,6,143830.0,2,143880.0,6,143820.0,2,143890.0,53,143810.0,11,143900.0,17,143800.0,48,143930.0,4,143780.0,1
1597988275757600000,1597988275917999872,2020-08-21 13:37:55.918000,143830.0,144360.0,141820.0,141910.0,nan,143024.418485,40790,5833966030.0,20965,143870.0,6,143840.0,2,143880.0,6,143830.0,2,143890.0,53,143820.0,1,143900.0,17,143810.0,11,143930.0,4,143800.0,49
1597988276148024064,1597988276423000064,2020-08-21 13:37:56.423000,143830.0,144360.0,141820.0,141910.0,nan,143024.418485,40790,5833966030.0,20965,143870.0,6,143840.0,2,143880.0,6,143830.0,3,143890.0,23,143820.0,4,143900.0,42,143810.0,33,143930.0,4,143800.0,18
1597988276816694016,1597988277226000128,2020-08-21 13:37:57.226000,143830.0,144360.0,141820.0,141910.0,nan,143024.418485,40790,5833966030.0,20965,143870.0,5,143840.0,2,143880.0,6,143830.0,2,143890.0,16,143820.0,4,143900.0,42,143810.0,32,143930.0,4,143800.0,13
1597988277236891904,1597988277428999936,2020-08-21 13:37:57.429000,143810.0,144360.0,141820.0,141910.0,nan,143024.614706,40800,5835404280.0,20970,143830.0,2,143810.0,8,143870.0,3,143800.0,13,143880.0,4,143780.0,1,143890.0,16,143760.0,5,143900.0,21,143740.0,1
1597988277628368896,1597988277920000000,2020-08-21 13:37:57.920000,143760.0,144360.0,141820.0,141910.0,nan,143025.20095,40831,5839861980.0,20976,143770.0,1,143760.0,3,143800.0,3,143740.0,1,143810.0,1,143730.0,5,143830.0,2,143710.0,1,143840.0,5,143700.0,3
1597988278135720960,1597988278436000000,2020-08-21 13:37:58.436000,143770.0,144360.0,141820.0,141910.0,nan,143025.400813,40842,5841443420.0,20979,143770.0,4,143750.0,1,143780.0,1,143740.0,1,143790.0,1,143730.0,8,143800.0,1,143720.0,13,143810.0,15,143700.0,3
1597988278634434048,1597988278937999872,2020-08-21 13:37:58.938000,143770.0,144360.0,141820.0,141910.0,nan,143025.491958,40847,5842162270.0,20978,143780.0,3,143740.0,4,143790.0,1,143730.0,5,143800.0,12,143720.0,6,143810.0,6,143710.0,12,143820.0,2,143700.0,2
1597988279157873920,1597988279436000000,2020-08-21 13:37:59.436000,143780.0,144360.0,141820.0,141910.0,nan,143025.602771,40853,5843024950.0,20975,143800.0,2,143790.0,1,143810.0,1,143780.0,2,143820.0,2,143750.0,2,143830.0,2,143740.0,1,143840.0,5,143730.0,5
1597988279658481920,1597988280153000192,2020-08-21 13:38:00.153000,143810.0,144360.0,141820.0,141910.0,nan,143025.697783,40858,5843743960.0,20976,143820.0,1,143780.0,2,143830.0,2,143750.0,7,143840.0,10,143740.0,1,143850.0,1,143730.0,5,143870.0,12,143700.0,2
1597988280169110016,1597988280742000128,2020-08-21 13:38:00.742000,143810.0,144360.0,141820.0,141910.0,nan,143025.697783,40858,5843743960.0,20976,143800.0,1,143780.0,4,143810.0,4,143770.0,1,143820.0,5,143760.0,14,143830.0,2,143750.0,5,143840.0,11,143740.0,1
1597988280621965056,1597988280933000192,2020-08-21 13:38:00.933000,143800.0,144360.0,141820.0,141910.0,nan,143025.716733,40859,5843887760.0,20975,143810.0,3,143780.0,3,143820.0,4,143770.0,3,143830.0,3,143760.0,3,143840.0,22,143750.0,17,143870.0,3,143740.0,1
1597988281148446976,1597988281405999872,2020-08-21 13:38:01.406000,143810.0,144360.0,141820.0,141910.0,nan,143025.755121,40861,5844175380.0,20973,143810.0,2,143790.0,1,143820.0,3,143780.0,5,143830.0,4,143760.0,7,143840.0,27,143750.0,23,143850.0,5,143740.0,1
1597988281620325120,1597988281924999936,2020-08-21 13:38:01.925000,143810.0,144360.0,141820.0,141910.0,nan,143025.755121,40861,5844175380.0,20973,143810.0,2,143790.0,1,143820.0,4,143780.0,5,143830.0,5,143770.0,2,143840.0,28,143760.0,8,143850.0,5,143750.0,22
1597988282155174912,1597988282423000064,2020-08-21 13:38:02.423000,143790.0,144360.0,141820.0,141910.0,nan,143025.792526,40863,5844462960.0,20973,143810.0,3,143780.0,5,143820.0,4,143770.0,1,143830.0,5,143760.0,9,143840.0,28,143750.0,22,143850.0,5,143740.0,1
1597988282642737920,1597988282935000064,2020-08-21 13:38:02.935000,143790.0,144360.0,141820.0,141910.0,nan,143025.792526,40863,5844462960.0,20973,143810.0,3,143780.0,5,143820.0,4,143760.0,9,143830.0,4,143750.0,27,143840.0,29,143740.0,1,143850.0,5,143730.0,5
1597988283126370048,1597988283430000128,2020-08-21 13:38:03.430000,143790.0,144360.0,141820.0,141910.0,nan,143025.792526,40863,5844462960.0,20973,143810.0,3,143780.0,5,143820.0,4,143770.0,1,143830.0,5,143760.0,8,143840.0,29,143750.0,28,143850.0,5,143740.0,1
1597988283636262912,1597988283913000192,2020-08-21 13:38:03.913000,143790.0,144360.0,141820.0,141910.0,nan,143025.792526,40863,5844462960.0,20973,143810.0,3,143780.0,5,143820.0,4,143760.0,8,143830.0,4,143750.0,27,143840.0,28,143740.0,2,143850.0,5,143730.0,5
1597988284146804992,1597988284694999808,2020-08-21 13:38:04.695000,143790.0,144360.0,141820.0,141910.0,nan,143025.792526,40863,5844462960.0,20973,143810.0,3,143780.0,5,143820.0,4,143760.0,8,143830.0,5,143750.0,29,143840.0,29,143740.0,2,143850.0,5,143730.0,5
1597988284621477120,1597988284932000000,2020-08-21 13:38:04.932000,143790.0,144360.0,141820.0,141910.0,nan,143025.792526,40863,5844462960.0,20973,143810.0,6,143780.0,5,143820.0,4,143770.0,1,143830.0,6,143760.0,8,143840.0,24,143750.0,24,143850.0,5,143740.0,2
1597988285128557056,1597988285413000192,2020-08-21 13:38:05.413000,143790.0,144360.0,141820.0,141910.0,nan,143025.792526,40863,5844462960.0,20973,143810.0,5,143780.0,4,143820.0,3,143770.0,2,143830.0,4,143760.0,9,143840.0,32,143750.0,32,143850.0,5,143740.0,2
1597988285626659072,1597988285937999872,2020-08-21 13:38:05.938000,143790.0,144360.0,141820.0,141910.0,nan,143025.792526,40863,5844462960.0,20973,143810.0,5,143780.0,5,143820.0,3,143770.0,1,143830.0,5,143760.0,11,143840.0,33,143750.0,31,143850.0,5,143740.0,2
1597988286150074880,1597988286428000000,2020-08-21 13:38:06.428000,143790.0,144360.0,141820.0,141910.0,nan,143025.792526,40863,5844462960.0,20973,143810.0,5,143780.0,5,143820.0,3,143770.0,1,143830.0,5,143760.0,11,143840.0,34,143750.0,32,143850.0,5,143740.0,2
1597988286634452992,1597988286936000000,2020-08-21 13:38:06.936000,143790.0,144360.0,141820.0,141910.0,nan,143025.792526,40863,5844462960.0,20973,143810.0,4,143780.0,6,143820.0,4,143760.0,11,143830.0,5,143750.0,31,143840.0,33,143740.0,2,143850.0,5,143730.0,5
1597988287132034048,1597988287435000064,2020-08-21 13:38:07.435000,143790.0,144360.0,141820.0,141910.0,nan,143025.792526,40863,5844462960.0,20973,143810.0,3,143780.0,6,143820.0,3,143770.0,2,143830.0,5,143760.0,9,143840.0,34,143750.0,31,143850.0,5,143740.0,2
1597988287624609024,1597988287937999872,2020-08-21 13:38:07.938000,143790.0,144360.0,141820.0,141910.0,nan,143025.792526,40863,5844462960.0,20973,143810.0,3,143780.0,6,143820.0,4,143770.0,1,143830.0,5,143760.0,10,143840.0,34,143750.0,31,143850.0,5,143740.0,2
1597988288619696128,1597988288913000192,2020-08-21 13:38:08.913000,143790.0,144360.0,141820.0,141910.0,nan,143025.792526,40863,5844462960.0,20973,143810.0,3,143780.0,6,143820.0,4,143770.0,2,143830.0,6,143760.0,10,143840.0,34,143750.0,31,143850.0,5,143740.0,2
1597988289134160896,1597988289432000000,2020-08-21 13:38:09.432000,143790.0,144360.0,141820.0,141910.0,nan,143025.792526,40863,5844462960.0,20973,143810.0,3,143780.0,6,143820.0,4,143770.0,1,143830.0,5,143760.0,10,143840.0,34,143750.0,31,143850.0,5,143740.0,2
1597988289637551104,1597988289911000064,2020-08-21 13:38:09.911000,143780.0,144360.0,141820.0,141910.0,nan,143025.810983,40864,5844606740.0,20973,143810.0,3,143780.0,5,143820.0,4,143770.0,1,143830.0,5,143760.0,10,143840.0,34,143750.0,31,143850.0,5,143740.0,2
1597988290121285120,1597988290417999872,2020-08-21 13:38:10.418000,143780.0,144360.0,141820.0,141910.0,nan,143025.810983,40864,5844606740.0,20973,143810.0,3,143780.0,5,143820.0,4,143770.0,1,143830.0,6,143760.0,10,143840.0,34,143750.0,32,143850.0,5,143740.0,2
1597988290617434112,1597988290931000064,2020-08-21 13:38:10.931000,143780.0,144360.0,141820.0,141910.0,nan,143025.810983,40864,5844606740.0,20973,143810.0,3,143780.0,5,143820.0,4,143770.0,1,143830.0,6,143760.0,10,143840.0,29,143750.0,27,143850.0,5,143740.0,2
1597988291124751872,1597988291432000000,2020-08-21 13:38:11.432000,143780.0,144360.0,141820.0,141910.0,nan,143025.810983,40864,5844606740.0,20973,143810.0,3,143780.0,5,143820.0,4,143770.0,1,143830.0,5,143760.0,10,143840.0,34,143750.0,31,143850.0,5,143740.0,2
1597988292627801088,1597988292936000000,2020-08-21 13:38:12.936000,143780.0,144360.0,141820.0,141910.0,nan,143025.810983,40864,5844606740.0,20973,143810.0,3,143780.0,5,143820.0,4,143770.0,2,143830.0,6,143760.0,10,143840.0,34,143750.0,31,143850.0,5,143740.0,2
1597988293128251904,1597988293428000000,2020-08-21 13:38:13.428000,143780.0,144360.0,141820.0,141910.0,nan,143025.829438,40865,5844750520.0,20973,143810.0,3,143780.0,4,143820.0,4,143770.0,1,143830.0,5,143760.0,10,143840.0,34,143750.0,31,143850.0,5,143740.0,2
1597988294147670016,1597988294430000128,2020-08-21 13:38:14.430000,143780.0,144360.0,141820.0,141910.0,nan,143025.829438,40865,5844750520.0,20973,143810.0,3,143790.0,2,143820.0,4,143780.0,4,143830.0,5,143770.0,1,143840.0,34,143760.0,10,143850.0,5,143750.0,31
1597988294624826112,1597988294933000192,2020-08-21 13:38:14.933000,143780.0,144360.0,141820.0,141910.0,nan,143025.829438,40865,5844750520.0,20973,143810.0,3,143790.0,2,143820.0,5,143780.0,4,143830.0,4,143760.0,10,143840.0,33,143750.0,31,143850.0,5,143740.0,2
1597988295177971968,1597988295438999808,2020-08-21 13:38:15.439000,143780.0,144360.0,141820.0,141910.0,nan,143025.829438,40865,5844750520.0,20973,143810.0,3,143790.0,2,143820.0,5,143780.0,4,143830.0,5,143770.0,1,143840.0,33,143760.0,10,143850.0,5,143750.0,31
1597988295623121920,1597988295937999872,2020-08-21 13:38:15.938000,143780.0,144360.0,141820.0,141910.0,nan,143025.829438,40865,5844750520.0,20973,143810.0,3,143790.0,2,143820.0,5,143780.0,3,143830.0,5,143770.0,1,143840.0,33,143760.0,10,143850.0,5,143750.0,31
1597988296131802880,1597988296431000064,2020-08-21 13:38:16.431000,143780.0,144360.0,141820.0,141910.0,nan,143025.829438,40865,5844750520.0,20973,143810.0,3,143790.0,3,143820.0,5,143780.0,3,143830.0,6,143770.0,2,143840.0,33,143760.0,10,143850.0,5,143750.0,31
1597988296659358976,1597988296903000064,2020-08-21 13:38:16.903000,143810.0,144360.0,141820.0,141910.0,nan,143025.848627,40866,5844894330.0,20973,143810.0,2,143790.0,3,143820.0,5,143780.0,4,143830.0,4,143770.0,2,143840.0,16,143760.0,25,143850.0,18,143750.0,9
1597988297162609920,1597988297424999936,2020-08-21 13:38:17.425000,143810.0,144360.0,141820.0,141910.0,nan,143025.848627,40866,5844894330.0,20973,143810.0,2,143790.0,3,143820.0,4,143780.0,4,143830.0,4,143770.0,2,143840.0,13,143760.0,34,143850.0,27,143750.0,5
1597988298629327104,1597988298876000000,2020-08-21 13:38:18.876000,143810.0,144360.0,141820.0,141910.0,nan,143025.887002,40868,5845181950.0,20972,143820.0,4,143790.0,3,143830.0,5,143780.0,4,143840.0,13,143770.0,3,143850.0,27,143760.0,34,143860.0,1,143750.0,5
1597988299137527040,1597988299417999872,2020-08-21 13:38:19.418000,143810.0,144360.0,141820.0,141910.0,nan,143025.887002,40868,5845181950.0,20972,143820.0,1,143800.0,1,143830.0,3,143790.0,4,143840.0,13,143780.0,2,143850.0,23,143770.0,3,143860.0,1,143760.0,27
1597988299629016064,1597988299933000192,2020-08-21 13:38:19.933000,143810.0,144360.0,141820.0,141910.0,nan,143025.887002,40868,5845181950.0,20972,143830.0,5,143800.0,1,143840.0,14,143790.0,5,143850.0,10,143780.0,4,143860.0,19,143770.0,24,143870.0,3,143760.0,10
1597988300163304960,1597988300418999808,2020-08-21 13:38:20.419000,143810.0,144360.0,141820.0,141910.0,nan,143025.887002,40868,5845181950.0,20972,143830.0,4,143800.0,2,143840.0,16,143790.0,4,143850.0,6,143780.0,6,143860.0,18,143770.0,23,143870.0,6,143760.0,5
1597988300624058880,1597988300936999936,2020-08-21 13:38:20.937000,143810.0,144360.0,141820.0,141910.0,nan,143025.887002,40868,5845181950.0,20972,143830.0,4,143800.0,2,143840.0,15,143790.0,5,143850.0,6,143780.0,10,143860.0,18,143770.0,22,143870.0,11,143760.0,5
1597988301706279936,1597988301433000192,2020-08-21 13:38:21.433000,143810.0,144360.0,141820.0,141910.0,nan,143025.887002,40868,5845181950.0,20972,143830.0,4,143800.0,2,143840.0,16,143790.0,5,143850.0,6,143780.0,12,143860.0,18,143770.0,21,143870.0,11,143760.0,5
1597988302033477120,1597988301933000192,2020-08-21 13:38:21.933000,143810.0,144360.0,141820.0,141910.0,nan,143025.887002,40868,5845181950.0,20972,143830.0,4,143800.0,2,143840.0,15,143790.0,5,143850.0,6,143780.0,10,143860.0,18,143770.0,21,143870.0,11,143760.0,5
1597988302639418112,1597988302926000128,2020-08-21 13:38:22.926000,143810.0,144360.0,141820.0,141910.0,nan,143025.887002,40868,5845181950.0,20972,143830.0,4,143800.0,2,143840.0,10,143790.0,5,143850.0,6,143780.0,10,143860.0,18,143770.0,21,143870.0,11,143760.0,5
1597988303125615104,1597988303428000000,2020-08-21 13:38:23.428000,143810.0,144360.0,141820.0,141910.0,nan,143025.887002,40868,5845181950.0,20972,143830.0,4,143800.0,2,143840.0,9,143790.0,5,143850.0,2,143780.0,10,143860.0,28,143770.0,31,143870.0,11,143740.0,2
1597988303625977088,1597988303917999872,2020-08-21 13:38:23.918000,143810.0,144360.0,141820.0,141910.0,nan,143025.887002,40868,5845181950.0,20972,143830.0,4,143800.0,2,143840.0,8,143790.0,5,143850.0,2,143780.0,9,143860.0,28,143770.0,31,143870.0,11,143740.0,2
1597988304169456128,1597988304435000064,2020-08-21 13:38:24.435000,143810.0,144360.0,141820.0,141910.0,nan,143025.887002,40868,5845181950.0,20972,143830.0,4,143800.0,2,143840.0,8,143790.0,5,143850.0,2,143780.0,10,143860.0,29,143770.0,31,143870.0,11,143740.0,2
1597988308638418944,1597988308936999936,2020-08-21 13:38:28.937000,143810.0,144360.0,141820.0,141910.0,nan,143025.887002,40868,5845181950.0,20972,143830.0,4,143800.0,3,143840.0,8,143790.0,5,143850.0,2,143780.0,10,143860.0,24,143770.0,26,143870.0,11,143740.0,2
1597988309162864896,1597988309437999872,2020-08-21 13:38:29.438000,143810.0,144360.0,141820.0,141910.0,nan,143025.887002,40868,5845181950.0,20972,143830.0,3,143800.0,3,143840.0,8,143790.0,4,143850.0,2,143780.0,10,143860.0,29,143770.0,31,143870.0,11,143740.0,2
1597988309714483968,1597988309937999872,2020-08-21 13:38:29.938000,143810.0,144360.0,141820.0,141910.0,nan,143025.887002,40868,5845181950.0,20972,143830.0,2,143800.0,5,143840.0,10,143790.0,3,143850.0,2,143780.0,11,143860.0,28,143770.0,31,143870.0,11,143740.0,2
1597988310215996928,1597988310433000192,2020-08-21 13:38:30.433000,143810.0,144360.0,141820.0,141910.0,nan,143025.887002,40868,5845181950.0,20972,143830.0,2,143800.0,5,143840.0,9,143790.0,4,143850.0,3,143780.0,10,143860.0,33,143770.0,36,143870.0,11,143740.0,2
1597988310625285888,1597988310916000000,2020-08-21 13:38:30.916000,143810.0,144360.0,141820.0,141910.0,nan,143025.887002,40868,5845181950.0,20972,143830.0,2,143800.0,5,143840.0,9,143790.0,5,143850.0,4,143780.0,10,143860.0,33,143770.0,36,143870.0,11,143740.0,2
1597988311117505024,1597988311407000064,2020-08-21 13:38:31.407000,143810.0,144360.0,141820.0,141910.0,nan,143025.887002,40868,5845181950.0,20972,143830.0,2,143810.0,2,143840.0,9,143800.0,5,143850.0,3,143790.0,5,143860.0,32,143780.0,8,143870.0,11,143770.0,36
1597988311611537920,1597988311936000000,2020-08-21 13:38:31.936000,143810.0,144360.0,141820.0,141910.0,nan,143025.887002,40868,5845181950.0,20972,143830.0,2,143810.0,2,143840.0,9,143800.0,5,143850.0,1,143790.0,6,143860.0,21,143780.0,24,143870.0,24,143770.0,19
1597988312150948096,1597988312436999936,2020-08-21 13:38:32.437000,143810.0,144360.0,141820.0,141910.0,nan,143025.887002,40868,5845181950.0,20972,143830.0,2,143810.0,2,143840.0,9,143800.0,5,143850.0,2,143790.0,6,143860.0,21,143780.0,24,143870.0,24,143770.0,19
1597988312632677888,1597988312916999936,2020-08-21 13:38:32.917000,143810.0,144360.0,141820.0,141910.0,nan,143025.887002,40868,5845181950.0,20972,143830.0,2,143810.0,2,143840.0,9,143800.0,5,143850.0,4,143790.0,8,143860.0,21,143780.0,24,143870.0,24,143770.0,19
1597988313130800128,1597988313424000000,2020-08-21 13:38:33.424000,143810.0,144360.0,141820.0,141910.0,nan,143025.887002,40868,5845181950.0,20972,143830.0,3,143810.0,2,143840.0,9,143800.0,5,143850.0,3,143790.0,7,143860.0,20,143780.0,23,143870.0,24,143770.0,19
1597988313623316992,1597988313927000064,2020-08-21 13:38:33.927000,143810.0,144360.0,141820.0,141910.0,nan,143025.887002,40868,5845181950.0,20972,143830.0,3,143810.0,2,143840.0,10,143800.0,5,143850.0,3,143790.0,4,143860.0,32,143780.0,9,143870.0,11,143770.0,36
1597988316624145920,1597988316920999936,2020-08-21 13:38:36.921000,143810.0,144360.0,141820.0,141910.0,nan,143025.887002,40868,5845181950.0,20972,143830.0,3,143810.0,2,143840.0,10,143800.0,5,143850.0,4,143790.0,5,143860.0,32,143780.0,9,143870.0,11,143770.0,36
1597988317148070912,1597988317431000064,2020-08-21 13:38:37.431000,143810.0,144360.0,141820.0,141910.0,nan,143025.887002,40868,5845181950.0,20972,143830.0,3,143810.0,2,143840.0,10,143800.0,5,143850.0,3,143790.0,4,143860.0,32,143780.0,9,143870.0,11,143770.0,36
1597988317646093056,1597988317900999936,2020-08-21 13:38:37.901000,143810.0,144360.0,141820.0,141910.0,nan,143025.906188,40869,5845325760.0,20972,143830.0,3,143810.0,1,143840.0,10,143800.0,5,143850.0,4,143790.0,5,143860.0,32,143780.0,9,143870.0,11,143770.0,36
1597988318187994112,1597988318716000000,2020-08-21 13:38:38.716000,143810.0,144360.0,141820.0,141910.0,nan,143025.925373,40870,5845469570.0,20972,143830.0,3,143800.0,5,143840.0,10,143790.0,4,143850.0,3,143780.0,9,143860.0,32,143770.0,36,143870.0,11,143740.0,2
1597988318616910080,1597988318931000064,2020-08-21 13:38:38.931000,143810.0,144360.0,141820.0,141910.0,nan,143025.925373,40870,5845469570.0,20972,143830.0,3,143800.0,5,143840.0,9,143790.0,4,143850.0,4,143780.0,9,143860.0,32,143770.0,36,143870.0,11,143740.0,2
1597988319141172992,1597988319404000000,2020-08-21 13:38:39.404000,143810.0,144360.0,141820.0,141910.0,nan,143025.925373,40870,5845469570.0,20972,143830.0,3,143800.0,5,143840.0,9,143790.0,3,143850.0,4,143780.0,10,143860.0,32,143770.0,36,143870.0,11,143740.0,2
1597988320624849920,1597988320934000128,2020-08-21 13:38:40.934000,143810.0,144360.0,141820.0,141910.0,nan,143025.925373,40870,5845469570.0,20972,143830.0,3,143810.0,1,143840.0,9,143800.0,5,143850.0,4,143790.0,3,143860.0,32,143780.0,10,143870.0,11,143770.0,36
1597988321139595008,1597988321436999936,2020-08-21 13:38:41.437000,143810.0,144360.0,141820.0,141910.0,nan,143025.925373,40870,5845469570.0,20972,143830.0,3,143810.0,1,143840.0,10,143800.0,4,143850.0,2,143790.0,2,143860.0,32,143780.0,10,143870.0,11,143770.0,36
1597988321626174976,1597988321938999808,2020-08-21 13:38:41.939000,143810.0,144360.0,141820.0,141910.0,nan,143025.925373,40870,5845469570.0,20972,143830.0,3,143810.0,2,143840.0,10,143800.0,4,143850.0,2,143790.0,2,143860.0,32,143780.0,10,143870.0,11,143770.0,36
1597988324140641024,1597988324424999936,2020-08-21 13:38:44.425000,143810.0,144360.0,141820.0,141910.0,nan,143025.925373,40870,5845469570.0,20972,143830.0,3,143810.0,2,143840.0,10,143800.0,4,143850.0,4,143790.0,4,143860.0,32,143780.0,10,143870.0,11,143770.0,36
1597988324630176000,1597988324895000064,2020-08-21 13:38:44.895000,143810.0,144360.0,141820.0,141910.0,nan,143025.925373,40870,5845469570.0,20972,143830.0,3,143810.0,2,143840.0,10,143800.0,4,143850.0,3,143790.0,4,143860.0,32,143780.0,9,143870.0,11,143770.0,36
1597988326744380928,1597988326921999872,2020-08-21 13:38:46.922000,143810.0,144360.0,141820.0,141910.0,nan,143025.925373,40870,5845469570.0,20972,143830.0,3,143810.0,5,143840.0,10,143800.0,4,143850.0,3,143790.0,2,143860.0,27,143780.0,9,143870.0,11,143770.0,31
1597988327336058112,1597988327434000128,2020-08-21 13:38:47.434000,143830.0,144360.0,141820.0,141910.0,nan,143025.984391,40873,5845901060.0,20971,143840.0,10,143810.0,5,143850.0,2,143800.0,5,143860.0,16,143790.0,3,143870.0,28,143780.0,28,143880.0,2,143770.0,15
1597988327639570944,1597988327936999936,2020-08-21 13:38:47.937000,143830.0,144360.0,141820.0,141910.0,nan,143025.984391,40873,5845901060.0,20971,143840.0,9,143810.0,5,143850.0,1,143800.0,6,143860.0,18,143790.0,2,143870.0,23,143780.0,22,143880.0,2,143770.0,15
1597988328198042880,1597988328431000064,2020-08-21 13:38:48.431000,143830.0,144360.0,141820.0,141910.0,nan,143025.984391,40873,5845901060.0,20971,143840.0,7,143810.0,5,143850.0,2,143800.0,5,143860.0,18,143790.0,8,143870.0,23,143780.0,22,143880.0,7,143770.0,15
1597988328689352960,1597988328881999872,2020-08-21 13:38:48.882000,143830.0,144360.0,141820.0,141910.0,nan,143025.984391,40873,5845901060.0,20971,143840.0,7,143810.0,5,143850.0,2,143800.0,6,143860.0,20,143790.0,10,143870.0,23,143780.0,21,143880.0,7,143770.0,15
1597988329172823040,1597988329400000000,2020-08-21 13:38:49.400000,143830.0,144360.0,141820.0,141910.0,nan,143025.984391,40873,5845901060.0,20971,143840.0,7,143820.0,1,143850.0,2,143810.0,5,143860.0,19,143800.0,5,143870.0,23,143790.0,10,143880.0,7,143780.0,21
1597988329644534016,1597988329930000128,2020-08-21 13:38:49.930000,143820.0,144360.0,141820.0,141910.0,nan,143026.003817,40874,5846044880.0,20971,143840.0,6,143810.0,6,143850.0,3,143800.0,5,143860.0,19,143790.0,9,143870.0,23,143780.0,21,143880.0,7,143770.0,15
1597988330141235968,1597988330434000128,2020-08-21 13:38:50.434000,143820.0,144360.0,141820.0,141910.0,nan,143026.003817,40874,5846044880.0,20971,143840.0,5,143810.0,7,143850.0,4,143800.0,3,143860.0,18,143790.0,9,143870.0,23,143780.0,21,143880.0,7,143770.0,15
1597988330655490048,1597988330931000064,2020-08-21 13:38:50.931000,143820.0,144360.0,141820.0,141910.0,nan,143026.003817,40874,5846044880.0,20971,143840.0,5,143810.0,7,143850.0,3,143800.0,4,143860.0,15,143790.0,9,143870.0,28,143780.0,26,143880.0,7,143770.0,10
1597988331137536000,1597988331408000000,2020-08-21 13:38:51.408000,143820.0,144360.0,141820.0,141910.0,nan,143026.003817,40874,5846044880.0,20971,143840.0,5,143810.0,7,143850.0,3,143800.0,5,143860.0,16,143790.0,9,143870.0,28,143780.0,26,143880.0,7,143770.0,10
1597988331650646016,1597988331923000064,2020-08-21 13:38:51.923000,143820.0,144360.0,141820.0,141910.0,nan,143026.003817,40874,5846044880.0,20971,143840.0,5,143810.0,7,143850.0,3,143800.0,4,143860.0,15,143790.0,9,143870.0,28,143780.0,26,143880.0,7,143770.0,10
1597988332702241024,1597988332932000000,2020-08-21 13:38:52.932000,143810.0,144360.0,141820.0,141910.0,nan,143026.022997,40875,5846188690.0,20970,143840.0,5,143810.0,6,143850.0,3,143800.0,4,143860.0,10,143790.0,9,143870.0,28,143780.0,26,143880.0,7,143770.0,5
1597988333164502016,1597988333436000000,2020-08-21 13:38:53.436000,143810.0,144360.0,141820.0,141910.0,nan,143026.022997,40875,5846188690.0,20970,143840.0,5,143810.0,6,143850.0,3,143800.0,6,143860.0,12,143790.0,9,143870.0,33,143780.0,31,143880.0,7,143770.0,5
1597988333678077952,1597988333913000192,2020-08-21 13:38:53.913000,143810.0,144360.0,141820.0,141910.0,nan,143026.022997,40875,5846188690.0,20970,143840.0,6,143810.0,6,143850.0,3,143800.0,5,143860.0,10,143790.0,9,143870.0,38,143780.0,36,143880.0,7,143770.0,5
1597988334144509952,1597988334436000000,2020-08-21 13:38:54.436000,143840.0,144360.0,141820.0,141910.0,nan,143026.04291,40876,5846332530.0,20971,143840.0,6,143810.0,5,143850.0,3,143800.0,5,143860.0,9,143790.0,10,143870.0,37,143780.0,31,143880.0,7,143770.0,5
1597988334634281984,1597988334927000064,2020-08-21 13:38:54.927000,143840.0,144360.0,141820.0,141910.0,nan,143026.04291,40876,5846332530.0,20971,143840.0,6,143810.0,5,143850.0,3,143800.0,5,143860.0,9,143790.0,10,143870.0,39,143780.0,36,143880.0,7,143770.0,5
1597988335146497024,1597988335376000000,2020-08-21 13:38:55.376000,143840.0,144360.0,141820.0,141910.0,nan,143026.04291,40876,5846332530.0,20971,143840.0,7,143810.0,4,143850.0,2,143800.0,8,143860.0,11,143790.0,10,143870.0,39,143780.0,36,143880.0,7,143770.0,5
1597988335681634048,1597988335924999936,2020-08-21 13:38:55.925000,143840.0,144360.0,141820.0,141910.0,nan,143026.04291,40876,5846332530.0,20971,143840.0,7,143810.0,4,143850.0,3,143800.0,6,143860.0,9,143790.0,11,143870.0,43,143780.0,40,143880.0,7,143770.0,5
1597988336198843904,1597988336403000064,2020-08-21 13:38:56.403000,143840.0,144360.0,141820.0,141910.0,nan,143026.04291,40876,5846332530.0,20971,143840.0,7,143810.0,4,143850.0,4,143800.0,7,143860.0,9,143790.0,11,143870.0,43,143780.0,40,143880.0,7,143770.0,5
1597988336617556992,1597988336936999936,2020-08-21 13:38:56.937000,143840.0,144360.0,141820.0,141910.0,nan,143026.04291,40876,5846332530.0,20971,143840.0,7,143810.0,4,143850.0,4,143800.0,6,143860.0,8,143790.0,11,143870.0,43,143780.0,40,143880.0,7,143770.0,5
1597988338142018048,1597988338428000000,2020-08-21 13:38:58.428000,143840.0,144360.0,141820.0,141910.0,nan,143026.04291,40876,5846332530.0,20971,143840.0,7,143810.0,4,143850.0,4,143800.0,6,143860.0,8,143790.0,11,143870.0,43,143780.0,40,143880.0,6,143770.0,5
1597988338626746880,1597988338928999936,2020-08-21 13:38:58.929000,143810.0,144360.0,141820.0,141910.0,nan,143026.119618,40880,5846907770.0,20972,143840.0,7,143800.0,6,143850.0,5,143790.0,12,143860.0,8,143780.0,35,143870.0,38,143770.0,5,143880.0,6,143740.0,2
1597988339298162944,1597988339424000000,2020-08-21 13:38:59.424000,143810.0,144360.0,141820.0,141910.0,nan,143026.119618,40880,5846907770.0,20972,143830.0,1,143800.0,5,143840.0,7,143790.0,5,143850.0,4,143780.0,11,143860.0,34,143770.0,35,143870.0,16,143740.0,2
1597988339633206016,1597988339934000128,2020-08-21 13:38:59.934000,143810.0,144360.0,141820.0,141910.0,nan,143026.119618,40880,5846907770.0,20972,143830.0,1,143800.0,4,143840.0,7,143790.0,1,143850.0,2,143780.0,8,143860.0,34,143770.0,36,143870.0,11,143740.0,2
1597988340154140928,1597988340432000000,2020-08-21 13:39:00.432000,143810.0,144360.0,141820.0,141910.0,nan,143026.119618,40880,5846907770.0,20972,143830.0,1,143800.0,5,143840.0,7,143790.0,1,143850.0,4,143780.0,9,143860.0,33,143770.0,36,143870.0,11,143740.0,2
1597988341130669056,1597988341415000064,2020-08-21 13:39:01.415000,143810.0,144360.0,141820.0,141910.0,nan,143026.119618,40880,5846907770.0,20972,143830.0,1,143810.0,1,143840.0,7,143800.0,5,143850.0,4,143790.0,1,143860.0,33,143780.0,9,143870.0,11,143770.0,36
1597988341653673984,1597988341936999936,2020-08-21 13:39:01.937000,143810.0,144360.0,141820.0,141910.0,nan,143026.119618,40880,5846907770.0,20972,143840.0,7,143810.0,1,143850.0,2,143800.0,5,143860.0,21,143790.0,3,143870.0,25,143780.0,25,143880.0,1,143770.0,19
1597988342167155968,1597988342734999808,2020-08-21 13:39:02.735000,143810.0,144360.0,141820.0,141910.0,nan,143026.119618,40880,5846907770.0,20972,143840.0,7,143810.0,1,143850.0,1,143800.0,5,143860.0,18,143790.0,3,143870.0,29,143780.0,29,143880.0,1,143770.0,15
1597988342719388928,1597988342924999936,2020-08-21 13:39:02.925000,143810.0,144360.0,141820.0,141910.0,nan,143026.119618,40880,5846907770.0,20972,143840.0,7,143810.0,1,143850.0,2,143800.0,5,143860.0,18,143790.0,4,143870.0,29,143780.0,29,143880.0,1,143770.0,15
1597988343166064128,1597988343668999936,2020-08-21 13:39:03.669000,143810.0,144360.0,141820.0,141910.0,nan,143026.119618,40880,5846907770.0,20972,143840.0,7,143810.0,1,143850.0,1,143800.0,5,143860.0,18,143790.0,4,143870.0,29,143780.0,28,143880.0,1,143770.0,15
1597988343661459968,1597988343936999936,2020-08-21 13:39:03.937000,143840.0,144360.0,141820.0,141910.0,nan,143026.139527,40881,5847051610.0,20973,143840.0,6,143810.0,1,143850.0,2,143800.0,5,143860.0,18,143790.0,5,143870.0,30,143780.0,28,143880.0,1,143770.0,15
1597988344135911936,1597988344374000128,2020-08-21 13:39:04.374000,143840.0,144360.0,141820.0,141910.0,nan,143026.139527,40881,5847051610.0,20973,143840.0,6,143830.0,2,143850.0,1,143810.0,1,143860.0,18,143800.0,5,143870.0,30,143790.0,4,143880.0,1,143780.0,28
1597988344620716032,1597988344918999808,2020-08-21 13:39:04.919000,143810.0,144360.0,141820.0,141910.0,nan,143026.294602,40889,5848202160.0,20978,143820.0,1,143800.0,4,143840.0,2,143790.0,11,143850.0,1,143780.0,6,143860.0,13,143770.0,10,143870.0,11,143740.0,1
1597988345194707968,1597988345416999936,2020-08-21 13:39:05.417000,143810.0,144360.0,141820.0,141910.0,nan,143026.294602,40889,5848202160.0,20978,143820.0,1,143810.0,1,143830.0,1,143800.0,3,143840.0,2,143790.0,2,143850.0,5,143780.0,6,143860.0,10,143770.0,10
1597988345635868928,1597988345923000064,2020-08-21 13:39:05.923000,143820.0,144360.0,141820.0,141910.0,nan,143026.314013,40890,5848345980.0,20977,143840.0,4,143810.0,1,143850.0,6,143800.0,4,143860.0,19,143790.0,2,143870.0,11,143780.0,8,143880.0,1,143770.0,18
1597988346160476928,1597988346420999936,2020-08-21 13:39:06.421000,143820.0,144360.0,141820.0,141910.0,nan,143026.314013,40890,5848345980.0,20977,143840.0,5,143810.0,2,143850.0,7,143800.0,4,143860.0,12,143790.0,3,143870.0,27,143780.0,25,143880.0,1,143770.0,10
1597988346644229888,1597988346920000000,2020-08-21 13:39:06.920000,143820.0,144360.0,141820.0,141910.0,nan,143026.314013,40890,5848345980.0,20977,143840.0,6,143810.0,1,143850.0,6,143800.0,5,143860.0,7,143790.0,3,143870.0,32,143780.0,29,143880.0,1,143770.0,5
1597988347199972096,1597988347420999936,2020-08-21 13:39:07.421000,143820.0,144360.0,141820.0,141910.0,nan,143026.314013,40890,5848345980.0,20977,143840.0,6,143810.0,1,143850.0,6,143800.0,5,143860.0,7,143790.0,4,143870.0,32,143780.0,29,143880.0,1,143770.0,5
1597988347636772096,1597988347923000064,2020-08-21 13:39:07.923000,143820.0,144360.0,141820.0,141910.0,nan,143026.314013,40890,5848345980.0,20977,143840.0,6,143810.0,1,143850.0,6,143800.0,5,143860.0,7,143790.0,5,143870.0,32,143780.0,28,143880.0,1,143770.0,5
1597988348170140928,1597988348707000064,2020-08-21 13:39:08.707000,143820.0,144360.0,141820.0,141910.0,nan,143026.314013,40890,5848345980.0,20977,143840.0,6,143810.0,4,143850.0,7,143800.0,5,143860.0,7,143790.0,6,143870.0,36,143780.0,32,143880.0,1,143770.0,5
1597988348636197120,1597988348932000000,2020-08-21 13:39:08.932000,143820.0,144360.0,141820.0,141910.0,nan,143026.314013,40890,5848345980.0,20977,143840.0,5,143810.0,4,143850.0,7,143800.0,5,143860.0,7,143790.0,7,143870.0,36,143780.0,31,143880.0,1,143770.0,5
1597988349184558080,1597988349437999872,2020-08-21 13:39:09.438000,143820.0,144360.0,141820.0,141910.0,nan,143026.314013,40890,5848345980.0,20977,143840.0,4,143810.0,5,143850.0,9,143800.0,4,143860.0,7,143790.0,7,143870.0,36,143780.0,31,143880.0,1,143770.0,5
1597988349615834112,1597988349898000128,2020-08-21 13:39:09.898000,143820.0,144360.0,141820.0,141910.0,nan,143026.314013,40890,5848345980.0,20977,143840.0,3,143810.0,6,143850.0,9,143800.0,4,143860.0,8,143790.0,6,143870.0,36,143780.0,31,143880.0,1,143770.0,5
1597988350114061056,1597988350412000000,2020-08-21 13:39:10.412000,143820.0,144360.0,141820.0,141910.0,nan,143026.314013,40890,5848345980.0,20977,143840.0,3,143810.0,6,143850.0,9,143800.0,5,143860.0,8,143790.0,5,143870.0,36,143780.0,31,143880.0,1,143770.0,5
1597988350672240128,1597988350888000000,2020-08-21 13:39:10.888000,143820.0,144360.0,141820.0,141910.0,nan,143026.314013,40890,5848345980.0,20977,143840.0,3,143810.0,6,143850.0,4,143800.0,5,143860.0,8,143790.0,5,143870.0,36,143780.0,31,143880.0,1,143770.0,5
1597988351171740928,1597988351423000064,2020-08-21 13:39:11.423000,143820.0,144360.0,141820.0,141910.0,nan,143026.314013,40890,5848345980.0,20977,143840.0,3,143810.0,6,143850.0,3,143800.0,6,143860.0,10,143790.0,5,143870.0,41,143780.0,36,143880.0,1,143770.0,5
1597988351738632960,1597988351935000064,2020-08-21 13:39:11.935000,143820.0,144360.0,141820.0,141910.0,nan,143026.314013,40890,5848345980.0,20977,143840.0,4,143810.0,6,143850.0,3,143800.0,6,143860.0,9,143790.0,5,143870.0,46,143780.0,41,143880.0,1,143770.0,5
1597988352160050944,1597988352436999936,2020-08-21 13:39:12.437000,143820.0,144360.0,141820.0,141910.0,nan,143026.314013,40890,5848345980.0,20977,143840.0,4,143810.0,6,143850.0,3,143800.0,7,143860.0,9,143790.0,5,143870.0,46,143780.0,41,143880.0,1,143770.0,5
1597988352692697088,1597988352927000064,2020-08-21 13:39:12.927000,143820.0,144360.0,141820.0,141910.0,nan,143026.314013,40890,5848345980.0,20977,143840.0,4,143810.0,6,143850.0,3,143800.0,8,143860.0,10,143790.0,5,143870.0,50,143780.0,45,143880.0,1,143770.0,5
1597988353621709056,1597988353924999936,2020-08-21 13:39:13.925000,143820.0,144360.0,141820.0,141910.0,nan,143026.314013,40890,5848345980.0,20977,143840.0,4,143820.0,1,143850.0,3,143810.0,6,143860.0,11,143800.0,9,143870.0,50,143790.0,5,143880.0,1,143780.0,45
1597988354147875072,1597988354382999808,2020-08-21 13:39:14.383000,143820.0,144360.0,141820.0,141910.0,nan,143026.314013,40890,5848345980.0,20977,143840.0,2,143830.0,1,143850.0,6,143820.0,1,143860.0,8,143810.0,7,143870.0,45,143800.0,6,143880.0,1,143790.0,4
1597988354630085120,1597988354903000064,2020-08-21 13:39:14.903000,143820.0,144360.0,141820.0,141910.0,nan,143026.314013,40890,5848345980.0,20977,143840.0,2,143830.0,1,143850.0,2,143820.0,2,143860.0,10,143810.0,5,143870.0,17,143800.0,13,143880.0,13,143790.0,13
1597988355137071104,1597988355434000128,2020-08-21 13:39:15.434000,143840.0,144360.0,141820.0,141910.0,nan,143026.35381,40892,5848633660.0,20977,143850.0,2,143830.0,1,143860.0,10,143820.0,2,143870.0,19,143810.0,6,143880.0,22,143800.0,14,143890.0,8,143790.0,22
1597988355619812096,1597988355934000128,2020-08-21 13:39:15.934000,143840.0,144360.0,141820.0,141910.0,nan,143026.35381,40892,5848633660.0,20977,143860.0,3,143830.0,1,143870.0,19,143820.0,3,143880.0,22,143810.0,4,143890.0,7,143800.0,12,143900.0,3,143790.0,22
1597988356141949952,1597988356436000000,2020-08-21 13:39:16.436000,143830.0,144360.0,141820.0,141910.0,nan,143026.373462,40893,5848777490.0,20978,143860.0,2,143840.0,1,143870.0,15,143830.0,1,143880.0,7,143820.0,2,143890.0,28,143810.0,7,143900.0,3,143800.0,31
1597988356626202112,1597988356924999936,2020-08-21 13:39:16.925000,143840.0,144360.0,141820.0,141910.0,nan,143026.413253,40895,5849065170.0,20978,143870.0,15,143830.0,2,143880.0,3,143820.0,2,143890.0,33,143810.0,11,143900.0,8,143800.0,36,143920.0,2,143790.0,1
1597988357138501120,1597988357430000128,2020-08-21 13:39:17.430000,143840.0,144360.0,141820.0,141910.0,nan,143026.413253,40895,5849065170.0,20978,143860.0,1,143830.0,2,143870.0,12,143820.0,1,143880.0,4,143810.0,15,143890.0,43,143800.0,45,143900.0,8,143790.0,1
1597988357612005120,1597988357931000064,2020-08-21 13:39:17.931000,143840.0,144360.0,141820.0,141910.0,nan,143026.413253,40895,5849065170.0,20978,143860.0,2,143830.0,2,143870.0,10,143820.0,2,143880.0,5,143810.0,14,143890.0,44,143800.0,45,143900.0,8,143790.0,1
1597988358148466944,1597988358344000000,2020-08-21 13:39:18.344000,143840.0,144360.0,141820.0,141910.0,nan,143026.413253,40895,5849065170.0,20978,143860.0,2,143830.0,2,143870.0,10,143820.0,3,143880.0,6,143810.0,13,143890.0,43,143800.0,45,143900.0,8,143790.0,1
1597988358621446912,1597988358920000000,2020-08-21 13:39:18.920000,143840.0,144360.0,141820.0,141910.0,nan,143026.413253,40895,5849065170.0,20978,143860.0,2,143830.0,2,143870.0,11,143820.0,4,143880.0,7,143810.0,14,143890.0,47,143800.0,49,143900.0,8,143790.0,1
1597988359127653120,1597988359424999936,2020-08-21 13:39:19.425000,143840.0,144360.0,141820.0,141910.0,nan,143026.413253,40895,5849065170.0,20978,143860.0,2,143830.0,2,143870.0,10,143820.0,4,143880.0,7,143810.0,13,143890.0,47,143800.0,49,143900.0,8,143790.0,1
1597988360147937024,1597988360408999936,2020-08-21 13:39:20.409000,143840.0,144360.0,141820.0,141910.0,nan,143026.413253,40895,5849065170.0,20978,143860.0,2,143830.0,2,143870.0,10,143820.0,3,143880.0,7,143810.0,13,143890.0,47,143800.0,49,143900.0,8,143790.0,1
1597988360621128960,1597988360845999872,2020-08-21 13:39:20.846000,143840.0,144360.0,141820.0,141910.0,nan,143026.413253,40895,5849065170.0,20978,143860.0,2,143840.0,1,143870.0,10,143830.0,2,143880.0,6,143820.0,3,143890.0,47,143810.0,13,143900.0,8,143800.0,49
1597988361134456064,1597988361430000128,2020-08-21 13:39:21.430000,143840.0,144360.0,141820.0,141910.0,nan,143026.413253,40895,5849065170.0,20978,143860.0,1,143840.0,1,143870.0,12,143830.0,4,143880.0,4,143820.0,2,143890.0,47,143810.0,12,143900.0,8,143800.0,48
1597988361618057984,1597988361904000000,2020-08-21 13:39:21.904000,143840.0,144360.0,141820.0,141910.0,nan,143026.413253,40895,5849065170.0,20978,143860.0,1,143840.0,1,143870.0,12,143830.0,4,143880.0,4,143820.0,4,143890.0,27,143810.0,32,143900.0,29,143800.0,27
1597988362136859904,1597988362424999936,2020-08-21 13:39:22.425000,143840.0,144360.0,141820.0,141910.0,nan,143026.413253,40895,5849065170.0,20978,143860.0,1,143840.0,1,143870.0,11,143830.0,3,143880.0,4,143820.0,4,143890.0,22,143810.0,32,143900.0,29,143800.0,22
1597988362624535040,1597988362903000064,2020-08-21 13:39:22.903000,143840.0,144360.0,141820.0,141910.0,nan,143026.413253,40895,5849065170.0,20978,143860.0,1,143840.0,1,143870.0,11,143830.0,3,143880.0,5,143820.0,5,143890.0,17,143810.0,32,143900.0,29,143800.0,17
1597988363159368960,1597988363433000192,2020-08-21 13:39:23.433000,143840.0,144360.0,141820.0,141910.0,nan,143026.413253,40895,5849065170.0,20978,143860.0,1,143840.0,1,143870.0,10,143830.0,2,143880.0,4,143820.0,4,143890.0,22,143810.0,28,143900.0,25,143800.0,22
1597988363631823872,1597988363923000064,2020-08-21 13:39:23.923000,143840.0,144360.0,141820.0,141910.0,nan,143026.413253,40895,5849065170.0,20978,143860.0,1,143850.0,3,143870.0,10,143840.0,1,143880.0,5,143830.0,2,143890.0,22,143820.0,5,143900.0,25,143810.0,28
1597988364145089024,1597988364416000000,2020-08-21 13:39:24.416000,143850.0,144360.0,141820.0,141910.0,nan,143026.473666,40898,5849496720.0,20980,143870.0,6,143840.0,4,143880.0,5,143820.0,3,143890.0,13,143810.0,30,143900.0,29,143800.0,13,143920.0,1,143790.0,1
1597988364636762880,1597988364924999936,2020-08-21 13:39:24.925000,143850.0,144360.0,141820.0,141910.0,nan,143026.473666,40898,5849496720.0,20980,143870.0,10,143850.0,2,143880.0,4,143840.0,1,143890.0,14,143830.0,2,143900.0,29,143820.0,4,143920.0,1,143810.0,31
1597988365143416064,1597988365728000000,2020-08-21 13:39:25.728000,143840.0,144360.0,141820.0,141910.0,nan,143026.573601,40903,5850215940.0,20984,143840.0,4,143830.0,2,143870.0,9,143820.0,8,143880.0,4,143810.0,17,143890.0,18,143800.0,18,143900.0,16,143790.0,1
1597988365618646016,1597988365927000064,2020-08-21 13:39:25.927000,143840.0,144360.0,141820.0,141910.0,nan,143026.65314,40907,5850791300.0,20986,143860.0,1,143830.0,2,143870.0,9,143820.0,8,143880.0,12,143810.0,4,143890.0,17,143800.0,18,143900.0,3,143790.0,10
1597988366168859904,1597988366421999872,2020-08-21 13:39:26.422000,143840.0,144360.0,141820.0,141910.0,nan,143026.65314,40907,5850791300.0,20986,143870.0,12,143830.0,4,143880.0,4,143820.0,7,143890.0,34,143810.0,5,143900.0,3,143800.0,36,143910.0,5,143790.0,1
1597988366650822912,1597988366920000000,2020-08-21 13:39:26.920000,143840.0,144360.0,141820.0,141910.0,nan,143026.65314,40907,5850791300.0,20986,143870.0,13,143830.0,4,143880.0,4,143820.0,9,143890.0,38,143810.0,6,143900.0,3,143800.0,40,143910.0,5,143790.0,1
1597988367143735040,1597988367416000000,2020-08-21 13:39:27.416000,143840.0,144360.0,141820.0,141910.0,nan,143026.65314,40907,5850791300.0,20986,143870.0,13,143830.0,5,143880.0,4,143820.0,8,143890.0,38,143810.0,6,143900.0,3,143800.0,40,143910.0,5,143790.0,1
1597988367666387968,1597988367901999872,2020-08-21 13:39:27.902000,143840.0,144360.0,141820.0,141910.0,nan,143026.65314,40907,5850791300.0,20986,143870.0,13,143830.0,5,143880.0,5,143820.0,9,143890.0,42,143810.0,6,143900.0,3,143800.0,44,143910.0,5,143790.0,1
1597988368127140096,1597988368420999936,2020-08-21 13:39:28.421000,143840.0,144360.0,141820.0,141910.0,nan,143026.65314,40907,5850791300.0,20986,143860.0,2,143840.0,1,143870.0,13,143830.0,5,143880.0,5,143820.0,9,143890.0,42,143810.0,6,143900.0,3,143800.0,44
1597988368623938048,1597988368928999936,2020-08-21 13:39:28.929000,143840.0,144360.0,141820.0,141910.0,nan,143026.65314,40907,5850791300.0,20986,143860.0,2,143840.0,1,143870.0,15,143830.0,6,143880.0,3,143820.0,9,143890.0,42,143810.0,5,143900.0,3,143800.0,44
1597988371136206080,1597988371364000000,2020-08-21 13:39:31.364000,143840.0,144360.0,141820.0,141910.0,nan,143026.673022,40908,5850935140.0,20987,143860.0,2,143830.0,6,143870.0,15,143820.0,10,143880.0,4,143810.0,5,143890.0,46,143800.0,48,143900.0,3,143790.0,1
1597988371668101888,1597988371914000128,2020-08-21 13:39:31.914000,143840.0,144360.0,141820.0,141910.0,nan,143026.673022,40908,5850935140.0,20987,143860.0,3,143840.0,1,143870.0,13,143830.0,3,143880.0,5,143820.0,8,143890.0,46,143810.0,5,143900.0,3,143800.0,48
1597988372157117952,1597988372426000128,2020-08-21 13:39:32.426000,143840.0,144360.0,141820.0,141910.0,nan,143026.692904,40909,5851078980.0,20988,143860.0,2,143830.0,5,143870.0,14,143820.0,4,143880.0,2,143810.0,12,143890.0,46,143800.0,48,143900.0,8,143790.0,1
1597988372635095040,1597988372927000064,2020-08-21 13:39:32.927000,143840.0,144360.0,141820.0,141910.0,nan,143026.692904,40909,5851078980.0,20988,143860.0,3,143830.0,3,143870.0,10,143820.0,5,143880.0,4,143810.0,12,143890.0,46,143800.0,48,143900.0,8,143790.0,1
1597988373167433984,1597988373426000128,2020-08-21 13:39:33.426000,143840.0,144360.0,141820.0,141910.0,nan,143026.692904,40909,5851078980.0,20988,143860.0,5,143830.0,3,143870.0,10,143820.0,4,143880.0,5,143810.0,14,143890.0,46,143800.0,48,143900.0,8,143790.0,1
1597988373614808064,1597988373934000128,2020-08-21 13:39:33.934000,143840.0,144360.0,141820.0,141910.0,nan,143026.692904,40909,5851078980.0,20988,143860.0,7,143830.0,1,143870.0,11,143820.0,5,143880.0,2,143810.0,15,143890.0,46,143800.0,48,143900.0,8,143790.0,1
1597988374131427072,1597988374433000192,2020-08-21 13:39:34.433000,143830.0,144360.0,141820.0,141910.0,nan,143026.71254,40910,5851222810.0,20989,143850.0,1,143820.0,5,143860.0,7,143810.0,15,143870.0,10,143800.0,48,143880.0,2,143790.0,1,143890.0,46,143760.0,1
1597988374681438976,1597988374936999936,2020-08-21 13:39:34.937000,143820.0,144360.0,141820.0,141910.0,nan,143026.829113,40916,5852085740.0,20991,143820.0,1,143810.0,9,143850.0,2,143800.0,18,143860.0,4,143790.0,14,143870.0,10,143760.0,1,143880.0,14,143750.0,1
1597988375132088064,1597988375430000128,2020-08-21 13:39:35.430000,143800.0,144360.0,141820.0,141910.0,nan,143027.019743,40926,5853523810.0,20993,143820.0,1,143790.0,1,143840.0,1,143780.0,6,143850.0,1,143770.0,10,143860.0,14,143760.0,1,143870.0,11,143750.0,2
1597988375637634048,1597988375897000192,2020-08-21 13:39:35.897000,143810.0,144360.0,141820.0,141910.0,nan,143027.038874,40927,5853667620.0,20993,143820.0,1,143790.0,2,143830.0,1,143780.0,5,143840.0,1,143770.0,7,143850.0,20,143760.0,18,143860.0,9,143750.0,2
1597988376131949056,1597988376411000064,2020-08-21 13:39:36.411000,143810.0,144360.0,141820.0,141910.0,nan,143027.038874,40927,5853667620.0,20993,143820.0,1,143790.0,3,143830.0,3,143770.0,7,143840.0,2,143760.0,22,143850.0,23,143750.0,2,143860.0,9,143740.0,1
1597988376650440960,1597988377236999936,2020-08-21 13:39:37.237000,143810.0,144360.0,141820.0,141910.0,nan,143027.038874,40927,5853667620.0,20993,143820.0,1,143790.0,3,143830.0,3,143770.0,7,143840.0,2,143760.0,28,143850.0,28,143750.0,2,143860.0,9,143740.0,1
1597988377127248896,1597988377420999936,2020-08-21 13:39:37.421000,143810.0,144360.0,141820.0,141910.0,nan,143027.038874,40927,5853667620.0,20993,143820.0,1,143790.0,3,143830.0,3,143780.0,1,143840.0,3,143770.0,7,143850.0,28,143760.0,28,143860.0,9,143750.0,1
1597988377640567040,1597988377936000000,2020-08-21 13:39:37.936000,143810.0,144360.0,141820.0,141910.0,nan,143027.038874,40927,5853667620.0,20993,143820.0,1,143790.0,3,143830.0,3,143770.0,7,143840.0,1,143760.0,27,143850.0,28,143750.0,1,143860.0,9,143740.0,1
1597988378161460992,1597988378437999872,2020-08-21 13:39:38.438000,143810.0,144360.0,141820.0,141910.0,nan,143027.038874,40927,5853667620.0,20993,143820.0,1,143790.0,3,143830.0,3,143770.0,8,143840.0,2,143760.0,33,143850.0,34,143750.0,1,143860.0,9,143740.0,1
1597988379139610112,1597988379394000128,2020-08-21 13:39:39.394000,143810.0,144360.0,141820.0,141910.0,nan,143027.038874,40927,5853667620.0,20993,143820.0,1,143790.0,3,143830.0,3,143780.0,1,143840.0,3,143770.0,8,143850.0,34,143760.0,33,143860.0,9,143750.0,1
1597988379620774912,1597988379928000000,2020-08-21 13:39:39.928000,143810.0,144360.0,141820.0,141910.0,nan,143027.038874,40927,5853667620.0,20993,143820.0,1,143790.0,3,143830.0,3,143770.0,8,143840.0,1,143760.0,32,143850.0,34,143750.0,1,143860.0,9,143740.0,1
1597988380147799040,1597988380382999808,2020-08-21 13:39:40.383000,143810.0,144360.0,141820.0,141910.0,nan,143027.038874,40927,5853667620.0,20993,143820.0,1,143790.0,3,143830.0,3,143780.0,1,143840.0,3,143770.0,8,143850.0,38,143760.0,37,143860.0,9,143750.0,1
1597988380635937024,1597988380934000128,2020-08-21 13:39:40.934000,143810.0,144360.0,141820.0,141910.0,nan,143027.038874,40927,5853667620.0,20993,143820.0,1,143790.0,3,143830.0,3,143780.0,1,143840.0,2,143770.0,3,143850.0,38,143760.0,36,143860.0,4,143750.0,1
1597988381167000064,1597988381404000000,2020-08-21 13:39:41.404000,143810.0,144360.0,141820.0,141910.0,nan,143027.038874,40927,5853667620.0,20993,143820.0,1,143790.0,3,143830.0,3,143780.0,1,143840.0,3,143770.0,3,143850.0,43,143760.0,42,143860.0,4,143750.0,1
1597988383637646080,1597988383916000000,2020-08-21 13:39:43.916000,143820.0,144360.0,141820.0,141910.0,nan,143027.058249,40928,5853811440.0,20992,143830.0,3,143790.0,3,143840.0,3,143780.0,1,143850.0,43,143770.0,3,143860.0,4,143760.0,42,143870.0,5,143750.0,1
1597988384144638976,1597988384434000128,2020-08-21 13:39:44.434000,143820.0,144360.0,141820.0,141910.0,nan,143027.058249,40928,5853811440.0,20992,143830.0,2,143790.0,2,143840.0,2,143780.0,3,143850.0,27,143770.0,18,143860.0,21,143760.0,25,143870.0,5,143750.0,1
1597988384631095040,1597988384924000000,2020-08-21 13:39:44.924000,143820.0,144360.0,141820.0,141910.0,nan,143027.058249,40928,5853811440.0,20992,143830.0,2,143790.0,2,143840.0,1,143780.0,2,143850.0,30,143770.0,22,143860.0,21,143760.0,24,143870.0,5,143750.0,1
1597988385613829888,1597988385924000000,2020-08-21 13:39:45.924000,143820.0,144360.0,141820.0,141910.0,nan,143027.058249,40928,5853811440.0,20992,143830.0,2,143790.0,2,143840.0,2,143780.0,3,143850.0,30,143770.0,22,143860.0,21,143760.0,24,143870.0,5,143750.0,1
1597988386134315008,1597988386428999936,2020-08-21 13:39:46.429000,143820.0,144360.0,141820.0,141910.0,nan,143027.058249,40928,5853811440.0,20992,143830.0,2,143790.0,2,143840.0,1,143780.0,2,143850.0,30,143770.0,22,143860.0,21,143760.0,24,143870.0,5,143750.0,1
1597988386617437952,1597988386927000064,2020-08-21 13:39:46.927000,143820.0,144360.0,141820.0,141910.0,nan,143027.058249,40928,5853811440.0,20992,143830.0,2,143790.0,2,143840.0,1,143780.0,2,143850.0,25,143770.0,22,143860.0,21,143760.0,19,143870.0,5,143750.0,1
1597988392128785920,1597988392435000064,2020-08-21 13:39:52.435000,143820.0,144360.0,141820.0,141910.0,nan,143027.058249,40928,5853811440.0,20992,143830.0,2,143800.0,1,143840.0,1,143790.0,2,143850.0,25,143780.0,2,143860.0,21,143770.0,22,143870.0,5,143760.0,19
1597988392623826944,1597988392937999872,2020-08-21 13:39:52.938000,143840.0,144360.0,141820.0,141910.0,nan,143027.136959,40932,5854386770.0,20990,143850.0,14,143840.0,1,143860.0,18,143830.0,1,143870.0,5,143800.0,1,143880.0,1,143790.0,1,143900.0,2,143770.0,17
1597988393163112960,1597988393668999936,2020-08-21 13:39:53.669000,143840.0,144360.0,141820.0,141910.0,nan,143027.156817,40933,5854530610.0,20990,143840.0,1,143830.0,1,143850.0,1,143820.0,1,143860.0,10,143800.0,11,143870.0,2,143790.0,1,143880.0,1,143770.0,6
1597988393627490048,1597988393904999936,2020-08-21 13:39:53.905000,143830.0,144360.0,141820.0,141910.0,nan,143027.17643,40934,5854674440.0,20990,143860.0,5,143820.0,1,143870.0,4,143810.0,1,143880.0,19,143800.0,7,143890.0,5,143790.0,19,143900.0,2,143750.0,1
1597988394117308928,1597988394424999936,2020-08-21 13:39:54.425000,143830.0,144360.0,141820.0,141910.0,nan,143027.17643,40934,5854674440.0,20990,143850.0,2,143820.0,1,143860.0,5,143800.0,8,143870.0,4,143790.0,30,143880.0,32,143760.0,1,143890.0,5,143750.0,1
1597988394627132928,1597988394903000064,2020-08-21 13:39:54.903000,143830.0,144360.0,141820.0,141910.0,nan,143027.17643,40934,5854674440.0,20990,143850.0,3,143820.0,1,143860.0,3,143810.0,1,143870.0,5,143800.0,7,143880.0,35,143790.0,34,143890.0,5,143760.0,1
1597988395147851008,1597988395416000000,2020-08-21 13:39:55.416000,143830.0,144360.0,141820.0,141910.0,nan,143027.17643,40934,5854674440.0,20990,143850.0,4,143810.0,2,143860.0,2,143800.0,8,143870.0,5,143790.0,34,143880.0,35,143760.0,1,143890.0,5,143750.0,1
1597988395631017984,1597988395937999872,2020-08-21 13:39:55.938000,143830.0,144360.0,141820.0,141910.0,nan,143027.17643,40934,5854674440.0,20990,143850.0,3,143810.0,1,143860.0,5,143800.0,9,143870.0,20,143790.0,17,143880.0,18,143780.0,17,143890.0,5,143760.0,1
1597988396165497088,1597988396436000000,2020-08-21 13:39:56.436000,143830.0,144360.0,141820.0,141910.0,nan,143027.17643,40934,5854674440.0,20990,143850.0,3,143810.0,1,143860.0,4,143800.0,8,143870.0,27,143790.0,14,143880.0,13,143780.0,22,143890.0,5,143760.0,1
1597988396657920000,1597988396937999872,2020-08-21 13:39:56.938000,143830.0,144360.0,141820.0,141910.0,nan,143027.17643,40934,5854674440.0,20990,143850.0,3,143810.0,1,143860.0,4,143800.0,7,143870.0,27,143790.0,10,143880.0,8,143780.0,22,143890.0,5,143760.0,1
1597988397179077120,1597988397437999872,2020-08-21 13:39:57.438000,143830.0,144360.0,141820.0,141910.0,nan,143027.17643,40934,5854674440.0,20990,143850.0,3,143810.0,1,143860.0,4,143800.0,7,143870.0,32,143790.0,10,143880.0,8,143780.0,27,143890.0,5,143760.0,1
1597988398176332032,1597988398421999872,2020-08-21 13:39:58.422000,143830.0,144360.0,141820.0,141910.0,nan,143027.17643,40934,5854674440.0,20990,143850.0,3,143800.0,7,143860.0,5,143790.0,10,143870.0,36,143780.0,32,143880.0,8,143760.0,1,143890.0,5,143750.0,1
1597988398646606080,1597988398860999936,2020-08-21 13:39:58.861000,143830.0,144360.0,141820.0,141910.0,nan,143027.17643,40934,5854674440.0,20990,143850.0,3,143800.0,3,143860.0,5,143790.0,6,143870.0,42,143780.0,36,143880.0,3,143760.0,1,143900.0,3,143750.0,1
1597988399156303872,1597988399408999936,2020-08-21 13:39:59.409000,143830.0,144360.0,141820.0,141910.0,nan,143027.17643,40934,5854674440.0,20990,143840.0,2,143800.0,3,143850.0,2,143790.0,3,143860.0,5,143780.0,43,143870.0,45,143760.0,1,143880.0,3,143750.0,1
1597988399616040960,1597988399924999936,2020-08-21 13:39:59.925000,143830.0,144360.0,141820.0,141910.0,nan,143027.17643,40934,5854674440.0,20990,143840.0,3,143800.0,2,143850.0,2,143790.0,4,143860.0,7,143780.0,38,143870.0,41,143770.0,4,143880.0,3,143760.0,1
1597988400153299968,1597988400420999936,2020-08-21 13:40:00.421000,143830.0,144360.0,141820.0,141910.0,nan,143027.17643,40934,5854674440.0,20990,143840.0,3,143800.0,2,143850.0,5,143790.0,2,143860.0,25,143780.0,23,143870.0,22,143770.0,22,143880.0,3,143760.0,1
1597988400640794112,1597988400937999872,2020-08-21 13:40:00.938000,143830.0,144360.0,141820.0,141910.0,nan,143027.17643,40934,5854674440.0,20990,143840.0,3,143810.0,1,143850.0,5,143800.0,2,143860.0,30,143790.0,2,143870.0,17,143780.0,18,143880.0,3,143770.0,27
1597988401124583936,1597988401428999936,2020-08-21 13:40:01.429000,143830.0,144360.0,141820.0,141910.0,nan,143027.17643,40934,5854674440.0,20990,143840.0,3,143810.0,2,143850.0,4,143800.0,2,143860.0,10,143790.0,3,143870.0,38,143780.0,38,143880.0,3,143770.0,5
1597988401615827968,1597988401930000128,2020-08-21 13:40:01.930000,143830.0,144360.0,141820.0,141910.0,nan,143027.17643,40934,5854674440.0,20990,143840.0,3,143810.0,2,143850.0,4,143800.0,2,143860.0,6,143790.0,4,143870.0,43,143780.0,43,143880.0,3,143760.0,1
1597988402163102976,1597988402413000192,2020-08-21 13:40:02.413000,143830.0,144360.0,141820.0,141910.0,nan,143027.17643,40934,5854674440.0,20990,143840.0,4,143810.0,2,143850.0,4,143800.0,3,143860.0,5,143790.0,4,143870.0,48,143780.0,47,143880.0,3,143760.0,1
1597988402618658048,1597988402918999808,2020-08-21 13:40:02.919000,143830.0,144360.0,141820.0,141910.0,nan,143027.17643,40934,5854674440.0,20990,143840.0,4,143810.0,2,143850.0,5,143800.0,3,143860.0,5,143790.0,5,143870.0,48,143780.0,47,143880.0,3,143760.0,1
1597988403153238016,1597988403432000000,2020-08-21 13:40:03.432000,143830.0,144360.0,141820.0,141910.0,nan,143027.17643,40934,5854674440.0,20990,143840.0,4,143810.0,2,143850.0,4,143800.0,3,143860.0,5,143790.0,5,143870.0,48,143780.0,46,143880.0,3,143760.0,1
1597988403652515072,1597988404095000064,2020-08-21 13:40:04.095000,143830.0,144360.0,141820.0,141910.0,nan,143027.17643,40934,5854674440.0,20990,143840.0,4,143810.0,2,143850.0,4,143800.0,3,143860.0,5,143790.0,5,143870.0,43,143780.0,41,143880.0,3,143760.0,1
1597988404171201024,1597988404724000000,2020-08-21 13:40:04.724000,143810.0,144360.0,141820.0,141910.0,nan,143027.233798,40937,5855105870.0,20991,143840.0,4,143820.0,1,143850.0,3,143800.0,3,143860.0,5,143790.0,5,143870.0,44,143780.0,42,143880.0,3,143760.0,1
1597988404654682112,1597988404903000064,2020-08-21 13:40:04.903000,143820.0,144360.0,141820.0,141910.0,nan,143027.291891,40940,5855537330.0,20993,143850.0,5,143810.0,2,143860.0,6,143800.0,2,143870.0,44,143790.0,4,143880.0,3,143780.0,43,143900.0,3,143760.0,1
1597988405168848896,1597988405420000000,2020-08-21 13:40:05.420000,143820.0,144360.0,141820.0,141910.0,nan,143027.291891,40940,5855537330.0,20993,143850.0,4,143810.0,3,143860.0,5,143800.0,1,143870.0,44,143790.0,2,143880.0,3,143780.0,44,143900.0,3,143760.0,1
1597988405636934912,1597988405897000192,2020-08-21 13:40:05.897000,143820.0,144360.0,141820.0,141910.0,nan,143027.291891,40940,5855537330.0,20993,143850.0,4,143810.0,3,143860.0,5,143800.0,3,143870.0,50,143790.0,3,143880.0,3,143780.0,47,143900.0,3,143760.0,1
1597988406159630080,1597988406427000064,2020-08-21 13:40:06.427000,143810.0,144360.0,141820.0,141910.0,nan,143027.311009,40941,5855681140.0,20992,143850.0,7,143810.0,2,143860.0,5,143800.0,3,143870.0,50,143790.0,3,143880.0,3,143780.0,42,143900.0,3,143760.0,1
1597988406640222976,1597988406927000064,2020-08-21 13:40:06.927000,143810.0,144360.0,141820.0,141910.0,nan,143027.311009,40941,5855681140.0,20992,143840.0,1,143810.0,3,143850.0,8,143800.0,1,143860.0,5,143790.0,4,143870.0,49,143780.0,48,143880.0,3,143760.0,1
1597988407133505024,1597988407437999872,2020-08-21 13:40:07.438000,143810.0,144360.0,141820.0,141910.0,nan,143027.311009,40941,5855681140.0,20992,143840.0,5,143810.0,3,143850.0,4,143800.0,4,143860.0,6,143790.0,2,143870.0,48,143780.0,47,143880.0,3,143760.0,1
1597988407649463040,1597988407897000192,2020-08-21 13:40:07.897000,143810.0,144360.0,141820.0,141910.0,nan,143027.311009,40941,5855681140.0,20992,143840.0,7,143810.0,1,143850.0,3,143800.0,4,143860.0,5,143790.0,4,143870.0,48,143780.0,47,143880.0,3,143760.0,1
1597988408190686976,1597988408431000064,2020-08-21 13:40:08.431000,143810.0,144360.0,141820.0,141910.0,nan,143027.311009,40941,5855681140.0,20992,143840.0,7,143810.0,1,143850.0,4,143800.0,4,143860.0,5,143790.0,4,143870.0,48,143780.0,48,143880.0,3,143760.0,1
1597988408650435072,1597988409211000064,2020-08-21 13:40:09.211000,143810.0,144360.0,141820.0,141910.0,nan,143027.311009,40941,5855681140.0,20992,143840.0,7,143810.0,7,143850.0,4,143800.0,4,143860.0,5,143790.0,4,143870.0,48,143780.0,48,143880.0,3,143760.0,1
1597988409144988928,1597988409415000064,2020-08-21 13:40:09.415000,143810.0,144360.0,141820.0,141910.0,nan,143027.311009,40941,5855681140.0,20992,143840.0,4,143810.0,9,143850.0,6,143800.0,3,143860.0,4,143790.0,4,143870.0,48,143780.0,46,143880.0,3,143760.0,1
1597988409637275904,1597988409904999936,2020-08-21 13:40:09.905000,143810.0,144360.0,141820.0,141910.0,nan,143027.311009,40941,5855681140.0,20992,143840.0,4,143810.0,9,143850.0,5,143800.0,5,143860.0,6,143790.0,4,143870.0,48,143780.0,45,143880.0,3,143760.0,1
1597988410130718976,1597988410403000064,2020-08-21 13:40:10.403000,143810.0,144360.0,141820.0,141910.0,nan,143027.311009,40941,5855681140.0,20992,143840.0,4,143810.0,9,143850.0,4,143800.0,5,143860.0,7,143790.0,2,143870.0,52,143780.0,50,143880.0,3,143760.0,1
1597988410656079872,1597988410931000064,2020-08-21 13:40:10.931000,143810.0,144360.0,141820.0,141910.0,nan,143027.311009,40941,5855681140.0,20992,143840.0,4,143830.0,4,143850.0,4,143820.0,1,143860.0,8,143810.0,9,143870.0,52,143800.0,5,143880.0,3,143790.0,3
1597988411148617984,1597988411436000000,2020-08-21 13:40:11.436000,143840.0,144360.0,141820.0,141910.0,nan,143027.489621,40950,5856975700.0,20989,143850.0,3,143830.0,4,143860.0,7,143820.0,3,143870.0,18,143810.0,9,143880.0,24,143800.0,3,143890.0,1,143790.0,22
1597988411636315904,1597988411924999936,2020-08-21 13:40:11.925000,143850.0,144360.0,141820.0,141910.0,nan,143027.590282,40955,5857694960.0,20990,143860.0,3,143840.0,2,143870.0,14,143830.0,4,143880.0,9,143820.0,4,143890.0,23,143810.0,10,143900.0,2,143800.0,26
1597988412140462080,1597988412411000064,2020-08-21 13:40:12.411000,143870.0,144360.0,141820.0,141910.0,nan,143027.651497,40958,5858126550.0,20989,143870.0,9,143860.0,1,143880.0,9,143840.0,2,143890.0,10,143830.0,5,143900.0,2,143820.0,3,143920.0,1,143810.0,8
1597988412671874048,1597988412930000128,2020-08-21 13:40:12.930000,143870.0,144360.0,141820.0,141910.0,nan,143027.835575,40967,5859421340.0,20984,143880.0,6,143840.0,2,143890.0,6,143830.0,5,143900.0,2,143820.0,17,143910.0,15,143810.0,8,143920.0,1,143800.0,6
1597988413149632000,1597988413426000128,2020-08-21 13:40:13.426000,143870.0,144360.0,141820.0,141910.0,nan,143027.856132,40968,5859565210.0,20984,143880.0,4,143840.0,2,143890.0,2,143830.0,4,143900.0,19,143820.0,18,143910.0,15,143810.0,24,143930.0,4,143800.0,1
1597988413676612096,1597988413916000000,2020-08-21 13:40:13.916000,143870.0,144360.0,141820.0,141910.0,nan,143027.856132,40968,5859565210.0,20984,143880.0,3,143840.0,2,143890.0,3,143830.0,5,143900.0,27,143820.0,15,143910.0,10,143810.0,29,143930.0,4,143800.0,1
1597988414161602048,1597988414396000000,2020-08-21 13:40:14.396000,143840.0,144360.0,141820.0,141910.0,nan,143027.875955,40969,5859709050.0,20984,143880.0,3,143840.0,1,143890.0,3,143830.0,5,143900.0,32,143820.0,15,143910.0,10,143810.0,34,143930.0,4,143800.0,1
1597988415144120064,1597988415437999872,2020-08-21 13:40:15.438000,143840.0,144360.0,141820.0,141910.0,nan,143027.875955,40969,5859709050.0,20984,143880.0,3,143830.0,5,143890.0,4,143820.0,15,143900.0,36,143810.0,39,143910.0,10,143800.0,1,143930.0,4,143790.0,1
1597988415707824896,1597988415935000064,2020-08-21 13:40:15.935000,143840.0,144360.0,141820.0,141910.0,nan,143027.875955,40969,5859709050.0,20984,143870.0,1,143830.0,5,143880.0,3,143820.0,10,143890.0,3,143810.0,37,143900.0,37,143800.0,1,143910.0,5,143790.0,1
1597988416203588096,1597988416733999872,2020-08-21 13:40:16.734000,143840.0,144360.0,141820.0,141910.0,nan,143027.875955,40969,5859709050.0,20984,143870.0,2,143840.0,1,143880.0,3,143830.0,6,143890.0,2,143820.0,10,143900.0,41,143810.0,42,143910.0,5,143800.0,1
1597988416629722880,1597988416935000064,2020-08-21 13:40:16.935000,143840.0,144360.0,141820.0,141910.0,nan,143027.875955,40969,5859709050.0,20984,143870.0,1,143840.0,2,143880.0,3,143830.0,6,143890.0,4,143820.0,9,143900.0,40,143810.0,43,143910.0,5,143800.0,1
1597988417192132096,1597988417420999936,2020-08-21 13:40:17.421000,143840.0,144360.0,141820.0,141910.0,nan,143027.875955,40969,5859709050.0,20984,143880.0,4,143840.0,3,143890.0,3,143830.0,5,143900.0,41,143820.0,10,143910.0,5,143810.0,42,143930.0,4,143800.0,1
1597988417651963904,1597988417892999936,2020-08-21 13:40:17.893000,143840.0,144360.0,141820.0,141910.0,nan,143027.875955,40969,5859709050.0,20984,143880.0,3,143840.0,2,143890.0,4,143830.0,7,143900.0,40,143820.0,3,143930.0,4,143810.0,42,143940.0,3,143800.0,1
1597988418157186048,1597988418427000064,2020-08-21 13:40:18.427000,143840.0,144360.0,141820.0,141910.0,nan,143027.875955,40969,5859709050.0,20984,143880.0,3,143840.0,2,143890.0,5,143830.0,7,143900.0,45,143820.0,3,143930.0,4,143810.0,48,143940.0,3,143800.0,1
1597988418635822080,1597988418917999872,2020-08-21 13:40:18.918000,143840.0,144360.0,141820.0,141910.0,nan,143027.875955,40969,5859709050.0,20984,143880.0,4,143840.0,3,143890.0,4,143830.0,6,143900.0,50,143820.0,3,143930.0,4,143810.0,53,143940.0,3,143800.0,1
1597988419143761920,1597988419430000128,2020-08-21 13:40:19.430000,143840.0,144360.0,141820.0,141910.0,nan,143027.875955,40969,5859709050.0,20984,143880.0,4,143840.0,3,143890.0,4,143830.0,7,143900.0,50,143820.0,3,143930.0,4,143810.0,52,143940.0,3,143800.0,1
1597988419655665920,1597988419924999936,2020-08-21 13:40:19.925000,143840.0,144360.0,141820.0,141910.0,nan,143027.875955,40969,5859709050.0,20984,143880.0,4,143840.0,3,143890.0,5,143830.0,9,143900.0,54,143820.0,2,143930.0,4,143810.0,56,143940.0,3,143790.0,1
1597988420620335104,1597988420932000000,2020-08-21 13:40:20.932000,143840.0,144360.0,141820.0,141910.0,nan,143027.875955,40969,5859709050.0,20984,143860.0,1,143840.0,3,143880.0,4,143830.0,9,143890.0,5,143820.0,2,143900.0,54,143810.0,56,143930.0,4,143790.0,1
1597988421125297920,1597988421390000128,2020-08-21 13:40:21.390000,143860.0,144360.0,141820.0,141910.0,nan,143027.957191,40973,5860284490.0,20984,143870.0,4,143840.0,1,143880.0,3,143830.0,11,143890.0,4,143820.0,2,143900.0,52,143810.0,56,143930.0,4,143790.0,1
1597988421633001984,1597988421928000000,2020-08-21 13:40:21.928000,143840.0,144360.0,141820.0,141910.0,nan,143027.97701,40974,5860428330.0,20985,143870.0,1,143840.0,2,143880.0,7,143830.0,7,143890.0,4,143820.0,5,143900.0,52,143810.0,56,143930.0,4,143790.0,1
1597988422120848896,1597988422401999872,2020-08-21 13:40:22.402000,143840.0,144360.0,141820.0,141910.0,nan,143027.97701,40974,5860428330.0,20985,143880.0,6,143840.0,3,143890.0,6,143830.0,7,143900.0,53,143820.0,5,143930.0,4,143810.0,56,143940.0,3,143790.0,1
1597988422676154112,1597988422921999872,2020-08-21 13:40:22.922000,143840.0,144360.0,141820.0,141910.0,nan,143027.97701,40974,5860428330.0,20985,143880.0,6,143840.0,3,143890.0,5,143830.0,8,143900.0,52,143820.0,2,143930.0,4,143810.0,56,143940.0,3,143790.0,1
1597988423148041984,1597988423430000128,2020-08-21 13:40:23.430000,143840.0,144360.0,141820.0,141910.0,nan,143027.97701,40974,5860428330.0,20985,143880.0,5,143840.0,3,143890.0,6,143830.0,10,143900.0,53,143820.0,2,143930.0,5,143810.0,56,143940.0,3,143790.0,1
1597988423631064064,1597988423857000192,2020-08-21 13:40:23.857000,143840.0,144360.0,141820.0,141910.0,nan,143027.97701,40974,5860428330.0,20985,143880.0,5,143840.0,3,143890.0,5,143830.0,10,143900.0,48,143820.0,2,143930.0,5,143810.0,51,143940.0,3,143790.0,1
1597988424223055872,1597988424434000128,2020-08-21 13:40:24.434000,143840.0,144360.0,141820.0,141910.0,nan,143027.97701,40974,5860428330.0,20985,143880.0,5,143840.0,3,143890.0,5,143830.0,10,143900.0,54,143820.0,3,143930.0,5,143810.0,56,143940.0,3,143790.0,1
1597988424656574976,1597988424924000000,2020-08-21 13:40:24.924000,143840.0,144360.0,141820.0,141910.0,nan,143027.97701,40974,5860428330.0,20985,143870.0,1,143840.0,3,143880.0,5,143830.0,10,143890.0,5,143820.0,3,143900.0,54,143810.0,56,143930.0,5,143790.0,1
1597988425144165120,1597988425424999936,2020-08-21 13:40:25.425000,143840.0,144360.0,141820.0,141910.0,nan,143027.97701,40974,5860428330.0,20985,143870.0,1,143840.0,4,143880.0,6,143830.0,9,143890.0,4,143820.0,2,143900.0,53,143810.0,56,143930.0,5,143790.0,1
1597988425624678912,1597988425930000128,2020-08-21 13:40:25.930000,143840.0,144360.0,141820.0,141910.0,nan,143027.97701,40974,5860428330.0,20985,143870.0,1,143840.0,4,143880.0,6,143830.0,9,143890.0,5,143820.0,3,143900.0,53,143810.0,56,143930.0,5,143790.0,1
1597988426777070080,1597988426934000128,2020-08-21 13:40:26.934000,143840.0,144360.0,141820.0,141910.0,nan,143028.036459,40977,5860859850.0,20986,143870.0,1,143840.0,1,143880.0,5,143830.0,9,143890.0,4,143820.0,2,143900.0,45,143810.0,43,143930.0,5,143790.0,1
1597988427144307968,1597988427434000128,2020-08-21 13:40:27.434000,143840.0,144360.0,141820.0,141910.0,nan,143028.036459,40977,5860859850.0,20986,143860.0,2,143830.0,7,143870.0,3,143820.0,1,143880.0,3,143810.0,45,143890.0,3,143790.0,1,143900.0,40,143760.0,1
1597988427624054016,1597988427918999808,2020-08-21 13:40:27.919000,143840.0,144360.0,141820.0,141910.0,nan,143028.036459,40977,5860859850.0,20986,143860.0,1,143830.0,7,143870.0,3,143820.0,2,143880.0,4,143810.0,28,143890.0,18,143800.0,18,143900.0,22,143790.0,1
1597988428124487936,1597988428412000000,2020-08-21 13:40:28.412000,143840.0,144360.0,141820.0,141910.0,nan,143028.036459,40977,5860859850.0,20986,143870.0,4,143840.0,1,143880.0,5,143830.0,7,143890.0,28,143820.0,2,143900.0,17,143810.0,25,143930.0,5,143800.0,27
1597988428614438912,1597988428924999936,2020-08-21 13:40:28.925000,143840.0,144360.0,141820.0,141910.0,nan,143028.036459,40977,5860859850.0,20986,143870.0,2,143840.0,2,143880.0,4,143830.0,7,143890.0,9,143820.0,4,143900.0,33,143810.0,38,143930.0,5,143800.0,6
1597988429133812992,1597988429424999936,2020-08-21 13:40:29.425000,143840.0,144360.0,141820.0,141910.0,nan,143028.036459,40977,5860859850.0,20986,143870.0,1,143840.0,3,143880.0,5,143830.0,5,143890.0,5,143820.0,4,143900.0,43,143810.0,49,143930.0,5,143800.0,1
1597988429621352960,1597988429936999936,2020-08-21 13:40:29.937000,143840.0,144360.0,141820.0,141910.0,nan,143028.036459,40977,5860859850.0,20986,143870.0,2,143840.0,3,143880.0,5,143830.0,7,143890.0,4,143820.0,3,143900.0,43,143810.0,47,143930.0,5,143800.0,1
1597988430134925056,1597988430434000128,2020-08-21 13:40:30.434000,143840.0,144360.0,141820.0,141910.0,nan,143028.036459,40977,5860859850.0,20986,143870.0,2,143840.0,3,143880.0,5,143830.0,8,143890.0,4,143820.0,3,143900.0,48,143810.0,52,143930.0,5,143800.0,1
1597988430646245888,1597988430927000064,2020-08-21 13:40:30.927000,143840.0,144360.0,141820.0,141910.0,nan,143028.056274,40978,5861003690.0,20985,143870.0,5,143840.0,2,143880.0,5,143830.0,8,143890.0,4,143820.0,3,143900.0,48,143810.0,52,143930.0,5,143800.0,1
1597988431116541952,1597988431431000064,2020-08-21 13:40:31.431000,143840.0,144360.0,141820.0,141910.0,nan,143028.056274,40978,5861003690.0,20985,143870.0,7,143830.0,9,143880.0,5,143820.0,4,143890.0,2,143810.0,52,143900.0,48,143800.0,1,143930.0,5,143790.0,1
1597988431638923008,1597988431912000000,2020-08-21 13:40:31.912000,143840.0,144360.0,141820.0,141910.0,nan,143028.056274,40978,5861003690.0,20985,143860.0,1,143830.0,8,143870.0,7,143820.0,5,143880.0,6,143810.0,56,143890.0,1,143800.0,1,143900.0,52,143790.0,1
1597988432138082048,1597988432428000000,2020-08-21 13:40:32.428000,143860.0,144360.0,141820.0,141910.0,nan,143028.076576,40979,5861147550.0,20984,143860.0,4,143830.0,7,143870.0,3,143820.0,5,143880.0,8,143810.0,28,143890.0,21,143800.0,22,143900.0,22,143790.0,1
1597988432623866112,1597988432936999936,2020-08-21 13:40:32.937000,143860.0,144360.0,141820.0,141910.0,nan,143028.076576,40979,5861147550.0,20984,143860.0,3,143830.0,7,143870.0,3,143820.0,2,143880.0,7,143810.0,24,143890.0,26,143800.0,27,143900.0,17,143790.0,1
1597988433138395904,1597988433437999872,2020-08-21 13:40:33.438000,143860.0,144360.0,141820.0,141910.0,nan,143028.076576,40979,5861147550.0,20984,143860.0,3,143830.0,7,143870.0,4,143820.0,1,143880.0,6,143810.0,26,143890.0,27,143800.0,27,143900.0,17,143790.0,1
1597988434126507008,1597988434405999872,2020-08-21 13:40:34.406000,143860.0,144360.0,141820.0,141910.0,nan,143028.076576,40979,5861147550.0,20984,143860.0,3,143830.0,8,143870.0,4,143820.0,1,143880.0,6,143810.0,26,143890.0,27,143800.0,27,143900.0,17,143790.0,1
1597988434628596992,1597988434923000064,2020-08-21 13:40:34.923000,143860.0,144360.0,141820.0,141910.0,nan,143028.076576,40979,5861147550.0,20984,143860.0,3,143830.0,8,143870.0,4,143820.0,1,143880.0,6,143810.0,25,143890.0,27,143800.0,27,143900.0,17,143790.0,1
1597988435620694016,1597988435910000128,2020-08-21 13:40:35.910000,143860.0,144360.0,141820.0,141910.0,nan,143028.076576,40979,5861147550.0,20984,143860.0,3,143830.0,8,143870.0,4,143820.0,1,143880.0,6,143810.0,20,143890.0,27,143800.0,27,143900.0,12,143790.0,1
1597988436172506880,1597988436435000064,2020-08-21 13:40:36.435000,143860.0,144360.0,141820.0,141910.0,nan,143028.076576,40979,5861147550.0,20984,143860.0,3,143830.0,8,143870.0,4,143820.0,1,143880.0,6,143810.0,20,143890.0,32,143800.0,32,143900.0,12,143790.0,1
1597988436627259904,1597988436894000128,2020-08-21 13:40:36.894000,143860.0,144360.0,141820.0,141910.0,nan,143028.076576,40979,5861147550.0,20984,143860.0,3,143830.0,8,143870.0,4,143820.0,3,143880.0,8,143810.0,20,143890.0,32,143800.0,32,143900.0,12,143790.0,1
1597988437115077120,1597988437357000192,2020-08-21 13:40:37.357000,143860.0,144360.0,141820.0,141910.0,nan,143028.076576,40979,5861147550.0,20984,143860.0,3,143830.0,8,143870.0,4,143820.0,2,143880.0,6,143810.0,18,143890.0,31,143800.0,32,143900.0,12,143790.0,1
1597988437622452992,1597988437937999872,2020-08-21 13:40:37.938000,143860.0,144360.0,141820.0,141910.0,nan,143028.076576,40979,5861147550.0,20984,143860.0,3,143830.0,8,143870.0,4,143820.0,2,143880.0,6,143810.0,19,143890.0,32,143800.0,32,143900.0,12,143790.0,1
1597988440641643008,1597988440938999808,2020-08-21 13:40:40.939000,143860.0,144360.0,141820.0,141910.0,nan,143028.076576,40979,5861147550.0,20984,143860.0,3,143830.0,9,143870.0,4,143820.0,3,143880.0,7,143810.0,19,143890.0,32,143800.0,32,143900.0,12,143790.0,1
1597988441148542976,1597988441420999936,2020-08-21 13:40:41.421000,143860.0,144360.0,141820.0,141910.0,nan,143028.076576,40979,5861147550.0,20984,143860.0,3,143840.0,1,143870.0,4,143830.0,9,143880.0,6,143820.0,3,143890.0,32,143810.0,19,143900.0,12,143800.0,32
1597988441628986880,1597988441924000000,2020-08-21 13:40:41.924000,143860.0,144360.0,141820.0,141910.0,nan,143028.137475,40982,5861579130.0,20984,143870.0,5,143840.0,1,143880.0,4,143830.0,9,143890.0,27,143820.0,1,143900.0,7,143810.0,14,143910.0,1,143800.0,27
1597988442153559040,1597988442428000000,2020-08-21 13:40:42.428000,143870.0,144360.0,141820.0,141910.0,nan,143028.158017,40983,5861723000.0,20984,143870.0,1,143840.0,3,143880.0,4,143830.0,8,143890.0,9,143820.0,4,143900.0,38,143810.0,43,143910.0,1,143800.0,6
1597988442636403968,1597988442924000000,2020-08-21 13:40:42.924000,143870.0,144360.0,141820.0,141910.0,nan,143028.158017,40983,5861723000.0,20984,143870.0,1,143850.0,1,143880.0,5,143840.0,4,143890.0,3,143830.0,8,143900.0,49,143820.0,4,143910.0,1,143810.0,52
1597988443119475968,1597988443434000128,2020-08-21 13:40:43.434000,143870.0,144360.0,141820.0,141910.0,nan,143028.178557,40984,5861866870.0,20984,143880.0,4,143850.0,1,143890.0,1,143840.0,5,143900.0,24,143830.0,9,143910.0,18,143820.0,18,143930.0,4,143810.0,30
1597988443647412992,1597988443938999808,2020-08-21 13:40:43.939000,143870.0,144360.0,141820.0,141910.0,nan,143028.178557,40984,5861866870.0,20984,143880.0,3,143850.0,2,143890.0,3,143840.0,3,143900.0,21,143830.0,12,143910.0,27,143820.0,26,143930.0,4,143810.0,21
1597988444656663040,1597988444905999872,2020-08-21 13:40:44.906000,143870.0,144360.0,141820.0,141910.0,nan,143028.178557,40984,5861866870.0,20984,143880.0,4,143850.0,2,143890.0,3,143840.0,3,143900.0,21,143830.0,12,143910.0,27,143820.0,26,143930.0,4,143810.0,21
1597988445147675904,1597988445427000064,2020-08-21 13:40:45.427000,143870.0,144360.0,141820.0,141910.0,nan,143028.178557,40984,5861866870.0,20984,143880.0,4,143850.0,1,143890.0,3,143840.0,3,143900.0,21,143830.0,12,143910.0,27,143820.0,26,143930.0,4,143810.0,21
1597988445621171968,1597988445926000128,2020-08-21 13:40:45.926000,143870.0,144360.0,141820.0,141910.0,nan,143028.178557,40984,5861866870.0,20984,143880.0,5,143840.0,4,143890.0,2,143830.0,12,143900.0,21,143820.0,26,143910.0,27,143810.0,21,143930.0,4,143800.0,1
1597988446168024064,1597988446435000064,2020-08-21 13:40:46.435000,143870.0,144360.0,141820.0,141910.0,nan,143028.178557,40984,5861866870.0,20984,143880.0,5,143840.0,4,143890.0,3,143830.0,10,143900.0,41,143820.0,6,143910.0,6,143810.0,42,143930.0,4,143800.0,1
1597988446617808896,1597988446924999936,2020-08-21 13:40:46.925000,143870.0,144360.0,141820.0,141910.0,nan,143028.178557,40984,5861866870.0,20984,143880.0,5,143840.0,4,143890.0,4,143830.0,10,143900.0,41,143820.0,2,143910.0,1,143810.0,42,143930.0,4,143800.0,1
1597988447114584064,1597988447360999936,2020-08-21 13:40:47.361000,143870.0,144360.0,141820.0,141910.0,nan,143028.178557,40984,5861866870.0,20984,143880.0,6,143840.0,5,143890.0,3,143830.0,9,143900.0,51,143820.0,2,143910.0,1,143810.0,52,143930.0,4,143800.0,1
1597988447610944000,1597988447936999936,2020-08-21 13:40:47.937000,143870.0,144360.0,141820.0,141910.0,nan,143028.178557,40984,5861866870.0,20984,143880.0,6,143840.0,5,143890.0,3,143830.0,9,143900.0,46,143820.0,2,143910.0,1,143810.0,47,143930.0,4,143800.0,1
1597988448123323904,1597988448424999936,2020-08-21 13:40:48.425000,143870.0,144360.0,141820.0,141910.0,nan,143028.178557,40984,5861866870.0,20984,143880.0,6,143840.0,5,143890.0,3,143830.0,9,143900.0,51,143820.0,2,143910.0,1,143810.0,52,143930.0,4,143800.0,1
1597988448639267072,1597988448924999936,2020-08-21 13:40:48.925000,143870.0,144360.0,141820.0,141910.0,nan,143028.178557,40984,5861866870.0,20984,143880.0,6,143840.0,5,143890.0,4,143830.0,10,143900.0,55,143820.0,2,143910.0,1,143810.0,56,143930.0,4,143800.0,1
1597988449121477120,1597988449431000064,2020-08-21 13:40:49.431000,143870.0,144360.0,141820.0,141910.0,nan,143028.178557,40984,5861866870.0,20984,143880.0,6,143840.0,5,143890.0,7,143830.0,13,143900.0,54,143820.0,1,143910.0,1,143810.0,56,143930.0,4,143800.0,1
1597988449631607040,1597988449894000128,2020-08-21 13:40:49.894000,143870.0,144360.0,141820.0,141910.0,nan,143028.178557,40984,5861866870.0,20984,143870.0,1,143840.0,5,143880.0,6,143830.0,11,143890.0,5,143820.0,1,143900.0,54,143810.0,56,143910.0,1,143800.0,1
1597988450151781888,1597988450418999808,2020-08-21 13:40:50.419000,143870.0,144360.0,141820.0,141910.0,nan,143028.178557,40984,5861866870.0,20984,143870.0,1,143840.0,5,143880.0,6,143830.0,10,143890.0,4,143820.0,1,143900.0,53,143810.0,56,143910.0,1,143800.0,1
1597988450605363968,1597988450928000000,2020-08-21 13:40:50.928000,143870.0,144360.0,141820.0,141910.0,nan,143028.199097,40985,5862010740.0,20985,143880.0,6,143840.0,5,143890.0,5,143830.0,11,143900.0,53,143820.0,1,143910.0,1,143810.0,56,143930.0,4,143800.0,1
1597988451153117952,1597988451423000064,2020-08-21 13:40:51.423000,143870.0,144360.0,141820.0,141910.0,nan,143028.199097,40985,5862010740.0,20985,143880.0,6,143840.0,5,143890.0,5,143830.0,10,143900.0,53,143820.0,1,143910.0,1,143810.0,56,143930.0,4,143800.0,1
1597988451617362944,1597988451933000192,2020-08-21 13:40:51.933000,143870.0,144360.0,141820.0,141910.0,nan,143028.199097,40985,5862010740.0,20985,143880.0,6,143840.0,5,143890.0,5,143830.0,11,143900.0,54,143820.0,1,143930.0,4,143810.0,56,143940.0,3,143800.0,1
1597988452128626944,1597988452424999936,2020-08-21 13:40:52.425000,143870.0,144360.0,141820.0,141910.0,nan,143028.199097,40985,5862010740.0,20985,143880.0,6,143840.0,5,143890.0,5,143830.0,11,143900.0,54,143820.0,1,143930.0,5,143810.0,56,143940.0,3,143800.0,1
1597988453636791040,1597988453932000000,2020-08-21 13:40:53.932000,143870.0,144360.0,141820.0,141910.0,nan,143028.199097,40985,5862010740.0,20985,143880.0,6,143840.0,5,143890.0,5,143830.0,11,143900.0,49,143820.0,1,143930.0,5,143810.0,51,143940.0,3,143800.0,1
1597988454128559104,1597988454428000000,2020-08-21 13:40:54.428000,143870.0,144360.0,141820.0,141910.0,nan,143028.199097,40985,5862010740.0,20985,143880.0,6,143840.0,5,143890.0,7,143830.0,13,143900.0,54,143820.0,1,143930.0,5,143810.0,56,143940.0,3,143800.0,1
1597988454646379008,1597988454931000064,2020-08-21 13:40:54.931000,143870.0,144360.0,141820.0,141910.0,nan,143028.199097,40985,5862010740.0,20985,143880.0,6,143840.0,5,143890.0,5,143830.0,11,143900.0,54,143820.0,1,143930.0,5,143810.0,56,143940.0,3,143800.0,1
1597988455139550976,1597988455435000064,2020-08-21 13:40:55.435000,143870.0,144360.0,141820.0,141910.0,nan,143028.199097,40985,5862010740.0,20985,143870.0,1,143840.0,5,143880.0,6,143830.0,11,143890.0,5,143820.0,1,143900.0,54,143810.0,56,143930.0,5,143800.0,1
1597988455617037056,1597988455936999936,2020-08-21 13:40:55.937000,143870.0,144360.0,141820.0,141910.0,nan,143028.199097,40985,5862010740.0,20985,143870.0,1,143840.0,5,143880.0,6,143830.0,6,143890.0,4,143820.0,1,143900.0,53,143810.0,56,143930.0,5,143800.0,1
1597988456159536128,1597988456432000000,2020-08-21 13:40:56.432000,143870.0,144360.0,141820.0,141910.0,nan,143028.199097,40985,5862010740.0,20985,143870.0,1,143840.0,5,143880.0,6,143830.0,5,143890.0,5,143820.0,2,143900.0,52,143810.0,56,143930.0,5,143800.0,1
1597988456622382080,1597988456905999872,2020-08-21 13:40:56.906000,143840.0,144360.0,141820.0,141910.0,nan,143028.218904,40986,5862154580.0,20985,143860.0,1,143840.0,4,143870.0,1,143830.0,5,143880.0,6,143820.0,2,143890.0,5,143810.0,56,143900.0,52,143800.0,1
1597988457126619904,1597988457434000128,2020-08-21 13:40:57.434000,143860.0,144360.0,141820.0,141910.0,nan,143028.239198,40987,5862298440.0,20985,143870.0,5,143840.0,1,143880.0,3,143830.0,6,143890.0,3,143820.0,2,143900.0,48,143810.0,52,143930.0,5,143800.0,1
1597988457607040000,1597988457931000064,2020-08-21 13:40:57.931000,143860.0,144360.0,141820.0,141910.0,nan,143028.239198,40987,5862298440.0,20985,143870.0,3,143840.0,2,143880.0,7,143830.0,3,143890.0,3,143820.0,5,143900.0,52,143810.0,57,143930.0,5,143800.0,1
1597988458116609024,1597988458434000128,2020-08-21 13:40:58.434000,143860.0,144360.0,141820.0,141910.0,nan,143028.239198,40987,5862298440.0,20985,143870.0,3,143840.0,2,143880.0,8,143830.0,3,143890.0,2,143820.0,6,143900.0,52,143810.0,56,143930.0,5,143800.0,1
1597988459126755072,1597988459404000000,2020-08-21 13:40:59.404000,143840.0,144360.0,141820.0,141910.0,nan,143028.259003,40988,5862442280.0,20986,143870.0,3,143840.0,1,143880.0,8,143830.0,3,143890.0,2,143820.0,6,143900.0,52,143810.0,56,143930.0,5,143800.0,1
1597988459636761088,1597988459904000000,2020-08-21 13:40:59.904000,143840.0,144360.0,141820.0,141910.0,nan,143028.259003,40988,5862442280.0,20986,143870.0,4,143830.0,4,143880.0,7,143820.0,6,143890.0,2,143810.0,51,143900.0,47,143800.0,1,143930.0,5,143790.0,1
1597988460147951104,1597988460424999936,2020-08-21 13:41:00.425000,143840.0,144360.0,141820.0,141910.0,nan,143028.259003,40988,5862442280.0,20986,143870.0,4,143830.0,4,143880.0,7,143820.0,5,143890.0,10,143810.0,47,143900.0,43,143800.0,10,143930.0,5,143790.0,1
1597988460613812992,1597988460937999872,2020-08-21 13:41:00.938000,143870.0,144360.0,141820.0,141910.0,nan,143028.381227,40994,5863305460.0,20986,143870.0,2,143830.0,2,143880.0,9,143820.0,5,143890.0,10,143810.0,41,143900.0,30,143800.0,10,143930.0,5,143790.0,1
1597988461127933952,1597988461427000064,2020-08-21 13:41:01.427000,143870.0,144360.0,141820.0,141910.0,nan,143028.381227,40994,5863305460.0,20986,143870.0,1,143840.0,1,143880.0,7,143830.0,2,143890.0,12,143820.0,3,143900.0,30,143810.0,38,143930.0,5,143800.0,10
1597988461627910912,1597988461891000064,2020-08-21 13:41:01.891000,143870.0,144360.0,141820.0,141910.0,nan,143028.381227,40994,5863305460.0,20986,143870.0,1,143840.0,3,143880.0,6,143830.0,3,143890.0,10,143820.0,2,143900.0,42,143810.0,49,143930.0,5,143800.0,6
