local_nano_time,quote_nano_time,datetime,last_price,highest,lowest,open,close,average,volume,amount,open_interest,ask_price1,ask_volume1,bid_price1,bid_volume1,ask_price2,ask_volume2,bid_price2,bid_volume2,ask_price3,ask_volume3,bid_price3,bid_volume3,ask_price4,ask_volume4,bid_price4,bid_volume4,ask_price5,ask_volume5,bid_price5,bid_volume5
1597988230139549952,1597988230000000000,2020-08-21 13:37:10.000000,3968.0,3980.0,3940.0,3940.0,nan,3963.135109,122967,4873348350.0,365973,3969.0,98,3968.0,36,3970.0,64,3967.0,72,3971.0,86,3966.0,105,3972.0,135,3965.0,83,3973.0,89,3964.0,44
1597988230610099968,1597988230500000000,2020-08-21 13:37:10.500000,3968.0,3980.0,3940.0,3940.0,nan,3963.135189,122969,4873427710.0,365974,3969.0,98,3968.0,34,3970.0,64,3967.0,72,3971.0,86,3966.0,105,3972.0,135,3965.0,83,3973.0,89,3964.0,44
1597988231619095040,1597988231500000000,2020-08-21 13:37:11.500000,3968.0,3980.0,3940.0,3940.0,nan,3963.135189,122969,4873427710.0,365974,3969.0,98,3968.0,39,3970.0,64,3967.0,72,3971.0,87,3966.0,105,3972.0,134,3965.0,83,3973.0,89,3964.0,44
1597988232111428096,1597988232000000000,2020-08-21 13:37:12.000000,3968.0,3980.0,3940.0,3940.0,nan,3963.135189,122969,4873427710.0,365974,3969.0,98,3968.0,39,3970.0,64,3967.0,72,3971.0,92,3966.0,105,3972.0,134,3965.0,83,3973.0,89,3964.0,44
1597988233114031104,1597988233000000000,2020-08-21 13:37:13.000000,3968.0,3980.0,3940.0,3940.0,nan,3963.135189,122969,4873427710.0,365974,3969.0,98,3968.0,39,3970.0,64,3967.0,72,3971.0,92,3966.0,105,3972.0,134,3965.0,85,3973.0,89,3964.0,44
1597988233613861120,1597988233500000000,2020-08-21 13:37:13.500000,3968.0,3980.0,3940.0,3940.0,nan,3963.135189,122969,4873427710.0,365974,3969.0,98,3968.0,39,3970.0,59,3967.0,72,3971.0,92,3966.0,105,3972.0,134,3965.0,85,3973.0,89,3964.0,44
1597988234128239104,1597988234000000000,2020-08-21 13:37:14.000000,3968.0,3980.0,3940.0,3940.0,nan,3963.135189,122969,4873427710.0,365974,3969.0,98,3968.0,41,3970.0,59,3967.0,72,3971.0,92,3966.0,105,3972.0,134,3965.0,84,3973.0,89,3964.0,44
1597988234615486976,1597988234500000000,2020-08-21 13:37:14.500000,3968.0,3980.0,3940.0,3940.0,nan,3963.135189,122969,4873427710.0,365974,3969.0,98,3968.0,42,3970.0,59,3967.0,72,3971.0,92,3966.0,105,3972.0,134,3965.0,84,3973.0,89,3964.0,44
1597988235127782912,1597988235000000000,2020-08-21 13:37:15.000000,3968.0,3980.0,3940.0,3940.0,nan,3963.135189,122969,4873427710.0,365974,3969.0,98,3968.0,42,3970.0,58,3967.0,72,3971.0,92,3966.0,105,3972.0,134,3965.0,84,3973.0,89,3964.0,44
1597988237619981056,1597988237500000000,2020-08-21 13:37:17.500000,3969.0,3980.0,3940.0,3940.0,nan,3963.135284,122971,4873507090.0,365975,3969.0,96,3968.0,42,3970.0,59,3967.0,72,3971.0,92,3966.0,105,3972.0,134,3965.0,84,3973.0,89,3964.0,44
1597988238135564032,1597988238000000000,2020-08-21 13:37:18.000000,3968.0,3980.0,3940.0,3940.0,nan,3963.135323,122972,4873546770.0,365975,3969.0,98,3968.0,41,3970.0,59,3967.0,72,3971.0,92,3966.0,105,3972.0,132,3965.0,84,3973.0,89,3964.0,44
1597988238618688000,1597988238500000000,2020-08-21 13:37:18.500000,3968.0,3980.0,3940.0,3940.0,nan,3963.135323,122972,4873546770.0,365975,3969.0,101,3968.0,42,3970.0,59,3967.0,72,3971.0,92,3966.0,105,3972.0,132,3965.0,84,3973.0,89,3964.0,45
1597988241143720960,1597988241000000000,2020-08-21 13:37:21.000000,3968.0,3980.0,3940.0,3940.0,nan,3963.135323,122972,4873546770.0,365975,3969.0,101,3968.0,43,3970.0,59,3967.0,72,3971.0,92,3966.0,105,3972.0,132,3965.0,84,3973.0,89,3964.0,45
1597988241620813056,1597988241500000000,2020-08-21 13:37:21.500000,3968.0,3980.0,3940.0,3940.0,nan,3963.135323,122972,4873546770.0,365975,3969.0,101,3968.0,43,3970.0,59,3967.0,72,3971.0,93,3966.0,105,3972.0,132,3965.0,84,3973.0,89,3964.0,45
1597988242122459904,1597988242000000000,2020-08-21 13:37:22.000000,3968.0,3980.0,3940.0,3940.0,nan,3963.135323,122972,4873546770.0,365975,3969.0,101,3968.0,43,3970.0,59,3967.0,72,3971.0,92,3966.0,105,3972.0,132,3965.0,84,3973.0,89,3964.0,45
1597988243116558080,1597988243000000000,2020-08-21 13:37:23.000000,3968.0,3980.0,3940.0,3940.0,nan,3963.135363,122973,4873586450.0,365975,3969.0,101,3968.0,42,3970.0,59,3967.0,72,3971.0,92,3966.0,105,3972.0,132,3965.0,84,3973.0,89,3964.0,45
1597988243625840128,1597988243500000000,2020-08-21 13:37:23.500000,3969.0,3980.0,3940.0,3940.0,nan,3963.135411,122974,4873626140.0,365975,3969.0,101,3968.0,42,3970.0,59,3967.0,72,3971.0,92,3966.0,105,3972.0,132,3965.0,84,3973.0,89,3964.0,45
1597988244114899968,1597988244000000000,2020-08-21 13:37:24.000000,3969.0,3980.0,3940.0,3940.0,nan,3963.135411,122974,4873626140.0,365975,3969.0,101,3968.0,45,3970.0,59,3967.0,72,3971.0,92,3966.0,105,3972.0,132,3965.0,84,3973.0,89,3964.0,45
1597988245621531904,1597988245500000000,2020-08-21 13:37:25.500000,3969.0,3980.0,3940.0,3940.0,nan,3963.135411,122974,4873626140.0,365975,3969.0,101,3968.0,45,3970.0,59,3967.0,72,3971.0,92,3966.0,106,3972.0,132,3965.0,84,3973.0,89,3964.0,45
1597988246626819072,1597988246500000000,2020-08-21 13:37:26.500000,3969.0,3980.0,3940.0,3940.0,nan,3963.135649,122979,4873824590.0,365975,3969.0,96,3968.0,46,3970.0,59,3967.0,72,3971.0,92,3966.0,106,3972.0,132,3965.0,84,3973.0,89,3964.0,45
1597988247129362944,1597988247000000000,2020-08-21 13:37:27.000000,3969.0,3980.0,3940.0,3940.0,nan,3963.135649,122979,4873824590.0,365975,3969.0,99,3968.0,46,3970.0,59,3967.0,72,3971.0,92,3966.0,106,3972.0,132,3965.0,84,3973.0,89,3964.0,45
1597988248126786048,1597988248000000000,2020-08-21 13:37:28.000000,3969.0,3980.0,3940.0,3940.0,nan,3963.135649,122979,4873824590.0,365975,3969.0,99,3968.0,46,3970.0,59,3967.0,72,3971.0,92,3966.0,106,3972.0,132,3965.0,84,3973.0,89,3964.0,44
1597988248625285888,1597988248500000000,2020-08-21 13:37:28.500000,3969.0,3980.0,3940.0,3940.0,nan,3963.135697,122980,4873864280.0,365976,3969.0,98,3968.0,46,3970.0,59,3967.0,72,3971.0,92,3966.0,103,3972.0,132,3965.0,84,3973.0,89,3964.0,44
1597988250145989888,1597988250000000000,2020-08-21 13:37:30.000000,3969.0,3980.0,3940.0,3940.0,nan,3963.135745,122981,4873903970.0,365976,3969.0,97,3968.0,46,3970.0,58,3967.0,72,3971.0,92,3966.0,103,3972.0,132,3965.0,84,3973.0,91,3964.0,44
1597988250612969984,1597988250500000000,2020-08-21 13:37:30.500000,3969.0,3980.0,3940.0,3940.0,nan,3963.135745,122981,4873903970.0,365976,3969.0,97,3968.0,46,3970.0,58,3967.0,72,3971.0,93,3966.0,103,3972.0,132,3965.0,84,3973.0,91,3964.0,44
1597988251629244928,1597988251500000000,2020-08-21 13:37:31.500000,3969.0,3980.0,3940.0,3940.0,nan,3963.135745,122981,4873903970.0,365976,3969.0,97,3968.0,46,3970.0,58,3967.0,72,3971.0,93,3966.0,103,3972.0,132,3965.0,84,3973.0,91,3964.0,43
1597988252143600128,1597988252000000000,2020-08-21 13:37:32.000000,3969.0,3980.0,3940.0,3940.0,nan,3963.135745,122981,4873903970.0,365976,3969.0,97,3968.0,46,3970.0,60,3967.0,72,3971.0,93,3966.0,103,3972.0,132,3965.0,84,3973.0,91,3964.0,43
1597988252627098880,1597988252500000000,2020-08-21 13:37:32.500000,3968.0,3980.0,3940.0,3940.0,nan,3963.135942,122986,4874102370.0,365976,3969.0,97,3968.0,44,3970.0,60,3967.0,72,3971.0,93,3966.0,103,3972.0,132,3965.0,84,3973.0,91,3964.0,43
1597988253158415104,1597988253000000000,2020-08-21 13:37:33.000000,3969.0,3980.0,3940.0,3940.0,nan,3963.13599,122987,4874142060.0,365975,3969.0,96,3968.0,45,3970.0,60,3967.0,72,3971.0,93,3966.0,103,3972.0,132,3965.0,84,3973.0,91,3964.0,43
1597988253609777920,1597988253500000000,2020-08-21 13:37:33.500000,3969.0,3980.0,3940.0,3940.0,nan,3963.13599,122987,4874142060.0,365975,3969.0,97,3968.0,45,3970.0,60,3967.0,72,3971.0,93,3966.0,103,3972.0,132,3965.0,84,3973.0,91,3964.0,43
1597988254118633984,1597988254000000000,2020-08-21 13:37:34.000000,3969.0,3980.0,3940.0,3940.0,nan,3963.136133,122990,4874261130.0,365975,3969.0,94,3968.0,45,3970.0,58,3967.0,72,3971.0,97,3966.0,103,3972.0,132,3965.0,84,3973.0,91,3964.0,43
1597988256132477952,1597988256000000000,2020-08-21 13:37:36.000000,3969.0,3980.0,3940.0,3940.0,nan,3963.136133,122990,4874261130.0,365975,3969.0,94,3968.0,47,3970.0,58,3967.0,72,3971.0,97,3966.0,103,3972.0,142,3965.0,84,3973.0,91,3964.0,43
1597988256630883072,1597988256500000000,2020-08-21 13:37:36.500000,3969.0,3980.0,3940.0,3940.0,nan,3963.136133,122990,4874261130.0,365975,3969.0,94,3968.0,48,3970.0,58,3967.0,72,3971.0,97,3966.0,103,3972.0,142,3965.0,84,3973.0,91,3964.0,43
1597988257114098944,1597988257000000000,2020-08-21 13:37:37.000000,3969.0,3980.0,3940.0,3940.0,nan,3963.136133,122990,4874261130.0,365975,3969.0,94,3968.0,49,3970.0,58,3967.0,72,3971.0,97,3966.0,103,3972.0,142,3965.0,85,3973.0,91,3964.0,43
1597988257610969088,1597988257500000000,2020-08-21 13:37:37.500000,3968.0,3980.0,3940.0,3940.0,nan,3963.136173,122991,4874300810.0,365976,3969.0,94,3968.0,48,3970.0,58,3967.0,72,3971.0,97,3966.0,103,3972.0,142,3965.0,85,3973.0,91,3964.0,43
1597988258600553984,1597988258500000000,2020-08-21 13:37:38.500000,3968.0,3980.0,3940.0,3940.0,nan,3963.136173,122991,4874300810.0,365976,3969.0,95,3968.0,48,3970.0,58,3967.0,72,3971.0,97,3966.0,103,3972.0,142,3965.0,85,3973.0,91,3964.0,43
1597988260116292096,1597988260000000000,2020-08-21 13:37:40.000000,3968.0,3980.0,3940.0,3940.0,nan,3963.136252,122993,4874380170.0,365978,3969.0,95,3968.0,46,3970.0,58,3967.0,72,3971.0,97,3966.0,103,3972.0,142,3965.0,85,3973.0,91,3964.0,43
1597988260619469056,1597988260500000000,2020-08-21 13:37:40.500000,3968.0,3980.0,3940.0,3940.0,nan,3963.136252,122993,4874380170.0,365978,3969.0,95,3968.0,46,3970.0,58,3967.0,72,3971.0,97,3966.0,103,3972.0,140,3965.0,85,3973.0,91,3964.0,43
1597988261144777984,1597988261000000000,2020-08-21 13:37:41.000000,3968.0,3980.0,3940.0,3940.0,nan,3963.136291,122994,4874419850.0,365979,3969.0,96,3968.0,45,3970.0,58,3967.0,72,3971.0,97,3966.0,103,3972.0,140,3965.0,85,3973.0,91,3964.0,43
1597988261600806912,1597988261500000000,2020-08-21 13:37:41.500000,3968.0,3980.0,3940.0,3940.0,nan,3963.136291,122994,4874419850.0,365979,3969.0,98,3968.0,45,3970.0,58,3967.0,72,3971.0,97,3966.0,103,3972.0,140,3965.0,85,3973.0,91,3964.0,43
1597988262118038016,1597988262000000000,2020-08-21 13:37:42.000000,3968.0,3980.0,3940.0,3940.0,nan,3963.136291,122994,4874419850.0,365979,3969.0,98,3968.0,45,3970.0,58,3967.0,72,3971.0,97,3966.0,103,3972.0,140,3965.0,85,3973.0,91,3964.0,42
1597988262631974912,1597988262500000000,2020-08-21 13:37:42.500000,3968.0,3980.0,3940.0,3940.0,nan,3963.136291,122994,4874419850.0,365979,3969.0,99,3968.0,45,3970.0,58,3967.0,72,3971.0,97,3966.0,103,3972.0,140,3965.0,85,3973.0,91,3964.0,42
1597988264119792128,1597988264000000000,2020-08-21 13:37:44.000000,3968.0,3980.0,3940.0,3940.0,nan,3963.136291,122994,4874419850.0,365979,3969.0,100,3968.0,45,3970.0,58,3967.0,72,3971.0,97,3966.0,103,3972.0,139,3965.0,85,3973.0,91,3964.0,42
1597988264616823040,1597988264500000000,2020-08-21 13:37:44.500000,3968.0,3980.0,3940.0,3940.0,nan,3963.136291,122994,4874419850.0,365979,3969.0,97,3968.0,45,3970.0,58,3967.0,72,3971.0,97,3966.0,103,3972.0,139,3965.0,85,3973.0,91,3964.0,42
1597988265135147008,1597988265000000000,2020-08-21 13:37:45.000000,3969.0,3980.0,3940.0,3940.0,nan,3963.13653,122999,4874618300.0,365980,3969.0,92,3968.0,53,3970.0,58,3967.0,72,3971.0,97,3966.0,103,3972.0,139,3965.0,85,3973.0,91,3964.0,42
1597988265610808064,1597988265500000000,2020-08-21 13:37:45.500000,3969.0,3980.0,3940.0,3940.0,nan,3963.13653,122999,4874618300.0,365980,3969.0,89,3968.0,65,3970.0,58,3967.0,79,3971.0,97,3966.0,104,3972.0,139,3965.0,85,3973.0,91,3964.0,42
1597988266134332928,1597988266000000000,2020-08-21 13:37:46.000000,3969.0,3980.0,3940.0,3940.0,nan,3963.13653,122999,4874618300.0,365980,3969.0,90,3968.0,62,3970.0,58,3967.0,79,3971.0,97,3966.0,104,3972.0,139,3965.0,85,3973.0,91,3964.0,42
1597988267134907904,1597988267000000000,2020-08-21 13:37:47.000000,3968.0,3980.0,3940.0,3940.0,nan,3963.136569,123000,4874657980.0,365980,3969.0,90,3968.0,61,3970.0,58,3967.0,79,3971.0,96,3966.0,104,3972.0,139,3965.0,80,3973.0,91,3964.0,42
1597988268619267072,1597988268500000000,2020-08-21 13:37:48.500000,3968.0,3980.0,3940.0,3940.0,nan,3963.136569,123000,4874657980.0,365980,3969.0,92,3968.0,61,3970.0,58,3967.0,79,3971.0,96,3966.0,104,3972.0,139,3965.0,80,3973.0,91,3964.0,42
1597988269622240000,1597988269500000000,2020-08-21 13:37:49.500000,3969.0,3980.0,3940.0,3940.0,nan,3963.136617,123001,4874697670.0,365981,3969.0,93,3968.0,52,3970.0,58,3967.0,79,3971.0,96,3966.0,104,3972.0,139,3965.0,80,3973.0,91,3964.0,42
1597988270144396032,1597988270000000000,2020-08-21 13:37:50.000000,3969.0,3980.0,3940.0,3940.0,nan,3963.136617,123001,4874697670.0,365981,3969.0,93,3968.0,54,3970.0,59,3967.0,79,3971.0,96,3966.0,104,3972.0,139,3965.0,80,3973.0,91,3964.0,42
1597988270607323904,1597988270500000000,2020-08-21 13:37:50.500000,3969.0,3980.0,3940.0,3940.0,nan,3963.136617,123001,4874697670.0,365981,3969.0,93,3968.0,54,3970.0,61,3967.0,79,3971.0,95,3966.0,104,3972.0,139,3965.0,80,3973.0,91,3964.0,42
1597988271143294976,1597988271000000000,2020-08-21 13:37:51.000000,3969.0,3980.0,3940.0,3940.0,nan,3963.136617,123001,4874697670.0,365981,3969.0,96,3968.0,54,3970.0,61,3967.0,79,3971.0,95,3966.0,104,3972.0,139,3965.0,80,3973.0,91,3964.0,42
1597988272614408960,1597988272500000000,2020-08-21 13:37:52.500000,3969.0,3980.0,3940.0,3940.0,nan,3963.136895,123007,4874935800.0,365986,3969.0,91,3968.0,53,3970.0,61,3967.0,84,3971.0,95,3966.0,104,3972.0,139,3965.0,80,3973.0,91,3964.0,42
1597988273601584128,1597988273500000000,2020-08-21 13:37:53.500000,3969.0,3980.0,3940.0,3940.0,nan,3963.136895,123007,4874935800.0,365986,3969.0,90,3968.0,53,3970.0,61,3967.0,83,3971.0,95,3966.0,104,3972.0,139,3965.0,80,3973.0,91,3964.0,42
1597988274140755968,1597988274000000000,2020-08-21 13:37:54.000000,3969.0,3980.0,3940.0,3940.0,nan,3963.136942,123008,4874975490.0,365987,3969.0,89,3968.0,53,3970.0,61,3967.0,83,3971.0,95,3966.0,104,3972.0,139,3965.0,80,3973.0,91,3964.0,42
1597988276140207104,1597988276000000000,2020-08-21 13:37:56.000000,3968.0,3980.0,3940.0,3940.0,nan,3963.139037,123061,4877078530.0,366009,3968.0,847,3967.0,83,3969.0,97,3966.0,104,3970.0,61,3965.0,80,3971.0,94,3964.0,42,3972.0,139,3963.0,38
1597988276806586880,1597988276500000000,2020-08-21 13:37:56.500000,3966.0,3980.0,3940.0,3940.0,nan,3963.141496,123141,4880252070.0,366024,3968.0,854,3967.0,6,3969.0,101,3966.0,93,3970.0,61,3965.0,80,3971.0,94,3964.0,42,3972.0,139,3963.0,42
1597988277221693952,1597988277000000000,2020-08-21 13:37:57.000000,3967.0,3980.0,3940.0,3940.0,nan,3963.141747,123149,4880569430.0,366025,3967.0,1,3966.0,93,3968.0,854,3965.0,80,3969.0,114,3964.0,42,3970.0,61,3963.0,42,3971.0,94,3962.0,172
1597988277622878976,1597988277500000000,2020-08-21 13:37:57.500000,3966.0,3980.0,3940.0,3940.0,nan,3963.141802,123151,4880648760.0,366027,3967.0,7,3966.0,86,3968.0,851,3965.0,74,3969.0,134,3964.0,42,3970.0,61,3963.0,48,3971.0,94,3962.0,172
1597988278116465920,1597988278000000000,2020-08-21 13:37:58.000000,3966.0,3980.0,3940.0,3940.0,nan,3963.141802,123151,4880648760.0,366027,3967.0,23,3966.0,86,3968.0,851,3965.0,74,3969.0,134,3964.0,42,3970.0,61,3963.0,50,3971.0,94,3962.0,172
1597988279148802048,1597988279000000000,2020-08-21 13:37:59.000000,3966.0,3980.0,3940.0,3940.0,nan,3963.141802,123151,4880648760.0,366027,3967.0,44,3966.0,80,3968.0,851,3965.0,74,3969.0,133,3964.0,42,3970.0,61,3963.0,50,3971.0,94,3962.0,172
1597988280616109056,1597988280500000000,2020-08-21 13:38:00.500000,3966.0,3980.0,3940.0,3940.0,nan,3963.141802,123151,4880648760.0,366027,3967.0,48,3966.0,80,3968.0,855,3965.0,74,3969.0,133,3964.0,42,3970.0,61,3963.0,50,3971.0,94,3962.0,172
1597988281131290112,1597988281000000000,2020-08-21 13:38:01.000000,3966.0,3980.0,3940.0,3940.0,nan,3963.141802,123151,4880648760.0,366027,3967.0,51,3966.0,80,3968.0,855,3965.0,78,3969.0,133,3964.0,42,3970.0,62,3963.0,50,3971.0,94,3962.0,172
1597988281613656064,1597988281500000000,2020-08-21 13:38:01.500000,3966.0,3980.0,3940.0,3940.0,nan,3963.141802,123151,4880648760.0,366027,3967.0,55,3966.0,74,3968.0,855,3965.0,78,3969.0,133,3964.0,42,3970.0,62,3963.0,50,3971.0,94,3962.0,172
1597988282146238976,1597988282000000000,2020-08-21 13:38:02.000000,3966.0,3980.0,3940.0,3940.0,nan,3963.141802,123151,4880648760.0,366027,3967.0,57,3966.0,74,3968.0,855,3965.0,79,3969.0,133,3964.0,42,3970.0,62,3963.0,50,3971.0,94,3962.0,172
1597988282622637056,1597988282500000000,2020-08-21 13:38:02.500000,3966.0,3980.0,3940.0,3940.0,nan,3963.141802,123151,4880648760.0,366027,3967.0,57,3966.0,77,3968.0,855,3965.0,79,3969.0,133,3964.0,42,3970.0,62,3963.0,50,3971.0,94,3962.0,172
1597988283120283904,1597988283000000000,2020-08-21 13:38:03.000000,3966.0,3980.0,3940.0,3940.0,nan,3963.141802,123151,4880648760.0,366027,3967.0,57,3966.0,77,3968.0,855,3965.0,79,3969.0,128,3964.0,42,3970.0,62,3963.0,50,3971.0,94,3962.0,172
1597988283617707008,1597988283500000000,2020-08-21 13:38:03.500000,3966.0,3980.0,3940.0,3940.0,nan,3963.141802,123151,4880648760.0,366027,3967.0,57,3966.0,80,3968.0,855,3965.0,79,3969.0,128,3964.0,42,3970.0,62,3963.0,50,3971.0,94,3962.0,172
1597988284616502016,1597988284500000000,2020-08-21 13:38:04.500000,3966.0,3980.0,3940.0,3940.0,nan,3963.141802,123151,4880648760.0,366027,3967.0,57,3966.0,98,3968.0,855,3965.0,79,3969.0,128,3964.0,42,3970.0,62,3963.0,50,3971.0,94,3962.0,172
1597988285121932032,1597988285000000000,2020-08-21 13:38:05.000000,3966.0,3980.0,3940.0,3940.0,nan,3963.141802,123151,4880648760.0,366027,3967.0,58,3966.0,100,3968.0,855,3965.0,79,3969.0,128,3964.0,42,3970.0,62,3963.0,50,3971.0,94,3962.0,172
1597988286143750912,1597988286000000000,2020-08-21 13:38:06.000000,3966.0,3980.0,3940.0,3940.0,nan,3963.141825,123152,4880688420.0,366026,3967.0,58,3966.0,99,3968.0,856,3965.0,79,3969.0,128,3964.0,42,3970.0,61,3963.0,50,3971.0,94,3962.0,172
1597988286629022976,1597988286500000000,2020-08-21 13:38:06.500000,3966.0,3980.0,3940.0,3940.0,nan,3963.141825,123152,4880688420.0,366026,3967.0,60,3966.0,99,3968.0,857,3965.0,79,3969.0,128,3964.0,42,3970.0,61,3963.0,50,3971.0,94,3962.0,172
1597988287125859072,1597988287000000000,2020-08-21 13:38:07.000000,3966.0,3980.0,3940.0,3940.0,nan,3963.141848,123153,4880728080.0,366025,3967.0,64,3966.0,98,3968.0,857,3965.0,79,3969.0,128,3964.0,42,3970.0,61,3963.0,50,3971.0,94,3962.0,172
1597988288604514048,1597988288500000000,2020-08-21 13:38:08.500000,3966.0,3980.0,3940.0,3940.0,nan,3963.141848,123153,4880728080.0,366025,3967.0,64,3966.0,98,3968.0,857,3965.0,81,3969.0,128,3964.0,42,3970.0,61,3963.0,50,3971.0,94,3962.0,172
1597988289632176128,1597988289500000000,2020-08-21 13:38:09.500000,3966.0,3980.0,3940.0,3940.0,nan,3963.141848,123153,4880728080.0,366025,3967.0,64,3966.0,98,3968.0,857,3965.0,81,3969.0,129,3964.0,42,3970.0,61,3963.0,50,3971.0,94,3962.0,172
1597988290114575872,1597988290000000000,2020-08-21 13:38:10.000000,3966.0,3980.0,3940.0,3940.0,nan,3963.141848,123153,4880728080.0,366025,3967.0,65,3966.0,98,3968.0,857,3965.0,81,3969.0,129,3964.0,42,3970.0,61,3963.0,50,3971.0,94,3962.0,172
1597988290601256960,1597988290500000000,2020-08-21 13:38:10.500000,3967.0,3980.0,3940.0,3940.0,nan,3963.141879,123154,4880767750.0,366024,3967.0,64,3966.0,98,3968.0,857,3965.0,81,3969.0,129,3964.0,42,3970.0,61,3963.0,50,3971.0,94,3962.0,172
1597988291119309056,1597988291000000000,2020-08-21 13:38:11.000000,3967.0,3980.0,3940.0,3940.0,nan,3963.141879,123154,4880767750.0,366024,3967.0,43,3966.0,98,3968.0,857,3965.0,81,3969.0,129,3964.0,42,3970.0,61,3963.0,50,3971.0,91,3962.0,172
1597988291620721920,1597988291500000000,2020-08-21 13:38:11.500000,3967.0,3980.0,3940.0,3940.0,nan,3963.141879,123154,4880767750.0,366024,3967.0,43,3966.0,98,3968.0,856,3965.0,81,3969.0,129,3964.0,42,3970.0,64,3963.0,50,3971.0,91,3962.0,172
1597988292154117120,1597988292000000000,2020-08-21 13:38:12.000000,3967.0,3980.0,3940.0,3940.0,nan,3963.141879,123154,4880767750.0,366024,3967.0,43,3966.0,98,3968.0,857,3965.0,81,3969.0,129,3964.0,42,3970.0,64,3963.0,50,3971.0,91,3962.0,172
1597988292611089920,1597988292500000000,2020-08-21 13:38:12.500000,3966.0,3980.0,3940.0,3940.0,nan,3963.141902,123155,4880807410.0,366024,3967.0,43,3966.0,97,3968.0,857,3965.0,81,3969.0,129,3964.0,42,3970.0,64,3963.0,50,3971.0,91,3962.0,172
1597988293123090944,1597988293000000000,2020-08-21 13:38:13.000000,3967.0,3980.0,3940.0,3940.0,nan,3963.141965,123157,4880886750.0,366023,3967.0,44,3966.0,97,3968.0,857,3965.0,81,3969.0,129,3964.0,42,3970.0,64,3963.0,50,3971.0,91,3962.0,172
1597988294141441024,1597988294000000000,2020-08-21 13:38:14.000000,3967.0,3980.0,3940.0,3940.0,nan,3963.141996,123158,4880926420.0,366023,3967.0,46,3966.0,99,3968.0,857,3965.0,81,3969.0,129,3964.0,42,3970.0,64,3963.0,50,3971.0,91,3962.0,172
1597988294609938944,1597988294500000000,2020-08-21 13:38:14.500000,3967.0,3980.0,3940.0,3940.0,nan,3963.141996,123158,4880926420.0,366023,3967.0,46,3966.0,99,3968.0,857,3965.0,81,3969.0,129,3964.0,43,3970.0,65,3963.0,50,3971.0,91,3962.0,172
1597988295616457984,1597988295500000000,2020-08-21 13:38:15.500000,3967.0,3980.0,3940.0,3940.0,nan,3963.141996,123158,4880926420.0,366023,3967.0,46,3966.0,99,3968.0,857,3965.0,80,3969.0,129,3964.0,43,3970.0,65,3963.0,50,3971.0,91,3962.0,172
1597988296113964032,1597988296000000000,2020-08-21 13:38:16.000000,3967.0,3980.0,3940.0,3940.0,nan,3963.141996,123158,4880926420.0,366023,3967.0,46,3966.0,102,3968.0,859,3965.0,80,3969.0,128,3964.0,43,3970.0,65,3963.0,50,3971.0,91,3962.0,172
1597988296617979904,1597988296500000000,2020-08-21 13:38:16.500000,3967.0,3980.0,3940.0,3940.0,nan,3963.141996,123158,4880926420.0,366023,3967.0,46,3966.0,105,3968.0,859,3965.0,80,3969.0,128,3964.0,43,3970.0,65,3963.0,50,3971.0,91,3962.0,172
1597988297151022080,1597988297000000000,2020-08-21 13:38:17.000000,3967.0,3980.0,3940.0,3940.0,nan,3963.141996,123158,4880926420.0,366023,3967.0,46,3966.0,105,3968.0,859,3965.0,90,3969.0,128,3964.0,43,3970.0,65,3963.0,50,3971.0,91,3962.0,172
1597988297624583936,1597988297500000000,2020-08-21 13:38:17.500000,3967.0,3980.0,3940.0,3940.0,nan,3963.141996,123158,4880926420.0,366023,3967.0,46,3966.0,108,3968.0,859,3965.0,90,3969.0,128,3964.0,43,3970.0,65,3963.0,50,3971.0,91,3962.0,172
1597988298135350016,1597988298000000000,2020-08-21 13:38:18.000000,3967.0,3980.0,3940.0,3940.0,nan,3963.141996,123158,4880926420.0,366023,3967.0,46,3966.0,108,3968.0,859,3965.0,90,3969.0,127,3964.0,43,3970.0,65,3963.0,50,3971.0,91,3962.0,172
1597988298624024064,1597988298500000000,2020-08-21 13:38:18.500000,3967.0,3980.0,3940.0,3940.0,nan,3963.141996,123158,4880926420.0,366023,3967.0,46,3966.0,111,3968.0,859,3965.0,90,3969.0,127,3964.0,43,3970.0,65,3963.0,50,3971.0,91,3962.0,172
1597988299131706112,1597988299000000000,2020-08-21 13:38:19.000000,3967.0,3980.0,3940.0,3940.0,nan,3963.141996,123158,4880926420.0,366023,3967.0,46,3966.0,112,3968.0,859,3965.0,90,3969.0,127,3964.0,43,3970.0,65,3963.0,50,3971.0,91,3962.0,172
1597988299622417920,1597988299500000000,2020-08-21 13:38:19.500000,3967.0,3980.0,3940.0,3940.0,nan,3963.142153,123163,4881124770.0,366028,3967.0,41,3966.0,112,3968.0,859,3965.0,90,3969.0,127,3964.0,43,3970.0,65,3963.0,50,3971.0,91,3962.0,172
1597988300147227904,1597988300000000000,2020-08-21 13:38:20.000000,3967.0,3980.0,3940.0,3940.0,nan,3963.142153,123163,4881124770.0,366028,3967.0,39,3966.0,111,3968.0,859,3965.0,90,3969.0,127,3964.0,43,3970.0,65,3963.0,50,3971.0,91,3962.0,172
1597988301441963008,1597988301000000000,2020-08-21 13:38:21.000000,3967.0,3980.0,3940.0,3940.0,nan,3963.142153,123163,4881124770.0,366028,3967.0,40,3966.0,111,3968.0,859,3965.0,90,3969.0,127,3964.0,43,3970.0,65,3963.0,50,3971.0,91,3962.0,172
1597988302139418112,1597988302000000000,2020-08-21 13:38:22.000000,3967.0,3980.0,3940.0,3940.0,nan,3963.142372,123170,4881402460.0,366028,3967.0,33,3966.0,111,3968.0,859,3965.0,90,3969.0,127,3964.0,43,3970.0,65,3963.0,50,3971.0,91,3962.0,172
1597988303603062016,1597988303500000000,2020-08-21 13:38:23.500000,3967.0,3980.0,3940.0,3940.0,nan,3963.14259,123178,4881719780.0,366032,3967.0,29,3966.0,107,3968.0,859,3965.0,90,3969.0,127,3964.0,43,3970.0,65,3963.0,50,3971.0,91,3962.0,172
1597988304152759040,1597988304000000000,2020-08-21 13:38:24.000000,3967.0,3980.0,3940.0,3940.0,nan,3963.142769,123185,4881997420.0,366032,3967.0,27,3966.0,102,3968.0,859,3965.0,90,3969.0,127,3964.0,43,3970.0,65,3963.0,50,3971.0,91,3962.0,172
1597988304620233984,1597988304500000000,2020-08-21 13:38:24.500000,3967.0,3980.0,3940.0,3940.0,nan,3963.142769,123185,4881997420.0,366032,3967.0,27,3966.0,103,3968.0,859,3965.0,89,3969.0,127,3964.0,43,3970.0,65,3963.0,50,3971.0,91,3962.0,172
1597988305110509056,1597988305000000000,2020-08-21 13:38:25.000000,3967.0,3980.0,3940.0,3940.0,nan,3963.142769,123185,4881997420.0,366032,3967.0,27,3966.0,103,3968.0,459,3965.0,89,3969.0,127,3964.0,43,3970.0,65,3963.0,50,3971.0,91,3962.0,172
1597988305616890880,1597988305500000000,2020-08-21 13:38:25.500000,3967.0,3980.0,3940.0,3940.0,nan,3963.145116,123260,4884972670.0,366008,3968.0,459,3966.0,103,3969.0,127,3965.0,89,3970.0,65,3964.0,43,3971.0,91,3963.0,50,3972.0,132,3962.0,172
1597988306144732928,1597988306000000000,2020-08-21 13:38:26.000000,3967.0,3980.0,3940.0,3940.0,nan,3963.145147,123261,4885012340.0,366008,3968.0,469,3967.0,8,3969.0,127,3966.0,123,3970.0,65,3965.0,89,3971.0,91,3964.0,43,3972.0,132,3963.0,50
1597988306614000896,1597988306500000000,2020-08-21 13:38:26.500000,3967.0,3980.0,3940.0,3940.0,nan,3963.145147,123261,4885012340.0,366008,3968.0,453,3967.0,18,3969.0,127,3966.0,119,3970.0,65,3965.0,89,3971.0,87,3964.0,43,3972.0,132,3963.0,50
1597988307109643008,1597988307000000000,2020-08-21 13:38:27.000000,3967.0,3980.0,3940.0,3940.0,nan,3963.145147,123261,4885012340.0,366008,3968.0,453,3967.0,47,3969.0,127,3966.0,122,3970.0,65,3965.0,89,3971.0,87,3964.0,43,3972.0,132,3963.0,50
1597988307622963968,1597988307500000000,2020-08-21 13:38:27.500000,3967.0,3980.0,3940.0,3940.0,nan,3963.145147,123261,4885012340.0,366008,3968.0,7,3967.0,77,3969.0,123,3966.0,122,3970.0,65,3965.0,89,3971.0,87,3964.0,43,3972.0,132,3963.0,50
1597988308120270080,1597988308000000000,2020-08-21 13:38:28.000000,3968.0,3980.0,3940.0,3940.0,nan,3963.145462,123269,4885329780.0,366004,3969.0,123,3968.0,121,3970.0,65,3967.0,85,3971.0,87,3966.0,127,3972.0,132,3965.0,89,3973.0,70,3964.0,43
1597988308628400128,1597988308500000000,2020-08-21 13:38:28.500000,3968.0,3980.0,3940.0,3940.0,nan,3963.145541,123271,4885409140.0,366004,3969.0,79,3968.0,124,3970.0,61,3967.0,89,3971.0,87,3966.0,124,3972.0,136,3965.0,89,3973.0,70,3964.0,43
1597988309157671936,1597988309000000000,2020-08-21 13:38:29.000000,3968.0,3980.0,3940.0,3940.0,nan,3963.14562,123273,4885488500.0,366003,3969.0,79,3968.0,137,3970.0,61,3967.0,92,3971.0,86,3966.0,112,3972.0,136,3965.0,89,3973.0,70,3964.0,43
1597988309692329984,1597988309500000000,2020-08-21 13:38:29.500000,3968.0,3980.0,3940.0,3940.0,nan,3963.14562,123273,4885488500.0,366003,3969.0,79,3968.0,137,3970.0,61,3967.0,92,3971.0,86,3966.0,106,3972.0,136,3965.0,89,3973.0,70,3964.0,43
1597988310207528960,1597988310000000000,2020-08-21 13:38:30.000000,3968.0,3980.0,3940.0,3940.0,nan,3963.145659,123274,4885528180.0,366003,3969.0,79,3968.0,136,3970.0,61,3967.0,92,3971.0,86,3966.0,106,3972.0,136,3965.0,89,3973.0,70,3964.0,43
1597988310611260928,1597988310500000000,2020-08-21 13:38:30.500000,3968.0,3980.0,3940.0,3940.0,nan,3963.145659,123274,4885528180.0,366003,3969.0,79,3968.0,139,3970.0,61,3967.0,92,3971.0,86,3966.0,106,3972.0,136,3965.0,89,3973.0,70,3964.0,43
1597988311109067008,1597988311000000000,2020-08-21 13:38:31.000000,3968.0,3980.0,3940.0,3940.0,nan,3963.145659,123274,4885528180.0,366003,3969.0,79,3968.0,142,3970.0,61,3967.0,92,3971.0,86,3966.0,106,3972.0,136,3965.0,89,3973.0,70,3964.0,43
1597988311606390016,1597988311500000000,2020-08-21 13:38:31.500000,3968.0,3980.0,3940.0,3940.0,nan,3963.145659,123274,4885528180.0,366003,3969.0,79,3968.0,148,3970.0,65,3967.0,92,3971.0,86,3966.0,106,3972.0,136,3965.0,89,3973.0,70,3964.0,43
1597988312143472896,1597988312000000000,2020-08-21 13:38:32.000000,3968.0,3980.0,3940.0,3940.0,nan,3963.145659,123274,4885528180.0,366003,3969.0,79,3968.0,166,3970.0,65,3967.0,92,3971.0,86,3966.0,106,3972.0,136,3965.0,89,3973.0,70,3964.0,43
1597988312621713920,1597988312500000000,2020-08-21 13:38:32.500000,3968.0,3980.0,3940.0,3940.0,nan,3963.145659,123274,4885528180.0,366003,3969.0,79,3968.0,169,3970.0,65,3967.0,92,3971.0,86,3966.0,106,3972.0,136,3965.0,89,3973.0,70,3964.0,43
1597988314122332928,1597988314000000000,2020-08-21 13:38:34.000000,3968.0,3980.0,3940.0,3940.0,nan,3963.145659,123274,4885528180.0,366003,3969.0,79,3968.0,172,3970.0,66,3967.0,92,3971.0,86,3966.0,106,3972.0,136,3965.0,89,3973.0,70,3964.0,43
1597988315158138112,1597988315000000000,2020-08-21 13:38:35.000000,3968.0,3980.0,3940.0,3940.0,nan,3963.145659,123274,4885528180.0,366003,3969.0,81,3968.0,173,3970.0,66,3967.0,92,3971.0,86,3966.0,106,3972.0,136,3965.0,89,3973.0,70,3964.0,43
1597988315690726912,1597988315500000000,2020-08-21 13:38:35.500000,3968.0,3980.0,3940.0,3940.0,nan,3963.145659,123274,4885528180.0,366003,3969.0,80,3968.0,173,3970.0,66,3967.0,92,3971.0,87,3966.0,106,3972.0,136,3965.0,89,3973.0,70,3964.0,43
1597988316142844928,1597988316000000000,2020-08-21 13:38:36.000000,3968.0,3980.0,3940.0,3940.0,nan,3963.145659,123274,4885528180.0,366003,3969.0,80,3968.0,173,3970.0,66,3967.0,92,3971.0,87,3966.0,100,3972.0,136,3965.0,89,3973.0,70,3964.0,43
1597988316617459968,1597988316500000000,2020-08-21 13:38:36.500000,3968.0,3980.0,3940.0,3940.0,nan,3963.145659,123274,4885528180.0,366003,3969.0,80,3968.0,173,3970.0,66,3967.0,86,3971.0,87,3966.0,100,3972.0,136,3965.0,89,3973.0,70,3964.0,43
1597988317139792896,1597988317000000000,2020-08-21 13:38:37.000000,3968.0,3980.0,3940.0,3940.0,nan,3963.145659,123274,4885528180.0,366003,3969.0,81,3968.0,191,3970.0,66,3967.0,86,3971.0,87,3966.0,100,3972.0,136,3965.0,89,3973.0,70,3964.0,43
1597988317639750912,1597988317500000000,2020-08-21 13:38:37.500000,3969.0,3980.0,3940.0,3940.0,nan,3963.145707,123275,4885567870.0,366003,3969.0,80,3968.0,191,3970.0,68,3967.0,82,3971.0,87,3966.0,100,3972.0,136,3965.0,89,3973.0,70,3964.0,43
1597988318182297088,1597988318000000000,2020-08-21 13:38:38.000000,3969.0,3980.0,3940.0,3940.0,nan,3963.147604,123323,4887472520.0,366017,3969.0,79,3968.0,150,3970.0,68,3967.0,82,3971.0,87,3966.0,100,3972.0,136,3965.0,89,3973.0,70,3964.0,43
1597988318611244032,1597988318500000000,2020-08-21 13:38:38.500000,3969.0,3980.0,3940.0,3940.0,nan,3963.147604,123323,4887472520.0,366017,3969.0,79,3968.0,150,3970.0,66,3967.0,82,3971.0,87,3966.0,100,3972.0,136,3965.0,89,3973.0,70,3964.0,43
1597988319622123008,1597988319500000000,2020-08-21 13:38:39.500000,3968.0,3980.0,3940.0,3940.0,nan,3963.147801,123328,4887670920.0,366012,3969.0,79,3968.0,145,3970.0,66,3967.0,82,3971.0,87,3966.0,100,3972.0,136,3965.0,89,3973.0,70,3964.0,43
1597988320123202048,1597988320000000000,2020-08-21 13:38:40.000000,3969.0,3980.0,3940.0,3940.0,nan,3963.147943,123331,4887789990.0,366015,3969.0,76,3968.0,145,3970.0,66,3967.0,82,3971.0,87,3966.0,100,3972.0,136,3965.0,89,3973.0,70,3964.0,43
1597988321134509056,1597988321000000000,2020-08-21 13:38:41.000000,3968.0,3980.0,3940.0,3940.0,nan,3963.148573,123347,4888424870.0,366001,3969.0,76,3968.0,129,3970.0,66,3967.0,82,3971.0,87,3966.0,100,3972.0,136,3965.0,89,3973.0,70,3964.0,43
1597988321622246912,1597988321500000000,2020-08-21 13:38:41.500000,3969.0,3980.0,3940.0,3940.0,nan,3963.148659,123349,4888504240.0,366002,3969.0,75,3968.0,128,3970.0,66,3967.0,82,3971.0,87,3966.0,100,3972.0,136,3965.0,89,3973.0,70,3964.0,43
1597988322606888960,1597988322500000000,2020-08-21 13:38:42.500000,3969.0,3980.0,3940.0,3940.0,nan,3963.148659,123349,4888504240.0,366002,3969.0,78,3968.0,128,3970.0,66,3967.0,82,3971.0,87,3966.0,100,3972.0,136,3965.0,89,3973.0,70,3964.0,43
1597988323135579904,1597988323000000000,2020-08-21 13:38:43.000000,3968.0,3980.0,3940.0,3940.0,nan,3963.148699,123350,4888543920.0,366002,3969.0,78,3968.0,127,3970.0,66,3967.0,82,3971.0,87,3966.0,99,3972.0,136,3965.0,89,3973.0,70,3964.0,43
1597988323623800064,1597988323500000000,2020-08-21 13:38:43.500000,3968.0,3980.0,3940.0,3940.0,nan,3963.148856,123354,4888702640.0,366002,3969.0,78,3968.0,123,3970.0,66,3967.0,83,3971.0,87,3966.0,99,3972.0,136,3965.0,89,3973.0,70,3964.0,43
1597988324135751936,1597988324000000000,2020-08-21 13:38:44.000000,3968.0,3980.0,3940.0,3940.0,nan,3963.148895,123355,4888742320.0,366002,3969.0,78,3968.0,122,3970.0,66,3967.0,83,3971.0,87,3966.0,99,3972.0,136,3965.0,89,3973.0,70,3964.0,43
1597988325135856896,1597988325000000000,2020-08-21 13:38:45.000000,3968.0,3980.0,3940.0,3940.0,nan,3963.148895,123355,4888742320.0,366002,3969.0,78,3968.0,125,3970.0,66,3967.0,83,3971.0,87,3966.0,99,3972.0,136,3965.0,89,3973.0,70,3964.0,43
1597988325646095104,1597988325500000000,2020-08-21 13:38:45.500000,3968.0,3980.0,3940.0,3940.0,nan,3963.148935,123356,4888782000.0,366002,3969.0,78,3968.0,124,3970.0,66,3967.0,83,3971.0,87,3966.0,99,3972.0,136,3965.0,89,3973.0,70,3964.0,43
1597988326644386048,1597988326500000000,2020-08-21 13:38:46.500000,3968.0,3980.0,3940.0,3940.0,nan,3963.148935,123356,4888782000.0,366002,3969.0,78,3968.0,124,3970.0,66,3967.0,83,3971.0,87,3966.0,99,3972.0,136,3965.0,90,3973.0,70,3964.0,43
1597988327281217024,1597988327000000000,2020-08-21 13:38:47.000000,3968.0,3980.0,3940.0,3940.0,nan,3963.148974,123357,4888821680.0,366002,3969.0,78,3968.0,123,3970.0,66,3967.0,83,3971.0,87,3966.0,101,3972.0,136,3965.0,90,3973.0,70,3964.0,43
1597988327614016000,1597988327500000000,2020-08-21 13:38:47.500000,3968.0,3980.0,3940.0,3940.0,nan,3963.148974,123357,4888821680.0,366002,3969.0,78,3968.0,123,3970.0,66,3967.0,84,3971.0,87,3966.0,101,3972.0,136,3965.0,90,3973.0,70,3964.0,43
1597988328624729088,1597988328500000000,2020-08-21 13:38:48.500000,3969.0,3980.0,3940.0,3940.0,nan,3963.14929,123364,4889099490.0,366004,3969.0,73,3968.0,121,3970.0,65,3967.0,84,3971.0,87,3966.0,101,3972.0,136,3965.0,90,3973.0,70,3964.0,43
1597988329162094080,1597988329000000000,2020-08-21 13:38:49.000000,3968.0,3980.0,3940.0,3940.0,nan,3963.149763,123375,4889536020.0,366005,3969.0,68,3968.0,115,3970.0,65,3967.0,84,3971.0,87,3966.0,101,3972.0,136,3965.0,90,3973.0,70,3964.0,43
1597988329636896000,1597988329500000000,2020-08-21 13:38:49.500000,3968.0,3980.0,3940.0,3940.0,nan,3963.149763,123375,4889536020.0,366005,3969.0,68,3968.0,116,3970.0,64,3967.0,84,3971.0,87,3966.0,101,3972.0,137,3965.0,90,3973.0,70,3964.0,43
1597988330645692928,1597988330500000000,2020-08-21 13:38:50.500000,3969.0,3980.0,3940.0,3940.0,nan,3963.15,123380,4889734470.0,366005,3969.0,69,3968.0,116,3970.0,64,3967.0,84,3971.0,87,3966.0,101,3972.0,137,3965.0,90,3973.0,70,3964.0,43
1597988331126554112,1597988331000000000,2020-08-21 13:38:51.000000,3968.0,3980.0,3940.0,3940.0,nan,3963.150236,123386,4889972550.0,366005,3969.0,69,3968.0,110,3970.0,64,3967.0,84,3971.0,87,3966.0,101,3972.0,137,3965.0,90,3973.0,70,3964.0,43
1597988331632172032,1597988331500000000,2020-08-21 13:38:51.500000,3968.0,3980.0,3940.0,3940.0,nan,3963.150432,123391,4890170950.0,366005,3969.0,71,3968.0,105,3970.0,64,3967.0,83,3971.0,87,3966.0,102,3972.0,137,3965.0,90,3973.0,70,3964.0,43
1597988332160477952,1597988332000000000,2020-08-21 13:38:52.000000,3968.0,3980.0,3940.0,3940.0,nan,3963.150432,123391,4890170950.0,366005,3969.0,71,3968.0,106,3970.0,64,3967.0,83,3971.0,87,3966.0,102,3972.0,137,3965.0,90,3973.0,70,3964.0,43
1597988332677633024,1597988332500000000,2020-08-21 13:38:52.500000,3969.0,3980.0,3940.0,3940.0,nan,3963.150709,123397,4890409080.0,366005,3969.0,68,3968.0,105,3970.0,64,3967.0,83,3971.0,87,3966.0,102,3972.0,137,3965.0,90,3973.0,70,3964.0,43
1597988333157690112,1597988333000000000,2020-08-21 13:38:53.000000,3969.0,3980.0,3940.0,3940.0,nan,3963.150946,123402,4890607530.0,366005,3969.0,63,3968.0,105,3970.0,64,3967.0,83,3971.0,87,3966.0,102,3972.0,137,3965.0,90,3973.0,70,3964.0,43
1597988334615471104,1597988334500000000,2020-08-21 13:38:54.500000,3968.0,3980.0,3940.0,3940.0,nan,3963.15115,123407,4890805940.0,366004,3969.0,62,3968.0,101,3970.0,64,3967.0,83,3971.0,87,3966.0,102,3972.0,137,3965.0,90,3973.0,70,3964.0,43
1597988335135656960,1597988335000000000,2020-08-21 13:38:55.000000,3968.0,3980.0,3940.0,3940.0,nan,3963.155076,123507,4894773940.0,366042,3969.0,95,3968.0,1,3970.0,64,3967.0,83,3971.0,87,3966.0,102,3972.0,137,3965.0,90,3973.0,70,3964.0,43
1597988335641882112,1597988335500000000,2020-08-21 13:38:55.500000,3968.0,3980.0,3940.0,3940.0,nan,3963.155194,123510,4894892980.0,366040,3968.0,5,3967.0,83,3969.0,96,3966.0,102,3970.0,64,3965.0,90,3971.0,87,3964.0,43,3972.0,137,3963.0,44
1597988336182409984,1597988336000000000,2020-08-21 13:38:56.000000,3968.0,3980.0,3940.0,3940.0,nan,3963.155194,123510,4894892980.0,366040,3968.0,1,3967.0,73,3969.0,95,3966.0,96,3970.0,64,3965.0,90,3971.0,87,3964.0,43,3972.0,137,3963.0,44
1597988336612048896,1597988336500000000,2020-08-21 13:38:56.500000,3968.0,3980.0,3940.0,3940.0,nan,3963.155194,123510,4894892980.0,366040,3968.0,5,3967.0,73,3969.0,95,3966.0,102,3970.0,66,3965.0,90,3971.0,87,3964.0,43,3972.0,137,3963.0,44
1597988337164732928,1597988337000000000,2020-08-21 13:38:57.000000,3968.0,3980.0,3940.0,3940.0,nan,3963.15539,123515,4895091380.0,366040,3969.0,95,3967.0,73,3970.0,66,3966.0,102,3971.0,87,3965.0,90,3972.0,137,3964.0,43,3973.0,70,3963.0,44
1597988337648678912,1597988337500000000,2020-08-21 13:38:57.500000,3968.0,3980.0,3940.0,3940.0,nan,3963.15539,123515,4895091380.0,366040,3968.0,1,3967.0,83,3969.0,104,3966.0,102,3970.0,66,3965.0,90,3971.0,87,3964.0,43,3972.0,137,3963.0,44
1597988338135567104,1597988338000000000,2020-08-21 13:38:58.000000,3968.0,3980.0,3940.0,3940.0,nan,3963.15539,123515,4895091380.0,366040,3968.0,1,3967.0,73,3969.0,105,3966.0,102,3970.0,66,3965.0,90,3971.0,87,3964.0,43,3972.0,137,3963.0,44
1597988338619464960,1597988338500000000,2020-08-21 13:38:58.500000,3968.0,3980.0,3940.0,3940.0,nan,3963.15539,123515,4895091380.0,366040,3968.0,1,3967.0,73,3969.0,106,3966.0,102,3970.0,66,3965.0,90,3971.0,87,3964.0,43,3972.0,137,3963.0,44
1597988339621363968,1597988339500000000,2020-08-21 13:38:59.500000,3968.0,3980.0,3940.0,3940.0,nan,3963.15539,123515,4895091380.0,366040,3968.0,4,3967.0,73,3969.0,106,3966.0,102,3970.0,66,3965.0,90,3971.0,87,3964.0,43,3972.0,137,3963.0,44
1597988340133281024,1597988340000000000,2020-08-21 13:39:00.000000,3968.0,3980.0,3940.0,3940.0,nan,3963.15539,123515,4895091380.0,366040,3968.0,4,3967.0,73,3969.0,110,3966.0,102,3970.0,66,3965.0,90,3971.0,87,3964.0,43,3972.0,137,3963.0,44
1597988340625789952,1597988340500000000,2020-08-21 13:39:00.500000,3968.0,3980.0,3940.0,3940.0,nan,3963.15539,123515,4895091380.0,366040,3968.0,8,3967.0,73,3969.0,110,3966.0,102,3970.0,66,3965.0,90,3971.0,87,3964.0,43,3972.0,137,3963.0,44
1597988341119511040,1597988341000000000,2020-08-21 13:39:01.000000,3968.0,3980.0,3940.0,3940.0,nan,3963.15539,123515,4895091380.0,366040,3968.0,8,3967.0,73,3969.0,109,3966.0,102,3970.0,66,3965.0,90,3971.0,87,3964.0,43,3972.0,137,3963.0,44
1597988341639834880,1597988341500000000,2020-08-21 13:39:01.500000,3968.0,3980.0,3940.0,3940.0,nan,3963.15539,123515,4895091380.0,366040,3968.0,8,3967.0,73,3969.0,108,3966.0,102,3970.0,65,3965.0,90,3971.0,88,3964.0,43,3972.0,137,3963.0,44
1597988342153745920,1597988342000000000,2020-08-21 13:39:02.000000,3968.0,3980.0,3940.0,3940.0,nan,3963.15539,123515,4895091380.0,366040,3968.0,9,3967.0,73,3969.0,108,3966.0,102,3970.0,65,3965.0,90,3971.0,88,3964.0,43,3972.0,137,3963.0,44
1597988343152796928,1597988343000000000,2020-08-21 13:39:03.000000,3968.0,3980.0,3940.0,3940.0,nan,3963.15539,123515,4895091380.0,366040,3968.0,14,3967.0,73,3969.0,108,3966.0,102,3970.0,65,3965.0,90,3971.0,88,3964.0,43,3972.0,137,3963.0,44
1597988345627502080,1597988345500000000,2020-08-21 13:39:05.500000,3968.0,3980.0,3940.0,3940.0,nan,3963.15539,123515,4895091380.0,366040,3968.0,14,3967.0,83,3969.0,108,3966.0,102,3970.0,65,3965.0,90,3971.0,88,3964.0,43,3972.0,137,3963.0,44
1597988346632419072,1597988346500000000,2020-08-21 13:39:06.500000,3967.0,3980.0,3940.0,3940.0,nan,3963.155421,123516,4895131050.0,366039,3968.0,14,3967.0,82,3969.0,108,3966.0,102,3970.0,64,3965.0,90,3971.0,88,3964.0,41,3972.0,137,3963.0,44
1597988347178365952,1597988347000000000,2020-08-21 13:39:07.000000,3968.0,3980.0,3940.0,3940.0,nan,3963.155696,123523,4895408810.0,366037,3968.0,7,3967.0,82,3969.0,108,3966.0,102,3970.0,64,3965.0,90,3971.0,88,3964.0,41,3972.0,137,3963.0,44
1597988347625869056,1597988347500000000,2020-08-21 13:39:07.500000,3967.0,3980.0,3940.0,3940.0,nan,3963.155851,123528,4895607160.0,366032,3968.0,7,3967.0,77,3969.0,108,3966.0,102,3970.0,59,3965.0,90,3971.0,88,3964.0,41,3972.0,137,3963.0,44
1597988348154631936,1597988348000000000,2020-08-21 13:39:08.000000,3967.0,3980.0,3940.0,3940.0,nan,3963.156007,123533,4895805510.0,366027,3968.0,14,3967.0,72,3969.0,108,3966.0,102,3970.0,59,3965.0,90,3971.0,88,3964.0,41,3972.0,137,3963.0,44
1597988348618088960,1597988348500000000,2020-08-21 13:39:08.500000,3967.0,3980.0,3940.0,3940.0,nan,3963.156007,123533,4895805510.0,366027,3968.0,19,3967.0,72,3969.0,108,3966.0,102,3970.0,59,3965.0,90,3971.0,88,3964.0,41,3972.0,137,3963.0,44
1597988349122188032,1597988349000000000,2020-08-21 13:39:09.000000,3967.0,3980.0,3940.0,3940.0,nan,3963.156007,123533,4895805510.0,366027,3968.0,17,3967.0,72,3969.0,108,3966.0,102,3970.0,59,3965.0,90,3971.0,88,3964.0,41,3972.0,137,3963.0,44
1597988349599049984,1597988349500000000,2020-08-21 13:39:09.500000,3967.0,3980.0,3940.0,3940.0,nan,3963.156007,123533,4895805510.0,366027,3968.0,17,3967.0,80,3969.0,108,3966.0,102,3970.0,59,3965.0,90,3971.0,88,3964.0,41,3972.0,137,3963.0,44
1597988350628891904,1597988350500000000,2020-08-21 13:39:10.500000,3967.0,3980.0,3940.0,3940.0,nan,3963.156007,123533,4895805510.0,366027,3968.0,17,3967.0,80,3969.0,107,3966.0,102,3970.0,59,3965.0,90,3971.0,88,3964.0,41,3972.0,137,3963.0,44
1597988351125713920,1597988351000000000,2020-08-21 13:39:11.000000,3967.0,3980.0,3940.0,3940.0,nan,3963.156007,123533,4895805510.0,366027,3968.0,17,3967.0,70,3969.0,107,3966.0,102,3970.0,59,3965.0,90,3971.0,88,3964.0,41,3972.0,137,3963.0,44
1597988351673369088,1597988351500000000,2020-08-21 13:39:11.500000,3967.0,3980.0,3940.0,3940.0,nan,3963.156007,123533,4895805510.0,366027,3968.0,17,3967.0,72,3969.0,107,3966.0,102,3970.0,59,3965.0,88,3971.0,88,3964.0,41,3972.0,137,3963.0,44
1597988352153327104,1597988352000000000,2020-08-21 13:39:12.000000,3967.0,3980.0,3940.0,3940.0,nan,3963.156007,123533,4895805510.0,366027,3968.0,18,3967.0,72,3969.0,107,3966.0,102,3970.0,59,3965.0,88,3971.0,88,3964.0,41,3972.0,137,3963.0,44
1597988352624686080,1597988352500000000,2020-08-21 13:39:12.500000,3967.0,3980.0,3940.0,3940.0,nan,3963.156007,123533,4895805510.0,366027,3968.0,18,3967.0,72,3969.0,82,3966.0,102,3970.0,59,3965.0,88,3971.0,88,3964.0,41,3972.0,137,3963.0,44
1597988353145540096,1597988353000000000,2020-08-21 13:39:13.000000,3967.0,3980.0,3940.0,3940.0,nan,3963.156194,123539,4896043530.0,366025,3968.0,18,3967.0,66,3969.0,82,3966.0,102,3970.0,59,3965.0,88,3971.0,88,3964.0,41,3972.0,137,3963.0,44
1597988353613257984,1597988353500000000,2020-08-21 13:39:13.500000,3967.0,3980.0,3940.0,3940.0,nan,3963.156349,123544,4896241880.0,366021,3968.0,26,3967.0,55,3969.0,75,3966.0,96,3970.0,59,3965.0,88,3971.0,88,3964.0,41,3972.0,137,3963.0,44
1597988354138508032,1597988354000000000,2020-08-21 13:39:14.000000,3967.0,3980.0,3940.0,3940.0,nan,3963.156349,123544,4896241880.0,366021,3968.0,32,3967.0,34,3969.0,75,3966.0,96,3970.0,59,3965.0,90,3971.0,88,3964.0,41,3972.0,137,3963.0,44
1597988354623856896,1597988354500000000,2020-08-21 13:39:14.500000,3967.0,3980.0,3940.0,3940.0,nan,3963.15638,123545,4896281550.0,366021,3968.0,42,3967.0,25,3969.0,75,3966.0,96,3970.0,59,3965.0,90,3971.0,88,3964.0,41,3972.0,137,3963.0,44
1597988355131002112,1597988355000000000,2020-08-21 13:39:15.000000,3967.0,3980.0,3940.0,3940.0,nan,3963.15638,123545,4896281550.0,366021,3968.0,42,3967.0,17,3969.0,75,3966.0,96,3970.0,59,3965.0,90,3971.0,88,3964.0,41,3972.0,137,3963.0,44
1597988355613224960,1597988355500000000,2020-08-21 13:39:15.500000,3967.0,3980.0,3940.0,3940.0,nan,3963.15638,123545,4896281550.0,366021,3968.0,63,3967.0,17,3969.0,75,3966.0,96,3970.0,59,3965.0,90,3971.0,88,3964.0,41,3972.0,137,3963.0,44
1597988356122120960,1597988356000000000,2020-08-21 13:39:16.000000,3967.0,3980.0,3940.0,3940.0,nan,3963.156536,123550,4896479900.0,366021,3968.0,63,3967.0,11,3969.0,75,3966.0,96,3970.0,59,3965.0,90,3971.0,88,3964.0,41,3972.0,137,3963.0,44
1597988356606224896,1597988356500000000,2020-08-21 13:39:16.500000,3967.0,3980.0,3940.0,3940.0,nan,3963.156691,123555,4896678250.0,366026,3968.0,63,3967.0,8,3969.0,75,3966.0,100,3970.0,59,3965.0,90,3971.0,88,3964.0,41,3972.0,137,3963.0,44
1597988358140667904,1597988358000000000,2020-08-21 13:39:18.000000,3967.0,3980.0,3940.0,3940.0,nan,3963.156691,123555,4896678250.0,366026,3968.0,66,3967.0,8,3969.0,75,3966.0,100,3970.0,59,3965.0,90,3971.0,88,3964.0,41,3972.0,137,3963.0,44
1597988358614878976,1597988358500000000,2020-08-21 13:39:18.500000,3968.0,3980.0,3940.0,3940.0,nan,3963.156887,123560,4896876650.0,366022,3968.0,61,3967.0,8,3969.0,75,3966.0,100,3970.0,59,3965.0,90,3971.0,88,3964.0,41,3972.0,137,3963.0,44
1597988359120531968,1597988359000000000,2020-08-21 13:39:19.000000,3968.0,3980.0,3940.0,3940.0,nan,3963.157083,123565,4897075050.0,366017,3968.0,56,3967.0,8,3969.0,75,3966.0,101,3970.0,59,3965.0,90,3971.0,88,3964.0,41,3972.0,137,3963.0,44
1597988359616024064,1597988359500000000,2020-08-21 13:39:19.500000,3968.0,3980.0,3940.0,3940.0,nan,3963.157083,123565,4897075050.0,366017,3968.0,69,3967.0,14,3969.0,75,3966.0,101,3970.0,59,3965.0,90,3971.0,88,3964.0,41,3972.0,137,3963.0,44
1597988360605959936,1597988360500000000,2020-08-21 13:39:20.500000,3968.0,3980.0,3940.0,3940.0,nan,3963.157083,123565,4897075050.0,366017,3968.0,94,3967.0,14,3969.0,75,3966.0,101,3970.0,59,3965.0,90,3971.0,88,3964.0,41,3972.0,137,3963.0,44
1597988361125618944,1597988361000000000,2020-08-21 13:39:21.000000,3968.0,3980.0,3940.0,3940.0,nan,3963.157083,123565,4897075050.0,366017,3968.0,94,3967.0,14,3969.0,78,3966.0,101,3970.0,59,3965.0,100,3971.0,88,3964.0,41,3972.0,137,3963.0,44
1597988361612525056,1597988361500000000,2020-08-21 13:39:21.500000,3968.0,3980.0,3940.0,3940.0,nan,3963.157083,123565,4897075050.0,366017,3968.0,92,3967.0,14,3969.0,78,3966.0,101,3970.0,59,3965.0,100,3971.0,89,3964.0,41,3972.0,137,3963.0,44
1597988363624632064,1597988363500000000,2020-08-21 13:39:23.500000,3968.0,3980.0,3940.0,3940.0,nan,3963.157083,123565,4897075050.0,366017,3968.0,93,3967.0,14,3969.0,78,3966.0,101,3970.0,59,3965.0,100,3971.0,89,3964.0,41,3972.0,137,3963.0,44
1597988364134867968,1597988364000000000,2020-08-21 13:39:24.000000,3968.0,3980.0,3940.0,3940.0,nan,3963.157123,123566,4897114730.0,366017,3968.0,92,3967.0,14,3969.0,78,3966.0,101,3970.0,59,3965.0,100,3971.0,89,3964.0,41,3972.0,137,3963.0,44
1597988364613805056,1597988364500000000,2020-08-21 13:39:24.500000,3967.0,3980.0,3940.0,3940.0,nan,3963.157558,123580,4897670110.0,366016,3967.0,86,3966.0,101,3968.0,96,3965.0,100,3969.0,78,3964.0,41,3970.0,59,3963.0,44,3971.0,89,3962.0,172
1597988365115416064,1597988365000000000,2020-08-21 13:39:25.000000,3967.0,3980.0,3940.0,3940.0,nan,3963.157558,123580,4897670110.0,366016,3967.0,87,3966.0,89,3968.0,97,3965.0,94,3969.0,78,3964.0,41,3970.0,59,3963.0,44,3971.0,89,3962.0,172
1597988365601914880,1597988365500000000,2020-08-21 13:39:25.500000,3967.0,3980.0,3940.0,3940.0,nan,3963.157558,123580,4897670110.0,366016,3967.0,91,3966.0,89,3968.0,97,3965.0,98,3969.0,78,3964.0,41,3970.0,59,3963.0,50,3971.0,89,3962.0,172
1597988367612701952,1597988367500000000,2020-08-21 13:39:27.500000,3967.0,3980.0,3940.0,3940.0,nan,3963.157558,123580,4897670110.0,366016,3967.0,92,3966.0,89,3968.0,97,3965.0,98,3969.0,78,3964.0,41,3970.0,59,3963.0,50,3971.0,89,3962.0,172
1597988368110338048,1597988368000000000,2020-08-21 13:39:28.000000,3967.0,3980.0,3940.0,3940.0,nan,3963.157558,123580,4897670110.0,366016,3967.0,92,3966.0,89,3968.0,97,3965.0,97,3969.0,78,3964.0,41,3970.0,59,3963.0,50,3971.0,89,3962.0,172
1597988369136333056,1597988369000000000,2020-08-21 13:39:29.000000,3967.0,3980.0,3940.0,3940.0,nan,3963.157558,123580,4897670110.0,366016,3967.0,93,3966.0,89,3968.0,97,3965.0,97,3969.0,78,3964.0,41,3970.0,59,3963.0,50,3971.0,89,3962.0,172
1597988369604858112,1597988369500000000,2020-08-21 13:39:29.500000,3967.0,3980.0,3940.0,3940.0,nan,3963.157558,123580,4897670110.0,366016,3967.0,93,3966.0,89,3968.0,101,3965.0,97,3969.0,78,3964.0,41,3970.0,59,3963.0,50,3971.0,89,3962.0,172
1597988370159691008,1597988370000000000,2020-08-21 13:39:30.000000,3967.0,3980.0,3940.0,3940.0,nan,3963.157558,123580,4897670110.0,366016,3967.0,93,3966.0,89,3968.0,102,3965.0,97,3969.0,78,3964.0,41,3970.0,59,3963.0,50,3971.0,89,3962.0,172
1597988370624680960,1597988370500000000,2020-08-21 13:39:30.500000,3967.0,3980.0,3940.0,3940.0,nan,3963.157558,123580,4897670110.0,366016,3967.0,93,3966.0,89,3968.0,107,3965.0,97,3969.0,78,3964.0,41,3970.0,59,3963.0,50,3971.0,89,3962.0,172
1597988371119282944,1597988371000000000,2020-08-21 13:39:31.000000,3967.0,3980.0,3940.0,3940.0,nan,3963.157558,123580,4897670110.0,366016,3967.0,93,3966.0,89,3968.0,107,3965.0,97,3969.0,80,3964.0,41,3970.0,59,3963.0,50,3971.0,89,3962.0,172
1597988371625669888,1597988371500000000,2020-08-21 13:39:31.500000,3967.0,3980.0,3940.0,3940.0,nan,3963.157869,123590,4898066810.0,366016,3967.0,83,3966.0,95,3968.0,107,3965.0,97,3969.0,80,3964.0,41,3970.0,59,3963.0,50,3971.0,89,3962.0,172
1597988372615670016,1597988372500000000,2020-08-21 13:39:32.500000,3967.0,3980.0,3940.0,3940.0,nan,3963.157869,123590,4898066810.0,366016,3967.0,83,3966.0,95,3968.0,107,3965.0,97,3969.0,80,3964.0,41,3970.0,59,3963.0,50,3971.0,88,3962.0,172
1597988373158196992,1597988373000000000,2020-08-21 13:39:33.000000,3967.0,3980.0,3940.0,3940.0,nan,3963.157869,123590,4898066810.0,366016,3967.0,93,3966.0,95,3968.0,107,3965.0,97,3969.0,86,3964.0,41,3970.0,59,3963.0,50,3971.0,88,3962.0,172
1597988373609189120,1597988373500000000,2020-08-21 13:39:33.500000,3967.0,3980.0,3940.0,3940.0,nan,3963.157869,123590,4898066810.0,366016,3967.0,93,3966.0,92,3968.0,107,3965.0,97,3969.0,86,3964.0,41,3970.0,59,3963.0,50,3971.0,88,3962.0,172
1597988374108271104,1597988374000000000,2020-08-21 13:39:34.000000,3967.0,3980.0,3940.0,3940.0,nan,3963.157869,123590,4898066810.0,366016,3967.0,93,3966.0,90,3968.0,107,3965.0,97,3969.0,86,3964.0,41,3970.0,59,3963.0,50,3971.0,88,3962.0,172
1597988374672118016,1597988374500000000,2020-08-21 13:39:34.500000,3967.0,3980.0,3940.0,3940.0,nan,3963.157869,123590,4898066810.0,366016,3967.0,93,3966.0,90,3968.0,107,3965.0,97,3969.0,89,3964.0,41,3970.0,59,3963.0,50,3971.0,88,3962.0,172
1597988375125552896,1597988375000000000,2020-08-21 13:39:35.000000,3966.0,3980.0,3940.0,3940.0,nan,3963.15996,123681,4901675870.0,365998,3967.0,95,3966.0,2,3968.0,107,3965.0,97,3969.0,92,3964.0,41,3970.0,59,3963.0,50,3971.0,88,3962.0,172
1597988375618104064,1597988375500000000,2020-08-21 13:39:35.500000,3966.0,3980.0,3940.0,3940.0,nan,3963.160052,123685,4901834510.0,365998,3966.0,7,3965.0,93,3967.0,95,3964.0,41,3968.0,110,3963.0,50,3969.0,89,3962.0,172,3970.0,59,3961.0,273
1597988376125103104,1597988376000000000,2020-08-21 13:39:36.000000,3966.0,3980.0,3940.0,3940.0,nan,3963.160327,123697,4902310430.0,365987,3966.0,2,3965.0,83,3967.0,95,3964.0,35,3968.0,113,3963.0,50,3969.0,89,3962.0,178,3970.0,59,3961.0,36
1597988376643751936,1597988376500000000,2020-08-21 13:39:36.500000,3966.0,3980.0,3940.0,3940.0,nan,3963.160327,123697,4902310430.0,365987,3966.0,3,3965.0,83,3967.0,95,3964.0,35,3968.0,113,3963.0,50,3969.0,89,3962.0,180,3970.0,59,3961.0,36
1597988377103269888,1597988377000000000,2020-08-21 13:39:37.000000,3966.0,3980.0,3940.0,3940.0,nan,3963.160327,123697,4902310430.0,365987,3966.0,3,3965.0,84,3967.0,95,3964.0,35,3968.0,118,3963.0,50,3969.0,89,3962.0,180,3970.0,59,3961.0,36
1597988377634969088,1597988377500000000,2020-08-21 13:39:37.500000,3966.0,3980.0,3940.0,3940.0,nan,3963.160327,123697,4902310430.0,365987,3966.0,3,3965.0,85,3967.0,95,3964.0,35,3968.0,118,3963.0,50,3969.0,86,3962.0,180,3970.0,59,3961.0,36
1597988378154744064,1597988378000000000,2020-08-21 13:39:38.000000,3966.0,3980.0,3940.0,3940.0,nan,3963.160327,123697,4902310430.0,365987,3966.0,3,3965.0,85,3967.0,95,3964.0,39,3968.0,118,3963.0,50,3969.0,88,3962.0,180,3970.0,59,3961.0,36
1597988378611151872,1597988378500000000,2020-08-21 13:39:38.500000,3966.0,3980.0,3940.0,3940.0,nan,3963.160327,123697,4902310430.0,365987,3966.0,3,3965.0,85,3967.0,99,3964.0,39,3968.0,118,3963.0,50,3969.0,88,3962.0,180,3970.0,59,3961.0,36
1597988379110875904,1597988379000000000,2020-08-21 13:39:39.000000,3966.0,3980.0,3940.0,3940.0,nan,3963.160327,123697,4902310430.0,365987,3966.0,3,3965.0,86,3967.0,99,3964.0,39,3968.0,118,3963.0,50,3969.0,88,3962.0,180,3970.0,59,3961.0,36
1597988379615211008,1597988379500000000,2020-08-21 13:39:39.500000,3966.0,3980.0,3940.0,3940.0,nan,3963.160327,123697,4902310430.0,365987,3966.0,3,3965.0,86,3967.0,95,3964.0,39,3968.0,118,3963.0,50,3969.0,88,3962.0,180,3970.0,59,3961.0,36
1597988380139038976,1597988380000000000,2020-08-21 13:39:40.000000,3966.0,3980.0,3940.0,3940.0,nan,3963.160373,123699,4902389750.0,365987,3966.0,1,3965.0,86,3967.0,95,3964.0,39,3968.0,118,3963.0,50,3969.0,88,3962.0,180,3970.0,59,3961.0,36
1597988380612343040,1597988380500000000,2020-08-21 13:39:40.500000,3966.0,3980.0,3940.0,3940.0,nan,3963.160373,123699,4902389750.0,365987,3966.0,1,3965.0,86,3967.0,99,3964.0,39,3968.0,118,3963.0,50,3969.0,88,3962.0,180,3970.0,59,3961.0,36
1597988381614732032,1597988381500000000,2020-08-21 13:39:41.500000,3965.0,3980.0,3940.0,3940.0,nan,3963.160388,123700,4902429400.0,365987,3966.0,1,3965.0,85,3967.0,99,3964.0,39,3968.0,118,3963.0,50,3969.0,88,3962.0,180,3970.0,60,3961.0,36
1597988382145922048,1597988382000000000,2020-08-21 13:39:42.000000,3965.0,3980.0,3940.0,3940.0,nan,3963.160403,123701,4902469050.0,365987,3966.0,1,3965.0,84,3967.0,102,3964.0,39,3968.0,115,3963.0,50,3969.0,88,3962.0,180,3970.0,60,3961.0,36
1597988382619817984,1597988382500000000,2020-08-21 13:39:42.500000,3965.0,3980.0,3940.0,3940.0,nan,3963.160403,123701,4902469050.0,365987,3966.0,1,3965.0,84,3967.0,103,3964.0,39,3968.0,115,3963.0,50,3969.0,81,3962.0,180,3970.0,60,3961.0,36
1597988384137195008,1597988384000000000,2020-08-21 13:39:44.000000,3965.0,3980.0,3940.0,3940.0,nan,3963.160403,123701,4902469050.0,365987,3966.0,2,3965.0,84,3967.0,103,3964.0,39,3968.0,115,3963.0,50,3969.0,81,3962.0,180,3970.0,60,3961.0,36
1597988384611675904,1597988384500000000,2020-08-21 13:39:44.500000,3965.0,3980.0,3940.0,3940.0,nan,3963.160403,123701,4902469050.0,365987,3966.0,2,3965.0,84,3967.0,103,3964.0,39,3968.0,115,3963.0,51,3969.0,81,3962.0,180,3970.0,60,3961.0,36
1597988385134411008,1597988385000000000,2020-08-21 13:39:45.000000,3965.0,3980.0,3940.0,3940.0,nan,3963.160403,123701,4902469050.0,365987,3966.0,2,3965.0,86,3967.0,103,3964.0,39,3968.0,115,3963.0,51,3969.0,81,3962.0,180,3970.0,60,3961.0,36
1597988386124376064,1597988386000000000,2020-08-21 13:39:46.000000,3966.0,3980.0,3940.0,3940.0,nan,3963.160449,123703,4902548370.0,365989,3967.0,103,3966.0,3,3968.0,115,3965.0,86,3969.0,81,3964.0,39,3970.0,60,3963.0,51,3971.0,84,3962.0,180
1597988386609697024,1597988386500000000,2020-08-21 13:39:46.500000,3966.0,3980.0,3940.0,3940.0,nan,3963.160449,123703,4902548370.0,365989,3967.0,96,3966.0,10,3968.0,115,3965.0,86,3969.0,78,3964.0,39,3970.0,60,3963.0,51,3971.0,83,3962.0,180
1597988387147474944,1597988387000000000,2020-08-21 13:39:47.000000,3966.0,3980.0,3940.0,3940.0,nan,3963.160449,123703,4902548370.0,365989,3967.0,96,3966.0,15,3968.0,115,3965.0,86,3969.0,78,3964.0,39,3970.0,60,3963.0,51,3971.0,83,3962.0,180
1597988388147226112,1597988388000000000,2020-08-21 13:39:48.000000,3967.0,3980.0,3940.0,3940.0,nan,3963.160604,123708,4902746720.0,365989,3967.0,91,3966.0,15,3968.0,115,3965.0,86,3969.0,78,3964.0,39,3970.0,60,3963.0,51,3971.0,83,3962.0,180
1597988388624435968,1597988388500000000,2020-08-21 13:39:48.500000,3967.0,3980.0,3940.0,3940.0,nan,3963.160604,123708,4902746720.0,365989,3967.0,94,3966.0,15,3968.0,115,3965.0,86,3969.0,77,3964.0,39,3970.0,60,3963.0,51,3971.0,83,3962.0,180
1597988389115638016,1597988389000000000,2020-08-21 13:39:49.000000,3966.0,3980.0,3940.0,3940.0,nan,3963.160627,123709,4902786380.0,365990,3967.0,94,3966.0,39,3968.0,115,3965.0,86,3969.0,77,3964.0,39,3970.0,60,3963.0,51,3971.0,83,3962.0,180
1597988389610594048,1597988389500000000,2020-08-21 13:39:49.500000,3966.0,3980.0,3940.0,3940.0,nan,3963.160627,123709,4902786380.0,365990,3967.0,95,3966.0,44,3968.0,115,3965.0,86,3969.0,77,3964.0,39,3970.0,60,3963.0,51,3971.0,83,3962.0,180
1597988390164996096,1597988390000000000,2020-08-21 13:39:50.000000,3967.0,3980.0,3940.0,3940.0,nan,3963.160782,123714,4902984730.0,365990,3967.0,90,3966.0,44,3968.0,115,3965.0,90,3969.0,77,3964.0,39,3970.0,60,3963.0,51,3971.0,83,3962.0,180
1597988390630563072,1597988390500000000,2020-08-21 13:39:50.500000,3967.0,3980.0,3940.0,3940.0,nan,3963.160782,123714,4902984730.0,365990,3967.0,90,3966.0,68,3968.0,115,3965.0,90,3969.0,77,3964.0,39,3970.0,60,3963.0,51,3971.0,83,3962.0,180
1597988392110765056,1597988392000000000,2020-08-21 13:39:52.000000,3967.0,3980.0,3940.0,3940.0,nan,3963.160937,123719,4903183080.0,365990,3967.0,85,3966.0,68,3968.0,115,3965.0,90,3969.0,77,3964.0,39,3970.0,60,3963.0,51,3971.0,82,3962.0,180
1597988392606589952,1597988392500000000,2020-08-21 13:39:52.500000,3966.0,3980.0,3940.0,3940.0,nan,3963.16096,123720,4903222740.0,365990,3967.0,85,3966.0,67,3968.0,115,3965.0,90,3969.0,74,3964.0,39,3970.0,60,3963.0,51,3971.0,82,3962.0,180
1597988393153030912,1597988393000000000,2020-08-21 13:39:53.000000,3966.0,3980.0,3940.0,3940.0,nan,3963.161006,123722,4903302060.0,365989,3967.0,88,3966.0,41,3968.0,115,3965.0,90,3969.0,74,3964.0,40,3970.0,60,3963.0,51,3971.0,82,3962.0,180
1597988393607087104,1597988393500000000,2020-08-21 13:39:53.500000,3966.0,3980.0,3940.0,3940.0,nan,3963.161006,123722,4903302060.0,365989,3967.0,88,3966.0,23,3968.0,115,3965.0,90,3969.0,74,3964.0,40,3970.0,60,3963.0,51,3971.0,82,3962.0,180
1597988394109921024,1597988394000000000,2020-08-21 13:39:54.000000,3966.0,3980.0,3940.0,3940.0,nan,3963.161006,123722,4903302060.0,365989,3967.0,89,3966.0,12,3968.0,115,3965.0,90,3969.0,74,3964.0,40,3970.0,60,3963.0,51,3971.0,82,3962.0,180
1597988394616385024,1597988394500000000,2020-08-21 13:39:54.500000,3967.0,3980.0,3940.0,3940.0,nan,3963.161161,123727,4903500410.0,365989,3967.0,84,3966.0,12,3968.0,115,3965.0,90,3969.0,74,3964.0,40,3970.0,60,3963.0,51,3971.0,82,3962.0,180
1597988395613295104,1597988395500000000,2020-08-21 13:39:55.500000,3967.0,3980.0,3940.0,3940.0,nan,3963.161161,123727,4903500410.0,365989,3967.0,85,3966.0,19,3968.0,108,3965.0,90,3969.0,74,3964.0,40,3970.0,60,3963.0,51,3971.0,82,3962.0,180
1597988396151998976,1597988396000000000,2020-08-21 13:39:56.000000,3967.0,3980.0,3940.0,3940.0,nan,3963.161161,123727,4903500410.0,365989,3967.0,85,3966.0,19,3968.0,108,3965.0,83,3969.0,74,3964.0,40,3970.0,60,3963.0,51,3971.0,82,3962.0,180
1597988397170267904,1597988397000000000,2020-08-21 13:39:57.000000,3967.0,3980.0,3940.0,3940.0,nan,3963.161161,123727,4903500410.0,365989,3967.0,84,3966.0,19,3968.0,108,3965.0,83,3969.0,74,3964.0,40,3970.0,60,3963.0,51,3971.0,82,3962.0,180
1597988397648920064,1597988397500000000,2020-08-21 13:39:57.500000,3967.0,3980.0,3940.0,3940.0,nan,3963.161161,123727,4903500410.0,365989,3967.0,84,3966.0,19,3968.0,108,3965.0,81,3969.0,74,3964.0,40,3970.0,60,3963.0,51,3971.0,82,3962.0,180
1597988400142777088,1597988400000000000,2020-08-21 13:40:00.000000,3967.0,3980.0,3940.0,3940.0,nan,3963.161192,123728,4903540080.0,365989,3967.0,83,3966.0,19,3968.0,108,3965.0,81,3969.0,74,3964.0,40,3970.0,60,3963.0,51,3971.0,82,3962.0,180
1597988400608958976,1597988400500000000,2020-08-21 13:40:00.500000,3967.0,3980.0,3940.0,3940.0,nan,3963.161285,123731,4903659090.0,365989,3967.0,86,3966.0,19,3968.0,108,3965.0,81,3969.0,74,3964.0,40,3970.0,60,3963.0,51,3971.0,82,3962.0,180
1597988401107011072,1597988401000000000,2020-08-21 13:40:01.000000,3967.0,3980.0,3940.0,3940.0,nan,3963.161285,123731,4903659090.0,365989,3967.0,86,3966.0,32,3968.0,108,3965.0,81,3969.0,74,3964.0,40,3970.0,60,3963.0,51,3971.0,83,3962.0,180
1597988401604444928,1597988401500000000,2020-08-21 13:40:01.500000,3967.0,3980.0,3940.0,3940.0,nan,3963.161285,123731,4903659090.0,365989,3967.0,82,3966.0,60,3968.0,108,3965.0,81,3969.0,74,3964.0,40,3970.0,61,3963.0,51,3971.0,82,3962.0,180
1597988402153041920,1597988402000000000,2020-08-21 13:40:02.000000,3967.0,3980.0,3940.0,3940.0,nan,3963.161285,123731,4903659090.0,365989,3967.0,82,3966.0,70,3968.0,108,3965.0,81,3969.0,74,3964.0,40,3970.0,61,3963.0,51,3971.0,82,3962.0,180
1597988402611066112,1597988402500000000,2020-08-21 13:40:02.500000,3967.0,3980.0,3940.0,3940.0,nan,3963.161285,123731,4903659090.0,365989,3967.0,82,3966.0,76,3968.0,109,3965.0,81,3969.0,74,3964.0,40,3970.0,61,3963.0,51,3971.0,82,3962.0,180
1597988403628260096,1597988403500000000,2020-08-21 13:40:03.500000,3966.0,3980.0,3940.0,3940.0,nan,3963.161859,123756,4904650590.0,365972,3967.0,82,3966.0,51,3968.0,109,3965.0,81,3969.0,74,3964.0,40,3970.0,61,3963.0,51,3971.0,82,3962.0,180
1597988404136719104,1597988404000000000,2020-08-21 13:40:04.000000,3966.0,3980.0,3940.0,3940.0,nan,3963.161996,123762,4904888550.0,365966,3967.0,82,3966.0,24,3968.0,109,3965.0,81,3969.0,74,3964.0,40,3970.0,61,3963.0,51,3971.0,82,3962.0,180
1597988404648326912,1597988404500000000,2020-08-21 13:40:04.500000,3966.0,3980.0,3940.0,3940.0,nan,3963.161996,123762,4904888550.0,365966,3967.0,83,3966.0,9,3968.0,109,3965.0,81,3969.0,74,3964.0,40,3970.0,61,3963.0,51,3971.0,82,3962.0,180
1597988405151966976,1597988405000000000,2020-08-21 13:40:05.000000,3966.0,3980.0,3940.0,3940.0,nan,3963.161996,123762,4904888550.0,365966,3967.0,83,3966.0,15,3968.0,109,3965.0,81,3969.0,74,3964.0,40,3970.0,61,3963.0,51,3971.0,82,3962.0,180
1597988405629620992,1597988405500000000,2020-08-21 13:40:05.500000,3966.0,3980.0,3940.0,3940.0,nan,3963.161996,123762,4904888550.0,365966,3967.0,83,3966.0,21,3968.0,109,3965.0,81,3969.0,74,3964.0,40,3970.0,60,3963.0,51,3971.0,82,3962.0,180
1597988406150546944,1597988406000000000,2020-08-21 13:40:06.000000,3966.0,3980.0,3940.0,3940.0,nan,3963.161996,123762,4904888550.0,365966,3967.0,104,3966.0,21,3968.0,109,3965.0,81,3969.0,74,3964.0,40,3970.0,60,3963.0,51,3971.0,82,3962.0,180
1597988406620043008,1597988406500000000,2020-08-21 13:40:06.500000,3966.0,3980.0,3940.0,3940.0,nan,3963.161996,123762,4904888550.0,365966,3967.0,104,3966.0,16,3968.0,109,3965.0,81,3969.0,74,3964.0,40,3970.0,60,3963.0,51,3971.0,82,3962.0,180
1597988407630254080,1597988407500000000,2020-08-21 13:40:07.500000,3966.0,3980.0,3940.0,3940.0,nan,3963.162065,123765,4905007530.0,365965,3967.0,104,3966.0,13,3968.0,109,3965.0,81,3969.0,74,3964.0,40,3970.0,60,3963.0,51,3971.0,82,3962.0,180
1597988408179241984,1597988408000000000,2020-08-21 13:40:08.000000,3966.0,3980.0,3940.0,3940.0,nan,3963.162065,123765,4905007530.0,365965,3967.0,104,3966.0,13,3968.0,109,3965.0,81,3969.0,72,3964.0,40,3970.0,59,3963.0,51,3971.0,82,3962.0,180
1597988408628384000,1597988408500000000,2020-08-21 13:40:08.500000,3966.0,3980.0,3940.0,3940.0,nan,3963.162065,123765,4905007530.0,365965,3967.0,104,3966.0,13,3968.0,109,3965.0,81,3969.0,72,3964.0,40,3970.0,59,3963.0,51,3971.0,77,3962.0,180
1597988409138466048,1597988409000000000,2020-08-21 13:40:09.000000,3966.0,3980.0,3940.0,3940.0,nan,3963.162088,123766,4905047190.0,365964,3967.0,104,3966.0,12,3968.0,109,3965.0,81,3969.0,72,3964.0,40,3970.0,59,3963.0,51,3971.0,77,3962.0,180
1597988409620488960,1597988409500000000,2020-08-21 13:40:09.500000,3966.0,3980.0,3940.0,3940.0,nan,3963.162088,123766,4905047190.0,365964,3967.0,106,3966.0,12,3968.0,109,3965.0,81,3969.0,72,3964.0,40,3970.0,59,3963.0,51,3971.0,77,3962.0,180
1597988410626740992,1597988410500000000,2020-08-21 13:40:10.500000,3966.0,3980.0,3940.0,3940.0,nan,3963.162203,123771,4905245490.0,365960,3967.0,113,3966.0,7,3968.0,110,3965.0,81,3969.0,72,3964.0,40,3970.0,59,3963.0,51,3971.0,77,3962.0,180
1597988411143569920,1597988411000000000,2020-08-21 13:40:11.000000,3966.0,3980.0,3940.0,3940.0,nan,3963.162409,123780,4905602430.0,365960,3966.0,3,3965.0,81,3967.0,113,3964.0,40,3968.0,113,3963.0,51,3969.0,72,3962.0,180,3970.0,59,3961.0,36
1597988411629893120,1597988411500000000,2020-08-21 13:40:11.500000,3965.0,3980.0,3940.0,3940.0,nan,3963.162424,123781,4905642080.0,365960,3966.0,21,3965.0,83,3967.0,92,3964.0,36,3968.0,113,3963.0,51,3969.0,72,3962.0,180,3970.0,59,3961.0,36
1597988412134430976,1597988412000000000,2020-08-21 13:40:12.000000,3965.0,3980.0,3940.0,3940.0,nan,3963.162439,123782,4905681730.0,365960,3966.0,21,3965.0,82,3967.0,97,3964.0,41,3968.0,116,3963.0,51,3969.0,72,3962.0,180,3970.0,59,3961.0,36
1597988413113720064,1597988413000000000,2020-08-21 13:40:13.000000,3965.0,3980.0,3940.0,3940.0,nan,3963.162439,123782,4905681730.0,365960,3966.0,37,3965.0,63,3967.0,101,3964.0,41,3968.0,116,3963.0,50,3969.0,72,3962.0,180,3970.0,59,3961.0,36
1597988413644781056,1597988413500000000,2020-08-21 13:40:13.500000,3965.0,3980.0,3940.0,3940.0,nan,3963.162439,123782,4905681730.0,365960,3966.0,58,3965.0,64,3967.0,101,3964.0,45,3968.0,116,3963.0,50,3969.0,72,3962.0,180,3970.0,59,3961.0,36
1597988414149629952,1597988414000000000,2020-08-21 13:40:14.000000,3965.0,3980.0,3940.0,3940.0,nan,3963.162513,123787,4905879980.0,365957,3966.0,58,3965.0,61,3967.0,101,3964.0,45,3968.0,116,3963.0,50,3969.0,72,3962.0,180,3970.0,59,3961.0,36
1597988414639041024,1597988414500000000,2020-08-21 13:40:14.500000,3965.0,3980.0,3940.0,3940.0,nan,3963.162513,123787,4905879980.0,365957,3966.0,61,3965.0,61,3967.0,101,3964.0,45,3968.0,116,3963.0,50,3969.0,72,3962.0,180,3970.0,59,3961.0,36
1597988415658917120,1597988415500000000,2020-08-21 13:40:15.500000,3965.0,3980.0,3940.0,3940.0,nan,3963.162513,123787,4905879980.0,365957,3966.0,61,3965.0,61,3967.0,101,3964.0,55,3968.0,116,3963.0,50,3969.0,72,3962.0,180,3970.0,59,3961.0,36
1597988416128506112,1597988416000000000,2020-08-21 13:40:16.000000,3966.0,3980.0,3940.0,3940.0,nan,3963.162582,123790,4905998960.0,365954,3966.0,58,3965.0,61,3967.0,101,3964.0,55,3968.0,116,3963.0,50,3969.0,73,3962.0,180,3970.0,59,3961.0,36
1597988416624429056,1597988416500000000,2020-08-21 13:40:16.500000,3966.0,3980.0,3940.0,3940.0,nan,3963.162582,123790,4905998960.0,365954,3966.0,53,3965.0,61,3967.0,101,3964.0,55,3968.0,116,3963.0,51,3969.0,73,3962.0,180,3970.0,59,3961.0,36
1597988419117074944,1597988419000000000,2020-08-21 13:40:19.000000,3966.0,3980.0,3940.0,3940.0,nan,3963.162582,123790,4905998960.0,365954,3966.0,54,3965.0,61,3967.0,101,3964.0,55,3968.0,116,3963.0,51,3969.0,73,3962.0,180,3970.0,59,3961.0,36
1597988420106611968,1597988420000000000,2020-08-21 13:40:20.000000,3966.0,3980.0,3940.0,3940.0,nan,3963.162582,123790,4905998960.0,365954,3966.0,55,3965.0,61,3967.0,101,3964.0,55,3968.0,115,3963.0,51,3969.0,73,3962.0,180,3970.0,59,3961.0,36
1597988421120442112,1597988421000000000,2020-08-21 13:40:21.000000,3966.0,3980.0,3940.0,3940.0,nan,3963.162582,123790,4905998960.0,365954,3966.0,53,3965.0,61,3967.0,101,3964.0,55,3968.0,115,3963.0,51,3969.0,73,3962.0,180,3970.0,59,3961.0,36
1597988421613412096,1597988421500000000,2020-08-21 13:40:21.500000,3966.0,3980.0,3940.0,3940.0,nan,3963.162582,123790,4905998960.0,365954,3966.0,44,3965.0,61,3967.0,101,3964.0,45,3968.0,115,3963.0,51,3969.0,73,3962.0,180,3970.0,59,3961.0,36
1597988422114841088,1597988422000000000,2020-08-21 13:40:22.000000,3966.0,3980.0,3940.0,3940.0,nan,3963.162582,123790,4905998960.0,365954,3966.0,39,3965.0,61,3967.0,101,3964.0,45,3968.0,115,3963.0,51,3969.0,73,3962.0,180,3970.0,59,3961.0,36
1597988422663934976,1597988422500000000,2020-08-21 13:40:22.500000,3965.0,3980.0,3940.0,3940.0,nan,3963.162597,123791,4906038610.0,365953,3966.0,39,3965.0,61,3967.0,101,3964.0,45,3968.0,115,3963.0,51,3969.0,73,3962.0,180,3970.0,59,3961.0,36
1597988423143017984,1597988423000000000,2020-08-21 13:40:23.000000,3965.0,3980.0,3940.0,3940.0,nan,3963.162597,123791,4906038610.0,365953,3966.0,39,3965.0,67,3967.0,101,3964.0,45,3968.0,115,3963.0,51,3969.0,73,3962.0,180,3970.0,59,3961.0,36
1597988423626038016,1597988423500000000,2020-08-21 13:40:23.500000,3965.0,3980.0,3940.0,3940.0,nan,3963.162597,123791,4906038610.0,365953,3966.0,27,3965.0,67,3967.0,98,3964.0,45,3968.0,115,3963.0,51,3969.0,73,3962.0,180,3970.0,59,3961.0,36
1597988424207634944,1597988424000000000,2020-08-21 13:40:24.000000,3965.0,3980.0,3940.0,3940.0,nan,3963.162671,123796,4906236860.0,365953,3966.0,30,3965.0,62,3967.0,98,3964.0,45,3968.0,115,3963.0,51,3969.0,73,3962.0,180,3970.0,59,3961.0,36
1597988425612960000,1597988425500000000,2020-08-21 13:40:25.500000,3966.0,3980.0,3940.0,3940.0,nan,3963.162785,123801,4906435160.0,365953,3966.0,25,3965.0,62,3967.0,98,3964.0,45,3968.0,115,3963.0,51,3969.0,73,3962.0,180,3970.0,59,3961.0,36
1597988426182769920,1597988426000000000,2020-08-21 13:40:26.000000,3966.0,3980.0,3940.0,3940.0,nan,3963.162808,123802,4906474820.0,365953,3966.0,24,3965.0,63,3967.0,98,3964.0,45,3968.0,115,3963.0,51,3969.0,73,3962.0,180,3970.0,59,3961.0,36
1597988426688836096,1597988426500000000,2020-08-21 13:40:26.500000,3966.0,3980.0,3940.0,3940.0,nan,3963.162808,123802,4906474820.0,365953,3966.0,24,3965.0,65,3967.0,98,3964.0,45,3968.0,115,3963.0,51,3969.0,73,3962.0,180,3970.0,59,3961.0,36
1597988427617285120,1597988427500000000,2020-08-21 13:40:27.500000,3966.0,3980.0,3940.0,3940.0,nan,3963.162923,123807,4906673120.0,365953,3966.0,19,3965.0,65,3967.0,98,3964.0,45,3968.0,115,3963.0,51,3969.0,73,3962.0,180,3970.0,59,3961.0,36
1597988428118252032,1597988428000000000,2020-08-21 13:40:28.000000,3966.0,3980.0,3940.0,3940.0,nan,3963.162923,123807,4906673120.0,365953,3966.0,13,3965.0,66,3967.0,98,3964.0,45,3968.0,115,3963.0,51,3969.0,73,3962.0,180,3970.0,59,3961.0,36
1597988429127742976,1597988429000000000,2020-08-21 13:40:29.000000,3966.0,3980.0,3940.0,3940.0,nan,3963.162923,123807,4906673120.0,365953,3966.0,16,3965.0,66,3967.0,98,3964.0,45,3968.0,114,3963.0,51,3969.0,73,3962.0,180,3970.0,59,3961.0,36
1597988429602654976,1597988429500000000,2020-08-21 13:40:29.500000,3966.0,3980.0,3940.0,3940.0,nan,3963.162923,123807,4906673120.0,365953,3966.0,16,3965.0,67,3967.0,98,3964.0,45,3968.0,114,3963.0,51,3969.0,73,3962.0,180,3970.0,59,3961.0,36
1597988430129382912,1597988430000000000,2020-08-21 13:40:30.000000,3966.0,3980.0,3940.0,3940.0,nan,3963.162923,123807,4906673120.0,365953,3966.0,16,3965.0,67,3967.0,98,3964.0,45,3968.0,114,3963.0,51,3969.0,73,3962.0,181,3970.0,89,3961.0,36
1597988430627374080,1597988430500000000,2020-08-21 13:40:30.500000,3966.0,3980.0,3940.0,3940.0,nan,3963.162923,123807,4906673120.0,365953,3966.0,17,3965.0,73,3967.0,98,3964.0,45,3968.0,114,3963.0,51,3969.0,73,3962.0,181,3970.0,89,3961.0,36
1597988431620058880,1597988431500000000,2020-08-21 13:40:31.500000,3966.0,3980.0,3940.0,3940.0,nan,3963.162961,123809,4906752430.0,365952,3966.0,16,3965.0,72,3967.0,98,3964.0,45,3968.0,114,3963.0,51,3969.0,73,3962.0,181,3970.0,89,3961.0,36
1597988433614981888,1597988433500000000,2020-08-21 13:40:33.500000,3966.0,3980.0,3940.0,3940.0,nan,3963.163075,123814,4906950730.0,365952,3966.0,11,3965.0,72,3967.0,98,3964.0,45,3968.0,114,3963.0,51,3969.0,73,3962.0,181,3970.0,89,3961.0,36
1597988434108433920,1597988434000000000,2020-08-21 13:40:34.000000,3965.0,3980.0,3940.0,3940.0,nan,3963.163149,123819,4907148980.0,365949,3966.0,11,3965.0,67,3967.0,98,3964.0,45,3968.0,114,3963.0,51,3969.0,73,3962.0,181,3970.0,89,3961.0,36
1597988434612721920,1597988434500000000,2020-08-21 13:40:34.500000,3965.0,3980.0,3940.0,3940.0,nan,3963.163149,123819,4907148980.0,365949,3966.0,11,3965.0,67,3967.0,94,3964.0,45,3968.0,114,3963.0,51,3969.0,73,3962.0,181,3970.0,89,3961.0,36
1597988435611724032,1597988435500000000,2020-08-21 13:40:35.500000,3965.0,3980.0,3940.0,3940.0,nan,3963.163298,123829,4907545480.0,365956,3966.0,11,3965.0,57,3967.0,94,3964.0,45,3968.0,114,3963.0,51,3969.0,73,3962.0,181,3970.0,89,3961.0,36
1597988436163041024,1597988436000000000,2020-08-21 13:40:36.000000,3965.0,3980.0,3940.0,3940.0,nan,3963.163298,123829,4907545480.0,365956,3966.0,11,3965.0,91,3967.0,94,3964.0,45,3968.0,114,3963.0,51,3969.0,73,3962.0,181,3970.0,89,3961.0,36
1597988437109282048,1597988437000000000,2020-08-21 13:40:37.000000,3965.0,3980.0,3940.0,3940.0,nan,3963.163632,123845,4908180000.0,365945,3967.0,94,3965.0,97,3968.0,114,3964.0,45,3969.0,73,3963.0,51,3970.0,89,3962.0,181,3971.0,77,3961.0,36
1597988437616046080,1597988437500000000,2020-08-21 13:40:37.500000,3966.0,3980.0,3940.0,3940.0,nan,3963.163746,123850,4908378300.0,365940,3967.0,99,3966.0,16,3968.0,119,3965.0,100,3969.0,73,3964.0,45,3970.0,89,3963.0,52,3971.0,77,3962.0,181
1597988438147873024,1597988438000000000,2020-08-21 13:40:38.000000,3966.0,3980.0,3940.0,3940.0,nan,3963.163861,123855,4908576600.0,365935,3967.0,89,3966.0,31,3968.0,115,3965.0,110,3969.0,73,3964.0,45,3970.0,89,3963.0,52,3971.0,77,3962.0,181
1597988438613903104,1597988438500000000,2020-08-21 13:40:38.500000,3966.0,3980.0,3940.0,3940.0,nan,3963.163861,123855,4908576600.0,365935,3967.0,89,3966.0,33,3968.0,115,3965.0,110,3969.0,73,3964.0,45,3970.0,89,3963.0,52,3971.0,77,3962.0,181
1597988439137242880,1597988439000000000,2020-08-21 13:40:39.000000,3967.0,3980.0,3940.0,3940.0,nan,3963.163892,123856,4908616270.0,365935,3967.0,88,3966.0,37,3968.0,115,3965.0,110,3969.0,73,3964.0,45,3970.0,89,3963.0,52,3971.0,77,3962.0,181
1597988439622674944,1597988439500000000,2020-08-21 13:40:39.500000,3967.0,3980.0,3940.0,3940.0,nan,3963.163923,123857,4908655940.0,365934,3967.0,87,3966.0,45,3968.0,119,3965.0,104,3969.0,73,3964.0,45,3970.0,89,3963.0,52,3971.0,77,3962.0,181
1597988440125665024,1597988440000000000,2020-08-21 13:40:40.000000,3967.0,3980.0,3940.0,3940.0,nan,3963.163923,123857,4908655940.0,365934,3967.0,87,3966.0,45,3968.0,124,3965.0,104,3969.0,73,3964.0,45,3970.0,89,3963.0,52,3971.0,77,3962.0,181
1597988440633441024,1597988440500000000,2020-08-21 13:40:40.500000,3967.0,3980.0,3940.0,3940.0,nan,3963.163954,123858,4908695610.0,365934,3967.0,86,3966.0,45,3968.0,124,3965.0,104,3969.0,73,3964.0,45,3970.0,89,3963.0,52,3971.0,77,3962.0,181
1597988442618332928,1597988442500000000,2020-08-21 13:40:42.500000,3967.0,3980.0,3940.0,3940.0,nan,3963.163954,123858,4908695610.0,365934,3967.0,86,3966.0,51,3968.0,124,3965.0,104,3969.0,74,3964.0,45,3970.0,89,3963.0,52,3971.0,77,3962.0,181
1597988443110535936,1597988443000000000,2020-08-21 13:40:43.000000,3967.0,3980.0,3940.0,3940.0,nan,3963.163954,123858,4908695610.0,365934,3967.0,85,3966.0,42,3968.0,124,3965.0,104,3969.0,74,3964.0,45,3970.0,89,3963.0,52,3971.0,77,3962.0,181
1597988443636055040,1597988443500000000,2020-08-21 13:40:43.500000,3967.0,3980.0,3940.0,3940.0,nan,3963.163954,123858,4908695610.0,365934,3967.0,85,3966.0,39,3968.0,124,3965.0,104,3969.0,74,3964.0,45,3970.0,89,3963.0,52,3971.0,77,3962.0,181
1597988444155959040,1597988444000000000,2020-08-21 13:40:44.000000,3966.0,3980.0,3940.0,3940.0,nan,3963.164068,123863,4908893910.0,365929,3967.0,85,3966.0,34,3968.0,124,3965.0,104,3969.0,74,3964.0,45,3970.0,89,3963.0,52,3971.0,77,3962.0,181
1597988444640814080,1597988444500000000,2020-08-21 13:40:44.500000,3966.0,3980.0,3940.0,3940.0,nan,3963.164068,123863,4908893910.0,365929,3967.0,85,3966.0,21,3968.0,124,3965.0,104,3969.0,74,3964.0,45,3970.0,89,3963.0,52,3971.0,77,3962.0,181
1597988449116509952,1597988449000000000,2020-08-21 13:40:49.000000,3966.0,3980.0,3940.0,3940.0,nan,3963.164091,123864,4908933570.0,365929,3967.0,85,3966.0,20,3968.0,124,3965.0,104,3969.0,74,3964.0,45,3970.0,89,3963.0,52,3971.0,77,3962.0,181
1597988449613837056,1597988449500000000,2020-08-21 13:40:49.500000,3966.0,3980.0,3940.0,3940.0,nan,3963.164091,123864,4908933570.0,365929,3967.0,85,3966.0,21,3968.0,124,3965.0,104,3969.0,74,3964.0,45,3970.0,89,3963.0,52,3971.0,77,3962.0,181
1597988451610493952,1597988451500000000,2020-08-21 13:40:51.500000,3966.0,3980.0,3940.0,3940.0,nan,3963.164091,123864,4908933570.0,365929,3967.0,84,3966.0,21,3968.0,124,3965.0,104,3969.0,74,3964.0,45,3970.0,89,3963.0,52,3971.0,77,3962.0,181
1597988452121844992,1597988452000000000,2020-08-21 13:40:52.000000,3966.0,3980.0,3940.0,3940.0,nan,3963.164091,123864,4908933570.0,365929,3967.0,84,3966.0,18,3968.0,124,3965.0,104,3969.0,74,3964.0,45,3970.0,89,3963.0,52,3971.0,77,3962.0,181
1597988453618625024,1597988453500000000,2020-08-21 13:40:53.500000,3967.0,3980.0,3940.0,3940.0,nan,3963.164292,123871,4909211240.0,365928,3967.0,79,3966.0,16,3968.0,124,3965.0,104,3969.0,74,3964.0,45,3970.0,89,3963.0,52,3971.0,77,3962.0,181
1597988454122732032,1597988454000000000,2020-08-21 13:40:54.000000,3966.0,3980.0,3940.0,3940.0,nan,3963.164406,123876,4909409540.0,365928,3967.0,79,3966.0,14,3968.0,124,3965.0,104,3969.0,74,3964.0,45,3970.0,89,3963.0,52,3971.0,77,3962.0,181
1597988455601650944,1597988455500000000,2020-08-21 13:40:55.500000,3966.0,3980.0,3940.0,3940.0,nan,3963.164406,123876,4909409540.0,365928,3967.0,72,3966.0,14,3968.0,124,3965.0,104,3969.0,74,3964.0,45,3970.0,89,3963.0,52,3971.0,77,3962.0,181
1597988456153743872,1597988456000000000,2020-08-21 13:40:56.000000,3967.0,3980.0,3940.0,3940.0,nan,3963.164676,123886,4909806190.0,365923,3967.0,67,3966.0,9,3968.0,124,3965.0,104,3969.0,74,3964.0,45,3970.0,89,3963.0,52,3971.0,77,3962.0,181
1597988456615247872,1597988456500000000,2020-08-21 13:40:56.500000,3966.0,3980.0,3940.0,3940.0,nan,3963.16479,123891,4910004490.0,365921,3967.0,67,3966.0,4,3968.0,124,3965.0,104,3969.0,74,3964.0,45,3970.0,89,3963.0,52,3971.0,77,3962.0,181
1597988457121954048,1597988457000000000,2020-08-21 13:40:57.000000,3966.0,3980.0,3940.0,3940.0,nan,3963.164882,123895,4910163130.0,365920,3966.0,1,3965.0,104,3967.0,67,3964.0,45,3968.0,124,3963.0,52,3969.0,74,3962.0,181,3970.0,89,3961.0,36
1597988457600841984,1597988457500000000,2020-08-21 13:40:57.500000,3966.0,3980.0,3940.0,3940.0,nan,3963.164882,123895,4910163130.0,365920,3967.0,67,3965.0,94,3968.0,124,3964.0,41,3969.0,74,3963.0,52,3970.0,89,3962.0,181,3971.0,77,3961.0,36
1597988458110032896,1597988458000000000,2020-08-21 13:40:58.000000,3967.0,3980.0,3940.0,3940.0,nan,3963.165036,123900,4910361480.0,365920,3967.0,72,3965.0,108,3968.0,124,3964.0,41,3969.0,74,3963.0,52,3970.0,89,3962.0,181,3971.0,77,3961.0,36
1597988459617628928,1597988459500000000,2020-08-21 13:40:59.500000,3967.0,3980.0,3940.0,3940.0,nan,3963.165036,123900,4910361480.0,365920,3967.0,72,3965.0,104,3968.0,124,3964.0,41,3969.0,74,3963.0,52,3970.0,89,3962.0,181,3971.0,77,3961.0,36
1597988460133254912,1597988460000000000,2020-08-21 13:41:00.000000,3967.0,3980.0,3940.0,3940.0,nan,3963.165036,123900,4910361480.0,365920,3967.0,77,3966.0,1,3968.0,126,3965.0,104,3969.0,74,3964.0,45,3970.0,89,3963.0,52,3971.0,77,3962.0,181
1597988460608229120,1597988460500000000,2020-08-21 13:41:00.500000,3966.0,3980.0,3940.0,3940.0,nan,3963.165336,123911,4910797800.0,365915,3966.0,2,3965.0,104,3967.0,61,3964.0,45,3968.0,126,3963.0,52,3969.0,74,3962.0,181,3970.0,89,3961.0,36
1597988461109314048,1597988461000000000,2020-08-21 13:41:01.000000,3966.0,3980.0,3940.0,3940.0,nan,3963.165336,123911,4910797800.0,365915,3966.0,2,3965.0,94,3967.0,61,3964.0,45,3968.0,126,3963.0,52,3969.0,74,3962.0,181,3970.0,89,3961.0,36
1597988461621768960,1597988461500000000,2020-08-21 13:41:01.500000,3966.0,3980.0,3940.0,3940.0,nan,3963.165336,123911,4910797800.0,365915,3966.0,2,3965.0,94,3967.0,61,3964.0,45,3968.0,126,3963.0,52,3969.0,74,3962.0,181,3970.0,88,3961.0,36
1597988462163023104,1597988462000000000,2020-08-21 13:41:02.000000,3966.0,3980.0,3940.0,3940.0,nan,3963.165336,123911,4910797800.0,365915,3966.0,2,3965.0,94,3967.0,61,3964.0,45,3968.0,126,3963.0,52,3969.0,75,3962.0,181,3970.0,88,3961.0,36
1597988462609912064,1597988462500000000,2020-08-21 13:41:02.500000,3966.0,3980.0,3940.0,3940.0,nan,3963.165336,123911,4910797800.0,365915,3966.0,2,3965.0,97,3967.0,61,3964.0,45,3968.0,126,3963.0,52,3969.0,75,3962.0,181,3970.0,88,3961.0,36
1597988463126086912,1597988463000000000,2020-08-21 13:41:03.000000,3966.0,3980.0,3940.0,3940.0,nan,3963.165359,123912,4910837460.0,365914,3966.0,1,3965.0,97,3967.0,61,3964.0,45,3968.0,126,3963.0,52,3969.0,75,3962.0,181,3970.0,88,3961.0,36
1597988463607832064,1597988463500000000,2020-08-21 13:41:03.500000,3966.0,3980.0,3940.0,3940.0,nan,3963.165359,123912,4910837460.0,365914,3966.0,1,3965.0,97,3967.0,67,3964.0,45,3968.0,126,3963.0,52,3969.0,75,3962.0,181,3970.0,88,3961.0,36
1597988464135289088,1597988464000000000,2020-08-21 13:41:04.000000,3965.0,3980.0,3940.0,3940.0,nan,3963.165433,123917,4911035710.0,365913,3966.0,1,3965.0,99,3967.0,67,3964.0,45,3968.0,126,3963.0,52,3969.0,74,3962.0,181,3970.0,88,3961.0,36
1597988464615072000,1597988464500000000,2020-08-21 13:41:04.500000,3965.0,3980.0,3940.0,3940.0,nan,3963.165433,123917,4911035710.0,365913,3966.0,1,3965.0,95,3967.0,67,3964.0,45,3968.0,126,3963.0,52,3969.0,75,3962.0,181,3970.0,88,3961.0,36
1597988465145974016,1597988465000000000,2020-08-21 13:41:05.000000,3965.0,3980.0,3940.0,3940.0,nan,3963.165433,123917,4911035710.0,365913,3966.0,3,3965.0,95,3967.0,67,3964.0,45,3968.0,126,3963.0,52,3969.0,75,3962.0,181,3970.0,88,3961.0,36
1597988465608591872,1597988465500000000,2020-08-21 13:41:05.500000,3965.0,3980.0,3940.0,3940.0,nan,3963.165433,123917,4911035710.0,365913,3966.0,3,3965.0,96,3967.0,67,3964.0,45,3968.0,126,3963.0,52,3969.0,75,3962.0,181,3970.0,88,3961.0,36
1597988466616135936,1597988466500000000,2020-08-21 13:41:06.500000,3965.0,3980.0,3940.0,3940.0,nan,3963.165433,123917,4911035710.0,365913,3966.0,3,3965.0,96,3967.0,68,3964.0,45,3968.0,126,3963.0,52,3969.0,75,3962.0,181,3970.0,88,3961.0,36
1597988467129891072,1597988467000000000,2020-08-21 13:41:07.000000,3965.0,3980.0,3940.0,3940.0,nan,3963.165433,123917,4911035710.0,365913,3966.0,3,3965.0,96,3967.0,68,3964.0,45,3968.0,126,3963.0,56,3969.0,75,3962.0,181,3970.0,88,3961.0,36
1597988468148837888,1597988468000000000,2020-08-21 13:41:08.000000,3965.0,3980.0,3940.0,3940.0,nan,3963.165433,123917,4911035710.0,365913,3966.0,3,3965.0,96,3967.0,68,3964.0,45,3968.0,121,3963.0,56,3969.0,75,3962.0,181,3970.0,88,3961.0,36
1597988468621849088,1597988468500000000,2020-08-21 13:41:08.500000,3965.0,3980.0,3940.0,3940.0,nan,3963.165448,123918,4911075360.0,365914,3966.0,3,3965.0,95,3967.0,68,3964.0,45,3968.0,121,3963.0,56,3969.0,75,3962.0,181,3970.0,88,3961.0,36
1597988469145908992,1597988469000000000,2020-08-21 13:41:09.000000,3965.0,3980.0,3940.0,3940.0,nan,3963.165448,123918,4911075360.0,365914,3966.0,8,3965.0,95,3967.0,68,3964.0,45,3968.0,121,3963.0,56,3969.0,75,3962.0,181,3970.0,88,3961.0,36
1597988469617104896,1597988469500000000,2020-08-21 13:41:09.500000,3965.0,3980.0,3940.0,3940.0,nan,3963.165448,123918,4911075360.0,365914,3966.0,7,3965.0,95,3967.0,73,3964.0,45,3968.0,121,3963.0,56,3969.0,75,3962.0,181,3970.0,88,3961.0,36
1597988470620570112,1597988470500000000,2020-08-21 13:41:10.500000,3965.0,3980.0,3940.0,3940.0,nan,3963.165448,123918,4911075360.0,365914,3966.0,13,3965.0,105,3967.0,73,3964.0,45,3968.0,121,3963.0,57,3969.0,75,3962.0,181,3970.0,88,3961.0,36
1597988471618021120,1597988471500000000,2020-08-21 13:41:11.500000,3965.0,3980.0,3940.0,3940.0,nan,3963.165478,123920,4911154660.0,365914,3966.0,13,3965.0,103,3967.0,73,3964.0,45,3968.0,121,3963.0,57,3969.0,75,3962.0,181,3970.0,88,3961.0,36
1597988472119703040,1597988472000000000,2020-08-21 13:41:12.000000,3965.0,3980.0,3940.0,3940.0,nan,3963.165478,123920,4911154660.0,365914,3966.0,18,3965.0,100,3967.0,73,3964.0,41,3968.0,121,3963.0,57,3969.0,75,3962.0,181,3970.0,88,3961.0,36
1597988472613521920,1597988472500000000,2020-08-21 13:41:12.500000,3965.0,3980.0,3940.0,3940.0,nan,3963.165478,123920,4911154660.0,365914,3966.0,18,3965.0,66,3967.0,73,3964.0,41,3968.0,121,3963.0,57,3969.0,75,3962.0,181,3970.0,88,3961.0,36
1597988473107867904,1597988473000000000,2020-08-21 13:41:13.000000,3965.0,3980.0,3940.0,3940.0,nan,3963.165478,123920,4911154660.0,365914,3966.0,24,3965.0,65,3967.0,73,3964.0,41,3968.0,121,3963.0,57,3969.0,75,3962.0,181,3970.0,88,3961.0,36
1597988473607655936,1597988473500000000,2020-08-21 13:41:13.500000,3965.0,3980.0,3940.0,3940.0,nan,3963.165478,123920,4911154660.0,365914,3966.0,24,3965.0,63,3967.0,73,3964.0,45,3968.0,121,3963.0,57,3969.0,75,3962.0,181,3970.0,88,3961.0,36
1597988474146008064,1597988474000000000,2020-08-21 13:41:14.000000,3965.0,3980.0,3940.0,3940.0,nan,3963.165581,123927,4911432210.0,365915,3966.0,45,3965.0,56,3967.0,73,3964.0,45,3968.0,121,3963.0,57,3969.0,75,3962.0,181,3970.0,88,3961.0,36
1597988474616453120,1597988474500000000,2020-08-21 13:41:14.500000,3965.0,3980.0,3940.0,3940.0,nan,3963.165581,123927,4911432210.0,365915,3966.0,58,3965.0,42,3967.0,73,3964.0,45,3968.0,121,3963.0,57,3969.0,75,3962.0,181,3970.0,88,3961.0,36
1597988475131975936,1597988475000000000,2020-08-21 13:41:15.000000,3966.0,3980.0,3940.0,3940.0,nan,3963.165604,123928,4911471870.0,365915,3966.0,57,3965.0,42,3967.0,73,3964.0,45,3968.0,121,3963.0,57,3969.0,75,3962.0,181,3970.0,88,3961.0,36
1597988478152912896,1597988478000000000,2020-08-21 13:41:18.000000,3966.0,3980.0,3940.0,3940.0,nan,3963.165604,123928,4911471870.0,365915,3966.0,44,3965.0,42,3967.0,73,3964.0,45,3968.0,121,3963.0,57,3969.0,75,3962.0,181,3970.0,88,3961.0,36
1597988478668657920,1597988478500000000,2020-08-21 13:41:18.500000,3966.0,3980.0,3940.0,3940.0,nan,3963.165604,123928,4911471870.0,365915,3966.0,35,3965.0,55,3967.0,73,3964.0,45,3968.0,121,3963.0,57,3969.0,75,3962.0,181,3970.0,88,3961.0,36
1597988479624331008,1597988479500000000,2020-08-21 13:41:19.500000,3966.0,3980.0,3940.0,3940.0,nan,3963.165604,123928,4911471870.0,365915,3966.0,37,3965.0,55,3967.0,71,3964.0,45,3968.0,121,3963.0,57,3969.0,75,3962.0,182,3970.0,88,3961.0,36
1597988480129967104,1597988480000000000,2020-08-21 13:41:20.000000,3966.0,3980.0,3940.0,3940.0,nan,3963.165627,123929,4911511530.0,365915,3966.0,36,3965.0,55,3967.0,71,3964.0,45,3968.0,121,3963.0,57,3969.0,75,3962.0,182,3970.0,88,3961.0,36
1597988480640116992,1597988480500000000,2020-08-21 13:41:20.500000,3966.0,3980.0,3940.0,3940.0,nan,3963.165627,123929,4911511530.0,365915,3966.0,39,3965.0,55,3967.0,71,3964.0,45,3968.0,121,3963.0,57,3969.0,75,3962.0,182,3970.0,88,3961.0,36
1597988481621850880,1597988481500000000,2020-08-21 13:41:21.500000,3966.0,3980.0,3940.0,3940.0,nan,3963.165627,123929,4911511530.0,365915,3966.0,39,3965.0,56,3967.0,71,3964.0,45,3968.0,121,3963.0,57,3969.0,75,3962.0,182,3970.0,88,3961.0,36
1597988482616262912,1597988482500000000,2020-08-21 13:41:22.500000,3966.0,3980.0,3940.0,3940.0,nan,3963.165627,123929,4911511530.0,365915,3966.0,39,3965.0,56,3967.0,72,3964.0,45,3968.0,121,3963.0,57,3969.0,75,3962.0,182,3970.0,88,3961.0,36
1597988483162108928,1597988483000000000,2020-08-21 13:41:23.000000,3966.0,3980.0,3940.0,3940.0,nan,3963.16565,123930,4911551190.0,365914,3966.0,38,3965.0,56,3967.0,72,3964.0,45,3968.0,121,3963.0,57,3969.0,75,3962.0,182,3970.0,88,3961.0,36
1597988484157526016,1597988484000000000,2020-08-21 13:41:24.000000,3965.0,3980.0,3940.0,3940.0,nan,3963.165739,123936,4911789090.0,365915,3966.0,38,3965.0,51,3967.0,72,3964.0,45,3968.0,121,3963.0,57,3969.0,75,3962.0,182,3970.0,88,3961.0,36
1597988484622053120,1597988484500000000,2020-08-21 13:41:24.500000,3965.0,3980.0,3940.0,3940.0,nan,3963.165739,123936,4911789090.0,365915,3966.0,47,3965.0,51,3967.0,72,3964.0,45,3968.0,121,3963.0,57,3969.0,75,3962.0,182,3970.0,88,3961.0,36
1597988485133851904,1597988485000000000,2020-08-21 13:41:25.000000,3965.0,3980.0,3940.0,3940.0,nan,3963.165739,123936,4911789090.0,365915,3966.0,47,3965.0,38,3967.0,72,3964.0,41,3968.0,121,3963.0,57,3969.0,75,3962.0,182,3970.0,88,3961.0,42
1597988485655376896,1597988485500000000,2020-08-21 13:41:25.500000,3965.0,3980.0,3940.0,3940.0,nan,3963.165739,123936,4911789090.0,365915,3966.0,47,3965.0,38,3967.0,72,3964.0,41,3968.0,121,3963.0,57,3969.0,75,3962.0,182,3970.0,88,3961.0,45
1597988487115056128,1597988487000000000,2020-08-21 13:41:27.000000,3966.0,3980.0,3940.0,3940.0,nan,3963.165853,123941,4911987390.0,365919,3966.0,42,3965.0,38,3967.0,72,3964.0,41,3968.0,121,3963.0,57,3969.0,75,3962.0,182,3970.0,88,3961.0,45
1597988488119177984,1597988488000000000,2020-08-21 13:41:28.000000,3966.0,3980.0,3940.0,3940.0,nan,3963.165853,123941,4911987390.0,365919,3966.0,42,3965.0,51,3967.0,72,3964.0,41,3968.0,121,3963.0,57,3969.0,75,3962.0,182,3970.0,88,3961.0,45
1597988488637361920,1597988488500000000,2020-08-21 13:41:28.500000,3966.0,3980.0,3940.0,3940.0,nan,3963.165853,123941,4911987390.0,365919,3966.0,33,3965.0,51,3967.0,72,3964.0,41,3968.0,121,3963.0,57,3969.0,75,3962.0,182,3970.0,88,3961.0,45
1597988489154949888,1597988489000000000,2020-08-21 13:41:29.000000,3966.0,3980.0,3940.0,3940.0,nan,3963.165853,123941,4911987390.0,365919,3966.0,21,3965.0,51,3967.0,72,3964.0,41,3968.0,121,3963.0,57,3969.0,75,3962.0,182,3970.0,88,3961.0,45
1597988489618290944,1597988489500000000,2020-08-21 13:41:29.500000,3966.0,3980.0,3940.0,3940.0,nan,3963.165853,123941,4911987390.0,365919,3966.0,21,3965.0,51,3967.0,72,3964.0,45,3968.0,121,3963.0,57,3969.0,75,3962.0,182,3970.0,88,3961.0,45
1597988490149089024,1597988490000000000,2020-08-21 13:41:30.000000,3966.0,3980.0,3940.0,3940.0,nan,3963.165876,123942,4912027050.0,365919,3966.0,20,3965.0,51,3967.0,72,3964.0,45,3968.0,121,3963.0,57,3969.0,75,3962.0,182,3970.0,88,3961.0,45
1597988491133314048,1597988491000000000,2020-08-21 13:41:31.000000,3965.0,3980.0,3940.0,3940.0,nan,3963.165891,123943,4912066700.0,365920,3966.0,20,3965.0,50,3967.0,72,3964.0,45,3968.0,121,3963.0,57,3969.0,75,3962.0,182,3970.0,88,3961.0,45
1597988491619936000,1597988491500000000,2020-08-21 13:41:31.500000,3965.0,3980.0,3940.0,3940.0,nan,3963.165891,123943,4912066700.0,365920,3966.0,20,3965.0,50,3967.0,72,3964.0,45,3968.0,118,3963.0,57,3969.0,75,3962.0,182,3970.0,88,3961.0,45
1597988492151853056,1597988492000000000,2020-08-21 13:41:32.000000,3966.0,3980.0,3940.0,3940.0,nan,3963.166005,123948,4912265000.0,365920,3966.0,15,3965.0,50,3967.0,72,3964.0,45,3968.0,118,3963.0,57,3969.0,75,3962.0,182,3970.0,88,3961.0,45
1597988492631301120,1597988492500000000,2020-08-21 13:41:32.500000,3966.0,3980.0,3940.0,3940.0,nan,3963.166005,123948,4912265000.0,365920,3966.0,12,3965.0,73,3967.0,72,3964.0,45,3968.0,118,3963.0,57,3969.0,75,3962.0,182,3970.0,88,3961.0,45
1597988493641863936,1597988493500000000,2020-08-21 13:41:33.500000,3966.0,3980.0,3940.0,3940.0,nan,3963.166028,123949,4912304660.0,365920,3966.0,11,3965.0,75,3967.0,72,3964.0,45,3968.0,118,3963.0,57,3969.0,75,3962.0,182,3970.0,88,3961.0,45
1597988494111824896,1597988494000000000,2020-08-21 13:41:34.000000,3965.0,3980.0,3940.0,3940.0,nan,3963.166102,123954,4912502910.0,365918,3966.0,11,3965.0,70,3967.0,72,3964.0,45,3968.0,118,3963.0,57,3969.0,75,3962.0,182,3970.0,88,3961.0,45
1597988496142672896,1597988496000000000,2020-08-21 13:41:36.000000,3965.0,3980.0,3940.0,3940.0,nan,3963.166102,123954,4912502910.0,365918,3966.0,11,3965.0,70,3967.0,72,3964.0,45,3968.0,118,3963.0,57,3969.0,75,3962.0,182,3970.0,98,3961.0,45
1597988497611868928,1597988497500000000,2020-08-21 13:41:37.500000,3965.0,3980.0,3940.0,3940.0,nan,3963.166102,123954,4912502910.0,365918,3966.0,11,3965.0,70,3967.0,72,3964.0,45,3968.0,117,3963.0,57,3969.0,75,3962.0,182,3970.0,98,3961.0,45
1597988499144218880,1597988499000000000,2020-08-21 13:41:39.000000,3965.0,3980.0,3940.0,3940.0,nan,3963.166102,123954,4912502910.0,365918,3966.0,11,3965.0,70,3967.0,68,3964.0,46,3968.0,117,3963.0,57,3969.0,75,3962.0,182,3970.0,98,3961.0,45
1597988500152084992,1597988500000000000,2020-08-21 13:41:40.000000,3965.0,3980.0,3940.0,3940.0,nan,3963.166117,123955,4912542560.0,365918,3966.0,11,3965.0,69,3967.0,68,3964.0,46,3968.0,117,3963.0,57,3969.0,75,3962.0,182,3970.0,98,3961.0,45
1597988500601009920,1597988500500000000,2020-08-21 13:41:40.500000,3965.0,3980.0,3940.0,3940.0,nan,3963.166117,123955,4912542560.0,365918,3966.0,11,3965.0,69,3967.0,68,3964.0,46,3968.0,110,3963.0,57,3969.0,75,3962.0,182,3970.0,98,3961.0,45
1597988501616666880,1597988501500000000,2020-08-21 13:41:41.500000,3966.0,3980.0,3940.0,3940.0,nan,3963.16614,123956,4912582220.0,365918,3966.0,10,3965.0,69,3967.0,68,3964.0,46,3968.0,110,3963.0,60,3969.0,75,3962.0,182,3970.0,98,3961.0,45
1597988502151638016,1597988502000000000,2020-08-21 13:41:42.000000,3966.0,3980.0,3940.0,3940.0,nan,3963.16614,123956,4912582220.0,365918,3966.0,17,3965.0,69,3967.0,68,3964.0,46,3968.0,110,3963.0,60,3969.0,75,3962.0,182,3970.0,98,3961.0,45
1597988502609287936,1597988502500000000,2020-08-21 13:41:42.500000,3966.0,3980.0,3940.0,3940.0,nan,3963.16614,123956,4912582220.0,365918,3966.0,17,3965.0,69,3967.0,72,3964.0,46,3968.0,110,3963.0,60,3969.0,75,3962.0,182,3970.0,98,3961.0,45
1597988504117758976,1597988504000000000,2020-08-21 13:41:44.000000,3965.0,3980.0,3940.0,3940.0,nan,3963.166214,123961,4912780470.0,365916,3966.0,17,3965.0,64,3967.0,72,3964.0,46,3968.0,110,3963.0,60,3969.0,75,3962.0,182,3970.0,98,3961.0,45
1597988504628573952,1597988504500000000,2020-08-21 13:41:44.500000,3965.0,3980.0,3940.0,3940.0,nan,3963.166214,123961,4912780470.0,365916,3966.0,17,3965.0,65,3967.0,72,3964.0,46,3968.0,110,3963.0,60,3969.0,75,3962.0,182,3970.0,98,3961.0,45
1597988505134558976,1597988505000000000,2020-08-21 13:41:45.000000,3965.0,3980.0,3940.0,3940.0,nan,3963.166228,123962,4912820120.0,365916,3966.0,18,3965.0,67,3967.0,72,3964.0,46,3968.0,110,3963.0,60,3969.0,75,3962.0,182,3970.0,98,3961.0,45
1597988505615076096,1597988505500000000,2020-08-21 13:41:45.500000,3965.0,3980.0,3940.0,3940.0,nan,3963.166228,123962,4912820120.0,365916,3966.0,23,3965.0,67,3967.0,72,3964.0,46,3968.0,110,3963.0,60,3969.0,75,3962.0,182,3970.0,98,3961.0,45
1597988506617363968,1597988506500000000,2020-08-21 13:41:46.500000,3965.0,3980.0,3940.0,3940.0,nan,3963.166228,123962,4912820120.0,365916,3966.0,23,3965.0,67,3967.0,77,3964.0,46,3968.0,110,3963.0,60,3969.0,75,3962.0,182,3970.0,98,3961.0,45
1597988507118702080,1597988507000000000,2020-08-21 13:41:47.000000,3965.0,3980.0,3940.0,3940.0,nan,3963.166228,123962,4912820120.0,365916,3966.0,28,3965.0,64,3967.0,77,3964.0,46,3968.0,110,3963.0,60,3969.0,75,3962.0,182,3970.0,98,3961.0,45
1597988507606509056,1597988507500000000,2020-08-21 13:41:47.500000,3965.0,3980.0,3940.0,3940.0,nan,3963.166228,123962,4912820120.0,365916,3966.0,33,3965.0,43,3967.0,77,3964.0,46,3968.0,110,3963.0,60,3969.0,75,3962.0,182,3970.0,98,3961.0,45
1597988508143979008,1597988508000000000,2020-08-21 13:41:48.000000,3965.0,3980.0,3940.0,3940.0,nan,3963.166243,123963,4912859770.0,365916,3966.0,33,3965.0,41,3967.0,77,3964.0,46,3968.0,110,3963.0,60,3969.0,75,3962.0,182,3970.0,98,3961.0,45
1597988508621517056,1597988508500000000,2020-08-21 13:41:48.500000,3965.0,3980.0,3940.0,3940.0,nan,3963.166243,123963,4912859770.0,365916,3966.0,54,3965.0,28,3967.0,77,3964.0,46,3968.0,110,3963.0,60,3969.0,75,3962.0,182,3970.0,98,3961.0,45
1597988509111749120,1597988509000000000,2020-08-21 13:41:49.000000,3965.0,3980.0,3940.0,3940.0,nan,3963.166243,123963,4912859770.0,365916,3966.0,54,3965.0,27,3967.0,77,3964.0,46,3968.0,110,3963.0,60,3969.0,75,3962.0,182,3970.0,98,3961.0,45
1597988509604274944,1597988509500000000,2020-08-21 13:41:49.500000,3966.0,3980.0,3940.0,3940.0,nan,3963.166266,123964,4912899430.0,365915,3966.0,53,3965.0,27,3967.0,77,3964.0,46,3968.0,110,3963.0,60,3969.0,75,3962.0,182,3970.0,98,3961.0,45
1597988510117670912,1597988510000000000,2020-08-21 13:41:50.000000,3966.0,3980.0,3940.0,3940.0,nan,3963.166266,123964,4912899430.0,365915,3966.0,53,3965.0,27,3967.0,77,3964.0,46,3968.0,106,3963.0,60,3969.0,75,3962.0,182,3970.0,98,3961.0,45
1597988511146882048,1597988511000000000,2020-08-21 13:41:51.000000,3966.0,3980.0,3940.0,3940.0,nan,3963.166289,123965,4912939090.0,365915,3966.0,52,3965.0,40,3967.0,77,3964.0,46,3968.0,106,3963.0,60,3969.0,75,3962.0,182,3970.0,98,3961.0,45
1597988511621818880,1597988511500000000,2020-08-21 13:41:51.500000,3966.0,3980.0,3940.0,3940.0,nan,3963.166289,123965,4912939090.0,365915,3966.0,47,3965.0,40,3967.0,77,3964.0,46,3968.0,106,3963.0,60,3969.0,75,3962.0,182,3970.0,98,3961.0,45
1597988512126953984,1597988512000000000,2020-08-21 13:41:52.000000,3966.0,3980.0,3940.0,3940.0,nan,3963.166312,123966,4912978750.0,365914,3966.0,46,3965.0,40,3967.0,77,3964.0,46,3968.0,106,3963.0,60,3969.0,75,3962.0,182,3970.0,98,3961.0,45
1597988512651464960,1597988512500000000,2020-08-21 13:41:52.500000,3966.0,3980.0,3940.0,3940.0,nan,3963.166312,123966,4912978750.0,365914,3966.0,34,3965.0,40,3967.0,77,3964.0,46,3968.0,106,3963.0,60,3969.0,75,3962.0,182,3970.0,98,3961.0,45
1597988513141565952,1597988513000000000,2020-08-21 13:41:53.000000,3966.0,3980.0,3940.0,3940.0,nan,3963.166312,123966,4912978750.0,365914,3966.0,34,3965.0,40,3967.0,72,3964.0,46,3968.0,106,3963.0,60,3969.0,75,3962.0,182,3970.0,98,3961.0,45
1597988514143377920,1597988514000000000,2020-08-21 13:41:54.000000,3965.0,3980.0,3940.0,3940.0,nan,3963.166386,123971,4913177000.0,365909,3966.0,34,3965.0,35,3967.0,72,3964.0,46,3968.0,106,3963.0,60,3969.0,75,3962.0,182,3970.0,98,3961.0,45
1597988514617298944,1597988514500000000,2020-08-21 13:41:54.500000,3965.0,3980.0,3940.0,3940.0,nan,3963.1664,123972,4913216650.0,365910,3966.0,29,3965.0,37,3967.0,72,3964.0,46,3968.0,106,3963.0,60,3969.0,75,3962.0,182,3970.0,98,3961.0,45
1597988515109634048,1597988515000000000,2020-08-21 13:41:55.000000,3965.0,3980.0,3940.0,3940.0,nan,3963.1664,123972,4913216650.0,365910,3966.0,30,3965.0,37,3967.0,72,3964.0,46,3968.0,106,3963.0,60,3969.0,75,3962.0,182,3970.0,98,3961.0,45
1597988515620075008,1597988515500000000,2020-08-21 13:41:55.500000,3965.0,3980.0,3940.0,3940.0,nan,3963.1664,123972,4913216650.0,365910,3966.0,34,3965.0,37,3967.0,72,3964.0,46,3968.0,106,3963.0,60,3969.0,75,3962.0,182,3970.0,98,3961.0,45
1597988518727677952,1597988518500000000,2020-08-21 13:41:58.500000,3965.0,3980.0,3940.0,3940.0,nan,3963.1664,123972,4913216650.0,365910,3966.0,34,3965.0,37,3967.0,72,3964.0,46,3968.0,106,3963.0,60,3969.0,75,3962.0,181,3970.0,98,3961.0,45
1597988519135631104,1597988519000000000,2020-08-21 13:41:59.000000,3965.0,3980.0,3940.0,3940.0,nan,3963.1664,123972,4913216650.0,365910,3966.0,34,3965.0,34,3967.0,72,3964.0,46,3968.0,106,3963.0,60,3969.0,75,3962.0,181,3970.0,98,3961.0,45
1597988519623546112,1597988519500000000,2020-08-21 13:41:59.500000,3965.0,3980.0,3940.0,3940.0,nan,3963.1664,123972,4913216650.0,365910,3966.0,34,3965.0,37,3967.0,72,3964.0,46,3968.0,106,3963.0,60,3969.0,75,3962.0,181,3970.0,98,3961.0,45
1597988520129099008,1597988520000000000,2020-08-21 13:42:00.000000,3965.0,3980.0,3940.0,3940.0,nan,3963.1664,123972,4913216650.0,365910,3966.0,34,3965.0,38,3967.0,72,3964.0,46,3968.0,106,3963.0,60,3969.0,75,3962.0,181,3970.0,98,3961.0,45
1597988520622356992,1597988520500000000,2020-08-21 13:42:00.500000,3965.0,3980.0,3940.0,3940.0,nan,3963.1664,123972,4913216650.0,365910,3966.0,34,3965.0,38,3967.0,72,3964.0,46,3968.0,106,3963.0,61,3969.0,75,3962.0,181,3970.0,98,3961.0,45
1597988522180805120,1597988522000000000,2020-08-21 13:42:02.000000,3965.0,3980.0,3940.0,3940.0,nan,3963.166415,123973,4913256300.0,365910,3966.0,34,3965.0,37,3967.0,72,3964.0,46,3968.0,106,3963.0,61,3969.0,74,3962.0,181,3970.0,98,3961.0,45
1597988522639712000,1597988522500000000,2020-08-21 13:42:02.500000,3965.0,3980.0,3940.0,3940.0,nan,3963.166415,123973,4913256300.0,365910,3966.0,36,3965.0,37,3967.0,72,3964.0,46,3968.0,106,3963.0,61,3969.0,74,3962.0,181,3970.0,98,3961.0,45
1597988523614585088,1597988523500000000,2020-08-21 13:42:03.500000,3965.0,3980.0,3940.0,3940.0,nan,3963.166415,123973,4913256300.0,365910,3966.0,36,3965.0,37,3967.0,73,3964.0,46,3968.0,106,3963.0,61,3969.0,74,3962.0,181,3970.0,98,3961.0,45
