local_nano_time,quote_nano_time,datetime,last_price,highest,lowest,open,close,average,volume,amount,open_interest,ask_price1,ask_volume1,bid_price1,bid_volume1,ask_price2,ask_volume2,bid_price2,bid_volume2,ask_price3,ask_volume3,bid_price3,bid_volume3,ask_price4,ask_volume4,bid_price4,bid_volume4,ask_price5,ask_volume5,bid_price5,bid_volume5
1597988230141189120,1597988230000000000,2020-08-21 13:37:10.000000,115930.0,116920.0,114770.0,116850.0,nan,115706.650303,181503,21001104150.0,107038,115930.0,2,115920.0,4,115940.0,19,115910.0,9,115950.0,11,115900.0,15,115960.0,5,115890.0,7,115970.0,6,115880.0,22
1597988230610718976,1597988230500000000,2020-08-21 13:37:10.500000,115930.0,116920.0,114770.0,116850.0,nan,115706.651534,181504,21001220080.0,107039,115930.0,1,115920.0,4,115940.0,19,115910.0,9,115950.0,11,115900.0,15,115960.0,5,115890.0,7,115970.0,6,115880.0,22
1597988231149692928,1597988231000000000,2020-08-21 13:37:11.000000,115930.0,116920.0,114770.0,116850.0,nan,115706.653995,181506,21001451940.0,107040,115940.0,19,115930.0,1,115950.0,11,115920.0,4,115960.0,5,115910.0,9,115970.0,5,115900.0,15,115980.0,5,115890.0,3
1597988231620834048,1597988231500000000,2020-08-21 13:37:11.500000,115930.0,116920.0,114770.0,116850.0,nan,115706.655225,181507,21001567870.0,107041,115940.0,19,115930.0,1,115950.0,11,115920.0,4,115960.0,5,115910.0,9,115970.0,5,115900.0,15,115980.0,5,115890.0,3
1597988232135993088,1597988232000000000,2020-08-21 13:37:12.000000,115930.0,116920.0,114770.0,116850.0,nan,115706.657686,181509,21001799730.0,107040,115930.0,4,115920.0,4,115940.0,19,115910.0,9,115950.0,11,115900.0,15,115960.0,5,115890.0,3,115970.0,5,115880.0,22
1597988232620572928,1597988232500000000,2020-08-21 13:37:12.500000,115920.0,116920.0,114770.0,116850.0,nan,115706.662388,181513,21002263410.0,107040,115930.0,4,115910.0,9,115940.0,19,115900.0,15,115950.0,11,115890.0,3,115960.0,5,115880.0,22,115970.0,5,115870.0,8
1597988233115066112,1597988233000000000,2020-08-21 13:37:13.000000,115920.0,116920.0,114770.0,116850.0,nan,115706.662388,181513,21002263410.0,107040,115920.0,7,115910.0,10,115930.0,9,115900.0,15,115940.0,19,115890.0,2,115950.0,11,115880.0,22,115960.0,5,115870.0,8
1597988233614595072,1597988233500000000,2020-08-21 13:37:13.500000,115930.0,116920.0,114770.0,116850.0,nan,115706.685506,181533,21004581740.0,107046,115930.0,3,115900.0,15,115940.0,19,115890.0,2,115950.0,11,115880.0,22,115960.0,5,115870.0,8,115970.0,5,115860.0,8
1597988234129147904,1597988234000000000,2020-08-21 13:37:14.000000,115930.0,116920.0,114770.0,116850.0,nan,115706.700267,181545,21005972900.0,107049,115940.0,19,115930.0,8,115950.0,11,115910.0,8,115960.0,5,115900.0,15,115970.0,5,115890.0,2,115980.0,5,115880.0,22
1597988234616425984,1597988234500000000,2020-08-21 13:37:14.500000,115930.0,116920.0,114770.0,116850.0,nan,115706.710107,181553,21006900340.0,107049,115930.0,1,115910.0,8,115940.0,20,115900.0,15,115950.0,11,115890.0,2,115960.0,5,115880.0,22,115970.0,5,115870.0,8
1597988235128958976,1597988235000000000,2020-08-21 13:37:15.000000,115930.0,116920.0,114770.0,116850.0,nan,115706.710107,181553,21006900340.0,107049,115930.0,2,115910.0,8,115940.0,17,115900.0,15,115950.0,11,115890.0,2,115960.0,5,115880.0,22,115970.0,5,115870.0,8
1597988235621620992,1597988235500000000,2020-08-21 13:37:15.500000,115930.0,116920.0,114770.0,116850.0,nan,115706.711337,181554,21007016270.0,107050,115930.0,2,115910.0,8,115940.0,17,115900.0,15,115950.0,11,115890.0,2,115960.0,5,115880.0,22,115970.0,5,115870.0,8
1597988236611835904,1597988236500000000,2020-08-21 13:37:16.500000,115910.0,116920.0,114770.0,116850.0,nan,115706.712456,181555,21007132180.0,107049,115930.0,2,115910.0,7,115940.0,17,115900.0,15,115950.0,11,115890.0,2,115960.0,5,115880.0,22,115970.0,5,115870.0,8
1597988237133818880,1597988237000000000,2020-08-21 13:37:17.000000,115930.0,116920.0,114770.0,116850.0,nan,115706.714916,181557,21007364040.0,107050,115940.0,17,115920.0,1,115950.0,11,115910.0,7,115960.0,5,115900.0,15,115970.0,5,115890.0,2,115980.0,5,115880.0,22
1597988237621050880,1597988237500000000,2020-08-21 13:37:17.500000,115930.0,116920.0,114770.0,116850.0,nan,115706.714916,181557,21007364040.0,107050,115930.0,1,115920.0,3,115940.0,17,115910.0,7,115950.0,12,115900.0,16,115960.0,5,115890.0,2,115970.0,5,115880.0,22
1597988238136457984,1597988238000000000,2020-08-21 13:37:18.000000,115920.0,116920.0,114770.0,116850.0,nan,115706.71844,181560,21007711800.0,107052,115930.0,1,115910.0,7,115940.0,17,115900.0,16,115950.0,12,115890.0,2,115960.0,5,115880.0,22,115970.0,5,115870.0,8
1597988238619426048,1597988238500000000,2020-08-21 13:37:18.500000,115920.0,116920.0,114770.0,116850.0,nan,115706.71844,181560,21007711800.0,107052,115930.0,5,115920.0,1,115940.0,17,115910.0,7,115950.0,12,115900.0,16,115960.0,5,115890.0,2,115970.0,5,115880.0,22
1597988239113683968,1597988239000000000,2020-08-21 13:37:19.000000,115910.0,116920.0,114770.0,116850.0,nan,115706.727452,181568,21008639090.0,107046,115920.0,3,115900.0,16,115930.0,8,115890.0,2,115940.0,17,115880.0,22,115950.0,12,115870.0,7,115960.0,5,115860.0,8
1597988239619709952,1597988239500000000,2020-08-21 13:37:19.500000,115910.0,116920.0,114770.0,116850.0,nan,115706.727452,181568,21008639090.0,107046,115920.0,3,115900.0,15,115930.0,8,115890.0,2,115940.0,14,115880.0,22,115950.0,12,115870.0,7,115960.0,5,115860.0,8
1597988240149125120,1597988240000000000,2020-08-21 13:37:20.000000,115910.0,116920.0,114770.0,116850.0,nan,115706.727452,181568,21008639090.0,107046,115920.0,4,115900.0,15,115930.0,5,115890.0,2,115940.0,14,115880.0,22,115950.0,12,115870.0,7,115960.0,5,115860.0,8
1597988240615654912,1597988240500000000,2020-08-21 13:37:20.500000,115910.0,116920.0,114770.0,116850.0,nan,115706.727452,181568,21008639090.0,107046,115920.0,3,115900.0,16,115930.0,5,115890.0,2,115940.0,14,115880.0,22,115950.0,12,115870.0,7,115960.0,5,115860.0,8
1597988241621928960,1597988241500000000,2020-08-21 13:37:21.500000,115900.0,116920.0,114770.0,116850.0,nan,115706.728516,181569,21008754990.0,107046,115920.0,3,115900.0,15,115930.0,5,115890.0,2,115940.0,14,115880.0,22,115950.0,12,115870.0,7,115960.0,5,115860.0,8
1597988242123616000,1597988242000000000,2020-08-21 13:37:22.000000,115900.0,116920.0,114770.0,116850.0,nan,115706.728516,181569,21008754990.0,107046,115910.0,8,115900.0,14,115920.0,6,115890.0,2,115930.0,5,115880.0,22,115940.0,14,115870.0,7,115950.0,12,115860.0,8
1597988242618456064,1597988242500000000,2020-08-21 13:37:22.500000,115900.0,116920.0,114770.0,116850.0,nan,115706.732774,181573,21009218590.0,107044,115910.0,8,115900.0,10,115920.0,6,115890.0,2,115930.0,5,115880.0,22,115940.0,14,115870.0,7,115950.0,12,115860.0,8
1597988243117188096,1597988243000000000,2020-08-21 13:37:23.000000,115900.0,116920.0,114770.0,116850.0,nan,115706.744482,181584,21010493490.0,107047,115910.0,8,115890.0,2,115920.0,6,115880.0,21,115930.0,5,115870.0,7,115940.0,14,115860.0,8,115950.0,13,115850.0,13
1597988243626491904,1597988243500000000,2020-08-21 13:37:23.500000,115900.0,116920.0,114770.0,116850.0,nan,115706.744482,181584,21010493490.0,107047,115910.0,8,115890.0,2,115920.0,6,115880.0,22,115930.0,5,115870.0,7,115940.0,14,115860.0,8,115950.0,14,115850.0,13
1597988244623787008,1597988244500000000,2020-08-21 13:37:24.500000,115900.0,116920.0,114770.0,116850.0,nan,115706.744482,181584,21010493490.0,107047,115900.0,5,115890.0,2,115910.0,8,115880.0,22,115920.0,6,115870.0,7,115930.0,5,115860.0,8,115940.0,14,115850.0,13
1597988245120192000,1597988245000000000,2020-08-21 13:37:25.000000,115900.0,116920.0,114770.0,116850.0,nan,115706.74661,181586,21010725290.0,107045,115900.0,3,115890.0,2,115910.0,8,115880.0,22,115920.0,6,115870.0,7,115930.0,5,115860.0,8,115940.0,14,115850.0,13
1597988245621886976,1597988245500000000,2020-08-21 13:37:25.500000,115900.0,116920.0,114770.0,116850.0,nan,115706.748739,181588,21010957090.0,107043,115900.0,1,115890.0,2,115910.0,8,115880.0,21,115920.0,6,115870.0,7,115930.0,5,115860.0,8,115940.0,14,115850.0,13
1597988246151127040,1597988246000000000,2020-08-21 13:37:26.000000,115890.0,116920.0,114770.0,116850.0,nan,115706.751766,181591,21011304760.0,107041,115900.0,1,115880.0,21,115910.0,8,115870.0,7,115920.0,6,115860.0,8,115930.0,5,115850.0,13,115940.0,14,115840.0,7
1597988246629977088,1597988246500000000,2020-08-21 13:37:26.500000,115880.0,116920.0,114770.0,116850.0,nan,115706.75272,181592,21011420640.0,107041,115890.0,4,115880.0,20,115900.0,1,115870.0,7,115910.0,9,115860.0,7,115920.0,5,115850.0,12,115930.0,5,115840.0,8
1597988247129928960,1597988247000000000,2020-08-21 13:37:27.000000,115890.0,116920.0,114770.0,116850.0,nan,115706.777852,181618,21014433580.0,107026,115900.0,2,115890.0,4,115910.0,9,115880.0,1,115920.0,5,115870.0,7,115930.0,5,115860.0,7,115940.0,15,115850.0,11
1597988247606039040,1597988247500000000,2020-08-21 13:37:27.500000,115860.0,116920.0,114770.0,116850.0,nan,115706.789975,181631,21015939970.0,107018,115880.0,5,115860.0,6,115890.0,40,115850.0,11,115900.0,6,115840.0,7,115910.0,9,115830.0,13,115920.0,2,115820.0,4
1597988248133197056,1597988248000000000,2020-08-21 13:37:28.000000,115820.0,116920.0,114770.0,116850.0,nan,115706.820021,181671,21020573700.0,106999,115870.0,3,115830.0,1,115880.0,5,115820.0,3,115890.0,40,115810.0,10,115900.0,4,115800.0,6,115910.0,9,115780.0,4
1597988248626170112,1597988248500000000,2020-08-21 13:37:28.500000,115840.0,116920.0,114770.0,116850.0,nan,115706.829991,181684,21022079700.0,106999,115870.0,2,115850.0,3,115880.0,1,115840.0,38,115890.0,17,115830.0,12,115900.0,3,115820.0,3,115910.0,10,115810.0,9
1597988249131293952,1597988249000000000,2020-08-21 13:37:29.000000,115880.0,116920.0,114770.0,116850.0,nan,115706.83274,181687,21022427320.0,107000,115890.0,17,115870.0,2,115900.0,3,115860.0,34,115910.0,9,115850.0,5,115920.0,4,115840.0,35,115940.0,13,115830.0,11
1597988249606871040,1597988249500000000,2020-08-21 13:37:29.500000,115880.0,116920.0,114770.0,116850.0,nan,115706.835654,181690,21022774970.0,106998,115870.0,16,115860.0,21,115890.0,16,115850.0,1,115900.0,2,115840.0,23,115910.0,9,115830.0,11,115920.0,4,115820.0,3
1597988250147834880,1597988250000000000,2020-08-21 13:37:30.000000,115890.0,116920.0,114770.0,116850.0,nan,115706.851029,181707,21024744780.0,106985,115890.0,15,115870.0,6,115900.0,2,115860.0,23,115910.0,9,115850.0,1,115920.0,4,115840.0,23,115940.0,13,115830.0,11
1597988250616472064,1597988250500000000,2020-08-21 13:37:30.500000,115890.0,116920.0,114770.0,116850.0,nan,115706.851029,181707,21024744780.0,106985,115890.0,15,115870.0,10,115900.0,2,115860.0,23,115910.0,9,115850.0,1,115920.0,4,115840.0,23,115940.0,13,115830.0,11
1597988251117537024,1597988251000000000,2020-08-21 13:37:31.000000,115870.0,116920.0,114770.0,116850.0,nan,115706.851927,181708,21024860650.0,106985,115890.0,15,115870.0,3,115900.0,2,115860.0,20,115910.0,9,115850.0,1,115920.0,4,115840.0,23,115940.0,13,115830.0,11
1597988251632406016,1597988251500000000,2020-08-21 13:37:31.500000,115870.0,116920.0,114770.0,116850.0,nan,115706.851927,181708,21024860650.0,106985,115890.0,15,115870.0,3,115900.0,2,115860.0,20,115910.0,9,115850.0,1,115920.0,4,115840.0,27,115940.0,13,115830.0,11
1597988252144049920,1597988252000000000,2020-08-21 13:37:32.000000,115870.0,116920.0,114770.0,116850.0,nan,115706.852825,181709,21024976520.0,106984,115890.0,15,115870.0,6,115900.0,2,115860.0,20,115910.0,9,115850.0,1,115920.0,4,115840.0,27,115940.0,13,115830.0,11
1597988252630092032,1597988252500000000,2020-08-21 13:37:32.500000,115890.0,116920.0,114770.0,116850.0,nan,115706.856857,181713,21025440080.0,106988,115890.0,11,115870.0,6,115900.0,1,115860.0,20,115910.0,9,115850.0,1,115920.0,4,115840.0,27,115940.0,13,115830.0,11
1597988253158772992,1597988253000000000,2020-08-21 13:37:33.000000,115870.0,116920.0,114770.0,116850.0,nan,115706.862243,181719,21026135300.0,106983,115870.0,8,115860.0,20,115890.0,10,115850.0,1,115900.0,1,115840.0,27,115910.0,9,115830.0,11,115920.0,4,115820.0,3
1597988253610640896,1597988253500000000,2020-08-21 13:37:33.500000,115870.0,116920.0,114770.0,116850.0,nan,115706.869425,181727,21027062260.0,106981,115890.0,10,115870.0,4,115900.0,1,115860.0,23,115910.0,9,115850.0,1,115920.0,5,115840.0,27,115940.0,13,115830.0,11
1597988254119348992,1597988254000000000,2020-08-21 13:37:34.000000,115870.0,116920.0,114770.0,116850.0,nan,115706.869425,181727,21027062260.0,106981,115890.0,10,115860.0,20,115900.0,1,115850.0,1,115910.0,9,115840.0,27,115920.0,5,115830.0,11,115940.0,13,115820.0,3
1597988254616695040,1597988254500000000,2020-08-21 13:37:34.500000,115860.0,116920.0,114770.0,116850.0,nan,115706.870268,181728,21027178120.0,106981,115880.0,2,115860.0,17,115890.0,10,115850.0,1,115900.0,1,115840.0,27,115910.0,9,115830.0,11,115920.0,5,115820.0,3
1597988255612134912,1597988255500000000,2020-08-21 13:37:35.500000,115860.0,116920.0,114770.0,116850.0,nan,115706.870268,181728,21027178120.0,106981,115880.0,3,115860.0,17,115890.0,10,115850.0,1,115900.0,1,115840.0,28,115910.0,9,115830.0,11,115920.0,5,115820.0,3
1597988256136314112,1597988256000000000,2020-08-21 13:37:36.000000,115880.0,116920.0,114770.0,116850.0,nan,115706.899073,181765,21031464510.0,106969,115880.0,2,115840.0,6,115890.0,10,115830.0,11,115900.0,1,115820.0,3,115910.0,9,115810.0,9,115920.0,5,115800.0,6
1597988256639079936,1597988256500000000,2020-08-21 13:37:36.500000,115880.0,116920.0,114770.0,116850.0,nan,115706.899073,181765,21031464510.0,106969,115870.0,10,115850.0,6,115880.0,3,115840.0,9,115890.0,10,115830.0,10,115900.0,1,115820.0,3,115910.0,9,115810.0,9
1597988257114852096,1597988257000000000,2020-08-21 13:37:37.000000,115880.0,116920.0,114770.0,116850.0,nan,115706.900978,181767,21031696270.0,106967,115870.0,9,115860.0,1,115880.0,3,115850.0,6,115890.0,10,115840.0,9,115900.0,1,115830.0,10,115910.0,9,115820.0,3
1597988257611691008,1597988257500000000,2020-08-21 13:37:37.500000,115860.0,116920.0,114770.0,116850.0,nan,115706.90182,181768,21031812130.0,106968,115870.0,8,115860.0,1,115880.0,3,115850.0,7,115890.0,10,115840.0,9,115900.0,1,115830.0,10,115910.0,10,115820.0,3
1597988258109797120,1597988258000000000,2020-08-21 13:37:38.000000,115870.0,116920.0,114770.0,116850.0,nan,115706.905354,181772,21032275600.0,106965,115870.0,5,115850.0,7,115880.0,3,115840.0,9,115890.0,8,115830.0,10,115900.0,1,115820.0,3,115910.0,10,115810.0,9
1597988258601423104,1597988258500000000,2020-08-21 13:37:38.500000,115840.0,116920.0,114770.0,116850.0,nan,115706.911541,181780,21033202380.0,106970,115870.0,5,115840.0,2,115880.0,3,115830.0,4,115890.0,8,115820.0,4,115900.0,1,115810.0,9,115910.0,10,115800.0,6
1597988259134529024,1597988259000000000,2020-08-21 13:37:39.000000,115840.0,116920.0,114770.0,116850.0,nan,115706.911541,181780,21033202380.0,106970,115860.0,4,115850.0,12,115870.0,5,115840.0,6,115880.0,3,115830.0,4,115890.0,8,115820.0,4,115900.0,1,115810.0,9
1597988259615584000,1597988259500000000,2020-08-21 13:37:39.500000,115840.0,116920.0,114770.0,116850.0,nan,115706.911541,181780,21033202380.0,106970,115860.0,4,115850.0,4,115870.0,5,115840.0,2,115880.0,2,115830.0,4,115890.0,8,115820.0,4,115900.0,1,115810.0,9
1597988260117377024,1597988260000000000,2020-08-21 13:37:40.000000,115850.0,116920.0,114770.0,116850.0,nan,115706.913903,181783,21033549930.0,106968,115860.0,4,115850.0,1,115870.0,5,115840.0,3,115880.0,2,115830.0,4,115890.0,8,115820.0,4,115900.0,1,115810.0,9
1597988260620225024,1597988260500000000,2020-08-21 13:37:40.500000,115850.0,116920.0,114770.0,116850.0,nan,115706.91469,181784,21033665780.0,106967,115860.0,5,115850.0,1,115870.0,7,115840.0,4,115880.0,2,115830.0,4,115890.0,8,115820.0,4,115900.0,1,115810.0,9
1597988261145714944,1597988261000000000,2020-08-21 13:37:41.000000,115860.0,116920.0,114770.0,116850.0,nan,115706.915532,181785,21033781640.0,106968,115860.0,4,115850.0,6,115870.0,7,115840.0,5,115880.0,2,115830.0,4,115890.0,8,115820.0,4,115900.0,1,115810.0,9
1597988261601888000,1597988261500000000,2020-08-21 13:37:41.500000,115860.0,116920.0,114770.0,116850.0,nan,115706.9189,181789,21034245080.0,106968,115870.0,7,115860.0,2,115880.0,2,115850.0,7,115890.0,8,115840.0,4,115900.0,1,115830.0,4,115910.0,10,115820.0,4
1597988262119098112,1597988262000000000,2020-08-21 13:37:42.000000,115860.0,116920.0,114770.0,116850.0,nan,115706.9189,181789,21034245080.0,106968,115870.0,6,115860.0,4,115880.0,2,115850.0,7,115890.0,8,115840.0,5,115900.0,1,115830.0,4,115910.0,10,115820.0,5
1597988263105656064,1597988263000000000,2020-08-21 13:37:43.000000,115860.0,116920.0,114770.0,116850.0,nan,115706.9189,181789,21034245080.0,106968,115870.0,5,115860.0,6,115880.0,2,115850.0,7,115890.0,3,115840.0,5,115900.0,1,115830.0,4,115910.0,10,115820.0,7
1597988263615638016,1597988263500000000,2020-08-21 13:37:43.500000,115870.0,116920.0,114770.0,116850.0,nan,115706.919798,181790,21034360950.0,106968,115870.0,4,115860.0,6,115880.0,2,115850.0,7,115890.0,3,115840.0,5,115900.0,1,115830.0,4,115910.0,10,115820.0,7
1597988264120900096,1597988264000000000,2020-08-21 13:37:44.000000,115870.0,116920.0,114770.0,116850.0,nan,115706.924283,181795,21034940300.0,106970,115880.0,2,115870.0,7,115890.0,3,115860.0,9,115900.0,1,115850.0,7,115910.0,10,115840.0,5,115920.0,7,115830.0,4
1597988264617275904,1597988264500000000,2020-08-21 13:37:44.500000,115870.0,116920.0,114770.0,116850.0,nan,115706.928091,181799,21035403820.0,106972,115890.0,2,115870.0,8,115900.0,1,115860.0,7,115910.0,10,115850.0,7,115920.0,7,115840.0,4,115940.0,12,115830.0,4
1597988265136260096,1597988265000000000,2020-08-21 13:37:45.000000,115870.0,116920.0,114770.0,116850.0,nan,115706.928091,181799,21035403820.0,106972,115890.0,2,115870.0,10,115900.0,1,115860.0,7,115910.0,10,115850.0,7,115920.0,7,115840.0,4,115940.0,12,115830.0,5
1597988265611936000,1597988265500000000,2020-08-21 13:37:45.500000,115870.0,116920.0,114770.0,116850.0,nan,115706.929885,181801,21035635560.0,106972,115890.0,2,115870.0,9,115900.0,1,115860.0,8,115910.0,10,115850.0,7,115920.0,7,115840.0,4,115940.0,12,115830.0,5
1597988266135894016,1597988266000000000,2020-08-21 13:37:46.000000,115870.0,116920.0,114770.0,116850.0,nan,115706.93437,181806,21036214910.0,106977,115890.0,2,115870.0,4,115900.0,1,115860.0,8,115910.0,10,115850.0,7,115920.0,6,115840.0,4,115930.0,1,115830.0,5
1597988267135547904,1597988267000000000,2020-08-21 13:37:47.000000,115870.0,116920.0,114770.0,116850.0,nan,115706.93437,181806,21036214910.0,106977,115890.0,2,115880.0,2,115900.0,1,115870.0,4,115910.0,9,115860.0,5,115920.0,6,115850.0,7,115930.0,1,115840.0,4
1597988267613624064,1597988267500000000,2020-08-21 13:37:47.500000,115890.0,116920.0,114770.0,116850.0,nan,115706.938287,181810,21036678450.0,106978,115890.0,1,115880.0,1,115900.0,1,115870.0,3,115910.0,9,115860.0,5,115920.0,6,115850.0,7,115930.0,2,115840.0,4
1597988268146676992,1597988268000000000,2020-08-21 13:37:48.000000,115870.0,116920.0,114770.0,116850.0,nan,115706.94193,181814,21037141940.0,106981,115880.0,10,115860.0,5,115890.0,6,115850.0,7,115900.0,1,115840.0,4,115910.0,9,115830.0,5,115920.0,6,115820.0,8
1597988268619574016,1597988268500000000,2020-08-21 13:37:48.500000,115870.0,116920.0,114770.0,116850.0,nan,115706.94193,181814,21037141940.0,106981,115870.0,2,115860.0,4,115880.0,9,115850.0,7,115890.0,1,115840.0,4,115900.0,1,115830.0,5,115910.0,9,115820.0,8
1597988269111939072,1597988269000000000,2020-08-21 13:37:49.000000,115870.0,116920.0,114770.0,116850.0,nan,115706.94193,181814,21037141940.0,106981,115870.0,3,115860.0,4,115880.0,9,115850.0,7,115900.0,1,115840.0,4,115910.0,9,115830.0,5,115920.0,6,115820.0,8
1597988270145121024,1597988270000000000,2020-08-21 13:37:50.000000,115870.0,116920.0,114770.0,116850.0,nan,115706.94193,181814,21037141940.0,106981,115870.0,3,115860.0,4,115880.0,9,115850.0,7,115890.0,5,115840.0,4,115900.0,1,115830.0,5,115910.0,9,115820.0,8
1597988270608049920,1597988270500000000,2020-08-21 13:37:50.500000,115860.0,116920.0,114770.0,116850.0,nan,115706.945297,181818,21037605380.0,106979,115860.0,2,115850.0,7,115870.0,3,115840.0,4,115880.0,9,115830.0,6,115890.0,5,115820.0,8,115900.0,1,115810.0,9
1597988271602745088,1597988271500000000,2020-08-21 13:37:51.500000,115860.0,116920.0,114770.0,116850.0,nan,115706.946139,181819,21037721240.0,106978,115860.0,1,115850.0,6,115870.0,3,115840.0,3,115880.0,9,115830.0,6,115890.0,5,115820.0,7,115900.0,1,115810.0,9
1597988272134198016,1597988272000000000,2020-08-21 13:37:52.000000,115860.0,116920.0,114770.0,116850.0,nan,115706.946981,181820,21037837100.0,106978,115870.0,3,115850.0,6,115880.0,10,115840.0,3,115890.0,5,115830.0,6,115900.0,1,115820.0,6,115910.0,9,115810.0,9
1597988272615642112,1597988272500000000,2020-08-21 13:37:52.500000,115870.0,116920.0,114770.0,116850.0,nan,115706.947877,181821,21037952970.0,106978,115870.0,2,115860.0,1,115880.0,10,115850.0,7,115890.0,5,115840.0,3,115900.0,1,115830.0,6,115910.0,9,115820.0,6
1597988273109627904,1597988273000000000,2020-08-21 13:37:53.000000,115850.0,116920.0,114770.0,116850.0,nan,115706.950293,181824,21038300530.0,106975,115870.0,2,115850.0,5,115880.0,10,115840.0,4,115890.0,5,115830.0,6,115900.0,1,115820.0,6,115910.0,9,115810.0,9
1597988273602295040,1597988273500000000,2020-08-21 13:37:53.500000,115850.0,116920.0,114770.0,116850.0,nan,115706.950293,181824,21038300530.0,106975,115870.0,2,115850.0,7,115880.0,10,115840.0,4,115890.0,5,115830.0,6,115900.0,1,115820.0,6,115910.0,9,115810.0,9
1597988274141745920,1597988274000000000,2020-08-21 13:37:54.000000,115850.0,116920.0,114770.0,116850.0,nan,115706.951079,181825,21038416380.0,106976,115870.0,2,115850.0,7,115880.0,10,115840.0,4,115890.0,5,115830.0,6,115900.0,1,115820.0,7,115910.0,9,115810.0,9
1597988274646277120,1597988274500000000,2020-08-21 13:37:54.500000,115850.0,116920.0,114770.0,116850.0,nan,115706.951079,181825,21038416380.0,106976,115870.0,2,115850.0,7,115880.0,10,115840.0,4,115890.0,5,115830.0,5,115900.0,1,115820.0,7,115910.0,9,115810.0,9
1597988275131987968,1597988275000000000,2020-08-21 13:37:55.000000,115870.0,116920.0,114770.0,116850.0,nan,115706.952873,181827,21038648120.0,106976,115880.0,10,115850.0,7,115890.0,5,115840.0,4,115900.0,1,115830.0,5,115910.0,9,115820.0,7,115920.0,6,115810.0,9
1597988275709699072,1597988275500000000,2020-08-21 13:37:55.500000,115870.0,116920.0,114770.0,116850.0,nan,115706.952873,181827,21038648120.0,106976,115870.0,1,115860.0,4,115880.0,10,115850.0,7,115890.0,5,115840.0,4,115900.0,1,115830.0,5,115910.0,10,115820.0,7
1597988276140844032,1597988276000000000,2020-08-21 13:37:56.000000,115850.0,116920.0,114770.0,116850.0,nan,115706.965003,181842,21040385930.0,106969,115850.0,107,115840.0,4,115880.0,10,115830.0,5,115890.0,5,115820.0,8,115900.0,1,115810.0,9,115910.0,10,115800.0,10
1597988276807756032,1597988276500000000,2020-08-21 13:37:56.500000,115850.0,116920.0,114770.0,116850.0,nan,115706.999841,181887,21045599080.0,106970,115850.0,73,115830.0,5,115880.0,10,115820.0,8,115890.0,5,115810.0,9,115900.0,1,115800.0,10,115910.0,10,115780.0,5
1597988277223437056,1597988277000000000,2020-08-21 13:37:57.000000,115820.0,116920.0,114770.0,116850.0,nan,115707.009142,181901,21047220670.0,106981,115840.0,8,115810.0,10,115850.0,121,115800.0,10,115880.0,10,115790.0,1,115890.0,6,115780.0,5,115900.0,1,115760.0,8
1597988277623652096,1597988277500000000,2020-08-21 13:37:57.500000,115830.0,116920.0,114770.0,116850.0,nan,115707.022234,181925,21050000020.0,106974,115830.0,9,115790.0,1,115840.0,10,115780.0,5,115850.0,121,115760.0,7,115860.0,1,115750.0,3,115870.0,1,115740.0,1
1597988278131068928,1597988278000000000,2020-08-21 13:37:58.000000,115830.0,116920.0,114770.0,116850.0,nan,115707.022234,181925,21050000020.0,106974,115820.0,13,115810.0,1,115830.0,11,115790.0,1,115840.0,11,115780.0,4,115850.0,121,115760.0,7,115860.0,1,115750.0,3
1597988278619600896,1597988278500000000,2020-08-21 13:37:58.500000,115810.0,116920.0,114770.0,116850.0,nan,115707.026197,181932,21050810690.0,106979,115800.0,1,115790.0,1,115810.0,8,115780.0,4,115820.0,26,115760.0,7,115830.0,6,115750.0,3,115840.0,11,115740.0,2
1597988279150014976,1597988279000000000,2020-08-21 13:37:59.000000,115800.0,116920.0,114770.0,116850.0,nan,115707.051884,181984,21056832130.0,106982,115810.0,6,115760.0,6,115820.0,17,115750.0,3,115830.0,6,115740.0,2,115840.0,11,115730.0,3,115850.0,121,115720.0,2
1597988279640506880,1597988279500000000,2020-08-21 13:37:59.500000,115780.0,116920.0,114770.0,116850.0,nan,115707.062081,182003,21059032420.0,106982,115820.0,7,115790.0,3,115830.0,5,115780.0,10,115840.0,11,115770.0,39,115850.0,121,115760.0,21,115860.0,2,115750.0,3
1597988280163097088,1597988280000000000,2020-08-21 13:38:00.000000,115800.0,116920.0,114770.0,116850.0,nan,115707.07113,182019,21060885380.0,106984,115830.0,2,115800.0,16,115840.0,10,115790.0,4,115850.0,121,115780.0,5,115860.0,2,115770.0,36,115870.0,2,115760.0,19
1597988280616869120,1597988280500000000,2020-08-21 13:38:00.500000,115820.0,116920.0,114770.0,116850.0,nan,115707.07175,182020,21061001200.0,106984,115820.0,4,115810.0,3,115830.0,2,115800.0,22,115840.0,11,115790.0,3,115850.0,121,115780.0,1,115860.0,2,115770.0,15
1597988281132218880,1597988281000000000,2020-08-21 13:38:01.000000,115790.0,116920.0,114770.0,116850.0,nan,115707.08825,182052,21064706830.0,106973,115790.0,13,115770.0,15,115820.0,3,115760.0,27,115830.0,2,115750.0,3,115840.0,11,115740.0,1,115850.0,121,115730.0,2
1597988281615166976,1597988281500000000,2020-08-21 13:38:01.500000,115800.0,116920.0,114770.0,116850.0,nan,115707.095646,182068,21066559490.0,106965,115800.0,1,115790.0,22,115810.0,72,115780.0,38,115820.0,3,115770.0,12,115830.0,2,115760.0,25,115840.0,9,115750.0,3
1597988282147154944,1597988282000000000,2020-08-21 13:38:02.000000,115790.0,116920.0,114770.0,116850.0,nan,115707.101839,182081,21068064810.0,106963,115810.0,73,115790.0,22,115820.0,4,115780.0,34,115830.0,2,115770.0,12,115840.0,9,115760.0,25,115850.0,49,115750.0,3
1597988282624402944,1597988282500000000,2020-08-21 13:38:02.500000,115800.0,116920.0,114770.0,116850.0,nan,115707.112364,182104,21070727990.0,106976,115800.0,22,115780.0,10,115810.0,73,115770.0,11,115820.0,4,115760.0,24,115830.0,2,115750.0,3,115840.0,9,115740.0,1
1597988283121288960,1597988283000000000,2020-08-21 13:38:03.000000,115780.0,116920.0,114770.0,116850.0,nan,115707.120117,182122,21072812130.0,106972,115800.0,21,115780.0,4,115810.0,73,115770.0,12,115820.0,4,115760.0,24,115830.0,2,115750.0,4,115840.0,8,115740.0,1
1597988283618824960,1597988283500000000,2020-08-21 13:38:03.500000,115790.0,116920.0,114770.0,116850.0,nan,115707.121027,182124,21073043710.0,106972,115800.0,22,115790.0,5,115810.0,73,115780.0,6,115820.0,4,115770.0,8,115830.0,2,115760.0,24,115840.0,8,115750.0,4
1597988284128445952,1597988284000000000,2020-08-21 13:38:04.000000,115790.0,116920.0,114770.0,116850.0,nan,115707.131406,182145,21075475450.0,106988,115800.0,9,115780.0,10,115810.0,73,115770.0,7,115820.0,4,115760.0,24,115830.0,2,115750.0,4,115840.0,8,115740.0,1
1597988284616871936,1597988284500000000,2020-08-21 13:38:04.500000,115790.0,116920.0,114770.0,116850.0,nan,115707.13914,182162,21077443880.0,106989,115790.0,57,115780.0,9,115800.0,9,115770.0,8,115810.0,1,115760.0,24,115820.0,4,115750.0,4,115830.0,2,115740.0,1
1597988285123750912,1597988285000000000,2020-08-21 13:38:05.000000,115790.0,116920.0,114770.0,116850.0,nan,115707.143124,182171,21078485970.0,106990,115790.0,51,115780.0,8,115800.0,9,115770.0,8,115810.0,1,115760.0,24,115820.0,4,115750.0,4,115830.0,2,115740.0,1
1597988285622584064,1597988285500000000,2020-08-21 13:38:05.500000,115790.0,116920.0,114770.0,116850.0,nan,115707.145853,182177,21079180710.0,106989,115790.0,45,115780.0,8,115800.0,9,115770.0,8,115810.0,1,115760.0,16,115820.0,4,115750.0,4,115830.0,2,115740.0,1
1597988286144378112,1597988286000000000,2020-08-21 13:38:06.000000,115790.0,116920.0,114770.0,116850.0,nan,115707.161258,182211,21083117560.0,106985,115790.0,12,115780.0,7,115800.0,9,115770.0,8,115810.0,1,115760.0,16,115820.0,4,115750.0,4,115830.0,2,115740.0,1
1597988286629652992,1597988286500000000,2020-08-21 13:38:06.500000,115780.0,116920.0,114770.0,116850.0,nan,115707.167638,182226,21084854330.0,106975,115780.0,2,115770.0,8,115790.0,5,115760.0,16,115800.0,9,115750.0,4,115810.0,1,115740.0,1,115820.0,4,115730.0,2
1597988287126924032,1597988287000000000,2020-08-21 13:38:07.000000,115780.0,116920.0,114770.0,116850.0,nan,115707.173507,182240,21086475300.0,106974,115800.0,9,115790.0,1,115810.0,1,115780.0,5,115820.0,4,115770.0,8,115830.0,2,115760.0,16,115840.0,8,115750.0,4
1597988287619371008,1597988287500000000,2020-08-21 13:38:07.500000,115760.0,116920.0,114770.0,116850.0,nan,115707.178553,182254,21088096120.0,106977,115790.0,1,115770.0,1,115800.0,9,115760.0,11,115810.0,1,115750.0,4,115820.0,4,115740.0,1,115830.0,2,115730.0,2
1597988288146931968,1597988288000000000,2020-08-21 13:38:08.000000,115790.0,116920.0,114770.0,116850.0,nan,115707.186074,182272,21090180220.0,106978,115800.0,9,115780.0,2,115810.0,1,115770.0,7,115820.0,4,115760.0,11,115830.0,2,115750.0,5,115840.0,8,115740.0,1
1597988288605527040,1597988288500000000,2020-08-21 13:38:08.500000,115790.0,116920.0,114770.0,116850.0,nan,115707.186528,182273,21090296010.0,106979,115790.0,6,115780.0,2,115800.0,10,115760.0,9,115810.0,1,115750.0,6,115820.0,4,115740.0,1,115830.0,2,115730.0,3
1597988289128315904,1597988289000000000,2020-08-21 13:38:09.000000,115790.0,116920.0,114770.0,116850.0,nan,115707.186528,182273,21090296010.0,106979,115790.0,3,115780.0,2,115800.0,10,115770.0,2,115810.0,1,115760.0,10,115820.0,4,115750.0,6,115830.0,2,115740.0,1
1597988289632558080,1597988289500000000,2020-08-21 13:38:09.500000,115790.0,116920.0,114770.0,116850.0,nan,115707.189309,182279,21090990760.0,106981,115800.0,9,115780.0,7,115810.0,2,115770.0,1,115820.0,4,115760.0,10,115830.0,2,115750.0,7,115840.0,8,115740.0,1
1597988290115618048,1597988290000000000,2020-08-21 13:38:10.000000,115800.0,116920.0,114770.0,116850.0,nan,115707.189818,182280,21091106560.0,106981,115800.0,9,115790.0,12,115810.0,2,115780.0,6,115820.0,4,115770.0,2,115830.0,2,115760.0,10,115840.0,8,115750.0,7
1597988290613843968,1597988290500000000,2020-08-21 13:38:10.500000,115790.0,116920.0,114770.0,116850.0,nan,115707.195363,182291,21092380350.0,106986,115810.0,2,115790.0,11,115820.0,4,115780.0,7,115830.0,2,115770.0,1,115840.0,8,115760.0,10,115850.0,51,115750.0,7
1597988291119976960,1597988291000000000,2020-08-21 13:38:11.000000,115790.0,116920.0,114770.0,116850.0,nan,115707.195363,182291,21092380350.0,106986,115810.0,2,115800.0,2,115820.0,4,115790.0,13,115830.0,2,115780.0,2,115840.0,8,115770.0,1,115850.0,51,115760.0,10
1597988291621795072,1597988291500000000,2020-08-21 13:38:11.500000,115810.0,116920.0,114770.0,116850.0,nan,115707.198199,182297,21093075110.0,106985,115810.0,1,115790.0,9,115820.0,4,115780.0,3,115830.0,2,115770.0,1,115840.0,8,115760.0,10,115850.0,51,115750.0,6
1597988292154844928,1597988292000000000,2020-08-21 13:38:12.000000,115810.0,116920.0,114770.0,116850.0,nan,115707.198199,182297,21093075110.0,106985,115810.0,3,115800.0,1,115820.0,4,115790.0,9,115830.0,2,115780.0,3,115840.0,8,115770.0,4,115850.0,51,115760.0,10
1597988292611813120,1597988292500000000,2020-08-21 13:38:12.500000,115810.0,116920.0,114770.0,116850.0,nan,115707.19989,182300,21093422540.0,106987,115820.0,4,115800.0,2,115830.0,2,115790.0,10,115840.0,8,115780.0,2,115850.0,51,115770.0,4,115860.0,2,115760.0,10
1597988293123836928,1597988293000000000,2020-08-21 13:38:13.000000,115810.0,116920.0,114770.0,116850.0,nan,115707.19989,182300,21093422540.0,106987,115810.0,2,115800.0,2,115820.0,4,115790.0,10,115830.0,2,115780.0,5,115840.0,8,115770.0,4,115850.0,51,115760.0,10
1597988293601432064,1597988293500000000,2020-08-21 13:38:13.500000,115810.0,116920.0,114770.0,116850.0,nan,115707.201582,182303,21093769970.0,106985,115820.0,6,115800.0,4,115830.0,2,115790.0,10,115840.0,8,115780.0,8,115850.0,51,115770.0,4,115860.0,2,115760.0,10
1597988294142292992,1597988294000000000,2020-08-21 13:38:14.000000,115800.0,116920.0,114770.0,116850.0,nan,115707.2026,182305,21094001570.0,106985,115820.0,6,115800.0,2,115830.0,2,115790.0,10,115840.0,8,115780.0,23,115850.0,51,115770.0,4,115860.0,2,115760.0,10
1597988294610810112,1597988294500000000,2020-08-21 13:38:14.500000,115800.0,116920.0,114770.0,116850.0,nan,115707.203109,182306,21094117370.0,106985,115820.0,6,115810.0,1,115830.0,2,115800.0,7,115840.0,8,115790.0,9,115850.0,51,115780.0,23,115860.0,2,115770.0,5
1597988295153839104,1597988295000000000,2020-08-21 13:38:15.000000,115800.0,116920.0,114770.0,116850.0,nan,115707.204127,182308,21094348970.0,106986,115820.0,8,115800.0,5,115830.0,2,115790.0,11,115840.0,8,115780.0,23,115850.0,51,115770.0,5,115860.0,2,115760.0,10
1597988295617285888,1597988295500000000,2020-08-21 13:38:15.500000,115800.0,116920.0,114770.0,116850.0,nan,115707.21018,182320,21095738560.0,106984,115800.0,32,115790.0,10,115810.0,1,115780.0,23,115820.0,8,115770.0,5,115830.0,2,115760.0,10,115840.0,8,115750.0,6
1597988296114707968,1597988296000000000,2020-08-21 13:38:16.000000,115800.0,116920.0,114770.0,116850.0,nan,115707.21934,182338,21097822960.0,106979,115800.0,14,115790.0,14,115810.0,1,115780.0,23,115820.0,10,115770.0,5,115830.0,2,115760.0,10,115840.0,8,115750.0,5
1597988296619501056,1597988296500000000,2020-08-21 13:38:16.500000,115800.0,116920.0,114770.0,116850.0,nan,115707.220866,182341,21098170360.0,106977,115800.0,17,115790.0,10,115810.0,1,115780.0,24,115820.0,10,115770.0,5,115830.0,2,115760.0,10,115840.0,8,115750.0,5
1597988297151933952,1597988297000000000,2020-08-21 13:38:17.000000,115800.0,116920.0,114770.0,116850.0,nan,115707.222847,182345,21098633550.0,106974,115800.0,14,115790.0,9,115810.0,1,115780.0,23,115820.0,10,115770.0,6,115830.0,2,115760.0,10,115840.0,8,115750.0,5
1597988297625590016,1597988297500000000,2020-08-21 13:38:17.500000,115800.0,116920.0,114770.0,116850.0,nan,115707.224373,182348,21098980950.0,106974,115800.0,11,115790.0,10,115810.0,1,115780.0,23,115820.0,10,115770.0,6,115830.0,2,115760.0,10,115840.0,8,115750.0,5
1597988298136071936,1597988298000000000,2020-08-21 13:38:18.000000,115800.0,116920.0,114770.0,116850.0,nan,115707.225391,182350,21099212550.0,106972,115800.0,9,115790.0,10,115810.0,1,115780.0,24,115820.0,10,115770.0,5,115830.0,3,115760.0,10,115840.0,8,115750.0,5
1597988298624888064,1597988298500000000,2020-08-21 13:38:18.500000,115800.0,116920.0,114770.0,116850.0,nan,115707.230478,182360,21100370550.0,106963,115810.0,1,115790.0,16,115820.0,10,115780.0,23,115830.0,3,115770.0,5,115840.0,8,115760.0,10,115850.0,52,115750.0,5
1597988299132559104,1597988299000000000,2020-08-21 13:38:19.000000,115800.0,116920.0,114770.0,116850.0,nan,115707.237709,182374,21101991770.0,106953,115820.0,10,115800.0,1,115830.0,3,115790.0,11,115840.0,8,115780.0,24,115850.0,53,115770.0,5,115860.0,3,115760.0,10
1597988299623331072,1597988299500000000,2020-08-21 13:38:19.500000,115800.0,116920.0,114770.0,116850.0,nan,115707.237709,182374,21101991770.0,106953,115820.0,10,115810.0,3,115830.0,3,115800.0,2,115840.0,8,115790.0,11,115850.0,53,115780.0,24,115860.0,3,115770.0,6
1597988300147836928,1597988300000000000,2020-08-21 13:38:20.000000,115820.0,116920.0,114770.0,116850.0,nan,115707.241982,182381,21102802500.0,106956,115820.0,4,115810.0,2,115830.0,3,115800.0,2,115840.0,8,115790.0,52,115850.0,53,115780.0,33,115860.0,3,115770.0,6
1597988300619087104,1597988300500000000,2020-08-21 13:38:20.500000,115790.0,116920.0,114770.0,116850.0,nan,115707.251386,182401,21105118360.0,106944,115820.0,4,115810.0,1,115830.0,3,115790.0,38,115840.0,8,115780.0,33,115850.0,53,115770.0,6,115860.0,3,115760.0,10
1597988301446008064,1597988301000000000,2020-08-21 13:38:21.000000,115810.0,116920.0,114770.0,116850.0,nan,115707.251949,182402,21105234170.0,106944,115820.0,5,115790.0,38,115830.0,3,115780.0,33,115840.0,8,115770.0,6,115850.0,53,115760.0,10,115860.0,3,115750.0,5
1597988301829469952,1597988301500000000,2020-08-21 13:38:21.500000,115810.0,116920.0,114770.0,116850.0,nan,115707.251949,182402,21105234170.0,106944,115820.0,5,115800.0,6,115830.0,3,115790.0,38,115840.0,8,115780.0,34,115850.0,53,115770.0,6,115860.0,2,115760.0,10
1597988302141555968,1597988302000000000,2020-08-21 13:38:22.000000,115810.0,116920.0,114770.0,116850.0,nan,115707.251949,182402,21105234170.0,106944,115820.0,6,115800.0,6,115830.0,3,115790.0,38,115840.0,8,115780.0,34,115850.0,53,115770.0,6,115860.0,2,115760.0,10
1597988302625083904,1597988302500000000,2020-08-21 13:38:22.500000,115810.0,116920.0,114770.0,116850.0,nan,115707.251949,182402,21105234170.0,106944,115810.0,1,115800.0,6,115820.0,6,115790.0,38,115830.0,3,115780.0,34,115840.0,8,115770.0,6,115850.0,53,115760.0,10
1597988303120243968,1597988303000000000,2020-08-21 13:38:23.000000,115820.0,116920.0,114770.0,116850.0,nan,115707.25313,182404,21105465800.0,106944,115820.0,5,115800.0,6,115830.0,3,115790.0,38,115840.0,8,115780.0,35,115850.0,53,115770.0,6,115860.0,2,115760.0,10
1597988303617414912,1597988303500000000,2020-08-21 13:38:23.500000,115820.0,116920.0,114770.0,116850.0,nan,115707.253749,182405,21105581620.0,106944,115820.0,4,115800.0,7,115830.0,3,115790.0,38,115840.0,8,115780.0,35,115850.0,53,115770.0,6,115860.0,2,115760.0,10
1597988304154243072,1597988304000000000,2020-08-21 13:38:24.000000,115820.0,116920.0,114770.0,116850.0,nan,115707.253749,182405,21105581620.0,106944,115820.0,5,115800.0,7,115830.0,3,115790.0,38,115840.0,8,115780.0,35,115850.0,53,115770.0,6,115860.0,2,115760.0,10
1597988305111789056,1597988305000000000,2020-08-21 13:38:25.000000,115820.0,116920.0,114770.0,116850.0,nan,115707.254367,182406,21105697440.0,106944,115820.0,4,115800.0,7,115830.0,3,115790.0,38,115840.0,8,115780.0,35,115850.0,52,115770.0,6,115860.0,2,115760.0,10
1597988305620602880,1597988305500000000,2020-08-21 13:38:25.500000,115820.0,116920.0,114770.0,116850.0,nan,115707.25651,182410,21106160660.0,106942,115820.0,3,115800.0,8,115830.0,3,115790.0,38,115840.0,8,115780.0,35,115850.0,52,115770.0,6,115860.0,2,115760.0,10
1597988306145378048,1597988306000000000,2020-08-21 13:38:26.000000,115800.0,116920.0,114770.0,116850.0,nan,115707.257018,182411,21106276460.0,106941,115820.0,3,115800.0,7,115830.0,3,115790.0,38,115840.0,8,115780.0,35,115850.0,52,115770.0,6,115860.0,2,115760.0,10
1597988306614760960,1597988306500000000,2020-08-21 13:38:26.500000,115800.0,116920.0,114770.0,116850.0,nan,115707.257018,182411,21106276460.0,106941,115820.0,3,115800.0,7,115830.0,3,115790.0,39,115840.0,8,115780.0,37,115850.0,52,115770.0,6,115860.0,2,115760.0,10
1597988307110539008,1597988307000000000,2020-08-21 13:38:27.000000,115800.0,116920.0,114770.0,116850.0,nan,115707.257018,182411,21106276460.0,106941,115820.0,3,115810.0,1,115830.0,3,115800.0,3,115840.0,8,115790.0,39,115850.0,52,115780.0,37,115860.0,2,115770.0,6
1597988307623290112,1597988307500000000,2020-08-21 13:38:27.500000,115820.0,116920.0,114770.0,116850.0,nan,115707.257637,182412,21106392280.0,106941,115820.0,2,115810.0,1,115830.0,3,115800.0,3,115840.0,8,115790.0,39,115850.0,52,115780.0,37,115860.0,2,115770.0,6
1597988308121488896,1597988308000000000,2020-08-21 13:38:28.000000,115820.0,116920.0,114770.0,116850.0,nan,115707.257637,182412,21106392280.0,106941,115820.0,2,115810.0,1,115830.0,3,115800.0,5,115840.0,8,115790.0,39,115850.0,52,115780.0,37,115860.0,2,115770.0,6
1597988308629591040,1597988308500000000,2020-08-21 13:38:28.500000,115820.0,116920.0,114770.0,116850.0,nan,115707.258255,182413,21106508100.0,106940,115820.0,1,115810.0,1,115830.0,3,115800.0,5,115840.0,8,115790.0,39,115850.0,52,115780.0,37,115860.0,2,115770.0,6
1597988309696116992,1597988309500000000,2020-08-21 13:38:29.500000,115810.0,116920.0,114770.0,116850.0,nan,115707.258818,182414,21106623910.0,106940,115810.0,1,115800.0,5,115820.0,3,115790.0,39,115830.0,3,115780.0,37,115840.0,8,115770.0,5,115850.0,52,115760.0,10
1597988310208577024,1597988310000000000,2020-08-21 13:38:30.000000,115800.0,116920.0,114770.0,116850.0,nan,115707.263613,182423,21107666150.0,106940,115820.0,2,115800.0,4,115830.0,3,115790.0,39,115840.0,8,115780.0,37,115850.0,53,115770.0,5,115860.0,2,115760.0,10
1597988310612937984,1597988310500000000,2020-08-21 13:38:30.500000,115820.0,116920.0,114770.0,116850.0,nan,115707.264231,182424,21107781970.0,106940,115820.0,1,115800.0,9,115830.0,3,115790.0,39,115840.0,8,115780.0,37,115850.0,53,115770.0,5,115860.0,2,115760.0,10
1597988311109696000,1597988311000000000,2020-08-21 13:38:31.000000,115820.0,116920.0,114770.0,116850.0,nan,115707.264231,182424,21107781970.0,106940,115820.0,1,115800.0,10,115830.0,3,115790.0,40,115840.0,8,115780.0,37,115850.0,53,115770.0,5,115860.0,2,115760.0,10
1597988312144527104,1597988312000000000,2020-08-21 13:38:32.000000,115820.0,116920.0,114770.0,116850.0,nan,115707.264231,182424,21107781970.0,106940,115820.0,1,115800.0,11,115830.0,3,115790.0,40,115840.0,8,115780.0,37,115850.0,53,115770.0,5,115860.0,2,115760.0,10
1597988312623344128,1597988312500000000,2020-08-21 13:38:32.500000,115820.0,116920.0,114770.0,116850.0,nan,115707.265975,182427,21108129410.0,106940,115830.0,3,115820.0,1,115840.0,8,115800.0,10,115850.0,53,115790.0,40,115860.0,2,115780.0,37,115870.0,2,115770.0,5
1597988313120955904,1597988313000000000,2020-08-21 13:38:33.000000,115800.0,116920.0,114770.0,116850.0,nan,115707.271895,182438,21109403270.0,106933,115820.0,1,115790.0,40,115830.0,3,115780.0,37,115840.0,8,115770.0,6,115850.0,53,115760.0,10,115860.0,2,115750.0,5
1597988313619924992,1597988313500000000,2020-08-21 13:38:33.500000,115800.0,116920.0,114770.0,116850.0,nan,115707.272403,182439,21109519070.0,106934,115810.0,2,115800.0,7,115820.0,1,115790.0,57,115830.0,3,115780.0,37,115840.0,8,115770.0,5,115850.0,53,115760.0,10
1597988314123207936,1597988314000000000,2020-08-21 13:38:34.000000,115810.0,116920.0,114770.0,116850.0,nan,115707.272966,182440,21109634880.0,106934,115820.0,1,115810.0,2,115830.0,3,115800.0,7,115840.0,8,115790.0,58,115850.0,53,115780.0,37,115860.0,2,115770.0,5
1597988314623149056,1597988314500000000,2020-08-21 13:38:34.500000,115810.0,116920.0,114770.0,116850.0,nan,115707.272966,182440,21109634880.0,106934,115820.0,1,115810.0,2,115830.0,3,115800.0,8,115840.0,8,115790.0,58,115850.0,63,115780.0,37,115860.0,2,115770.0,5
1597988315159261952,1597988315000000000,2020-08-21 13:38:35.000000,115810.0,116920.0,114770.0,116850.0,nan,115707.274093,182442,21109866500.0,106935,115820.0,1,115800.0,9,115830.0,3,115790.0,57,115840.0,8,115780.0,37,115850.0,63,115770.0,5,115860.0,2,115760.0,10
1597988315691503104,1597988315500000000,2020-08-21 13:38:35.500000,115810.0,116920.0,114770.0,116850.0,nan,115707.274093,182442,21109866500.0,106935,115820.0,1,115800.0,16,115830.0,3,115790.0,57,115840.0,8,115780.0,34,115850.0,63,115770.0,5,115860.0,2,115760.0,10
1597988316143555072,1597988316000000000,2020-08-21 13:38:36.000000,115820.0,116920.0,114770.0,116850.0,nan,115707.27471,182443,21109982320.0,106936,115830.0,3,115800.0,16,115840.0,8,115790.0,57,115850.0,63,115780.0,34,115860.0,2,115770.0,5,115870.0,2,115760.0,10
1597988316618187008,1597988316500000000,2020-08-21 13:38:36.500000,115820.0,116920.0,114770.0,116850.0,nan,115707.27471,182443,21109982320.0,106936,115830.0,3,115820.0,1,115840.0,8,115800.0,16,115850.0,63,115790.0,57,115860.0,2,115780.0,34,115870.0,2,115770.0,5
1597988317140841984,1597988317000000000,2020-08-21 13:38:37.000000,115820.0,116920.0,114770.0,116850.0,nan,115707.275328,182444,21110098140.0,106937,115820.0,5,115800.0,16,115830.0,3,115790.0,57,115840.0,8,115780.0,34,115850.0,63,115770.0,5,115860.0,2,115760.0,10
1597988317640875008,1597988317500000000,2020-08-21 13:38:37.500000,115800.0,116920.0,114770.0,116850.0,nan,115707.275837,182445,21110213940.0,106938,115820.0,5,115800.0,16,115830.0,3,115790.0,58,115840.0,8,115780.0,34,115850.0,63,115770.0,5,115860.0,2,115760.0,10
1597988318183021056,1597988318000000000,2020-08-21 13:38:38.000000,115800.0,116920.0,114770.0,116850.0,nan,115707.275837,182445,21110213940.0,106938,115820.0,5,115810.0,1,115830.0,3,115800.0,19,115840.0,8,115790.0,58,115850.0,63,115780.0,34,115860.0,2,115770.0,5
1597988318612113920,1597988318500000000,2020-08-21 13:38:38.500000,115810.0,116920.0,114770.0,116850.0,nan,115707.27758,182448,21110561380.0,106937,115810.0,5,115800.0,20,115820.0,4,115790.0,52,115830.0,3,115780.0,34,115840.0,7,115770.0,5,115850.0,63,115760.0,10
1597988319135726080,1597988319000000000,2020-08-21 13:38:39.000000,115810.0,116920.0,114770.0,116850.0,nan,115707.284391,182460,21111951110.0,106940,115820.0,3,115810.0,3,115830.0,3,115800.0,25,115840.0,8,115790.0,52,115850.0,63,115780.0,34,115860.0,2,115770.0,5
1597988319623193088,1597988319500000000,2020-08-21 13:38:39.500000,115820.0,116920.0,114770.0,116850.0,nan,115707.285009,182461,21112066930.0,106940,115820.0,2,115810.0,1,115830.0,3,115800.0,20,115840.0,8,115790.0,52,115850.0,63,115780.0,34,115860.0,2,115770.0,5
1597988320124370944,1597988320000000000,2020-08-21 13:38:40.000000,115820.0,116920.0,114770.0,116850.0,nan,115707.285009,182461,21112066930.0,106940,115820.0,2,115810.0,1,115830.0,3,115800.0,19,115840.0,8,115790.0,53,115850.0,63,115780.0,34,115860.0,2,115770.0,5
1597988320606682880,1597988320500000000,2020-08-21 13:38:40.500000,115810.0,116920.0,114770.0,116850.0,nan,115707.285572,182462,21112182740.0,106940,115820.0,2,115800.0,19,115830.0,3,115790.0,53,115840.0,8,115780.0,34,115850.0,63,115770.0,5,115860.0,2,115760.0,10
1597988321622885120,1597988321500000000,2020-08-21 13:38:41.500000,115810.0,116920.0,114770.0,116850.0,nan,115707.285572,182462,21112182740.0,106940,115810.0,1,115800.0,21,115820.0,2,115790.0,52,115830.0,3,115780.0,34,115840.0,8,115770.0,5,115850.0,63,115760.0,10
1597988322153413120,1597988322000000000,2020-08-21 13:38:42.000000,115810.0,116920.0,114770.0,116850.0,nan,115707.286135,182463,21112298550.0,106940,115820.0,2,115800.0,21,115830.0,3,115790.0,52,115840.0,8,115780.0,34,115850.0,63,115770.0,5,115860.0,2,115760.0,10
1597988322607949056,1597988322500000000,2020-08-21 13:38:42.500000,115810.0,116920.0,114770.0,116850.0,nan,115707.286135,182463,21112298550.0,106940,115820.0,2,115810.0,7,115830.0,3,115800.0,21,115840.0,8,115790.0,52,115850.0,63,115780.0,34,115860.0,2,115770.0,5
1597988323135892992,1597988323000000000,2020-08-21 13:38:43.000000,115810.0,116920.0,114770.0,116850.0,nan,115707.287933,182466,21112646000.0,106940,115830.0,3,115810.0,6,115840.0,8,115800.0,21,115850.0,63,115790.0,52,115860.0,2,115780.0,34,115870.0,2,115770.0,5
1597988324623353088,1597988324500000000,2020-08-21 13:38:44.500000,115810.0,116920.0,114770.0,116850.0,nan,115707.287933,182466,21112646000.0,106940,115830.0,3,115810.0,6,115840.0,8,115800.0,31,115850.0,63,115790.0,51,115860.0,2,115780.0,34,115870.0,2,115770.0,5
1597988325137329920,1597988325000000000,2020-08-21 13:38:45.000000,115810.0,116920.0,114770.0,116850.0,nan,115707.287933,182466,21112646000.0,106940,115820.0,4,115810.0,6,115830.0,3,115800.0,31,115840.0,8,115790.0,51,115850.0,63,115780.0,34,115860.0,2,115770.0,5
1597988325647744000,1597988325500000000,2020-08-21 13:38:45.500000,115830.0,116920.0,114770.0,116850.0,nan,115707.289169,182468,21112877640.0,106940,115830.0,2,115810.0,5,115840.0,7,115800.0,31,115850.0,63,115790.0,51,115860.0,2,115780.0,34,115870.0,2,115770.0,5
1597988326147429888,1597988326000000000,2020-08-21 13:38:46.000000,115830.0,116920.0,114770.0,116850.0,nan,115707.289169,182468,21112877640.0,106940,115830.0,2,115810.0,5,115840.0,8,115800.0,31,115850.0,63,115790.0,51,115860.0,2,115780.0,34,115870.0,2,115770.0,5
1597988326646120960,1597988326500000000,2020-08-21 13:38:46.500000,115810.0,116920.0,114770.0,116850.0,nan,115707.289731,182469,21112993450.0,106940,115830.0,2,115810.0,4,115840.0,8,115800.0,31,115850.0,63,115790.0,51,115860.0,2,115780.0,34,115870.0,2,115770.0,5
1597988327282774016,1597988327000000000,2020-08-21 13:38:47.000000,115810.0,116920.0,114770.0,116850.0,nan,115707.289731,182469,21112993450.0,106940,115830.0,2,115820.0,1,115840.0,8,115810.0,5,115850.0,63,115800.0,32,115860.0,2,115790.0,51,115870.0,2,115780.0,34
1597988328650091008,1597988328500000000,2020-08-21 13:38:48.500000,115810.0,116920.0,114770.0,116850.0,nan,115707.289731,182469,21112993450.0,106940,115830.0,2,115820.0,1,115840.0,7,115810.0,6,115850.0,63,115800.0,31,115860.0,2,115790.0,51,115870.0,2,115780.0,34
1597988329162750976,1597988329000000000,2020-08-21 13:38:49.000000,115830.0,116920.0,114770.0,116850.0,nan,115707.291076,182471,21113225110.0,106941,115840.0,7,115830.0,2,115850.0,63,115820.0,1,115860.0,2,115810.0,6,115870.0,2,115800.0,31,115880.0,10,115790.0,51
1597988329637601024,1597988329500000000,2020-08-21 13:38:49.500000,115830.0,116920.0,114770.0,116850.0,nan,115707.292421,182473,21113456770.0,106940,115840.0,7,115820.0,1,115850.0,63,115810.0,7,115860.0,2,115800.0,25,115870.0,2,115790.0,51,115880.0,20,115780.0,34
1597988330646676992,1597988330500000000,2020-08-21 13:38:50.500000,115820.0,116920.0,114770.0,116850.0,nan,115707.293039,182474,21113572590.0,106941,115840.0,7,115810.0,7,115850.0,63,115800.0,26,115860.0,2,115790.0,51,115870.0,2,115780.0,34,115880.0,20,115770.0,5
1597988331127628032,1597988331000000000,2020-08-21 13:38:51.000000,115820.0,116920.0,114770.0,116850.0,nan,115707.293039,182474,21113572590.0,106941,115830.0,1,115820.0,5,115840.0,7,115810.0,7,115850.0,63,115800.0,22,115860.0,2,115790.0,51,115870.0,2,115780.0,34
1597988331632996096,1597988331500000000,2020-08-21 13:38:51.500000,115820.0,116920.0,114770.0,116850.0,nan,115707.293657,182475,21113688410.0,106942,115830.0,1,115820.0,4,115840.0,7,115810.0,7,115850.0,63,115800.0,22,115860.0,2,115790.0,51,115870.0,2,115780.0,34
1597988332682786048,1597988332500000000,2020-08-21 13:38:52.500000,115820.0,116920.0,114770.0,116850.0,nan,115707.293657,182475,21113688410.0,106942,115830.0,1,115820.0,4,115840.0,7,115810.0,7,115850.0,16,115800.0,22,115860.0,2,115790.0,51,115870.0,2,115780.0,33
1597988333158351104,1597988333000000000,2020-08-21 13:38:53.000000,115830.0,116920.0,114770.0,116850.0,nan,115707.294329,182476,21113804240.0,106942,115840.0,7,115820.0,5,115850.0,16,115810.0,7,115860.0,3,115800.0,22,115870.0,2,115790.0,51,115880.0,20,115780.0,33
1597988333628189952,1597988333500000000,2020-08-21 13:38:53.500000,115820.0,116920.0,114770.0,116850.0,nan,115707.295619,182478,21114035890.0,106943,115840.0,7,115820.0,9,115850.0,16,115810.0,7,115860.0,3,115800.0,22,115870.0,2,115790.0,51,115880.0,20,115780.0,33
1597988334135190016,1597988334000000000,2020-08-21 13:38:54.000000,115820.0,116920.0,114770.0,116850.0,nan,115707.296237,182479,21114151710.0,106944,115840.0,7,115820.0,7,115850.0,16,115810.0,6,115860.0,3,115800.0,23,115870.0,2,115790.0,51,115880.0,20,115780.0,33
1597988334616082944,1597988334500000000,2020-08-21 13:38:54.500000,115820.0,116920.0,114770.0,116850.0,nan,115707.296237,182479,21114151710.0,106944,115840.0,7,115820.0,8,115850.0,16,115810.0,7,115860.0,3,115800.0,22,115870.0,2,115790.0,51,115880.0,20,115780.0,33
1597988335136777984,1597988335000000000,2020-08-21 13:38:55.000000,115840.0,116920.0,114770.0,116850.0,nan,115707.299654,182484,21114730870.0,106943,115840.0,4,115820.0,6,115850.0,16,115810.0,7,115860.0,3,115800.0,22,115870.0,2,115790.0,51,115880.0,20,115780.0,33
1597988335642433024,1597988335500000000,2020-08-21 13:38:55.500000,115820.0,116920.0,114770.0,116850.0,nan,115707.303359,182490,21115425790.0,106939,115840.0,4,115810.0,7,115850.0,16,115800.0,22,115860.0,3,115790.0,51,115870.0,2,115780.0,33,115880.0,20,115770.0,5
1597988336183617024,1597988336000000000,2020-08-21 13:38:56.000000,115820.0,116920.0,114770.0,116850.0,nan,115707.303359,182490,21115425790.0,106939,115840.0,4,115820.0,6,115850.0,16,115810.0,7,115860.0,2,115800.0,25,115870.0,1,115790.0,51,115880.0,19,115780.0,33
1597988336612687872,1597988336500000000,2020-08-21 13:38:56.500000,115820.0,116920.0,114770.0,116850.0,nan,115707.303359,182490,21115425790.0,106939,115840.0,4,115830.0,2,115850.0,6,115820.0,6,115860.0,2,115810.0,7,115870.0,1,115800.0,25,115880.0,19,115790.0,51
1597988337165988096,1597988337000000000,2020-08-21 13:38:57.000000,115830.0,116920.0,114770.0,116850.0,nan,115707.304031,182491,21115541620.0,106940,115840.0,4,115830.0,1,115850.0,6,115820.0,6,115860.0,2,115810.0,7,115870.0,1,115800.0,25,115880.0,19,115790.0,51
1597988337649324032,1597988337500000000,2020-08-21 13:38:57.500000,115840.0,116920.0,114770.0,116850.0,nan,115707.304759,182492,21115657460.0,106940,115840.0,3,115830.0,3,115850.0,6,115820.0,6,115860.0,2,115810.0,7,115870.0,1,115800.0,25,115880.0,19,115790.0,51
1597988338136233984,1597988338000000000,2020-08-21 13:38:58.000000,115830.0,116920.0,114770.0,116850.0,nan,115707.305431,182493,21115773290.0,106941,115850.0,6,115830.0,3,115860.0,2,115820.0,7,115870.0,1,115810.0,6,115880.0,19,115800.0,25,115890.0,6,115790.0,51
1597988338620183040,1597988338500000000,2020-08-21 13:38:58.500000,115830.0,116920.0,114770.0,116850.0,nan,115707.305431,182493,21115773290.0,106941,115850.0,6,115840.0,2,115860.0,2,115830.0,2,115870.0,1,115820.0,7,115880.0,18,115810.0,7,115890.0,6,115800.0,25
1597988339249959936,1597988339000000000,2020-08-21 13:38:59.000000,115830.0,116920.0,114770.0,116850.0,nan,115707.307557,182496,21116120800.0,106944,115850.0,6,115830.0,1,115860.0,2,115820.0,7,115870.0,1,115810.0,7,115880.0,18,115800.0,25,115890.0,6,115790.0,51
1597988339622370048,1597988339500000000,2020-08-21 13:38:59.500000,115840.0,116920.0,114770.0,116850.0,nan,115707.308285,182497,21116236640.0,106944,115850.0,6,115840.0,1,115860.0,2,115830.0,2,115870.0,1,115820.0,7,115880.0,18,115810.0,7,115890.0,6,115800.0,25
1597988340137262080,1597988340000000000,2020-08-21 13:39:00.000000,115840.0,116920.0,114770.0,116850.0,nan,115707.309012,182498,21116352480.0,106945,115850.0,6,115830.0,2,115860.0,2,115820.0,7,115870.0,11,115810.0,7,115880.0,18,115800.0,25,115890.0,6,115790.0,51
1597988340627427072,1597988340500000000,2020-08-21 13:39:00.500000,115850.0,116920.0,114770.0,116850.0,nan,115707.315047,182506,21117279240.0,106942,115860.0,2,115850.0,2,115870.0,11,115830.0,4,115880.0,18,115820.0,7,115890.0,6,115810.0,7,115900.0,5,115800.0,25
1597988341120135936,1597988341000000000,2020-08-21 13:39:01.000000,115850.0,116920.0,114770.0,116850.0,nan,115707.319738,182512,21117974340.0,106938,115860.0,2,115820.0,7,115870.0,12,115810.0,7,115880.0,18,115800.0,26,115890.0,6,115790.0,51,115900.0,5,115780.0,35
1597988341641617920,1597988341500000000,2020-08-21 13:39:01.500000,115830.0,116920.0,114770.0,116850.0,nan,115707.32041,182513,21118090170.0,106938,115850.0,5,115830.0,9,115860.0,2,115820.0,12,115870.0,12,115810.0,7,115880.0,18,115800.0,25,115890.0,5,115790.0,51
1597988342155397888,1597988342000000000,2020-08-21 13:39:02.000000,115830.0,116920.0,114770.0,116850.0,nan,115707.321082,182514,21118206000.0,106938,115850.0,1,115840.0,4,115860.0,2,115830.0,10,115870.0,12,115820.0,11,115880.0,18,115810.0,7,115890.0,5,115800.0,25
1597988342647913984,1597988342500000000,2020-08-21 13:39:02.500000,115860.0,116920.0,114770.0,116850.0,nan,115707.324319,182518,21118669420.0,106939,115870.0,12,115860.0,1,115880.0,18,115840.0,5,115890.0,5,115830.0,9,115900.0,6,115820.0,11,115910.0,4,115810.0,7
1597988343153449984,1597988343000000000,2020-08-21 13:39:03.000000,115860.0,116920.0,114770.0,116850.0,nan,115707.326828,182521,21119017000.0,106939,115850.0,3,115840.0,5,115860.0,45,115830.0,2,115870.0,12,115820.0,6,115880.0,18,115810.0,8,115890.0,5,115800.0,25
1597988343650957056,1597988343500000000,2020-08-21 13:39:03.500000,115850.0,116920.0,114770.0,116850.0,nan,115707.32761,182522,21119132850.0,106939,115850.0,9,115840.0,5,115860.0,45,115830.0,2,115870.0,13,115820.0,7,115880.0,18,115810.0,7,115890.0,5,115800.0,25
1597988344126624000,1597988344000000000,2020-08-21 13:39:04.000000,115850.0,116920.0,114770.0,116850.0,nan,115707.328391,182523,21119248700.0,106940,115850.0,6,115840.0,6,115860.0,33,115830.0,3,115870.0,3,115820.0,6,115880.0,18,115810.0,7,115890.0,5,115800.0,20
1597988344614839040,1597988344500000000,2020-08-21 13:39:04.500000,115850.0,116920.0,114770.0,116850.0,nan,115707.329173,182524,21119364550.0,106940,115850.0,5,115840.0,6,115860.0,15,115830.0,2,115870.0,4,115820.0,7,115880.0,18,115810.0,7,115890.0,5,115800.0,20
1597988345167086080,1597988345000000000,2020-08-21 13:39:05.000000,115850.0,116920.0,114770.0,116850.0,nan,115707.329173,182524,21119364550.0,106940,115850.0,6,115840.0,6,115860.0,15,115830.0,2,115870.0,4,115820.0,7,115880.0,18,115810.0,7,115890.0,5,115800.0,17
1597988345628704000,1597988345500000000,2020-08-21 13:39:05.500000,115840.0,116920.0,114770.0,116850.0,nan,115707.333534,182530,21120059590.0,106937,115840.0,4,115830.0,2,115850.0,6,115820.0,8,115860.0,15,115810.0,7,115870.0,4,115800.0,17,115880.0,18,115790.0,51
1597988346149464064,1597988346000000000,2020-08-21 13:39:06.000000,115850.0,116920.0,114770.0,116850.0,nan,115707.339568,182538,21120986350.0,106934,115850.0,2,115840.0,1,115860.0,15,115830.0,2,115870.0,4,115820.0,8,115880.0,18,115810.0,7,115890.0,6,115800.0,17
1597988346634470912,1597988346500000000,2020-08-21 13:39:06.500000,115850.0,116920.0,114770.0,116850.0,nan,115707.339568,182538,21120986350.0,106934,115850.0,2,115830.0,2,115860.0,15,115820.0,8,115870.0,4,115810.0,8,115880.0,18,115800.0,17,115890.0,6,115790.0,51
1597988347183031040,1597988347000000000,2020-08-21 13:39:07.000000,115850.0,116920.0,114770.0,116850.0,nan,115707.339568,182538,21120986350.0,106934,115850.0,2,115820.0,7,115860.0,15,115810.0,9,115870.0,4,115800.0,17,115880.0,18,115790.0,50,115890.0,6,115780.0,35
1597988347627518976,1597988347500000000,2020-08-21 13:39:07.500000,115820.0,116920.0,114770.0,116850.0,nan,115707.340185,182539,21121102170.0,106935,115840.0,2,115820.0,7,115850.0,2,115810.0,9,115860.0,14,115800.0,17,115870.0,4,115790.0,50,115880.0,18,115780.0,35
1597988348155714048,1597988348000000000,2020-08-21 13:39:08.000000,115820.0,116920.0,114770.0,116850.0,nan,115707.340185,182539,21121102170.0,106935,115840.0,2,115820.0,8,115850.0,2,115810.0,9,115860.0,14,115800.0,17,115870.0,4,115790.0,50,115880.0,19,115780.0,35
1597988348619192064,1597988348500000000,2020-08-21 13:39:08.500000,115840.0,116920.0,114770.0,116850.0,nan,115707.340912,182540,21121218010.0,106934,115840.0,2,115820.0,8,115850.0,2,115810.0,9,115860.0,14,115800.0,17,115870.0,4,115790.0,50,115880.0,19,115780.0,35
1597988349124712960,1597988349000000000,2020-08-21 13:39:09.000000,115840.0,116920.0,114770.0,116850.0,nan,115707.340912,182540,21121218010.0,106934,115830.0,2,115820.0,8,115840.0,2,115810.0,8,115850.0,2,115800.0,18,115860.0,14,115790.0,50,115870.0,5,115780.0,35
1597988349600079104,1597988349500000000,2020-08-21 13:39:09.500000,115840.0,116920.0,114770.0,116850.0,nan,115707.340912,182540,21121218010.0,106934,115830.0,2,115820.0,8,115840.0,2,115810.0,8,115850.0,3,115800.0,18,115860.0,10,115790.0,50,115870.0,6,115780.0,35
1597988350100745984,1597988350000000000,2020-08-21 13:39:10.000000,115820.0,116920.0,114770.0,116850.0,nan,115707.342146,182542,21121449650.0,106935,115830.0,2,115820.0,6,115840.0,2,115810.0,8,115850.0,3,115800.0,17,115860.0,10,115790.0,51,115870.0,6,115780.0,35
1597988350630906112,1597988350500000000,2020-08-21 13:39:10.500000,115820.0,116920.0,114770.0,116850.0,nan,115707.34338,182544,21121681290.0,106935,115830.0,2,115820.0,4,115840.0,3,115810.0,8,115850.0,3,115800.0,17,115860.0,10,115790.0,51,115870.0,6,115780.0,35
1597988351127175936,1597988351000000000,2020-08-21 13:39:11.000000,115820.0,116920.0,114770.0,116850.0,nan,115707.344615,182546,21121912930.0,106935,115830.0,2,115820.0,2,115840.0,2,115810.0,8,115850.0,3,115800.0,18,115860.0,10,115790.0,50,115870.0,6,115780.0,35
1597988351674437888,1597988351500000000,2020-08-21 13:39:11.500000,115820.0,116920.0,114770.0,116850.0,nan,115707.345232,182547,21122028750.0,106936,115830.0,2,115820.0,1,115840.0,2,115810.0,8,115850.0,3,115800.0,17,115860.0,10,115790.0,51,115870.0,6,115780.0,35
1597988352153996032,1597988352000000000,2020-08-21 13:39:12.000000,115820.0,116920.0,114770.0,116850.0,nan,115707.345232,182547,21122028750.0,106936,115830.0,2,115820.0,1,115840.0,2,115810.0,8,115850.0,3,115800.0,18,115860.0,10,115790.0,50,115870.0,6,115780.0,35
1597988352629758976,1597988352500000000,2020-08-21 13:39:12.500000,115830.0,116920.0,114770.0,116850.0,nan,115707.347247,182550,21122376240.0,106937,115840.0,2,115820.0,1,115850.0,4,115810.0,8,115860.0,10,115800.0,18,115870.0,6,115790.0,50,115880.0,19,115780.0,35
1597988353147107072,1597988353000000000,2020-08-21 13:39:13.000000,115830.0,116920.0,114770.0,116850.0,nan,115707.347247,182550,21122376240.0,106937,115840.0,2,115820.0,2,115850.0,4,115810.0,8,115860.0,10,115800.0,18,115870.0,6,115790.0,50,115880.0,19,115780.0,35
1597988353614931968,1597988353500000000,2020-08-21 13:39:13.500000,115830.0,116920.0,114770.0,116850.0,nan,115707.347247,182550,21122376240.0,106937,115840.0,2,115820.0,6,115850.0,4,115810.0,5,115860.0,11,115800.0,17,115870.0,6,115790.0,50,115880.0,19,115780.0,35
1597988354139323904,1597988354000000000,2020-08-21 13:39:14.000000,115840.0,116920.0,114770.0,116850.0,nan,115707.348701,182552,21122607920.0,106936,115850.0,4,115840.0,8,115860.0,11,115820.0,6,115870.0,6,115810.0,4,115880.0,19,115800.0,17,115890.0,5,115790.0,50
1597988354625200128,1597988354500000000,2020-08-21 13:39:14.500000,115840.0,116920.0,114770.0,116850.0,nan,115707.355967,182562,21123766320.0,106931,115840.0,24,115820.0,6,115850.0,8,115810.0,9,115860.0,11,115800.0,17,115870.0,6,115790.0,53,115880.0,19,115780.0,35
1597988355131699968,1597988355000000000,2020-08-21 13:39:15.000000,115840.0,116920.0,114770.0,116850.0,nan,115707.355967,182562,21123766320.0,106931,115830.0,2,115820.0,6,115840.0,9,115810.0,9,115850.0,5,115800.0,17,115860.0,11,115790.0,53,115870.0,6,115780.0,35
1597988355613999104,1597988355500000000,2020-08-21 13:39:15.500000,115840.0,116920.0,114770.0,116850.0,nan,115707.355967,182562,21123766320.0,106931,115830.0,2,115820.0,6,115840.0,26,115810.0,9,115850.0,5,115800.0,17,115860.0,11,115790.0,53,115870.0,6,115780.0,35
1597988356122736896,1597988356000000000,2020-08-21 13:39:16.000000,115840.0,116920.0,114770.0,116850.0,nan,115707.355967,182562,21123766320.0,106931,115830.0,2,115820.0,6,115840.0,26,115810.0,9,115850.0,5,115800.0,16,115860.0,11,115790.0,54,115870.0,6,115780.0,35
1597988356607273984,1597988356500000000,2020-08-21 13:39:16.500000,115840.0,116920.0,114770.0,116850.0,nan,115707.355967,182562,21123766320.0,106931,115830.0,2,115820.0,7,115840.0,27,115810.0,9,115850.0,5,115800.0,16,115860.0,11,115790.0,53,115870.0,6,115780.0,35
1597988357134317056,1597988357000000000,2020-08-21 13:39:17.000000,115820.0,116920.0,114770.0,116850.0,nan,115707.357201,182564,21123997960.0,106930,115830.0,2,115820.0,5,115840.0,27,115810.0,9,115850.0,6,115800.0,16,115860.0,11,115790.0,53,115870.0,6,115780.0,35
1597988357601670912,1597988357500000000,2020-08-21 13:39:17.500000,115820.0,116920.0,114770.0,116850.0,nan,115707.360903,182570,21124692880.0,106927,115830.0,2,115810.0,10,115840.0,27,115800.0,16,115850.0,6,115790.0,53,115860.0,11,115780.0,35,115870.0,6,115770.0,15
1597988358142403072,1597988358000000000,2020-08-21 13:39:18.000000,115820.0,116920.0,114770.0,116850.0,nan,115707.360903,182570,21124692880.0,106927,115820.0,15,115810.0,10,115830.0,2,115800.0,16,115840.0,27,115790.0,53,115850.0,6,115780.0,35,115860.0,11,115770.0,15
1597988358616708096,1597988358500000000,2020-08-21 13:39:18.500000,115810.0,116920.0,114770.0,116850.0,nan,115707.367086,182581,21125966790.0,106932,115820.0,15,115800.0,16,115830.0,2,115790.0,53,115840.0,27,115780.0,35,115850.0,6,115770.0,15,115860.0,11,115760.0,8
1597988359121878016,1597988359000000000,2020-08-21 13:39:19.000000,115800.0,116920.0,114770.0,116850.0,nan,115707.385878,182612,21129557150.0,106911,115830.0,2,115800.0,16,115840.0,26,115790.0,53,115850.0,7,115780.0,34,115860.0,11,115770.0,11,115870.0,6,115760.0,11
1597988359617085952,1597988359500000000,2020-08-21 13:39:19.500000,115810.0,116920.0,114770.0,116850.0,nan,115707.387564,182615,21129904580.0,106911,115820.0,8,115810.0,1,115830.0,4,115800.0,16,115840.0,26,115790.0,53,115850.0,7,115780.0,34,115860.0,11,115770.0,11
1597988360142289920,1597988360000000000,2020-08-21 13:39:20.000000,115810.0,116920.0,114770.0,116850.0,nan,115707.388126,182616,21130020390.0,106912,115820.0,2,115800.0,16,115830.0,4,115790.0,53,115840.0,26,115780.0,34,115850.0,7,115770.0,11,115860.0,11,115760.0,11
1597988360606650112,1597988360500000000,2020-08-21 13:39:20.500000,115810.0,116920.0,114770.0,116850.0,nan,115707.388126,182616,21130020390.0,106912,115810.0,19,115800.0,16,115820.0,2,115790.0,53,115830.0,4,115780.0,34,115840.0,26,115770.0,11,115850.0,7,115760.0,11
1597988361126915072,1597988361000000000,2020-08-21 13:39:21.000000,115810.0,116920.0,114770.0,116850.0,nan,115707.388126,182616,21130020390.0,106912,115820.0,7,115810.0,1,115830.0,4,115800.0,15,115840.0,26,115790.0,53,115850.0,7,115780.0,34,115860.0,11,115770.0,11
1597988361613400064,1597988361500000000,2020-08-21 13:39:21.500000,115810.0,116920.0,114770.0,116850.0,nan,115707.388688,182617,21130136200.0,106911,115810.0,14,115800.0,15,115820.0,11,115790.0,53,115830.0,4,115780.0,34,115840.0,26,115770.0,11,115850.0,7,115760.0,11
1597988362119436032,1597988362000000000,2020-08-21 13:39:22.000000,115810.0,116920.0,114770.0,116850.0,nan,115707.388688,182617,21130136200.0,106911,115810.0,15,115800.0,16,115820.0,11,115790.0,53,115830.0,4,115780.0,34,115840.0,26,115770.0,11,115850.0,7,115760.0,11
1597988362619729920,1597988362500000000,2020-08-21 13:39:22.500000,115810.0,116920.0,114770.0,116850.0,nan,115707.38925,182618,21130252010.0,106911,115810.0,17,115800.0,16,115820.0,11,115790.0,53,115830.0,4,115780.0,34,115840.0,26,115770.0,11,115850.0,7,115760.0,11
1597988363125719040,1597988363000000000,2020-08-21 13:39:23.000000,115800.0,116920.0,114770.0,116850.0,nan,115707.390771,182621,21130599410.0,106911,115810.0,18,115800.0,13,115820.0,11,115790.0,53,115830.0,4,115780.0,34,115840.0,26,115770.0,11,115850.0,7,115760.0,11
1597988363625645056,1597988363500000000,2020-08-21 13:39:23.500000,115800.0,116920.0,114770.0,116850.0,nan,115707.390771,182621,21130599410.0,106911,115810.0,18,115800.0,14,115820.0,11,115790.0,53,115830.0,4,115780.0,34,115840.0,36,115770.0,11,115850.0,7,115760.0,11
1597988364135750912,1597988364000000000,2020-08-21 13:39:24.000000,115800.0,116920.0,114770.0,116850.0,nan,115707.392964,182625,21131062640.0,106909,115810.0,15,115800.0,13,115820.0,11,115790.0,53,115830.0,4,115780.0,34,115840.0,36,115770.0,11,115850.0,6,115760.0,11
1597988364614861056,1597988364500000000,2020-08-21 13:39:24.500000,115810.0,116920.0,114770.0,116850.0,nan,115707.395773,182630,21131641690.0,106911,115810.0,10,115800.0,13,115820.0,12,115790.0,53,115830.0,4,115780.0,34,115840.0,36,115770.0,11,115850.0,6,115760.0,11
1597988365116488960,1597988365000000000,2020-08-21 13:39:25.000000,115810.0,116920.0,114770.0,116850.0,nan,115707.401391,182640,21132799790.0,106905,115820.0,8,115810.0,3,115830.0,4,115800.0,13,115840.0,36,115790.0,53,115850.0,6,115780.0,34,115860.0,11,115770.0,11
1597988365602913024,1597988365500000000,2020-08-21 13:39:25.500000,115820.0,116920.0,114770.0,116850.0,nan,115707.402007,182641,21132915610.0,106904,115820.0,7,115810.0,3,115830.0,4,115800.0,13,115840.0,35,115790.0,53,115850.0,6,115780.0,34,115860.0,11,115770.0,11
1597988366151866880,1597988366000000000,2020-08-21 13:39:26.000000,115810.0,116920.0,114770.0,116850.0,nan,115707.403131,182643,21133147230.0,106904,115820.0,7,115810.0,1,115830.0,4,115800.0,13,115840.0,36,115790.0,53,115850.0,6,115780.0,34,115860.0,11,115770.0,11
1597988366635057920,1597988366500000000,2020-08-21 13:39:26.500000,115810.0,116920.0,114770.0,116850.0,nan,115707.403131,182643,21133147230.0,106904,115820.0,7,115810.0,1,115830.0,4,115800.0,15,115840.0,37,115790.0,53,115850.0,6,115780.0,35,115860.0,11,115770.0,11
1597988367614699008,1597988367500000000,2020-08-21 13:39:27.500000,115810.0,116920.0,114770.0,116850.0,nan,115707.403692,182644,21133263040.0,106904,115810.0,5,115800.0,15,115820.0,7,115790.0,53,115830.0,4,115780.0,35,115840.0,37,115770.0,11,115850.0,6,115760.0,11
1597988368111411968,1597988368000000000,2020-08-21 13:39:28.000000,115810.0,116920.0,114770.0,116850.0,nan,115707.406501,182649,21133842090.0,106909,115820.0,7,115800.0,15,115830.0,4,115790.0,53,115840.0,37,115780.0,35,115850.0,6,115770.0,11,115860.0,11,115760.0,11
1597988368606886912,1597988368500000000,2020-08-21 13:39:28.500000,115820.0,116920.0,114770.0,116850.0,nan,115707.407117,182650,21133957910.0,106909,115820.0,6,115800.0,15,115830.0,4,115790.0,53,115840.0,37,115780.0,35,115850.0,6,115770.0,11,115860.0,11,115760.0,11
1597988369137227008,1597988369000000000,2020-08-21 13:39:29.000000,115800.0,116920.0,114770.0,116850.0,nan,115707.408748,182653,21134305330.0,106911,115820.0,5,115800.0,13,115830.0,4,115790.0,53,115840.0,37,115780.0,35,115850.0,6,115770.0,11,115860.0,11,115760.0,11
1597988369605551104,1597988369500000000,2020-08-21 13:39:29.500000,115800.0,116920.0,114770.0,116850.0,nan,115707.408748,182653,21134305330.0,106911,115820.0,5,115810.0,1,115830.0,4,115800.0,13,115840.0,37,115790.0,53,115850.0,6,115780.0,35,115860.0,11,115770.0,11
1597988370160335104,1597988370000000000,2020-08-21 13:39:30.000000,115800.0,116920.0,114770.0,116850.0,nan,115707.408748,182653,21134305330.0,106911,115820.0,6,115810.0,1,115830.0,4,115800.0,13,115840.0,37,115790.0,53,115850.0,6,115780.0,35,115860.0,11,115770.0,11
1597988370626222080,1597988370500000000,2020-08-21 13:39:30.500000,115800.0,116920.0,114770.0,116850.0,nan,115707.415392,182666,21135810740.0,106916,115810.0,40,115790.0,53,115820.0,10,115780.0,35,115830.0,4,115770.0,11,115840.0,37,115760.0,11,115850.0,6,115750.0,5
1597988371120000000,1597988371000000000,2020-08-21 13:39:31.000000,115800.0,116920.0,114770.0,116850.0,nan,115707.415392,182666,21135810740.0,106916,115800.0,2,115790.0,65,115810.0,40,115780.0,35,115820.0,10,115770.0,11,115830.0,4,115760.0,11,115840.0,37,115750.0,5
1597988371628271104,1597988371500000000,2020-08-21 13:39:31.500000,115800.0,116920.0,114770.0,116850.0,nan,115707.415392,182666,21135810740.0,106916,115800.0,2,115790.0,66,115810.0,41,115780.0,35,115820.0,10,115770.0,11,115830.0,4,115760.0,11,115840.0,37,115750.0,5
1597988372151774976,1597988372000000000,2020-08-21 13:39:32.000000,115800.0,116920.0,114770.0,116850.0,nan,115707.415392,182666,21135810740.0,106916,115800.0,2,115790.0,66,115810.0,41,115780.0,35,115820.0,10,115770.0,11,115830.0,4,115760.0,12,115840.0,37,115750.0,5
1597988372616438016,1597988372500000000,2020-08-21 13:39:32.500000,115800.0,116920.0,114770.0,116850.0,nan,115707.416406,182668,21136042340.0,106916,115800.0,239,115790.0,66,115810.0,23,115780.0,35,115820.0,10,115770.0,11,115830.0,4,115760.0,12,115840.0,37,115750.0,5
1597988373159439104,1597988373000000000,2020-08-21 13:39:33.000000,115780.0,116920.0,114770.0,116850.0,nan,115707.448218,182739,21144263380.0,106900,115790.0,16,115780.0,30,115800.0,241,115770.0,11,115810.0,23,115760.0,12,115820.0,10,115750.0,5,115830.0,4,115740.0,3
1597988373609904128,1597988373500000000,2020-08-21 13:39:33.500000,115780.0,116920.0,114770.0,116850.0,nan,115707.466272,182786,21149704930.0,106933,115780.0,3,115760.0,12,115790.0,16,115750.0,4,115800.0,241,115740.0,3,115810.0,22,115730.0,5,115820.0,10,115720.0,6
1597988374109099008,1597988374000000000,2020-08-21 13:39:34.000000,115780.0,116920.0,114770.0,116850.0,nan,115707.466669,182787,21149820710.0,106933,115770.0,1,115760.0,11,115780.0,3,115750.0,4,115790.0,16,115740.0,2,115800.0,241,115730.0,4,115810.0,12,115720.0,6
1597988374672614912,1597988374500000000,2020-08-21 13:39:34.500000,115790.0,116920.0,114770.0,116850.0,nan,115707.470404,182796,21150862760.0,106936,115790.0,3,115780.0,1,115800.0,241,115760.0,11,115810.0,13,115750.0,4,115820.0,10,115740.0,2,115840.0,36,115730.0,4
1597988375126294016,1597988375000000000,2020-08-21 13:39:35.000000,115760.0,116920.0,114770.0,116850.0,nan,115707.47195,182801,21151441580.0,106935,115780.0,25,115760.0,7,115790.0,6,115750.0,4,115800.0,241,115740.0,2,115810.0,13,115730.0,4,115820.0,6,115720.0,6
1597988375618823936,1597988375500000000,2020-08-21 13:39:35.500000,115760.0,116920.0,114770.0,116850.0,nan,115707.475467,182814,21152946420.0,106940,115760.0,1,115740.0,2,115770.0,23,115730.0,4,115780.0,26,115720.0,6,115790.0,6,115710.0,18,115800.0,241,115700.0,26
1597988376125741056,1597988376000000000,2020-08-21 13:39:36.000000,115740.0,116920.0,114770.0,116850.0,nan,115707.4773,182820,21153641000.0,106942,115770.0,21,115740.0,1,115780.0,23,115730.0,4,115790.0,6,115720.0,6,115800.0,241,115710.0,17,115810.0,13,115700.0,26
1597988376644541952,1597988376500000000,2020-08-21 13:39:36.500000,115730.0,116920.0,114770.0,116850.0,nan,115707.478203,182826,21154335410.0,106941,115760.0,6,115750.0,1,115770.0,21,115730.0,2,115780.0,23,115720.0,6,115790.0,6,115710.0,17,115800.0,241,115700.0,26
1597988377104243968,1597988377000000000,2020-08-21 13:39:37.000000,115770.0,116920.0,114770.0,116850.0,nan,115707.483046,182848,21156881860.0,106936,115770.0,4,115760.0,1,115780.0,23,115720.0,2,115790.0,6,115710.0,17,115800.0,241,115700.0,26,115810.0,13,115690.0,12
1597988377635563008,1597988377500000000,2020-08-21 13:39:37.500000,115760.0,116920.0,114770.0,116850.0,nan,115707.486137,182858,21158039500.0,106934,115780.0,25,115760.0,8,115790.0,11,115720.0,2,115800.0,242,115710.0,17,115810.0,13,115700.0,26,115820.0,6,115690.0,12
1597988378155419904,1597988378000000000,2020-08-21 13:39:38.000000,115760.0,116920.0,114770.0,116850.0,nan,115707.486137,182858,21158039500.0,106934,115780.0,21,115770.0,5,115790.0,11,115760.0,9,115800.0,242,115750.0,1,115810.0,12,115740.0,1,115820.0,6,115720.0,2
1597988378611972096,1597988378500000000,2020-08-21 13:39:38.500000,115760.0,116920.0,114770.0,116850.0,nan,115707.486137,182858,21158039500.0,106934,115780.0,11,115770.0,8,115790.0,11,115760.0,10,115800.0,242,115750.0,1,115810.0,11,115740.0,1,115820.0,6,115720.0,2
1597988379133703936,1597988379000000000,2020-08-21 13:39:39.000000,115780.0,116920.0,114770.0,116850.0,nan,115707.488352,182864,21158734150.0,106938,115780.0,6,115770.0,6,115790.0,11,115760.0,11,115800.0,242,115750.0,1,115810.0,11,115740.0,1,115820.0,6,115720.0,2
1597988379615930880,1597988379500000000,2020-08-21 13:39:39.500000,115780.0,116920.0,114770.0,116850.0,nan,115707.488352,182864,21158734150.0,106938,115780.0,7,115770.0,6,115790.0,9,115760.0,11,115800.0,242,115750.0,1,115810.0,11,115740.0,1,115820.0,5,115720.0,2
1597988380139608064,1597988380000000000,2020-08-21 13:39:40.000000,115780.0,116920.0,114770.0,116850.0,nan,115707.488749,182865,21158849930.0,106938,115780.0,6,115770.0,6,115790.0,9,115760.0,11,115800.0,242,115750.0,1,115810.0,11,115740.0,1,115820.0,5,115720.0,2
1597988380614652928,1597988380500000000,2020-08-21 13:39:40.500000,115780.0,116920.0,114770.0,116850.0,nan,115707.489145,182866,21158965710.0,106939,115780.0,5,115770.0,7,115790.0,9,115760.0,10,115800.0,242,115750.0,1,115810.0,11,115740.0,1,115820.0,5,115720.0,2
1597988381157730048,1597988381000000000,2020-08-21 13:39:41.000000,115780.0,116920.0,114770.0,116850.0,nan,115707.489145,182866,21158965710.0,106939,115780.0,5,115770.0,8,115790.0,9,115760.0,10,115800.0,242,115750.0,1,115810.0,11,115740.0,1,115820.0,5,115720.0,2
1597988381615467008,1597988381500000000,2020-08-21 13:39:41.500000,115770.0,116920.0,114770.0,116850.0,nan,115707.489883,182868,21159197260.0,106940,115780.0,7,115770.0,7,115790.0,9,115760.0,10,115800.0,242,115750.0,1,115810.0,11,115740.0,1,115820.0,5,115720.0,2
1597988382146489088,1597988382000000000,2020-08-21 13:39:42.000000,115770.0,116920.0,114770.0,116850.0,nan,115707.489883,182868,21159197260.0,106940,115780.0,7,115770.0,7,115790.0,9,115760.0,10,115800.0,241,115750.0,1,115810.0,11,115740.0,1,115820.0,5,115720.0,2
1597988382620530944,1597988382500000000,2020-08-21 13:39:42.500000,115770.0,116920.0,114770.0,116850.0,nan,115707.491018,182871,21159544590.0,106938,115780.0,6,115770.0,6,115790.0,9,115760.0,10,115800.0,242,115750.0,1,115810.0,11,115740.0,1,115820.0,5,115720.0,2
1597988383110958080,1597988383000000000,2020-08-21 13:39:43.000000,115770.0,116920.0,114770.0,116850.0,nan,115707.491018,182871,21159544590.0,106938,115780.0,6,115770.0,7,115790.0,9,115760.0,10,115800.0,245,115750.0,1,115810.0,11,115740.0,1,115820.0,5,115720.0,2
1597988383616473088,1597988383500000000,2020-08-21 13:39:43.500000,115770.0,116920.0,114770.0,116850.0,nan,115707.491702,182873,21159776130.0,106939,115780.0,7,115770.0,5,115790.0,9,115760.0,10,115800.0,245,115750.0,1,115810.0,11,115740.0,1,115820.0,5,115720.0,2
1597988384137794048,1597988384000000000,2020-08-21 13:39:44.000000,115780.0,116920.0,114770.0,116850.0,nan,115707.492098,182874,21159891910.0,106938,115780.0,6,115770.0,5,115790.0,10,115760.0,10,115800.0,245,115750.0,1,115810.0,11,115740.0,1,115820.0,5,115720.0,2
1597988384612930048,1597988384500000000,2020-08-21 13:39:44.500000,115780.0,116920.0,114770.0,116850.0,nan,115707.493288,182877,21160239250.0,106938,115780.0,3,115770.0,5,115790.0,10,115760.0,10,115800.0,245,115750.0,1,115810.0,11,115740.0,1,115820.0,5,115720.0,2
1597988385135516928,1597988385000000000,2020-08-21 13:39:45.000000,115780.0,116920.0,114770.0,116850.0,nan,115707.494081,182879,21160470810.0,106938,115780.0,1,115770.0,6,115790.0,10,115760.0,10,115800.0,244,115750.0,1,115810.0,11,115740.0,1,115820.0,5,115720.0,2
1597988385609256960,1597988385500000000,2020-08-21 13:39:45.500000,115770.0,116920.0,114770.0,116850.0,nan,115707.495503,182883,21160933900.0,106937,115790.0,9,115770.0,3,115800.0,244,115760.0,10,115810.0,11,115750.0,22,115820.0,5,115740.0,1,115830.0,1,115720.0,2
1597988386125029120,1597988386000000000,2020-08-21 13:39:46.000000,115770.0,116920.0,114770.0,116850.0,nan,115707.495503,182883,21160933900.0,106937,115790.0,8,115780.0,1,115800.0,245,115770.0,4,115810.0,11,115760.0,10,115820.0,5,115750.0,22,115830.0,1,115740.0,1
1597988386611392000,1597988386500000000,2020-08-21 13:39:46.500000,115770.0,116920.0,114770.0,116850.0,nan,115707.495503,182883,21160933900.0,106937,115790.0,8,115780.0,3,115800.0,245,115770.0,4,115810.0,10,115760.0,10,115820.0,5,115750.0,22,115830.0,1,115740.0,2
1597988387148136960,1597988387000000000,2020-08-21 13:39:47.000000,115780.0,116920.0,114770.0,116850.0,nan,115707.495899,182884,21161049680.0,106937,115790.0,8,115780.0,3,115800.0,246,115770.0,4,115810.0,10,115760.0,10,115820.0,5,115750.0,22,115830.0,1,115740.0,2
1597988387625152000,1597988387500000000,2020-08-21 13:39:47.500000,115780.0,116920.0,114770.0,116850.0,nan,115707.495899,182884,21161049680.0,106937,115790.0,8,115780.0,12,115800.0,246,115770.0,4,115810.0,10,115760.0,10,115820.0,5,115750.0,22,115830.0,1,115740.0,2
1597988388148083968,1597988388000000000,2020-08-21 13:39:48.000000,115780.0,116920.0,114770.0,116850.0,nan,115707.495899,182884,21161049680.0,106937,115790.0,8,115780.0,12,115800.0,246,115770.0,4,115810.0,11,115760.0,10,115820.0,5,115750.0,22,115830.0,1,115740.0,2
1597988389116698880,1597988389000000000,2020-08-21 13:39:49.000000,115790.0,116920.0,114770.0,116850.0,nan,115707.49635,182885,21161165470.0,106937,115790.0,7,115780.0,17,115800.0,246,115770.0,4,115810.0,11,115760.0,10,115820.0,5,115750.0,22,115830.0,1,115740.0,2
1597988389611734016,1597988389500000000,2020-08-21 13:39:49.500000,115790.0,116920.0,114770.0,116850.0,nan,115707.496801,182886,21161281260.0,106936,115790.0,6,115780.0,17,115800.0,246,115770.0,4,115810.0,11,115760.0,10,115820.0,5,115750.0,22,115830.0,1,115740.0,2
1597988390165948928,1597988390000000000,2020-08-21 13:39:50.000000,115790.0,116920.0,114770.0,116850.0,nan,115707.497649,182888,21161512830.0,106935,115790.0,5,115780.0,17,115800.0,246,115770.0,5,115810.0,11,115760.0,10,115820.0,5,115750.0,22,115830.0,1,115740.0,2
1597988390631252992,1597988390500000000,2020-08-21 13:39:50.500000,115790.0,116920.0,114770.0,116850.0,nan,115707.497649,182888,21161512830.0,106935,115790.0,13,115780.0,18,115800.0,246,115770.0,5,115810.0,11,115760.0,10,115820.0,5,115750.0,22,115830.0,1,115740.0,2
1597988391131618048,1597988391000000000,2020-08-21 13:39:51.000000,115790.0,116920.0,114770.0,116850.0,nan,115707.498496,182890,21161744400.0,106935,115790.0,12,115780.0,26,115800.0,246,115770.0,5,115810.0,11,115760.0,10,115820.0,5,115750.0,22,115830.0,1,115740.0,2
1597988391611809024,1597988391500000000,2020-08-21 13:39:51.500000,115780.0,116920.0,114770.0,116850.0,nan,115707.501722,182898,21162670650.0,106928,115790.0,11,115780.0,19,115800.0,246,115770.0,5,115810.0,11,115760.0,10,115820.0,5,115750.0,21,115830.0,1,115740.0,2
1597988392111877888,1597988392000000000,2020-08-21 13:39:52.000000,115790.0,116920.0,114770.0,116850.0,nan,115707.506684,182909,21163944340.0,106929,115800.0,246,115780.0,19,115810.0,11,115770.0,5,115820.0,5,115760.0,10,115830.0,1,115750.0,21,115840.0,34,115740.0,2
1597988392607260928,1597988392500000000,2020-08-21 13:39:52.500000,115800.0,116920.0,114770.0,116850.0,nan,115707.507189,182910,21164060140.0,106929,115800.0,246,115790.0,2,115810.0,11,115780.0,20,115820.0,5,115770.0,5,115840.0,34,115760.0,10,115850.0,8,115750.0,21
1597988393154222080,1597988393000000000,2020-08-21 13:39:53.000000,115780.0,116920.0,114770.0,116850.0,nan,115707.508433,182913,21164407490.0,106928,115800.0,247,115780.0,17,115810.0,11,115770.0,5,115820.0,5,115760.0,10,115840.0,34,115750.0,21,115850.0,8,115740.0,2
1597988393608410880,1597988393500000000,2020-08-21 13:39:53.500000,115780.0,116920.0,114770.0,116850.0,nan,115707.508433,182913,21164407490.0,106928,115800.0,248,115790.0,1,115810.0,11,115780.0,17,115820.0,5,115770.0,5,115840.0,34,115760.0,10,115850.0,8,115750.0,21
1597988394111019008,1597988394000000000,2020-08-21 13:39:54.000000,115780.0,116920.0,114770.0,116850.0,nan,115707.508433,182913,21164407490.0,106928,115800.0,249,115790.0,1,115810.0,11,115780.0,17,115820.0,5,115770.0,5,115840.0,34,115760.0,10,115850.0,8,115750.0,21
1597988395118039040,1597988395000000000,2020-08-21 13:39:55.000000,115800.0,116920.0,114770.0,116850.0,nan,115707.510346,182917,21164870670.0,106931,115800.0,247,115780.0,16,115810.0,11,115770.0,5,115820.0,5,115760.0,10,115840.0,34,115750.0,21,115850.0,8,115740.0,2
1597988395614574080,1597988395500000000,2020-08-21 13:39:55.500000,115800.0,116920.0,114770.0,116850.0,nan,115707.510346,182917,21164870670.0,106931,115800.0,247,115790.0,1,115810.0,11,115780.0,16,115820.0,5,115770.0,5,115840.0,34,115760.0,10,115850.0,8,115750.0,21
1597988396153491968,1597988396000000000,2020-08-21 13:39:56.000000,115790.0,116920.0,114770.0,116850.0,nan,115707.510797,182918,21164986460.0,106930,115790.0,1,115780.0,16,115800.0,247,115770.0,5,115810.0,11,115760.0,10,115820.0,5,115750.0,21,115840.0,34,115740.0,2
1597988396644745984,1597988396500000000,2020-08-21 13:39:56.500000,115790.0,116920.0,114770.0,116850.0,nan,115707.511248,182919,21165102250.0,106931,115800.0,247,115780.0,19,115810.0,11,115770.0,5,115820.0,5,115760.0,10,115840.0,34,115750.0,21,115850.0,8,115740.0,2
1597988397171257088,1597988397000000000,2020-08-21 13:39:57.000000,115790.0,116920.0,114770.0,116850.0,nan,115707.511248,182919,21165102250.0,106931,115800.0,247,115790.0,1,115810.0,11,115780.0,19,115820.0,5,115770.0,5,115840.0,34,115760.0,10,115850.0,8,115750.0,21
1597988397650208000,1597988397500000000,2020-08-21 13:39:57.500000,115790.0,116920.0,114770.0,116850.0,nan,115707.511248,182919,21165102250.0,106931,115800.0,247,115790.0,4,115810.0,11,115780.0,16,115820.0,5,115770.0,5,115840.0,34,115760.0,10,115850.0,8,115750.0,21
1597988398167067904,1597988398000000000,2020-08-21 13:39:58.000000,115780.0,116920.0,114770.0,116850.0,nan,115707.513448,182924,21165681190.0,106930,115800.0,248,115790.0,1,115810.0,11,115780.0,15,115820.0,5,115770.0,5,115840.0,34,115760.0,10,115850.0,8,115750.0,21
1597988398619175936,1597988398500000000,2020-08-21 13:39:58.500000,115800.0,116920.0,114770.0,116850.0,nan,115707.513954,182925,21165796990.0,106930,115800.0,247,115790.0,2,115810.0,11,115780.0,17,115820.0,5,115770.0,4,115840.0,34,115760.0,10,115850.0,8,115750.0,21
1597988399148217088,1597988399000000000,2020-08-21 13:39:59.000000,115800.0,116920.0,114770.0,116850.0,nan,115707.514965,182927,21166028590.0,106932,115800.0,247,115790.0,3,115810.0,11,115780.0,15,115820.0,5,115770.0,5,115840.0,34,115760.0,10,115850.0,8,115750.0,21
1597988399612877056,1597988399500000000,2020-08-21 13:39:59.500000,115800.0,116920.0,114770.0,116850.0,nan,115707.517493,182932,21166607590.0,106937,115800.0,242,115790.0,3,115810.0,11,115780.0,15,115820.0,5,115770.0,5,115840.0,34,115760.0,10,115850.0,8,115750.0,21
1597988400143965952,1597988400000000000,2020-08-21 13:40:00.000000,115790.0,116920.0,114770.0,116850.0,nan,115707.517944,182933,21166723380.0,106937,115800.0,242,115790.0,2,115810.0,11,115780.0,15,115820.0,5,115770.0,5,115840.0,34,115760.0,10,115850.0,8,115750.0,21
1597988400612203008,1597988400500000000,2020-08-21 13:40:00.500000,115800.0,116920.0,114770.0,116850.0,nan,115707.520143,182938,21167302320.0,106942,115800.0,242,115780.0,13,115810.0,11,115770.0,5,115820.0,5,115760.0,10,115840.0,34,115750.0,22,115850.0,8,115740.0,1
1597988401107952128,1597988401000000000,2020-08-21 13:40:01.000000,115790.0,116920.0,114770.0,116850.0,nan,115707.520594,182939,21167418110.0,106941,115800.0,242,115790.0,4,115810.0,11,115780.0,18,115820.0,5,115770.0,5,115840.0,34,115760.0,10,115850.0,8,115750.0,22
1597988401606775040,1597988401500000000,2020-08-21 13:40:01.500000,115790.0,116920.0,114770.0,116850.0,nan,115707.521045,182940,21167533900.0,106941,115800.0,243,115790.0,3,115810.0,11,115780.0,18,115820.0,5,115770.0,5,115840.0,34,115760.0,10,115850.0,8,115750.0,22
1597988402153982976,1597988402000000000,2020-08-21 13:40:02.000000,115790.0,116920.0,114770.0,116850.0,nan,115707.521496,182941,21167649690.0,106940,115800.0,244,115790.0,1,115810.0,11,115780.0,14,115820.0,5,115770.0,5,115840.0,34,115760.0,10,115850.0,8,115750.0,22
1597988402612547072,1597988402500000000,2020-08-21 13:40:02.500000,115790.0,116920.0,114770.0,116850.0,nan,115707.521947,182942,21167765480.0,106941,115790.0,6,115780.0,14,115800.0,245,115770.0,6,115810.0,11,115760.0,10,115820.0,5,115750.0,22,115840.0,34,115740.0,1
1597988403142117120,1597988403000000000,2020-08-21 13:40:03.000000,115780.0,116920.0,114770.0,116850.0,nan,115707.524146,182947,21168344420.0,106942,115790.0,2,115780.0,12,115800.0,244,115770.0,5,115810.0,11,115760.0,11,115820.0,5,115750.0,22,115840.0,34,115740.0,1
1597988403629894912,1597988403500000000,2020-08-21 13:40:03.500000,115780.0,116920.0,114770.0,116850.0,nan,115707.5289,182959,21169733780.0,106954,115790.0,2,115770.0,3,115800.0,242,115760.0,11,115810.0,11,115750.0,22,115820.0,5,115740.0,1,115840.0,34,115730.0,1
1597988404138199040,1597988404000000000,2020-08-21 13:40:04.000000,115790.0,116920.0,114770.0,116850.0,nan,115707.529747,182961,21169965350.0,106953,115790.0,1,115770.0,3,115800.0,242,115760.0,12,115810.0,11,115750.0,22,115820.0,5,115740.0,1,115840.0,34,115730.0,1
1597988404649478912,1597988404500000000,2020-08-21 13:40:04.500000,115790.0,116920.0,114770.0,116850.0,nan,115707.529747,182961,21169965350.0,106953,115780.0,1,115770.0,3,115790.0,1,115760.0,11,115800.0,242,115750.0,23,115810.0,11,115740.0,1,115820.0,5,115730.0,1
1597988405153521920,1597988405000000000,2020-08-21 13:40:05.000000,115780.0,116920.0,114770.0,116850.0,nan,115707.530143,182962,21170081130.0,106953,115780.0,2,115770.0,3,115790.0,1,115760.0,12,115800.0,240,115750.0,22,115810.0,11,115740.0,1,115820.0,5,115730.0,1
1597988405630553088,1597988405500000000,2020-08-21 13:40:05.500000,115780.0,116920.0,114770.0,116850.0,nan,115707.531276,182965,21170428460.0,106954,115790.0,3,115770.0,2,115800.0,240,115760.0,12,115810.0,11,115750.0,22,115820.0,1,115740.0,1,115840.0,33,115730.0,1
1597988406151621888,1597988406000000000,2020-08-21 13:40:06.000000,115780.0,116920.0,114770.0,116850.0,nan,115707.531276,182965,21170428460.0,106954,115790.0,5,115780.0,2,115800.0,239,115770.0,7,115810.0,11,115760.0,11,115820.0,1,115750.0,22,115840.0,33,115740.0,1
1597988406620956928,1597988406500000000,2020-08-21 13:40:06.500000,115780.0,116920.0,114770.0,116850.0,nan,115707.531276,182965,21170428460.0,106954,115790.0,5,115780.0,2,115800.0,294,115770.0,7,115810.0,11,115760.0,11,115820.0,1,115750.0,22,115840.0,33,115740.0,1
1597988407128899072,1597988407000000000,2020-08-21 13:40:07.000000,115780.0,116920.0,114770.0,116850.0,nan,115707.532123,182967,21170660030.0,106955,115790.0,4,115780.0,1,115800.0,294,115770.0,8,115810.0,11,115760.0,11,115820.0,1,115750.0,22,115840.0,33,115740.0,1
1597988407630973952,1597988407500000000,2020-08-21 13:40:07.500000,115790.0,116920.0,114770.0,116850.0,nan,115707.533926,182971,21171123190.0,106956,115800.0,295,115790.0,1,115810.0,11,115780.0,4,115820.0,1,115770.0,3,115840.0,33,115760.0,11,115850.0,8,115750.0,22
1597988408180547072,1597988408000000000,2020-08-21 13:40:08.000000,115790.0,116920.0,114770.0,116850.0,nan,115707.534377,182972,21171238980.0,106957,115800.0,295,115790.0,2,115810.0,11,115780.0,1,115820.0,1,115770.0,4,115840.0,33,115760.0,11,115850.0,8,115750.0,22
1597988408629020928,1597988408500000000,2020-08-21 13:40:08.500000,115790.0,116920.0,114770.0,116850.0,nan,115707.535278,182974,21171470560.0,106958,115800.0,295,115780.0,1,115810.0,11,115770.0,4,115820.0,1,115760.0,11,115840.0,33,115750.0,22,115850.0,8,115740.0,1
1597988409139052032,1597988409000000000,2020-08-21 13:40:09.000000,115790.0,116920.0,114770.0,116850.0,nan,115707.535278,182974,21171470560.0,106958,115800.0,295,115780.0,6,115810.0,11,115770.0,3,115820.0,1,115760.0,10,115840.0,33,115750.0,22,115850.0,8,115740.0,1
1597988409621083904,1597988409500000000,2020-08-21 13:40:09.500000,115780.0,116920.0,114770.0,116850.0,nan,115707.535674,182975,21171586340.0,106958,115790.0,1,115780.0,6,115800.0,295,115770.0,3,115810.0,11,115760.0,10,115820.0,1,115750.0,22,115840.0,33,115740.0,1
1597988410110341120,1597988410000000000,2020-08-21 13:40:10.000000,115790.0,116920.0,114770.0,116850.0,nan,115707.536125,182976,21171702130.0,106957,115800.0,295,115790.0,1,115810.0,11,115780.0,8,115820.0,1,115770.0,3,115840.0,33,115760.0,10,115850.0,8,115750.0,22
1597988410627602944,1597988410500000000,2020-08-21 13:40:10.500000,115790.0,116920.0,114770.0,116850.0,nan,115707.537026,182978,21171933710.0,106956,115790.0,1,115780.0,1,115800.0,295,115770.0,3,115810.0,11,115760.0,10,115820.0,1,115750.0,23,115840.0,33,115740.0,1
1597988412135148032,1597988412000000000,2020-08-21 13:40:12.000000,115780.0,116920.0,114770.0,116850.0,nan,115707.537873,182980,21172165280.0,106955,115800.0,295,115770.0,3,115810.0,11,115760.0,10,115820.0,1,115750.0,23,115840.0,33,115740.0,1,115850.0,8,115730.0,1
1597988412662281984,1597988412500000000,2020-08-21 13:40:12.500000,115790.0,116920.0,114770.0,116850.0,nan,115707.539402,182984,21172628390.0,106956,115800.0,295,115770.0,5,115810.0,11,115760.0,11,115820.0,1,115750.0,23,115840.0,33,115740.0,1,115850.0,8,115730.0,1
1597988413114909952,1597988413000000000,2020-08-21 13:40:13.000000,115780.0,116920.0,114770.0,116850.0,nan,115707.541382,182989,21173207290.0,106956,115800.0,295,115780.0,2,115810.0,11,115770.0,5,115820.0,1,115760.0,11,115840.0,33,115750.0,23,115850.0,8,115740.0,1
1597988413647646976,1597988413500000000,2020-08-21 13:40:13.500000,115780.0,116920.0,114770.0,116850.0,nan,115707.542229,182991,21173438860.0,106955,115790.0,2,115780.0,1,115800.0,253,115770.0,5,115810.0,19,115760.0,10,115820.0,1,115750.0,23,115840.0,33,115740.0,1
1597988414151094016,1597988414000000000,2020-08-21 13:40:14.000000,115790.0,116920.0,114770.0,116850.0,nan,115707.542679,182992,21173554650.0,106955,115790.0,1,115780.0,1,115800.0,253,115770.0,5,115810.0,19,115760.0,10,115820.0,1,115750.0,23,115840.0,33,115740.0,1
1597988414640673024,1597988414500000000,2020-08-21 13:40:14.500000,115790.0,116920.0,114770.0,116850.0,nan,115707.54313,182993,21173670440.0,106955,115800.0,253,115770.0,5,115810.0,19,115760.0,10,115820.0,1,115750.0,23,115840.0,33,115740.0,1,115850.0,9,115730.0,1
1597988415137067008,1597988415000000000,2020-08-21 13:40:15.000000,115780.0,116920.0,114770.0,116850.0,nan,115707.545164,182998,21174249350.0,106955,115790.0,1,115780.0,20,115800.0,253,115770.0,10,115810.0,19,115760.0,10,115820.0,1,115750.0,23,115840.0,33,115740.0,1
1597988415659970048,1597988415500000000,2020-08-21 13:40:15.500000,115800.0,116920.0,114770.0,116850.0,nan,115707.54612,183000,21174480940.0,106955,115800.0,252,115790.0,1,115810.0,19,115780.0,21,115820.0,1,115770.0,10,115840.0,33,115760.0,10,115850.0,9,115750.0,23
1597988416129346048,1597988416000000000,2020-08-21 13:40:16.000000,115800.0,116920.0,114770.0,116850.0,nan,115707.54612,183000,21174480940.0,106955,115800.0,252,115780.0,3,115810.0,19,115770.0,5,115820.0,1,115760.0,10,115840.0,33,115750.0,23,115850.0,9,115740.0,1
1597988416624812032,1597988416500000000,2020-08-21 13:40:16.500000,115790.0,116920.0,114770.0,116850.0,nan,115707.547021,183002,21174712520.0,106955,115800.0,252,115790.0,1,115810.0,19,115780.0,4,115820.0,1,115770.0,5,115840.0,33,115760.0,10,115850.0,9,115750.0,23
1597988417184633088,1597988417000000000,2020-08-21 13:40:17.000000,115790.0,116920.0,114770.0,116850.0,nan,115707.547472,183003,21174828310.0,106956,115790.0,1,115780.0,4,115800.0,252,115770.0,5,115810.0,19,115760.0,10,115820.0,1,115750.0,23,115840.0,33,115740.0,1
1597988417638402048,1597988417500000000,2020-08-21 13:40:17.500000,115790.0,116920.0,114770.0,116850.0,nan,115707.547472,183003,21174828310.0,106956,115790.0,3,115780.0,6,115800.0,252,115770.0,5,115810.0,19,115760.0,10,115820.0,1,115750.0,23,115840.0,33,115740.0,1
1597988418144687104,1597988418000000000,2020-08-21 13:40:18.000000,115780.0,116920.0,114770.0,116850.0,nan,115707.549056,183007,21175291430.0,106955,115790.0,3,115770.0,5,115800.0,252,115760.0,10,115810.0,19,115750.0,23,115820.0,1,115740.0,1,115840.0,33,115730.0,2
1597988418625835008,1597988418500000000,2020-08-21 13:40:18.500000,115780.0,116920.0,114770.0,116850.0,nan,115707.549056,183007,21175291430.0,106955,115790.0,5,115780.0,2,115800.0,252,115770.0,4,115810.0,19,115760.0,11,115820.0,1,115750.0,23,115840.0,33,115740.0,1
1597988419118597888,1597988419000000000,2020-08-21 13:40:19.000000,115780.0,116920.0,114770.0,116850.0,nan,115707.549847,183009,21175522990.0,106954,115780.0,6,115760.0,11,115790.0,7,115750.0,24,115800.0,253,115740.0,1,115810.0,19,115730.0,2,115820.0,1,115720.0,3
1597988419644206080,1597988419500000000,2020-08-21 13:40:19.500000,115760.0,116920.0,114770.0,116850.0,nan,115707.55042,183011,21175754510.0,106952,115780.0,6,115760.0,13,115790.0,7,115750.0,24,115800.0,253,115740.0,1,115810.0,19,115730.0,2,115820.0,1,115720.0,3
1597988420107535872,1597988420000000000,2020-08-21 13:40:20.000000,115760.0,116920.0,114770.0,116850.0,nan,115707.55128,183014,21176101790.0,106949,115780.0,6,115760.0,12,115790.0,7,115750.0,24,115800.0,253,115740.0,1,115810.0,19,115730.0,2,115820.0,1,115720.0,3
1597988420615642880,1597988420500000000,2020-08-21 13:40:20.500000,115770.0,116920.0,114770.0,116850.0,nan,115707.551621,183015,21176217560.0,106949,115780.0,6,115760.0,12,115790.0,7,115750.0,24,115800.0,253,115740.0,1,115810.0,20,115730.0,2,115820.0,1,115720.0,3
1597988421121440000,1597988421000000000,2020-08-21 13:40:21.000000,115760.0,116920.0,114770.0,116850.0,nan,115707.551908,183016,21176333320.0,106949,115780.0,6,115760.0,11,115790.0,7,115750.0,24,115800.0,253,115740.0,1,115810.0,20,115730.0,2,115820.0,1,115720.0,3
1597988421614402048,1597988421500000000,2020-08-21 13:40:21.500000,115780.0,116920.0,114770.0,116850.0,nan,115707.5527,183018,21176564880.0,106950,115780.0,4,115760.0,11,115790.0,7,115750.0,24,115800.0,253,115740.0,1,115810.0,20,115730.0,2,115820.0,1,115720.0,3
1597988422115606016,1597988422000000000,2020-08-21 13:40:22.000000,115780.0,116920.0,114770.0,116850.0,nan,115707.554174,183022,21177027980.0,106949,115780.0,1,115760.0,10,115790.0,7,115750.0,24,115800.0,253,115740.0,1,115810.0,20,115730.0,2,115820.0,1,115720.0,3
1597988422664549120,1597988422500000000,2020-08-21 13:40:22.500000,115780.0,116920.0,114770.0,116850.0,nan,115707.554856,183024,21177259520.0,106949,115790.0,7,115760.0,9,115800.0,252,115750.0,24,115810.0,21,115740.0,1,115820.0,1,115730.0,2,115840.0,32,115720.0,3
1597988423143641088,1597988423000000000,2020-08-21 13:40:23.000000,115780.0,116920.0,114770.0,116850.0,nan,115707.554856,183024,21177259520.0,106949,115780.0,8,115760.0,9,115790.0,7,115750.0,24,115800.0,252,115740.0,1,115810.0,21,115730.0,2,115820.0,1,115720.0,3
1597988423626641920,1597988423500000000,2020-08-21 13:40:23.500000,115770.0,116920.0,114770.0,116850.0,nan,115707.555197,183025,21177375290.0,106950,115780.0,8,115760.0,9,115790.0,7,115750.0,24,115800.0,252,115740.0,1,115810.0,21,115730.0,2,115820.0,1,115720.0,3
1597988424620284928,1597988424500000000,2020-08-21 13:40:24.500000,115780.0,116920.0,114770.0,116850.0,nan,115707.555593,183026,21177491070.0,106950,115780.0,7,115760.0,9,115790.0,7,115750.0,24,115800.0,252,115740.0,1,115810.0,21,115730.0,2,115820.0,1,115720.0,3
1597988425115570944,1597988425000000000,2020-08-21 13:40:25.000000,115760.0,116920.0,114770.0,116850.0,nan,115707.558172,183035,21178532910.0,106947,115760.0,16,115750.0,24,115780.0,7,115740.0,1,115790.0,7,115730.0,2,115800.0,252,115720.0,3,115810.0,21,115710.0,9
1597988425613944064,1597988425500000000,2020-08-21 13:40:25.500000,115760.0,116920.0,114770.0,116850.0,nan,115707.56562,183061,21181542670.0,106947,115780.0,7,115760.0,6,115790.0,7,115750.0,33,115800.0,251,115740.0,2,115810.0,21,115730.0,2,115820.0,1,115720.0,3
1597988426184092928,1597988426000000000,2020-08-21 13:40:26.000000,115780.0,116920.0,114770.0,116850.0,nan,115707.567203,183065,21182005790.0,106948,115780.0,4,115750.0,26,115790.0,6,115740.0,2,115800.0,251,115730.0,2,115810.0,21,115720.0,3,115820.0,1,115710.0,9
1597988426693293056,1597988426500000000,2020-08-21 13:40:26.500000,115780.0,116920.0,114770.0,116850.0,nan,115707.567203,183065,21182005790.0,106948,115780.0,4,115760.0,4,115790.0,6,115750.0,26,115800.0,251,115740.0,3,115810.0,21,115730.0,2,115820.0,1,115720.0,3
1597988427617991936,1597988427500000000,2020-08-21 13:40:27.500000,115780.0,116920.0,114770.0,116850.0,nan,115707.567203,183065,21182005790.0,106948,115780.0,1,115770.0,1,115790.0,7,115760.0,7,115800.0,251,115750.0,25,115810.0,21,115740.0,3,115820.0,1,115730.0,2
1597988428600289024,1597988428500000000,2020-08-21 13:40:28.500000,115770.0,116920.0,114770.0,116850.0,nan,115707.56794,183067,21182237340.0,106949,115790.0,7,115770.0,1,115800.0,251,115760.0,4,115810.0,21,115750.0,25,115820.0,1,115740.0,3,115840.0,32,115730.0,2
1597988429128954112,1597988429000000000,2020-08-21 13:40:29.000000,115770.0,116920.0,114770.0,116850.0,nan,115707.568281,183068,21182353110.0,106948,115780.0,4,115760.0,5,115790.0,7,115750.0,25,115800.0,251,115740.0,3,115810.0,21,115730.0,2,115820.0,1,115720.0,3
1597988429603254016,1597988429500000000,2020-08-21 13:40:29.500000,115770.0,116920.0,114770.0,116850.0,nan,115707.568281,183068,21182353110.0,106948,115780.0,4,115760.0,7,115790.0,7,115750.0,25,115800.0,251,115740.0,3,115810.0,21,115730.0,2,115820.0,1,115720.0,3
1597988430130013952,1597988430000000000,2020-08-21 13:40:30.000000,115770.0,116920.0,114770.0,116850.0,nan,115707.568281,183068,21182353110.0,106948,115780.0,4,115760.0,4,115790.0,7,115750.0,26,115800.0,251,115740.0,3,115810.0,21,115730.0,2,115820.0,1,115720.0,3
1597988430628221952,1597988430500000000,2020-08-21 13:40:30.500000,115770.0,116920.0,114770.0,116850.0,nan,115707.568281,183068,21182353110.0,106948,115780.0,4,115760.0,4,115790.0,7,115750.0,26,115800.0,250,115740.0,3,115810.0,21,115730.0,2,115820.0,1,115720.0,3
1597988431108815872,1597988431000000000,2020-08-21 13:40:31.000000,115760.0,116920.0,114770.0,116850.0,nan,115707.568567,183069,21182468870.0,106947,115780.0,4,115760.0,3,115790.0,7,115750.0,26,115800.0,250,115740.0,3,115810.0,21,115730.0,2,115820.0,1,115720.0,3
