local_nano_time,quote_nano_time,datetime,last_price,highest,lowest,open,close,average,volume,amount,open_interest,ask_price1,ask_volume1,bid_price1,bid_volume1,ask_price2,ask_volume2,bid_price2,bid_volume2,ask_price3,ask_volume3,bid_price3,bid_volume3,ask_price4,ask_volume4,bid_price4,bid_volume4,ask_price5,ask_volume5,bid_price5,bid_volume5
1597988230115247104,1597988230432000000,2020-08-21 13:37:10.432000,4694.6,4719.6,4680.0,4691.6,nan,4699.5,71060,100184541360.0,112512,4695.0,1,4694.4,2,nan,0,nan,0,nan,0,nan,0,nan,0,nan,0,nan,0,nan,0
1597988230538938112,1597988230935000064,2020-08-21 13:37:10.935000,4694.6,4719.6,4680.0,4691.6,nan,4699.5,71064,100190175060.0,112513,4695.2,3,4694.4,3,nan,0,nan,0,nan,0,nan,0,nan,0,nan,0,nan,0,nan,0
1597988231039596032,1597988231436999936,2020-08-21 13:37:11.437000,4694.6,4719.6,4680.0,4691.6,nan,4699.5,71064,100190175060.0,112513,4695.0,1,4694.4,3,nan,0,nan,0,nan,0,nan,0,nan,0,nan,0,nan,0,nan,0
1597988231533630976,1597988231910000128,2020-08-21 13:37:11.910000,4695.0,4719.6,4680.0,4691.6,nan,4699.5,71065,100191583560.0,112513,4695.2,3,4694.4,3,nan,0,nan,0,nan,0,nan,0,nan,0,nan,0,nan,0,nan,0
1597988232032313088,1597988232423000064,2020-08-21 13:37:12.423000,4695.0,4719.6,4680.0,4691.6,nan,4699.5,71065,100191583560.0,112513,4695.2,3,4694.4,3,nan,0,nan,0,nan,0,nan,0,nan,0,nan,0,nan,0,nan,0
1597988232532563968,1597988232932000000,2020-08-21 13:37:12.932000,4694.4,4719.6,4680.0,4691.6,nan,4699.5,71067,100194400380.0,112514,4695.2,3,4694.4,2,nan,0,nan,0,nan,0,nan,0,nan,0,nan,0,nan,0,nan,0
1597988233032531968,1597988233405999872,2020-08-21 13:37:13.406000,4694.4,4719.6,4680.0,4691.6,nan,4699.5,71068,100195808700.0,112515,4695.2,4,4694.6,1,nan,0,nan,0,nan,0,nan,0,nan,0,nan,0,nan,0,nan,0
1597988233532643072,1597988233912000000,2020-08-21 13:37:13.912000,4694.4,4719.6,4680.0,4691.6,nan,4699.5,71069,100197217020.0,112515,4695.2,4,4694.4,2,nan,0,nan,0,nan,0,nan,0,nan,0,nan,0,nan,0,nan,0
1597988234034022912,1597988234427000064,2020-08-21 13:37:14.427000,4694.4,4719.6,4680.0,4691.6,nan,4699.5,71069,100197217020.0,112515,4695.2,4,4694.4,3,nan,0,nan,0,nan,0,nan,0,nan,0,nan,0,nan,0,nan,0
1597988234536773120,1597988234937999872,2020-08-21 13:37:14.938000,4694.4,4719.6,4680.0,4691.6,nan,4699.5,71070,100198625340.0,112516,4695.0,1,4694.4,3,nan,0,nan,0,nan,0,nan,0,nan,0,nan,0,nan,0,nan,0
1597988235532080896,1597988235905999872,2020-08-21 13:37:15.906000,4695.0,4719.6,4680.0,4691.6,nan,4699.5,71071,100200033840.0,112517,4695.2,4,4694.6,1,nan,0,nan,0,nan,0,nan,0,nan,0,nan,0,nan,0,nan,0
1597988236034900992,1597988236432000000,2020-08-21 13:37:16.432000,4695.0,4719.6,4680.0,4691.6,nan,4699.5,71072,100201442340.0,112517,4695.0,4,4694.6,2,nan,0,nan,0,nan,0,nan,0,nan,0,nan,0,nan,0,nan,0
1597988236553409024,1597988236918999808,2020-08-21 13:37:16.919000,4695.0,4719.6,4680.0,4691.6,nan,4699.5,71074,100204259340.0,112519,4695.0,2,4694.6,1,nan,0,nan,0,nan,0,nan,0,nan,0,nan,0,nan,0,nan,0
1597988237040083968,1597988237435000064,2020-08-21 13:37:17.435000,4694.2,4719.6,4680.0,4691.6,nan,4699.5,71081,100214117520.0,112519,4694.4,3,4694.0,4,nan,0,nan,0,nan,0,nan,0,nan,0,nan,0,nan,0,nan,0
1597988237543341056,1597988237934000128,2020-08-21 13:37:17.934000,4694.2,4719.6,4680.0,4691.6,nan,4699.5,71081,100214117520.0,112519,4694.4,1,4694.0,5,nan,0,nan,0,nan,0,nan,0,nan,0,nan,0,nan,0,nan,0
1597988238042382080,1597988238430000128,2020-08-21 13:37:18.430000,4694.0,4719.6,4680.0,4691.6,nan,4699.5,71083,100216933920.0,112521,4694.4,1,4694.0,2,nan,0,nan,0,nan,0,nan,0,nan,0,nan,0,nan,0,nan,0
1597988238539717120,1597988238932000000,2020-08-21 13:37:18.932000,4693.4,4719.6,4680.0,4691.6,nan,4699.5,71089,100225382760.0,112521,4694.8,2,4693.4,4,nan,0,nan,0,nan,0,nan,0,nan,0,nan,0,nan,0,nan,0
1597988239039522048,1597988239420999936,2020-08-21 13:37:19.421000,4693.4,4719.6,4680.0,4691.6,nan,4699.5,71092,100229606820.0,112522,4694.0,1,4693.4,2,nan,0,nan,0,nan,0,nan,0,nan,0,nan,0,nan,0,nan,0
1597988239551429888,1597988239932000000,2020-08-21 13:37:19.932000,4693.8,4719.6,4680.0,4691.6,nan,4699.5,71094,100232422980.0,112522,4694.0,1,4693.4,1,nan,0,nan,0,nan,0,nan,0,nan,0,nan,0,nan,0,nan,0
1597988240041577984,1597988240416999936,2020-08-21 13:37:20.417000,4693.8,4719.6,4680.0,4691.6,nan,4699.5,71095,100233831120.0,112523,4694.0,2,4693.4,1,nan,0,nan,0,nan,0,nan,0,nan,0,nan,0,nan,0,nan,0
1597988240541083904,1597988240916000000,2020-08-21 13:37:20.916000,4693.2,4719.6,4680.0,4691.6,nan,4699.5,71097,100236647100.0,112525,4693.4,1,4693.2,4,nan,0,nan,0,nan,0,nan,0,nan,0,nan,0,nan,0,nan,0
1597988241077816064,1597988241423000064,2020-08-21 13:37:21.423000,4693.8,4719.6,4680.0,4691.6,nan,4699.5,71101,100242279420.0,112527,4694.0,3,4693.8,1,nan,0,nan,0,nan,0,nan,0,nan,0,nan,0,nan,0,nan,0
1597988241549654016,1597988241936000000,2020-08-21 13:37:21.936000,4693.8,4719.6,4680.0,4691.6,nan,4699.5,71111,100256359620.0,112536,4693.8,5,4693.0,11,nan,0,nan,0,nan,0,nan,0,nan,0,nan,0,nan,0,nan,0
1597988242053346048,1597988242423000064,2020-08-21 13:37:22.423000,4693.0,4719.6,4680.0,4691.6,nan,4699.5,71123,100273254420.0,112544,4693.0,1,4692.8,2,nan,0,nan,0,nan,0,nan,0,nan,0,nan,0,nan,0,nan,0
1597988242556294912,1597988242935000064,2020-08-21 13:37:22.935000,4693.0,4719.6,4680.0,4691.6,nan,4699.5,71128,100280293800.0,112542,4693.4,1,4692.6,12,nan,0,nan,0,nan,0,nan,0,nan,0,nan,0,nan,0,nan,0
1597988243082736896,1597988243432000000,2020-08-21 13:37:23.432000,4692.8,4719.6,4680.0,4691.6,nan,4699.5,71131,100284517200.0,112545,4692.8,2,4692.6,10,nan,0,nan,0,nan,0,nan,0,nan,0,nan,0,nan,0,nan,0
1597988243550608896,1597988243917999872,2020-08-21 13:37:23.918000,4692.8,4719.6,4680.0,4691.6,nan,4699.5,71136,100291556160.0,112542,4693.2,3,4692.6,6,nan,0,nan,0,nan,0,nan,0,nan,0,nan,0,nan,0,nan,0
1597988244077517056,1597988244433000192,2020-08-21 13:37:24.433000,4692.6,4719.6,4680.0,4691.6,nan,4699.5,71139,100295779500.0,112541,4693.2,3,4692.8,1,nan,0,nan,0,nan,0,nan,0,nan,0,nan,0,nan,0,nan,0
1597988244543316992,1597988244932000000,2020-08-21 13:37:24.932000,4693.0,4719.6,4680.0,4691.6,nan,4699.5,71141,100298595180.0,112543,4692.8,4,4692.6,6,nan,0,nan,0,nan,0,nan,0,nan,0,nan,0,nan,0,nan,0
1597988245052555008,1597988245427000064,2020-08-21 13:37:25.427000,4692.8,4719.6,4680.0,4691.6,nan,4699.5,71143,100301410860.0,112545,4692.8,3,4692.6,6,nan,0,nan,0,nan,0,nan,0,nan,0,nan,0,nan,0,nan,0
1597988245542167040,1597988245882999808,2020-08-21 13:37:25.883000,4692.6,4719.6,4680.0,4691.6,nan,4699.5,71146,100305634320.0,112545,4692.8,1,4692.6,5,nan,0,nan,0,nan,0,nan,0,nan,0,nan,0,nan,0,nan,0
1597988246073587968,1597988246423000064,2020-08-21 13:37:26.423000,4692.6,4719.6,4680.0,4691.6,nan,4699.5,71152,100314081000.0,112549,4692.6,1,4692.2,11,nan,0,nan,0,nan,0,nan,0,nan,0,nan,0,nan,0,nan,0
1597988246559013120,1597988246932000000,2020-08-21 13:37:26.932000,4692.6,4719.6,4680.0,4691.6,nan,4699.5,71158,100322527320.0,112553,4692.4,2,4692.2,8,nan,0,nan,0,nan,0,nan,0,nan,0,nan,0,nan,0,nan,0
1597988247079118080,1597988247436999936,2020-08-21 13:37:27.437000,4692.2,4719.6,4680.0,4691.6,nan,4699.5,71167,100335196500.0,112553,4692.6,1,4692.4,2,nan,0,nan,0,nan,0,nan,0,nan,0,nan,0,nan,0,nan,0
1597988247544601088,1597988247912000000,2020-08-21 13:37:27.912000,4692.2,4719.6,4680.0,4691.6,nan,4699.5,71175,100346458500.0,112557,4693.0,1,4692.0,10,nan,0,nan,0,nan,0,nan,0,nan,0,nan,0,nan,0,nan,0
1597988248053015040,1597988248420999936,2020-08-21 13:37:28.421000,4692.2,4719.6,4680.0,4691.6,nan,4699.5,71181,100354905120.0,112557,4692.8,1,4692.2,1,nan,0,nan,0,nan,0,nan,0,nan,0,nan,0,nan,0,nan,0
1597988248558223104,1597988248938999808,2020-08-21 13:37:28.939000,4692.2,4719.6,4680.0,4691.6,nan,4699.5,71181,100354905120.0,112557,4692.8,2,4692.6,2,nan,0,nan,0,nan,0,nan,0,nan,0,nan,0,nan,0,nan,0
1597988249043535872,1597988249420000000,2020-08-21 13:37:29.420000,4692.6,4719.6,4680.0,4691.6,nan,4699.5,71184,100359128580.0,112559,4693.0,1,4692.6,1,nan,0,nan,0,nan,0,nan,0,nan,0,nan,0,nan,0,nan,0
1597988249543727104,1597988249930000128,2020-08-21 13:37:29.930000,4692.6,4719.6,4680.0,4691.6,nan,4699.5,71189,100366167600.0,112562,4692.6,22,4692.4,1,nan,0,nan,0,nan,0,nan,0,nan,0,nan,0,nan,0,nan,0
1597988250052734976,1597988250435000064,2020-08-21 13:37:30.435000,4692.4,4719.6,4680.0,4691.6,nan,4699.5,71192,100370390700.0,112564,4692.4,6,4692.2,1,nan,0,nan,0,nan,0,nan,0,nan,0,nan,0,nan,0,nan,0
1597988250563005952,1597988250933000192,2020-08-21 13:37:30.933000,4692.2,4719.6,4680.0,4691.6,nan,4699.5,71193,100371798360.0,112565,4692.2,1,4692.0,9,nan,0,nan,0,nan,0,nan,0,nan,0,nan,0,nan,0,nan,0
1597988251050554880,1597988251436000000,2020-08-21 13:37:31.436000,4692.2,4719.6,4680.0,4691.6,nan,4699.5,71201,100383059400.0,112567,4692.2,1,4692.0,5,nan,0,nan,0,nan,0,nan,0,nan,0,nan,0,nan,0,nan,0
1597988251545662976,1597988251914000128,2020-08-21 13:37:31.914000,4692.2,4719.6,4680.0,4691.6,nan,4699.5,71206,100390097460.0,112568,4692.4,6,4692.0,1,nan,0,nan,0,nan,0,nan,0,nan,0,nan,0,nan,0,nan,0
1597988252043561984,1597988252421999872,2020-08-21 13:37:32.422000,4692.0,4719.6,4680.0,4691.6,nan,4699.5,71207,100391505060.0,112569,4692.0,3,4691.8,4,nan,0,nan,0,nan,0,nan,0,nan,0,nan,0,nan,0,nan,0
1597988252555518976,1597988252933000192,2020-08-21 13:37:32.933000,4691.8,4719.6,4680.0,4691.6,nan,4699.5,71212,100398542880.0,112571,4692.0,1,4691.8,1,nan,0,nan,0,nan,0,nan,0,nan,0,nan,0,nan,0,nan,0
1597988253080040960,1597988253424000000,2020-08-21 13:37:33.424000,4691.4,4719.6,4680.0,4691.6,nan,4699.5,71215,100402765440.0,112573,4692.2,2,4691.2,4,nan,0,nan,0,nan,0,nan,0,nan,0,nan,0,nan,0,nan,0
1597988253553690112,1597988253898999808,2020-08-21 13:37:33.899000,4691.2,4719.6,4680.0,4691.6,nan,4699.5,71225,100416839880.0,112569,4692.2,2,4691.8,1,nan,0,nan,0,nan,0,nan,0,nan,0,nan,0,nan,0,nan,0
1597988254056133888,1597988254438999808,2020-08-21 13:37:34.439000,4692.0,4719.6,4680.0,4691.6,nan,4699.5,71233,100428100320.0,112565,4692.2,2,4692.0,1,nan,0,nan,0,nan,0,nan,0,nan,0,nan,0,nan,0,nan,0
1597988254553186048,1597988254935000064,2020-08-21 13:37:34.935000,4691.0,4719.6,4680.0,4691.6,nan,4699.5,71239,100436544600.0,112570,4691.8,2,4691.0,14,nan,0,nan,0,nan,0,nan,0,nan,0,nan,0,nan,0,nan,0
1597988255079567104,1597988255433000192,2020-08-21 13:37:35.433000,4691.8,4719.6,4680.0,4691.6,nan,4699.5,71249,100450618980.0,112574,4692.0,4,4691.4,1,nan,0,nan,0,nan,0,nan,0,nan,0,nan,0,nan,0,nan,0
1597988255563952128,1597988255931000064,2020-08-21 13:37:35.931000,4691.6,4719.6,4680.0,4691.6,nan,4699.5,71256,100460471880.0,112576,4691.8,1,4691.6,1,nan,0,nan,0,nan,0,nan,0,nan,0,nan,0,nan,0,nan,0
1597988256080070912,1597988256426000128,2020-08-21 13:37:36.426000,4692.0,4719.6,4680.0,4691.6,nan,4699.5,71263,100470325020.0,112578,4692.2,4,4692.0,5,nan,0,nan,0,nan,0,nan,0,nan,0,nan,0,nan,0,nan,0
1597988256560168960,1597988256924999936,2020-08-21 13:37:36.925000,4692.2,4719.6,4680.0,4691.6,nan,4699.5,71278,100491440280.0,112589,4692.6,20,4692.2,5,nan,0,nan,0,nan,0,nan,0,nan,0,nan,0,nan,0,nan,0
1597988257059503104,1597988257427000064,2020-08-21 13:37:37.427000,4692.4,4719.6,4680.0,4691.6,nan,4699.5,71299,100521003600.0,112595,4692.6,1,4692.2,3,nan,0,nan,0,nan,0,nan,0,nan,0,nan,0,nan,0,nan,0
1597988257555179008,1597988257933000192,2020-08-21 13:37:37.933000,4693.0,4719.6,4680.0,4691.6,nan,4699.5,71303,100526635020.0,112598,4693.0,1,4692.8,4,nan,0,nan,0,nan,0,nan,0,nan,0,nan,0,nan,0,nan,0
1597988258078465024,1597988258416999936,2020-08-21 13:37:38.417000,4692.8,4719.6,4680.0,4691.6,nan,4699.5,71305,100529450700.0,112599,4693.6,1,4692.6,2,nan,0,nan,0,nan,0,nan,0,nan,0,nan,0,nan,0,nan,0
1597988258557925120,1597988258935000064,2020-08-21 13:37:38.935000,4692.8,4719.6,4680.0,4691.6,nan,4699.5,71308,100533674100.0,112599,4692.8,1,4692.6,1,nan,0,nan,0,nan,0,nan,0,nan,0,nan,0,nan,0,nan,0
1597988259072402944,1597988259405999872,2020-08-21 13:37:39.406000,4692.4,4719.6,4680.0,4691.6,nan,4699.5,71310,100536489600.0,112601,4692.6,4,4692.4,1,nan,0,nan,0,nan,0,nan,0,nan,0,nan,0,nan,0,nan,0
1597988259562661888,1597988259921999872,2020-08-21 13:37:39.922000,4692.0,4719.6,4680.0,4691.6,nan,4699.5,71316,100544935620.0,112604,4692.0,1,4691.8,3,nan,0,nan,0,nan,0,nan,0,nan,0,nan,0,nan,0,nan,0
1597988260062553088,1597988260427000064,2020-08-21 13:37:40.427000,4692.4,4719.6,4680.0,4691.6,nan,4699.5,71320,100550566200.0,112606,4692.6,9,4692.2,1,nan,0,nan,0,nan,0,nan,0,nan,0,nan,0,nan,0,nan,0
1597988260558373888,1597988260932000000,2020-08-21 13:37:40.932000,4692.0,4719.6,4680.0,4691.6,nan,4699.5,71326,100559011740.0,112607,4692.0,7,4691.6,2,nan,0,nan,0,nan,0,nan,0,nan,0,nan,0,nan,0,nan,0
1597988261076848128,1597988261436000000,2020-08-21 13:37:41.436000,4691.6,4719.6,4680.0,4691.6,nan,4699.5,71328,100561826700.0,112607,4691.8,1,4691.4,4,nan,0,nan,0,nan,0,nan,0,nan,0,nan,0,nan,0,nan,0
1597988261554318080,1597988261931000064,2020-08-21 13:37:41.931000,4691.6,4719.6,4680.0,4691.6,nan,4699.5,71332,100567456740.0,112609,4691.6,1,4691.4,6,nan,0,nan,0,nan,0,nan,0,nan,0,nan,0,nan,0,nan,0
1597988262075264000,1597988262435000064,2020-08-21 13:37:42.435000,4691.6,4719.6,4680.0,4691.6,nan,4699.5,71334,100570271700.0,112610,4692.6,11,4691.8,2,nan,0,nan,0,nan,0,nan,0,nan,0,nan,0,nan,0,nan,0
1597988262554671104,1597988262910000128,2020-08-21 13:37:42.910000,4691.6,4719.6,4680.0,4691.6,nan,4699.5,71335,100571679180.0,112611,4692.4,1,4691.6,3,nan,0,nan,0,nan,0,nan,0,nan,0,nan,0,nan,0,nan,0
1597988263049527040,1597988263379000064,2020-08-21 13:37:43.379000,4692.2,4719.6,4680.0,4691.6,nan,4699.5,71337,100574494320.0,112613,4692.2,2,4691.6,3,nan,0,nan,0,nan,0,nan,0,nan,0,nan,0,nan,0,nan,0
1597988263552635904,1597988263930000128,2020-08-21 13:37:43.930000,4691.4,4719.6,4680.0,4691.6,nan,4699.5,71342,100581531600.0,112609,4692.2,4,4691.8,1,nan,0,nan,0,nan,0,nan,0,nan,0,nan,0,nan,0,nan,0
1597988264093180928,1597988264433000192,2020-08-21 13:37:44.433000,4691.8,4719.6,4680.0,4691.6,nan,4699.5,71343,100582939140.0,112609,4692.2,3,4691.8,3,nan,0,nan,0,nan,0,nan,0,nan,0,nan,0,nan,0,nan,0
1597988264554861056,1597988264935000064,2020-08-21 13:37:44.935000,4691.8,4719.6,4680.0,4691.6,nan,4699.5,71346,100587161760.0,112612,4692.2,3,4691.4,4,nan,0,nan,0,nan,0,nan,0,nan,0,nan,0,nan,0,nan,0
1597988265050360064,1597988265413000192,2020-08-21 13:37:45.413000,4691.8,4719.6,4680.0,4691.6,nan,4699.5,71346,100587161760.0,112612,4692.2,3,4691.6,1,nan,0,nan,0,nan,0,nan,0,nan,0,nan,0,nan,0,nan,0
1597988265549844992,1597988265935000064,2020-08-21 13:37:45.935000,4692.6,4719.6,4680.0,4691.6,nan,4699.5,71351,100594200060.0,112616,4692.6,9,4691.6,1,nan,0,nan,0,nan,0,nan,0,nan,0,nan,0,nan,0,nan,0
1597988266052175872,1597988266424999936,2020-08-21 13:37:46.425000,4692.2,4719.6,4680.0,4691.6,nan,4699.5,71359,100605462180.0,112621,4692.6,2,4692.2,2,nan,0,nan,0,nan,0,nan,0,nan,0,nan,0,nan,0,nan,0
1597988266550932992,1597988266924000000,2020-08-21 13:37:46.924000,4692.6,4719.6,4680.0,4691.6,nan,4699.5,71363,100611093300.0,112620,4693.6,2,4692.8,3,nan,0,nan,0,nan,0,nan,0,nan,0,nan,0,nan,0,nan,0
1597988267100128000,1597988267416999936,2020-08-21 13:37:47.417000,4692.8,4719.6,4680.0,4691.6,nan,4699.5,71365,100613908980.0,112620,4692.6,1,4692.4,2,nan,0,nan,0,nan,0,nan,0,nan,0,nan,0,nan,0,nan,0
1597988267560326912,1597988267938999808,2020-08-21 13:37:47.939000,4692.8,4719.6,4680.0,4691.6,nan,4699.5,71367,100616724600.0,112620,4694.4,6,4692.8,4,nan,0,nan,0,nan,0,nan,0,nan,0,nan,0,nan,0,nan,0
1597988268084176896,1597988268428999936,2020-08-21 13:37:48.429000,4692.8,4719.6,4680.0,4691.6,nan,4699.5,71368,100618132440.0,112620,4694.0,2,4692.8,4,nan,0,nan,0,nan,0,nan,0,nan,0,nan,0,nan,0,nan,0
1597988268567489024,1597988268924999936,2020-08-21 13:37:48.925000,4693.6,4719.6,4680.0,4691.6,nan,4699.5,71371,100622356200.0,112620,4693.6,5,4692.8,2,nan,0,nan,0,nan,0,nan,0,nan,0,nan,0,nan,0,nan,0
1597988269069723904,1597988269407000064,2020-08-21 13:37:49.407000,4692.8,4719.6,4680.0,4691.6,nan,4699.5,71382,100637844840.0,112618,4693.4,1,4692.8,1,nan,0,nan,0,nan,0,nan,0,nan,0,nan,0,nan,0,nan,0
1597988269565641984,1597988269923000064,2020-08-21 13:37:49.923000,4692.8,4719.6,4680.0,4691.6,nan,4699.5,71383,100639252680.0,112619,4693.4,2,4692.4,1,nan,0,nan,0,nan,0,nan,0,nan,0,nan,0,nan,0,nan,0
1597988270080720896,1597988270424000000,2020-08-21 13:37:50.424000,4692.8,4719.6,4680.0,4691.6,nan,4699.5,71383,100639252680.0,112619,4693.4,1,4692.4,2,nan,0,nan,0,nan,0,nan,0,nan,0,nan,0,nan,0,nan,0
1597988270556399104,1597988270935000064,2020-08-21 13:37:50.935000,4692.8,4719.6,4680.0,4691.6,nan,4699.5,71383,100639252680.0,112619,4693.0,1,4692.6,1,nan,0,nan,0,nan,0,nan,0,nan,0,nan,0,nan,0,nan,0
1597988271078201088,1597988271434000128,2020-08-21 13:37:51.434000,4692.8,4719.6,4680.0,4691.6,nan,4699.5,71383,100639252680.0,112619,4693.0,1,4692.6,1,nan,0,nan,0,nan,0,nan,0,nan,0,nan,0,nan,0,nan,0
1597988271555474944,1597988271913000192,2020-08-21 13:37:51.913000,4693.0,4719.6,4680.0,4691.6,nan,4699.5,71384,100640660580.0,112620,4693.4,2,4692.6,1,nan,0,nan,0,nan,0,nan,0,nan,0,nan,0,nan,0,nan,0
1597988272053690880,1597988272432000000,2020-08-21 13:37:52.432000,4693.0,4719.6,4680.0,4691.6,nan,4699.5,71384,100640660580.0,112620,4693.4,2,4692.6,1,nan,0,nan,0,nan,0,nan,0,nan,0,nan,0,nan,0,nan,0
1597988272554775040,1597988272932000000,2020-08-21 13:37:52.932000,4692.6,4719.6,4680.0,4691.6,nan,4699.5,71386,100643476200.0,112620,4693.4,2,4692.4,1,nan,0,nan,0,nan,0,nan,0,nan,0,nan,0,nan,0,nan,0
1597988273081404928,1597988273434000128,2020-08-21 13:37:53.434000,4692.6,4719.6,4680.0,4691.6,nan,4699.5,71386,100643476200.0,112620,4693.4,3,4692.4,1,nan,0,nan,0,nan,0,nan,0,nan,0,nan,0,nan,0,nan,0
1597988273561342976,1597988273932000000,2020-08-21 13:37:53.932000,4692.6,4719.6,4680.0,4691.6,nan,4699.5,71386,100643476200.0,112620,4693.4,2,4692.4,1,nan,0,nan,0,nan,0,nan,0,nan,0,nan,0,nan,0,nan,0
1597988274076422912,1597988274432000000,2020-08-21 13:37:54.432000,4692.6,4719.6,4680.0,4691.6,nan,4699.5,71386,100643476200.0,112620,4692.8,1,4692.6,1,nan,0,nan,0,nan,0,nan,0,nan,0,nan,0,nan,0,nan,0
1597988274559350016,1597988274931000064,2020-08-21 13:37:54.931000,4693.4,4719.6,4680.0,4691.6,nan,4699.5,71389,100647699780.0,112621,4693.4,1,4692.2,8,nan,0,nan,0,nan,0,nan,0,nan,0,nan,0,nan,0,nan,0
1597988275053204992,1597988275411000064,2020-08-21 13:37:55.411000,4694.2,4719.6,4680.0,4691.6,nan,4699.5,71399,100661780940.0,112621,4693.4,1,4692.6,1,nan,0,nan,0,nan,0,nan,0,nan,0,nan,0,nan,0,nan,0
1597988275566234880,1597988275917999872,2020-08-21 13:37:55.918000,4693.4,4719.6,4680.0,4691.6,nan,4699.5,71402,100666005000.0,112624,4694.2,2,4693.4,1,nan,0,nan,0,nan,0,nan,0,nan,0,nan,0,nan,0,nan,0
1597988276088029952,1597988276423000064,2020-08-21 13:37:56.423000,4693.4,4719.6,4680.0,4691.6,nan,4699.5,71402,100666005000.0,112624,4694.4,1,4692.8,4,nan,0,nan,0,nan,0,nan,0,nan,0,nan,0,nan,0,nan,0
1597988276699952896,1597988276926000128,2020-08-21 13:37:56.926000,4693.4,4719.6,4680.0,4691.6,nan,4699.5,71402,100666005000.0,112624,4694.4,2,4693.6,1,nan,0,nan,0,nan,0,nan,0,nan,0,nan,0,nan,0,nan,0
1597988277227649024,1597988277428999936,2020-08-21 13:37:57.429000,4693.6,4719.6,4680.0,4691.6,nan,4699.5,71403,100667413080.0,112625,4694.4,1,4693.0,5,nan,0,nan,0,nan,0,nan,0,nan,0,nan,0,nan,0,nan,0
1597988277562246912,1597988277920000000,2020-08-21 13:37:57.920000,4693.2,4719.6,4680.0,4691.6,nan,4699.5,71405,100670229000.0,112627,4694.4,2,4693.0,8,nan,0,nan,0,nan,0,nan,0,nan,0,nan,0,nan,0,nan,0
1597988278061099008,1597988278436000000,2020-08-21 13:37:58.436000,4694.2,4719.6,4680.0,4691.6,nan,4699.5,71409,100675861860.0,112629,4694.2,1,4693.0,7,nan,0,nan,0,nan,0,nan,0,nan,0,nan,0,nan,0,nan,0
1597988278556174080,1597988278937999872,2020-08-21 13:37:58.938000,4693.0,4719.6,4680.0,4691.6,nan,4699.5,71411,100678677900.0,112628,4694.2,1,4693.0,9,nan,0,nan,0,nan,0,nan,0,nan,0,nan,0,nan,0,nan,0
1597988279077958912,1597988279436000000,2020-08-21 13:37:59.436000,4694.0,4719.6,4680.0,4691.6,nan,4699.5,71413,100681494000.0,112627,4694.2,1,4693.2,1,nan,0,nan,0,nan,0,nan,0,nan,0,nan,0,nan,0,nan,0
1597988279559250944,1597988279936999936,2020-08-21 13:37:59.937000,4693.2,4719.6,4680.0,4691.6,nan,4699.5,71414,100682901960.0,112627,4694.2,1,4693.2,3,nan,0,nan,0,nan,0,nan,0,nan,0,nan,0,nan,0,nan,0
1597988280058692096,1597988280436000000,2020-08-21 13:38:00.436000,4693.2,4719.6,4680.0,4691.6,nan,4699.5,71417,100687125840.0,112629,4694.2,1,4693.4,1,nan,0,nan,0,nan,0,nan,0,nan,0,nan,0,nan,0,nan,0
1597988280560207104,1597988280933000192,2020-08-21 13:38:00.933000,4693.2,4719.6,4680.0,4691.6,nan,4699.5,71418,100688533800.0,112630,4694.2,1,4693.4,1,nan,0,nan,0,nan,0,nan,0,nan,0,nan,0,nan,0,nan,0
1597988281059347968,1597988281405999872,2020-08-21 13:38:01.406000,4693.2,4719.6,4680.0,4691.6,nan,4699.5,71418,100688533800.0,112630,4693.6,1,4693.4,1,nan,0,nan,0,nan,0,nan,0,nan,0,nan,0,nan,0,nan,0
1597988281559478016,1597988281924999936,2020-08-21 13:38:01.925000,4693.6,4719.6,4680.0,4691.6,nan,4699.5,71419,100689941880.0,112631,4693.6,2,4693.4,2,nan,0,nan,0,nan,0,nan,0,nan,0,nan,0,nan,0,nan,0
1597988282078863872,1597988282423000064,2020-08-21 13:38:02.423000,4693.4,4719.6,4680.0,4691.6,nan,4699.5,71421,100692757920.0,112632,4693.4,2,4693.2,3,nan,0,nan,0,nan,0,nan,0,nan,0,nan,0,nan,0,nan,0
1597988282557775104,1597988282935000064,2020-08-21 13:38:02.935000,4693.4,4719.6,4680.0,4691.6,nan,4699.5,71425,100698389880.0,112635,4693.6,2,4693.4,1,nan,0,nan,0,nan,0,nan,0,nan,0,nan,0,nan,0,nan,0
1597988283062679040,1597988283430000128,2020-08-21 13:38:03.430000,4693.2,4719.6,4680.0,4691.6,nan,4699.5,71427,100701205860.0,112636,4693.4,1,4693.0,7,nan,0,nan,0,nan,0,nan,0,nan,0,nan,0,nan,0,nan,0
1597988283558791936,1597988283913000192,2020-08-21 13:38:03.913000,4693.2,4719.6,4680.0,4691.6,nan,4699.5,71427,100701205860.0,112636,4693.2,1,4693.0,7,nan,0,nan,0,nan,0,nan,0,nan,0,nan,0,nan,0,nan,0
1597988284070439936,1597988284435000064,2020-08-21 13:38:04.435000,4693.0,4719.6,4680.0,4691.6,nan,4699.5,71428,100702613760.0,112636,4693.2,1,4693.0,5,nan,0,nan,0,nan,0,nan,0,nan,0,nan,0,nan,0,nan,0
1597988284561378048,1597988284932000000,2020-08-21 13:38:04.932000,4693.0,4719.6,4680.0,4691.6,nan,4699.5,71433,100709653800.0,112637,4694.4,4,4693.0,3,nan,0,nan,0,nan,0,nan,0,nan,0,nan,0,nan,0,nan,0
1597988285077740032,1597988285413000192,2020-08-21 13:38:05.413000,4693.0,4719.6,4680.0,4691.6,nan,4699.5,71433,100709653800.0,112637,4694.0,5,4693.8,1,nan,0,nan,0,nan,0,nan,0,nan,0,nan,0,nan,0,nan,0
1597988285566705920,1597988285937999872,2020-08-21 13:38:05.938000,4693.4,4719.6,4680.0,4691.6,nan,4699.5,71438,100716693660.0,112642,4693.4,5,4693.2,1,nan,0,nan,0,nan,0,nan,0,nan,0,nan,0,nan,0,nan,0
1597988286081551872,1597988286428000000,2020-08-21 13:38:06.428000,4692.4,4719.6,4680.0,4691.6,nan,4699.5,71443,100723732800.0,112643,4692.8,1,4692.4,3,nan,0,nan,0,nan,0,nan,0,nan,0,nan,0,nan,0,nan,0
1597988286570672896,1597988286936000000,2020-08-21 13:38:06.936000,4692.4,4719.6,4680.0,4691.6,nan,4699.5,71446,100727955960.0,112642,4692.4,1,4692.2,7,nan,0,nan,0,nan,0,nan,0,nan,0,nan,0,nan,0,nan,0
1597988287079288064,1597988287435000064,2020-08-21 13:38:07.435000,4692.2,4719.6,4680.0,4691.6,nan,4699.5,71453,100737809580.0,112644,4692.2,2,4692.0,3,nan,0,nan,0,nan,0,nan,0,nan,0,nan,0,nan,0,nan,0
1597988287576602112,1597988287937999872,2020-08-21 13:38:07.938000,4691.8,4719.6,4680.0,4691.6,nan,4699.5,71457,100743439920.0,112647,4692.0,2,4691.6,4,nan,0,nan,0,nan,0,nan,0,nan,0,nan,0,nan,0,nan,0
1597988288082328064,1597988288436999936,2020-08-21 13:38:08.437000,4691.6,4719.6,4680.0,4691.6,nan,4699.5,71463,100751885040.0,112649,4692.0,1,4691.8,1,nan,0,nan,0,nan,0,nan,0,nan,0,nan,0,nan,0,nan,0
1597988288565897984,1597988288913000192,2020-08-21 13:38:08.913000,4692.2,4719.6,4680.0,4691.6,nan,4699.5,71466,100756107900.0,112652,4692.2,2,4691.8,1,nan,0,nan,0,nan,0,nan,0,nan,0,nan,0,nan,0,nan,0
1597988289085481984,1597988289432000000,2020-08-21 13:38:09.432000,4692.2,4719.6,4680.0,4691.6,nan,4699.5,71466,100756107900.0,112652,4692.2,2,4692.0,1,nan,0,nan,0,nan,0,nan,0,nan,0,nan,0,nan,0,nan,0
1597988289566406912,1597988289911000064,2020-08-21 13:38:09.911000,4692.2,4719.6,4680.0,4691.6,nan,4699.5,71469,100760330820.0,112654,4692.4,1,4692.0,3,nan,0,nan,0,nan,0,nan,0,nan,0,nan,0,nan,0,nan,0
1597988290067479040,1597988290417999872,2020-08-21 13:38:10.418000,4692.6,4719.6,4680.0,4691.6,nan,4699.5,71472,100764553980.0,112656,4692.8,1,4692.2,1,nan,0,nan,0,nan,0,nan,0,nan,0,nan,0,nan,0,nan,0
1597988290571706880,1597988290931000064,2020-08-21 13:38:10.931000,4692.2,4719.6,4680.0,4691.6,nan,4699.5,71473,100765961640.0,112656,4692.6,4,4692.0,4,nan,0,nan,0,nan,0,nan,0,nan,0,nan,0,nan,0,nan,0
1597988291081470976,1597988291432000000,2020-08-21 13:38:11.432000,4692.2,4719.6,4680.0,4691.6,nan,4699.5,71474,100767369300.0,112657,4692.6,4,4692.0,6,nan,0,nan,0,nan,0,nan,0,nan,0,nan,0,nan,0,nan,0
1597988291569441024,1597988291936000000,2020-08-21 13:38:11.936000,4692.2,4719.6,4680.0,4691.6,nan,4699.5,71474,100767369300.0,112657,4692.6,4,4692.2,1,nan,0,nan,0,nan,0,nan,0,nan,0,nan,0,nan,0,nan,0
1597988292084107008,1597988292436999936,2020-08-21 13:38:12.437000,4692.6,4719.6,4680.0,4691.6,nan,4699.5,71475,100768777080.0,112658,4692.6,3,4692.2,2,nan,0,nan,0,nan,0,nan,0,nan,0,nan,0,nan,0,nan,0
1597988292574311936,1597988292936000000,2020-08-21 13:38:12.936000,4693.0,4719.6,4680.0,4691.6,nan,4699.5,71480,100775816160.0,112660,4693.0,2,4692.6,2,nan,0,nan,0,nan,0,nan,0,nan,0,nan,0,nan,0,nan,0
1597988293069688064,1597988293428000000,2020-08-21 13:38:13.428000,4692.8,4719.6,4680.0,4691.6,nan,4699.5,71484,100781447700.0,112659,4693.2,1,4692.6,4,nan,0,nan,0,nan,0,nan,0,nan,0,nan,0,nan,0,nan,0
1597988293571110912,1597988293931000064,2020-08-21 13:38:13.931000,4692.8,4719.6,4680.0,4691.6,nan,4699.5,71488,100787079180.0,112663,4693.0,1,4692.6,5,nan,0,nan,0,nan,0,nan,0,nan,0,nan,0,nan,0,nan,0
1597988294078187008,1597988294430000128,2020-08-21 13:38:14.430000,4693.0,4719.6,4680.0,4691.6,nan,4699.5,71489,100788487080.0,112663,4693.8,6,4693.6,1,nan,0,nan,0,nan,0,nan,0,nan,0,nan,0,nan,0,nan,0
1597988294586864896,1597988294933000192,2020-08-21 13:38:14.933000,4693.6,4719.6,4680.0,4691.6,nan,4699.5,71490,100789895160.0,112664,4693.2,3,4692.6,5,nan,0,nan,0,nan,0,nan,0,nan,0,nan,0,nan,0,nan,0
1597988295100235008,1597988295438999808,2020-08-21 13:38:15.439000,4692.6,4719.6,4680.0,4691.6,nan,4699.5,71491,100791302940.0,112665,4693.0,1,4692.6,3,nan,0,nan,0,nan,0,nan,0,nan,0,nan,0,nan,0,nan,0
1597988295572508928,1597988295937999872,2020-08-21 13:38:15.938000,4692.8,4719.6,4680.0,4691.6,nan,4699.5,71495,100796934120.0,112669,4693.0,1,4692.6,2,nan,0,nan,0,nan,0,nan,0,nan,0,nan,0,nan,0,nan,0
1597988296066113024,1597988296431000064,2020-08-21 13:38:16.431000,4692.6,4719.6,4680.0,4691.6,nan,4699.5,71498,100801157460.0,112668,4692.8,1,4692.2,4,nan,0,nan,0,nan,0,nan,0,nan,0,nan,0,nan,0,nan,0
1597988296580209920,1597988296903000064,2020-08-21 13:38:16.903000,4692.0,4719.6,4680.0,4691.6,nan,4699.5,71504,100809603300.0,112669,4692.8,1,4692.0,3,nan,0,nan,0,nan,0,nan,0,nan,0,nan,0,nan,0,nan,0
1597988297077051904,1597988297424999936,2020-08-21 13:38:17.425000,4692.0,4719.6,4680.0,4691.6,nan,4699.5,71504,100809603300.0,112669,4692.2,2,4692.0,3,nan,0,nan,0,nan,0,nan,0,nan,0,nan,0,nan,0,nan,0
1597988297573373952,1597988297937999872,2020-08-21 13:38:17.938000,4692.2,4719.6,4680.0,4691.6,nan,4699.5,71507,100813826280.0,112670,4692.6,6,4692.0,3,nan,0,nan,0,nan,0,nan,0,nan,0,nan,0,nan,0,nan,0
1597988298076527104,1597988298433000192,2020-08-21 13:38:18.433000,4692.2,4719.6,4680.0,4691.6,nan,4699.5,71507,100813826280.0,112670,4692.6,5,4692.0,4,nan,0,nan,0,nan,0,nan,0,nan,0,nan,0,nan,0,nan,0
1597988298566984960,1597988298876000000,2020-08-21 13:38:18.876000,4692.2,4719.6,4680.0,4691.6,nan,4699.5,71513,100822272600.0,112670,4692.6,3,4692.0,4,nan,0,nan,0,nan,0,nan,0,nan,0,nan,0,nan,0,nan,0
1597988299067452928,1597988299417999872,2020-08-21 13:38:19.418000,4692.2,4719.6,4680.0,4691.6,nan,4699.5,71515,100825088040.0,112672,4692.6,2,4692.0,5,nan,0,nan,0,nan,0,nan,0,nan,0,nan,0,nan,0,nan,0
1597988299565303040,1597988299933000192,2020-08-21 13:38:19.933000,4692.2,4719.6,4680.0,4691.6,nan,4699.5,71515,100825088040.0,112672,4692.6,2,4692.2,2,nan,0,nan,0,nan,0,nan,0,nan,0,nan,0,nan,0,nan,0
1597988300081778944,1597988300418999808,2020-08-21 13:38:20.419000,4692.2,4719.6,4680.0,4691.6,nan,4699.5,71515,100825088040.0,112672,4692.6,2,4692.2,2,nan,0,nan,0,nan,0,nan,0,nan,0,nan,0,nan,0,nan,0
1597988300568662016,1597988300936999936,2020-08-21 13:38:20.937000,4692.4,4719.6,4680.0,4691.6,nan,4699.5,71516,100826495760.0,112673,4692.4,2,4692.2,2,nan,0,nan,0,nan,0,nan,0,nan,0,nan,0,nan,0,nan,0
1597988301350957056,1597988301433000192,2020-08-21 13:38:21.433000,4692.2,4719.6,4680.0,4691.6,nan,4699.5,71519,100830718800.0,112674,4692.4,1,4692.0,4,nan,0,nan,0,nan,0,nan,0,nan,0,nan,0,nan,0,nan,0
1597988301849321984,1597988301933000192,2020-08-21 13:38:21.933000,4692.2,4719.6,4680.0,4691.6,nan,4699.5,71521,100833534120.0,112676,4692.4,1,4692.2,1,nan,0,nan,0,nan,0,nan,0,nan,0,nan,0,nan,0,nan,0
1597988302092484096,1597988302412000000,2020-08-21 13:38:22.412000,4692.0,4719.6,4680.0,4691.6,nan,4699.5,71524,100837757040.0,112677,4692.4,1,4692.0,3,nan,0,nan,0,nan,0,nan,0,nan,0,nan,0,nan,0,nan,0
1597988302580088064,1597988302926000128,2020-08-21 13:38:22.926000,4692.0,4719.6,4680.0,4691.6,nan,4699.5,71524,100837757040.0,112677,4692.4,1,4692.0,3,nan,0,nan,0,nan,0,nan,0,nan,0,nan,0,nan,0,nan,0
1597988303084349952,1597988303428000000,2020-08-21 13:38:23.428000,4692.2,4719.6,4680.0,4691.6,nan,4699.5,71525,100839164700.0,112677,4692.4,1,4692.0,3,nan,0,nan,0,nan,0,nan,0,nan,0,nan,0,nan,0,nan,0
1597988303589701120,1597988303917999872,2020-08-21 13:38:23.918000,4692.2,4719.6,4680.0,4691.6,nan,4699.5,71525,100839164700.0,112677,4692.4,1,4692.2,1,nan,0,nan,0,nan,0,nan,0,nan,0,nan,0,nan,0,nan,0
1597988304080243968,1597988304435000064,2020-08-21 13:38:24.435000,4692.2,4719.6,4680.0,4691.6,nan,4699.5,71526,100840572360.0,112678,4692.4,1,4692.0,3,nan,0,nan,0,nan,0,nan,0,nan,0,nan,0,nan,0,nan,0
1597988304568352000,1597988304928999936,2020-08-21 13:38:24.929000,4692.0,4719.6,4680.0,4691.6,nan,4699.5,71530,100846202880.0,112680,4692.6,2,4691.8,3,nan,0,nan,0,nan,0,nan,0,nan,0,nan,0,nan,0,nan,0
1597988305082874112,1597988305433000192,2020-08-21 13:38:25.433000,4692.0,4719.6,4680.0,4691.6,nan,4699.5,71530,100846202880.0,112680,4692.6,2,4692.4,20,nan,0,nan,0,nan,0,nan,0,nan,0,nan,0,nan,0,nan,0
1597988305585047040,1597988305936999936,2020-08-21 13:38:25.937000,4692.4,4719.6,4680.0,4691.6,nan,4699.5,71538,100857464760.0,112682,4693.0,2,4692.6,1,nan,0,nan,0,nan,0,nan,0,nan,0,nan,0,nan,0,nan,0
1597988306082782976,1597988306417999872,2020-08-21 13:38:26.418000,4693.0,4719.6,4680.0,4691.6,nan,4699.5,71540,100860280440.0,112683,4692.6,2,4692.4,14,nan,0,nan,0,nan,0,nan,0,nan,0,nan,0,nan,0,nan,0
1597988306581112064,1597988306932000000,2020-08-21 13:38:26.932000,4692.6,4719.6,4680.0,4691.6,nan,4699.5,71543,100864503660.0,112682,4692.6,1,4692.4,12,nan,0,nan,0,nan,0,nan,0,nan,0,nan,0,nan,0,nan,0
1597988307078478080,1597988307413000192,2020-08-21 13:38:27.413000,4692.4,4719.6,4680.0,4691.6,nan,4699.5,71550,100874357760.0,112680,4693.0,1,4692.4,7,nan,0,nan,0,nan,0,nan,0,nan,0,nan,0,nan,0,nan,0
1597988307573829120,1597988307923000064,2020-08-21 13:38:27.923000,4692.4,4719.6,4680.0,4691.6,nan,4699.5,71550,100874357760.0,112680,4692.6,1,4692.4,7,nan,0,nan,0,nan,0,nan,0,nan,0,nan,0,nan,0,nan,0
1597988308086814976,1597988308432000000,2020-08-21 13:38:28.432000,4692.6,4719.6,4680.0,4691.6,nan,4699.5,71551,100875765540.0,112680,4692.8,2,4692.4,7,nan,0,nan,0,nan,0,nan,0,nan,0,nan,0,nan,0,nan,0
1597988308575785984,1597988308936999936,2020-08-21 13:38:28.937000,4692.6,4719.6,4680.0,4691.6,nan,4699.5,71551,100875765540.0,112680,4692.8,3,4692.4,7,nan,0,nan,0,nan,0,nan,0,nan,0,nan,0,nan,0,nan,0
1597988309089120000,1597988309437999872,2020-08-21 13:38:29.438000,4692.8,4719.6,4680.0,4691.6,nan,4699.5,71553,100878581220.0,112680,4692.8,1,4692.4,7,nan,0,nan,0,nan,0,nan,0,nan,0,nan,0,nan,0,nan,0
1597988309658764032,1597988309937999872,2020-08-21 13:38:29.938000,4692.6,4719.6,4680.0,4691.6,nan,4699.5,71555,100881396780.0,112681,4692.8,1,4692.4,7,nan,0,nan,0,nan,0,nan,0,nan,0,nan,0,nan,0,nan,0
1597988310099401984,1597988310433000192,2020-08-21 13:38:30.433000,4692.8,4719.6,4680.0,4691.6,nan,4699.5,71558,100885620060.0,112683,4693.0,3,4692.4,5,nan,0,nan,0,nan,0,nan,0,nan,0,nan,0,nan,0,nan,0
1597988310574799872,1597988310916000000,2020-08-21 13:38:30.916000,4692.8,4719.6,4680.0,4691.6,nan,4699.5,71558,100885620060.0,112683,4693.0,3,4692.4,6,nan,0,nan,0,nan,0,nan,0,nan,0,nan,0,nan,0,nan,0
1597988311074893056,1597988311407000064,2020-08-21 13:38:31.407000,4693.2,4719.6,4680.0,4691.6,nan,4699.5,71565,100895475600.0,112688,4693.4,4,4693.2,3,nan,0,nan,0,nan,0,nan,0,nan,0,nan,0,nan,0,nan,0
1597988311586217984,1597988311936000000,2020-08-21 13:38:31.936000,4693.2,4719.6,4680.0,4691.6,nan,4699.5,71566,100896883560.0,112689,4693.4,5,4693.2,2,nan,0,nan,0,nan,0,nan,0,nan,0,nan,0,nan,0,nan,0
1597988312106061056,1597988312436999936,2020-08-21 13:38:32.437000,4693.2,4719.6,4680.0,4691.6,nan,4699.5,71568,100899699480.0,112690,4693.4,5,4692.4,6,nan,0,nan,0,nan,0,nan,0,nan,0,nan,0,nan,0,nan,0
1597988312594093056,1597988312916999936,2020-08-21 13:38:32.917000,4693.2,4719.6,4680.0,4691.6,nan,4699.5,71568,100899699480.0,112690,4693.4,5,4692.4,7,nan,0,nan,0,nan,0,nan,0,nan,0,nan,0,nan,0,nan,0
1597988313075287040,1597988313424000000,2020-08-21 13:38:33.424000,4692.4,4719.6,4680.0,4691.6,nan,4699.5,71569,100901107200.0,112690,4693.4,5,4692.4,7,nan,0,nan,0,nan,0,nan,0,nan,0,nan,0,nan,0,nan,0
1597988313585372928,1597988313927000064,2020-08-21 13:38:33.927000,4692.4,4719.6,4680.0,4691.6,nan,4699.5,71569,100901107200.0,112690,4693.4,5,4692.6,2,nan,0,nan,0,nan,0,nan,0,nan,0,nan,0,nan,0,nan,0
1597988314075141888,1597988314420999936,2020-08-21 13:38:34.421000,4692.4,4719.6,4680.0,4691.6,nan,4699.5,71569,100901107200.0,112690,4693.4,5,4692.6,3,nan,0,nan,0,nan,0,nan,0,nan,0,nan,0,nan,0,nan,0
1597988314576091904,1597988314897000192,2020-08-21 13:38:34.897000,4692.4,4719.6,4680.0,4691.6,nan,4699.5,71569,100901107200.0,112690,4693.2,1,4692.6,4,nan,0,nan,0,nan,0,nan,0,nan,0,nan,0,nan,0,nan,0
1597988315078902016,1597988315403000064,2020-08-21 13:38:35.403000,4692.4,4719.6,4680.0,4691.6,nan,4699.5,71569,100901107200.0,112690,4693.2,3,4692.8,1,nan,0,nan,0,nan,0,nan,0,nan,0,nan,0,nan,0,nan,0
1597988315612369920,1597988315878000128,2020-08-21 13:38:35.878000,4693.0,4719.6,4680.0,4691.6,nan,4699.5,71571,100903922820.0,112691,4693.2,3,4692.6,4,nan,0,nan,0,nan,0,nan,0,nan,0,nan,0,nan,0,nan,0
1597988316086681088,1597988316420000000,2020-08-21 13:38:36.420000,4693.0,4719.6,4680.0,4691.6,nan,4699.5,71571,100903922820.0,112691,4693.2,3,4693.0,1,nan,0,nan,0,nan,0,nan,0,nan,0,nan,0,nan,0,nan,0
1597988316578692096,1597988316920999936,2020-08-21 13:38:36.921000,4693.0,4719.6,4680.0,4691.6,nan,4699.5,71571,100903922820.0,112691,4693.2,3,4693.0,1,nan,0,nan,0,nan,0,nan,0,nan,0,nan,0,nan,0,nan,0
1597988317092026880,1597988317431000064,2020-08-21 13:38:37.431000,4693.0,4719.6,4680.0,4691.6,nan,4699.5,71571,100903922820.0,112691,4693.2,3,4693.0,1,nan,0,nan,0,nan,0,nan,0,nan,0,nan,0,nan,0,nan,0
1597988317580069120,1597988317900999936,2020-08-21 13:38:37.901000,4693.0,4719.6,4680.0,4691.6,nan,4699.5,71571,100903922820.0,112691,4693.2,3,4693.0,2,nan,0,nan,0,nan,0,nan,0,nan,0,nan,0,nan,0,nan,0
1597988318089024000,1597988318426000128,2020-08-21 13:38:38.426000,4693.2,4719.6,4680.0,4691.6,nan,4699.5,71573,100906738740.0,112692,4693.2,1,4693.0,3,nan,0,nan,0,nan,0,nan,0,nan,0,nan,0,nan,0,nan,0
1597988318582779904,1597988318931000064,2020-08-21 13:38:38.931000,4693.0,4719.6,4680.0,4691.6,nan,4699.5,71575,100909554600.0,112693,4693.4,5,4693.0,2,nan,0,nan,0,nan,0,nan,0,nan,0,nan,0,nan,0,nan,0
1597988319108721920,1597988319404000000,2020-08-21 13:38:39.404000,4693.0,4719.6,4680.0,4691.6,nan,4699.5,71577,100912370400.0,112695,4693.4,5,4692.6,5,nan,0,nan,0,nan,0,nan,0,nan,0,nan,0,nan,0,nan,0
1597988319587709952,1597988319927000064,2020-08-21 13:38:39.927000,4692.6,4719.6,4680.0,4691.6,nan,4699.5,71578,100913778180.0,112694,4693.4,5,4692.6,4,nan,0,nan,0,nan,0,nan,0,nan,0,nan,0,nan,0,nan,0
1597988320078715904,1597988320428999936,2020-08-21 13:38:40.429000,4692.6,4719.6,4680.0,4691.6,nan,4699.5,71579,100915185960.0,112695,4693.2,1,4692.6,3,nan,0,nan,0,nan,0,nan,0,nan,0,nan,0,nan,0,nan,0
1597988320582710016,1597988320934000128,2020-08-21 13:38:40.934000,4692.6,4719.6,4680.0,4691.6,nan,4699.5,71579,100915185960.0,112695,4693.2,1,4692.6,2,nan,0,nan,0,nan,0,nan,0,nan,0,nan,0,nan,0,nan,0
1597988321104536064,1597988321436999936,2020-08-21 13:38:41.437000,4692.6,4719.6,4680.0,4691.6,nan,4699.5,71581,100918001520.0,112696,4693.2,1,4692.4,10,nan,0,nan,0,nan,0,nan,0,nan,0,nan,0,nan,0,nan,0
1597988321582416896,1597988321938999808,2020-08-21 13:38:41.939000,4692.6,4719.6,4680.0,4691.6,nan,4699.5,71581,100918001520.0,112696,4693.0,1,4692.4,10,nan,0,nan,0,nan,0,nan,0,nan,0,nan,0,nan,0,nan,0
1597988322104871936,1597988322426000128,2020-08-21 13:38:42.426000,4693.0,4719.6,4680.0,4691.6,nan,4699.5,71582,100919409420.0,112697,4693.2,1,4692.4,10,nan,0,nan,0,nan,0,nan,0,nan,0,nan,0,nan,0,nan,0
1597988322582523904,1597988322928999936,2020-08-21 13:38:42.929000,4693.2,4719.6,4680.0,4691.6,nan,4699.5,71583,100920817380.0,112696,4693.4,5,4692.4,10,nan,0,nan,0,nan,0,nan,0,nan,0,nan,0,nan,0,nan,0
1597988323082732032,1597988323428999936,2020-08-21 13:38:43.429000,4693.2,4719.6,4680.0,4691.6,nan,4699.5,71583,100920817380.0,112696,4693.4,5,4692.4,10,nan,0,nan,0,nan,0,nan,0,nan,0,nan,0,nan,0,nan,0
1597988323581093888,1597988323924999936,2020-08-21 13:38:43.925000,4693.2,4719.6,4680.0,4691.6,nan,4699.5,71583,100920817380.0,112696,4693.4,5,4692.4,10,nan,0,nan,0,nan,0,nan,0,nan,0,nan,0,nan,0,nan,0
1597988324105660928,1597988324424999936,2020-08-21 13:38:44.425000,4693.2,4719.6,4680.0,4691.6,nan,4699.5,71583,100920817380.0,112696,4693.4,5,4692.6,1,nan,0,nan,0,nan,0,nan,0,nan,0,nan,0,nan,0,nan,0
1597988324581540096,1597988324895000064,2020-08-21 13:38:44.895000,4692.6,4719.6,4680.0,4691.6,nan,4699.5,71584,100922225160.0,112697,4692.6,1,4692.4,10,nan,0,nan,0,nan,0,nan,0,nan,0,nan,0,nan,0,nan,0
1597988325105698048,1597988325424000000,2020-08-21 13:38:45.424000,4692.4,4719.6,4680.0,4691.6,nan,4699.5,71587,100926448560.0,112697,4693.4,5,4692.4,9,nan,0,nan,0,nan,0,nan,0,nan,0,nan,0,nan,0,nan,0
1597988325580611072,1597988325935000064,2020-08-21 13:38:45.935000,4693.2,4719.6,4680.0,4691.6,nan,4699.5,71588,100927856520.0,112697,4693.2,1,4692.4,9,nan,0,nan,0,nan,0,nan,0,nan,0,nan,0,nan,0,nan,0
1597988326092430080,1597988326413000192,2020-08-21 13:38:46.413000,4692.6,4719.6,4680.0,4691.6,nan,4699.5,71589,100929264300.0,112697,4693.0,1,4692.4,9,nan,0,nan,0,nan,0,nan,0,nan,0,nan,0,nan,0,nan,0
1597988326586055936,1597988326921999872,2020-08-21 13:38:46.922000,4692.6,4719.6,4680.0,4691.6,nan,4699.5,71589,100929264300.0,112697,4692.8,1,4692.4,9,nan,0,nan,0,nan,0,nan,0,nan,0,nan,0,nan,0,nan,0
1597988327104271872,1597988327434000128,2020-08-21 13:38:47.434000,4692.6,4719.6,4680.0,4691.6,nan,4699.5,71589,100929264300.0,112697,4692.8,1,4692.6,1,nan,0,nan,0,nan,0,nan,0,nan,0,nan,0,nan,0,nan,0
1597988327593647104,1597988327936999936,2020-08-21 13:38:47.937000,4692.6,4719.6,4680.0,4691.6,nan,4699.5,71589,100929264300.0,112697,4692.8,2,4692.6,1,nan,0,nan,0,nan,0,nan,0,nan,0,nan,0,nan,0,nan,0
1597988328139363072,1597988328431000064,2020-08-21 13:38:48.431000,4692.6,4719.6,4680.0,4691.6,nan,4699.5,71590,100930672080.0,112698,4692.8,2,4692.4,9,nan,0,nan,0,nan,0,nan,0,nan,0,nan,0,nan,0,nan,0
1597988328594507008,1597988328881999872,2020-08-21 13:38:48.882000,4692.8,4719.6,4680.0,4691.6,nan,4699.5,71591,100932079920.0,112698,4692.8,1,4692.4,9,nan,0,nan,0,nan,0,nan,0,nan,0,nan,0,nan,0,nan,0
1597988329127272960,1597988329400000000,2020-08-21 13:38:49.400000,4692.8,4719.6,4680.0,4691.6,nan,4699.5,71591,100932079920.0,112698,4692.8,1,4692.4,9,nan,0,nan,0,nan,0,nan,0,nan,0,nan,0,nan,0,nan,0
1597988329583280128,1597988329930000128,2020-08-21 13:38:49.930000,4692.8,4719.6,4680.0,4691.6,nan,4699.5,71592,100933487760.0,112699,4693.0,1,4692.4,9,nan,0,nan,0,nan,0,nan,0,nan,0,nan,0,nan,0,nan,0
1597988330091504128,1597988330434000128,2020-08-21 13:38:50.434000,4692.4,4719.6,4680.0,4691.6,nan,4699.5,71593,100934895480.0,112700,4693.0,1,4692.4,8,nan,0,nan,0,nan,0,nan,0,nan,0,nan,0,nan,0,nan,0
1597988330589584896,1597988330931000064,2020-08-21 13:38:50.931000,4692.4,4719.6,4680.0,4691.6,nan,4699.5,71593,100934895480.0,112700,4692.8,1,4692.6,1,nan,0,nan,0,nan,0,nan,0,nan,0,nan,0,nan,0,nan,0
1597988331130863104,1597988331408000000,2020-08-21 13:38:51.408000,4692.4,4719.6,4680.0,4691.6,nan,4699.5,71595,100937710980.0,112701,4693.0,1,4692.4,7,nan,0,nan,0,nan,0,nan,0,nan,0,nan,0,nan,0,nan,0
1597988331580996096,1597988331923000064,2020-08-21 13:38:51.923000,4692.4,4719.6,4680.0,4691.6,nan,4699.5,71601,100946157300.0,112702,4692.8,1,4692.4,1,nan,0,nan,0,nan,0,nan,0,nan,0,nan,0,nan,0,nan,0
1597988332094614016,1597988332427000064,2020-08-21 13:38:52.427000,4692.4,4719.6,4680.0,4691.6,nan,4699.5,71602,100947565020.0,112702,4692.8,1,4692.0,5,nan,0,nan,0,nan,0,nan,0,nan,0,nan,0,nan,0,nan,0
1597988332651825920,1597988332932000000,2020-08-21 13:38:52.932000,4692.4,4719.6,4680.0,4691.6,nan,4699.5,71603,100948972740.0,112702,4693.0,1,4692.8,1,nan,0,nan,0,nan,0,nan,0,nan,0,nan,0,nan,0,nan,0
1597988333119452928,1597988333436000000,2020-08-21 13:38:53.436000,4692.8,4719.6,4680.0,4691.6,nan,4699.5,71604,100950380580.0,112703,4692.6,5,4692.0,5,nan,0,nan,0,nan,0,nan,0,nan,0,nan,0,nan,0,nan,0
1597988333603537920,1597988333913000192,2020-08-21 13:38:53.913000,4692.8,4719.6,4680.0,4691.6,nan,4699.5,71604,100950380580.0,112703,4692.8,2,4692.0,5,nan,0,nan,0,nan,0,nan,0,nan,0,nan,0,nan,0,nan,0
1597988334137757952,1597988334436000000,2020-08-21 13:38:54.436000,4692.0,4719.6,4680.0,4691.6,nan,4699.5,71605,100951788180.0,112702,4692.8,2,4692.0,4,nan,0,nan,0,nan,0,nan,0,nan,0,nan,0,nan,0,nan,0
1597988334587442944,1597988334927000064,2020-08-21 13:38:54.927000,4692.0,4719.6,4680.0,4691.6,nan,4699.5,71605,100951788180.0,112702,4692.8,2,4692.0,4,nan,0,nan,0,nan,0,nan,0,nan,0,nan,0,nan,0,nan,0
1597988335085878016,1597988335376000000,2020-08-21 13:38:55.376000,4692.0,4719.6,4680.0,4691.6,nan,4699.5,71605,100951788180.0,112702,4692.8,2,4692.0,4,nan,0,nan,0,nan,0,nan,0,nan,0,nan,0,nan,0,nan,0
1597988335619440128,1597988335924999936,2020-08-21 13:38:55.925000,4692.0,4719.6,4680.0,4691.6,nan,4699.5,71606,100953195780.0,112702,4692.6,1,4692.0,5,nan,0,nan,0,nan,0,nan,0,nan,0,nan,0,nan,0,nan,0
1597988336119279104,1597988336403000064,2020-08-21 13:38:56.403000,4692.0,4719.6,4680.0,4691.6,nan,4699.5,71606,100953195780.0,112702,4692.6,1,4692.2,1,nan,0,nan,0,nan,0,nan,0,nan,0,nan,0,nan,0,nan,0
1597988336584516096,1597988336936999936,2020-08-21 13:38:56.937000,4692.0,4719.6,4680.0,4691.6,nan,4699.5,71606,100953195780.0,112702,4692.4,1,4692.2,2,nan,0,nan,0,nan,0,nan,0,nan,0,nan,0,nan,0,nan,0
1597988337114818048,1597988337416999936,2020-08-21 13:38:57.417000,4692.0,4719.6,4680.0,4691.6,nan,4699.5,71607,100954603380.0,112702,4692.4,1,4692.2,1,nan,0,nan,0,nan,0,nan,0,nan,0,nan,0,nan,0,nan,0
1597988337587621888,1597988337934000128,2020-08-21 13:38:57.934000,4692.4,4719.6,4680.0,4691.6,nan,4699.5,71608,100956011100.0,112701,4692.8,1,4692.2,1,nan,0,nan,0,nan,0,nan,0,nan,0,nan,0,nan,0,nan,0
1597988338087567104,1597988338428000000,2020-08-21 13:38:58.428000,4692.4,4719.6,4680.0,4691.6,nan,4699.5,71608,100956011100.0,112701,4692.8,1,4692.6,1,nan,0,nan,0,nan,0,nan,0,nan,0,nan,0,nan,0,nan,0
1597988338598227968,1597988338928999936,2020-08-21 13:38:58.929000,4692.6,4719.6,4680.0,4691.6,nan,4699.5,71609,100957418880.0,112702,4692.4,2,4692.2,2,nan,0,nan,0,nan,0,nan,0,nan,0,nan,0,nan,0,nan,0
1597988339183520000,1597988339424000000,2020-08-21 13:38:59.424000,4692.2,4719.6,4680.0,4691.6,nan,4699.5,71611,100960234200.0,112702,4692.6,1,4692.2,1,nan,0,nan,0,nan,0,nan,0,nan,0,nan,0,nan,0,nan,0
1597988339588574976,1597988339934000128,2020-08-21 13:38:59.934000,4692.2,4719.6,4680.0,4691.6,nan,4699.5,71611,100960234200.0,112702,4692.6,1,4692.2,1,nan,0,nan,0,nan,0,nan,0,nan,0,nan,0,nan,0,nan,0
1597988340098347008,1597988340432000000,2020-08-21 13:39:00.432000,4692.2,4719.6,4680.0,4691.6,nan,4699.5,71612,100961641860.0,112702,4692.8,1,4692.6,1,nan,0,nan,0,nan,0,nan,0,nan,0,nan,0,nan,0,nan,0
1597988340591418880,1597988340924000000,2020-08-21 13:39:00.924000,4692.0,4719.6,4680.0,4691.6,nan,4699.5,71615,100965864780.0,112703,4692.8,2,4692.0,3,nan,0,nan,0,nan,0,nan,0,nan,0,nan,0,nan,0,nan,0
1597988341094288896,1597988341415000064,2020-08-21 13:39:01.415000,4692.0,4719.6,4680.0,4691.6,nan,4699.5,71617,100968679980.0,112703,4692.8,2,4692.6,1,nan,0,nan,0,nan,0,nan,0,nan,0,nan,0,nan,0,nan,0
1597988341605799936,1597988341936999936,2020-08-21 13:39:01.937000,4692.6,4719.6,4680.0,4691.6,nan,4699.5,71619,100971495540.0,112703,4692.8,3,4692.0,14,nan,0,nan,0,nan,0,nan,0,nan,0,nan,0,nan,0,nan,0
1597988342116290048,1597988342410000128,2020-08-21 13:39:02.410000,4692.6,4719.6,4680.0,4691.6,nan,4699.5,71619,100971495540.0,112703,4692.4,1,4692.2,2,nan,0,nan,0,nan,0,nan,0,nan,0,nan,0,nan,0,nan,0
1597988342592396032,1597988342924999936,2020-08-21 13:39:02.925000,4692.2,4719.6,4680.0,4691.6,nan,4699.5,71620,100972903200.0,112703,4692.4,1,4692.0,14,nan,0,nan,0,nan,0,nan,0,nan,0,nan,0,nan,0,nan,0
1597988343113754880,1597988343435000064,2020-08-21 13:39:03.435000,4692.2,4719.6,4680.0,4691.6,nan,4699.5,71625,100979941260.0,112705,4692.4,3,4692.2,2,nan,0,nan,0,nan,0,nan,0,nan,0,nan,0,nan,0,nan,0
1597988343622926080,1597988343936999936,2020-08-21 13:39:03.937000,4692.4,4719.6,4680.0,4691.6,nan,4699.5,71629,100985571900.0,112706,4692.4,4,4692.0,1,nan,0,nan,0,nan,0,nan,0,nan,0,nan,0,nan,0,nan,0
1597988344090295040,1597988344374000128,2020-08-21 13:39:04.374000,4692.4,4719.6,4680.0,4691.6,nan,4699.5,71640,101001055860.0,112716,4692.4,3,4691.8,5,nan,0,nan,0,nan,0,nan,0,nan,0,nan,0,nan,0,nan,0
1597988344590418944,1597988344918999808,2020-08-21 13:39:04.919000,4692.4,4719.6,4680.0,4691.6,nan,4699.5,71644,101006686740.0,112719,4692.4,1,4691.8,5,nan,0,nan,0,nan,0,nan,0,nan,0,nan,0,nan,0,nan,0
1597988345115416064,1597988345416999936,2020-08-21 13:39:05.417000,4692.4,4719.6,4680.0,4691.6,nan,4699.5,71644,101006686740.0,112719,4692.2,1,4692.0,2,nan,0,nan,0,nan,0,nan,0,nan,0,nan,0,nan,0,nan,0
1597988345602752000,1597988345923000064,2020-08-21 13:39:05.923000,4692.0,4719.6,4680.0,4691.6,nan,4699.5,71647,101010909660.0,112719,4692.2,1,4691.8,7,nan,0,nan,0,nan,0,nan,0,nan,0,nan,0,nan,0,nan,0
1597988346108711936,1597988346420999936,2020-08-21 13:39:06.421000,4692.2,4719.6,4680.0,4691.6,nan,4699.5,71648,101012317320.0,112720,4692.6,2,4691.8,7,nan,0,nan,0,nan,0,nan,0,nan,0,nan,0,nan,0,nan,0
1597988346600525056,1597988346920000000,2020-08-21 13:39:06.920000,4692.0,4719.6,4680.0,4691.6,nan,4699.5,71650,101015132520.0,112721,4692.0,1,4691.8,7,nan,0,nan,0,nan,0,nan,0,nan,0,nan,0,nan,0,nan,0
1597988347112317952,1597988347420999936,2020-08-21 13:39:07.421000,4692.0,4719.6,4680.0,4691.6,nan,4699.5,71651,101016540120.0,112721,4692.2,1,4691.8,7,nan,0,nan,0,nan,0,nan,0,nan,0,nan,0,nan,0,nan,0
1597988347602757888,1597988347923000064,2020-08-21 13:39:07.923000,4692.2,4719.6,4680.0,4691.6,nan,4699.5,71652,101017947780.0,112722,4692.2,1,4691.8,8,nan,0,nan,0,nan,0,nan,0,nan,0,nan,0,nan,0,nan,0
1597988348106333952,1597988348430000128,2020-08-21 13:39:08.430000,4691.8,4719.6,4680.0,4691.6,nan,4699.5,71653,101019355320.0,112723,4692.2,1,4691.8,7,nan,0,nan,0,nan,0,nan,0,nan,0,nan,0,nan,0,nan,0
1597988348604466944,1597988348932000000,2020-08-21 13:39:08.932000,4692.2,4719.6,4680.0,4691.6,nan,4699.5,71655,101022170520.0,112724,4692.4,1,4691.8,6,nan,0,nan,0,nan,0,nan,0,nan,0,nan,0,nan,0,nan,0
1597988349125776896,1597988349437999872,2020-08-21 13:39:09.438000,4692.2,4719.6,4680.0,4691.6,nan,4699.5,71655,101022170520.0,112724,4692.4,1,4691.8,6,nan,0,nan,0,nan,0,nan,0,nan,0,nan,0,nan,0,nan,0
1597988350087240960,1597988350412000000,2020-08-21 13:39:10.412000,4692.2,4719.6,4680.0,4691.6,nan,4699.5,71655,101022170520.0,112724,4692.4,1,4692.2,4,nan,0,nan,0,nan,0,nan,0,nan,0,nan,0,nan,0,nan,0
1597988350604062976,1597988350888000000,2020-08-21 13:39:10.888000,4692.2,4719.6,4680.0,4691.6,nan,4699.5,71657,101024985900.0,112725,4692.6,2,4692.2,3,nan,0,nan,0,nan,0,nan,0,nan,0,nan,0,nan,0,nan,0
1597988351129821952,1597988351423000064,2020-08-21 13:39:11.423000,4692.6,4719.6,4680.0,4691.6,nan,4699.5,71659,101027801340.0,112727,4692.6,1,4692.2,2,nan,0,nan,0,nan,0,nan,0,nan,0,nan,0,nan,0,nan,0
1597988351633217024,1597988351935000064,2020-08-21 13:39:11.935000,4692.6,4719.6,4680.0,4691.6,nan,4699.5,71660,101029209120.0,112728,4692.8,1,4692.2,2,nan,0,nan,0,nan,0,nan,0,nan,0,nan,0,nan,0,nan,0
1597988352104670976,1597988352436999936,2020-08-21 13:39:12.437000,4692.2,4719.6,4680.0,4691.6,nan,4699.5,71664,101034839700.0,112731,4692.8,1,4691.8,7,nan,0,nan,0,nan,0,nan,0,nan,0,nan,0,nan,0,nan,0
1597988352601112064,1597988352927000064,2020-08-21 13:39:12.927000,4692.2,4719.6,4680.0,4691.6,nan,4699.5,71664,101034839700.0,112731,4692.8,1,4691.8,7,nan,0,nan,0,nan,0,nan,0,nan,0,nan,0,nan,0,nan,0
1597988353105348096,1597988353404999936,2020-08-21 13:39:13.405000,4692.2,4719.6,4680.0,4691.6,nan,4699.5,71667,101039062920.0,112734,4692.8,1,4691.8,7,nan,0,nan,0,nan,0,nan,0,nan,0,nan,0,nan,0,nan,0
1597988353596935936,1597988353924999936,2020-08-21 13:39:13.925000,4692.2,4719.6,4680.0,4691.6,nan,4699.5,71667,101039062920.0,112734,4692.8,1,4691.8,7,nan,0,nan,0,nan,0,nan,0,nan,0,nan,0,nan,0,nan,0
1597988354111757056,1597988354382999808,2020-08-21 13:39:14.383000,4692.0,4719.6,4680.0,4691.6,nan,4699.5,71670,101043285720.0,112735,4692.8,1,4691.8,7,nan,0,nan,0,nan,0,nan,0,nan,0,nan,0,nan,0,nan,0
1597988354598002944,1597988354903000064,2020-08-21 13:39:14.903000,4692.0,4719.6,4680.0,4691.6,nan,4699.5,71670,101043285720.0,112735,4692.8,2,4691.8,7,nan,0,nan,0,nan,0,nan,0,nan,0,nan,0,nan,0,nan,0
1597988355103783936,1597988355434000128,2020-08-21 13:39:15.434000,4692.0,4719.6,4680.0,4691.6,nan,4699.5,71670,101043285720.0,112735,4692.6,1,4691.8,7,nan,0,nan,0,nan,0,nan,0,nan,0,nan,0,nan,0,nan,0
1597988355596303872,1597988355934000128,2020-08-21 13:39:15.934000,4691.8,4719.6,4680.0,4691.6,nan,4699.5,71671,101044693260.0,112735,4692.2,1,4691.8,6,nan,0,nan,0,nan,0,nan,0,nan,0,nan,0,nan,0,nan,0
1597988356100617984,1597988356436000000,2020-08-21 13:39:16.436000,4691.8,4719.6,4680.0,4691.6,nan,4699.5,71671,101044693260.0,112735,4692.0,1,4691.8,6,nan,0,nan,0,nan,0,nan,0,nan,0,nan,0,nan,0,nan,0
1597988356609611008,1597988356924999936,2020-08-21 13:39:16.925000,4692.2,4719.6,4680.0,4691.6,nan,4699.5,71675,101050323600.0,112736,4692.8,2,4692.6,1,nan,0,nan,0,nan,0,nan,0,nan,0,nan,0,nan,0,nan,0
1597988357109096960,1597988357430000128,2020-08-21 13:39:17.430000,4691.8,4719.6,4680.0,4691.6,nan,4699.5,71678,101054546700.0,112737,4692.4,7,4691.8,5,nan,0,nan,0,nan,0,nan,0,nan,0,nan,0,nan,0,nan,0
1597988357627129088,1597988357931000064,2020-08-21 13:39:17.931000,4691.8,4719.6,4680.0,4691.6,nan,4699.5,71678,101054546700.0,112737,4692.2,1,4692.0,1,nan,0,nan,0,nan,0,nan,0,nan,0,nan,0,nan,0,nan,0
1597988358109874944,1597988358344000000,2020-08-21 13:39:18.344000,4692.0,4719.6,4680.0,4691.6,nan,4699.5,71680,101057361960.0,112736,4692.6,7,4691.8,5,nan,0,nan,0,nan,0,nan,0,nan,0,nan,0,nan,0,nan,0
1597988358601760000,1597988358920000000,2020-08-21 13:39:18.920000,4691.8,4719.6,4680.0,4691.6,nan,4699.5,71681,101058769500.0,112736,4692.4,1,4691.8,4,nan,0,nan,0,nan,0,nan,0,nan,0,nan,0,nan,0,nan,0
1597988359100526080,1597988359424999936,2020-08-21 13:39:19.425000,4691.8,4719.6,4680.0,4691.6,nan,4699.5,71681,101058769500.0,112736,4692.6,5,4692.0,2,nan,0,nan,0,nan,0,nan,0,nan,0,nan,0,nan,0,nan,0
1597988359600461056,1597988359923000064,2020-08-21 13:39:19.923000,4691.8,4719.6,4680.0,4691.6,nan,4699.5,71681,101058769500.0,112736,4692.4,1,4692.0,2,nan,0,nan,0,nan,0,nan,0,nan,0,nan,0,nan,0,nan,0
1597988360105807872,1597988360408999936,2020-08-21 13:39:20.409000,4691.8,4719.6,4680.0,4691.6,nan,4699.5,71682,101060177040.0,112737,4692.4,1,4692.0,1,nan,0,nan,0,nan,0,nan,0,nan,0,nan,0,nan,0,nan,0
1597988361129287936,1597988361430000128,2020-08-21 13:39:21.430000,4692.0,4719.6,4680.0,4691.6,nan,4699.5,71683,101061584640.0,112737,4692.4,1,4691.8,4,nan,0,nan,0,nan,0,nan,0,nan,0,nan,0,nan,0,nan,0
1597988362101422080,1597988362424999936,2020-08-21 13:39:22.425000,4692.4,4719.6,4680.0,4691.6,nan,4699.5,71684,101062992360.0,112738,4692.6,1,4692.4,4,nan,0,nan,0,nan,0,nan,0,nan,0,nan,0,nan,0,nan,0
1597988362604219904,1597988362903000064,2020-08-21 13:39:22.903000,4692.6,4719.6,4680.0,4691.6,nan,4699.5,71686,101065807860.0,112738,4692.8,2,4692.4,3,nan,0,nan,0,nan,0,nan,0,nan,0,nan,0,nan,0,nan,0
1597988363127654912,1597988363433000192,2020-08-21 13:39:23.433000,4692.4,4719.6,4680.0,4691.6,nan,4699.5,71689,101070031020.0,112737,4692.8,2,4692.0,1,nan,0,nan,0,nan,0,nan,0,nan,0,nan,0,nan,0,nan,0
1597988363610098944,1597988363923000064,2020-08-21 13:39:23.923000,4692.0,4719.6,4680.0,4691.6,nan,4699.5,71690,101071438620.0,112738,4692.8,2,4692.2,1,nan,0,nan,0,nan,0,nan,0,nan,0,nan,0,nan,0,nan,0
1597988364139529984,1597988364416000000,2020-08-21 13:39:24.416000,4692.0,4719.6,4680.0,4691.6,nan,4699.5,71690,101071438620.0,112738,4692.8,2,4691.8,7,nan,0,nan,0,nan,0,nan,0,nan,0,nan,0,nan,0,nan,0
1597988364634914048,1597988364924999936,2020-08-21 13:39:24.925000,4692.8,4719.6,4680.0,4691.6,nan,4699.5,71696,101079884160.0,112742,4692.8,1,4691.8,2,nan,0,nan,0,nan,0,nan,0,nan,0,nan,0,nan,0,nan,0
1597988365103194112,1597988365427000064,2020-08-21 13:39:25.427000,4692.0,4719.6,4680.0,4691.6,nan,4699.5,71697,101081291760.0,112742,4692.8,1,4692.0,1,nan,0,nan,0,nan,0,nan,0,nan,0,nan,0,nan,0,nan,0
1597988365603598080,1597988365927000064,2020-08-21 13:39:25.927000,4691.8,4719.6,4680.0,4691.6,nan,4699.5,71699,101084106900.0,112742,4692.8,1,4691.8,1,nan,0,nan,0,nan,0,nan,0,nan,0,nan,0,nan,0,nan,0
1597988366158312960,1597988366421999872,2020-08-21 13:39:26.422000,4691.8,4719.6,4680.0,4691.6,nan,4699.5,71699,101084106900.0,112742,4692.8,1,4691.8,2,nan,0,nan,0,nan,0,nan,0,nan,0,nan,0,nan,0,nan,0
1597988366606200064,1597988366920000000,2020-08-21 13:39:26.920000,4692.6,4719.6,4680.0,4691.6,nan,4699.5,71700,101085514680.0,112743,4692.6,2,4691.8,2,nan,0,nan,0,nan,0,nan,0,nan,0,nan,0,nan,0,nan,0
1597988367136904960,1597988367416000000,2020-08-21 13:39:27.416000,4691.8,4719.6,4680.0,4691.6,nan,4699.5,71701,101086922220.0,112743,4692.6,2,4691.8,2,nan,0,nan,0,nan,0,nan,0,nan,0,nan,0,nan,0,nan,0
1597988367623634944,1597988367901999872,2020-08-21 13:39:27.902000,4691.8,4719.6,4680.0,4691.6,nan,4699.5,71701,101086922220.0,112743,4692.6,2,4691.8,2,nan,0,nan,0,nan,0,nan,0,nan,0,nan,0,nan,0,nan,0
1597988368100081920,1597988368420999936,2020-08-21 13:39:28.421000,4691.8,4719.6,4680.0,4691.6,nan,4699.5,71701,101086922220.0,112743,4692.6,2,4691.8,2,nan,0,nan,0,nan,0,nan,0,nan,0,nan,0,nan,0,nan,0
1597988368607911936,1597988368928999936,2020-08-21 13:39:28.929000,4691.8,4719.6,4680.0,4691.6,nan,4699.5,71701,101086922220.0,112743,4692.6,2,4691.8,3,nan,0,nan,0,nan,0,nan,0,nan,0,nan,0,nan,0,nan,0
1597988369138904064,1597988369394000128,2020-08-21 13:39:29.394000,4691.8,4719.6,4680.0,4691.6,nan,4699.5,71703,101089737300.0,112744,4692.6,2,4691.8,2,nan,0,nan,0,nan,0,nan,0,nan,0,nan,0,nan,0,nan,0
1597988369622417920,1597988369829999872,2020-08-21 13:39:29.830000,4691.8,4719.6,4680.0,4691.6,nan,4699.5,71703,101089737300.0,112744,4692.6,2,4691.8,2,nan,0,nan,0,nan,0,nan,0,nan,0,nan,0,nan,0,nan,0
1597988370124837888,1597988370428999936,2020-08-21 13:39:30.429000,4691.8,4719.6,4680.0,4691.6,nan,4699.5,71703,101089737300.0,112744,4692.6,2,4691.8,2,nan,0,nan,0,nan,0,nan,0,nan,0,nan,0,nan,0,nan,0
1597988370610056960,1597988370926000128,2020-08-21 13:39:30.926000,4691.8,4719.6,4680.0,4691.6,nan,4699.5,71704,101091144840.0,112745,4692.4,1,4691.8,1,nan,0,nan,0,nan,0,nan,0,nan,0,nan,0,nan,0,nan,0
1597988371108214016,1597988371364000000,2020-08-21 13:39:31.364000,4691.8,4719.6,4680.0,4691.6,nan,4699.5,71705,101092552380.0,112746,4692.4,1,4691.6,1,nan,0,nan,0,nan,0,nan,0,nan,0,nan,0,nan,0,nan,0
1597988371632087040,1597988371914000128,2020-08-21 13:39:31.914000,4691.8,4719.6,4680.0,4691.6,nan,4699.5,71705,101092552380.0,112746,4692.4,1,4691.6,1,nan,0,nan,0,nan,0,nan,0,nan,0,nan,0,nan,0,nan,0
1597988372121662976,1597988372426000128,2020-08-21 13:39:32.426000,4691.8,4719.6,4680.0,4691.6,nan,4699.5,71705,101092552380.0,112746,4692.4,1,4691.6,1,nan,0,nan,0,nan,0,nan,0,nan,0,nan,0,nan,0,nan,0
1597988372604537088,1597988372927000064,2020-08-21 13:39:32.927000,4692.4,4719.6,4680.0,4691.6,nan,4699.5,71707,101095367760.0,112748,4692.6,2,4691.6,1,nan,0,nan,0,nan,0,nan,0,nan,0,nan,0,nan,0,nan,0
1597988373130776064,1597988373426000128,2020-08-21 13:39:33.426000,4692.6,4719.6,4680.0,4691.6,nan,4699.5,71709,101098183080.0,112750,4692.6,2,4691.8,1,nan,0,nan,0,nan,0,nan,0,nan,0,nan,0,nan,0,nan,0
1597988373626415104,1597988373934000128,2020-08-21 13:39:33.934000,4692.6,4719.6,4680.0,4691.6,nan,4699.5,71710,101099590860.0,112751,4692.6,1,4692.4,1,nan,0,nan,0,nan,0,nan,0,nan,0,nan,0,nan,0,nan,0
1597988374128935936,1597988374433000192,2020-08-21 13:39:34.433000,4691.8,4719.6,4680.0,4691.6,nan,4699.5,71712,101102406120.0,112752,4692.6,2,4691.8,1,nan,0,nan,0,nan,0,nan,0,nan,0,nan,0,nan,0,nan,0
1597988374650861056,1597988374936999936,2020-08-21 13:39:34.937000,4692.0,4719.6,4680.0,4691.6,nan,4699.5,71714,101105221500.0,112753,4692.6,1,4691.6,1,nan,0,nan,0,nan,0,nan,0,nan,0,nan,0,nan,0,nan,0
1597988375128026112,1597988375430000128,2020-08-21 13:39:35.430000,4692.4,4719.6,4680.0,4691.6,nan,4699.5,71716,101108036700.0,112755,4692.6,2,4691.6,3,nan,0,nan,0,nan,0,nan,0,nan,0,nan,0,nan,0,nan,0
1597988375620969984,1597988375897000192,2020-08-21 13:39:35.897000,4691.6,4719.6,4680.0,4691.6,nan,4699.5,71717,101109444180.0,112756,4692.4,1,4691.8,1,nan,0,nan,0,nan,0,nan,0,nan,0,nan,0,nan,0,nan,0
1597988376127758080,1597988376411000064,2020-08-21 13:39:36.411000,4691.6,4719.6,4680.0,4691.6,nan,4699.5,71718,101110851660.0,112756,4692.4,1,4691.6,1,nan,0,nan,0,nan,0,nan,0,nan,0,nan,0,nan,0,nan,0
1597988376617466880,1597988376935000064,2020-08-21 13:39:36.935000,4691.6,4719.6,4680.0,4691.6,nan,4699.5,71718,101110851660.0,112756,4691.8,1,4691.6,2,nan,0,nan,0,nan,0,nan,0,nan,0,nan,0,nan,0,nan,0
1597988377142280960,1597988377420999936,2020-08-21 13:39:37.421000,4691.8,4719.6,4680.0,4691.6,nan,4699.5,71719,101112259200.0,112756,4692.4,1,4692.0,1,nan,0,nan,0,nan,0,nan,0,nan,0,nan,0,nan,0,nan,0
1597988377619838976,1597988377936000000,2020-08-21 13:39:37.936000,4692.0,4719.6,4680.0,4691.6,nan,4699.5,71723,101117889540.0,112757,4692.6,3,4691.6,1,nan,0,nan,0,nan,0,nan,0,nan,0,nan,0,nan,0,nan,0
1597988378124146944,1597988378437999872,2020-08-21 13:39:38.438000,4692.2,4719.6,4680.0,4691.6,nan,4699.5,71725,101120704680.0,112757,4692.4,2,4691.6,1,nan,0,nan,0,nan,0,nan,0,nan,0,nan,0,nan,0,nan,0
1597988378625769984,1597988378920999936,2020-08-21 13:39:38.921000,4692.2,4719.6,4680.0,4691.6,nan,4699.5,71725,101120704680.0,112757,4692.4,2,4691.8,10,nan,0,nan,0,nan,0,nan,0,nan,0,nan,0,nan,0,nan,0
1597988379135634944,1597988379394000128,2020-08-21 13:39:39.394000,4692.0,4719.6,4680.0,4691.6,nan,4699.5,71727,101123520000.0,112758,4692.6,3,4691.8,10,nan,0,nan,0,nan,0,nan,0,nan,0,nan,0,nan,0,nan,0
1597988379634940928,1597988379928000000,2020-08-21 13:39:39.928000,4692.0,4719.6,4680.0,4691.6,nan,4699.5,71727,101123520000.0,112758,4692.6,3,4691.8,10,nan,0,nan,0,nan,0,nan,0,nan,0,nan,0,nan,0,nan,0
1597988380143777024,1597988380382999808,2020-08-21 13:39:40.383000,4692.0,4719.6,4680.0,4691.6,nan,4699.5,71727,101123520000.0,112758,4692.0,1,4691.8,11,nan,0,nan,0,nan,0,nan,0,nan,0,nan,0,nan,0,nan,0
1597988380658845952,1597988380934000128,2020-08-21 13:39:40.934000,4692.2,4719.6,4680.0,4691.6,nan,4699.5,71739,101140414440.0,112755,4693.8,6,4692.0,3,nan,0,nan,0,nan,0,nan,0,nan,0,nan,0,nan,0,nan,0
1597988381162583040,1597988381404000000,2020-08-21 13:39:41.404000,4692.2,4719.6,4680.0,4691.6,nan,4699.5,71739,101140414440.0,112755,4692.8,2,4692.4,2,nan,0,nan,0,nan,0,nan,0,nan,0,nan,0,nan,0,nan,0
1597988381644494080,1597988382213999872,2020-08-21 13:39:42.214000,4692.0,4719.6,4680.0,4691.6,nan,4699.5,71742,101144637360.0,112757,4693.0,1,4692.0,4,nan,0,nan,0,nan,0,nan,0,nan,0,nan,0,nan,0,nan,0
1597988382148506112,1597988382435000064,2020-08-21 13:39:42.435000,4692.8,4719.6,4680.0,4691.6,nan,4699.5,71743,101146045200.0,112758,4693.0,2,4692.0,6,nan,0,nan,0,nan,0,nan,0,nan,0,nan,0,nan,0,nan,0
1597988382622584064,1597988382921999872,2020-08-21 13:39:42.922000,4692.8,4719.6,4680.0,4691.6,nan,4699.5,71743,101146045200.0,112758,4692.4,1,4692.2,1,nan,0,nan,0,nan,0,nan,0,nan,0,nan,0,nan,0,nan,0
1597988383123340032,1597988383423000064,2020-08-21 13:39:43.423000,4692.2,4719.6,4680.0,4691.6,nan,4699.5,71747,101151675780.0,112759,4693.0,1,4692.0,4,nan,0,nan,0,nan,0,nan,0,nan,0,nan,0,nan,0,nan,0
1597988383634172928,1597988383916000000,2020-08-21 13:39:43.916000,4693.0,4719.6,4680.0,4691.6,nan,4699.5,71750,101155899420.0,112761,4693.0,1,4692.0,7,nan,0,nan,0,nan,0,nan,0,nan,0,nan,0,nan,0,nan,0
1597988384139590912,1597988384434000128,2020-08-21 13:39:44.434000,4693.0,4719.6,4680.0,4691.6,nan,4699.5,71750,101155899420.0,112761,4693.0,1,4692.2,1,nan,0,nan,0,nan,0,nan,0,nan,0,nan,0,nan,0,nan,0
1597988384628773120,1597988384924000000,2020-08-21 13:39:44.924000,4692.2,4719.6,4680.0,4691.6,nan,4699.5,71751,101157307080.0,112762,4693.0,1,4692.2,2,nan,0,nan,0,nan,0,nan,0,nan,0,nan,0,nan,0,nan,0
1597988385136485120,1597988385400999936,2020-08-21 13:39:45.401000,4692.2,4719.6,4680.0,4691.6,nan,4699.5,71751,101157307080.0,112762,4693.0,1,4692.0,9,nan,0,nan,0,nan,0,nan,0,nan,0,nan,0,nan,0,nan,0
1597988385625651968,1597988385924000000,2020-08-21 13:39:45.924000,4693.4,4719.6,4680.0,4691.6,nan,4699.5,71753,101160123000.0,112763,4693.0,1,4692.2,1,nan,0,nan,0,nan,0,nan,0,nan,0,nan,0,nan,0,nan,0
1597988386127489024,1597988386428999936,2020-08-21 13:39:46.429000,4693.4,4719.6,4680.0,4691.6,nan,4699.5,71753,101160123000.0,112763,4693.0,1,4692.2,2,nan,0,nan,0,nan,0,nan,0,nan,0,nan,0,nan,0,nan,0
1597988386629096960,1597988386927000064,2020-08-21 13:39:46.927000,4692.2,4719.6,4680.0,4691.6,nan,4699.5,71755,101162938680.0,112764,4693.6,5,4692.0,9,nan,0,nan,0,nan,0,nan,0,nan,0,nan,0,nan,0,nan,0
1597988387151439872,1597988387426000128,2020-08-21 13:39:47.426000,4692.2,4719.6,4680.0,4691.6,nan,4699.5,71755,101162938680.0,112764,4693.2,1,4692.4,2,nan,0,nan,0,nan,0,nan,0,nan,0,nan,0,nan,0,nan,0
1597988387642120960,1597988388076000000,2020-08-21 13:39:48.076000,4692.2,4719.6,4680.0,4691.6,nan,4699.5,71755,101162938680.0,112764,4692.4,1,4692.0,9,nan,0,nan,0,nan,0,nan,0,nan,0,nan,0,nan,0,nan,0
1597988388152011008,1597988388436999936,2020-08-21 13:39:48.437000,4692.2,4719.6,4680.0,4691.6,nan,4699.5,71755,101162938680.0,112764,4693.2,2,4692.0,10,nan,0,nan,0,nan,0,nan,0,nan,0,nan,0,nan,0,nan,0
1597988388641280000,1597988389175000064,2020-08-21 13:39:49.175000,4692.2,4719.6,4680.0,4691.6,nan,4699.5,71756,101164346340.0,112765,4693.0,1,4692.0,10,nan,0,nan,0,nan,0,nan,0,nan,0,nan,0,nan,0,nan,0
1597988389133835008,1597988389374000128,2020-08-21 13:39:49.374000,4692.2,4719.6,4680.0,4691.6,nan,4699.5,71756,101164346340.0,112765,4693.0,1,4692.2,1,nan,0,nan,0,nan,0,nan,0,nan,0,nan,0,nan,0,nan,0
1597988389628244992,1597988389934000128,2020-08-21 13:39:49.934000,4692.8,4719.6,4680.0,4691.6,nan,4699.5,71757,101165754180.0,112766,4692.8,2,4692.2,1,nan,0,nan,0,nan,0,nan,0,nan,0,nan,0,nan,0,nan,0
1597988390174341120,1597988390432000000,2020-08-21 13:39:50.432000,4692.8,4719.6,4680.0,4691.6,nan,4699.5,71757,101165754180.0,112766,4692.8,2,4692.2,4,nan,0,nan,0,nan,0,nan,0,nan,0,nan,0,nan,0,nan,0
1597988390618013952,1597988390937999872,2020-08-21 13:39:50.938000,4692.8,4719.6,4680.0,4691.6,nan,4699.5,71758,101167162020.0,112767,4692.8,1,4692.2,4,nan,0,nan,0,nan,0,nan,0,nan,0,nan,0,nan,0,nan,0
1597988391132791040,1597988391348000000,2020-08-21 13:39:51.348000,4692.8,4719.6,4680.0,4691.6,nan,4699.5,71758,101167162020.0,112767,4692.8,4,4692.2,4,nan,0,nan,0,nan,0,nan,0,nan,0,nan,0,nan,0,nan,0
1597988391629636096,1597988391932000000,2020-08-21 13:39:51.932000,4692.8,4719.6,4680.0,4691.6,nan,4699.5,71759,101168569860.0,112767,4692.8,3,4692.2,4,nan,0,nan,0,nan,0,nan,0,nan,0,nan,0,nan,0,nan,0
1597988392126900992,1597988392435000064,2020-08-21 13:39:52.435000,4692.8,4719.6,4680.0,4691.6,nan,4699.5,71761,101171385420.0,112769,4692.8,2,4692.4,2,nan,0,nan,0,nan,0,nan,0,nan,0,nan,0,nan,0,nan,0
1597988392622170112,1597988392937999872,2020-08-21 13:39:52.938000,4692.4,4719.6,4680.0,4691.6,nan,4699.5,71763,101174200860.0,112771,4692.6,1,4692.2,5,nan,0,nan,0,nan,0,nan,0,nan,0,nan,0,nan,0,nan,0
1597988393158450944,1597988393432000000,2020-08-21 13:39:53.432000,4692.2,4719.6,4680.0,4691.6,nan,4699.5,71764,101175608520.0,112772,4692.6,1,4692.2,4,nan,0,nan,0,nan,0,nan,0,nan,0,nan,0,nan,0,nan,0
1597988393624171008,1597988393904999936,2020-08-21 13:39:53.905000,4692.2,4719.6,4680.0,4691.6,nan,4699.5,71764,101175608520.0,112772,4692.4,1,4692.2,4,nan,0,nan,0,nan,0,nan,0,nan,0,nan,0,nan,0,nan,0
1597988394161641984,1597988394424999936,2020-08-21 13:39:54.425000,4692.2,4719.6,4680.0,4691.6,nan,4699.5,71764,101175608520.0,112772,4692.4,1,4692.2,4,nan,0,nan,0,nan,0,nan,0,nan,0,nan,0,nan,0,nan,0
1597988394647627008,1597988394903000064,2020-08-21 13:39:54.903000,4692.4,4719.6,4680.0,4691.6,nan,4699.5,71766,101178423900.0,112773,4692.6,1,4692.2,3,nan,0,nan,0,nan,0,nan,0,nan,0,nan,0,nan,0,nan,0
1597988395141512960,1597988395416000000,2020-08-21 13:39:55.416000,4692.6,4719.6,4680.0,4691.6,nan,4699.5,71767,101179831680.0,112774,4692.8,2,4692.2,3,nan,0,nan,0,nan,0,nan,0,nan,0,nan,0,nan,0,nan,0
1597988395644315904,1597988395937999872,2020-08-21 13:39:55.938000,4692.6,4719.6,4680.0,4691.6,nan,4699.5,71767,101179831680.0,112774,4692.6,1,4692.2,3,nan,0,nan,0,nan,0,nan,0,nan,0,nan,0,nan,0,nan,0
1597988396160276992,1597988396436000000,2020-08-21 13:39:56.436000,4692.6,4719.6,4680.0,4691.6,nan,4699.5,71767,101179831680.0,112774,4692.6,1,4692.2,3,nan,0,nan,0,nan,0,nan,0,nan,0,nan,0,nan,0,nan,0
1597988396647558912,1597988396937999872,2020-08-21 13:39:56.938000,4692.2,4719.6,4680.0,4691.6,nan,4699.5,71769,101182647120.0,112774,4692.6,1,4692.2,2,nan,0,nan,0,nan,0,nan,0,nan,0,nan,0,nan,0,nan,0
1597988397174290944,1597988397437999872,2020-08-21 13:39:57.438000,4692.2,4719.6,4680.0,4691.6,nan,4699.5,71772,101186870100.0,112774,4692.2,1,4692.0,9,nan,0,nan,0,nan,0,nan,0,nan,0,nan,0,nan,0,nan,0
1597988397652749056,1597988397901999872,2020-08-21 13:39:57.902000,4692.0,4719.6,4680.0,4691.6,nan,4699.5,71773,101188277700.0,112774,4692.2,1,4692.0,8,nan,0,nan,0,nan,0,nan,0,nan,0,nan,0,nan,0,nan,0
1597988398144644096,1597988398421999872,2020-08-21 13:39:58.422000,4692.2,4719.6,4680.0,4691.6,nan,4699.5,71777,101193908160.0,112774,4692.6,1,4692.0,5,nan,0,nan,0,nan,0,nan,0,nan,0,nan,0,nan,0,nan,0
1597988398644590080,1597988398860999936,2020-08-21 13:39:58.861000,4692.0,4719.6,4680.0,4691.6,nan,4699.5,71781,101199538560.0,112775,4692.2,1,4692.0,1,nan,0,nan,0,nan,0,nan,0,nan,0,nan,0,nan,0,nan,0
1597988399151846912,1597988399408999936,2020-08-21 13:39:59.409000,4692.0,4719.6,4680.0,4691.6,nan,4699.5,71785,101205168840.0,112775,4692.2,1,4691.8,15,nan,0,nan,0,nan,0,nan,0,nan,0,nan,0,nan,0,nan,0
1597988399626351104,1597988399924999936,2020-08-21 13:39:59.925000,4691.8,4719.6,4680.0,4691.6,nan,4699.5,71786,101206576380.0,112774,4692.2,1,4691.8,14,nan,0,nan,0,nan,0,nan,0,nan,0,nan,0,nan,0,nan,0
1597988400148848896,1597988400420999936,2020-08-21 13:40:00.421000,4691.8,4719.6,4680.0,4691.6,nan,4699.5,71786,101206576380.0,112774,4692.2,1,4691.8,14,nan,0,nan,0,nan,0,nan,0,nan,0,nan,0,nan,0,nan,0
1597988400634279936,1597988400937999872,2020-08-21 13:40:00.938000,4691.8,4719.6,4680.0,4691.6,nan,4699.5,71787,101207983920.0,112775,4692.0,1,4691.8,14,nan,0,nan,0,nan,0,nan,0,nan,0,nan,0,nan,0,nan,0
1597988401122664960,1597988401428999936,2020-08-21 13:40:01.429000,4691.8,4719.6,4680.0,4691.6,nan,4699.5,71793,101216429340.0,112772,4692.6,2,4691.8,10,nan,0,nan,0,nan,0,nan,0,nan,0,nan,0,nan,0,nan,0
1597988401631772928,1597988401930000128,2020-08-21 13:40:01.930000,4691.8,4719.6,4680.0,4691.6,nan,4699.5,71798,101223467040.0,112773,4692.6,2,4691.8,6,nan,0,nan,0,nan,0,nan,0,nan,0,nan,0,nan,0,nan,0
1597988402155827968,1597988402413000192,2020-08-21 13:40:02.413000,4691.8,4719.6,4680.0,4691.6,nan,4699.5,71799,101224874580.0,112774,4692.6,2,4691.8,5,nan,0,nan,0,nan,0,nan,0,nan,0,nan,0,nan,0,nan,0
1597988402638693120,1597988403240999936,2020-08-21 13:40:03.241000,4691.8,4719.6,4680.0,4691.6,nan,4699.5,71801,101227689660.0,112774,4692.6,2,4691.8,5,nan,0,nan,0,nan,0,nan,0,nan,0,nan,0,nan,0,nan,0
1597988403148187904,1597988403432000000,2020-08-21 13:40:03.432000,4691.8,4719.6,4680.0,4691.6,nan,4699.5,71801,101227689660.0,112774,4692.6,2,4691.8,5,nan,0,nan,0,nan,0,nan,0,nan,0,nan,0,nan,0,nan,0
1597988403630532096,1597988403924000000,2020-08-21 13:40:03.924000,4691.8,4719.6,4680.0,4691.6,nan,4699.5,71801,101227689660.0,112774,4692.6,3,4691.8,5,nan,0,nan,0,nan,0,nan,0,nan,0,nan,0,nan,0,nan,0
1597988404025763072,1597988404411000064,2020-08-21 13:40:04.411000,4691.8,4719.6,4680.0,4691.6,nan,4699.5,71803,101230504740.0,112774,4692.4,5,4691.8,3,nan,0,nan,0,nan,0,nan,0,nan,0,nan,0,nan,0,nan,0
1597988404539184896,1597988404903000064,2020-08-21 13:40:04.903000,4691.6,4719.6,4680.0,4691.6,nan,4699.5,71815,101247396300.0,112775,4692.4,1,4691.6,3,nan,0,nan,0,nan,0,nan,0,nan,0,nan,0,nan,0,nan,0
1597988405029520896,1597988405420000000,2020-08-21 13:40:05.420000,4692.4,4719.6,4680.0,4691.6,nan,4699.5,71818,101251618980.0,112776,4692.6,2,4691.6,3,nan,0,nan,0,nan,0,nan,0,nan,0,nan,0,nan,0,nan,0
1597988405532269056,1597988405897000192,2020-08-21 13:40:05.897000,4691.6,4719.6,4680.0,4691.6,nan,4699.5,71825,101261471760.0,112774,4692.4,2,4691.4,6,nan,0,nan,0,nan,0,nan,0,nan,0,nan,0,nan,0,nan,0
1597988406024890880,1597988406427000064,2020-08-21 13:40:06.427000,4691.2,4719.6,4680.0,4691.6,nan,4699.5,71834,101274138420.0,112771,4691.4,8,4691.0,18,nan,0,nan,0,nan,0,nan,0,nan,0,nan,0,nan,0,nan,0
1597988406538819072,1597988406927000064,2020-08-21 13:40:06.927000,4691.0,4719.6,4680.0,4691.6,nan,4699.4,71857,101306506200.0,112784,4691.0,1,4690.8,1,nan,0,nan,0,nan,0,nan,0,nan,0,nan,0,nan,0,nan,0
1597988407042084096,1597988407437999872,2020-08-21 13:40:07.438000,4690.6,4719.6,4680.0,4691.6,nan,4699.4,71866,101319171240.0,112790,4691.0,3,4690.6,1,nan,0,nan,0,nan,0,nan,0,nan,0,nan,0,nan,0,nan,0
1597988407550170112,1597988407897000192,2020-08-21 13:40:07.897000,4690.4,4719.6,4680.0,4691.6,nan,4699.4,71868,101321985540.0,112790,4690.6,5,4690.2,8,nan,0,nan,0,nan,0,nan,0,nan,0,nan,0,nan,0,nan,0
1597988408091773952,1597988408431000064,2020-08-21 13:40:08.431000,4690.2,4719.6,4680.0,4691.6,nan,4699.4,71872,101327613840.0,112792,4690.6,7,4690.2,5,nan,0,nan,0,nan,0,nan,0,nan,0,nan,0,nan,0,nan,0
1597988408546448896,1597988408918999808,2020-08-21 13:40:08.919000,4690.0,4719.6,4680.0,4691.6,nan,4699.4,71879,101337463200.0,112790,4690.2,1,4690.0,45,nan,0,nan,0,nan,0,nan,0,nan,0,nan,0,nan,0,nan,0
1597988409079787008,1597988409415000064,2020-08-21 13:40:09.415000,4690.0,4719.6,4680.0,4691.6,nan,4699.4,71917,101390929560.0,112806,4690.2,2,4690.0,13,nan,0,nan,0,nan,0,nan,0,nan,0,nan,0,nan,0,nan,0
1597988409549515008,1597988409904999936,2020-08-21 13:40:09.905000,4690.2,4719.6,4680.0,4691.6,nan,4699.4,71934,101414848740.0,112813,4690.2,2,4690.0,2,nan,0,nan,0,nan,0,nan,0,nan,0,nan,0,nan,0,nan,0
1597988410052353024,1597988410403000064,2020-08-21 13:40:10.403000,4690.0,4719.6,4680.0,4691.6,nan,4699.4,71940,101423290740.0,112815,4690.0,3,4689.6,22,nan,0,nan,0,nan,0,nan,0,nan,0,nan,0,nan,0,nan,0
1597988410548829952,1597988410931000064,2020-08-21 13:40:10.931000,4689.8,4719.6,4680.0,4691.6,nan,4699.4,71943,101427511500.0,112813,4690.0,6,4689.6,21,nan,0,nan,0,nan,0,nan,0,nan,0,nan,0,nan,0,nan,0
1597988411042962944,1597988411436000000,2020-08-21 13:40:11.436000,4689.8,4719.6,4680.0,4691.6,nan,4699.4,71952,101440173840.0,112813,4690.0,2,4689.6,16,nan,0,nan,0,nan,0,nan,0,nan,0,nan,0,nan,0,nan,0
1597988411545003008,1597988411924999936,2020-08-21 13:40:11.925000,4690.0,4719.6,4680.0,4691.6,nan,4699.4,71953,101441580840.0,112814,4690.0,3,4689.6,16,nan,0,nan,0,nan,0,nan,0,nan,0,nan,0,nan,0,nan,0
1597988412047068928,1597988412411000064,2020-08-21 13:40:12.411000,4690.0,4719.6,4680.0,4691.6,nan,4699.4,71959,101450022540.0,112812,4690.0,2,4689.6,17,nan,0,nan,0,nan,0,nan,0,nan,0,nan,0,nan,0,nan,0
1597988412540798976,1597988412930000128,2020-08-21 13:40:12.930000,4690.0,4719.6,4680.0,4691.6,nan,4699.4,71964,101457057540.0,112813,4690.2,3,4690.0,3,nan,0,nan,0,nan,0,nan,0,nan,0,nan,0,nan,0,nan,0
1597988413055468032,1597988413426000128,2020-08-21 13:40:13.426000,4689.6,4719.6,4680.0,4691.6,nan,4699.4,71972,101468313540.0,112812,4690.6,4,4689.6,15,nan,0,nan,0,nan,0,nan,0,nan,0,nan,0,nan,0,nan,0
1597988413545221888,1597988413916000000,2020-08-21 13:40:13.916000,4689.6,4719.6,4680.0,4691.6,nan,4699.4,71979,101478161700.0,112812,4690.6,4,4690.2,1,nan,0,nan,0,nan,0,nan,0,nan,0,nan,0,nan,0,nan,0
1597988414097463040,1597988414356000000,2020-08-21 13:40:14.356000,4690.4,4719.6,4680.0,4691.6,nan,4699.4,71982,101482382940.0,112812,4690.6,4,4690.0,1,nan,0,nan,0,nan,0,nan,0,nan,0,nan,0,nan,0,nan,0
1597988414542262016,1597988414920999936,2020-08-21 13:40:14.921000,4689.6,4719.6,4680.0,4691.6,nan,4699.4,71988,101490824820.0,112815,4689.8,3,4689.6,15,nan,0,nan,0,nan,0,nan,0,nan,0,nan,0,nan,0,nan,0
1597988415042944000,1597988415437999872,2020-08-21 13:40:15.438000,4689.6,4719.6,4680.0,4691.6,nan,4699.4,72002,101510521140.0,112818,4690.0,6,4689.4,1,nan,0,nan,0,nan,0,nan,0,nan,0,nan,0,nan,0,nan,0
1597988415544030976,1597988415935000064,2020-08-21 13:40:15.935000,4689.0,4719.6,4680.0,4691.6,nan,4699.4,72011,101523181980.0,112824,4689.6,5,4689.0,11,nan,0,nan,0,nan,0,nan,0,nan,0,nan,0,nan,0,nan,0
1597988416073327104,1597988416325999872,2020-08-21 13:40:16.326000,4689.0,4719.6,4680.0,4691.6,nan,4699.4,72030,101549908740.0,112836,4689.0,7,4688.6,6,nan,0,nan,0,nan,0,nan,0,nan,0,nan,0,nan,0,nan,0
1597988416563147008,1597988416935000064,2020-08-21 13:40:16.935000,4688.8,4719.6,4680.0,4691.6,nan,4699.4,72043,101568194580.0,112841,4688.6,4,4688.2,4,nan,0,nan,0,nan,0,nan,0,nan,0,nan,0,nan,0,nan,0
1597988417080281088,1597988417420999936,2020-08-21 13:40:17.421000,4688.4,4719.6,4680.0,4691.6,nan,4699.4,72061,101593512720.0,112840,4688.6,6,4688.2,1,nan,0,nan,0,nan,0,nan,0,nan,0,nan,0,nan,0,nan,0
1597988417560168960,1597988417892999936,2020-08-21 13:40:17.893000,4688.2,4719.6,4680.0,4691.6,nan,4699.4,72065,101599138740.0,112842,4688.2,6,4688.0,21,nan,0,nan,0,nan,0,nan,0,nan,0,nan,0,nan,0,nan,0
1597988418078148096,1597988418427000064,2020-08-21 13:40:18.427000,4688.2,4719.6,4680.0,4691.6,nan,4699.4,72073,101610390240.0,112845,4688.2,10,4688.0,18,nan,0,nan,0,nan,0,nan,0,nan,0,nan,0,nan,0,nan,0
1597988418555240960,1597988418917999872,2020-08-21 13:40:18.918000,4688.0,4719.6,4680.0,4691.6,nan,4699.4,72088,101631486360.0,112854,4688.2,10,4688.0,5,nan,0,nan,0,nan,0,nan,0,nan,0,nan,0,nan,0,nan,0
1597988419051607040,1597988419430000128,2020-08-21 13:40:19.430000,4688.0,4719.6,4680.0,4691.6,nan,4699.4,72113,101666645940.0,112857,4688.0,2,4687.6,7,nan,0,nan,0,nan,0,nan,0,nan,0,nan,0,nan,0,nan,0
1597988419549629952,1597988419924999936,2020-08-21 13:40:19.925000,4687.6,4719.6,4680.0,4691.6,nan,4699.4,72120,101676490560.0,112863,4688.0,2,4687.6,6,nan,0,nan,0,nan,0,nan,0,nan,0,nan,0,nan,0,nan,0
1597988420082023936,1597988420433000192,2020-08-21 13:40:20.433000,4687.2,4719.6,4680.0,4691.6,nan,4699.4,72138,101701802520.0,112878,4687.2,4,4687.0,11,nan,0,nan,0,nan,0,nan,0,nan,0,nan,0,nan,0,nan,0
1597988420562241024,1597988420932000000,2020-08-21 13:40:20.932000,4687.0,4719.6,4680.0,4691.6,nan,4699.4,72159,101731331580.0,112888,4687.4,1,4687.0,7,nan,0,nan,0,nan,0,nan,0,nan,0,nan,0,nan,0,nan,0
1597988421080304128,1597988421390000128,2020-08-21 13:40:21.390000,4687.0,4719.6,4680.0,4691.6,nan,4699.4,72174,101752424520.0,112895,4688.0,2,4687.0,3,nan,0,nan,0,nan,0,nan,0,nan,0,nan,0,nan,0,nan,0
1597988421556153088,1597988421928000000,2020-08-21 13:40:21.928000,4688.0,4719.6,4680.0,4691.6,nan,4699.4,72184,101766487200.0,112900,4688.2,13,4688.0,1,nan,0,nan,0,nan,0,nan,0,nan,0,nan,0,nan,0,nan,0
1597988422055817984,1597988422401999872,2020-08-21 13:40:22.402000,4688.0,4719.6,4680.0,4691.6,nan,4699.4,72191,101776332060.0,112902,4687.8,1,4687.4,6,nan,0,nan,0,nan,0,nan,0,nan,0,nan,0,nan,0,nan,0
1597988422557594112,1597988422921999872,2020-08-21 13:40:22.922000,4687.4,4719.6,4680.0,4691.6,nan,4699.4,72197,101784769500.0,112903,4688.0,11,4687.8,2,nan,0,nan,0,nan,0,nan,0,nan,0,nan,0,nan,0,nan,0
1597988423077934080,1597988423430000128,2020-08-21 13:40:23.430000,4688.0,4719.6,4680.0,4691.6,nan,4699.4,72204,101794614060.0,112909,4687.6,1,4687.4,1,nan,0,nan,0,nan,0,nan,0,nan,0,nan,0,nan,0,nan,0
1597988423544451072,1597988423857000192,2020-08-21 13:40:23.857000,4688.0,4719.6,4680.0,4691.6,nan,4699.4,72210,101803052280.0,112912,4688.0,3,4687.8,1,nan,0,nan,0,nan,0,nan,0,nan,0,nan,0,nan,0,nan,0
1597988424126419968,1597988424434000128,2020-08-21 13:40:24.434000,4687.6,4719.6,4680.0,4691.6,nan,4699.4,72218,101814303240.0,112917,4688.2,8,4687.4,1,nan,0,nan,0,nan,0,nan,0,nan,0,nan,0,nan,0,nan,0
1597988424546285056,1597988424924000000,2020-08-21 13:40:24.924000,4687.8,4719.6,4680.0,4691.6,nan,4699.4,72231,101832584520.0,112926,4687.4,1,4687.2,3,nan,0,nan,0,nan,0,nan,0,nan,0,nan,0,nan,0,nan,0
1597988425052315904,1597988425424999936,2020-08-21 13:40:25.425000,4687.6,4719.6,4680.0,4691.6,nan,4699.4,72235,101838209580.0,112926,4688.0,1,4687.8,1,nan,0,nan,0,nan,0,nan,0,nan,0,nan,0,nan,0,nan,0
1597988425560058112,1597988425930000128,2020-08-21 13:40:25.930000,4688.2,4719.6,4680.0,4691.6,nan,4699.4,72240,101845241340.0,112926,4687.8,2,4687.6,1,nan,0,nan,0,nan,0,nan,0,nan,0,nan,0,nan,0,nan,0
1597988426116132096,1597988426431000064,2020-08-21 13:40:26.431000,4688.0,4719.6,4680.0,4691.6,nan,4699.4,72246,101853679500.0,112931,4688.2,7,4688.0,1,nan,0,nan,0,nan,0,nan,0,nan,0,nan,0,nan,0,nan,0
1597988426549191936,1597988426934000128,2020-08-21 13:40:26.934000,4688.0,4719.6,4680.0,4691.6,nan,4699.4,72247,101855085900.0,112931,4688.2,7,4687.8,2,nan,0,nan,0,nan,0,nan,0,nan,0,nan,0,nan,0,nan,0
1597988427042000896,1597988427434000128,2020-08-21 13:40:27.434000,4687.8,4719.6,4680.0,4691.6,nan,4699.4,72251,101860711260.0,112935,4687.8,1,4687.4,2,nan,0,nan,0,nan,0,nan,0,nan,0,nan,0,nan,0,nan,0
1597988427542390016,1597988427918999808,2020-08-21 13:40:27.919000,4687.8,4719.6,4680.0,4691.6,nan,4699.4,72256,101867743080.0,112935,4688.2,6,4687.8,3,nan,0,nan,0,nan,0,nan,0,nan,0,nan,0,nan,0,nan,0
1597988428040709888,1597988428412000000,2020-08-21 13:40:28.412000,4687.2,4719.6,4680.0,4691.6,nan,4699.4,72267,101883212040.0,112939,4687.2,2,4686.8,5,nan,0,nan,0,nan,0,nan,0,nan,0,nan,0,nan,0,nan,0
1597988428559542016,1597988428924999936,2020-08-21 13:40:28.925000,4687.2,4719.6,4680.0,4691.6,nan,4699.4,72271,101888836680.0,112941,4688.2,2,4687.8,1,nan,0,nan,0,nan,0,nan,0,nan,0,nan,0,nan,0,nan,0
1597988429079196928,1597988429424999936,2020-08-21 13:40:29.425000,4687.8,4719.6,4680.0,4691.6,nan,4699.4,72274,101893055940.0,112941,4688.4,1,4687.4,3,nan,0,nan,0,nan,0,nan,0,nan,0,nan,0,nan,0,nan,0
1597988429549196032,1597988429936999936,2020-08-21 13:40:29.937000,4687.4,4719.6,4680.0,4691.6,nan,4699.4,72277,101897274660.0,112942,4687.8,1,4687.4,4,nan,0,nan,0,nan,0,nan,0,nan,0,nan,0,nan,0,nan,0
1597988430043569920,1597988430434000128,2020-08-21 13:40:30.434000,4687.8,4719.6,4680.0,4691.6,nan,4699.4,72284,101907119160.0,112945,4688.4,2,4687.6,1,nan,0,nan,0,nan,0,nan,0,nan,0,nan,0,nan,0,nan,0
1597988430544030976,1597988430927000064,2020-08-21 13:40:30.927000,4688.4,4719.6,4680.0,4691.6,nan,4699.4,72286,101909932200.0,112946,4688.6,12,4687.8,3,nan,0,nan,0,nan,0,nan,0,nan,0,nan,0,nan,0,nan,0
1597988431044538112,1597988431431000064,2020-08-21 13:40:31.431000,4687.8,4719.6,4680.0,4691.6,nan,4699.4,72290,101915557860.0,112949,4688.6,12,4687.8,1,nan,0,nan,0,nan,0,nan,0,nan,0,nan,0,nan,0,nan,0
1597988431559889920,1597988431912000000,2020-08-21 13:40:31.912000,4687.8,4719.6,4680.0,4691.6,nan,4699.4,72291,101916964200.0,112949,4687.8,1,4687.6,1,nan,0,nan,0,nan,0,nan,0,nan,0,nan,0,nan,0,nan,0
1597988432078003968,1597988432428000000,2020-08-21 13:40:32.428000,4688.4,4719.6,4680.0,4691.6,nan,4699.4,72294,101921183640.0,112950,4688.6,12,4688.4,2,nan,0,nan,0,nan,0,nan,0,nan,0,nan,0,nan,0,nan,0
1597988432550604032,1597988432936999936,2020-08-21 13:40:32.937000,4688.6,4719.6,4680.0,4691.6,nan,4699.4,72307,101939469180.0,112954,4688.8,2,4688.4,3,nan,0,nan,0,nan,0,nan,0,nan,0,nan,0,nan,0,nan,0
1597988433088357120,1597988433437999872,2020-08-21 13:40:33.438000,4689.4,4719.6,4680.0,4691.6,nan,4699.4,72322,101960570160.0,112957,4689.4,1,4689.0,4,nan,0,nan,0,nan,0,nan,0,nan,0,nan,0,nan,0,nan,0
1597988433560839936,1597988433934000128,2020-08-21 13:40:33.934000,4689.0,4719.6,4680.0,4691.6,nan,4699.4,72328,101969011080.0,112960,4689.6,6,4688.6,2,nan,0,nan,0,nan,0,nan,0,nan,0,nan,0,nan,0,nan,0
1597988434058607104,1597988434405999872,2020-08-21 13:40:34.406000,4689.6,4719.6,4680.0,4691.6,nan,4699.4,72330,101971824840.0,112960,4689.6,5,4688.8,3,nan,0,nan,0,nan,0,nan,0,nan,0,nan,0,nan,0,nan,0
1597988434568634112,1597988434923000064,2020-08-21 13:40:34.923000,4689.6,4719.6,4680.0,4691.6,nan,4699.4,72339,101984486640.0,112960,4690.0,7,4689.0,3,nan,0,nan,0,nan,0,nan,0,nan,0,nan,0,nan,0,nan,0
1597988435077773056,1597988435428999936,2020-08-21 13:40:35.429000,4689.6,4719.6,4680.0,4691.6,nan,4699.4,72348,101997149400.0,112962,4689.6,1,4689.2,1,nan,0,nan,0,nan,0,nan,0,nan,0,nan,0,nan,0,nan,0
1597988435554585088,1597988435910000128,2020-08-21 13:40:35.910000,4689.6,4719.6,4680.0,4691.6,nan,4699.4,72361,102015440580.0,112969,4691.0,1,4689.6,1,nan,0,nan,0,nan,0,nan,0,nan,0,nan,0,nan,0,nan,0
1597988436102425088,1597988436435000064,2020-08-21 13:40:36.435000,4690.0,4719.6,4680.0,4691.6,nan,4699.4,72364,102019661880.0,112968,4690.8,2,4689.8,2,nan,0,nan,0,nan,0,nan,0,nan,0,nan,0,nan,0,nan,0
1597988436569323008,1597988436894000128,2020-08-21 13:40:36.894000,4690.8,4719.6,4680.0,4691.6,nan,4699.4,72369,102026697480.0,112972,4690.8,1,4690.0,1,nan,0,nan,0,nan,0,nan,0,nan,0,nan,0,nan,0,nan,0
1597988437075410944,1597988437357000192,2020-08-21 13:40:37.357000,4690.4,4719.6,4680.0,4691.6,nan,4699.4,72376,102036548820.0,112976,4691.0,1,4690.0,1,nan,0,nan,0,nan,0,nan,0,nan,0,nan,0,nan,0,nan,0
1597988437563505920,1597988437937999872,2020-08-21 13:40:37.938000,4691.0,4719.6,4680.0,4691.6,nan,4699.4,72378,102039363420.0,112977,4691.4,1,4691.0,6,nan,0,nan,0,nan,0,nan,0,nan,0,nan,0,nan,0,nan,0
1597988438083137024,1597988438430000128,2020-08-21 13:40:38.430000,4691.2,4719.6,4680.0,4691.6,nan,4699.4,72383,102046400400.0,112980,4691.8,2,4691.0,7,nan,0,nan,0,nan,0,nan,0,nan,0,nan,0,nan,0,nan,0
1597988438569168896,1597988438938999808,2020-08-21 13:40:38.939000,4692.4,4719.6,4680.0,4691.6,nan,4699.4,72389,102054845940.0,112985,4691.6,1,4691.2,1,nan,0,nan,0,nan,0,nan,0,nan,0,nan,0,nan,0,nan,0
1597988439073032960,1597988439433000192,2020-08-21 13:40:39.433000,4692.2,4719.6,4680.0,4691.6,nan,4699.4,72391,102057661140.0,112985,4692.2,1,4691.6,1,nan,0,nan,0,nan,0,nan,0,nan,0,nan,0,nan,0,nan,0
1597988439566507008,1597988439926000128,2020-08-21 13:40:39.926000,4692.2,4719.6,4680.0,4691.6,nan,4699.4,72392,102059068800.0,112986,4692.2,2,4691.8,1,nan,0,nan,0,nan,0,nan,0,nan,0,nan,0,nan,0,nan,0
1597988440067223040,1597988440408000000,2020-08-21 13:40:40.408000,4691.6,4719.6,4680.0,4691.6,nan,4699.4,72396,102064699140.0,112987,4692.4,1,4691.6,1,nan,0,nan,0,nan,0,nan,0,nan,0,nan,0,nan,0,nan,0
1597988440581671936,1597988440938999808,2020-08-21 13:40:40.939000,4691.6,4719.6,4680.0,4691.6,nan,4699.4,72396,102064699140.0,112987,4692.0,1,4691.6,2,nan,0,nan,0,nan,0,nan,0,nan,0,nan,0,nan,0,nan,0
1597988441074597888,1597988441420999936,2020-08-21 13:40:41.421000,4691.6,4719.6,4680.0,4691.6,nan,4699.4,72400,102070329120.0,112988,4691.8,1,4691.6,4,nan,0,nan,0,nan,0,nan,0,nan,0,nan,0,nan,0,nan,0
1597988441568517120,1597988441924000000,2020-08-21 13:40:41.924000,4691.6,4719.6,4680.0,4691.6,nan,4699.4,72406,102078774000.0,112989,4691.6,3,4691.0,8,nan,0,nan,0,nan,0,nan,0,nan,0,nan,0,nan,0,nan,0
1597988442076510976,1597988442428000000,2020-08-21 13:40:42.428000,4691.6,4719.6,4680.0,4691.6,nan,4699.4,72407,102080181480.0,112990,4691.4,2,4691.0,7,nan,0,nan,0,nan,0,nan,0,nan,0,nan,0,nan,0,nan,0
1597988442566159104,1597988442924000000,2020-08-21 13:40:42.924000,4691.6,4719.6,4680.0,4691.6,nan,4699.4,72408,102081588960.0,112991,4691.2,1,4691.0,8,nan,0,nan,0,nan,0,nan,0,nan,0,nan,0,nan,0,nan,0
1597988443084349952,1597988443434000128,2020-08-21 13:40:43.434000,4691.2,4719.6,4680.0,4691.6,nan,4699.4,72409,102082996320.0,112992,4691.4,1,4691.0,11,nan,0,nan,0,nan,0,nan,0,nan,0,nan,0,nan,0,nan,0
1597988443553347072,1597988443938999808,2020-08-21 13:40:43.939000,4691.4,4719.6,4680.0,4691.6,nan,4699.4,72411,102085811160.0,112993,4691.6,10,4691.2,6,nan,0,nan,0,nan,0,nan,0,nan,0,nan,0,nan,0,nan,0
1597988444088672000,1597988444435000064,2020-08-21 13:40:44.435000,4692.0,4719.6,4680.0,4691.6,nan,4699.4,72427,102108331440.0,112999,4692.4,1,4692.0,6,nan,0,nan,0,nan,0,nan,0,nan,0,nan,0,nan,0,nan,0
1597988444567727104,1597988444905999872,2020-08-21 13:40:44.906000,4692.2,4719.6,4680.0,4691.6,nan,4699.4,72430,102112554480.0,113001,4692.4,1,4692.0,7,nan,0,nan,0,nan,0,nan,0,nan,0,nan,0,nan,0,nan,0
1597988445063067904,1597988445427000064,2020-08-21 13:40:45.427000,4692.6,4719.6,4680.0,4691.6,nan,4699.4,72432,102115370040.0,113002,4692.8,2,4692.4,1,nan,0,nan,0,nan,0,nan,0,nan,0,nan,0,nan,0,nan,0
1597988445578191104,1597988445926000128,2020-08-21 13:40:45.926000,4692.2,4719.6,4680.0,4691.6,nan,4699.4,72435,102119593260.0,113004,4692.8,1,4692.2,4,nan,0,nan,0,nan,0,nan,0,nan,0,nan,0,nan,0,nan,0
1597988446085790976,1597988446435000064,2020-08-21 13:40:46.435000,4693.0,4719.6,4680.0,4691.6,nan,4699.4,72441,102128040240.0,113008,4692.6,1,4692.4,1,nan,0,nan,0,nan,0,nan,0,nan,0,nan,0,nan,0,nan,0
1597988446559795968,1597988446924999936,2020-08-21 13:40:46.925000,4692.2,4719.6,4680.0,4691.6,nan,4699.4,72446,102135078840.0,113007,4692.4,6,4692.2,2,nan,0,nan,0,nan,0,nan,0,nan,0,nan,0,nan,0,nan,0
1597988447078196992,1597988447360999936,2020-08-21 13:40:47.361000,4693.0,4719.6,4680.0,4691.6,nan,4699.4,72460,102154787460.0,113013,4693.0,2,4692.8,1,nan,0,nan,0,nan,0,nan,0,nan,0,nan,0,nan,0,nan,0
1597988447573419008,1597988447936999936,2020-08-21 13:40:47.937000,4692.2,4719.6,4680.0,4691.6,nan,4699.4,72464,102160418520.0,113014,4692.8,4,4692.2,1,nan,0,nan,0,nan,0,nan,0,nan,0,nan,0,nan,0,nan,0
1597988448080112896,1597988448424999936,2020-08-21 13:40:48.425000,4692.2,4719.6,4680.0,4691.6,nan,4699.4,72465,102161826180.0,113014,4692.8,5,4692.2,3,nan,0,nan,0,nan,0,nan,0,nan,0,nan,0,nan,0,nan,0
1597988448565651968,1597988448924999936,2020-08-21 13:40:48.925000,4692.2,4719.6,4680.0,4691.6,nan,4699.4,72466,102163233840.0,113015,4692.4,1,4692.2,2,nan,0,nan,0,nan,0,nan,0,nan,0,nan,0,nan,0,nan,0
1597988449058617088,1597988449431000064,2020-08-21 13:40:49.431000,4692.4,4719.6,4680.0,4691.6,nan,4699.4,72470,102168864540.0,113016,4692.4,1,4692.0,8,nan,0,nan,0,nan,0,nan,0,nan,0,nan,0,nan,0,nan,0
1597988449556105984,1597988449894000128,2020-08-21 13:40:49.894000,4692.0,4719.6,4680.0,4691.6,nan,4699.4,72473,102173087460.0,113017,4692.2,2,4692.0,6,nan,0,nan,0,nan,0,nan,0,nan,0,nan,0,nan,0,nan,0
1597988450072473088,1597988450418999808,2020-08-21 13:40:50.419000,4692.2,4719.6,4680.0,4691.6,nan,4699.4,72477,102178717920.0,113021,4692.2,1,4692.0,3,nan,0,nan,0,nan,0,nan,0,nan,0,nan,0,nan,0,nan,0
1597988450562042112,1597988450928000000,2020-08-21 13:40:50.928000,4692.2,4719.6,4680.0,4691.6,nan,4699.4,72481,102184348380.0,113024,4691.6,1,4691.4,4,nan,0,nan,0,nan,0,nan,0,nan,0,nan,0,nan,0,nan,0
1597988451081008896,1597988451423000064,2020-08-21 13:40:51.423000,4691.4,4719.6,4680.0,4691.6,nan,4699.4,72483,102187163280.0,113026,4692.4,1,4692.2,2,nan,0,nan,0,nan,0,nan,0,nan,0,nan,0,nan,0,nan,0
1597988451564922112,1597988451933000192,2020-08-21 13:40:51.933000,4692.2,4719.6,4680.0,4691.6,nan,4699.4,72486,102191386260.0,113028,4692.2,10,4691.4,3,nan,0,nan,0,nan,0,nan,0,nan,0,nan,0,nan,0,nan,0
1597988452070385920,1597988452424999936,2020-08-21 13:40:52.425000,4691.4,4719.6,4680.0,4691.6,nan,4699.4,72489,102195608520.0,113031,4692.2,5,4691.2,6,nan,0,nan,0,nan,0,nan,0,nan,0,nan,0,nan,0,nan,0
1597988452558839040,1597988452930000128,2020-08-21 13:40:52.930000,4691.4,4719.6,4680.0,4691.6,nan,4699.4,72490,102197015940.0,113032,4692.0,1,4691.2,6,nan,0,nan,0,nan,0,nan,0,nan,0,nan,0,nan,0,nan,0
1597988453078545920,1597988453424999936,2020-08-21 13:40:53.425000,4691.6,4719.6,4680.0,4691.6,nan,4699.4,72494,102202646160.0,113034,4692.0,1,4691.4,1,nan,0,nan,0,nan,0,nan,0,nan,0,nan,0,nan,0,nan,0
1597988453565315072,1597988453932000000,2020-08-21 13:40:53.932000,4692.2,4719.6,4680.0,4691.6,nan,4699.4,72498,102208276020.0,113036,4692.0,1,4691.2,5,nan,0,nan,0,nan,0,nan,0,nan,0,nan,0,nan,0,nan,0
1597988454077360128,1597988454428000000,2020-08-21 13:40:54.428000,4692.2,4719.6,4680.0,4691.6,nan,4699.4,72498,102208276020.0,113036,4692.0,6,4691.2,5,nan,0,nan,0,nan,0,nan,0,nan,0,nan,0,nan,0,nan,0
1597988454559939072,1597988454931000064,2020-08-21 13:40:54.931000,4691.4,4719.6,4680.0,4691.6,nan,4699.4,72501,102212498160.0,113036,4691.4,1,4691.2,3,nan,0,nan,0,nan,0,nan,0,nan,0,nan,0,nan,0,nan,0
1597988455059638016,1597988455435000064,2020-08-21 13:40:55.435000,4691.8,4719.6,4680.0,4691.6,nan,4699.4,72509,102223757580.0,113044,4691.8,1,4691.0,4,nan,0,nan,0,nan,0,nan,0,nan,0,nan,0,nan,0,nan,0
1597988455557670912,1597988455936999936,2020-08-21 13:40:55.937000,4691.6,4719.6,4680.0,4691.6,nan,4699.4,72517,102235016700.0,113050,4691.8,2,4690.8,1,nan,0,nan,0,nan,0,nan,0,nan,0,nan,0,nan,0,nan,0
1597988456078466048,1597988456432000000,2020-08-21 13:40:56.432000,4691.6,4719.6,4680.0,4691.6,nan,4699.4,72517,102235016700.0,113050,4691.6,2,4690.8,1,nan,0,nan,0,nan,0,nan,0,nan,0,nan,0,nan,0,nan,0
1597988456572788992,1597988456905999872,2020-08-21 13:40:56.906000,4691.6,4719.6,4680.0,4691.6,nan,4699.4,72517,102235016700.0,113050,4691.6,2,4690.8,2,nan,0,nan,0,nan,0,nan,0,nan,0,nan,0,nan,0,nan,0
1597988457077170944,1597988457434000128,2020-08-21 13:40:57.434000,4691.6,4719.6,4680.0,4691.6,nan,4699.4,72521,102240646200.0,113054,4691.6,1,4691.0,1,nan,0,nan,0,nan,0,nan,0,nan,0,nan,0,nan,0,nan,0
1597988457558171904,1597988457931000064,2020-08-21 13:40:57.931000,4691.0,4719.6,4680.0,4691.6,nan,4699.4,72522,102242053500.0,113054,4691.6,2,4690.8,3,nan,0,nan,0,nan,0,nan,0,nan,0,nan,0,nan,0,nan,0
1597988458060484096,1597988458434000128,2020-08-21 13:40:58.434000,4691.0,4719.6,4680.0,4691.6,nan,4699.4,72522,102242053500.0,113054,4691.6,1,4690.8,3,nan,0,nan,0,nan,0,nan,0,nan,0,nan,0,nan,0,nan,0
1597988458554140928,1597988458926000128,2020-08-21 13:40:58.926000,4691.6,4719.6,4680.0,4691.6,nan,4699.4,72523,102243460980.0,113055,4691.6,4,4691.0,1,nan,0,nan,0,nan,0,nan,0,nan,0,nan,0,nan,0,nan,0
1597988459079148032,1597988459404000000,2020-08-21 13:40:59.404000,4691.6,4719.6,4680.0,4691.6,nan,4699.4,72525,102246275940.0,113057,4691.6,2,4691.0,1,nan,0,nan,0,nan,0,nan,0,nan,0,nan,0,nan,0,nan,0
1597988459560294912,1597988459904000000,2020-08-21 13:40:59.904000,4691.2,4719.6,4680.0,4691.6,nan,4699.4,72526,102247683300.0,113058,4691.6,2,4691.2,1,nan,0,nan,0,nan,0,nan,0,nan,0,nan,0,nan,0,nan,0
1597988460059480064,1597988460424999936,2020-08-21 13:41:00.425000,4691.6,4719.6,4680.0,4691.6,nan,4699.4,72531,102254720700.0,113063,4691.8,1,4691.6,16,nan,0,nan,0,nan,0,nan,0,nan,0,nan,0,nan,0,nan,0
1597988460560272896,1597988460937999872,2020-08-21 13:41:00.938000,4691.8,4719.6,4680.0,4691.6,nan,4699.4,72534,102258943320.0,113066,4692.0,7,4691.6,17,nan,0,nan,0,nan,0,nan,0,nan,0,nan,0,nan,0,nan,0
1597988461059203072,1597988461427000064,2020-08-21 13:41:01.427000,4692.0,4719.6,4680.0,4691.6,nan,4699.4,72538,102264573540.0,113067,4692.0,6,4691.6,16,nan,0,nan,0,nan,0,nan,0,nan,0,nan,0,nan,0,nan,0
1597988461566464000,1597988461891000064,2020-08-21 13:41:01.891000,4692.0,4719.6,4680.0,4691.6,nan,4699.4,72540,102267388740.0,113068,4692.0,4,4691.8,3,nan,0,nan,0,nan,0,nan,0,nan,0,nan,0,nan,0,nan,0
1597988462082099968,1597988462420999936,2020-08-21 13:41:02.421000,4692.4,4719.6,4680.0,4691.6,nan,4699.4,72549,102280057320.0,113075,4692.6,1,4692.0,3,nan,0,nan,0,nan,0,nan,0,nan,0,nan,0,nan,0,nan,0
1597988462576544000,1597988462911000064,2020-08-21 13:41:02.911000,4692.4,4719.6,4680.0,4691.6,nan,4699.4,72551,102282872640.0,113076,4692.4,1,4692.2,1,nan,0,nan,0,nan,0,nan,0,nan,0,nan,0,nan,0,nan,0
1597988463080779008,1597988463430000128,2020-08-21 13:41:03.430000,4692.6,4719.6,4680.0,4691.6,nan,4699.4,72554,102287095860.0,113079,4692.8,6,4692.4,3,nan,0,nan,0,nan,0,nan,0,nan,0,nan,0,nan,0,nan,0
1597988463577859072,1597988463935000064,2020-08-21 13:41:03.935000,4692.6,4719.6,4680.0,4691.6,nan,4699.4,72556,102289911420.0,113080,4692.8,6,4692.4,5,nan,0,nan,0,nan,0,nan,0,nan,0,nan,0,nan,0,nan,0
1597988464073872896,1597988464432000000,2020-08-21 13:41:04.432000,4692.8,4719.6,4680.0,4691.6,nan,4699.4,72559,102294134880.0,113083,4692.8,6,4692.4,6,nan,0,nan,0,nan,0,nan,0,nan,0,nan,0,nan,0,nan,0
1597988464562533120,1597988464926000128,2020-08-21 13:41:04.926000,4692.8,4719.6,4680.0,4691.6,nan,4699.4,72561,102296950560.0,113083,4692.6,1,4692.4,6,nan,0,nan,0,nan,0,nan,0,nan,0,nan,0,nan,0,nan,0
1597988465088335104,1597988465426000128,2020-08-21 13:41:05.426000,4692.6,4719.6,4680.0,4691.6,nan,4699.4,72564,102301173780.0,113086,4692.8,5,4692.6,4,nan,0,nan,0,nan,0,nan,0,nan,0,nan,0,nan,0,nan,0
1597988465574141952,1597988465921999872,2020-08-21 13:41:05.922000,4692.6,4719.6,4680.0,4691.6,nan,4699.4,72579,102322290240.0,113096,4692.6,3,4692.2,2,nan,0,nan,0,nan,0,nan,0,nan,0,nan,0,nan,0,nan,0
1597988466080078080,1597988466433000192,2020-08-21 13:41:06.433000,4692.2,4719.6,4680.0,4691.6,nan,4699.4,72585,102330736140.0,113100,4692.2,1,4692.0,5,nan,0,nan,0,nan,0,nan,0,nan,0,nan,0,nan,0,nan,0
1597988466558896128,1597988466938999808,2020-08-21 13:41:06.939000,4692.2,4719.6,4680.0,4691.6,nan,4699.4,72591,102339181800.0,113105,4692.4,1,4691.8,2,nan,0,nan,0,nan,0,nan,0,nan,0,nan,0,nan,0,nan,0
1597988467063226880,1597988467434000128,2020-08-21 13:41:07.434000,4692.4,4719.6,4680.0,4691.6,nan,4699.4,72594,102343404600.0,113107,4692.2,1,4691.6,16,nan,0,nan,0,nan,0,nan,0,nan,0,nan,0,nan,0,nan,0
1597988467570590976,1597988467888999936,2020-08-21 13:41:07.889000,4692.2,4719.6,4680.0,4691.6,nan,4699.4,72596,102346219800.0,113107,4692.2,4,4692.0,1,nan,0,nan,0,nan,0,nan,0,nan,0,nan,0,nan,0,nan,0
1597988468080154880,1597988468428000000,2020-08-21 13:41:08.428000,4692.2,4719.6,4680.0,4691.6,nan,4699.4,72600,102351850440.0,113111,4692.6,3,4692.4,1,nan,0,nan,0,nan,0,nan,0,nan,0,nan,0,nan,0,nan,0
1597988468564050944,1597988468913000192,2020-08-21 13:41:08.913000,4692.0,4719.6,4680.0,4691.6,nan,4699.4,72602,102354665700.0,113111,4692.6,6,4691.6,16,nan,0,nan,0,nan,0,nan,0,nan,0,nan,0,nan,0,nan,0
1597988469079748096,1597988469435000064,2020-08-21 13:41:09.435000,4692.0,4719.6,4680.0,4691.6,nan,4699.4,72602,102354665700.0,113111,4692.6,6,4691.8,1,nan,0,nan,0,nan,0,nan,0,nan,0,nan,0,nan,0,nan,0
1597988470070382080,1597988470438999808,2020-08-21 13:41:10.439000,4692.6,4719.6,4680.0,4691.6,nan,4699.4,72603,102356073480.0,113112,4692.6,5,4691.8,1,nan,0,nan,0,nan,0,nan,0,nan,0,nan,0,nan,0,nan,0
1597988470569524992,1597988470926000128,2020-08-21 13:41:10.926000,4692.6,4719.6,4680.0,4691.6,nan,4699.3,72604,102357481260.0,113113,4692.4,1,4691.8,2,nan,0,nan,0,nan,0,nan,0,nan,0,nan,0,nan,0,nan,0
1597988471079791104,1597988471436000000,2020-08-21 13:41:11.436000,4692.0,4719.6,4680.0,4691.6,nan,4699.3,72605,102358888860.0,113114,4692.2,1,4692.0,1,nan,0,nan,0,nan,0,nan,0,nan,0,nan,0,nan,0,nan,0
1597988472080741888,1597988472436999936,2020-08-21 13:41:12.437000,4692.0,4719.6,4680.0,4691.6,nan,4699.3,72606,102360296460.0,113114,4692.0,2,4691.8,2,nan,0,nan,0,nan,0,nan,0,nan,0,nan,0,nan,0,nan,0
1597988472567019008,1597988472932000000,2020-08-21 13:41:12.932000,4692.0,4719.6,4680.0,4691.6,nan,4699.3,72606,102360296460.0,113114,4692.0,2,4691.8,2,nan,0,nan,0,nan,0,nan,0,nan,0,nan,0,nan,0,nan,0
1597988473062544896,1597988473436000000,2020-08-21 13:41:13.436000,4691.8,4719.6,4680.0,4691.6,nan,4699.3,72607,102361704000.0,113113,4692.0,6,4691.8,1,nan,0,nan,0,nan,0,nan,0,nan,0,nan,0,nan,0,nan,0
1597988473566688000,1597988473928999936,2020-08-21 13:41:13.929000,4691.6,4719.6,4680.0,4691.6,nan,4699.3,72610,102365926500.0,113113,4692.0,6,4691.6,14,nan,0,nan,0,nan,0,nan,0,nan,0,nan,0,nan,0,nan,0
1597988474075844096,1597988474404000000,2020-08-21 13:41:14.404000,4691.6,4719.6,4680.0,4691.6,nan,4699.3,72612,102368741460.0,113113,4692.0,8,4691.6,12,nan,0,nan,0,nan,0,nan,0,nan,0,nan,0,nan,0,nan,0
1597988474563184128,1597988474933000192,2020-08-21 13:41:14.933000,4691.8,4719.6,4680.0,4691.6,nan,4699.3,72629,102392668800.0,113117,4692.0,8,4691.4,1,nan,0,nan,0,nan,0,nan,0,nan,0,nan,0,nan,0,nan,0
1597988475087614976,1597988475437999872,2020-08-21 13:41:15.438000,4691.0,4719.6,4680.0,4691.6,nan,4699.3,72632,102396890880.0,113119,4691.6,3,4691.0,1,nan,0,nan,0,nan,0,nan,0,nan,0,nan,0,nan,0,nan,0
1597988475577020928,1597988475930000128,2020-08-21 13:41:15.930000,4691.6,4719.6,4680.0,4691.6,nan,4699.3,72634,102399705660.0,113120,4691.6,1,4690.8,3,nan,0,nan,0,nan,0,nan,0,nan,0,nan,0,nan,0,nan,0
1597988476081552896,1597988476435000064,2020-08-21 13:41:16.435000,4691.6,4719.6,4680.0,4691.6,nan,4699.3,72634,102399705660.0,113120,4691.8,6,4691.6,2,nan,0,nan,0,nan,0,nan,0,nan,0,nan,0,nan,0,nan,0
1597988476573971968,1597988476928000000,2020-08-21 13:41:16.928000,4691.8,4719.6,4680.0,4691.6,nan,4699.3,72638,102405335700.0,113123,4691.8,2,4691.2,1,nan,0,nan,0,nan,0,nan,0,nan,0,nan,0,nan,0,nan,0
1597988477080651008,1597988477436000000,2020-08-21 13:41:17.436000,4691.4,4719.6,4680.0,4691.6,nan,4699.3,72646,102416595600.0,113130,4692.0,7,4691.2,1,nan,0,nan,0,nan,0,nan,0,nan,0,nan,0,nan,0,nan,0
1597988477572791040,1597988477934000128,2020-08-21 13:41:17.934000,4691.4,4719.6,4680.0,4691.6,nan,4699.3,72646,102416595600.0,113130,4692.0,7,4691.2,1,nan,0,nan,0,nan,0,nan,0,nan,0,nan,0,nan,0,nan,0
1597988478080771072,1597988478432000000,2020-08-21 13:41:18.432000,4691.4,4719.6,4680.0,4691.6,nan,4699.3,72646,102416595600.0,113130,4692.0,7,4691.8,1,nan,0,nan,0,nan,0,nan,0,nan,0,nan,0,nan,0,nan,0
1597988478575243008,1597988478927000064,2020-08-21 13:41:18.927000,4691.8,4719.6,4680.0,4691.6,nan,4699.3,72648,102419410680.0,113132,4691.8,1,4691.2,1,nan,0,nan,0,nan,0,nan,0,nan,0,nan,0,nan,0,nan,0
1597988479072633088,1597988479433000192,2020-08-21 13:41:19.433000,4691.8,4719.6,4680.0,4691.6,nan,4699.3,72648,102419410680.0,113132,4691.8,2,4691.2,3,nan,0,nan,0,nan,0,nan,0,nan,0,nan,0,nan,0,nan,0
1597988479574629888,1597988479936000000,2020-08-21 13:41:19.936000,4691.8,4719.6,4680.0,4691.6,nan,4699.3,72648,102419410680.0,113132,4691.8,1,4691.4,1,nan,0,nan,0,nan,0,nan,0,nan,0,nan,0,nan,0,nan,0
1597988480077209088,1597988480416999936,2020-08-21 13:41:20.417000,4691.8,4719.6,4680.0,4691.6,nan,4699.3,72649,102420818220.0,113132,4692.0,9,4691.4,1,nan,0,nan,0,nan,0,nan,0,nan,0,nan,0,nan,0,nan,0
