local_nano_time,quote_nano_time,datetime,last_price,highest,lowest,open,close,average,volume,amount,open_interest,ask_price1,ask_volume1,bid_price1,bid_volume1,ask_price2,ask_volume2,bid_price2,bid_volume2,ask_price3,ask_volume3,bid_price3,bid_volume3,ask_price4,ask_volume4,bid_price4,bid_volume4,ask_price5,ask_volume5,bid_price5,bid_volume5
1597988230112525056,1597988230000000000,2020-08-21 13:37:10.000000,6540.0,6605.8,6523.0,6540.0,nan,6563.5,83498,109607850200.0,116075,6540.8,2,6540.4,2,nan,0,nan,0,nan,0,nan,0,nan,0,nan,0,nan,0,nan,0
1597988230537775104,1597988230500000000,2020-08-21 13:37:10.500000,6539.2,6605.8,6523.0,6540.0,nan,6563.5,83500,109610465920.0,116074,6540.2,3,6539.0,3,nan,0,nan,0,nan,0,nan,0,nan,0,nan,0,nan,0,nan,0
1597988231037544960,1597988231000000000,2020-08-21 13:37:11.000000,6539.8,6605.8,6523.0,6540.0,nan,6563.5,83502,109613081840.0,116075,6540.2,1,6540.0,2,nan,0,nan,0,nan,0,nan,0,nan,0,nan,0,nan,0,nan,0
1597988231531106048,1597988231500000000,2020-08-21 13:37:11.500000,6540.0,6605.8,6523.0,6540.0,nan,6563.5,83506,109618313680.0,116079,6539.8,1,6539.0,1,nan,0,nan,0,nan,0,nan,0,nan,0,nan,0,nan,0,nan,0
1597988232031219968,1597988232000000000,2020-08-21 13:37:12.000000,6538.8,6605.8,6523.0,6540.0,nan,6563.5,83507,109619621440.0,116080,6540.0,1,6538.8,2,nan,0,nan,0,nan,0,nan,0,nan,0,nan,0,nan,0,nan,0
1597988232530961920,1597988232500000000,2020-08-21 13:37:12.500000,6539.0,6605.8,6523.0,6540.0,nan,6563.5,83508,109620929240.0,116081,6539.0,1,6538.8,2,nan,0,nan,0,nan,0,nan,0,nan,0,nan,0,nan,0,nan,0
1597988233031034880,1597988233000000000,2020-08-21 13:37:13.000000,6539.8,6605.8,6523.0,6540.0,nan,6563.5,83514,109628776280.0,116084,6540.0,1,6539.8,1,nan,0,nan,0,nan,0,nan,0,nan,0,nan,0,nan,0,nan,0
1597988233531581952,1597988233500000000,2020-08-21 13:37:13.500000,6539.8,6605.8,6523.0,6540.0,nan,6563.5,83515,109630084240.0,116085,6540.0,2,6539.8,2,nan,0,nan,0,nan,0,nan,0,nan,0,nan,0,nan,0,nan,0
1597988234033143040,1597988234000000000,2020-08-21 13:37:14.000000,6539.8,6605.8,6523.0,6540.0,nan,6563.5,83515,109630084240.0,116085,6540.0,2,6539.8,2,nan,0,nan,0,nan,0,nan,0,nan,0,nan,0,nan,0,nan,0
1597988234535495936,1597988234500000000,2020-08-21 13:37:14.500000,6540.0,6605.8,6523.0,6540.0,nan,6563.5,83517,109632700240.0,116087,6540.8,1,6540.0,1,nan,0,nan,0,nan,0,nan,0,nan,0,nan,0,nan,0,nan,0
1597988235028904960,1597988235000000000,2020-08-21 13:37:15.000000,6541.0,6605.8,6523.0,6540.0,nan,6563.5,83520,109636624600.0,116090,6541.0,4,6540.0,1,nan,0,nan,0,nan,0,nan,0,nan,0,nan,0,nan,0,nan,0
1597988235531334912,1597988235500000000,2020-08-21 13:37:15.500000,6540.8,6605.8,6523.0,6540.0,nan,6563.5,83522,109639240800.0,116091,6541.0,4,6540.0,1,nan,0,nan,0,nan,0,nan,0,nan,0,nan,0,nan,0,nan,0
1597988236034195968,1597988236000000000,2020-08-21 13:37:16.000000,6540.0,6605.8,6523.0,6540.0,nan,6563.5,83523,109640548800.0,116092,6541.0,4,6539.8,2,nan,0,nan,0,nan,0,nan,0,nan,0,nan,0,nan,0,nan,0
1597988236552260096,1597988236500000000,2020-08-21 13:37:16.500000,6540.0,6605.8,6523.0,6540.0,nan,6563.5,83523,109640548800.0,116092,6540.0,2,6539.8,2,nan,0,nan,0,nan,0,nan,0,nan,0,nan,0,nan,0,nan,0
1597988237037357056,1597988237000000000,2020-08-21 13:37:17.000000,6538.6,6605.8,6523.0,6540.0,nan,6563.5,83528,109647088000.0,116097,6538.2,3,6538.0,5,nan,0,nan,0,nan,0,nan,0,nan,0,nan,0,nan,0,nan,0
1597988237542081024,1597988237500000000,2020-08-21 13:37:17.500000,6538.0,6605.8,6523.0,6540.0,nan,6563.5,83537,109658856400.0,116099,6538.0,2,6537.8,1,nan,0,nan,0,nan,0,nan,0,nan,0,nan,0,nan,0,nan,0
1597988238041298944,1597988238000000000,2020-08-21 13:37:18.000000,6538.0,6605.8,6523.0,6540.0,nan,6563.5,83544,109668009560.0,116104,6539.6,5,6538.6,1,nan,0,nan,0,nan,0,nan,0,nan,0,nan,0,nan,0,nan,0
1597988238538572032,1597988238500000000,2020-08-21 13:37:18.500000,6538.0,6605.8,6523.0,6540.0,nan,6563.5,83547,109671932480.0,116102,6538.0,1,6537.4,3,nan,0,nan,0,nan,0,nan,0,nan,0,nan,0,nan,0,nan,0
1597988239038829056,1597988239000000000,2020-08-21 13:37:19.000000,6538.0,6605.8,6523.0,6540.0,nan,6563.5,83548,109673240080.0,116103,6538.6,1,6537.4,5,nan,0,nan,0,nan,0,nan,0,nan,0,nan,0,nan,0,nan,0
1597988239550375936,1597988239500000000,2020-08-21 13:37:19.500000,6537.8,6605.8,6523.0,6540.0,nan,6563.5,83550,109675855360.0,116105,6539.2,1,6537.6,1,nan,0,nan,0,nan,0,nan,0,nan,0,nan,0,nan,0,nan,0
1597988240040492032,1597988240000000000,2020-08-21 13:37:20.000000,6537.8,6605.8,6523.0,6540.0,nan,6563.5,83552,109678470480.0,116107,6538.6,2,6537.6,1,nan,0,nan,0,nan,0,nan,0,nan,0,nan,0,nan,0,nan,0
1597988240539983872,1597988240500000000,2020-08-21 13:37:20.500000,6537.8,6605.8,6523.0,6540.0,nan,6563.5,83552,109678470480.0,116107,6538.2,1,6537.6,1,nan,0,nan,0,nan,0,nan,0,nan,0,nan,0,nan,0,nan,0
1597988241076713984,1597988241000000000,2020-08-21 13:37:21.000000,6537.6,6605.8,6523.0,6540.0,nan,6563.5,83559,109687622960.0,116109,6538.0,1,6537.4,1,nan,0,nan,0,nan,0,nan,0,nan,0,nan,0,nan,0,nan,0
1597988241547124992,1597988241500000000,2020-08-21 13:37:21.500000,6537.0,6605.8,6523.0,6540.0,nan,6563.5,83565,109695467600.0,116113,6537.0,1,6536.6,2,nan,0,nan,0,nan,0,nan,0,nan,0,nan,0,nan,0,nan,0
1597988242051471104,1597988242000000000,2020-08-21 13:37:22.000000,6538.0,6605.8,6523.0,6540.0,nan,6563.5,83566,109696775200.0,116113,6538.0,1,6537.8,1,nan,0,nan,0,nan,0,nan,0,nan,0,nan,0,nan,0,nan,0
1597988242555311104,1597988242500000000,2020-08-21 13:37:22.500000,6536.6,6605.8,6523.0,6540.0,nan,6563.5,83569,109700697480.0,116115,6537.2,1,6536.6,1,nan,0,nan,0,nan,0,nan,0,nan,0,nan,0,nan,0,nan,0
1597988243081612032,1597988243000000000,2020-08-21 13:37:23.000000,6536.6,6605.8,6523.0,6540.0,nan,6563.5,83569,109700697480.0,116115,6537.2,2,6536.6,1,nan,0,nan,0,nan,0,nan,0,nan,0,nan,0,nan,0,nan,0
1597988243549484032,1597988243500000000,2020-08-21 13:37:23.500000,6536.6,6605.8,6523.0,6540.0,nan,6563.5,83569,109700697480.0,116115,6537.0,2,6536.6,1,nan,0,nan,0,nan,0,nan,0,nan,0,nan,0,nan,0,nan,0
1597988244076410880,1597988244000000000,2020-08-21 13:37:24.000000,6536.0,6605.8,6523.0,6540.0,nan,6563.5,83573,109705926800.0,116118,6537.2,2,6535.4,4,nan,0,nan,0,nan,0,nan,0,nan,0,nan,0,nan,0,nan,0
1597988244542240000,1597988244500000000,2020-08-21 13:37:24.500000,6537.2,6605.8,6523.0,6540.0,nan,6563.5,83576,109709848920.0,116118,6537.6,1,6536.6,4,nan,0,nan,0,nan,0,nan,0,nan,0,nan,0,nan,0,nan,0
1597988245051379968,1597988245000000000,2020-08-21 13:37:25.000000,6536.6,6605.8,6523.0,6540.0,nan,6563.5,83581,109716386200.0,116121,6537.4,1,6536.6,2,nan,0,nan,0,nan,0,nan,0,nan,0,nan,0,nan,0,nan,0
1597988245540518912,1597988245500000000,2020-08-21 13:37:25.500000,6536.6,6605.8,6523.0,6540.0,nan,6563.5,83584,109720308320.0,116123,6537.8,2,6536.0,1,nan,0,nan,0,nan,0,nan,0,nan,0,nan,0,nan,0,nan,0
1597988246049647104,1597988246000000000,2020-08-21 13:37:26.000000,6536.2,6605.8,6523.0,6540.0,nan,6563.5,83585,109721615560.0,116123,6536.4,5,6536.2,1,nan,0,nan,0,nan,0,nan,0,nan,0,nan,0,nan,0,nan,0
1597988246550361088,1597988246500000000,2020-08-21 13:37:26.500000,6536.0,6605.8,6523.0,6540.0,nan,6563.5,83592,109730766360.0,116127,6536.4,2,6535.6,2,nan,0,nan,0,nan,0,nan,0,nan,0,nan,0,nan,0,nan,0
1597988247077847040,1597988247000000000,2020-08-21 13:37:27.000000,6536.4,6605.8,6523.0,6540.0,nan,6563.5,83594,109733380920.0,116129,6536.6,1,6536.0,20,nan,0,nan,0,nan,0,nan,0,nan,0,nan,0,nan,0,nan,0
1597988247543365120,1597988247500000000,2020-08-21 13:37:27.500000,6536.6,6605.8,6523.0,6540.0,nan,6563.5,83602,109743839480.0,116133,6537.8,2,6536.8,2,nan,0,nan,0,nan,0,nan,0,nan,0,nan,0,nan,0,nan,0
1597988248050142976,1597988248000000000,2020-08-21 13:37:28.000000,6537.8,6605.8,6523.0,6540.0,nan,6563.5,83604,109746454600.0,116133,6539.2,1,6537.2,4,nan,0,nan,0,nan,0,nan,0,nan,0,nan,0,nan,0,nan,0
1597988248556889088,1597988248500000000,2020-08-21 13:37:28.500000,6537.6,6605.8,6523.0,6540.0,nan,6563.5,83605,109747762120.0,116132,6537.6,3,6537.2,2,nan,0,nan,0,nan,0,nan,0,nan,0,nan,0,nan,0,nan,0
1597988249041577984,1597988249000000000,2020-08-21 13:37:29.000000,6536.6,6605.8,6523.0,6540.0,nan,6563.5,83609,109752991760.0,116133,6539.6,2,6537.0,1,nan,0,nan,0,nan,0,nan,0,nan,0,nan,0,nan,0,nan,0
1597988249540427008,1597988249500000000,2020-08-21 13:37:29.500000,6537.0,6605.8,6523.0,6540.0,nan,6563.5,83613,109758221480.0,116132,6537.8,2,6536.6,1,nan,0,nan,0,nan,0,nan,0,nan,0,nan,0,nan,0,nan,0
1597988250050426112,1597988250000000000,2020-08-21 13:37:30.000000,6537.0,6605.8,6523.0,6540.0,nan,6563.5,83613,109758221480.0,116132,6537.6,2,6536.8,1,nan,0,nan,0,nan,0,nan,0,nan,0,nan,0,nan,0,nan,0
1597988250558511104,1597988250500000000,2020-08-21 13:37:30.500000,6536.6,6605.8,6523.0,6540.0,nan,6563.5,83615,109760836160.0,116131,6536.8,1,6536.6,1,nan,0,nan,0,nan,0,nan,0,nan,0,nan,0,nan,0,nan,0
1597988251046166016,1597988251000000000,2020-08-21 13:37:31.000000,6536.0,6605.8,6523.0,6540.0,nan,6563.5,83620,109767372600.0,116133,6536.6,1,6536.0,21,nan,0,nan,0,nan,0,nan,0,nan,0,nan,0,nan,0,nan,0
1597988251543659008,1597988251500000000,2020-08-21 13:37:31.500000,6536.6,6605.8,6523.0,6540.0,nan,6563.5,83624,109772601760.0,116134,6536.6,1,6536.0,20,nan,0,nan,0,nan,0,nan,0,nan,0,nan,0,nan,0,nan,0
1597988252553779968,1597988252500000000,2020-08-21 13:37:32.500000,6536.6,6605.8,6523.0,6540.0,nan,6563.5,83624,109772601760.0,116134,6536.2,2,6536.0,21,nan,0,nan,0,nan,0,nan,0,nan,0,nan,0,nan,0,nan,0
1597988253078654976,1597988253000000000,2020-08-21 13:37:33.000000,6536.2,6605.8,6523.0,6540.0,nan,6563.5,83627,109776523480.0,116134,6536.6,1,6536.0,20,nan,0,nan,0,nan,0,nan,0,nan,0,nan,0,nan,0,nan,0
1597988253552089088,1597988253500000000,2020-08-21 13:37:33.500000,6536.0,6605.8,6523.0,6540.0,nan,6563.5,83635,109786981080.0,116134,6536.4,1,6536.0,13,nan,0,nan,0,nan,0,nan,0,nan,0,nan,0,nan,0,nan,0
1597988254054722048,1597988254000000000,2020-08-21 13:37:34.000000,6535.0,6605.8,6523.0,6540.0,nan,6563.5,83660,109819659160.0,116142,6535.6,1,6534.6,1,nan,0,nan,0,nan,0,nan,0,nan,0,nan,0,nan,0,nan,0
1597988254551653120,1597988254500000000,2020-08-21 13:37:34.500000,6535.6,6605.8,6523.0,6540.0,nan,6563.4,83665,109826194600.0,116143,6534.4,1,6534.2,1,nan,0,nan,0,nan,0,nan,0,nan,0,nan,0,nan,0,nan,0
1597988255077976064,1597988255000000000,2020-08-21 13:37:35.000000,6536.0,6605.8,6523.0,6540.0,nan,6563.4,83670,109832730160.0,116146,6536.4,2,6536.0,11,nan,0,nan,0,nan,0,nan,0,nan,0,nan,0,nan,0,nan,0
1597988255562724096,1597988255500000000,2020-08-21 13:37:35.500000,6536.4,6605.8,6523.0,6540.0,nan,6563.4,83675,109839266560.0,116150,6536.8,3,6536.2,1,nan,0,nan,0,nan,0,nan,0,nan,0,nan,0,nan,0,nan,0
1597988256078961920,1597988256000000000,2020-08-21 13:37:36.000000,6536.8,6605.8,6523.0,6540.0,nan,6563.4,83678,109843188640.0,116152,6538.0,1,6536.8,2,nan,0,nan,0,nan,0,nan,0,nan,0,nan,0,nan,0,nan,0
1597988256556883968,1597988256500000000,2020-08-21 13:37:36.500000,6536.8,6605.8,6523.0,6540.0,nan,6563.4,83679,109844496000.0,116153,6538.0,4,6536.4,2,nan,0,nan,0,nan,0,nan,0,nan,0,nan,0,nan,0,nan,0
1597988257058082048,1597988257000000000,2020-08-21 13:37:37.000000,6537.2,6605.8,6523.0,6540.0,nan,6563.4,83680,109845803440.0,116154,6537.8,2,6536.4,3,nan,0,nan,0,nan,0,nan,0,nan,0,nan,0,nan,0,nan,0
1597988257553751040,1597988257500000000,2020-08-21 13:37:37.500000,6536.4,6605.8,6523.0,6540.0,nan,6563.4,83681,109847110720.0,116155,6537.8,4,6536.4,2,nan,0,nan,0,nan,0,nan,0,nan,0,nan,0,nan,0,nan,0
1597988258077132032,1597988258000000000,2020-08-21 13:37:38.000000,6536.4,6605.8,6523.0,6540.0,nan,6563.4,83682,109848418000.0,116156,6536.8,2,6536.6,1,nan,0,nan,0,nan,0,nan,0,nan,0,nan,0,nan,0,nan,0
1597988258556171008,1597988258500000000,2020-08-21 13:37:38.500000,6536.8,6605.8,6523.0,6540.0,nan,6563.4,83686,109853647320.0,116159,6536.8,4,6536.4,2,nan,0,nan,0,nan,0,nan,0,nan,0,nan,0,nan,0,nan,0
1597988259070583040,1597988259000000000,2020-08-21 13:37:39.000000,6536.8,6605.8,6523.0,6540.0,nan,6563.4,83686,109853647320.0,116159,6536.8,4,6536.4,2,nan,0,nan,0,nan,0,nan,0,nan,0,nan,0,nan,0,nan,0
1597988259557963008,1597988259500000000,2020-08-21 13:37:39.500000,6536.4,6605.8,6523.0,6540.0,nan,6563.4,83688,109856261880.0,116159,6536.4,1,6536.0,11,nan,0,nan,0,nan,0,nan,0,nan,0,nan,0,nan,0,nan,0
1597988260060573952,1597988260000000000,2020-08-21 13:37:40.000000,6536.0,6605.8,6523.0,6540.0,nan,6563.4,83700,109871948280.0,116168,6535.2,1,6534.8,1,nan,0,nan,0,nan,0,nan,0,nan,0,nan,0,nan,0,nan,0
1597988260557390080,1597988260500000000,2020-08-21 13:37:40.500000,6534.6,6605.8,6523.0,6540.0,nan,6563.4,83704,109877176240.0,116169,6534.6,3,6534.4,1,nan,0,nan,0,nan,0,nan,0,nan,0,nan,0,nan,0,nan,0
1597988261074723072,1597988261000000000,2020-08-21 13:37:41.000000,6534.6,6605.8,6523.0,6540.0,nan,6563.4,83704,109877176240.0,116169,6534.6,3,6534.4,1,nan,0,nan,0,nan,0,nan,0,nan,0,nan,0,nan,0,nan,0
1597988261553216000,1597988261500000000,2020-08-21 13:37:41.500000,6534.6,6605.8,6523.0,6540.0,nan,6563.4,83709,109883710840.0,116173,6535.2,2,6534.4,1,nan,0,nan,0,nan,0,nan,0,nan,0,nan,0,nan,0,nan,0
1597988262074202112,1597988262000000000,2020-08-21 13:37:42.000000,6534.6,6605.8,6523.0,6540.0,nan,6563.4,83710,109885017760.0,116173,6535.0,1,6534.4,1,nan,0,nan,0,nan,0,nan,0,nan,0,nan,0,nan,0,nan,0
1597988262553894912,1597988262500000000,2020-08-21 13:37:42.500000,6534.4,6605.8,6523.0,6540.0,nan,6563.4,83724,109903314000.0,116183,6534.4,5,6534.2,1,nan,0,nan,0,nan,0,nan,0,nan,0,nan,0,nan,0,nan,0
1597988263048440064,1597988263000000000,2020-08-21 13:37:43.000000,6534.4,6605.8,6523.0,6540.0,nan,6563.4,83731,109912461960.0,116189,6534.4,3,6534.0,32,nan,0,nan,0,nan,0,nan,0,nan,0,nan,0,nan,0,nan,0
1597988263551439104,1597988263500000000,2020-08-21 13:37:43.500000,6534.0,6605.8,6523.0,6540.0,nan,6563.4,83737,109920303000.0,116194,6535.2,2,6534.0,30,nan,0,nan,0,nan,0,nan,0,nan,0,nan,0,nan,0,nan,0
1597988264092076032,1597988264000000000,2020-08-21 13:37:44.000000,6535.0,6605.8,6523.0,6540.0,nan,6563.4,83745,109930758080.0,116199,6535.2,2,6534.0,27,nan,0,nan,0,nan,0,nan,0,nan,0,nan,0,nan,0,nan,0
1597988264553675008,1597988264500000000,2020-08-21 13:37:44.500000,6534.4,6605.8,6523.0,6540.0,nan,6563.4,83746,109932064960.0,116200,6535.2,2,6534.0,28,nan,0,nan,0,nan,0,nan,0,nan,0,nan,0,nan,0,nan,0
1597988265049000960,1597988265000000000,2020-08-21 13:37:45.000000,6535.2,6605.8,6523.0,6540.0,nan,6563.4,83748,109934679040.0,116200,6535.6,2,6535.2,5,nan,0,nan,0,nan,0,nan,0,nan,0,nan,0,nan,0,nan,0
1597988265548083968,1597988265500000000,2020-08-21 13:37:45.500000,6536.0,6605.8,6523.0,6540.0,nan,6563.4,83757,109946443120.0,116206,6536.8,1,6536.2,2,nan,0,nan,0,nan,0,nan,0,nan,0,nan,0,nan,0,nan,0
1597988266049008896,1597988266000000000,2020-08-21 13:37:46.000000,6536.8,6605.8,6523.0,6540.0,nan,6563.4,83758,109947750480.0,116207,6537.2,1,6536.2,2,nan,0,nan,0,nan,0,nan,0,nan,0,nan,0,nan,0,nan,0
1597988266548780032,1597988266500000000,2020-08-21 13:37:46.500000,6536.8,6605.8,6523.0,6540.0,nan,6563.4,83759,109949057840.0,116206,6537.2,1,6536.4,2,nan,0,nan,0,nan,0,nan,0,nan,0,nan,0,nan,0,nan,0
1597988267096179968,1597988267000000000,2020-08-21 13:37:47.000000,6536.8,6605.8,6523.0,6540.0,nan,6563.4,83759,109949057840.0,116206,6537.2,1,6536.6,1,nan,0,nan,0,nan,0,nan,0,nan,0,nan,0,nan,0,nan,0
1597988267558691072,1597988267500000000,2020-08-21 13:37:47.500000,6536.8,6605.8,6523.0,6540.0,nan,6563.4,83759,109949057840.0,116206,6537.2,1,6536.8,5,nan,0,nan,0,nan,0,nan,0,nan,0,nan,0,nan,0,nan,0
1597988268082140928,1597988268000000000,2020-08-21 13:37:48.000000,6536.8,6605.8,6523.0,6540.0,nan,6563.4,83759,109949057840.0,116206,6537.2,1,6537.0,1,nan,0,nan,0,nan,0,nan,0,nan,0,nan,0,nan,0,nan,0
1597988268563254016,1597988268500000000,2020-08-21 13:37:48.500000,6537.0,6605.8,6523.0,6540.0,nan,6563.4,83761,109951672680.0,116207,6537.4,1,6537.0,1,nan,0,nan,0,nan,0,nan,0,nan,0,nan,0,nan,0,nan,0
1597988269068218112,1597988269000000000,2020-08-21 13:37:49.000000,6536.8,6605.8,6523.0,6540.0,nan,6563.4,83763,109954287440.0,116209,6537.0,1,6536.8,4,nan,0,nan,0,nan,0,nan,0,nan,0,nan,0,nan,0,nan,0
1597988269563890944,1597988269500000000,2020-08-21 13:37:49.500000,6536.8,6605.8,6523.0,6540.0,nan,6563.4,83767,109959516880.0,116213,6537.0,1,6536.4,1,nan,0,nan,0,nan,0,nan,0,nan,0,nan,0,nan,0,nan,0
1597988270078904064,1597988270000000000,2020-08-21 13:37:50.000000,6536.4,6605.8,6523.0,6540.0,nan,6563.4,83769,109962131440.0,116214,6536.8,2,6536.2,2,nan,0,nan,0,nan,0,nan,0,nan,0,nan,0,nan,0,nan,0
1597988270554717952,1597988270500000000,2020-08-21 13:37:50.500000,6536.4,6605.8,6523.0,6540.0,nan,6563.4,83769,109962131440.0,116214,6536.6,1,6536.4,2,nan,0,nan,0,nan,0,nan,0,nan,0,nan,0,nan,0,nan,0
1597988271076494080,1597988271000000000,2020-08-21 13:37:51.000000,6536.8,6605.8,6523.0,6540.0,nan,6563.4,83772,109966053480.0,116216,6537.0,1,6536.4,2,nan,0,nan,0,nan,0,nan,0,nan,0,nan,0,nan,0,nan,0
1597988271553925120,1597988271500000000,2020-08-21 13:37:51.500000,6536.8,6605.8,6523.0,6540.0,nan,6563.4,83772,109966053480.0,116216,6537.0,1,6536.4,2,nan,0,nan,0,nan,0,nan,0,nan,0,nan,0,nan,0,nan,0
1597988272052275968,1597988272000000000,2020-08-21 13:37:52.000000,6536.8,6605.8,6523.0,6540.0,nan,6563.4,83772,109966053480.0,116216,6537.0,1,6536.4,2,nan,0,nan,0,nan,0,nan,0,nan,0,nan,0,nan,0,nan,0
1597988272553314048,1597988272500000000,2020-08-21 13:37:52.500000,6536.8,6605.8,6523.0,6540.0,nan,6563.4,83772,109966053480.0,116216,6537.0,2,6536.6,1,nan,0,nan,0,nan,0,nan,0,nan,0,nan,0,nan,0,nan,0
1597988273079472128,1597988273000000000,2020-08-21 13:37:53.000000,6536.6,6605.8,6523.0,6540.0,nan,6563.4,83773,109967360800.0,116217,6537.0,2,6536.8,2,nan,0,nan,0,nan,0,nan,0,nan,0,nan,0,nan,0,nan,0
1597988273559836928,1597988273500000000,2020-08-21 13:37:53.500000,6536.6,6605.8,6523.0,6540.0,nan,6563.4,83773,109967360800.0,116217,6537.0,2,6536.8,2,nan,0,nan,0,nan,0,nan,0,nan,0,nan,0,nan,0,nan,0
1597988274075086080,1597988274000000000,2020-08-21 13:37:54.000000,6536.6,6605.8,6523.0,6540.0,nan,6563.4,83774,109968668120.0,116218,6537.0,2,6536.8,1,nan,0,nan,0,nan,0,nan,0,nan,0,nan,0,nan,0,nan,0
1597988274558184960,1597988274500000000,2020-08-21 13:37:54.500000,6537.0,6605.8,6523.0,6540.0,nan,6563.4,83778,109973897680.0,116220,6537.2,1,6537.0,3,nan,0,nan,0,nan,0,nan,0,nan,0,nan,0,nan,0,nan,0
1597988275052164096,1597988275000000000,2020-08-21 13:37:55.000000,6537.2,6605.8,6523.0,6540.0,nan,6563.4,83780,109976512560.0,116221,6537.4,1,6537.2,1,nan,0,nan,0,nan,0,nan,0,nan,0,nan,0,nan,0,nan,0
1597988275564594944,1597988275500000000,2020-08-21 13:37:55.500000,6537.4,6605.8,6523.0,6540.0,nan,6563.4,83781,109977820040.0,116222,6538.0,1,6537.4,3,nan,0,nan,0,nan,0,nan,0,nan,0,nan,0,nan,0,nan,0
1597988276086109952,1597988276000000000,2020-08-21 13:37:56.000000,6537.4,6605.8,6523.0,6540.0,nan,6563.4,83781,109977820040.0,116222,6538.0,1,6537.6,2,nan,0,nan,0,nan,0,nan,0,nan,0,nan,0,nan,0,nan,0
1597988276698194944,1597988276500000000,2020-08-21 13:37:56.500000,6538.8,6605.8,6523.0,6540.0,nan,6563.4,83784,109981743040.0,116223,6538.8,1,6537.6,2,nan,0,nan,0,nan,0,nan,0,nan,0,nan,0,nan,0,nan,0
1597988277214798080,1597988277000000000,2020-08-21 13:37:57.000000,6538.8,6605.8,6523.0,6540.0,nan,6563.4,83784,109981743040.0,116223,6538.8,1,6538.0,2,nan,0,nan,0,nan,0,nan,0,nan,0,nan,0,nan,0,nan,0
1597988277559762944,1597988277500000000,2020-08-21 13:37:57.500000,6538.8,6605.8,6523.0,6540.0,nan,6563.4,83784,109981743040.0,116223,6538.8,1,6538.0,3,nan,0,nan,0,nan,0,nan,0,nan,0,nan,0,nan,0,nan,0
1597988278059962112,1597988278000000000,2020-08-21 13:37:58.000000,6538.0,6605.8,6523.0,6540.0,nan,6563.4,83785,109983050640.0,116224,6538.6,1,6538.0,2,nan,0,nan,0,nan,0,nan,0,nan,0,nan,0,nan,0,nan,0
1597988278554809088,1597988278500000000,2020-08-21 13:37:58.500000,6538.6,6605.8,6523.0,6540.0,nan,6563.4,83786,109984358360.0,116225,6538.8,1,6538.6,1,nan,0,nan,0,nan,0,nan,0,nan,0,nan,0,nan,0,nan,0
1597988279076823040,1597988279000000000,2020-08-21 13:37:59.000000,6538.6,6605.8,6523.0,6540.0,nan,6563.4,83786,109984358360.0,116225,6538.8,1,6538.6,1,nan,0,nan,0,nan,0,nan,0,nan,0,nan,0,nan,0,nan,0
1597988279558153984,1597988279500000000,2020-08-21 13:37:59.500000,6538.6,6605.8,6523.0,6540.0,nan,6563.4,83787,109985666080.0,116226,6538.8,1,6538.2,1,nan,0,nan,0,nan,0,nan,0,nan,0,nan,0,nan,0,nan,0
1597988280057082112,1597988280000000000,2020-08-21 13:38:00.000000,6538.8,6605.8,6523.0,6540.0,nan,6563.4,83788,109986973840.0,116225,6539.0,1,6538.4,1,nan,0,nan,0,nan,0,nan,0,nan,0,nan,0,nan,0,nan,0
1597988280559048960,1597988280500000000,2020-08-21 13:38:00.500000,6539.0,6605.8,6523.0,6540.0,nan,6563.4,83790,109989589440.0,116227,6538.6,1,6538.4,1,nan,0,nan,0,nan,0,nan,0,nan,0,nan,0,nan,0,nan,0
1597988281057470976,1597988281000000000,2020-08-21 13:38:01.000000,6538.4,6605.8,6523.0,6540.0,nan,6563.4,83792,109992204840.0,116227,6539.6,1,6538.2,1,nan,0,nan,0,nan,0,nan,0,nan,0,nan,0,nan,0,nan,0
1597988281557416960,1597988281500000000,2020-08-21 13:38:01.500000,6538.4,6605.8,6523.0,6540.0,nan,6563.4,83792,109992204840.0,116227,6539.4,3,6538.2,1,nan,0,nan,0,nan,0,nan,0,nan,0,nan,0,nan,0,nan,0
1597988282077388032,1597988282000000000,2020-08-21 13:38:02.000000,6538.4,6605.8,6523.0,6540.0,nan,6563.4,83792,109992204840.0,116227,6538.6,1,6538.2,1,nan,0,nan,0,nan,0,nan,0,nan,0,nan,0,nan,0,nan,0
1597988282556669952,1597988282500000000,2020-08-21 13:38:02.500000,6538.6,6605.8,6523.0,6540.0,nan,6563.4,83794,109994820200.0,116229,6538.8,1,6538.0,1,nan,0,nan,0,nan,0,nan,0,nan,0,nan,0,nan,0,nan,0
1597988283059708928,1597988283000000000,2020-08-21 13:38:03.000000,6538.0,6605.8,6523.0,6540.0,nan,6563.4,83798,110000051160.0,116232,6538.0,4,6537.8,1,nan,0,nan,0,nan,0,nan,0,nan,0,nan,0,nan,0,nan,0
1597988283557537024,1597988283500000000,2020-08-21 13:38:03.500000,6538.0,6605.8,6523.0,6540.0,nan,6563.4,83798,110000051160.0,116232,6538.0,5,6537.8,2,nan,0,nan,0,nan,0,nan,0,nan,0,nan,0,nan,0,nan,0
1597988284064683008,1597988284000000000,2020-08-21 13:38:04.000000,6537.8,6605.8,6523.0,6540.0,nan,6563.4,83800,110002666280.0,116233,6538.0,5,6537.4,6,nan,0,nan,0,nan,0,nan,0,nan,0,nan,0,nan,0,nan,0
1597988284559943936,1597988284500000000,2020-08-21 13:38:04.500000,6537.6,6605.8,6523.0,6540.0,nan,6563.4,83803,110006588760.0,116235,6538.0,5,6537.4,4,nan,0,nan,0,nan,0,nan,0,nan,0,nan,0,nan,0,nan,0
1597988285076436992,1597988285000000000,2020-08-21 13:38:05.000000,6537.4,6605.8,6523.0,6540.0,nan,6563.4,83804,110007896240.0,116235,6538.0,6,6537.6,1,nan,0,nan,0,nan,0,nan,0,nan,0,nan,0,nan,0,nan,0
1597988285564798976,1597988285500000000,2020-08-21 13:38:05.500000,6537.6,6605.8,6523.0,6540.0,nan,6563.4,83807,110011818800.0,116237,6537.6,2,6537.4,3,nan,0,nan,0,nan,0,nan,0,nan,0,nan,0,nan,0,nan,0
1597988286080037888,1597988286000000000,2020-08-21 13:38:06.000000,6537.0,6605.8,6523.0,6540.0,nan,6563.4,83813,110019663440.0,116239,6537.0,2,6536.4,1,nan,0,nan,0,nan,0,nan,0,nan,0,nan,0,nan,0,nan,0
1597988286569432064,1597988286500000000,2020-08-21 13:38:06.500000,6536.4,6605.8,6523.0,6540.0,nan,6563.4,83816,110023585280.0,116238,6536.4,2,6535.8,1,nan,0,nan,0,nan,0,nan,0,nan,0,nan,0,nan,0,nan,0
1597988287076269056,1597988287000000000,2020-08-21 13:38:07.000000,6535.8,6605.8,6523.0,6540.0,nan,6563.4,83819,110027506760.0,116240,6536.2,4,6535.6,1,nan,0,nan,0,nan,0,nan,0,nan,0,nan,0,nan,0,nan,0
1597988287575510016,1597988287500000000,2020-08-21 13:38:07.500000,6535.8,6605.8,6523.0,6540.0,nan,6563.4,83821,110030121040.0,116240,6536.2,4,6535.2,4,nan,0,nan,0,nan,0,nan,0,nan,0,nan,0,nan,0,nan,0
1597988288080977920,1597988288000000000,2020-08-21 13:38:08.000000,6535.8,6605.8,6523.0,6540.0,nan,6563.4,83821,110030121040.0,116240,6536.2,4,6535.2,4,nan,0,nan,0,nan,0,nan,0,nan,0,nan,0,nan,0,nan,0
1597988289082558976,1597988289000000000,2020-08-21 13:38:09.000000,6535.8,6605.8,6523.0,6540.0,nan,6563.4,83821,110030121040.0,116240,6536.2,4,6535.2,5,nan,0,nan,0,nan,0,nan,0,nan,0,nan,0,nan,0,nan,0
1597988289565325056,1597988289500000000,2020-08-21 13:38:09.500000,6535.8,6605.8,6523.0,6540.0,nan,6563.4,83821,110030121040.0,116240,6536.2,3,6535.2,5,nan,0,nan,0,nan,0,nan,0,nan,0,nan,0,nan,0,nan,0
1597988290066125056,1597988290000000000,2020-08-21 13:38:10.000000,6536.2,6605.8,6523.0,6540.0,nan,6563.4,83824,110034042760.0,116240,6536.4,1,6535.4,2,nan,0,nan,0,nan,0,nan,0,nan,0,nan,0,nan,0,nan,0
1597988290569551104,1597988290500000000,2020-08-21 13:38:10.500000,6537.6,6605.8,6523.0,6540.0,nan,6563.4,83826,110036657560.0,116239,6537.6,1,6537.0,1,nan,0,nan,0,nan,0,nan,0,nan,0,nan,0,nan,0,nan,0
1597988291079990016,1597988291000000000,2020-08-21 13:38:11.000000,6537.6,6605.8,6523.0,6540.0,nan,6563.4,83826,110036657560.0,116239,6537.6,1,6537.0,1,nan,0,nan,0,nan,0,nan,0,nan,0,nan,0,nan,0,nan,0
1597988291567472128,1597988291500000000,2020-08-21 13:38:11.500000,6537.0,6605.8,6523.0,6540.0,nan,6563.4,83827,110037964960.0,116240,6537.6,1,6536.4,2,nan,0,nan,0,nan,0,nan,0,nan,0,nan,0,nan,0,nan,0
1597988292082562048,1597988292000000000,2020-08-21 13:38:12.000000,6537.6,6605.8,6523.0,6540.0,nan,6563.4,83830,110041887080.0,116243,6538.0,5,6536.4,1,nan,0,nan,0,nan,0,nan,0,nan,0,nan,0,nan,0,nan,0
1597988292572856064,1597988292500000000,2020-08-21 13:38:12.500000,6537.6,6605.8,6523.0,6540.0,nan,6563.4,83830,110041887080.0,116243,6537.8,2,6537.6,20,nan,0,nan,0,nan,0,nan,0,nan,0,nan,0,nan,0,nan,0
1597988293068720128,1597988293000000000,2020-08-21 13:38:13.000000,6537.8,6605.8,6523.0,6540.0,nan,6563.4,83837,110051040200.0,116249,6538.4,1,6538.0,4,nan,0,nan,0,nan,0,nan,0,nan,0,nan,0,nan,0,nan,0
1597988293569936896,1597988293500000000,2020-08-21 13:38:13.500000,6539.6,6605.8,6523.0,6540.0,nan,6563.4,83840,110054963560.0,116251,6539.6,4,6538.8,3,nan,0,nan,0,nan,0,nan,0,nan,0,nan,0,nan,0,nan,0
1597988294077423104,1597988294000000000,2020-08-21 13:38:14.000000,6539.0,6605.8,6523.0,6540.0,nan,6563.4,83846,110062810720.0,116252,6539.6,1,6538.2,1,nan,0,nan,0,nan,0,nan,0,nan,0,nan,0,nan,0,nan,0
1597988294585174016,1597988294500000000,2020-08-21 13:38:14.500000,6538.2,6605.8,6523.0,6540.0,nan,6563.4,83849,110066733760.0,116253,6539.6,1,6537.8,3,nan,0,nan,0,nan,0,nan,0,nan,0,nan,0,nan,0,nan,0
1597988295097231104,1597988295000000000,2020-08-21 13:38:15.000000,6537.8,6605.8,6523.0,6540.0,nan,6563.4,83852,110070656440.0,116256,6539.2,1,6537.6,20,nan,0,nan,0,nan,0,nan,0,nan,0,nan,0,nan,0,nan,0
1597988295570935040,1597988295500000000,2020-08-21 13:38:15.500000,6537.6,6605.8,6523.0,6540.0,nan,6563.4,83860,110081116600.0,116258,6537.8,2,6537.6,12,nan,0,nan,0,nan,0,nan,0,nan,0,nan,0,nan,0,nan,0
1597988296064878080,1597988296000000000,2020-08-21 13:38:16.000000,6537.6,6605.8,6523.0,6540.0,nan,6563.4,83872,110096806840.0,116264,6536.6,1,6535.4,2,nan,0,nan,0,nan,0,nan,0,nan,0,nan,0,nan,0,nan,0
1597988296578019072,1597988296500000000,2020-08-21 13:38:16.500000,6535.4,6605.8,6523.0,6540.0,nan,6563.4,83873,110098113920.0,116264,6536.0,1,6535.4,1,nan,0,nan,0,nan,0,nan,0,nan,0,nan,0,nan,0,nan,0
1597988297076047104,1597988297000000000,2020-08-21 13:38:17.000000,6536.0,6605.8,6523.0,6540.0,nan,6563.4,83875,110100728320.0,116266,6536.2,1,6535.4,1,nan,0,nan,0,nan,0,nan,0,nan,0,nan,0,nan,0,nan,0
1597988297572260096,1597988297500000000,2020-08-21 13:38:17.500000,6537.6,6605.8,6523.0,6540.0,nan,6563.4,83881,110108572520.0,116272,6537.6,4,6535.6,2,nan,0,nan,0,nan,0,nan,0,nan,0,nan,0,nan,0,nan,0
1597988298075746048,1597988298000000000,2020-08-21 13:38:18.000000,6537.6,6605.8,6523.0,6540.0,nan,6563.4,83881,110108572520.0,116272,6537.4,2,6536.6,1,nan,0,nan,0,nan,0,nan,0,nan,0,nan,0,nan,0,nan,0
1597988298566001920,1597988298500000000,2020-08-21 13:38:18.500000,6537.6,6605.8,6523.0,6540.0,nan,6563.4,83882,110109880040.0,116271,6537.6,5,6536.6,1,nan,0,nan,0,nan,0,nan,0,nan,0,nan,0,nan,0,nan,0
1597988299066595072,1597988299000000000,2020-08-21 13:38:19.000000,6536.8,6605.8,6523.0,6540.0,nan,6563.4,83883,110111187400.0,116270,6537.6,4,6536.6,1,nan,0,nan,0,nan,0,nan,0,nan,0,nan,0,nan,0,nan,0
1597988300080348928,1597988300000000000,2020-08-21 13:38:20.000000,6536.8,6605.8,6523.0,6540.0,nan,6563.4,83883,110111187400.0,116270,6537.6,4,6536.8,1,nan,0,nan,0,nan,0,nan,0,nan,0,nan,0,nan,0,nan,0
1597988300567070976,1597988300500000000,2020-08-21 13:38:20.500000,6537.6,6605.8,6523.0,6540.0,nan,6563.4,83884,110112494920.0,116270,6537.6,3,6536.8,1,nan,0,nan,0,nan,0,nan,0,nan,0,nan,0,nan,0,nan,0
1597988301324599040,1597988301000000000,2020-08-21 13:38:21.000000,6536.8,6605.8,6523.0,6540.0,nan,6563.4,83885,110113802280.0,116271,6537.6,3,6536.6,2,nan,0,nan,0,nan,0,nan,0,nan,0,nan,0,nan,0,nan,0
1597988301822320128,1597988301500000000,2020-08-21 13:38:21.500000,6536.8,6605.8,6523.0,6540.0,nan,6563.4,83885,110113802280.0,116271,6536.8,1,6536.6,2,nan,0,nan,0,nan,0,nan,0,nan,0,nan,0,nan,0,nan,0
1597988302090040064,1597988302000000000,2020-08-21 13:38:22.000000,6536.8,6605.8,6523.0,6540.0,nan,6563.4,83885,110113802280.0,116271,6536.8,1,6536.6,1,nan,0,nan,0,nan,0,nan,0,nan,0,nan,0,nan,0,nan,0
1597988302575100928,1597988302500000000,2020-08-21 13:38:22.500000,6536.8,6605.8,6523.0,6540.0,nan,6563.4,83885,110113802280.0,116271,6536.8,1,6536.6,1,nan,0,nan,0,nan,0,nan,0,nan,0,nan,0,nan,0,nan,0
1597988303083661056,1597988303000000000,2020-08-21 13:38:23.000000,6536.8,6605.8,6523.0,6540.0,nan,6563.4,83886,110115109640.0,116272,6537.6,3,6536.6,1,nan,0,nan,0,nan,0,nan,0,nan,0,nan,0,nan,0,nan,0
1597988303588536064,1597988303500000000,2020-08-21 13:38:23.500000,6536.6,6605.8,6523.0,6540.0,nan,6563.4,83887,110116416960.0,116272,6537.6,3,6536.0,2,nan,0,nan,0,nan,0,nan,0,nan,0,nan,0,nan,0,nan,0
1597988304078179072,1597988304000000000,2020-08-21 13:38:24.000000,6536.4,6605.8,6523.0,6540.0,nan,6563.4,83888,110117724240.0,116272,6537.6,1,6536.2,1,nan,0,nan,0,nan,0,nan,0,nan,0,nan,0,nan,0,nan,0
1597988304567191040,1597988304500000000,2020-08-21 13:38:24.500000,6536.4,6605.8,6523.0,6540.0,nan,6563.4,83894,110125568400.0,116275,6539.6,2,6536.2,1,nan,0,nan,0,nan,0,nan,0,nan,0,nan,0,nan,0,nan,0
1597988305080826880,1597988305000000000,2020-08-21 13:38:25.000000,6538.6,6605.8,6523.0,6540.0,nan,6563.4,83896,110128183800.0,116277,6538.6,2,6537.0,1,nan,0,nan,0,nan,0,nan,0,nan,0,nan,0,nan,0,nan,0
1597988305581457920,1597988305500000000,2020-08-21 13:38:25.500000,6538.6,6605.8,6523.0,6540.0,nan,6563.4,83896,110128183800.0,116277,6538.4,3,6537.2,1,nan,0,nan,0,nan,0,nan,0,nan,0,nan,0,nan,0,nan,0
1597988306081265920,1597988306000000000,2020-08-21 13:38:26.000000,6538.6,6605.8,6523.0,6540.0,nan,6563.4,83896,110128183800.0,116277,6538.4,1,6537.2,1,nan,0,nan,0,nan,0,nan,0,nan,0,nan,0,nan,0,nan,0
1597988306580030976,1597988306500000000,2020-08-21 13:38:26.500000,6538.6,6605.8,6523.0,6540.0,nan,6563.4,83897,110129491520.0,116276,6538.4,1,6537.2,1,nan,0,nan,0,nan,0,nan,0,nan,0,nan,0,nan,0,nan,0
1597988307076910080,1597988307000000000,2020-08-21 13:38:27.000000,6538.6,6605.8,6523.0,6540.0,nan,6563.4,83897,110129491520.0,116276,6538.4,1,6537.4,1,nan,0,nan,0,nan,0,nan,0,nan,0,nan,0,nan,0,nan,0
1597988307571909120,1597988307500000000,2020-08-21 13:38:27.500000,6537.6,6605.8,6523.0,6540.0,nan,6563.4,83898,110130799040.0,116277,6538.4,1,6537.4,1,nan,0,nan,0,nan,0,nan,0,nan,0,nan,0,nan,0,nan,0
1597988308086039040,1597988308000000000,2020-08-21 13:38:28.000000,6537.6,6605.8,6523.0,6540.0,nan,6563.4,83898,110130799040.0,116277,6538.4,1,6537.4,1,nan,0,nan,0,nan,0,nan,0,nan,0,nan,0,nan,0,nan,0
1597988308575063040,1597988308500000000,2020-08-21 13:38:28.500000,6537.2,6605.8,6523.0,6540.0,nan,6563.4,83900,110133413960.0,116279,6538.4,1,6536.2,6,nan,0,nan,0,nan,0,nan,0,nan,0,nan,0,nan,0,nan,0
1597988309088500992,1597988309000000000,2020-08-21 13:38:29.000000,6537.2,6605.8,6523.0,6540.0,nan,6563.4,83900,110133413960.0,116279,6538.0,1,6536.8,2,nan,0,nan,0,nan,0,nan,0,nan,0,nan,0,nan,0,nan,0
1597988309657100032,1597988309500000000,2020-08-21 13:38:29.500000,6537.2,6605.8,6523.0,6540.0,nan,6563.4,83900,110133413960.0,116279,6538.2,1,6536.8,2,nan,0,nan,0,nan,0,nan,0,nan,0,nan,0,nan,0,nan,0
1597988310097144064,1597988310000000000,2020-08-21 13:38:30.000000,6537.4,6605.8,6523.0,6540.0,nan,6563.4,83901,110134721440.0,116279,6538.4,1,6536.8,2,nan,0,nan,0,nan,0,nan,0,nan,0,nan,0,nan,0,nan,0
1597988310572567040,1597988310500000000,2020-08-21 13:38:30.500000,6538.4,6605.8,6523.0,6540.0,nan,6563.4,83902,110136029120.0,116280,6538.6,2,6537.2,1,nan,0,nan,0,nan,0,nan,0,nan,0,nan,0,nan,0,nan,0
1597988311073656064,1597988311000000000,2020-08-21 13:38:31.000000,6538.6,6605.8,6523.0,6540.0,nan,6563.4,83904,110138644560.0,116282,6539.4,3,6537.2,2,nan,0,nan,0,nan,0,nan,0,nan,0,nan,0,nan,0,nan,0
1597988311585006080,1597988311500000000,2020-08-21 13:38:31.500000,6538.6,6605.8,6523.0,6540.0,nan,6563.4,83904,110138644560.0,116282,6539.0,4,6538.2,1,nan,0,nan,0,nan,0,nan,0,nan,0,nan,0,nan,0,nan,0
1597988312078095872,1597988312000000000,2020-08-21 13:38:32.000000,6537.8,6605.8,6523.0,6540.0,nan,6563.4,83906,110141259760.0,116283,6538.6,1,6537.6,3,nan,0,nan,0,nan,0,nan,0,nan,0,nan,0,nan,0,nan,0
1597988312591277056,1597988312500000000,2020-08-21 13:38:32.500000,6537.8,6605.8,6523.0,6540.0,nan,6563.4,83906,110141259760.0,116283,6538.6,1,6537.4,1,nan,0,nan,0,nan,0,nan,0,nan,0,nan,0,nan,0,nan,0
1597988313074106112,1597988313000000000,2020-08-21 13:38:33.000000,6538.6,6605.8,6523.0,6540.0,nan,6563.4,83907,110142567480.0,116283,6539.4,1,6539.0,4,nan,0,nan,0,nan,0,nan,0,nan,0,nan,0,nan,0,nan,0
1597988313584278016,1597988313500000000,2020-08-21 13:38:33.500000,6538.6,6605.8,6523.0,6540.0,nan,6563.4,83913,110150414200.0,116285,6539.0,2,6538.6,1,nan,0,nan,0,nan,0,nan,0,nan,0,nan,0,nan,0,nan,0
1597988314074008064,1597988314000000000,2020-08-21 13:38:34.000000,6538.6,6605.8,6523.0,6540.0,nan,6563.4,83913,110150414200.0,116285,6539.0,2,6538.8,1,nan,0,nan,0,nan,0,nan,0,nan,0,nan,0,nan,0,nan,0
1597988314574242048,1597988314500000000,2020-08-21 13:38:34.500000,6538.6,6605.8,6523.0,6540.0,nan,6563.4,83913,110150414200.0,116285,6539.0,1,6538.8,1,nan,0,nan,0,nan,0,nan,0,nan,0,nan,0,nan,0,nan,0
1597988315077786112,1597988315000000000,2020-08-21 13:38:35.000000,6539.0,6605.8,6523.0,6540.0,nan,6563.4,83914,110151722000.0,116285,6539.6,2,6539.0,2,nan,0,nan,0,nan,0,nan,0,nan,0,nan,0,nan,0,nan,0
1597988315609846016,1597988315500000000,2020-08-21 13:38:35.500000,6539.0,6605.8,6523.0,6540.0,nan,6563.4,83914,110151722000.0,116285,6539.6,2,6539.2,1,nan,0,nan,0,nan,0,nan,0,nan,0,nan,0,nan,0,nan,0
1597988316085577984,1597988316000000000,2020-08-21 13:38:36.000000,6539.0,6605.8,6523.0,6540.0,nan,6563.4,83915,110153029800.0,116285,6539.6,2,6539.0,2,nan,0,nan,0,nan,0,nan,0,nan,0,nan,0,nan,0,nan,0
1597988317090994944,1597988317000000000,2020-08-21 13:38:37.000000,6539.6,6605.8,6523.0,6540.0,nan,6563.4,83923,110163492520.0,116290,6539.6,6,6538.8,1,nan,0,nan,0,nan,0,nan,0,nan,0,nan,0,nan,0,nan,0
1597988317578042880,1597988317500000000,2020-08-21 13:38:37.500000,6538.8,6605.8,6523.0,6540.0,nan,6563.4,83924,110164800280.0,116291,6539.6,6,6539.0,1,nan,0,nan,0,nan,0,nan,0,nan,0,nan,0,nan,0,nan,0
1597988318581049088,1597988318500000000,2020-08-21 13:38:38.500000,6538.8,6605.8,6523.0,6540.0,nan,6563.4,83924,110164800280.0,116291,6539.6,6,6539.0,1,nan,0,nan,0,nan,0,nan,0,nan,0,nan,0,nan,0,nan,0
1597988319106292992,1597988319000000000,2020-08-21 13:38:39.000000,6538.8,6605.8,6523.0,6540.0,nan,6563.4,83924,110164800280.0,116291,6539.6,6,6539.0,2,nan,0,nan,0,nan,0,nan,0,nan,0,nan,0,nan,0,nan,0
1597988319583927040,1597988319500000000,2020-08-21 13:38:39.500000,6538.8,6605.8,6523.0,6540.0,nan,6563.4,83924,110164800280.0,116291,6539.6,6,6539.0,2,nan,0,nan,0,nan,0,nan,0,nan,0,nan,0,nan,0,nan,0
1597988320077531904,1597988320000000000,2020-08-21 13:38:40.000000,6538.8,6605.8,6523.0,6540.0,nan,6563.4,83926,110167415800.0,116293,6539.6,7,6538.6,1,nan,0,nan,0,nan,0,nan,0,nan,0,nan,0,nan,0,nan,0
1597988320581594880,1597988320500000000,2020-08-21 13:38:40.500000,6538.6,6605.8,6523.0,6540.0,nan,6563.4,83927,110168723520.0,116292,6538.6,2,6537.6,6,nan,0,nan,0,nan,0,nan,0,nan,0,nan,0,nan,0,nan,0
1597988321103422976,1597988321000000000,2020-08-21 13:38:41.000000,6538.6,6605.8,6523.0,6540.0,nan,6563.4,83927,110168723520.0,116292,6538.6,1,6537.6,6,nan,0,nan,0,nan,0,nan,0,nan,0,nan,0,nan,0,nan,0
1597988321580945920,1597988321500000000,2020-08-21 13:38:41.500000,6538.6,6605.8,6523.0,6540.0,nan,6563.4,83927,110168723520.0,116292,6538.6,1,6537.6,6,nan,0,nan,0,nan,0,nan,0,nan,0,nan,0,nan,0,nan,0
1597988322103720960,1597988322000000000,2020-08-21 13:38:42.000000,6538.6,6605.8,6523.0,6540.0,nan,6563.4,83927,110168723520.0,116292,6538.6,1,6537.6,6,nan,0,nan,0,nan,0,nan,0,nan,0,nan,0,nan,0,nan,0
1597988322580975104,1597988322500000000,2020-08-21 13:38:42.500000,6538.6,6605.8,6523.0,6540.0,nan,6563.4,83927,110168723520.0,116292,6538.6,1,6537.6,6,nan,0,nan,0,nan,0,nan,0,nan,0,nan,0,nan,0,nan,0
1597988323081579008,1597988323000000000,2020-08-21 13:38:43.000000,6538.6,6605.8,6523.0,6540.0,nan,6563.4,83927,110168723520.0,116292,6538.6,1,6537.6,6,nan,0,nan,0,nan,0,nan,0,nan,0,nan,0,nan,0,nan,0
1597988323580338944,1597988323500000000,2020-08-21 13:38:43.500000,6538.6,6605.8,6523.0,6540.0,nan,6563.4,83927,110168723520.0,116292,6538.6,1,6537.6,6,nan,0,nan,0,nan,0,nan,0,nan,0,nan,0,nan,0,nan,0
1597988324103986944,1597988324000000000,2020-08-21 13:38:44.000000,6538.6,6605.8,6523.0,6540.0,nan,6563.4,83927,110168723520.0,116292,6538.6,2,6537.6,6,nan,0,nan,0,nan,0,nan,0,nan,0,nan,0,nan,0,nan,0
1597988324579884032,1597988324500000000,2020-08-21 13:38:44.500000,6538.6,6605.8,6523.0,6540.0,nan,6563.4,83927,110168723520.0,116292,6538.6,2,6537.6,6,nan,0,nan,0,nan,0,nan,0,nan,0,nan,0,nan,0,nan,0
1597988325103691008,1597988325000000000,2020-08-21 13:38:45.000000,6538.6,6605.8,6523.0,6540.0,nan,6563.4,83927,110168723520.0,116292,6538.6,2,6538.4,6,nan,0,nan,0,nan,0,nan,0,nan,0,nan,0,nan,0,nan,0
1597988325579950080,1597988325500000000,2020-08-21 13:38:45.500000,6538.6,6605.8,6523.0,6540.0,nan,6563.4,83927,110168723520.0,116292,6538.6,3,6538.4,7,nan,0,nan,0,nan,0,nan,0,nan,0,nan,0,nan,0,nan,0
1597988326091251968,1597988326000000000,2020-08-21 13:38:46.000000,6538.6,6605.8,6523.0,6540.0,nan,6563.4,83927,110168723520.0,116292,6538.6,3,6538.4,7,nan,0,nan,0,nan,0,nan,0,nan,0,nan,0,nan,0,nan,0
1597988326584329984,1597988326500000000,2020-08-21 13:38:46.500000,6538.6,6605.8,6523.0,6540.0,nan,6563.4,83927,110168723520.0,116292,6538.6,3,6538.4,7,nan,0,nan,0,nan,0,nan,0,nan,0,nan,0,nan,0,nan,0
1597988327102778112,1597988327000000000,2020-08-21 13:38:47.000000,6538.6,6605.8,6523.0,6540.0,nan,6563.4,83931,110173954280.0,116293,6538.6,2,6538.4,4,nan,0,nan,0,nan,0,nan,0,nan,0,nan,0,nan,0,nan,0
1597988327591885056,1597988327500000000,2020-08-21 13:38:47.500000,6538.4,6605.8,6523.0,6540.0,nan,6563.4,83935,110179185000.0,116294,6538.4,1,6538.0,1,nan,0,nan,0,nan,0,nan,0,nan,0,nan,0,nan,0,nan,0
1597988328088352000,1597988328000000000,2020-08-21 13:38:48.000000,6538.0,6605.8,6523.0,6540.0,nan,6563.4,83936,110180492600.0,116294,6538.4,1,6537.6,6,nan,0,nan,0,nan,0,nan,0,nan,0,nan,0,nan,0,nan,0
1597988328592807936,1597988328500000000,2020-08-21 13:38:48.500000,6537.6,6605.8,6523.0,6540.0,nan,6563.4,83941,110187030200.0,116294,6538.4,1,6537.6,1,nan,0,nan,0,nan,0,nan,0,nan,0,nan,0,nan,0,nan,0
1597988329125638912,1597988329000000000,2020-08-21 13:38:49.000000,6537.6,6605.8,6523.0,6540.0,nan,6563.4,83941,110187030200.0,116294,6538.2,2,6537.6,1,nan,0,nan,0,nan,0,nan,0,nan,0,nan,0,nan,0,nan,0
1597988329582283008,1597988329500000000,2020-08-21 13:38:49.500000,6537.6,6605.8,6523.0,6540.0,nan,6563.4,83942,110188337720.0,116294,6537.6,4,6537.2,1,nan,0,nan,0,nan,0,nan,0,nan,0,nan,0,nan,0,nan,0
1597988330089835008,1597988330000000000,2020-08-21 13:38:50.000000,6537.6,6605.8,6523.0,6540.0,nan,6563.4,83942,110188337720.0,116294,6537.6,4,6537.2,1,nan,0,nan,0,nan,0,nan,0,nan,0,nan,0,nan,0,nan,0
1597988330587800064,1597988330500000000,2020-08-21 13:38:50.500000,6537.6,6605.8,6523.0,6540.0,nan,6563.4,83942,110188337720.0,116294,6537.6,4,6537.2,1,nan,0,nan,0,nan,0,nan,0,nan,0,nan,0,nan,0,nan,0
1597988331122328064,1597988331000000000,2020-08-21 13:38:51.000000,6537.6,6605.8,6523.0,6540.0,nan,6563.4,83942,110188337720.0,116294,6537.6,4,6537.2,1,nan,0,nan,0,nan,0,nan,0,nan,0,nan,0,nan,0,nan,0
1597988331579789056,1597988331500000000,2020-08-21 13:38:51.500000,6537.6,6605.8,6523.0,6540.0,nan,6563.4,83943,110189645240.0,116294,6537.6,3,6537.2,1,nan,0,nan,0,nan,0,nan,0,nan,0,nan,0,nan,0,nan,0
1597988333116783104,1597988333000000000,2020-08-21 13:38:53.000000,6537.6,6605.8,6523.0,6540.0,nan,6563.4,83944,110190952760.0,116295,6537.6,3,6537.2,1,nan,0,nan,0,nan,0,nan,0,nan,0,nan,0,nan,0,nan,0
1597988333601925888,1597988333500000000,2020-08-21 13:38:53.500000,6537.2,6605.8,6523.0,6540.0,nan,6563.4,83949,110197490040.0,116295,6537.6,2,6537.4,1,nan,0,nan,0,nan,0,nan,0,nan,0,nan,0,nan,0,nan,0
1597988334130360064,1597988334000000000,2020-08-21 13:38:54.000000,6537.6,6605.8,6523.0,6540.0,nan,6563.4,83951,110200105080.0,116296,6537.6,1,6537.4,1,nan,0,nan,0,nan,0,nan,0,nan,0,nan,0,nan,0,nan,0
1597988334586397952,1597988334500000000,2020-08-21 13:38:54.500000,6537.6,6605.8,6523.0,6540.0,nan,6563.4,83953,110202720120.0,116298,6538.6,1,6537.6,1,nan,0,nan,0,nan,0,nan,0,nan,0,nan,0,nan,0,nan,0
1597988335084312064,1597988335000000000,2020-08-21 13:38:55.000000,6537.6,6605.8,6523.0,6540.0,nan,6563.4,83955,110205335320.0,116299,6538.0,2,6537.4,1,nan,0,nan,0,nan,0,nan,0,nan,0,nan,0,nan,0,nan,0
1597988335618351104,1597988335500000000,2020-08-21 13:38:55.500000,6537.6,6605.8,6523.0,6540.0,nan,6563.4,83955,110205335320.0,116299,6537.6,7,6537.4,1,nan,0,nan,0,nan,0,nan,0,nan,0,nan,0,nan,0,nan,0
1597988336112446976,1597988336000000000,2020-08-21 13:38:56.000000,6537.4,6605.8,6523.0,6540.0,nan,6563.4,83956,110206642800.0,116300,6537.4,7,6537.0,1,nan,0,nan,0,nan,0,nan,0,nan,0,nan,0,nan,0,nan,0
1597988336583051008,1597988336500000000,2020-08-21 13:38:56.500000,6537.0,6605.8,6523.0,6540.0,nan,6563.4,83957,110207950200.0,116300,6537.4,5,6536.8,1,nan,0,nan,0,nan,0,nan,0,nan,0,nan,0,nan,0,nan,0
1597988337112548096,1597988337000000000,2020-08-21 13:38:57.000000,6537.4,6605.8,6523.0,6540.0,nan,6563.4,83958,110209257680.0,116301,6537.4,4,6536.8,1,nan,0,nan,0,nan,0,nan,0,nan,0,nan,0,nan,0,nan,0
1597988337586298880,1597988337500000000,2020-08-21 13:38:57.500000,6536.2,6605.8,6523.0,6540.0,nan,6563.4,83961,110213179680.0,116303,6536.8,3,6536.2,5,nan,0,nan,0,nan,0,nan,0,nan,0,nan,0,nan,0,nan,0
1597988338086629888,1597988338000000000,2020-08-21 13:38:58.000000,6536.2,6605.8,6523.0,6540.0,nan,6563.4,83966,110219715880.0,116308,6536.8,3,6536.0,1,nan,0,nan,0,nan,0,nan,0,nan,0,nan,0,nan,0,nan,0
1597988339170266112,1597988339000000000,2020-08-21 13:38:59.000000,6536.0,6605.8,6523.0,6540.0,nan,6563.4,83967,110221023080.0,116308,6536.8,3,6535.6,2,nan,0,nan,0,nan,0,nan,0,nan,0,nan,0,nan,0,nan,0
1597988339586810880,1597988339500000000,2020-08-21 13:38:59.500000,6536.0,6605.8,6523.0,6540.0,nan,6563.4,83967,110221023080.0,116308,6537.4,4,6535.6,2,nan,0,nan,0,nan,0,nan,0,nan,0,nan,0,nan,0,nan,0
1597988340096936960,1597988340000000000,2020-08-21 13:39:00.000000,6536.0,6605.8,6523.0,6540.0,nan,6563.4,83967,110221023080.0,116308,6537.4,4,6536.8,1,nan,0,nan,0,nan,0,nan,0,nan,0,nan,0,nan,0,nan,0
1597988340589777920,1597988340500000000,2020-08-21 13:39:00.500000,6536.8,6605.8,6523.0,6540.0,nan,6563.4,83968,110222330440.0,116308,6537.4,4,6536.8,1,nan,0,nan,0,nan,0,nan,0,nan,0,nan,0,nan,0,nan,0
1597988341092168960,1597988341000000000,2020-08-21 13:39:01.000000,6536.8,6605.8,6523.0,6540.0,nan,6563.4,83970,110224945280.0,116307,6535.8,1,6535.6,3,nan,0,nan,0,nan,0,nan,0,nan,0,nan,0,nan,0,nan,0
1597988341603211008,1597988341500000000,2020-08-21 13:39:01.500000,6537.4,6605.8,6523.0,6540.0,nan,6563.4,83974,110230174240.0,116306,6537.4,2,6536.8,1,nan,0,nan,0,nan,0,nan,0,nan,0,nan,0,nan,0,nan,0
1597988342114958080,1597988342000000000,2020-08-21 13:39:02.000000,6536.8,6605.8,6523.0,6540.0,nan,6563.4,83976,110232788960.0,116307,6536.8,1,6535.8,3,nan,0,nan,0,nan,0,nan,0,nan,0,nan,0,nan,0,nan,0
1597988342590661888,1597988342500000000,2020-08-21 13:39:02.500000,6536.0,6605.8,6523.0,6540.0,nan,6563.3,83979,110236710520.0,116308,6536.0,1,6535.8,1,nan,0,nan,0,nan,0,nan,0,nan,0,nan,0,nan,0,nan,0
1597988343111009024,1597988343000000000,2020-08-21 13:39:03.000000,6536.0,6605.8,6523.0,6540.0,nan,6563.3,83981,110239324920.0,116310,6537.4,2,6536.2,1,nan,0,nan,0,nan,0,nan,0,nan,0,nan,0,nan,0,nan,0
1597988343619429120,1597988343500000000,2020-08-21 13:39:03.500000,6536.2,6605.8,6523.0,6540.0,nan,6563.3,83982,110240632160.0,116311,6537.2,1,6536.0,1,nan,0,nan,0,nan,0,nan,0,nan,0,nan,0,nan,0,nan,0
1597988344089187072,1597988344000000000,2020-08-21 13:39:04.000000,6536.0,6605.8,6523.0,6540.0,nan,6563.3,83983,110241939360.0,116311,6537.0,1,6535.8,1,nan,0,nan,0,nan,0,nan,0,nan,0,nan,0,nan,0,nan,0
1597988344589530880,1597988344500000000,2020-08-21 13:39:04.500000,6535.8,6605.8,6523.0,6540.0,nan,6563.3,83986,110245860880.0,116312,6535.8,2,6535.6,2,nan,0,nan,0,nan,0,nan,0,nan,0,nan,0,nan,0,nan,0
1597988345113224960,1597988345000000000,2020-08-21 13:39:05.000000,6535.8,6605.8,6523.0,6540.0,nan,6563.3,83989,110249782320.0,116315,6536.8,1,6535.6,1,nan,0,nan,0,nan,0,nan,0,nan,0,nan,0,nan,0,nan,0
1597988345600984064,1597988345500000000,2020-08-21 13:39:05.500000,6535.8,6605.8,6523.0,6540.0,nan,6563.3,83989,110249782320.0,116315,6536.6,1,6535.6,2,nan,0,nan,0,nan,0,nan,0,nan,0,nan,0,nan,0,nan,0
1597988346106896896,1597988346000000000,2020-08-21 13:39:06.000000,6535.8,6605.8,6523.0,6540.0,nan,6563.3,83989,110249782320.0,116315,6536.6,1,6535.6,2,nan,0,nan,0,nan,0,nan,0,nan,0,nan,0,nan,0,nan,0
1597988346598558976,1597988346500000000,2020-08-21 13:39:06.500000,6535.6,6605.8,6523.0,6540.0,nan,6563.3,83991,110252396600.0,116316,6536.6,1,6535.8,1,nan,0,nan,0,nan,0,nan,0,nan,0,nan,0,nan,0,nan,0
1597988347106177024,1597988347000000000,2020-08-21 13:39:07.000000,6536.6,6605.8,6523.0,6540.0,nan,6563.3,83994,110256318400.0,116318,6537.0,1,6535.8,1,nan,0,nan,0,nan,0,nan,0,nan,0,nan,0,nan,0,nan,0
1597988347601067008,1597988347500000000,2020-08-21 13:39:07.500000,6536.4,6605.8,6523.0,6540.0,nan,6563.3,83996,110258932840.0,116319,6537.0,1,6535.6,2,nan,0,nan,0,nan,0,nan,0,nan,0,nan,0,nan,0,nan,0
1597988348104718080,1597988348000000000,2020-08-21 13:39:08.000000,6535.6,6605.8,6523.0,6540.0,nan,6563.3,83997,110260239960.0,116320,6537.0,1,6535.6,1,nan,0,nan,0,nan,0,nan,0,nan,0,nan,0,nan,0,nan,0
1597988348602658048,1597988348500000000,2020-08-21 13:39:08.500000,6535.6,6605.8,6523.0,6540.0,nan,6563.3,83997,110260239960.0,116320,6536.8,1,6536.6,1,nan,0,nan,0,nan,0,nan,0,nan,0,nan,0,nan,0,nan,0
1597988349118668032,1597988349000000000,2020-08-21 13:39:09.000000,6535.6,6605.8,6523.0,6540.0,nan,6563.3,84000,110264161520.0,116322,6535.6,1,6535.4,2,nan,0,nan,0,nan,0,nan,0,nan,0,nan,0,nan,0,nan,0
1597988349596505088,1597988349500000000,2020-08-21 13:39:09.500000,6535.6,6605.8,6523.0,6540.0,nan,6563.3,84001,110265468640.0,116322,6537.0,2,6535.6,6,nan,0,nan,0,nan,0,nan,0,nan,0,nan,0,nan,0,nan,0
1597988350086136064,1597988350000000000,2020-08-21 13:39:10.000000,6535.6,6605.8,6523.0,6540.0,nan,6563.3,84001,110265468640.0,116322,6537.0,1,6535.8,1,nan,0,nan,0,nan,0,nan,0,nan,0,nan,0,nan,0,nan,0
1597988350601424896,1597988350500000000,2020-08-21 13:39:10.500000,6537.0,6605.8,6523.0,6540.0,nan,6563.3,84002,110266776040.0,116322,6537.0,1,6535.8,2,nan,0,nan,0,nan,0,nan,0,nan,0,nan,0,nan,0,nan,0
1597988351121133056,1597988351000000000,2020-08-21 13:39:11.000000,6537.0,6605.8,6523.0,6540.0,nan,6563.3,84004,110269390840.0,116324,6537.4,2,6536.0,3,nan,0,nan,0,nan,0,nan,0,nan,0,nan,0,nan,0,nan,0
1597988351630299904,1597988351500000000,2020-08-21 13:39:11.500000,6537.0,6605.8,6523.0,6540.0,nan,6563.3,84004,110269390840.0,116324,6537.4,2,6536.2,1,nan,0,nan,0,nan,0,nan,0,nan,0,nan,0,nan,0,nan,0
1597988352103516928,1597988352000000000,2020-08-21 13:39:12.000000,6537.0,6605.8,6523.0,6540.0,nan,6563.3,84004,110269390840.0,116324,6537.0,1,6536.2,1,nan,0,nan,0,nan,0,nan,0,nan,0,nan,0,nan,0,nan,0
1597988352599463936,1597988352500000000,2020-08-21 13:39:12.500000,6537.0,6605.8,6523.0,6540.0,nan,6563.3,84004,110269390840.0,116324,6537.0,1,6536.0,3,nan,0,nan,0,nan,0,nan,0,nan,0,nan,0,nan,0,nan,0
1597988353096388096,1597988353000000000,2020-08-21 13:39:13.000000,6537.0,6605.8,6523.0,6540.0,nan,6563.3,84004,110269390840.0,116324,6537.0,1,6536.0,3,nan,0,nan,0,nan,0,nan,0,nan,0,nan,0,nan,0,nan,0
1597988353594466048,1597988353500000000,2020-08-21 13:39:13.500000,6537.0,6605.8,6523.0,6540.0,nan,6563.3,84004,110269390840.0,116324,6537.0,2,6536.2,1,nan,0,nan,0,nan,0,nan,0,nan,0,nan,0,nan,0,nan,0
1597988354109669120,1597988354000000000,2020-08-21 13:39:14.000000,6537.0,6605.8,6523.0,6540.0,nan,6563.3,84004,110269390840.0,116324,6537.0,2,6536.2,1,nan,0,nan,0,nan,0,nan,0,nan,0,nan,0,nan,0,nan,0
1597988354595521024,1597988354500000000,2020-08-21 13:39:14.500000,6536.0,6605.8,6523.0,6540.0,nan,6563.3,84009,110275926960.0,116326,6536.6,2,6535.8,1,nan,0,nan,0,nan,0,nan,0,nan,0,nan,0,nan,0,nan,0
1597988355101786112,1597988355000000000,2020-08-21 13:39:15.000000,6536.4,6605.8,6523.0,6540.0,nan,6563.3,84010,110277234240.0,116327,6537.0,2,6536.0,1,nan,0,nan,0,nan,0,nan,0,nan,0,nan,0,nan,0,nan,0
1597988355594496000,1597988355500000000,2020-08-21 13:39:15.500000,6536.6,6605.8,6523.0,6540.0,nan,6563.3,84013,110281156120.0,116326,6536.8,2,6536.6,1,nan,0,nan,0,nan,0,nan,0,nan,0,nan,0,nan,0,nan,0
1597988356099038976,1597988356000000000,2020-08-21 13:39:16.000000,6536.6,6605.8,6523.0,6540.0,nan,6563.3,84017,110286385400.0,116329,6536.6,3,6536.0,1,nan,0,nan,0,nan,0,nan,0,nan,0,nan,0,nan,0,nan,0
1597988356602437120,1597988356500000000,2020-08-21 13:39:16.500000,6536.0,6605.8,6523.0,6540.0,nan,6563.3,84018,110287692600.0,116330,6536.4,2,6535.8,1,nan,0,nan,0,nan,0,nan,0,nan,0,nan,0,nan,0,nan,0
1597988357107646976,1597988357000000000,2020-08-21 13:39:17.000000,6536.0,6605.8,6523.0,6540.0,nan,6563.3,84019,110288999800.0,116331,6536.0,1,6535.8,1,nan,0,nan,0,nan,0,nan,0,nan,0,nan,0,nan,0,nan,0
1597988357624779008,1597988357500000000,2020-08-21 13:39:17.500000,6536.0,6605.8,6523.0,6540.0,nan,6563.3,84020,110290307000.0,116332,6536.4,2,6535.8,1,nan,0,nan,0,nan,0,nan,0,nan,0,nan,0,nan,0,nan,0
1597988358108566016,1597988358000000000,2020-08-21 13:39:18.000000,6535.8,6605.8,6523.0,6540.0,nan,6563.3,84021,110291614160.0,116331,6536.0,2,6535.6,4,nan,0,nan,0,nan,0,nan,0,nan,0,nan,0,nan,0,nan,0
1597988358600078080,1597988358500000000,2020-08-21 13:39:18.500000,6535.8,6605.8,6523.0,6540.0,nan,6563.3,84021,110291614160.0,116331,6536.4,2,6535.6,4,nan,0,nan,0,nan,0,nan,0,nan,0,nan,0,nan,0,nan,0
1597988359099593984,1597988359000000000,2020-08-21 13:39:19.000000,6535.8,6605.8,6523.0,6540.0,nan,6563.3,84021,110291614160.0,116331,6536.0,2,6535.6,4,nan,0,nan,0,nan,0,nan,0,nan,0,nan,0,nan,0,nan,0
1597988359598173952,1597988359500000000,2020-08-21 13:39:19.500000,6535.8,6605.8,6523.0,6540.0,nan,6563.3,84022,110292921320.0,116332,6535.8,1,6535.6,4,nan,0,nan,0,nan,0,nan,0,nan,0,nan,0,nan,0,nan,0
1597988360104344064,1597988360000000000,2020-08-21 13:39:20.000000,6535.8,6605.8,6523.0,6540.0,nan,6563.3,84023,110294228480.0,116333,6536.4,2,6535.8,1,nan,0,nan,0,nan,0,nan,0,nan,0,nan,0,nan,0,nan,0
1597988360603123968,1597988360500000000,2020-08-21 13:39:20.500000,6535.8,6605.8,6523.0,6540.0,nan,6563.3,84023,110294228480.0,116333,6536.0,2,6535.8,1,nan,0,nan,0,nan,0,nan,0,nan,0,nan,0,nan,0,nan,0
1597988361121933056,1597988361000000000,2020-08-21 13:39:21.000000,6535.8,6605.8,6523.0,6540.0,nan,6563.3,84024,110295535640.0,116334,6535.8,1,6535.6,4,nan,0,nan,0,nan,0,nan,0,nan,0,nan,0,nan,0,nan,0
1597988361597645056,1597988361500000000,2020-08-21 13:39:21.500000,6536.4,6605.8,6523.0,6540.0,nan,6563.3,84027,110299457200.0,116334,6536.6,2,6535.6,3,nan,0,nan,0,nan,0,nan,0,nan,0,nan,0,nan,0,nan,0
1597988362100320000,1597988362000000000,2020-08-21 13:39:22.000000,6535.6,6605.8,6523.0,6540.0,nan,6563.3,84028,110300764320.0,116334,6536.6,2,6535.6,2,nan,0,nan,0,nan,0,nan,0,nan,0,nan,0,nan,0,nan,0
1597988362603305984,1597988362500000000,2020-08-21 13:39:22.500000,6535.6,6605.8,6523.0,6540.0,nan,6563.3,84028,110300764320.0,116334,6536.0,2,6535.6,2,nan,0,nan,0,nan,0,nan,0,nan,0,nan,0,nan,0,nan,0
1597988363122292992,1597988363000000000,2020-08-21 13:39:23.000000,6535.6,6605.8,6523.0,6540.0,nan,6563.3,84028,110300764320.0,116334,6536.6,2,6536.0,1,nan,0,nan,0,nan,0,nan,0,nan,0,nan,0,nan,0,nan,0
1597988363608997120,1597988363500000000,2020-08-21 13:39:23.500000,6536.2,6605.8,6523.0,6540.0,nan,6563.3,84029,110302071560.0,116335,6536.2,1,6535.6,2,nan,0,nan,0,nan,0,nan,0,nan,0,nan,0,nan,0,nan,0
1597988364132892928,1597988364000000000,2020-08-21 13:39:24.000000,6536.6,6605.8,6523.0,6540.0,nan,6563.3,84031,110304686000.0,116337,6536.6,1,6535.6,1,nan,0,nan,0,nan,0,nan,0,nan,0,nan,0,nan,0,nan,0
1597988364630908928,1597988364500000000,2020-08-21 13:39:24.500000,6536.6,6605.8,6523.0,6540.0,nan,6563.3,84032,110305993320.0,116338,6537.0,3,6536.0,1,nan,0,nan,0,nan,0,nan,0,nan,0,nan,0,nan,0,nan,0
1597988365102063104,1597988365000000000,2020-08-21 13:39:25.000000,6536.6,6605.8,6523.0,6540.0,nan,6563.3,84032,110305993320.0,116338,6536.4,2,6536.0,1,nan,0,nan,0,nan,0,nan,0,nan,0,nan,0,nan,0,nan,0
1597988365600133120,1597988365500000000,2020-08-21 13:39:25.500000,6537.0,6605.8,6523.0,6540.0,nan,6563.3,84035,110309915520.0,116339,6537.4,3,6536.0,1,nan,0,nan,0,nan,0,nan,0,nan,0,nan,0,nan,0,nan,0
1597988366128873984,1597988366000000000,2020-08-21 13:39:26.000000,6537.0,6605.8,6523.0,6540.0,nan,6563.3,84035,110309915520.0,116339,6536.6,2,6536.0,1,nan,0,nan,0,nan,0,nan,0,nan,0,nan,0,nan,0,nan,0
1597988366604578048,1597988366500000000,2020-08-21 13:39:26.500000,6537.0,6605.8,6523.0,6540.0,nan,6563.3,84035,110309915520.0,116339,6537.4,3,6536.2,2,nan,0,nan,0,nan,0,nan,0,nan,0,nan,0,nan,0,nan,0
1597988367127868928,1597988367000000000,2020-08-21 13:39:27.000000,6536.2,6605.8,6523.0,6540.0,nan,6563.3,84036,110311222760.0,116338,6536.8,2,6536.6,1,nan,0,nan,0,nan,0,nan,0,nan,0,nan,0,nan,0,nan,0
1597988367602615040,1597988367500000000,2020-08-21 13:39:27.500000,6536.6,6605.8,6523.0,6540.0,nan,6563.3,84037,110312530080.0,116338,6536.4,1,6536.2,1,nan,0,nan,0,nan,0,nan,0,nan,0,nan,0,nan,0,nan,0
1597988368098935040,1597988368000000000,2020-08-21 13:39:28.000000,6536.2,6605.8,6523.0,6540.0,nan,6563.3,84038,110313837320.0,116338,6536.4,1,6536.0,1,nan,0,nan,0,nan,0,nan,0,nan,0,nan,0,nan,0,nan,0
1597988368604303872,1597988368500000000,2020-08-21 13:39:28.500000,6536.4,6605.8,6523.0,6540.0,nan,6563.3,84039,110315144600.0,116338,6536.6,1,6536.0,1,nan,0,nan,0,nan,0,nan,0,nan,0,nan,0,nan,0,nan,0
1597988369101920000,1597988369000000000,2020-08-21 13:39:29.000000,6536.0,6605.8,6523.0,6540.0,nan,6563.3,84040,110316451800.0,116338,6536.6,1,6535.8,1,nan,0,nan,0,nan,0,nan,0,nan,0,nan,0,nan,0,nan,0
1597988369621288960,1597988369500000000,2020-08-21 13:39:29.500000,6536.0,6605.8,6523.0,6540.0,nan,6563.3,84040,110316451800.0,116338,6536.6,1,6536.0,1,nan,0,nan,0,nan,0,nan,0,nan,0,nan,0,nan,0,nan,0
1597988370122157056,1597988370000000000,2020-08-21 13:39:30.000000,6536.0,6605.8,6523.0,6540.0,nan,6563.3,84040,110316451800.0,116338,6536.2,2,6536.0,1,nan,0,nan,0,nan,0,nan,0,nan,0,nan,0,nan,0,nan,0
1597988370608993024,1597988370500000000,2020-08-21 13:39:30.500000,6536.2,6605.8,6523.0,6540.0,nan,6563.3,84042,110319066280.0,116340,6536.6,1,6536.2,1,nan,0,nan,0,nan,0,nan,0,nan,0,nan,0,nan,0,nan,0
1597988371107239936,1597988371000000000,2020-08-21 13:39:31.000000,6536.2,6605.8,6523.0,6540.0,nan,6563.3,84042,110319066280.0,116340,6536.4,1,6536.2,1,nan,0,nan,0,nan,0,nan,0,nan,0,nan,0,nan,0,nan,0
1597988371622270976,1597988371500000000,2020-08-21 13:39:31.500000,6535.8,6605.8,6523.0,6540.0,nan,6563.3,84044,110321680680.0,116341,6535.8,1,6535.6,2,nan,0,nan,0,nan,0,nan,0,nan,0,nan,0,nan,0,nan,0
1597988372119227904,1597988372000000000,2020-08-21 13:39:32.000000,6535.8,6605.8,6523.0,6540.0,nan,6563.3,84044,110321680680.0,116341,6535.8,1,6535.6,3,nan,0,nan,0,nan,0,nan,0,nan,0,nan,0,nan,0,nan,0
1597988372603111936,1597988372500000000,2020-08-21 13:39:32.500000,6535.8,6605.8,6523.0,6540.0,nan,6563.3,84045,110322987840.0,116342,6536.2,1,6535.8,1,nan,0,nan,0,nan,0,nan,0,nan,0,nan,0,nan,0,nan,0
1597988373101943040,1597988373000000000,2020-08-21 13:39:33.000000,6535.8,6605.8,6523.0,6540.0,nan,6563.3,84045,110322987840.0,116342,6536.2,1,6535.8,1,nan,0,nan,0,nan,0,nan,0,nan,0,nan,0,nan,0,nan,0
1597988373625196032,1597988373500000000,2020-08-21 13:39:33.500000,6536.2,6605.8,6523.0,6540.0,nan,6563.3,84046,110324295080.0,116341,6536.6,1,6536.0,1,nan,0,nan,0,nan,0,nan,0,nan,0,nan,0,nan,0,nan,0
1597988374126016000,1597988374000000000,2020-08-21 13:39:34.000000,6536.6,6605.8,6523.0,6540.0,nan,6563.3,84049,110328216800.0,116344,6537.4,3,6535.8,1,nan,0,nan,0,nan,0,nan,0,nan,0,nan,0,nan,0,nan,0
1597988374646093056,1597988374500000000,2020-08-21 13:39:34.500000,6536.6,6605.8,6523.0,6540.0,nan,6563.3,84049,110328216800.0,116344,6536.6,2,6536.4,1,nan,0,nan,0,nan,0,nan,0,nan,0,nan,0,nan,0,nan,0
1597988375122929920,1597988375000000000,2020-08-21 13:39:35.000000,6536.4,6605.8,6523.0,6540.0,nan,6563.3,84050,110329524080.0,116345,6536.6,2,6536.2,1,nan,0,nan,0,nan,0,nan,0,nan,0,nan,0,nan,0,nan,0
1597988375614477056,1597988375500000000,2020-08-21 13:39:35.500000,6536.4,6605.8,6523.0,6540.0,nan,6563.3,84050,110329524080.0,116345,6537.4,3,6536.2,1,nan,0,nan,0,nan,0,nan,0,nan,0,nan,0,nan,0,nan,0
1597988376122204928,1597988376000000000,2020-08-21 13:39:36.000000,6536.4,6605.8,6523.0,6540.0,nan,6563.3,84050,110329524080.0,116345,6536.8,2,6536.2,2,nan,0,nan,0,nan,0,nan,0,nan,0,nan,0,nan,0,nan,0
1597988376615622912,1597988376500000000,2020-08-21 13:39:36.500000,6536.2,6605.8,6523.0,6540.0,nan,6563.3,84051,110330831320.0,116345,6537.4,3,6536.2,1,nan,0,nan,0,nan,0,nan,0,nan,0,nan,0,nan,0,nan,0
1597988377139961088,1597988377000000000,2020-08-21 13:39:37.000000,6536.8,6605.8,6523.0,6540.0,nan,6563.3,84052,110332138680.0,116346,6536.8,3,6536.2,1,nan,0,nan,0,nan,0,nan,0,nan,0,nan,0,nan,0,nan,0
1597988377616772096,1597988377500000000,2020-08-21 13:39:37.500000,6536.2,6605.8,6523.0,6540.0,nan,6563.3,84053,110333445920.0,116346,6536.2,1,6535.8,1,nan,0,nan,0,nan,0,nan,0,nan,0,nan,0,nan,0,nan,0
1597988378121688064,1597988378000000000,2020-08-21 13:39:38.000000,6536.2,6605.8,6523.0,6540.0,nan,6563.3,84053,110333445920.0,116346,6536.2,1,6535.8,1,nan,0,nan,0,nan,0,nan,0,nan,0,nan,0,nan,0,nan,0
1597988379131676928,1597988379000000000,2020-08-21 13:39:39.000000,6536.2,6605.8,6523.0,6540.0,nan,6563.3,84054,110334753160.0,116346,6536.8,3,6535.8,2,nan,0,nan,0,nan,0,nan,0,nan,0,nan,0,nan,0,nan,0
1597988379631689984,1597988379500000000,2020-08-21 13:39:39.500000,6536.2,6605.8,6523.0,6540.0,nan,6563.3,84054,110334753160.0,116346,6536.8,2,6536.0,2,nan,0,nan,0,nan,0,nan,0,nan,0,nan,0,nan,0,nan,0
1597988380136904960,1597988380000000000,2020-08-21 13:39:40.000000,6536.2,6605.8,6523.0,6540.0,nan,6563.3,84054,110334753160.0,116346,6536.4,2,6536.0,2,nan,0,nan,0,nan,0,nan,0,nan,0,nan,0,nan,0,nan,0
1597988380653157120,1597988380500000000,2020-08-21 13:39:40.500000,6536.2,6605.8,6523.0,6540.0,nan,6563.3,84057,110338674800.0,116349,6536.2,1,6535.8,2,nan,0,nan,0,nan,0,nan,0,nan,0,nan,0,nan,0,nan,0
1597988381154876928,1597988381000000000,2020-08-21 13:39:41.000000,6536.2,6605.8,6523.0,6540.0,nan,6563.3,84058,110339982040.0,116350,6536.0,2,6535.8,2,nan,0,nan,0,nan,0,nan,0,nan,0,nan,0,nan,0,nan,0
1597988381631005952,1597988381500000000,2020-08-21 13:39:41.500000,6536.0,6605.8,6523.0,6540.0,nan,6563.3,84060,110342596440.0,116350,6536.8,2,6535.8,2,nan,0,nan,0,nan,0,nan,0,nan,0,nan,0,nan,0,nan,0
1597988382142910976,1597988382000000000,2020-08-21 13:39:42.000000,6536.8,6605.8,6523.0,6540.0,nan,6563.3,84061,110343903800.0,116350,6536.8,1,6535.8,2,nan,0,nan,0,nan,0,nan,0,nan,0,nan,0,nan,0,nan,0
1597988382617114112,1597988382500000000,2020-08-21 13:39:42.500000,6536.8,6605.8,6523.0,6540.0,nan,6563.3,84061,110343903800.0,116350,6536.6,2,6535.8,3,nan,0,nan,0,nan,0,nan,0,nan,0,nan,0,nan,0,nan,0
1597988383122102016,1597988383000000000,2020-08-21 13:39:43.000000,6536.8,6605.8,6523.0,6540.0,nan,6563.3,84061,110343903800.0,116350,6536.6,2,6535.8,2,nan,0,nan,0,nan,0,nan,0,nan,0,nan,0,nan,0,nan,0
1597988383630366976,1597988383500000000,2020-08-21 13:39:43.500000,6536.8,6605.8,6523.0,6540.0,nan,6563.3,84061,110343903800.0,116350,6536.6,10,6535.8,2,nan,0,nan,0,nan,0,nan,0,nan,0,nan,0,nan,0,nan,0
1597988384133896960,1597988384000000000,2020-08-21 13:39:44.000000,6536.8,6605.8,6523.0,6540.0,nan,6563.3,84061,110343903800.0,116350,6536.6,12,6535.8,1,nan,0,nan,0,nan,0,nan,0,nan,0,nan,0,nan,0,nan,0
1597988384627330048,1597988384500000000,2020-08-21 13:39:44.500000,6536.8,6605.8,6523.0,6540.0,nan,6563.3,84061,110343903800.0,116350,6536.6,18,6535.8,1,nan,0,nan,0,nan,0,nan,0,nan,0,nan,0,nan,0,nan,0
1597988385131297024,1597988385000000000,2020-08-21 13:39:45.000000,6536.8,6605.8,6523.0,6540.0,nan,6563.3,84061,110343903800.0,116350,6536.6,18,6535.8,1,nan,0,nan,0,nan,0,nan,0,nan,0,nan,0,nan,0,nan,0
1597988385624545024,1597988385500000000,2020-08-21 13:39:45.500000,6535.8,6605.8,6523.0,6540.0,nan,6563.3,84062,110345210960.0,116351,6536.6,18,6535.6,6,nan,0,nan,0,nan,0,nan,0,nan,0,nan,0,nan,0,nan,0
1597988386118579968,1597988386000000000,2020-08-21 13:39:46.000000,6535.6,6605.8,6523.0,6540.0,nan,6563.3,84065,110349132520.0,116353,6536.6,19,6535.6,4,nan,0,nan,0,nan,0,nan,0,nan,0,nan,0,nan,0,nan,0
1597988386627121920,1597988386500000000,2020-08-21 13:39:46.500000,6535.6,6605.8,6523.0,6540.0,nan,6563.3,84066,110350439640.0,116354,6536.6,20,6535.6,3,nan,0,nan,0,nan,0,nan,0,nan,0,nan,0,nan,0,nan,0
1597988387144712960,1597988387000000000,2020-08-21 13:39:47.000000,6535.6,6605.8,6523.0,6540.0,nan,6563.3,84066,110350439640.0,116354,6536.6,20,6535.6,3,nan,0,nan,0,nan,0,nan,0,nan,0,nan,0,nan,0,nan,0
1597988387638600960,1597988387500000000,2020-08-21 13:39:47.500000,6535.6,6605.8,6523.0,6540.0,nan,6563.3,84066,110350439640.0,116354,6536.6,21,6535.6,3,nan,0,nan,0,nan,0,nan,0,nan,0,nan,0,nan,0,nan,0
1597988388144838912,1597988388000000000,2020-08-21 13:39:48.000000,6535.6,6605.8,6523.0,6540.0,nan,6563.3,84068,110353053880.0,116356,6536.0,2,6535.8,1,nan,0,nan,0,nan,0,nan,0,nan,0,nan,0,nan,0,nan,0
1597988388639045120,1597988388500000000,2020-08-21 13:39:48.500000,6535.8,6605.8,6523.0,6540.0,nan,6563.3,84072,110358282400.0,116360,6536.0,5,6535.8,2,nan,0,nan,0,nan,0,nan,0,nan,0,nan,0,nan,0,nan,0
1597988389131319040,1597988389000000000,2020-08-21 13:39:49.000000,6535.4,6605.8,6523.0,6540.0,nan,6563.3,84075,110362203800.0,116360,6536.0,5,6535.2,2,nan,0,nan,0,nan,0,nan,0,nan,0,nan,0,nan,0,nan,0
1597988389626302976,1597988389500000000,2020-08-21 13:39:49.500000,6536.0,6605.8,6523.0,6540.0,nan,6563.3,84076,110363511000.0,116360,6536.0,4,6535.8,2,nan,0,nan,0,nan,0,nan,0,nan,0,nan,0,nan,0,nan,0
1597988390161143040,1597988390000000000,2020-08-21 13:39:50.000000,6536.0,6605.8,6523.0,6540.0,nan,6563.3,84078,110366125400.0,116360,6536.0,2,6535.8,2,nan,0,nan,0,nan,0,nan,0,nan,0,nan,0,nan,0,nan,0
1597988390616484096,1597988390500000000,2020-08-21 13:39:50.500000,6535.8,6605.8,6523.0,6540.0,nan,6563.3,84081,110370046960.0,116363,6536.6,19,6535.8,1,nan,0,nan,0,nan,0,nan,0,nan,0,nan,0,nan,0,nan,0
1597988391128518912,1597988391000000000,2020-08-21 13:39:51.000000,6535.8,6605.8,6523.0,6540.0,nan,6563.3,84082,110371354120.0,116364,6535.6,1,6535.2,2,nan,0,nan,0,nan,0,nan,0,nan,0,nan,0,nan,0,nan,0
1597988391626728960,1597988391500000000,2020-08-21 13:39:51.500000,6535.6,6605.8,6523.0,6540.0,nan,6563.3,84083,110372661240.0,116364,6536.6,19,6535.8,1,nan,0,nan,0,nan,0,nan,0,nan,0,nan,0,nan,0,nan,0
1597988392124303872,1597988392000000000,2020-08-21 13:39:52.000000,6535.6,6605.8,6523.0,6540.0,nan,6563.3,84083,110372661240.0,116364,6536.6,19,6535.8,1,nan,0,nan,0,nan,0,nan,0,nan,0,nan,0,nan,0,nan,0
1597988392620876032,1597988392500000000,2020-08-21 13:39:52.500000,6536.6,6605.8,6523.0,6540.0,nan,6563.3,84085,110375275880.0,116365,6536.2,2,6535.8,1,nan,0,nan,0,nan,0,nan,0,nan,0,nan,0,nan,0,nan,0
1597988393149856000,1597988393000000000,2020-08-21 13:39:53.000000,6536.6,6605.8,6523.0,6540.0,nan,6563.3,84088,110379197680.0,116368,6536.0,2,6535.8,1,nan,0,nan,0,nan,0,nan,0,nan,0,nan,0,nan,0,nan,0
1597988393622288896,1597988393500000000,2020-08-21 13:39:53.500000,6535.8,6605.8,6523.0,6540.0,nan,6563.3,84090,110381812040.0,116369,6536.6,16,6535.2,3,nan,0,nan,0,nan,0,nan,0,nan,0,nan,0,nan,0,nan,0
1597988394153425920,1597988394000000000,2020-08-21 13:39:54.000000,6535.8,6605.8,6523.0,6540.0,nan,6563.3,84090,110381812040.0,116369,6536.4,1,6535.2,3,nan,0,nan,0,nan,0,nan,0,nan,0,nan,0,nan,0,nan,0
1597988394643406080,1597988394500000000,2020-08-21 13:39:54.500000,6535.2,6605.8,6523.0,6540.0,nan,6563.3,84091,110383119080.0,116369,6535.8,2,6535.2,2,nan,0,nan,0,nan,0,nan,0,nan,0,nan,0,nan,0,nan,0
1597988395128647936,1597988395000000000,2020-08-21 13:39:55.000000,6535.2,6605.8,6523.0,6540.0,nan,6563.3,84091,110383119080.0,116369,6536.4,1,6535.2,2,nan,0,nan,0,nan,0,nan,0,nan,0,nan,0,nan,0,nan,0
1597988395625957888,1597988395500000000,2020-08-21 13:39:55.500000,6535.0,6605.8,6523.0,6540.0,nan,6563.3,84100,110394882160.0,116376,6536.4,1,6535.0,3,nan,0,nan,0,nan,0,nan,0,nan,0,nan,0,nan,0,nan,0
1597988396147116032,1597988396000000000,2020-08-21 13:39:56.000000,6536.4,6605.8,6523.0,6540.0,nan,6563.3,84104,110400110440.0,116377,6536.4,1,6535.0,2,nan,0,nan,0,nan,0,nan,0,nan,0,nan,0,nan,0,nan,0
1597988396636924928,1597988396500000000,2020-08-21 13:39:56.500000,6534.2,6605.8,6523.0,6540.0,nan,6563.3,84112,110410565880.0,116374,6534.8,1,6534.2,4,nan,0,nan,0,nan,0,nan,0,nan,0,nan,0,nan,0,nan,0
1597988397166510080,1597988397000000000,2020-08-21 13:39:57.000000,6534.8,6605.8,6523.0,6540.0,nan,6563.3,84114,110413179800.0,116375,6536.2,1,6534.8,1,nan,0,nan,0,nan,0,nan,0,nan,0,nan,0,nan,0,nan,0
1597988397645683968,1597988397500000000,2020-08-21 13:39:57.500000,6534.8,6605.8,6523.0,6540.0,nan,6563.3,84114,110413179800.0,116375,6536.0,1,6535.0,1,nan,0,nan,0,nan,0,nan,0,nan,0,nan,0,nan,0,nan,0
1597988398135673088,1597988398000000000,2020-08-21 13:39:58.000000,6534.2,6605.8,6523.0,6540.0,nan,6563.3,84116,110415793480.0,116376,6536.0,1,6534.2,2,nan,0,nan,0,nan,0,nan,0,nan,0,nan,0,nan,0,nan,0
1597988398638414080,1597988398500000000,2020-08-21 13:39:58.500000,6534.2,6605.8,6523.0,6540.0,nan,6563.3,84118,110418407160.0,116378,6535.8,2,6534.4,3,nan,0,nan,0,nan,0,nan,0,nan,0,nan,0,nan,0,nan,0
1597988399144204032,1597988399000000000,2020-08-21 13:39:59.000000,6534.4,6605.8,6523.0,6540.0,nan,6563.3,84119,110419714040.0,116378,6535.4,1,6534.4,2,nan,0,nan,0,nan,0,nan,0,nan,0,nan,0,nan,0,nan,0
1597988399624806912,1597988399500000000,2020-08-21 13:39:59.500000,6534.4,6605.8,6523.0,6540.0,nan,6563.3,84119,110419714040.0,116378,6535.2,2,6534.4,1,nan,0,nan,0,nan,0,nan,0,nan,0,nan,0,nan,0,nan,0
1597988400138836992,1597988400000000000,2020-08-21 13:40:00.000000,6534.4,6605.8,6523.0,6540.0,nan,6563.3,84119,110419714040.0,116378,6535.2,2,6534.6,1,nan,0,nan,0,nan,0,nan,0,nan,0,nan,0,nan,0,nan,0
1597988400631565056,1597988400500000000,2020-08-21 13:40:00.500000,6534.4,6605.8,6523.0,6540.0,nan,6563.3,84123,110424941880.0,116378,6534.4,3,6534.2,2,nan,0,nan,0,nan,0,nan,0,nan,0,nan,0,nan,0,nan,0
1597988401121381120,1597988401000000000,2020-08-21 13:40:01.000000,6534.4,6605.8,6523.0,6540.0,nan,6563.3,84133,110438010680.0,116379,6536.0,2,6534.4,8,nan,0,nan,0,nan,0,nan,0,nan,0,nan,0,nan,0,nan,0
1597988401627334912,1597988401500000000,2020-08-21 13:40:01.500000,6536.0,6605.8,6523.0,6540.0,nan,6563.3,84134,110439317880.0,116380,6536.0,3,6534.8,1,nan,0,nan,0,nan,0,nan,0,nan,0,nan,0,nan,0,nan,0
1597988402149792000,1597988402000000000,2020-08-21 13:40:02.000000,6536.0,6605.8,6523.0,6540.0,nan,6563.3,84139,110445853640.0,116383,6536.6,1,6536.0,8,nan,0,nan,0,nan,0,nan,0,nan,0,nan,0,nan,0,nan,0
1597988402628058112,1597988402500000000,2020-08-21 13:40:02.500000,6536.0,6605.8,6523.0,6540.0,nan,6563.3,84140,110447160840.0,116383,6536.2,2,6536.0,7,nan,0,nan,0,nan,0,nan,0,nan,0,nan,0,nan,0,nan,0
1597988403138287104,1597988403000000000,2020-08-21 13:40:03.000000,6536.0,6605.8,6523.0,6540.0,nan,6563.3,84149,110458925680.0,116386,6537.4,3,6535.2,11,nan,0,nan,0,nan,0,nan,0,nan,0,nan,0,nan,0,nan,0
1597988403624726016,1597988403500000000,2020-08-21 13:40:03.500000,6536.2,6605.8,6523.0,6540.0,nan,6563.3,84150,110460232920.0,116386,6536.0,1,6535.2,11,nan,0,nan,0,nan,0,nan,0,nan,0,nan,0,nan,0,nan,0
1597988404024103936,1597988404000000000,2020-08-21 13:40:04.000000,6536.2,6605.8,6523.0,6540.0,nan,6563.3,84150,110460232920.0,116386,6536.0,1,6535.2,11,nan,0,nan,0,nan,0,nan,0,nan,0,nan,0,nan,0,nan,0
1597988404537586944,1597988404500000000,2020-08-21 13:40:04.500000,6535.2,6605.8,6523.0,6540.0,nan,6563.3,84153,110464154040.0,116389,6536.0,2,6535.2,8,nan,0,nan,0,nan,0,nan,0,nan,0,nan,0,nan,0,nan,0
1597988405027257088,1597988405000000000,2020-08-21 13:40:05.000000,6535.8,6605.8,6523.0,6540.0,nan,6563.3,84160,110473303440.0,116395,6536.0,3,6535.2,7,nan,0,nan,0,nan,0,nan,0,nan,0,nan,0,nan,0,nan,0
1597988405530795008,1597988405500000000,2020-08-21 13:40:05.500000,6535.2,6605.8,6523.0,6540.0,nan,6563.3,84164,110478531600.0,116399,6536.0,4,6535.2,8,nan,0,nan,0,nan,0,nan,0,nan,0,nan,0,nan,0,nan,0
1597988406024156928,1597988406000000000,2020-08-21 13:40:06.000000,6535.8,6605.8,6523.0,6540.0,nan,6563.3,84166,110481145800.0,116401,6536.0,3,6535.2,12,nan,0,nan,0,nan,0,nan,0,nan,0,nan,0,nan,0,nan,0
1597988406536972032,1597988406500000000,2020-08-21 13:40:06.500000,6535.2,6605.8,6523.0,6540.0,nan,6563.3,84170,110486374120.0,116403,6535.6,2,6535.2,9,nan,0,nan,0,nan,0,nan,0,nan,0,nan,0,nan,0,nan,0
1597988407039994880,1597988407000000000,2020-08-21 13:40:07.000000,6535.2,6605.8,6523.0,6540.0,nan,6563.3,84178,110496830520.0,116408,6536.0,2,6535.2,2,nan,0,nan,0,nan,0,nan,0,nan,0,nan,0,nan,0,nan,0
1597988407548210944,1597988407500000000,2020-08-21 13:40:07.500000,6535.8,6605.8,6523.0,6540.0,nan,6563.3,84192,110515130280.0,116415,6535.8,1,6535.2,3,nan,0,nan,0,nan,0,nan,0,nan,0,nan,0,nan,0,nan,0
1597988408089210112,1597988408000000000,2020-08-21 13:40:08.000000,6535.2,6605.8,6523.0,6540.0,nan,6563.3,84198,110522972680.0,116416,6535.4,3,6535.0,1,nan,0,nan,0,nan,0,nan,0,nan,0,nan,0,nan,0,nan,0
1597988408544984064,1597988408500000000,2020-08-21 13:40:08.500000,6535.4,6605.8,6523.0,6540.0,nan,6563.3,84201,110526893800.0,116417,6535.0,2,6534.6,2,nan,0,nan,0,nan,0,nan,0,nan,0,nan,0,nan,0,nan,0
1597988409078439936,1597988409000000000,2020-08-21 13:40:09.000000,6535.2,6605.8,6523.0,6540.0,nan,6563.3,84204,110530814560.0,116418,6535.4,2,6534.2,1,nan,0,nan,0,nan,0,nan,0,nan,0,nan,0,nan,0,nan,0
1597988409548184064,1597988409500000000,2020-08-21 13:40:09.500000,6534.4,6605.8,6523.0,6540.0,nan,6563.3,84205,110532121440.0,116417,6535.4,2,6535.0,1,nan,0,nan,0,nan,0,nan,0,nan,0,nan,0,nan,0,nan,0
1597988410047932928,1597988410000000000,2020-08-21 13:40:10.000000,6535.0,6605.8,6523.0,6540.0,nan,6563.3,84206,110533428440.0,116417,6534.8,1,6534.2,1,nan,0,nan,0,nan,0,nan,0,nan,0,nan,0,nan,0,nan,0
1597988410547440128,1597988410500000000,2020-08-21 13:40:10.500000,6534.2,6605.8,6523.0,6540.0,nan,6563.3,84207,110534735280.0,116418,6534.4,1,6534.0,27,nan,0,nan,0,nan,0,nan,0,nan,0,nan,0,nan,0,nan,0
1597988411041851904,1597988411000000000,2020-08-21 13:40:11.000000,6534.0,6605.8,6523.0,6540.0,nan,6563.3,84210,110538655680.0,116419,6534.4,1,6534.0,24,nan,0,nan,0,nan,0,nan,0,nan,0,nan,0,nan,0,nan,0
1597988411543124992,1597988411500000000,2020-08-21 13:40:11.500000,6534.0,6605.8,6523.0,6540.0,nan,6563.3,84215,110545189760.0,116419,6534.4,1,6534.0,20,nan,0,nan,0,nan,0,nan,0,nan,0,nan,0,nan,0,nan,0
1597988412045181952,1597988412000000000,2020-08-21 13:40:12.000000,6534.8,6605.8,6523.0,6540.0,nan,6563.3,84220,110551724160.0,116422,6535.0,4,6534.8,3,nan,0,nan,0,nan,0,nan,0,nan,0,nan,0,nan,0,nan,0
1597988412539747072,1597988412500000000,2020-08-21 13:40:12.500000,6534.0,6605.8,6523.0,6540.0,nan,6563.3,84228,110562179640.0,116428,6534.8,1,6534.4,1,nan,0,nan,0,nan,0,nan,0,nan,0,nan,0,nan,0,nan,0
1597988413042162944,1597988413000000000,2020-08-21 13:40:13.000000,6534.8,6605.8,6523.0,6540.0,nan,6563.3,84230,110564793480.0,116429,6535.0,1,6534.0,17,nan,0,nan,0,nan,0,nan,0,nan,0,nan,0,nan,0,nan,0
1597988413544430080,1597988413500000000,2020-08-21 13:40:13.500000,6535.0,6605.8,6523.0,6540.0,nan,6563.3,84232,110567407480.0,116429,6535.4,2,6535.0,1,nan,0,nan,0,nan,0,nan,0,nan,0,nan,0,nan,0,nan,0
1597988414095311872,1597988414000000000,2020-08-21 13:40:14.000000,6535.2,6605.8,6523.0,6540.0,nan,6563.3,84238,110575249920.0,116433,6536.0,1,6535.4,2,nan,0,nan,0,nan,0,nan,0,nan,0,nan,0,nan,0,nan,0
1597988414541509120,1597988414500000000,2020-08-21 13:40:14.500000,6534.8,6605.8,6523.0,6540.0,nan,6563.3,84247,110587013280.0,116442,6536.0,1,6534.8,5,nan,0,nan,0,nan,0,nan,0,nan,0,nan,0,nan,0,nan,0
1597988415041836032,1597988415000000000,2020-08-21 13:40:15.000000,6535.4,6605.8,6523.0,6540.0,nan,6563.3,84249,110589627320.0,116443,6535.4,2,6534.8,4,nan,0,nan,0,nan,0,nan,0,nan,0,nan,0,nan,0,nan,0
1597988415542222080,1597988415500000000,2020-08-21 13:40:15.500000,6534.0,6605.8,6523.0,6540.0,nan,6563.3,84257,110600082720.0,116449,6534.8,1,6534.0,16,nan,0,nan,0,nan,0,nan,0,nan,0,nan,0,nan,0,nan,0
1597988416072581888,1597988416000000000,2020-08-21 13:40:16.000000,6534.0,6605.8,6523.0,6540.0,nan,6563.3,84258,110601389520.0,116450,6534.4,2,6534.0,15,nan,0,nan,0,nan,0,nan,0,nan,0,nan,0,nan,0,nan,0
1597988416562163968,1597988416500000000,2020-08-21 13:40:16.500000,6534.4,6605.8,6523.0,6540.0,nan,6563.3,84278,110627525520.0,116465,6534.8,1,6534.4,9,nan,0,nan,0,nan,0,nan,0,nan,0,nan,0,nan,0,nan,0
1597988417079288064,1597988417000000000,2020-08-21 13:40:17.000000,6534.4,6605.8,6523.0,6540.0,nan,6563.2,84282,110632753040.0,116468,6534.6,1,6534.4,5,nan,0,nan,0,nan,0,nan,0,nan,0,nan,0,nan,0,nan,0
1597988417557643008,1597988417500000000,2020-08-21 13:40:17.500000,6534.4,6605.8,6523.0,6540.0,nan,6563.2,84287,110639287440.0,116472,6534.4,5,6533.2,5,nan,0,nan,0,nan,0,nan,0,nan,0,nan,0,nan,0,nan,0
1597988418076796928,1597988418000000000,2020-08-21 13:40:18.000000,6533.4,6605.8,6523.0,6540.0,nan,6563.2,84289,110641901000.0,116472,6534.2,1,6533.2,5,nan,0,nan,0,nan,0,nan,0,nan,0,nan,0,nan,0,nan,0
1597988418553530112,1597988418500000000,2020-08-21 13:40:18.500000,6533.2,6605.8,6523.0,6540.0,nan,6563.2,84292,110645820920.0,116473,6534.2,1,6533.2,2,nan,0,nan,0,nan,0,nan,0,nan,0,nan,0,nan,0,nan,0
1597988419049370880,1597988419000000000,2020-08-21 13:40:19.000000,6534.2,6605.8,6523.0,6540.0,nan,6563.2,84294,110648434400.0,116474,6534.2,1,6533.2,1,nan,0,nan,0,nan,0,nan,0,nan,0,nan,0,nan,0,nan,0
1597988419547855872,1597988419500000000,2020-08-21 13:40:19.500000,6533.2,6605.8,6523.0,6540.0,nan,6563.2,84295,110649741040.0,116473,6533.2,6,6533.0,11,nan,0,nan,0,nan,0,nan,0,nan,0,nan,0,nan,0,nan,0
1597988420081031936,1597988420000000000,2020-08-21 13:40:20.000000,6533.0,6605.8,6523.0,6540.0,nan,6563.2,84301,110657580680.0,116476,6533.2,5,6533.0,6,nan,0,nan,0,nan,0,nan,0,nan,0,nan,0,nan,0,nan,0
1597988420560663040,1597988420500000000,2020-08-21 13:40:20.500000,6533.0,6605.8,6523.0,6540.0,nan,6563.2,84311,110670646440.0,116480,6533.0,2,6532.6,13,nan,0,nan,0,nan,0,nan,0,nan,0,nan,0,nan,0,nan,0
1597988421079151104,1597988421000000000,2020-08-21 13:40:21.000000,6532.6,6605.8,6523.0,6540.0,nan,6563.2,84314,110674566000.0,116479,6533.0,1,6532.6,10,nan,0,nan,0,nan,0,nan,0,nan,0,nan,0,nan,0,nan,0
1597988421555481088,1597988421500000000,2020-08-21 13:40:21.500000,6532.6,6605.8,6523.0,6540.0,nan,6563.2,84319,110681098680.0,116479,6533.2,6,6532.6,6,nan,0,nan,0,nan,0,nan,0,nan,0,nan,0,nan,0,nan,0
1597988422054374912,1597988422000000000,2020-08-21 13:40:22.000000,6532.6,6605.8,6523.0,6540.0,nan,6563.2,84321,110683711840.0,116479,6533.0,1,6532.6,6,nan,0,nan,0,nan,0,nan,0,nan,0,nan,0,nan,0,nan,0
1597988422556431104,1597988422500000000,2020-08-21 13:40:22.500000,6532.6,6605.8,6523.0,6540.0,nan,6563.2,84324,110687631480.0,116479,6533.2,5,6533.0,1,nan,0,nan,0,nan,0,nan,0,nan,0,nan,0,nan,0,nan,0
1597988423077152000,1597988423000000000,2020-08-21 13:40:23.000000,6533.2,6605.8,6523.0,6540.0,nan,6563.2,84326,110690244760.0,116478,6533.2,3,6533.0,1,nan,0,nan,0,nan,0,nan,0,nan,0,nan,0,nan,0,nan,0
1597988423542415104,1597988423500000000,2020-08-21 13:40:23.500000,6533.2,6605.8,6523.0,6540.0,nan,6563.2,84330,110695471320.0,116479,6534.4,9,6533.0,1,nan,0,nan,0,nan,0,nan,0,nan,0,nan,0,nan,0,nan,0
1597988424120365056,1597988424000000000,2020-08-21 13:40:24.000000,6533.2,6605.8,6523.0,6540.0,nan,6563.2,84331,110696777960.0,116479,6534.2,1,6533.0,1,nan,0,nan,0,nan,0,nan,0,nan,0,nan,0,nan,0,nan,0
1597988424544923904,1597988424500000000,2020-08-21 13:40:24.500000,6534.2,6605.8,6523.0,6540.0,nan,6563.2,84333,110699391600.0,116479,6534.4,9,6534.2,8,nan,0,nan,0,nan,0,nan,0,nan,0,nan,0,nan,0,nan,0
1597988425050880000,1597988425000000000,2020-08-21 13:40:25.000000,6534.2,6605.8,6523.0,6540.0,nan,6563.2,84341,110709846360.0,116485,6534.4,7,6534.2,1,nan,0,nan,0,nan,0,nan,0,nan,0,nan,0,nan,0,nan,0
1597988425558802944,1597988425500000000,2020-08-21 13:40:25.500000,6534.2,6605.8,6523.0,6540.0,nan,6563.2,84343,110712460040.0,116486,6534.2,3,6533.0,1,nan,0,nan,0,nan,0,nan,0,nan,0,nan,0,nan,0,nan,0
1597988426112877056,1597988426000000000,2020-08-21 13:40:26.000000,6533.4,6605.8,6523.0,6540.0,nan,6563.2,84345,110715073560.0,116486,6534.4,7,6533.2,2,nan,0,nan,0,nan,0,nan,0,nan,0,nan,0,nan,0,nan,0
1597988426546895104,1597988426500000000,2020-08-21 13:40:26.500000,6534.4,6605.8,6523.0,6540.0,nan,6563.2,84352,110724221160.0,116485,6534.4,4,6533.0,1,nan,0,nan,0,nan,0,nan,0,nan,0,nan,0,nan,0,nan,0
1597988427040845056,1597988427000000000,2020-08-21 13:40:27.000000,6534.2,6605.8,6523.0,6540.0,nan,6563.2,84354,110726834880.0,116485,6534.4,4,6534.2,1,nan,0,nan,0,nan,0,nan,0,nan,0,nan,0,nan,0,nan,0
1597988427541047040,1597988427500000000,2020-08-21 13:40:27.500000,6534.4,6605.8,6523.0,6540.0,nan,6563.2,84355,110728141760.0,116485,6534.4,4,6533.8,1,nan,0,nan,0,nan,0,nan,0,nan,0,nan,0,nan,0,nan,0
1597988428039468032,1597988428000000000,2020-08-21 13:40:28.000000,6534.0,6605.8,6523.0,6540.0,nan,6563.2,84357,110730755440.0,116485,6534.2,2,6533.8,1,nan,0,nan,0,nan,0,nan,0,nan,0,nan,0,nan,0,nan,0
1597988428558255104,1597988428500000000,2020-08-21 13:40:28.500000,6533.8,6605.8,6523.0,6540.0,nan,6563.2,84361,110735982760.0,116486,6534.4,2,6534.2,1,nan,0,nan,0,nan,0,nan,0,nan,0,nan,0,nan,0,nan,0
1597988429077697024,1597988429000000000,2020-08-21 13:40:29.000000,6534.2,6605.8,6523.0,6540.0,nan,6563.2,84362,110737289600.0,116487,6534.4,3,6533.2,3,nan,0,nan,0,nan,0,nan,0,nan,0,nan,0,nan,0,nan,0
1597988429547595008,1597988429500000000,2020-08-21 13:40:29.500000,6535.0,6605.8,6523.0,6540.0,nan,6563.2,84369,110746437760.0,116489,6535.2,1,6533.6,1,nan,0,nan,0,nan,0,nan,0,nan,0,nan,0,nan,0,nan,0
1597988430042087936,1597988430000000000,2020-08-21 13:40:30.000000,6535.2,6605.8,6523.0,6540.0,nan,6563.2,84372,110750358600.0,116490,6536.4,1,6535.2,9,nan,0,nan,0,nan,0,nan,0,nan,0,nan,0,nan,0,nan,0
1597988430542872064,1597988430500000000,2020-08-21 13:40:30.500000,6535.2,6605.8,6523.0,6540.0,nan,6563.2,84379,110759507880.0,116494,6536.2,5,6535.2,2,nan,0,nan,0,nan,0,nan,0,nan,0,nan,0,nan,0,nan,0
1597988431043435008,1597988431000000000,2020-08-21 13:40:31.000000,6535.2,6605.8,6523.0,6540.0,nan,6563.2,84379,110759507880.0,116494,6535.8,2,6535.2,16,nan,0,nan,0,nan,0,nan,0,nan,0,nan,0,nan,0,nan,0
1597988431558650112,1597988431500000000,2020-08-21 13:40:31.500000,6535.8,6605.8,6523.0,6540.0,nan,6563.2,84382,110763429240.0,116496,6535.6,1,6535.2,22,nan,0,nan,0,nan,0,nan,0,nan,0,nan,0,nan,0,nan,0
1597988432076900096,1597988432000000000,2020-08-21 13:40:32.000000,6535.6,6605.8,6523.0,6540.0,nan,6563.2,84386,110768657800.0,116499,6536.2,2,6535.6,10,nan,0,nan,0,nan,0,nan,0,nan,0,nan,0,nan,0,nan,0
1597988432549124096,1597988432500000000,2020-08-21 13:40:32.500000,6536.2,6605.8,6523.0,6540.0,nan,6563.2,84389,110772579520.0,116502,6536.8,1,6535.6,10,nan,0,nan,0,nan,0,nan,0,nan,0,nan,0,nan,0,nan,0
1597988433086937088,1597988433000000000,2020-08-21 13:40:33.000000,6535.8,6605.8,6523.0,6540.0,nan,6563.2,84391,110775193840.0,116502,6536.6,1,6535.8,1,nan,0,nan,0,nan,0,nan,0,nan,0,nan,0,nan,0,nan,0
1597988433559372032,1597988433500000000,2020-08-21 13:40:33.500000,6536.6,6605.8,6523.0,6540.0,nan,6563.2,84393,110777808480.0,116503,6536.8,1,6535.8,9,nan,0,nan,0,nan,0,nan,0,nan,0,nan,0,nan,0,nan,0
1597988434056007936,1597988434000000000,2020-08-21 13:40:34.000000,6537.4,6605.8,6523.0,6540.0,nan,6563.2,84396,110781730760.0,116503,6537.4,2,6537.0,1,nan,0,nan,0,nan,0,nan,0,nan,0,nan,0,nan,0,nan,0
1597988434566974976,1597988434500000000,2020-08-21 13:40:34.500000,6537.0,6605.8,6523.0,6540.0,nan,6563.2,84400,110786960600.0,116506,6537.6,1,6536.8,2,nan,0,nan,0,nan,0,nan,0,nan,0,nan,0,nan,0,nan,0
1597988435076436992,1597988435000000000,2020-08-21 13:40:35.000000,6537.2,6605.8,6523.0,6540.0,nan,6563.2,84402,110789575440.0,116508,6537.2,1,6537.0,1,nan,0,nan,0,nan,0,nan,0,nan,0,nan,0,nan,0,nan,0
1597988435552515072,1597988435500000000,2020-08-21 13:40:35.500000,6537.0,6605.8,6523.0,6540.0,nan,6563.2,84407,110796112640.0,116511,6538.0,1,6536.8,7,nan,0,nan,0,nan,0,nan,0,nan,0,nan,0,nan,0,nan,0
1597988436099204096,1597988436000000000,2020-08-21 13:40:36.000000,6537.0,6605.8,6523.0,6540.0,nan,6563.2,84407,110796112640.0,116511,6537.4,2,6537.0,1,nan,0,nan,0,nan,0,nan,0,nan,0,nan,0,nan,0,nan,0
1597988436567412992,1597988436500000000,2020-08-21 13:40:36.500000,6537.8,6605.8,6523.0,6540.0,nan,6563.2,84414,110805265240.0,116516,6538.0,1,6537.8,4,nan,0,nan,0,nan,0,nan,0,nan,0,nan,0,nan,0,nan,0
1597988437073008896,1597988437000000000,2020-08-21 13:40:37.000000,6537.8,6605.8,6523.0,6540.0,nan,6563.2,84420,110813110960.0,116518,6538.4,4,6537.8,7,nan,0,nan,0,nan,0,nan,0,nan,0,nan,0,nan,0,nan,0
1597988437561243904,1597988437500000000,2020-08-21 13:40:37.500000,6538.4,6605.8,6523.0,6540.0,nan,6563.2,84426,110820957040.0,116524,6538.6,3,6538.0,1,nan,0,nan,0,nan,0,nan,0,nan,0,nan,0,nan,0,nan,0
1597988438081648896,1597988438000000000,2020-08-21 13:40:38.000000,6538.6,6605.8,6523.0,6540.0,nan,6563.2,84436,110834034440.0,116528,6538.8,1,6538.2,1,nan,0,nan,0,nan,0,nan,0,nan,0,nan,0,nan,0,nan,0
1597988438566181888,1597988438500000000,2020-08-21 13:40:38.500000,6538.8,6605.8,6523.0,6540.0,nan,6563.2,84444,110844497000.0,116529,6539.0,1,6538.6,4,nan,0,nan,0,nan,0,nan,0,nan,0,nan,0,nan,0,nan,0
1597988439071799040,1597988439000000000,2020-08-21 13:40:39.000000,6539.0,6605.8,6523.0,6540.0,nan,6563.2,84454,110857576560.0,116531,6541.8,6,6539.0,6,nan,0,nan,0,nan,0,nan,0,nan,0,nan,0,nan,0,nan,0
1597988439564816896,1597988439500000000,2020-08-21 13:40:39.500000,6539.0,6605.8,6523.0,6540.0,nan,6563.2,84454,110857576560.0,116531,6539.6,1,6539.2,1,nan,0,nan,0,nan,0,nan,0,nan,0,nan,0,nan,0,nan,0
1597988440066129920,1597988440000000000,2020-08-21 13:40:40.000000,6539.4,6605.8,6523.0,6540.0,nan,6563.2,84457,110861500160.0,116533,6540.4,1,6539.0,11,nan,0,nan,0,nan,0,nan,0,nan,0,nan,0,nan,0,nan,0
1597988440576584960,1597988440500000000,2020-08-21 13:40:40.500000,6539.0,6605.8,6523.0,6540.0,nan,6563.2,84459,110864115760.0,116533,6540.2,2,6539.0,10,nan,0,nan,0,nan,0,nan,0,nan,0,nan,0,nan,0,nan,0
1597988441073108992,1597988441000000000,2020-08-21 13:40:41.000000,6539.0,6605.8,6523.0,6540.0,nan,6563.2,84463,110869346960.0,116536,6539.2,1,6539.0,6,nan,0,nan,0,nan,0,nan,0,nan,0,nan,0,nan,0,nan,0
1597988441567043072,1597988441500000000,2020-08-21 13:40:41.500000,6539.0,6605.8,6523.0,6540.0,nan,6563.2,84478,110888963880.0,116546,6539.0,2,6538.8,1,nan,0,nan,0,nan,0,nan,0,nan,0,nan,0,nan,0,nan,0
1597988442075542016,1597988442000000000,2020-08-21 13:40:42.000000,6537.8,6605.8,6523.0,6540.0,nan,6563.2,84485,110898117480.0,116551,6538.8,2,6537.0,5,nan,0,nan,0,nan,0,nan,0,nan,0,nan,0,nan,0,nan,0
1597988442564024064,1597988442500000000,2020-08-21 13:40:42.500000,6538.8,6605.8,6523.0,6540.0,nan,6563.2,84494,110909887000.0,116554,6539.2,1,6538.8,2,nan,0,nan,0,nan,0,nan,0,nan,0,nan,0,nan,0,nan,0
1597988443083049984,1597988443000000000,2020-08-21 13:40:43.000000,6538.8,6605.8,6523.0,6540.0,nan,6563.2,84499,110916426320.0,116557,6538.8,7,6538.0,1,nan,0,nan,0,nan,0,nan,0,nan,0,nan,0,nan,0,nan,0
1597988443551799040,1597988443500000000,2020-08-21 13:40:43.500000,6541.6,6605.8,6523.0,6540.0,nan,6563.2,84511,110932120440.0,116560,6541.6,3,6538.8,1,nan,0,nan,0,nan,0,nan,0,nan,0,nan,0,nan,0,nan,0
1597988444087407104,1597988444000000000,2020-08-21 13:40:44.000000,6541.6,6605.8,6523.0,6540.0,nan,6563.2,84511,110932120440.0,116560,6540.2,3,6539.0,2,nan,0,nan,0,nan,0,nan,0,nan,0,nan,0,nan,0,nan,0
1597988444561541120,1597988444500000000,2020-08-21 13:40:44.500000,6540.2,6605.8,6523.0,6540.0,nan,6563.2,84515,110937352400.0,116563,6539.6,2,6539.4,1,nan,0,nan,0,nan,0,nan,0,nan,0,nan,0,nan,0,nan,0
1597988445060453888,1597988445000000000,2020-08-21 13:40:45.000000,6539.6,6605.8,6523.0,6540.0,nan,6563.2,84520,110943892000.0,116565,6540.6,1,6540.2,1,nan,0,nan,0,nan,0,nan,0,nan,0,nan,0,nan,0,nan,0
1597988445575266048,1597988445500000000,2020-08-21 13:40:45.500000,6540.2,6605.8,6523.0,6540.0,nan,6563.2,84522,110946508080.0,116566,6540.2,1,6539.6,1,nan,0,nan,0,nan,0,nan,0,nan,0,nan,0,nan,0,nan,0
1597988446083537920,1597988446000000000,2020-08-21 13:40:46.000000,6539.8,6605.8,6523.0,6540.0,nan,6563.2,84527,110953048520.0,116567,6539.8,1,6539.6,1,nan,0,nan,0,nan,0,nan,0,nan,0,nan,0,nan,0,nan,0
1597988446558214912,1597988446500000000,2020-08-21 13:40:46.500000,6540.0,6605.8,6523.0,6540.0,nan,6563.2,84531,110958280560.0,116567,6541.6,4,6539.8,6,nan,0,nan,0,nan,0,nan,0,nan,0,nan,0,nan,0,nan,0
1597988447076754944,1597988447000000000,2020-08-21 13:40:47.000000,6540.0,6605.8,6523.0,6540.0,nan,6563.2,84538,110967438200.0,116572,6540.6,2,6540.0,2,nan,0,nan,0,nan,0,nan,0,nan,0,nan,0,nan,0,nan,0
1597988447571105024,1597988447500000000,2020-08-21 13:40:47.500000,6540.2,6605.8,6523.0,6540.0,nan,6563.2,84541,110971362480.0,116573,6540.2,1,6540.0,1,nan,0,nan,0,nan,0,nan,0,nan,0,nan,0,nan,0,nan,0
1597988448078963968,1597988448000000000,2020-08-21 13:40:48.000000,6540.8,6605.8,6523.0,6540.0,nan,6563.2,84546,110977902720.0,116576,6541.4,3,6540.2,1,nan,0,nan,0,nan,0,nan,0,nan,0,nan,0,nan,0,nan,0
1597988448564476928,1597988448500000000,2020-08-21 13:40:48.500000,6540.6,6605.8,6523.0,6540.0,nan,6563.2,84547,110979210840.0,116577,6540.8,2,6540.2,1,nan,0,nan,0,nan,0,nan,0,nan,0,nan,0,nan,0,nan,0
1597988449056389120,1597988449000000000,2020-08-21 13:40:49.000000,6540.6,6605.8,6523.0,6540.0,nan,6563.2,84551,110984443080.0,116581,6540.8,2,6540.6,2,nan,0,nan,0,nan,0,nan,0,nan,0,nan,0,nan,0,nan,0
1597988449555005952,1597988449500000000,2020-08-21 13:40:49.500000,6540.6,6605.8,6523.0,6540.0,nan,6563.2,84554,110988367440.0,116583,6540.6,3,6539.8,1,nan,0,nan,0,nan,0,nan,0,nan,0,nan,0,nan,0,nan,0
1597988450071130112,1597988450000000000,2020-08-21 13:40:50.000000,6539.8,6605.8,6523.0,6540.0,nan,6563.2,84556,110990983520.0,116585,6539.8,5,6539.4,2,nan,0,nan,0,nan,0,nan,0,nan,0,nan,0,nan,0,nan,0
1597988450560348928,1597988450500000000,2020-08-21 13:40:50.500000,6539.6,6605.8,6523.0,6540.0,nan,6563.2,84558,110993599320.0,116586,6539.6,1,6539.4,1,nan,0,nan,0,nan,0,nan,0,nan,0,nan,0,nan,0,nan,0
1597988451079812096,1597988451000000000,2020-08-21 13:40:51.000000,6539.6,6605.8,6523.0,6540.0,nan,6563.2,84567,111005370480.0,116591,6539.8,5,6539.6,3,nan,0,nan,0,nan,0,nan,0,nan,0,nan,0,nan,0,nan,0
1597988451563852032,1597988451500000000,2020-08-21 13:40:51.500000,6539.8,6605.8,6523.0,6540.0,nan,6563.2,84570,111009294360.0,116594,6539.8,2,6539.6,3,nan,0,nan,0,nan,0,nan,0,nan,0,nan,0,nan,0,nan,0
1597988452069139968,1597988452000000000,2020-08-21 13:40:52.000000,6539.6,6605.8,6523.0,6540.0,nan,6563.2,84576,111017141960.0,116599,6539.4,1,6539.2,1,nan,0,nan,0,nan,0,nan,0,nan,0,nan,0,nan,0,nan,0
1597988452557733120,1597988452500000000,2020-08-21 13:40:52.500000,6539.2,6605.8,6523.0,6540.0,nan,6563.2,84577,111018449800.0,116600,6539.4,1,6538.8,2,nan,0,nan,0,nan,0,nan,0,nan,0,nan,0,nan,0,nan,0
1597988453077159936,1597988453000000000,2020-08-21 13:40:53.000000,6539.2,6605.8,6523.0,6540.0,nan,6563.2,84577,111018449800.0,116600,6539.4,1,6539.2,1,nan,0,nan,0,nan,0,nan,0,nan,0,nan,0,nan,0,nan,0
1597988453564211968,1597988453500000000,2020-08-21 13:40:53.500000,6539.2,6605.8,6523.0,6540.0,nan,6563.2,84578,111019757640.0,116601,6539.2,5,6538.8,2,nan,0,nan,0,nan,0,nan,0,nan,0,nan,0,nan,0,nan,0
1597988454075514880,1597988454000000000,2020-08-21 13:40:54.000000,6539.2,6605.8,6523.0,6540.0,nan,6563.2,84578,111019757640.0,116601,6539.2,5,6538.8,2,nan,0,nan,0,nan,0,nan,0,nan,0,nan,0,nan,0,nan,0
1597988454558532096,1597988454500000000,2020-08-21 13:40:54.500000,6538.8,6605.8,6523.0,6540.0,nan,6563.2,84581,111023680920.0,116603,6538.8,2,6538.2,1,nan,0,nan,0,nan,0,nan,0,nan,0,nan,0,nan,0,nan,0
1597988455058213120,1597988455000000000,2020-08-21 13:40:55.000000,6538.2,6605.8,6523.0,6540.0,nan,6563.2,84586,111030219360.0,116607,6538.2,2,6538.0,1,nan,0,nan,0,nan,0,nan,0,nan,0,nan,0,nan,0,nan,0
1597988455556265984,1597988455500000000,2020-08-21 13:40:55.500000,6538.2,6605.8,6523.0,6540.0,nan,6563.2,84589,111034142280.0,116608,6539.2,5,6538.0,1,nan,0,nan,0,nan,0,nan,0,nan,0,nan,0,nan,0,nan,0
1597988456077035008,1597988456000000000,2020-08-21 13:40:56.000000,6538.4,6605.8,6523.0,6540.0,nan,6563.2,84592,111038065240.0,116608,6539.0,2,6538.0,1,nan,0,nan,0,nan,0,nan,0,nan,0,nan,0,nan,0,nan,0
1597988456571651072,1597988456500000000,2020-08-21 13:40:56.500000,6538.0,6605.8,6523.0,6540.0,nan,6563.2,84595,111041988080.0,116611,6538.0,1,6537.2,1,nan,0,nan,0,nan,0,nan,0,nan,0,nan,0,nan,0,nan,0
1597988457076152064,1597988457000000000,2020-08-21 13:40:57.000000,6538.0,6605.8,6523.0,6540.0,nan,6563.2,84595,111041988080.0,116611,6537.8,1,6537.4,3,nan,0,nan,0,nan,0,nan,0,nan,0,nan,0,nan,0,nan,0
1597988457557125120,1597988457500000000,2020-08-21 13:40:57.500000,6537.8,6605.8,6523.0,6540.0,nan,6563.2,84596,111043295640.0,116611,6538.0,1,6537.4,3,nan,0,nan,0,nan,0,nan,0,nan,0,nan,0,nan,0,nan,0
1597988458059373056,1597988458000000000,2020-08-21 13:40:58.000000,6537.8,6605.8,6523.0,6540.0,nan,6563.2,84596,111043295640.0,116611,6538.0,1,6537.4,2,nan,0,nan,0,nan,0,nan,0,nan,0,nan,0,nan,0,nan,0
1597988458552892928,1597988458500000000,2020-08-21 13:40:58.500000,6537.4,6605.8,6523.0,6540.0,nan,6563.2,84597,111044603120.0,116612,6538.0,1,6537.4,1,nan,0,nan,0,nan,0,nan,0,nan,0,nan,0,nan,0,nan,0
1597988459077796096,1597988459000000000,2020-08-21 13:40:59.000000,6537.4,6605.8,6523.0,6540.0,nan,6563.2,84598,111045910600.0,116611,6538.0,1,6537.8,1,nan,0,nan,0,nan,0,nan,0,nan,0,nan,0,nan,0,nan,0
1597988459558274048,1597988459500000000,2020-08-21 13:40:59.500000,6537.6,6605.8,6523.0,6540.0,nan,6563.2,84599,111047218120.0,116612,6538.0,1,6537.2,1,nan,0,nan,0,nan,0,nan,0,nan,0,nan,0,nan,0,nan,0
1597988460058439936,1597988460000000000,2020-08-21 13:41:00.000000,6538.0,6605.8,6523.0,6540.0,nan,6563.2,84601,111049833160.0,116612,6539.0,2,6537.6,1,nan,0,nan,0,nan,0,nan,0,nan,0,nan,0,nan,0,nan,0
1597988460558661120,1597988460500000000,2020-08-21 13:41:00.500000,6539.0,6605.8,6523.0,6540.0,nan,6563.2,84605,111055063840.0,116614,6539.2,7,6537.0,5,nan,0,nan,0,nan,0,nan,0,nan,0,nan,0,nan,0,nan,0
1597988461057982976,1597988461000000000,2020-08-21 13:41:01.000000,6539.0,6605.8,6523.0,6540.0,nan,6563.2,84605,111055063840.0,116614,6538.8,1,6537.8,1,nan,0,nan,0,nan,0,nan,0,nan,0,nan,0,nan,0,nan,0
1597988461565366016,1597988461500000000,2020-08-21 13:41:01.500000,6538.8,6605.8,6523.0,6540.0,nan,6563.1,84608,111058987120.0,116615,6539.2,7,6539.0,1,nan,0,nan,0,nan,0,nan,0,nan,0,nan,0,nan,0,nan,0
1597988462078618880,1597988462000000000,2020-08-21 13:41:02.000000,6539.2,6605.8,6523.0,6540.0,nan,6563.1,84611,111062910560.0,116616,6539.2,6,6537.8,1,nan,0,nan,0,nan,0,nan,0,nan,0,nan,0,nan,0,nan,0
1597988462575506944,1597988462500000000,2020-08-21 13:41:02.500000,6539.0,6605.8,6523.0,6540.0,nan,6563.1,84615,111068141840.0,116617,6539.0,3,6538.0,6,nan,0,nan,0,nan,0,nan,0,nan,0,nan,0,nan,0,nan,0
1597988463079399936,1597988463000000000,2020-08-21 13:41:03.000000,6539.0,6605.8,6523.0,6540.0,nan,6563.1,84618,111072065240.0,116617,6539.2,4,6539.0,4,nan,0,nan,0,nan,0,nan,0,nan,0,nan,0,nan,0,nan,0
1597988463569472000,1597988463500000000,2020-08-21 13:41:03.500000,6539.4,6605.8,6523.0,6540.0,nan,6563.1,84623,111078604480.0,116616,6539.4,1,6539.2,9,nan,0,nan,0,nan,0,nan,0,nan,0,nan,0,nan,0,nan,0
1597988464072614912,1597988464000000000,2020-08-21 13:41:04.000000,6539.6,6605.8,6523.0,6540.0,nan,6563.1,84630,111087759880.0,116623,6540.0,1,6539.6,3,nan,0,nan,0,nan,0,nan,0,nan,0,nan,0,nan,0,nan,0
1597988464559055104,1597988464500000000,2020-08-21 13:41:04.500000,6540.0,6605.8,6523.0,6540.0,nan,6563.1,84632,111090375880.0,116624,6541.0,1,6540.0,1,nan,0,nan,0,nan,0,nan,0,nan,0,nan,0,nan,0,nan,0
1597988465086857984,1597988465000000000,2020-08-21 13:41:05.000000,6539.4,6605.8,6523.0,6540.0,nan,6563.1,84638,111098223640.0,116623,6540.4,1,6540.0,1,nan,0,nan,0,nan,0,nan,0,nan,0,nan,0,nan,0,nan,0
1597988465571842048,1597988465500000000,2020-08-21 13:41:05.500000,6540.0,6605.8,6523.0,6540.0,nan,6563.1,84639,111099531640.0,116623,6539.6,1,6539.4,2,nan,0,nan,0,nan,0,nan,0,nan,0,nan,0,nan,0,nan,0
1597988466076952064,1597988466000000000,2020-08-21 13:41:06.000000,6539.4,6605.8,6523.0,6540.0,nan,6563.1,84644,111106071040.0,116621,6539.6,1,6539.2,1,nan,0,nan,0,nan,0,nan,0,nan,0,nan,0,nan,0,nan,0
1597988466557878016,1597988466500000000,2020-08-21 13:41:06.500000,6539.0,6605.8,6523.0,6540.0,nan,6563.1,84646,111108686680.0,116623,6539.6,1,6538.2,2,nan,0,nan,0,nan,0,nan,0,nan,0,nan,0,nan,0,nan,0
1597988467062126080,1597988467000000000,2020-08-21 13:41:07.000000,6540.0,6605.8,6523.0,6540.0,nan,6563.1,84648,111111302600.0,116625,6539.8,1,6538.4,1,nan,0,nan,0,nan,0,nan,0,nan,0,nan,0,nan,0,nan,0
1597988467569592064,1597988467500000000,2020-08-21 13:41:07.500000,6539.8,6605.8,6523.0,6540.0,nan,6563.1,84650,111113918280.0,116624,6539.8,1,6538.6,2,nan,0,nan,0,nan,0,nan,0,nan,0,nan,0,nan,0,nan,0
1597988468079005952,1597988468000000000,2020-08-21 13:41:08.000000,6539.8,6605.8,6523.0,6540.0,nan,6563.1,84651,111115226240.0,116624,6540.0,3,6539.6,1,nan,0,nan,0,nan,0,nan,0,nan,0,nan,0,nan,0,nan,0
1597988468562964992,1597988468500000000,2020-08-21 13:41:08.500000,6539.8,6605.8,6523.0,6540.0,nan,6563.1,84651,111115226240.0,116624,6540.0,3,6539.6,3,nan,0,nan,0,nan,0,nan,0,nan,0,nan,0,nan,0,nan,0
1597988469078725888,1597988469000000000,2020-08-21 13:41:09.000000,6539.8,6605.8,6523.0,6540.0,nan,6563.1,84655,111120458200.0,116628,6540.4,1,6539.6,3,nan,0,nan,0,nan,0,nan,0,nan,0,nan,0,nan,0,nan,0
1597988469571001088,1597988469500000000,2020-08-21 13:41:09.500000,6539.8,6605.8,6523.0,6540.0,nan,6563.1,84655,111120458200.0,116628,6540.4,1,6539.6,3,nan,0,nan,0,nan,0,nan,0,nan,0,nan,0,nan,0,nan,0
1597988470068336128,1597988470000000000,2020-08-21 13:41:10.000000,6539.8,6605.8,6523.0,6540.0,nan,6563.1,84655,111120458200.0,116628,6540.4,1,6539.8,2,nan,0,nan,0,nan,0,nan,0,nan,0,nan,0,nan,0,nan,0
1597988471077644032,1597988471000000000,2020-08-21 13:41:11.000000,6539.8,6605.8,6523.0,6540.0,nan,6563.1,84655,111120458200.0,116628,6540.4,1,6540.0,2,nan,0,nan,0,nan,0,nan,0,nan,0,nan,0,nan,0,nan,0
1597988471578043904,1597988471500000000,2020-08-21 13:41:11.500000,6540.0,6605.8,6523.0,6540.0,nan,6563.1,84657,111123074280.0,116628,6541.0,1,6540.0,1,nan,0,nan,0,nan,0,nan,0,nan,0,nan,0,nan,0,nan,0
1597988472078224896,1597988472000000000,2020-08-21 13:41:12.000000,6540.0,6605.8,6523.0,6540.0,nan,6563.1,84657,111123074280.0,116628,6540.8,1,6540.2,1,nan,0,nan,0,nan,0,nan,0,nan,0,nan,0,nan,0,nan,0
1597988472565939968,1597988472500000000,2020-08-21 13:41:12.500000,6540.2,6605.8,6523.0,6540.0,nan,6563.1,84658,111124382320.0,116629,6540.8,1,6540.4,1,nan,0,nan,0,nan,0,nan,0,nan,0,nan,0,nan,0,nan,0
1597988473061761024,1597988473000000000,2020-08-21 13:41:13.000000,6540.0,6605.8,6523.0,6540.0,nan,6563.1,84661,111128306560.0,116632,6541.0,1,6540.0,3,nan,0,nan,0,nan,0,nan,0,nan,0,nan,0,nan,0,nan,0
1597988473564382976,1597988473500000000,2020-08-21 13:41:13.500000,6541.0,6605.8,6523.0,6540.0,nan,6563.1,84666,111134846960.0,116636,6540.8,3,6539.8,2,nan,0,nan,0,nan,0,nan,0,nan,0,nan,0,nan,0,nan,0
1597988474074874112,1597988474000000000,2020-08-21 13:41:14.000000,6539.8,6605.8,6523.0,6540.0,nan,6563.1,84668,111137462880.0,116638,6539.8,2,6539.6,2,nan,0,nan,0,nan,0,nan,0,nan,0,nan,0,nan,0,nan,0
1597988474561737984,1597988474500000000,2020-08-21 13:41:14.500000,6539.6,6605.8,6523.0,6540.0,nan,6563.1,84671,111141386640.0,116639,6539.6,2,6538.6,1,nan,0,nan,0,nan,0,nan,0,nan,0,nan,0,nan,0,nan,0
1597988475086374912,1597988475000000000,2020-08-21 13:41:15.000000,6539.6,6605.8,6523.0,6540.0,nan,6563.1,84671,111141386640.0,116639,6539.6,2,6538.2,1,nan,0,nan,0,nan,0,nan,0,nan,0,nan,0,nan,0,nan,0
1597988475575803904,1597988475500000000,2020-08-21 13:41:15.500000,6539.6,6605.8,6523.0,6540.0,nan,6563.1,84672,111142694560.0,116640,6539.4,2,6538.4,2,nan,0,nan,0,nan,0,nan,0,nan,0,nan,0,nan,0,nan,0
1597988476080438016,1597988476000000000,2020-08-21 13:41:16.000000,6538.4,6605.8,6523.0,6540.0,nan,6563.1,84673,111144002240.0,116641,6539.4,2,6538.2,2,nan,0,nan,0,nan,0,nan,0,nan,0,nan,0,nan,0,nan,0
1597988476572900096,1597988476500000000,2020-08-21 13:41:16.500000,6538.4,6605.8,6523.0,6540.0,nan,6563.1,84673,111144002240.0,116641,6539.4,1,6538.2,2,nan,0,nan,0,nan,0,nan,0,nan,0,nan,0,nan,0,nan,0
1597988477079435008,1597988477000000000,2020-08-21 13:41:17.000000,6538.4,6605.8,6523.0,6540.0,nan,6563.1,84674,111145309920.0,116642,6539.6,4,6538.2,2,nan,0,nan,0,nan,0,nan,0,nan,0,nan,0,nan,0,nan,0
1597988477571375104,1597988477500000000,2020-08-21 13:41:17.500000,6538.4,6605.8,6523.0,6540.0,nan,6563.1,84674,111145309920.0,116642,6539.6,4,6539.4,2,nan,0,nan,0,nan,0,nan,0,nan,0,nan,0,nan,0,nan,0
1597988478078832896,1597988478000000000,2020-08-21 13:41:18.000000,6539.4,6605.8,6523.0,6540.0,nan,6563.1,84675,111146617800.0,116643,6539.6,3,6539.4,1,nan,0,nan,0,nan,0,nan,0,nan,0,nan,0,nan,0,nan,0
1597988478574149888,1597988478500000000,2020-08-21 13:41:18.500000,6539.6,6605.8,6523.0,6540.0,nan,6563.1,84678,111150541560.0,116644,6539.8,2,6539.6,2,nan,0,nan,0,nan,0,nan,0,nan,0,nan,0,nan,0,nan,0
1597988479070948096,1597988479000000000,2020-08-21 13:41:19.000000,6539.8,6605.8,6523.0,6540.0,nan,6563.1,84680,111153157480.0,116646,6540.4,1,6539.6,2,nan,0,nan,0,nan,0,nan,0,nan,0,nan,0,nan,0,nan,0
1597988479573624064,1597988479500000000,2020-08-21 13:41:19.500000,6539.6,6605.8,6523.0,6540.0,nan,6563.1,84681,111154465400.0,116647,6540.4,1,6539.8,1,nan,0,nan,0,nan,0,nan,0,nan,0,nan,0,nan,0,nan,0
1597988480075709952,1597988480000000000,2020-08-21 13:41:20.000000,6539.8,6605.8,6523.0,6540.0,nan,6563.1,84682,111155773360.0,116647,6540.4,1,6539.6,1,nan,0,nan,0,nan,0,nan,0,nan,0,nan,0,nan,0,nan,0
1597988480569886976,1597988480500000000,2020-08-21 13:41:20.500000,6540.4,6605.8,6523.0,6540.0,nan,6563.1,84684,111158389400.0,116648,6540.8,3,6539.6,1,nan,0,nan,0,nan,0,nan,0,nan,0,nan,0,nan,0,nan,0
1597988481079622912,1597988481000000000,2020-08-21 13:41:21.000000,6540.4,6605.8,6523.0,6540.0,nan,6563.1,84684,111158389400.0,116648,6540.8,3,6539.6,1,nan,0,nan,0,nan,0,nan,0,nan,0,nan,0,nan,0,nan,0
1597988481569300992,1597988481500000000,2020-08-21 13:41:21.500000,6540.4,6605.8,6523.0,6540.0,nan,6563.1,84684,111158389400.0,116648,6540.8,3,6539.6,1,nan,0,nan,0,nan,0,nan,0,nan,0,nan,0,nan,0,nan,0
1597988482064716032,1597988482000000000,2020-08-21 13:41:22.000000,6540.4,6605.8,6523.0,6540.0,nan,6563.1,84684,111158389400.0,116648,6540.8,3,6539.8,1,nan,0,nan,0,nan,0,nan,0,nan,0,nan,0,nan,0,nan,0
