local_nano_time,quote_nano_time,datetime,last_price,highest,lowest,open,close,average,volume,amount,open_interest,ask_price1,ask_volume1,bid_price1,bid_volume1,ask_price2,ask_volume2,bid_price2,bid_volume2,ask_price3,ask_volume3,bid_price3,bid_volume3,ask_price4,ask_volume4,bid_price4,bid_volume4,ask_price5,ask_volume5,bid_price5,bid_volume5
1597988226225378048,1597988226000001024,2020-08-21 13:37:06.000001,2271.0,2284.0,2256.0,2282.0,nan,2268.0,389810,8840890800.0,294827,2271.0,45,2270.0,255,nan,0,nan,0,nan,0,nan,0,nan,0,nan,0,nan,0,nan,0
1597988226683727104,1597988227000000000,2020-08-21 13:37:07.000000,2271.0,2284.0,2256.0,2282.0,nan,2268.0,389827,8841276360.0,294831,2272.0,400,2271.0,50,nan,0,nan,0,nan,0,nan,0,nan,0,nan,0,nan,0,nan,0
1597988227189417984,1597988227000001024,2020-08-21 13:37:07.000001,2272.0,2284.0,2256.0,2282.0,nan,2268.0,389881,8842501080.0,294829,2272.0,439,2271.0,66,nan,0,nan,0,nan,0,nan,0,nan,0,nan,0,nan,0,nan,0
1597988227689314048,1597988228000000000,2020-08-21 13:37:08.000000,2271.0,2284.0,2256.0,2282.0,nan,2268.0,389948,8844020640.0,294774,2272.0,374,2271.0,189,nan,0,nan,0,nan,0,nan,0,nan,0,nan,0,nan,0,nan,0
1597988228187732992,1597988228000001024,2020-08-21 13:37:08.000001,2271.0,2284.0,2256.0,2282.0,nan,2268.0,389948,8844020640.0,294774,2272.0,375,2271.0,190,nan,0,nan,0,nan,0,nan,0,nan,0,nan,0,nan,0,nan,0
1597988229189435904,1597988229000001024,2020-08-21 13:37:09.000001,2272.0,2284.0,2256.0,2282.0,nan,2268.0,389951,8844088680.0,294772,2272.0,373,2271.0,192,nan,0,nan,0,nan,0,nan,0,nan,0,nan,0,nan,0,nan,0
1597988229708110080,1597988230000000000,2020-08-21 13:37:10.000000,2272.0,2284.0,2256.0,2282.0,nan,2268.0,389958,8844247440.0,294768,2272.0,382,2271.0,222,nan,0,nan,0,nan,0,nan,0,nan,0,nan,0,nan,0,nan,0
1597988230242313984,1597988230000001024,2020-08-21 13:37:10.000001,2272.0,2284.0,2256.0,2282.0,nan,2268.0,389959,8844270120.0,294767,2272.0,383,2271.0,225,nan,0,nan,0,nan,0,nan,0,nan,0,nan,0,nan,0,nan,0
1597988230693862912,1597988231000000000,2020-08-21 13:37:11.000000,2271.0,2284.0,2256.0,2282.0,nan,2268.0,389962,8844338160.0,294766,2272.0,384,2271.0,228,nan,0,nan,0,nan,0,nan,0,nan,0,nan,0,nan,0,nan,0
1597988231204169984,1597988231000001024,2020-08-21 13:37:11.000001,2271.0,2284.0,2256.0,2282.0,nan,2268.0,389962,8844338160.0,294766,2272.0,392,2271.0,271,nan,0,nan,0,nan,0,nan,0,nan,0,nan,0,nan,0,nan,0
1597988231711557120,1597988232000000000,2020-08-21 13:37:12.000000,2271.0,2284.0,2256.0,2282.0,nan,2268.0,389965,8844406200.0,294765,2272.0,392,2271.0,270,nan,0,nan,0,nan,0,nan,0,nan,0,nan,0,nan,0,nan,0
1597988232199290112,1597988232000001024,2020-08-21 13:37:12.000001,2271.0,2284.0,2256.0,2282.0,nan,2268.0,389969,8844496920.0,294765,2272.0,395,2271.0,270,nan,0,nan,0,nan,0,nan,0,nan,0,nan,0,nan,0,nan,0
1597988232704219904,1597988233000000000,2020-08-21 13:37:13.000000,2271.0,2284.0,2256.0,2282.0,nan,2268.0,389980,8844746400.0,294755,2272.0,389,2271.0,268,nan,0,nan,0,nan,0,nan,0,nan,0,nan,0,nan,0,nan,0
1597988233202638080,1597988233000001024,2020-08-21 13:37:13.000001,2271.0,2284.0,2256.0,2282.0,nan,2268.0,389983,8844814440.0,294754,2272.0,390,2271.0,291,nan,0,nan,0,nan,0,nan,0,nan,0,nan,0,nan,0,nan,0
1597988233695501056,1597988234000000000,2020-08-21 13:37:14.000000,2272.0,2284.0,2256.0,2282.0,nan,2268.0,389985,8844859800.0,294754,2272.0,354,2271.0,295,nan,0,nan,0,nan,0,nan,0,nan,0,nan,0,nan,0,nan,0
1597988234202696960,1597988234000001024,2020-08-21 13:37:14.000001,2272.0,2284.0,2256.0,2282.0,nan,2268.0,389990,8844973200.0,294750,2272.0,354,2271.0,292,nan,0,nan,0,nan,0,nan,0,nan,0,nan,0,nan,0,nan,0
1597988234695347968,1597988235000000000,2020-08-21 13:37:15.000000,2271.0,2284.0,2256.0,2282.0,nan,2268.0,390004,8845290720.0,294749,2272.0,351,2271.0,284,nan,0,nan,0,nan,0,nan,0,nan,0,nan,0,nan,0,nan,0
1597988235197810944,1597988235000001024,2020-08-21 13:37:15.000001,2272.0,2284.0,2256.0,2282.0,nan,2268.0,390006,8845336080.0,294751,2272.0,346,2271.0,291,nan,0,nan,0,nan,0,nan,0,nan,0,nan,0,nan,0,nan,0
1597988235859092992,1597988236000000000,2020-08-21 13:37:16.000000,2271.0,2284.0,2256.0,2282.0,nan,2268.0,390007,8845358760.0,294750,2272.0,347,2271.0,290,nan,0,nan,0,nan,0,nan,0,nan,0,nan,0,nan,0,nan,0
1597988236208461056,1597988236000001024,2020-08-21 13:37:16.000001,2271.0,2284.0,2256.0,2282.0,nan,2268.0,390011,8845449480.0,294750,2272.0,352,2271.0,286,nan,0,nan,0,nan,0,nan,0,nan,0,nan,0,nan,0,nan,0
1597988236704347904,1597988237000000000,2020-08-21 13:37:17.000000,2271.0,2284.0,2256.0,2282.0,nan,2268.0,390011,8845449480.0,294750,2272.0,353,2271.0,296,nan,0,nan,0,nan,0,nan,0,nan,0,nan,0,nan,0,nan,0
1597988237215290880,1597988237000001024,2020-08-21 13:37:17.000001,2272.0,2284.0,2256.0,2282.0,nan,2268.0,390012,8845472160.0,294750,2272.0,353,2271.0,296,nan,0,nan,0,nan,0,nan,0,nan,0,nan,0,nan,0,nan,0
1597988237699897088,1597988238000000000,2020-08-21 13:37:18.000000,2272.0,2284.0,2256.0,2282.0,nan,2268.0,390017,8845585560.0,294753,2272.0,349,2271.0,306,nan,0,nan,0,nan,0,nan,0,nan,0,nan,0,nan,0,nan,0
1597988238206490880,1597988238000001024,2020-08-21 13:37:18.000001,2272.0,2284.0,2256.0,2282.0,nan,2268.0,390017,8845585560.0,294753,2272.0,358,2271.0,307,nan,0,nan,0,nan,0,nan,0,nan,0,nan,0,nan,0,nan,0
1597988238708928000,1597988239000000000,2020-08-21 13:37:19.000000,2271.0,2284.0,2256.0,2282.0,nan,2268.0,390039,8846084520.0,294752,2272.0,338,2271.0,306,nan,0,nan,0,nan,0,nan,0,nan,0,nan,0,nan,0,nan,0
1597988239199388928,1597988239000001024,2020-08-21 13:37:19.000001,2272.0,2284.0,2256.0,2282.0,nan,2268.0,390063,8846628840.0,294735,2272.0,345,2271.0,292,nan,0,nan,0,nan,0,nan,0,nan,0,nan,0,nan,0,nan,0
1597988239691250944,1597988240000000000,2020-08-21 13:37:20.000000,2271.0,2284.0,2256.0,2282.0,nan,2268.0,390066,8846696880.0,294733,2272.0,348,2271.0,291,nan,0,nan,0,nan,0,nan,0,nan,0,nan,0,nan,0,nan,0
1597988240198885120,1597988240000001024,2020-08-21 13:37:20.000001,2272.0,2284.0,2256.0,2282.0,nan,2268.0,390069,8846764920.0,294731,2272.0,347,2271.0,298,nan,0,nan,0,nan,0,nan,0,nan,0,nan,0,nan,0,nan,0
1597988240693716992,1597988241000000000,2020-08-21 13:37:21.000000,2272.0,2284.0,2256.0,2282.0,nan,2268.0,390071,8846810280.0,294730,2272.0,345,2271.0,298,nan,0,nan,0,nan,0,nan,0,nan,0,nan,0,nan,0,nan,0
1597988241190889984,1597988241000001024,2020-08-21 13:37:21.000001,2271.0,2284.0,2256.0,2282.0,nan,2268.0,390077,8846946360.0,294724,2272.0,369,2271.0,292,nan,0,nan,0,nan,0,nan,0,nan,0,nan,0,nan,0,nan,0
1597988241708678912,1597988242000000000,2020-08-21 13:37:22.000000,2271.0,2284.0,2256.0,2282.0,nan,2268.0,390083,8847082440.0,294721,2272.0,370,2271.0,288,nan,0,nan,0,nan,0,nan,0,nan,0,nan,0,nan,0,nan,0
1597988242208849920,1597988242000001024,2020-08-21 13:37:22.000001,2271.0,2284.0,2256.0,2282.0,nan,2268.0,390111,8847717480.0,294693,2272.0,371,2271.0,265,nan,0,nan,0,nan,0,nan,0,nan,0,nan,0,nan,0,nan,0
1597988242702030080,1597988243000000000,2020-08-21 13:37:23.000000,2271.0,2284.0,2256.0,2282.0,nan,2268.0,390115,8847808200.0,294695,2272.0,371,2271.0,264,nan,0,nan,0,nan,0,nan,0,nan,0,nan,0,nan,0,nan,0
1597988243191002112,1597988243000001024,2020-08-21 13:37:23.000001,2271.0,2284.0,2256.0,2282.0,nan,2268.0,390115,8847808200.0,294695,2272.0,376,2271.0,265,nan,0,nan,0,nan,0,nan,0,nan,0,nan,0,nan,0,nan,0
1597988243692743936,1597988244000000000,2020-08-21 13:37:24.000000,2271.0,2284.0,2256.0,2282.0,nan,2268.0,390118,8847876240.0,294692,2272.0,376,2271.0,264,nan,0,nan,0,nan,0,nan,0,nan,0,nan,0,nan,0,nan,0
1597988244200918016,1597988244000001024,2020-08-21 13:37:24.000001,2271.0,2284.0,2256.0,2282.0,nan,2268.0,390119,8847898920.0,294691,2272.0,377,2271.0,263,nan,0,nan,0,nan,0,nan,0,nan,0,nan,0,nan,0,nan,0
1597988244720721920,1597988245000000000,2020-08-21 13:37:25.000000,2271.0,2284.0,2256.0,2282.0,nan,2268.0,390119,8847898920.0,294691,2272.0,377,2271.0,264,nan,0,nan,0,nan,0,nan,0,nan,0,nan,0,nan,0,nan,0
1597988245200850944,1597988245000001024,2020-08-21 13:37:25.000001,2271.0,2284.0,2256.0,2282.0,nan,2268.0,390121,8847944280.0,294691,2272.0,377,2271.0,263,nan,0,nan,0,nan,0,nan,0,nan,0,nan,0,nan,0,nan,0
1597988245699380992,1597988246000000000,2020-08-21 13:37:26.000000,2271.0,2284.0,2256.0,2282.0,nan,2268.0,390121,8847944280.0,294691,2272.0,379,2271.0,267,nan,0,nan,0,nan,0,nan,0,nan,0,nan,0,nan,0,nan,0
1597988246204833024,1597988246000001024,2020-08-21 13:37:26.000001,2271.0,2284.0,2256.0,2282.0,nan,2268.0,390128,8848103040.0,294688,2272.0,375,2271.0,265,nan,0,nan,0,nan,0,nan,0,nan,0,nan,0,nan,0,nan,0
1597988246739120128,1597988247000000000,2020-08-21 13:37:27.000000,2271.0,2284.0,2256.0,2282.0,nan,2268.0,390128,8848103040.0,294688,2272.0,377,2271.0,275,nan,0,nan,0,nan,0,nan,0,nan,0,nan,0,nan,0,nan,0
1597988247207852032,1597988247000001024,2020-08-21 13:37:27.000001,2271.0,2284.0,2256.0,2282.0,nan,2268.0,390131,8848171080.0,294686,2272.0,379,2271.0,272,nan,0,nan,0,nan,0,nan,0,nan,0,nan,0,nan,0,nan,0
1597988247711136000,1597988248000000000,2020-08-21 13:37:28.000000,2272.0,2284.0,2256.0,2282.0,nan,2268.0,390132,8848193760.0,294686,2272.0,378,2271.0,283,nan,0,nan,0,nan,0,nan,0,nan,0,nan,0,nan,0,nan,0
1597988248226950912,1597988248000001024,2020-08-21 13:37:28.000001,2272.0,2284.0,2256.0,2282.0,nan,2268.0,390132,8848193760.0,294686,2272.0,386,2271.0,283,nan,0,nan,0,nan,0,nan,0,nan,0,nan,0,nan,0,nan,0
1597988248696781056,1597988249000000000,2020-08-21 13:37:29.000000,2272.0,2284.0,2256.0,2282.0,nan,2268.0,390132,8848193760.0,294686,2272.0,386,2271.0,284,nan,0,nan,0,nan,0,nan,0,nan,0,nan,0,nan,0,nan,0
1597988249339875072,1597988249000001024,2020-08-21 13:37:29.000001,2272.0,2284.0,2256.0,2282.0,nan,2268.0,390137,8848307160.0,294682,2272.0,385,2271.0,280,nan,0,nan,0,nan,0,nan,0,nan,0,nan,0,nan,0,nan,0
1597988249702044928,1597988250000000000,2020-08-21 13:37:30.000000,2272.0,2284.0,2256.0,2282.0,nan,2268.0,390140,8848375200.0,294681,2272.0,386,2271.0,281,nan,0,nan,0,nan,0,nan,0,nan,0,nan,0,nan,0,nan,0
1597988250208916992,1597988250000001024,2020-08-21 13:37:30.000001,2271.0,2284.0,2256.0,2282.0,nan,2268.0,390143,8848443240.0,294679,2272.0,389,2271.0,279,nan,0,nan,0,nan,0,nan,0,nan,0,nan,0,nan,0,nan,0
1597988250727564032,1597988251000000000,2020-08-21 13:37:31.000000,2271.0,2284.0,2256.0,2282.0,nan,2268.0,390143,8848443240.0,294679,2272.0,391,2271.0,280,nan,0,nan,0,nan,0,nan,0,nan,0,nan,0,nan,0,nan,0
1597988251200226048,1597988251000001024,2020-08-21 13:37:31.000001,2271.0,2284.0,2256.0,2282.0,nan,2268.0,390146,8848511280.0,294677,2272.0,392,2271.0,280,nan,0,nan,0,nan,0,nan,0,nan,0,nan,0,nan,0,nan,0
1597988251702598912,1597988252000000000,2020-08-21 13:37:32.000000,2271.0,2284.0,2256.0,2282.0,nan,2268.0,390150,8848602000.0,294675,2272.0,392,2271.0,292,nan,0,nan,0,nan,0,nan,0,nan,0,nan,0,nan,0,nan,0
1597988252202788096,1597988252000001024,2020-08-21 13:37:32.000001,2271.0,2284.0,2256.0,2282.0,nan,2268.0,390150,8848602000.0,294675,2272.0,414,2271.0,300,nan,0,nan,0,nan,0,nan,0,nan,0,nan,0,nan,0,nan,0
1597988252716382976,1597988253000000000,2020-08-21 13:37:33.000000,2272.0,2284.0,2256.0,2282.0,nan,2268.0,390151,8848624680.0,294675,2272.0,413,2271.0,300,nan,0,nan,0,nan,0,nan,0,nan,0,nan,0,nan,0,nan,0
1597988253203757056,1597988253000001024,2020-08-21 13:37:33.000001,2272.0,2284.0,2256.0,2282.0,nan,2268.0,390151,8848624680.0,294675,2272.0,435,2271.0,302,nan,0,nan,0,nan,0,nan,0,nan,0,nan,0,nan,0,nan,0
1597988253714785024,1597988254000000000,2020-08-21 13:37:34.000000,2271.0,2284.0,2256.0,2282.0,nan,2268.0,390152,8848647360.0,294674,2272.0,435,2271.0,305,nan,0,nan,0,nan,0,nan,0,nan,0,nan,0,nan,0,nan,0
1597988254206700032,1597988254000001024,2020-08-21 13:37:34.000001,2271.0,2284.0,2256.0,2282.0,nan,2268.0,390156,8848738080.0,294672,2272.0,433,2271.0,305,nan,0,nan,0,nan,0,nan,0,nan,0,nan,0,nan,0,nan,0
1597988254737797120,1597988255000000000,2020-08-21 13:37:35.000000,2271.0,2284.0,2256.0,2282.0,nan,2268.0,390477,8856018360.0,294462,2271.0,490,2270.0,450,nan,0,nan,0,nan,0,nan,0,nan,0,nan,0,nan,0,nan,0
1597988255206516992,1597988255000001024,2020-08-21 13:37:35.000001,2271.0,2284.0,2256.0,2282.0,nan,2268.0,390525,8857107000.0,294416,2271.0,427,2270.0,456,nan,0,nan,0,nan,0,nan,0,nan,0,nan,0,nan,0,nan,0
1597988255715848960,1597988256000000000,2020-08-21 13:37:36.000000,2271.0,2284.0,2256.0,2282.0,nan,2268.0,390525,8857107000.0,294416,2271.0,443,2270.0,426,nan,0,nan,0,nan,0,nan,0,nan,0,nan,0,nan,0,nan,0
1597988256209481984,1597988256000001024,2020-08-21 13:37:36.000001,2271.0,2284.0,2256.0,2282.0,nan,2268.0,390529,8857197720.0,294413,2271.0,442,2270.0,427,nan,0,nan,0,nan,0,nan,0,nan,0,nan,0,nan,0,nan,0
1597988256715322112,1597988257000000000,2020-08-21 13:37:37.000000,2270.0,2284.0,2256.0,2282.0,nan,2268.0,390533,8857288440.0,294413,2271.0,441,2270.0,425,nan,0,nan,0,nan,0,nan,0,nan,0,nan,0,nan,0,nan,0
1597988257206344960,1597988257000001024,2020-08-21 13:37:37.000001,2270.0,2284.0,2256.0,2282.0,nan,2268.0,390533,8857288440.0,294413,2271.0,441,2270.0,435,nan,0,nan,0,nan,0,nan,0,nan,0,nan,0,nan,0,nan,0
1597988258217999872,1597988258000001024,2020-08-21 13:37:38.000001,2271.0,2284.0,2256.0,2282.0,nan,2268.0,390536,8857356480.0,294413,2271.0,440,2270.0,435,nan,0,nan,0,nan,0,nan,0,nan,0,nan,0,nan,0,nan,0
1597988258721249024,1597988259000000000,2020-08-21 13:37:39.000000,2271.0,2284.0,2256.0,2282.0,nan,2268.0,390537,8857379160.0,294413,2271.0,440,2270.0,438,nan,0,nan,0,nan,0,nan,0,nan,0,nan,0,nan,0,nan,0
1597988259217609984,1597988259000001024,2020-08-21 13:37:39.000001,2271.0,2284.0,2256.0,2282.0,nan,2268.0,390539,8857424520.0,294413,2271.0,438,2270.0,442,nan,0,nan,0,nan,0,nan,0,nan,0,nan,0,nan,0,nan,0
1597988259733413120,1597988260000000000,2020-08-21 13:37:40.000000,2271.0,2284.0,2256.0,2282.0,nan,2268.0,390539,8857424520.0,294413,2271.0,438,2270.0,451,nan,0,nan,0,nan,0,nan,0,nan,0,nan,0,nan,0,nan,0
1597988260215309056,1597988260000001024,2020-08-21 13:37:40.000001,2270.0,2284.0,2256.0,2282.0,nan,2268.0,390540,8857447200.0,294413,2271.0,456,2270.0,450,nan,0,nan,0,nan,0,nan,0,nan,0,nan,0,nan,0,nan,0
1597988260719011072,1597988261000000000,2020-08-21 13:37:41.000000,2270.0,2284.0,2256.0,2282.0,nan,2268.0,390540,8857447200.0,294413,2271.0,465,2270.0,452,nan,0,nan,0,nan,0,nan,0,nan,0,nan,0,nan,0,nan,0
1597988261207991040,1597988261000001024,2020-08-21 13:37:41.000001,2270.0,2284.0,2256.0,2282.0,nan,2268.0,390540,8857447200.0,294413,2271.0,464,2270.0,457,nan,0,nan,0,nan,0,nan,0,nan,0,nan,0,nan,0,nan,0
1597988261712440064,1597988262000000000,2020-08-21 13:37:42.000000,2270.0,2284.0,2256.0,2282.0,nan,2268.0,390540,8857447200.0,294413,2271.0,465,2270.0,459,nan,0,nan,0,nan,0,nan,0,nan,0,nan,0,nan,0,nan,0
1597988262720285952,1597988263000000000,2020-08-21 13:37:43.000000,2270.0,2284.0,2256.0,2282.0,nan,2268.0,390541,8857469880.0,294414,2271.0,465,2270.0,458,nan,0,nan,0,nan,0,nan,0,nan,0,nan,0,nan,0,nan,0
1597988263199273984,1597988263000001024,2020-08-21 13:37:43.000001,2270.0,2284.0,2256.0,2282.0,nan,2268.0,390543,8857515240.0,294414,2271.0,466,2270.0,457,nan,0,nan,0,nan,0,nan,0,nan,0,nan,0,nan,0,nan,0
1597988263698845952,1597988264000000000,2020-08-21 13:37:44.000000,2270.0,2284.0,2256.0,2282.0,nan,2268.0,390543,8857515240.0,294414,2271.0,467,2270.0,460,nan,0,nan,0,nan,0,nan,0,nan,0,nan,0,nan,0,nan,0
1597988264209353984,1597988264000001024,2020-08-21 13:37:44.000001,2270.0,2284.0,2256.0,2282.0,nan,2268.0,390544,8857537920.0,294415,2271.0,467,2270.0,460,nan,0,nan,0,nan,0,nan,0,nan,0,nan,0,nan,0,nan,0
1597988264717216000,1597988265000000000,2020-08-21 13:37:45.000000,2270.0,2284.0,2256.0,2282.0,nan,2268.0,390546,8857583280.0,294414,2271.0,469,2270.0,459,nan,0,nan,0,nan,0,nan,0,nan,0,nan,0,nan,0,nan,0
1597988265201292032,1597988265000001024,2020-08-21 13:37:45.000001,2270.0,2284.0,2256.0,2282.0,nan,2268.0,390546,8857583280.0,294414,2271.0,479,2270.0,459,nan,0,nan,0,nan,0,nan,0,nan,0,nan,0,nan,0,nan,0
1597988266714726912,1597988267000000000,2020-08-21 13:37:47.000000,2271.0,2284.0,2256.0,2282.0,nan,2268.0,390566,8858036880.0,294414,2271.0,459,2270.0,459,nan,0,nan,0,nan,0,nan,0,nan,0,nan,0,nan,0,nan,0
1597988267228135936,1597988267000001024,2020-08-21 13:37:47.000001,2271.0,2284.0,2256.0,2282.0,nan,2268.0,390566,8858036880.0,294414,2271.0,459,2270.0,472,nan,0,nan,0,nan,0,nan,0,nan,0,nan,0,nan,0,nan,0
1597988267724416000,1597988268000000000,2020-08-21 13:37:48.000000,2271.0,2284.0,2256.0,2282.0,nan,2268.0,390576,8858263680.0,294414,2271.0,450,2270.0,476,nan,0,nan,0,nan,0,nan,0,nan,0,nan,0,nan,0,nan,0
1597988268218503936,1597988268000001024,2020-08-21 13:37:48.000001,2270.0,2284.0,2256.0,2282.0,nan,2268.0,390577,8858286360.0,294414,2271.0,448,2270.0,478,nan,0,nan,0,nan,0,nan,0,nan,0,nan,0,nan,0,nan,0
1597988268706351104,1597988269000000000,2020-08-21 13:37:49.000000,2270.0,2284.0,2256.0,2282.0,nan,2268.0,390577,8858286360.0,294414,2271.0,444,2270.0,481,nan,0,nan,0,nan,0,nan,0,nan,0,nan,0,nan,0,nan,0
1597988269220764928,1597988269000001024,2020-08-21 13:37:49.000001,2270.0,2284.0,2256.0,2282.0,nan,2268.0,390577,8858286360.0,294414,2271.0,446,2270.0,482,nan,0,nan,0,nan,0,nan,0,nan,0,nan,0,nan,0,nan,0
1597988269720914944,1597988270000000000,2020-08-21 13:37:50.000000,2270.0,2284.0,2256.0,2282.0,nan,2268.0,390578,8858309040.0,294415,2271.0,446,2270.0,481,nan,0,nan,0,nan,0,nan,0,nan,0,nan,0,nan,0,nan,0
1597988270205646080,1597988270000001024,2020-08-21 13:37:50.000001,2270.0,2284.0,2256.0,2282.0,nan,2268.0,390584,8858445120.0,294421,2271.0,448,2270.0,475,nan,0,nan,0,nan,0,nan,0,nan,0,nan,0,nan,0,nan,0
1597988270721776128,1597988271000000000,2020-08-21 13:37:51.000000,2270.0,2284.0,2256.0,2282.0,nan,2268.0,390584,8858445120.0,294421,2271.0,432,2270.0,476,nan,0,nan,0,nan,0,nan,0,nan,0,nan,0,nan,0,nan,0
1597988271220986880,1597988271000001024,2020-08-21 13:37:51.000001,2270.0,2284.0,2256.0,2282.0,nan,2268.0,390595,8858694600.0,294421,2271.0,420,2270.0,463,nan,0,nan,0,nan,0,nan,0,nan,0,nan,0,nan,0,nan,0
1597988271721385984,1597988272000000000,2020-08-21 13:37:52.000000,2270.0,2284.0,2256.0,2282.0,nan,2268.0,390599,8858785320.0,294421,2271.0,422,2270.0,466,nan,0,nan,0,nan,0,nan,0,nan,0,nan,0,nan,0,nan,0
1597988272223279104,1597988272000001024,2020-08-21 13:37:52.000001,2270.0,2284.0,2256.0,2282.0,nan,2268.0,390619,8859238920.0,294423,2271.0,422,2270.0,464,nan,0,nan,0,nan,0,nan,0,nan,0,nan,0,nan,0,nan,0
1597988272723111936,1597988273000000000,2020-08-21 13:37:53.000000,2270.0,2284.0,2256.0,2282.0,nan,2268.0,390621,8859284280.0,294423,2271.0,424,2270.0,465,nan,0,nan,0,nan,0,nan,0,nan,0,nan,0,nan,0,nan,0
1597988273220502016,1597988273000001024,2020-08-21 13:37:53.000001,2271.0,2284.0,2256.0,2282.0,nan,2268.0,390628,8859443040.0,294418,2271.0,424,2270.0,466,nan,0,nan,0,nan,0,nan,0,nan,0,nan,0,nan,0,nan,0
1597988273709210112,1597988274000000000,2020-08-21 13:37:54.000000,2270.0,2284.0,2256.0,2282.0,nan,2268.0,390629,8859465720.0,294417,2271.0,426,2270.0,460,nan,0,nan,0,nan,0,nan,0,nan,0,nan,0,nan,0,nan,0
1597988274221270016,1597988274000001024,2020-08-21 13:37:54.000001,2270.0,2284.0,2256.0,2282.0,nan,2268.0,390629,8859465720.0,294417,2271.0,427,2270.0,458,nan,0,nan,0,nan,0,nan,0,nan,0,nan,0,nan,0,nan,0
1597988274721849088,1597988275000000000,2020-08-21 13:37:55.000000,2270.0,2284.0,2256.0,2282.0,nan,2268.0,390629,8859465720.0,294417,2271.0,427,2270.0,460,nan,0,nan,0,nan,0,nan,0,nan,0,nan,0,nan,0,nan,0
1597988275214003968,1597988275000001024,2020-08-21 13:37:55.000001,2270.0,2284.0,2256.0,2282.0,nan,2268.0,390629,8859465720.0,294417,2271.0,428,2270.0,465,nan,0,nan,0,nan,0,nan,0,nan,0,nan,0,nan,0,nan,0
1597988275722621952,1597988276000000000,2020-08-21 13:37:56.000000,2271.0,2284.0,2256.0,2282.0,nan,2268.0,390633,8859556440.0,294414,2271.0,427,2270.0,462,nan,0,nan,0,nan,0,nan,0,nan,0,nan,0,nan,0,nan,0
1597988276215251968,1597988276000001024,2020-08-21 13:37:56.000001,2271.0,2284.0,2256.0,2282.0,nan,2268.0,390634,8859579120.0,294414,2271.0,426,2270.0,462,nan,0,nan,0,nan,0,nan,0,nan,0,nan,0,nan,0,nan,0
1597988276803787008,1597988277000000000,2020-08-21 13:37:57.000000,2271.0,2284.0,2256.0,2282.0,nan,2268.0,390634,8859579120.0,294414,2271.0,431,2270.0,474,nan,0,nan,0,nan,0,nan,0,nan,0,nan,0,nan,0,nan,0
1597988277258056960,1597988277000001024,2020-08-21 13:37:57.000001,2270.0,2284.0,2256.0,2282.0,nan,2268.0,390635,8859601800.0,294415,2271.0,434,2270.0,474,nan,0,nan,0,nan,0,nan,0,nan,0,nan,0,nan,0,nan,0
1597988277716854016,1597988278000000000,2020-08-21 13:37:58.000000,2270.0,2284.0,2256.0,2282.0,nan,2268.0,390635,8859601800.0,294415,2271.0,434,2270.0,491,nan,0,nan,0,nan,0,nan,0,nan,0,nan,0,nan,0,nan,0
1597988278214829056,1597988278000001024,2020-08-21 13:37:58.000001,2271.0,2284.0,2256.0,2282.0,nan,2268.0,390640,8859715200.0,294415,2271.0,429,2270.0,492,nan,0,nan,0,nan,0,nan,0,nan,0,nan,0,nan,0,nan,0
1597988278716326912,1597988279000000000,2020-08-21 13:37:59.000000,2271.0,2284.0,2256.0,2282.0,nan,2268.0,390640,8859715200.0,294415,2271.0,431,2270.0,492,nan,0,nan,0,nan,0,nan,0,nan,0,nan,0,nan,0,nan,0
1597988279213529088,1597988279000001024,2020-08-21 13:37:59.000001,2271.0,2284.0,2256.0,2282.0,nan,2268.0,391021,8868356280.0,294521,2272.0,538,2271.0,156,nan,0,nan,0,nan,0,nan,0,nan,0,nan,0,nan,0,nan,0
1597988279726771968,1597988280000000000,2020-08-21 13:38:00.000000,2271.0,2284.0,2256.0,2282.0,nan,2268.0,391043,8868855240.0,294512,2272.0,541,2271.0,140,nan,0,nan,0,nan,0,nan,0,nan,0,nan,0,nan,0,nan,0
1597988280224012032,1597988280000001024,2020-08-21 13:38:00.000001,2271.0,2284.0,2256.0,2282.0,nan,2268.0,391078,8869649040.0,294519,2272.0,538,2271.0,110,nan,0,nan,0,nan,0,nan,0,nan,0,nan,0,nan,0,nan,0
1597988280725588992,1597988281000000000,2020-08-21 13:38:01.000000,2271.0,2284.0,2256.0,2282.0,nan,2268.0,391082,8869739760.0,294516,2272.0,538,2271.0,97,nan,0,nan,0,nan,0,nan,0,nan,0,nan,0,nan,0,nan,0
1597988281207502080,1597988281000001024,2020-08-21 13:38:01.000001,2271.0,2284.0,2256.0,2282.0,nan,2268.0,391176,8871871680.0,294536,2272.0,537,2271.0,65,nan,0,nan,0,nan,0,nan,0,nan,0,nan,0,nan,0,nan,0
1597988281714198016,1597988282000000000,2020-08-21 13:38:02.000000,2271.0,2284.0,2256.0,2282.0,nan,2268.0,391254,8873640720.0,294565,2271.0,2,2270.0,490,nan,0,nan,0,nan,0,nan,0,nan,0,nan,0,nan,0,nan,0
1597988282212453888,1597988282000001024,2020-08-21 13:38:02.000001,2271.0,2284.0,2256.0,2282.0,nan,2268.0,391254,8873640720.0,294565,2271.0,24,2270.0,532,nan,0,nan,0,nan,0,nan,0,nan,0,nan,0,nan,0,nan,0
1597988282729435904,1597988283000000000,2020-08-21 13:38:03.000000,2271.0,2284.0,2256.0,2282.0,nan,2268.0,391257,8873708760.0,294564,2271.0,54,2270.0,536,nan,0,nan,0,nan,0,nan,0,nan,0,nan,0,nan,0,nan,0
1597988283211660032,1597988283000001024,2020-08-21 13:38:03.000001,2271.0,2284.0,2256.0,2282.0,nan,2268.0,391264,8873867520.0,294565,2271.0,64,2270.0,537,nan,0,nan,0,nan,0,nan,0,nan,0,nan,0,nan,0,nan,0
1597988283712857088,1597988284000000000,2020-08-21 13:38:04.000000,2271.0,2284.0,2256.0,2282.0,nan,2268.0,391264,8873867520.0,294565,2271.0,93,2270.0,537,nan,0,nan,0,nan,0,nan,0,nan,0,nan,0,nan,0,nan,0
1597988284227515904,1597988284000001024,2020-08-21 13:38:04.000001,2271.0,2284.0,2256.0,2282.0,nan,2268.0,391275,8874117000.0,294559,2271.0,125,2270.0,559,nan,0,nan,0,nan,0,nan,0,nan,0,nan,0,nan,0,nan,0
1597988284712450048,1597988285000000000,2020-08-21 13:38:05.000000,2271.0,2284.0,2256.0,2282.0,nan,2268.0,391277,8874162360.0,294559,2271.0,124,2270.0,560,nan,0,nan,0,nan,0,nan,0,nan,0,nan,0,nan,0,nan,0
1597988285210181888,1597988285000001024,2020-08-21 13:38:05.000001,2271.0,2284.0,2256.0,2282.0,nan,2268.0,391288,8874411840.0,294563,2271.0,122,2270.0,561,nan,0,nan,0,nan,0,nan,0,nan,0,nan,0,nan,0,nan,0
1597988285710312960,1597988286000000000,2020-08-21 13:38:06.000000,2271.0,2284.0,2256.0,2282.0,nan,2268.0,391304,8874774720.0,294564,2271.0,147,2270.0,560,nan,0,nan,0,nan,0,nan,0,nan,0,nan,0,nan,0,nan,0
1597988286214085888,1597988286000001024,2020-08-21 13:38:06.000001,2271.0,2284.0,2256.0,2282.0,nan,2268.0,391305,8874797400.0,294563,2271.0,148,2270.0,562,nan,0,nan,0,nan,0,nan,0,nan,0,nan,0,nan,0,nan,0
1597988286709178112,1597988287000000000,2020-08-21 13:38:07.000000,2271.0,2284.0,2256.0,2282.0,nan,2268.0,391305,8874797400.0,294563,2271.0,153,2270.0,569,nan,0,nan,0,nan,0,nan,0,nan,0,nan,0,nan,0,nan,0
1597988287216619008,1597988287000001024,2020-08-21 13:38:07.000001,2271.0,2284.0,2256.0,2282.0,nan,2268.0,391309,8874888120.0,294563,2271.0,151,2270.0,570,nan,0,nan,0,nan,0,nan,0,nan,0,nan,0,nan,0,nan,0
1597988287720538880,1597988288000000000,2020-08-21 13:38:08.000000,2271.0,2284.0,2256.0,2282.0,nan,2268.0,391309,8874888120.0,294563,2271.0,153,2270.0,591,nan,0,nan,0,nan,0,nan,0,nan,0,nan,0,nan,0,nan,0
1597988288212847104,1597988288000001024,2020-08-21 13:38:08.000001,2271.0,2284.0,2256.0,2282.0,nan,2268.0,391316,8875046880.0,294563,2271.0,147,2270.0,593,nan,0,nan,0,nan,0,nan,0,nan,0,nan,0,nan,0,nan,0
1597988288719768064,1597988289000000000,2020-08-21 13:38:09.000000,2270.0,2284.0,2256.0,2282.0,nan,2268.0,391403,8877020040.0,294563,2271.0,145,2270.0,607,nan,0,nan,0,nan,0,nan,0,nan,0,nan,0,nan,0,nan,0
1597988289219959040,1597988289000001024,2020-08-21 13:38:09.000001,2271.0,2284.0,2256.0,2282.0,nan,2268.0,391449,8878063320.0,294542,2271.0,106,2270.0,607,nan,0,nan,0,nan,0,nan,0,nan,0,nan,0,nan,0,nan,0
1597988289798740992,1597988290000000000,2020-08-21 13:38:10.000000,2271.0,2284.0,2256.0,2282.0,nan,2268.0,391449,8878063320.0,294542,2271.0,111,2270.0,623,nan,0,nan,0,nan,0,nan,0,nan,0,nan,0,nan,0,nan,0
1597988290220542976,1597988290000001024,2020-08-21 13:38:10.000001,2271.0,2284.0,2256.0,2282.0,nan,2268.0,391450,8878086000.0,294541,2271.0,170,2270.0,652,nan,0,nan,0,nan,0,nan,0,nan,0,nan,0,nan,0,nan,0
1597988290714707968,1597988291000000000,2020-08-21 13:38:11.000000,2271.0,2284.0,2256.0,2282.0,nan,2268.0,391512,8879492160.0,294483,2271.0,109,2270.0,652,nan,0,nan,0,nan,0,nan,0,nan,0,nan,0,nan,0,nan,0
1597988291226887936,1597988291000001024,2020-08-21 13:38:11.000001,2271.0,2284.0,2256.0,2282.0,nan,2268.0,391624,8882032320.0,294493,2272.0,542,2271.0,68,nan,0,nan,0,nan,0,nan,0,nan,0,nan,0,nan,0,nan,0
1597988291718329088,1597988292000000000,2020-08-21 13:38:12.000000,2271.0,2284.0,2256.0,2282.0,nan,2268.0,391626,8882077680.0,294493,2272.0,541,2271.0,173,nan,0,nan,0,nan,0,nan,0,nan,0,nan,0,nan,0,nan,0
1597988292225552896,1597988292000001024,2020-08-21 13:38:12.000001,2271.0,2284.0,2256.0,2282.0,nan,2268.0,391842,8886976560.0,294412,2271.0,9,2270.0,617,nan,0,nan,0,nan,0,nan,0,nan,0,nan,0,nan,0,nan,0
1597988292728472064,1597988293000000000,2020-08-21 13:38:13.000000,2271.0,2284.0,2256.0,2282.0,nan,2268.0,391855,8887271400.0,294406,2272.0,538,2271.0,9,nan,0,nan,0,nan,0,nan,0,nan,0,nan,0,nan,0,nan,0
1597988293217254912,1597988293000001024,2020-08-21 13:38:13.000001,2271.0,2284.0,2256.0,2282.0,nan,2268.0,391868,8887566240.0,294406,2272.0,558,2271.0,67,nan,0,nan,0,nan,0,nan,0,nan,0,nan,0,nan,0,nan,0
1597988293721264896,1597988294000000000,2020-08-21 13:38:14.000000,2271.0,2284.0,2256.0,2282.0,nan,2268.0,391874,8887702320.0,294406,2272.0,562,2271.0,92,nan,0,nan,0,nan,0,nan,0,nan,0,nan,0,nan,0,nan,0
1597988294227865088,1597988294000001024,2020-08-21 13:38:14.000001,2271.0,2284.0,2256.0,2282.0,nan,2268.0,391875,8887725000.0,294406,2272.0,562,2271.0,107,nan,0,nan,0,nan,0,nan,0,nan,0,nan,0,nan,0,nan,0
1597988295236859904,1597988295000001024,2020-08-21 13:38:15.000001,2271.0,2284.0,2256.0,2282.0,nan,2268.0,391877,8887770360.0,294406,2272.0,562,2271.0,110,nan,0,nan,0,nan,0,nan,0,nan,0,nan,0,nan,0,nan,0
1597988295723243008,1597988296000000000,2020-08-21 13:38:16.000000,2271.0,2284.0,2256.0,2282.0,nan,2268.0,391880,8887838400.0,294409,2272.0,562,2271.0,107,nan,0,nan,0,nan,0,nan,0,nan,0,nan,0,nan,0,nan,0
1597988296232451072,1597988296000001024,2020-08-21 13:38:16.000001,2271.0,2284.0,2256.0,2282.0,nan,2268.0,391881,8887861080.0,294409,2272.0,562,2271.0,115,nan,0,nan,0,nan,0,nan,0,nan,0,nan,0,nan,0,nan,0
1597988296745746944,1597988297000000000,2020-08-21 13:38:17.000000,2271.0,2284.0,2256.0,2282.0,nan,2268.0,391886,8887974480.0,294414,2272.0,562,2271.0,110,nan,0,nan,0,nan,0,nan,0,nan,0,nan,0,nan,0,nan,0
1597988297237390080,1597988297000001024,2020-08-21 13:38:17.000001,2271.0,2284.0,2256.0,2282.0,nan,2268.0,391889,8888042520.0,294414,2272.0,564,2271.0,118,nan,0,nan,0,nan,0,nan,0,nan,0,nan,0,nan,0,nan,0
1597988297733110016,1597988298000000000,2020-08-21 13:38:18.000000,2271.0,2284.0,2256.0,2282.0,nan,2268.0,391891,8888087880.0,294414,2272.0,566,2271.0,118,nan,0,nan,0,nan,0,nan,0,nan,0,nan,0,nan,0,nan,0
1597988298224386048,1597988298000001024,2020-08-21 13:38:18.000001,2271.0,2284.0,2256.0,2282.0,nan,2268.0,391893,8888133240.0,294416,2272.0,568,2271.0,118,nan,0,nan,0,nan,0,nan,0,nan,0,nan,0,nan,0,nan,0
1597988299235531008,1597988299000001024,2020-08-21 13:38:19.000001,2271.0,2284.0,2256.0,2282.0,nan,2268.0,391895,8888178600.0,294418,2272.0,565,2271.0,116,nan,0,nan,0,nan,0,nan,0,nan,0,nan,0,nan,0,nan,0
1597988299733344000,1597988300000000000,2020-08-21 13:38:20.000000,2271.0,2284.0,2256.0,2282.0,nan,2268.0,391895,8888178600.0,294418,2272.0,565,2271.0,117,nan,0,nan,0,nan,0,nan,0,nan,0,nan,0,nan,0,nan,0
1597988300224663040,1597988300000001024,2020-08-21 13:38:20.000001,2271.0,2284.0,2256.0,2282.0,nan,2268.0,391902,8888337360.0,294420,2272.0,565,2271.0,100,nan,0,nan,0,nan,0,nan,0,nan,0,nan,0,nan,0,nan,0
1597988300761007104,1597988301000000000,2020-08-21 13:38:21.000000,2272.0,2284.0,2256.0,2282.0,nan,2268.0,391903,8888360040.0,294420,2272.0,564,2271.0,103,nan,0,nan,0,nan,0,nan,0,nan,0,nan,0,nan,0,nan,0
1597988301518806016,1597988301000001024,2020-08-21 13:38:21.000001,2271.0,2284.0,2256.0,2282.0,nan,2268.0,391904,8888382720.0,294420,2272.0,565,2271.0,163,nan,0,nan,0,nan,0,nan,0,nan,0,nan,0,nan,0,nan,0
1597988301911394048,1597988302000000000,2020-08-21 13:38:22.000000,2272.0,2284.0,2256.0,2282.0,nan,2268.0,391950,8889426000.0,294392,2272.0,534,2271.0,163,nan,0,nan,0,nan,0,nan,0,nan,0,nan,0,nan,0,nan,0
1597988302220326912,1597988302000001024,2020-08-21 13:38:22.000001,2271.0,2284.0,2256.0,2282.0,nan,2268.0,391955,8889539400.0,294396,2272.0,550,2271.0,162,nan,0,nan,0,nan,0,nan,0,nan,0,nan,0,nan,0,nan,0
1597988302714266112,1597988303000000000,2020-08-21 13:38:23.000000,2271.0,2284.0,2256.0,2282.0,nan,2268.0,391955,8889539400.0,294396,2272.0,550,2271.0,163,nan,0,nan,0,nan,0,nan,0,nan,0,nan,0,nan,0,nan,0
1597988303216548096,1597988303000001024,2020-08-21 13:38:23.000001,2272.0,2284.0,2256.0,2282.0,nan,2268.0,391961,8889675480.0,294399,2272.0,545,2271.0,163,nan,0,nan,0,nan,0,nan,0,nan,0,nan,0,nan,0,nan,0
1597988303846147072,1597988304000000000,2020-08-21 13:38:24.000000,2271.0,2284.0,2256.0,2282.0,nan,2268.0,391965,8889766200.0,294398,2272.0,548,2271.0,162,nan,0,nan,0,nan,0,nan,0,nan,0,nan,0,nan,0,nan,0
1597988304737474048,1597988305000000000,2020-08-21 13:38:25.000000,2271.0,2284.0,2256.0,2282.0,nan,2268.0,391965,8889766200.0,294398,2272.0,549,2271.0,162,nan,0,nan,0,nan,0,nan,0,nan,0,nan,0,nan,0,nan,0
1597988305218353920,1597988305000001024,2020-08-21 13:38:25.000001,2271.0,2284.0,2256.0,2282.0,nan,2268.0,391967,8889811560.0,294398,2272.0,550,2271.0,161,nan,0,nan,0,nan,0,nan,0,nan,0,nan,0,nan,0,nan,0
1597988305719993088,1597988306000000000,2020-08-21 13:38:26.000000,2271.0,2284.0,2256.0,2282.0,nan,2268.0,391979,8890083720.0,294399,2272.0,549,2271.0,150,nan,0,nan,0,nan,0,nan,0,nan,0,nan,0,nan,0,nan,0
1597988306232953088,1597988306000001024,2020-08-21 13:38:26.000001,2272.0,2284.0,2256.0,2282.0,nan,2268.0,391981,8890129080.0,294401,2272.0,548,2271.0,151,nan,0,nan,0,nan,0,nan,0,nan,0,nan,0,nan,0,nan,0
1597988306731586048,1597988307000000000,2020-08-21 13:38:27.000000,2272.0,2284.0,2256.0,2282.0,nan,2268.0,391986,8890242480.0,294406,2272.0,544,2271.0,154,nan,0,nan,0,nan,0,nan,0,nan,0,nan,0,nan,0,nan,0
1597988307238284032,1597988307000001024,2020-08-21 13:38:27.000001,2272.0,2284.0,2256.0,2282.0,nan,2268.0,391989,8890310520.0,294408,2272.0,553,2271.0,157,nan,0,nan,0,nan,0,nan,0,nan,0,nan,0,nan,0,nan,0
1597988307735565056,1597988308000000000,2020-08-21 13:38:28.000000,2272.0,2284.0,2256.0,2282.0,nan,2268.0,391992,8890378560.0,294408,2272.0,550,2271.0,177,nan,0,nan,0,nan,0,nan,0,nan,0,nan,0,nan,0,nan,0
1597988308239888896,1597988308000001024,2020-08-21 13:38:28.000001,2272.0,2284.0,2256.0,2282.0,nan,2268.0,391992,8890378560.0,294408,2272.0,550,2271.0,178,nan,0,nan,0,nan,0,nan,0,nan,0,nan,0,nan,0,nan,0
1597988308734081024,1597988309000000000,2020-08-21 13:38:29.000000,2272.0,2284.0,2256.0,2282.0,nan,2268.0,392004,8890650720.0,294408,2272.0,553,2271.0,178,nan,0,nan,0,nan,0,nan,0,nan,0,nan,0,nan,0,nan,0
1597988309221755904,1597988309000001024,2020-08-21 13:38:29.000001,2272.0,2284.0,2256.0,2282.0,nan,2268.0,392004,8890650720.0,294408,2272.0,555,2271.0,182,nan,0,nan,0,nan,0,nan,0,nan,0,nan,0,nan,0,nan,0
1597988309969243904,1597988310000000000,2020-08-21 13:38:30.000000,2271.0,2284.0,2256.0,2282.0,nan,2268.0,392012,8890832160.0,294407,2272.0,555,2271.0,187,nan,0,nan,0,nan,0,nan,0,nan,0,nan,0,nan,0,nan,0
1597988310248604928,1597988310000001024,2020-08-21 13:38:30.000001,2271.0,2284.0,2256.0,2282.0,nan,2268.0,392012,8890832160.0,294407,2272.0,556,2271.0,187,nan,0,nan,0,nan,0,nan,0,nan,0,nan,0,nan,0,nan,0
1597988310725851904,1597988311000000000,2020-08-21 13:38:31.000000,2271.0,2284.0,2256.0,2282.0,nan,2268.0,392013,8890854840.0,294406,2272.0,557,2271.0,188,nan,0,nan,0,nan,0,nan,0,nan,0,nan,0,nan,0,nan,0
1597988311740256000,1597988312000000000,2020-08-21 13:38:32.000000,2271.0,2284.0,2256.0,2282.0,nan,2268.0,392015,8890900200.0,294405,2272.0,560,2271.0,187,nan,0,nan,0,nan,0,nan,0,nan,0,nan,0,nan,0,nan,0
1597988312237115904,1597988312000001024,2020-08-21 13:38:32.000001,2271.0,2284.0,2256.0,2282.0,nan,2268.0,392015,8890900200.0,294405,2272.0,554,2271.0,187,nan,0,nan,0,nan,0,nan,0,nan,0,nan,0,nan,0,nan,0
1597988312725726976,1597988313000000000,2020-08-21 13:38:33.000000,2271.0,2284.0,2256.0,2282.0,nan,2268.0,392032,8891285760.0,294390,2272.0,556,2271.0,171,nan,0,nan,0,nan,0,nan,0,nan,0,nan,0,nan,0,nan,0
1597988313230055936,1597988313000001024,2020-08-21 13:38:33.000001,2271.0,2284.0,2256.0,2282.0,nan,2268.0,392032,8891285760.0,294390,2272.0,556,2271.0,172,nan,0,nan,0,nan,0,nan,0,nan,0,nan,0,nan,0,nan,0
1597988313726288896,1597988314000000000,2020-08-21 13:38:34.000000,2271.0,2284.0,2256.0,2282.0,nan,2268.0,392033,8891308440.0,294390,2272.0,559,2271.0,173,nan,0,nan,0,nan,0,nan,0,nan,0,nan,0,nan,0,nan,0
1597988314225786880,1597988314000001024,2020-08-21 13:38:34.000001,2271.0,2284.0,2256.0,2282.0,nan,2268.0,392034,8891331120.0,294389,2272.0,559,2271.0,182,nan,0,nan,0,nan,0,nan,0,nan,0,nan,0,nan,0,nan,0
1597988314739450880,1597988315000000000,2020-08-21 13:38:35.000000,2271.0,2284.0,2256.0,2282.0,nan,2268.0,392035,8891353800.0,294388,2272.0,560,2271.0,183,nan,0,nan,0,nan,0,nan,0,nan,0,nan,0,nan,0,nan,0
1597988315231056896,1597988315000001024,2020-08-21 13:38:35.000001,2272.0,2284.0,2256.0,2282.0,nan,2268.0,392041,8891489880.0,294388,2272.0,566,2271.0,191,nan,0,nan,0,nan,0,nan,0,nan,0,nan,0,nan,0,nan,0
1597988315740595968,1597988316000000000,2020-08-21 13:38:36.000000,2271.0,2284.0,2256.0,2282.0,nan,2268.0,392042,8891512560.0,294388,2272.0,567,2271.0,190,nan,0,nan,0,nan,0,nan,0,nan,0,nan,0,nan,0,nan,0
1597988316227668992,1597988316000001024,2020-08-21 13:38:36.000001,2271.0,2284.0,2256.0,2282.0,nan,2268.0,392042,8891512560.0,294388,2272.0,568,2271.0,190,nan,0,nan,0,nan,0,nan,0,nan,0,nan,0,nan,0,nan,0
1597988316730486016,1597988317000000000,2020-08-21 13:38:37.000000,2271.0,2284.0,2256.0,2282.0,nan,2268.0,392042,8891512560.0,294388,2272.0,569,2271.0,190,nan,0,nan,0,nan,0,nan,0,nan,0,nan,0,nan,0,nan,0
1597988317238269952,1597988317000001024,2020-08-21 13:38:37.000001,2272.0,2284.0,2256.0,2282.0,nan,2268.0,392047,8891625960.0,294387,2272.0,564,2271.0,190,nan,0,nan,0,nan,0,nan,0,nan,0,nan,0,nan,0,nan,0
1597988317744500992,1597988318000000000,2020-08-21 13:38:38.000000,2271.0,2284.0,2256.0,2282.0,nan,2268.0,392048,8891648640.0,294387,2272.0,565,2271.0,193,nan,0,nan,0,nan,0,nan,0,nan,0,nan,0,nan,0,nan,0
1597988318243785984,1597988318000001024,2020-08-21 13:38:38.000001,2271.0,2284.0,2256.0,2282.0,nan,2268.0,392049,8891671320.0,294386,2272.0,567,2271.0,209,nan,0,nan,0,nan,0,nan,0,nan,0,nan,0,nan,0,nan,0
1597988318730179072,1597988319000000000,2020-08-21 13:38:39.000000,2271.0,2284.0,2256.0,2282.0,nan,2268.0,392049,8891671320.0,294386,2272.0,568,2271.0,250,nan,0,nan,0,nan,0,nan,0,nan,0,nan,0,nan,0,nan,0
1597988319234440960,1597988319000001024,2020-08-21 13:38:39.000001,2272.0,2284.0,2256.0,2282.0,nan,2268.0,392055,8891807400.0,294381,2272.0,563,2271.0,251,nan,0,nan,0,nan,0,nan,0,nan,0,nan,0,nan,0,nan,0
1597988319735796992,1597988320000000000,2020-08-21 13:38:40.000000,2271.0,2284.0,2256.0,2282.0,nan,2268.0,392070,8892147600.0,294367,2272.0,563,2271.0,236,nan,0,nan,0,nan,0,nan,0,nan,0,nan,0,nan,0,nan,0
1597988320740731904,1597988321000000000,2020-08-21 13:38:41.000000,2272.0,2284.0,2256.0,2282.0,nan,2268.0,392071,8892170280.0,294367,2272.0,562,2271.0,236,nan,0,nan,0,nan,0,nan,0,nan,0,nan,0,nan,0,nan,0
1597988321236049920,1597988321000001024,2020-08-21 13:38:41.000001,2271.0,2284.0,2256.0,2282.0,nan,2268.0,392076,8892283680.0,294363,2272.0,568,2271.0,235,nan,0,nan,0,nan,0,nan,0,nan,0,nan,0,nan,0,nan,0
1597988321746322944,1597988322000000000,2020-08-21 13:38:42.000000,2271.0,2284.0,2256.0,2282.0,nan,2268.0,392076,8892283680.0,294363,2272.0,568,2271.0,235,nan,0,nan,0,nan,0,nan,0,nan,0,nan,0,nan,0,nan,0
1597988322236326912,1597988322000001024,2020-08-21 13:38:42.000001,2271.0,2284.0,2256.0,2282.0,nan,2268.0,392076,8892283680.0,294363,2272.0,568,2271.0,244,nan,0,nan,0,nan,0,nan,0,nan,0,nan,0,nan,0,nan,0
1597988322733516032,1597988323000000000,2020-08-21 13:38:43.000000,2271.0,2284.0,2256.0,2282.0,nan,2268.0,392076,8892283680.0,294363,2272.0,568,2271.0,245,nan,0,nan,0,nan,0,nan,0,nan,0,nan,0,nan,0,nan,0
1597988323237489920,1597988323000001024,2020-08-21 13:38:43.000001,2271.0,2284.0,2256.0,2282.0,nan,2268.0,392076,8892283680.0,294363,2272.0,568,2271.0,248,nan,0,nan,0,nan,0,nan,0,nan,0,nan,0,nan,0,nan,0
1597988323725433088,1597988324000000000,2020-08-21 13:38:44.000000,2272.0,2284.0,2256.0,2282.0,nan,2268.0,392081,8892397080.0,294364,2272.0,562,2271.0,247,nan,0,nan,0,nan,0,nan,0,nan,0,nan,0,nan,0,nan,0
1597988324233408000,1597988324000001024,2020-08-21 13:38:44.000001,2271.0,2284.0,2256.0,2282.0,nan,2268.0,392083,8892442440.0,294366,2272.0,562,2271.0,247,nan,0,nan,0,nan,0,nan,0,nan,0,nan,0,nan,0,nan,0
1597988324787930112,1597988325000000000,2020-08-21 13:38:45.000000,2271.0,2284.0,2256.0,2282.0,nan,2268.0,392083,8892442440.0,294366,2272.0,561,2271.0,248,nan,0,nan,0,nan,0,nan,0,nan,0,nan,0,nan,0,nan,0
1597988325290918912,1597988325000001024,2020-08-21 13:38:45.000001,2271.0,2284.0,2256.0,2282.0,nan,2268.0,392083,8892442440.0,294366,2272.0,563,2271.0,250,nan,0,nan,0,nan,0,nan,0,nan,0,nan,0,nan,0,nan,0
1597988325793576960,1597988326000000000,2020-08-21 13:38:46.000000,2271.0,2284.0,2256.0,2282.0,nan,2268.0,392083,8892442440.0,294366,2272.0,563,2271.0,256,nan,0,nan,0,nan,0,nan,0,nan,0,nan,0,nan,0,nan,0
1597988326290832896,1597988326000001024,2020-08-21 13:38:46.000001,2271.0,2284.0,2256.0,2282.0,nan,2268.0,392083,8892442440.0,294366,2272.0,563,2271.0,255,nan,0,nan,0,nan,0,nan,0,nan,0,nan,0,nan,0,nan,0
1597988326775064064,1597988327000000000,2020-08-21 13:38:47.000000,2271.0,2284.0,2256.0,2282.0,nan,2268.0,392083,8892442440.0,294366,2272.0,563,2271.0,259,nan,0,nan,0,nan,0,nan,0,nan,0,nan,0,nan,0,nan,0
1597988327276854016,1597988327000001024,2020-08-21 13:38:47.000001,2272.0,2284.0,2256.0,2282.0,nan,2268.0,392085,8892487800.0,294365,2272.0,563,2271.0,258,nan,0,nan,0,nan,0,nan,0,nan,0,nan,0,nan,0,nan,0
1597988327733022976,1597988328000000000,2020-08-21 13:38:48.000000,2272.0,2284.0,2256.0,2282.0,nan,2268.0,392085,8892487800.0,294365,2272.0,574,2271.0,258,nan,0,nan,0,nan,0,nan,0,nan,0,nan,0,nan,0,nan,0
1597988328321456128,1597988328000001024,2020-08-21 13:38:48.000001,2272.0,2284.0,2256.0,2282.0,nan,2268.0,392085,8892487800.0,294365,2272.0,576,2271.0,260,nan,0,nan,0,nan,0,nan,0,nan,0,nan,0,nan,0,nan,0
1597988328798214912,1597988329000000000,2020-08-21 13:38:49.000000,2272.0,2284.0,2256.0,2282.0,nan,2268.0,392085,8892487800.0,294365,2272.0,578,2271.0,261,nan,0,nan,0,nan,0,nan,0,nan,0,nan,0,nan,0,nan,0
1597988329296342016,1597988329000001024,2020-08-21 13:38:49.000001,2271.0,2284.0,2256.0,2282.0,nan,2268.0,392088,8892555840.0,294364,2272.0,579,2271.0,260,nan,0,nan,0,nan,0,nan,0,nan,0,nan,0,nan,0,nan,0
1597988329735921920,1597988330000000000,2020-08-21 13:38:50.000000,2271.0,2284.0,2256.0,2282.0,nan,2268.0,392088,8892555840.0,294364,2272.0,578,2271.0,260,nan,0,nan,0,nan,0,nan,0,nan,0,nan,0,nan,0,nan,0
1597988331238857984,1597988331000001024,2020-08-21 13:38:51.000001,2272.0,2284.0,2256.0,2282.0,nan,2268.0,392091,8892623880.0,294361,2272.0,575,2271.0,258,nan,0,nan,0,nan,0,nan,0,nan,0,nan,0,nan,0,nan,0
1597988331738033920,1597988332000000000,2020-08-21 13:38:52.000000,2271.0,2284.0,2256.0,2282.0,nan,2268.0,392092,8892646560.0,294360,2272.0,575,2271.0,258,nan,0,nan,0,nan,0,nan,0,nan,0,nan,0,nan,0,nan,0
1597988332247704064,1597988332000001024,2020-08-21 13:38:52.000001,2271.0,2284.0,2256.0,2282.0,nan,2268.0,392093,8892669240.0,294360,2272.0,576,2271.0,257,nan,0,nan,0,nan,0,nan,0,nan,0,nan,0,nan,0,nan,0
1597988332745646080,1597988333000000000,2020-08-21 13:38:53.000000,2272.0,2284.0,2256.0,2282.0,nan,2268.0,392094,8892691920.0,294360,2272.0,577,2271.0,260,nan,0,nan,0,nan,0,nan,0,nan,0,nan,0,nan,0,nan,0
1597988333265529088,1597988333000001024,2020-08-21 13:38:53.000001,2272.0,2284.0,2256.0,2282.0,nan,2268.0,392094,8892691920.0,294360,2272.0,578,2271.0,262,nan,0,nan,0,nan,0,nan,0,nan,0,nan,0,nan,0,nan,0
1597988333817379072,1597988334000000000,2020-08-21 13:38:54.000000,2272.0,2284.0,2256.0,2282.0,nan,2268.0,392094,8892691920.0,294360,2272.0,578,2271.0,263,nan,0,nan,0,nan,0,nan,0,nan,0,nan,0,nan,0,nan,0
1597988334250123008,1597988334000001024,2020-08-21 13:38:54.000001,2272.0,2284.0,2256.0,2282.0,nan,2268.0,392095,8892714600.0,294360,2272.0,578,2271.0,263,nan,0,nan,0,nan,0,nan,0,nan,0,nan,0,nan,0,nan,0
1597988334749624064,1597988335000000000,2020-08-21 13:38:55.000000,2271.0,2284.0,2256.0,2282.0,nan,2268.0,392096,8892737280.0,294359,2272.0,577,2271.0,263,nan,0,nan,0,nan,0,nan,0,nan,0,nan,0,nan,0,nan,0
1597988335239755008,1597988335000001024,2020-08-21 13:38:55.000001,2271.0,2284.0,2256.0,2282.0,nan,2268.0,392098,8892782640.0,294357,2272.0,577,2271.0,261,nan,0,nan,0,nan,0,nan,0,nan,0,nan,0,nan,0,nan,0
1597988336237419008,1597988336000001024,2020-08-21 13:38:56.000001,2271.0,2284.0,2256.0,2282.0,nan,2268.0,392099,8892805320.0,294357,2272.0,599,2271.0,260,nan,0,nan,0,nan,0,nan,0,nan,0,nan,0,nan,0,nan,0
1597988336765673984,1597988337000000000,2020-08-21 13:38:57.000000,2271.0,2284.0,2256.0,2282.0,nan,2268.0,392105,8892941400.0,294358,2272.0,595,2271.0,255,nan,0,nan,0,nan,0,nan,0,nan,0,nan,0,nan,0,nan,0
1597988337258611968,1597988337000001024,2020-08-21 13:38:57.000001,2271.0,2284.0,2256.0,2282.0,nan,2268.0,392108,8893009440.0,294358,2272.0,593,2271.0,258,nan,0,nan,0,nan,0,nan,0,nan,0,nan,0,nan,0,nan,0
1597988338251160064,1597988338000001024,2020-08-21 13:38:58.000001,2272.0,2284.0,2256.0,2282.0,nan,2268.0,392109,8893032120.0,294359,2272.0,596,2271.0,258,nan,0,nan,0,nan,0,nan,0,nan,0,nan,0,nan,0,nan,0
1597988338748720896,1597988339000000000,2020-08-21 13:38:59.000000,2271.0,2284.0,2256.0,2282.0,nan,2268.0,392112,8893100160.0,294358,2272.0,597,2271.0,258,nan,0,nan,0,nan,0,nan,0,nan,0,nan,0,nan,0,nan,0
1597988339350534912,1597988339000001024,2020-08-21 13:38:59.000001,2272.0,2284.0,2256.0,2282.0,nan,2268.0,392114,8893145520.0,294360,2272.0,595,2271.0,258,nan,0,nan,0,nan,0,nan,0,nan,0,nan,0,nan,0,nan,0
1597988339761792000,1597988340000000000,2020-08-21 13:39:00.000000,2272.0,2284.0,2256.0,2282.0,nan,2268.0,392118,8893236240.0,294363,2272.0,595,2271.0,257,nan,0,nan,0,nan,0,nan,0,nan,0,nan,0,nan,0,nan,0
1597988340243703040,1597988340000001024,2020-08-21 13:39:00.000001,2272.0,2284.0,2256.0,2282.0,nan,2268.0,392118,8893236240.0,294363,2272.0,596,2271.0,261,nan,0,nan,0,nan,0,nan,0,nan,0,nan,0,nan,0,nan,0
1597988341248763904,1597988341000001024,2020-08-21 13:39:01.000001,2271.0,2284.0,2256.0,2282.0,nan,2268.0,392119,8893258920.0,294363,2272.0,596,2271.0,260,nan,0,nan,0,nan,0,nan,0,nan,0,nan,0,nan,0,nan,0
1597988341783014912,1597988342000000000,2020-08-21 13:39:02.000000,2272.0,2284.0,2256.0,2282.0,nan,2268.0,392121,8893304280.0,294365,2272.0,594,2271.0,259,nan,0,nan,0,nan,0,nan,0,nan,0,nan,0,nan,0,nan,0
1597988342250137088,1597988342000001024,2020-08-21 13:39:02.000001,2272.0,2284.0,2256.0,2282.0,nan,2268.0,392121,8893304280.0,294365,2272.0,594,2271.0,263,nan,0,nan,0,nan,0,nan,0,nan,0,nan,0,nan,0,nan,0
1597988342763795968,1597988343000000000,2020-08-21 13:39:03.000000,2272.0,2284.0,2256.0,2282.0,nan,2268.0,392121,8893304280.0,294365,2272.0,595,2271.0,263,nan,0,nan,0,nan,0,nan,0,nan,0,nan,0,nan,0,nan,0
1597988343247354880,1597988343000001024,2020-08-21 13:39:03.000001,2272.0,2284.0,2256.0,2282.0,nan,2268.0,392121,8893304280.0,294365,2272.0,604,2271.0,263,nan,0,nan,0,nan,0,nan,0,nan,0,nan,0,nan,0,nan,0
1597988343741657088,1597988344000000000,2020-08-21 13:39:04.000000,2272.0,2284.0,2256.0,2282.0,nan,2268.0,392121,8893304280.0,294365,2272.0,631,2271.0,263,nan,0,nan,0,nan,0,nan,0,nan,0,nan,0,nan,0,nan,0
1597988344240628992,1597988344000001024,2020-08-21 13:39:04.000001,2272.0,2284.0,2256.0,2282.0,nan,2268.0,392121,8893304280.0,294365,2272.0,633,2271.0,228,nan,0,nan,0,nan,0,nan,0,nan,0,nan,0,nan,0,nan,0
1597988344747192064,1597988345000000000,2020-08-21 13:39:05.000000,2272.0,2284.0,2256.0,2282.0,nan,2268.0,392121,8893304280.0,294365,2272.0,634,2271.0,228,nan,0,nan,0,nan,0,nan,0,nan,0,nan,0,nan,0,nan,0
1597988345321113088,1597988345000001024,2020-08-21 13:39:05.000001,2271.0,2284.0,2256.0,2282.0,nan,2268.0,392130,8893508400.0,294361,2272.0,635,2271.0,219,nan,0,nan,0,nan,0,nan,0,nan,0,nan,0,nan,0,nan,0
1597988345785408000,1597988346000000000,2020-08-21 13:39:06.000000,2271.0,2284.0,2256.0,2282.0,nan,2268.0,392131,8893531080.0,294361,2272.0,635,2271.0,208,nan,0,nan,0,nan,0,nan,0,nan,0,nan,0,nan,0,nan,0
1597988346255858944,1597988346000001024,2020-08-21 13:39:06.000001,2271.0,2284.0,2256.0,2282.0,nan,2268.0,392132,8893553760.0,294361,2272.0,635,2271.0,210,nan,0,nan,0,nan,0,nan,0,nan,0,nan,0,nan,0,nan,0
1597988346861914112,1597988347000000000,2020-08-21 13:39:07.000000,2271.0,2284.0,2256.0,2282.0,nan,2268.0,392132,8893553760.0,294361,2272.0,652,2271.0,210,nan,0,nan,0,nan,0,nan,0,nan,0,nan,0,nan,0,nan,0
1597988347457565952,1597988347000001024,2020-08-21 13:39:07.000001,2272.0,2284.0,2256.0,2282.0,nan,2268.0,392154,8894052720.0,294380,2272.0,612,2271.0,224,nan,0,nan,0,nan,0,nan,0,nan,0,nan,0,nan,0,nan,0
1597988347741373952,1597988348000000000,2020-08-21 13:39:08.000000,2271.0,2284.0,2256.0,2282.0,nan,2268.0,392155,8894075400.0,294379,2272.0,611,2271.0,225,nan,0,nan,0,nan,0,nan,0,nan,0,nan,0,nan,0,nan,0
1597988348243255040,1597988348000001024,2020-08-21 13:39:08.000001,2271.0,2284.0,2256.0,2282.0,nan,2268.0,392156,8894098080.0,294379,2272.0,623,2271.0,234,nan,0,nan,0,nan,0,nan,0,nan,0,nan,0,nan,0,nan,0
1597988348739448064,1597988349000000000,2020-08-21 13:39:09.000000,2272.0,2284.0,2256.0,2282.0,nan,2268.0,392161,8894211480.0,294382,2272.0,619,2271.0,241,nan,0,nan,0,nan,0,nan,0,nan,0,nan,0,nan,0,nan,0
1597988349270582016,1597988349000001024,2020-08-21 13:39:09.000001,2272.0,2284.0,2256.0,2282.0,nan,2268.0,392161,8894211480.0,294382,2272.0,626,2271.0,242,nan,0,nan,0,nan,0,nan,0,nan,0,nan,0,nan,0,nan,0
1597988349738105088,1597988350000000000,2020-08-21 13:39:10.000000,2272.0,2284.0,2256.0,2282.0,nan,2268.0,392163,8894256840.0,294382,2272.0,623,2271.0,242,nan,0,nan,0,nan,0,nan,0,nan,0,nan,0,nan,0,nan,0
1597988350247892992,1597988350000001024,2020-08-21 13:39:10.000001,2272.0,2284.0,2256.0,2282.0,nan,2268.0,392163,8894256840.0,294382,2272.0,624,2271.0,242,nan,0,nan,0,nan,0,nan,0,nan,0,nan,0,nan,0,nan,0
1597988350806372096,1597988351000000000,2020-08-21 13:39:11.000000,2272.0,2284.0,2256.0,2282.0,nan,2268.0,392163,8894256840.0,294382,2272.0,624,2271.0,245,nan,0,nan,0,nan,0,nan,0,nan,0,nan,0,nan,0,nan,0
1597988351244770048,1597988351000001024,2020-08-21 13:39:11.000001,2271.0,2284.0,2256.0,2282.0,nan,2268.0,392164,8894279520.0,294382,2272.0,625,2271.0,289,nan,0,nan,0,nan,0,nan,0,nan,0,nan,0,nan,0,nan,0
1597988351784724992,1597988352000000000,2020-08-21 13:39:12.000000,2271.0,2284.0,2256.0,2282.0,nan,2268.0,392164,8894279520.0,294382,2272.0,625,2271.0,302,nan,0,nan,0,nan,0,nan,0,nan,0,nan,0,nan,0,nan,0
1597988352344643072,1597988352000001024,2020-08-21 13:39:12.000001,2271.0,2284.0,2256.0,2282.0,nan,2268.0,392164,8894279520.0,294382,2272.0,627,2271.0,298,nan,0,nan,0,nan,0,nan,0,nan,0,nan,0,nan,0,nan,0
1597988352793245952,1597988353000000000,2020-08-21 13:39:13.000000,2272.0,2284.0,2256.0,2282.0,nan,2268.0,392166,8894324880.0,294380,2272.0,625,2271.0,298,nan,0,nan,0,nan,0,nan,0,nan,0,nan,0,nan,0,nan,0
1597988353244606976,1597988353000001024,2020-08-21 13:39:13.000001,2272.0,2284.0,2256.0,2282.0,nan,2268.0,392169,8894392920.0,294379,2272.0,623,2271.0,327,nan,0,nan,0,nan,0,nan,0,nan,0,nan,0,nan,0,nan,0
1597988353757064960,1597988354000000000,2020-08-21 13:39:14.000000,2271.0,2284.0,2256.0,2282.0,nan,2268.0,392170,8894415600.0,294379,2272.0,624,2271.0,367,nan,0,nan,0,nan,0,nan,0,nan,0,nan,0,nan,0,nan,0
1597988354256889088,1597988354000001024,2020-08-21 13:39:14.000001,2271.0,2284.0,2256.0,2282.0,nan,2268.0,392170,8894415600.0,294379,2272.0,661,2271.0,373,nan,0,nan,0,nan,0,nan,0,nan,0,nan,0,nan,0,nan,0
1597988354739369984,1597988355000000000,2020-08-21 13:39:15.000000,2272.0,2284.0,2256.0,2282.0,nan,2268.0,392181,8894665080.0,294384,2272.0,652,2271.0,375,nan,0,nan,0,nan,0,nan,0,nan,0,nan,0,nan,0,nan,0
1597988355242588928,1597988355000001024,2020-08-21 13:39:15.000001,2272.0,2284.0,2256.0,2282.0,nan,2268.0,392181,8894665080.0,294384,2272.0,651,2271.0,376,nan,0,nan,0,nan,0,nan,0,nan,0,nan,0,nan,0,nan,0
1597988355752228096,1597988356000000000,2020-08-21 13:39:16.000000,2272.0,2284.0,2256.0,2282.0,nan,2268.0,392186,8894778480.0,294379,2272.0,676,2271.0,382,nan,0,nan,0,nan,0,nan,0,nan,0,nan,0,nan,0,nan,0
1597988356253538048,1597988356000001024,2020-08-21 13:39:16.000001,2271.0,2284.0,2256.0,2282.0,nan,2268.0,392187,8894801160.0,294379,2272.0,678,2271.0,382,nan,0,nan,0,nan,0,nan,0,nan,0,nan,0,nan,0,nan,0
1597988356753949952,1597988357000000000,2020-08-21 13:39:17.000000,2271.0,2284.0,2256.0,2282.0,nan,2268.0,392187,8894801160.0,294379,2272.0,678,2271.0,384,nan,0,nan,0,nan,0,nan,0,nan,0,nan,0,nan,0,nan,0
1597988357245713920,1597988357000001024,2020-08-21 13:39:17.000001,2271.0,2284.0,2256.0,2282.0,nan,2268.0,392203,8895164040.0,294371,2272.0,678,2271.0,399,nan,0,nan,0,nan,0,nan,0,nan,0,nan,0,nan,0,nan,0
1597988357743046912,1597988358000000000,2020-08-21 13:39:18.000000,2272.0,2284.0,2256.0,2282.0,nan,2268.0,392211,8895345480.0,294371,2272.0,670,2271.0,400,nan,0,nan,0,nan,0,nan,0,nan,0,nan,0,nan,0,nan,0
1597988358242940928,1597988358000001024,2020-08-21 13:39:18.000001,2271.0,2284.0,2256.0,2282.0,nan,2268.0,392212,8895368160.0,294371,2272.0,670,2271.0,400,nan,0,nan,0,nan,0,nan,0,nan,0,nan,0,nan,0,nan,0
1597988359244190976,1597988359000001024,2020-08-21 13:39:19.000001,2271.0,2284.0,2256.0,2282.0,nan,2268.0,392214,8895413520.0,294370,2272.0,669,2271.0,399,nan,0,nan,0,nan,0,nan,0,nan,0,nan,0,nan,0,nan,0
1597988359753756928,1597988360000000000,2020-08-21 13:39:20.000000,2271.0,2284.0,2256.0,2282.0,nan,2268.0,392218,8895504240.0,294371,2272.0,684,2271.0,396,nan,0,nan,0,nan,0,nan,0,nan,0,nan,0,nan,0,nan,0
1597988360246484992,1597988360000001024,2020-08-21 13:39:20.000001,2272.0,2284.0,2256.0,2282.0,nan,2268.0,392224,8895640320.0,294374,2272.0,679,2271.0,382,nan,0,nan,0,nan,0,nan,0,nan,0,nan,0,nan,0,nan,0
1597988360744739072,1597988361000000000,2020-08-21 13:39:21.000000,2271.0,2284.0,2256.0,2282.0,nan,2268.0,392226,8895685680.0,294374,2272.0,680,2271.0,382,nan,0,nan,0,nan,0,nan,0,nan,0,nan,0,nan,0,nan,0
1597988361244566016,1597988361000001024,2020-08-21 13:39:21.000001,2271.0,2284.0,2256.0,2282.0,nan,2268.0,392226,8895685680.0,294374,2272.0,681,2271.0,383,nan,0,nan,0,nan,0,nan,0,nan,0,nan,0,nan,0,nan,0
1597988361746889984,1597988362000000000,2020-08-21 13:39:22.000000,2271.0,2284.0,2256.0,2282.0,nan,2268.0,392228,8895731040.0,294375,2272.0,682,2271.0,381,nan,0,nan,0,nan,0,nan,0,nan,0,nan,0,nan,0,nan,0
1597988362243513088,1597988362000001024,2020-08-21 13:39:22.000001,2271.0,2284.0,2256.0,2282.0,nan,2268.0,392232,8895821760.0,294374,2272.0,683,2271.0,399,nan,0,nan,0,nan,0,nan,0,nan,0,nan,0,nan,0,nan,0
1597988362773296128,1597988363000000000,2020-08-21 13:39:23.000000,2271.0,2284.0,2256.0,2282.0,nan,2268.0,392232,8895821760.0,294374,2272.0,683,2271.0,415,nan,0,nan,0,nan,0,nan,0,nan,0,nan,0,nan,0,nan,0
1597988363261400064,1597988363000001024,2020-08-21 13:39:23.000001,2271.0,2284.0,2256.0,2282.0,nan,2268.0,392232,8895821760.0,294374,2272.0,683,2271.0,419,nan,0,nan,0,nan,0,nan,0,nan,0,nan,0,nan,0,nan,0
1597988363748503040,1597988364000000000,2020-08-21 13:39:24.000000,2271.0,2284.0,2256.0,2282.0,nan,2268.0,392232,8895821760.0,294374,2272.0,686,2271.0,419,nan,0,nan,0,nan,0,nan,0,nan,0,nan,0,nan,0,nan,0
1597988364249657088,1597988364000001024,2020-08-21 13:39:24.000001,2271.0,2284.0,2256.0,2282.0,nan,2268.0,392232,8895821760.0,294374,2272.0,687,2271.0,419,nan,0,nan,0,nan,0,nan,0,nan,0,nan,0,nan,0,nan,0
1597988364751749888,1597988365000000000,2020-08-21 13:39:25.000000,2271.0,2284.0,2256.0,2282.0,nan,2268.0,392233,8895844440.0,294374,2272.0,691,2271.0,422,nan,0,nan,0,nan,0,nan,0,nan,0,nan,0,nan,0,nan,0
1597988365251318016,1597988365000001024,2020-08-21 13:39:25.000001,2271.0,2284.0,2256.0,2282.0,nan,2268.0,392233,8895844440.0,294374,2272.0,691,2271.0,432,nan,0,nan,0,nan,0,nan,0,nan,0,nan,0,nan,0,nan,0
1597988365761527040,1597988366000000000,2020-08-21 13:39:26.000000,2271.0,2284.0,2256.0,2282.0,nan,2268.0,392233,8895844440.0,294374,2272.0,723,2271.0,432,nan,0,nan,0,nan,0,nan,0,nan,0,nan,0,nan,0,nan,0
1597988366248158976,1597988366000001024,2020-08-21 13:39:26.000001,2272.0,2284.0,2256.0,2282.0,nan,2268.0,392236,8895912480.0,294373,2272.0,721,2271.0,442,nan,0,nan,0,nan,0,nan,0,nan,0,nan,0,nan,0,nan,0
1597988366761850112,1597988367000000000,2020-08-21 13:39:27.000000,2271.0,2284.0,2256.0,2282.0,nan,2268.0,392237,8895935160.0,294374,2272.0,722,2271.0,442,nan,0,nan,0,nan,0,nan,0,nan,0,nan,0,nan,0,nan,0
1597988367254513920,1597988367000001024,2020-08-21 13:39:27.000001,2272.0,2284.0,2256.0,2282.0,nan,2268.0,392238,8895957840.0,294373,2272.0,721,2271.0,442,nan,0,nan,0,nan,0,nan,0,nan,0,nan,0,nan,0,nan,0
1597988367749294080,1597988368000000000,2020-08-21 13:39:28.000000,2272.0,2284.0,2256.0,2282.0,nan,2268.0,392238,8895957840.0,294373,2272.0,721,2271.0,443,nan,0,nan,0,nan,0,nan,0,nan,0,nan,0,nan,0,nan,0
1597988368259024896,1597988368000001024,2020-08-21 13:39:28.000001,2271.0,2284.0,2256.0,2282.0,nan,2268.0,392239,8895980520.0,294374,2272.0,720,2271.0,434,nan,0,nan,0,nan,0,nan,0,nan,0,nan,0,nan,0,nan,0
1597988368762266880,1597988369000000000,2020-08-21 13:39:29.000000,2272.0,2284.0,2256.0,2282.0,nan,2268.0,392247,8896161960.0,294377,2272.0,713,2271.0,435,nan,0,nan,0,nan,0,nan,0,nan,0,nan,0,nan,0,nan,0
1597988370257664000,1597988370000001024,2020-08-21 13:39:30.000001,2271.0,2284.0,2256.0,2282.0,nan,2268.0,392255,8896343400.0,294376,2272.0,712,2271.0,430,nan,0,nan,0,nan,0,nan,0,nan,0,nan,0,nan,0,nan,0
1597988370756919040,1597988371000000000,2020-08-21 13:39:31.000000,2271.0,2284.0,2256.0,2282.0,nan,2268.0,392255,8896343400.0,294376,2272.0,717,2271.0,429,nan,0,nan,0,nan,0,nan,0,nan,0,nan,0,nan,0,nan,0
1597988371755121920,1597988372000000000,2020-08-21 13:39:32.000000,2271.0,2284.0,2256.0,2282.0,nan,2268.0,392256,8896366080.0,294377,2272.0,719,2271.0,428,nan,0,nan,0,nan,0,nan,0,nan,0,nan,0,nan,0,nan,0
1597988372251656960,1597988372000001024,2020-08-21 13:39:32.000001,2271.0,2284.0,2256.0,2282.0,nan,2268.0,392256,8896366080.0,294377,2272.0,719,2271.0,459,nan,0,nan,0,nan,0,nan,0,nan,0,nan,0,nan,0,nan,0
1597988373264881920,1597988373000001024,2020-08-21 13:39:33.000001,2271.0,2284.0,2256.0,2282.0,nan,2268.0,392256,8896366080.0,294377,2272.0,719,2271.0,460,nan,0,nan,0,nan,0,nan,0,nan,0,nan,0,nan,0,nan,0
1597988373759558912,1597988374000000000,2020-08-21 13:39:34.000000,2271.0,2284.0,2256.0,2282.0,nan,2268.0,392260,8896456800.0,294381,2272.0,719,2271.0,456,nan,0,nan,0,nan,0,nan,0,nan,0,nan,0,nan,0,nan,0
1597988374258016000,1597988374000001024,2020-08-21 13:39:34.000001,2272.0,2284.0,2256.0,2282.0,nan,2268.0,392266,8896592880.0,294381,2272.0,728,2271.0,469,nan,0,nan,0,nan,0,nan,0,nan,0,nan,0,nan,0,nan,0
1597988374767079936,1597988375000000000,2020-08-21 13:39:35.000000,2271.0,2284.0,2256.0,2282.0,nan,2268.0,392267,8896615560.0,294381,2272.0,729,2271.0,460,nan,0,nan,0,nan,0,nan,0,nan,0,nan,0,nan,0,nan,0
1597988375253926912,1597988375000001024,2020-08-21 13:39:35.000001,2271.0,2284.0,2256.0,2282.0,nan,2268.0,392268,8896638240.0,294381,2272.0,732,2271.0,460,nan,0,nan,0,nan,0,nan,0,nan,0,nan,0,nan,0,nan,0
1597988375757750016,1597988376000000000,2020-08-21 13:39:36.000000,2271.0,2284.0,2256.0,2282.0,nan,2268.0,392269,8896660920.0,294381,2272.0,734,2271.0,459,nan,0,nan,0,nan,0,nan,0,nan,0,nan,0,nan,0,nan,0
1597988376761533952,1597988377000000000,2020-08-21 13:39:37.000000,2271.0,2284.0,2256.0,2282.0,nan,2268.0,392269,8896660920.0,294381,2272.0,734,2271.0,460,nan,0,nan,0,nan,0,nan,0,nan,0,nan,0,nan,0,nan,0
1597988377261277952,1597988377000001024,2020-08-21 13:39:37.000001,2271.0,2284.0,2256.0,2282.0,nan,2268.0,392269,8896660920.0,294381,2272.0,735,2271.0,461,nan,0,nan,0,nan,0,nan,0,nan,0,nan,0,nan,0,nan,0
1597988378368083968,1597988378000001024,2020-08-21 13:39:38.000001,2271.0,2284.0,2256.0,2282.0,nan,2268.0,392269,8896660920.0,294381,2272.0,724,2271.0,461,nan,0,nan,0,nan,0,nan,0,nan,0,nan,0,nan,0,nan,0
1597988378759525120,1597988379000000000,2020-08-21 13:39:39.000000,2271.0,2284.0,2256.0,2282.0,nan,2268.0,392281,8896933080.0,294377,2272.0,726,2271.0,452,nan,0,nan,0,nan,0,nan,0,nan,0,nan,0,nan,0,nan,0
1597988379271218944,1597988379000001024,2020-08-21 13:39:39.000001,2272.0,2284.0,2256.0,2282.0,nan,2268.0,392282,8896955760.0,294377,2272.0,725,2271.0,452,nan,0,nan,0,nan,0,nan,0,nan,0,nan,0,nan,0,nan,0
1597988379762644992,1597988380000000000,2020-08-21 13:39:40.000000,2271.0,2284.0,2256.0,2282.0,nan,2268.0,392289,8897114520.0,294377,2272.0,720,2271.0,448,nan,0,nan,0,nan,0,nan,0,nan,0,nan,0,nan,0,nan,0
1597988380270723072,1597988380000001024,2020-08-21 13:39:40.000001,2272.0,2284.0,2256.0,2282.0,nan,2268.0,392294,8897227920.0,294372,2272.0,715,2271.0,448,nan,0,nan,0,nan,0,nan,0,nan,0,nan,0,nan,0,nan,0
1597988381263428096,1597988381000001024,2020-08-21 13:39:41.000001,2272.0,2284.0,2256.0,2282.0,nan,2268.0,392303,8897432040.0,294367,2272.0,708,2271.0,442,nan,0,nan,0,nan,0,nan,0,nan,0,nan,0,nan,0,nan,0
1597988381755985920,1597988382000000000,2020-08-21 13:39:42.000000,2271.0,2284.0,2256.0,2282.0,nan,2268.0,392304,8897454720.0,294368,2272.0,713,2271.0,444,nan,0,nan,0,nan,0,nan,0,nan,0,nan,0,nan,0,nan,0
1597988382769341952,1597988383000000000,2020-08-21 13:39:43.000000,2271.0,2284.0,2256.0,2282.0,nan,2268.0,392304,8897454720.0,294368,2272.0,718,2271.0,454,nan,0,nan,0,nan,0,nan,0,nan,0,nan,0,nan,0,nan,0
1597988383770422016,1597988384000000000,2020-08-21 13:39:44.000000,2272.0,2284.0,2256.0,2282.0,nan,2268.0,392305,8897477400.0,294368,2272.0,717,2271.0,454,nan,0,nan,0,nan,0,nan,0,nan,0,nan,0,nan,0,nan,0
1597988384254838016,1597988384000001024,2020-08-21 13:39:44.000001,2272.0,2284.0,2256.0,2282.0,nan,2268.0,392305,8897477400.0,294368,2272.0,721,2271.0,464,nan,0,nan,0,nan,0,nan,0,nan,0,nan,0,nan,0,nan,0
1597988384753313024,1597988385000000000,2020-08-21 13:39:45.000000,2272.0,2284.0,2256.0,2282.0,nan,2268.0,392305,8897477400.0,294368,2272.0,721,2271.0,466,nan,0,nan,0,nan,0,nan,0,nan,0,nan,0,nan,0,nan,0
1597988385276005120,1597988385000001024,2020-08-21 13:39:45.000001,2272.0,2284.0,2256.0,2282.0,nan,2268.0,392306,8897500080.0,294368,2272.0,720,2271.0,467,nan,0,nan,0,nan,0,nan,0,nan,0,nan,0,nan,0,nan,0
1597988385754908928,1597988386000000000,2020-08-21 13:39:46.000000,2272.0,2284.0,2256.0,2282.0,nan,2268.0,392315,8897704200.0,294368,2272.0,712,2271.0,468,nan,0,nan,0,nan,0,nan,0,nan,0,nan,0,nan,0,nan,0
1597988386256124928,1597988386000001024,2020-08-21 13:39:46.000001,2272.0,2284.0,2256.0,2282.0,nan,2268.0,392345,8898384600.0,294338,2272.0,684,2271.0,469,nan,0,nan,0,nan,0,nan,0,nan,0,nan,0,nan,0,nan,0
1597988386753946112,1597988387000000000,2020-08-21 13:39:47.000000,2271.0,2284.0,2256.0,2282.0,nan,2268.0,392394,8899495920.0,294307,2272.0,636,2271.0,476,nan,0,nan,0,nan,0,nan,0,nan,0,nan,0,nan,0,nan,0
1597988387268337920,1597988387000001024,2020-08-21 13:39:47.000001,2271.0,2284.0,2256.0,2282.0,nan,2268.0,392394,8899495920.0,294307,2272.0,634,2271.0,476,nan,0,nan,0,nan,0,nan,0,nan,0,nan,0,nan,0,nan,0
1597988387764846080,1597988388000000000,2020-08-21 13:39:48.000000,2272.0,2284.0,2256.0,2282.0,nan,2268.0,392396,8899541280.0,294306,2272.0,633,2271.0,476,nan,0,nan,0,nan,0,nan,0,nan,0,nan,0,nan,0,nan,0
1597988388259639040,1597988388000001024,2020-08-21 13:39:48.000001,2272.0,2284.0,2256.0,2282.0,nan,2268.0,392398,8899586640.0,294307,2272.0,632,2271.0,476,nan,0,nan,0,nan,0,nan,0,nan,0,nan,0,nan,0,nan,0
1597988388759080960,1597988389000000000,2020-08-21 13:39:49.000000,2272.0,2284.0,2256.0,2282.0,nan,2268.0,392399,8899609320.0,294308,2272.0,631,2271.0,480,nan,0,nan,0,nan,0,nan,0,nan,0,nan,0,nan,0,nan,0
1597988389258877952,1597988389000001024,2020-08-21 13:39:49.000001,2271.0,2284.0,2256.0,2282.0,nan,2268.0,392449,8900743320.0,294333,2272.0,631,2271.0,430,nan,0,nan,0,nan,0,nan,0,nan,0,nan,0,nan,0,nan,0
1597988389753830912,1597988390000000000,2020-08-21 13:39:50.000000,2271.0,2284.0,2256.0,2282.0,nan,2268.0,392449,8900743320.0,294333,2272.0,631,2271.0,427,nan,0,nan,0,nan,0,nan,0,nan,0,nan,0,nan,0,nan,0
1597988390269735936,1597988390000001024,2020-08-21 13:39:50.000001,2272.0,2284.0,2256.0,2282.0,nan,2268.0,392454,8900856720.0,294331,2272.0,628,2271.0,425,nan,0,nan,0,nan,0,nan,0,nan,0,nan,0,nan,0,nan,0
1597988390764246016,1597988391000000000,2020-08-21 13:39:51.000000,2271.0,2284.0,2256.0,2282.0,nan,2268.0,392468,8901174240.0,294332,2272.0,618,2271.0,424,nan,0,nan,0,nan,0,nan,0,nan,0,nan,0,nan,0,nan,0
1597988391268569088,1597988391000001024,2020-08-21 13:39:51.000001,2271.0,2284.0,2256.0,2282.0,nan,2268.0,392468,8901174240.0,294332,2272.0,619,2271.0,424,nan,0,nan,0,nan,0,nan,0,nan,0,nan,0,nan,0,nan,0
1597988391771365888,1597988392000000000,2020-08-21 13:39:52.000000,2272.0,2284.0,2256.0,2282.0,nan,2268.0,392469,8901196920.0,294332,2272.0,622,2271.0,425,nan,0,nan,0,nan,0,nan,0,nan,0,nan,0,nan,0,nan,0
1597988392262563072,1597988392000001024,2020-08-21 13:39:52.000001,2271.0,2284.0,2256.0,2282.0,nan,2268.0,392489,8901650520.0,294316,2272.0,622,2271.0,405,nan,0,nan,0,nan,0,nan,0,nan,0,nan,0,nan,0,nan,0
1597988392772452096,1597988393000000000,2020-08-21 13:39:53.000000,2272.0,2284.0,2256.0,2282.0,nan,2268.0,392490,8901673200.0,294315,2272.0,621,2271.0,408,nan,0,nan,0,nan,0,nan,0,nan,0,nan,0,nan,0,nan,0
1597988393277028096,1597988393000001024,2020-08-21 13:39:53.000001,2272.0,2284.0,2256.0,2282.0,nan,2268.0,392501,8901922680.0,294306,2272.0,600,2271.0,408,nan,0,nan,0,nan,0,nan,0,nan,0,nan,0,nan,0,nan,0
1597988393772381952,1597988394000000000,2020-08-21 13:39:54.000000,2272.0,2284.0,2256.0,2282.0,nan,2268.0,392501,8901922680.0,294306,2272.0,600,2271.0,418,nan,0,nan,0,nan,0,nan,0,nan,0,nan,0,nan,0,nan,0
1597988394269869056,1597988394000001024,2020-08-21 13:39:54.000001,2272.0,2284.0,2256.0,2282.0,nan,2268.0,392502,8901945360.0,294305,2272.0,600,2271.0,430,nan,0,nan,0,nan,0,nan,0,nan,0,nan,0,nan,0,nan,0
1597988394779824128,1597988395000000000,2020-08-21 13:39:55.000000,2272.0,2284.0,2256.0,2282.0,nan,2268.0,392505,8902013400.0,294305,2272.0,598,2271.0,430,nan,0,nan,0,nan,0,nan,0,nan,0,nan,0,nan,0,nan,0
1597988395272779008,1597988395000001024,2020-08-21 13:39:55.000001,2272.0,2284.0,2256.0,2282.0,nan,2268.0,392505,8902013400.0,294305,2272.0,599,2271.0,430,nan,0,nan,0,nan,0,nan,0,nan,0,nan,0,nan,0,nan,0
1597988395774412032,1597988396000000000,2020-08-21 13:39:56.000000,2271.0,2284.0,2256.0,2282.0,nan,2268.0,392506,8902036080.0,294306,2272.0,603,2271.0,429,nan,0,nan,0,nan,0,nan,0,nan,0,nan,0,nan,0,nan,0
1597988396265466112,1597988396000001024,2020-08-21 13:39:56.000001,2271.0,2284.0,2256.0,2282.0,nan,2268.0,392506,8902036080.0,294306,2272.0,607,2271.0,419,nan,0,nan,0,nan,0,nan,0,nan,0,nan,0,nan,0,nan,0
1597988396770546944,1597988397000000000,2020-08-21 13:39:57.000000,2272.0,2284.0,2256.0,2282.0,nan,2268.0,392508,8902081440.0,294306,2272.0,606,2271.0,420,nan,0,nan,0,nan,0,nan,0,nan,0,nan,0,nan,0,nan,0
1597988397274082048,1597988397000001024,2020-08-21 13:39:57.000001,2271.0,2284.0,2256.0,2282.0,nan,2268.0,392509,8902104120.0,294306,2272.0,606,2271.0,419,nan,0,nan,0,nan,0,nan,0,nan,0,nan,0,nan,0,nan,0
1597988397791283968,1597988398000000000,2020-08-21 13:39:58.000000,2272.0,2284.0,2256.0,2282.0,nan,2268.0,392514,8902217520.0,294301,2272.0,593,2271.0,421,nan,0,nan,0,nan,0,nan,0,nan,0,nan,0,nan,0,nan,0
1597988398270705920,1597988398000001024,2020-08-21 13:39:58.000001,2272.0,2284.0,2256.0,2282.0,nan,2268.0,392514,8902217520.0,294301,2272.0,601,2271.0,422,nan,0,nan,0,nan,0,nan,0,nan,0,nan,0,nan,0,nan,0
1597988398785073920,1597988399000000000,2020-08-21 13:39:59.000000,2272.0,2284.0,2256.0,2282.0,nan,2268.0,392514,8902217520.0,294301,2272.0,604,2271.0,419,nan,0,nan,0,nan,0,nan,0,nan,0,nan,0,nan,0,nan,0
1597988399274835968,1597988399000001024,2020-08-21 13:39:59.000001,2272.0,2284.0,2256.0,2282.0,nan,2268.0,392514,8902217520.0,294301,2272.0,605,2271.0,428,nan,0,nan,0,nan,0,nan,0,nan,0,nan,0,nan,0,nan,0
1597988400780718080,1597988401000000000,2020-08-21 13:40:01.000000,2272.0,2284.0,2256.0,2282.0,nan,2268.0,392514,8902217520.0,294301,2272.0,608,2271.0,428,nan,0,nan,0,nan,0,nan,0,nan,0,nan,0,nan,0,nan,0
1597988401270771968,1597988401000001024,2020-08-21 13:40:01.000001,2272.0,2284.0,2256.0,2282.0,nan,2268.0,392530,8902580400.0,294290,2272.0,599,2271.0,423,nan,0,nan,0,nan,0,nan,0,nan,0,nan,0,nan,0,nan,0
1597988401770377984,1597988402000000000,2020-08-21 13:40:02.000000,2272.0,2284.0,2256.0,2282.0,nan,2268.0,392616,8904530880.0,294227,2272.0,519,2271.0,433,nan,0,nan,0,nan,0,nan,0,nan,0,nan,0,nan,0,nan,0
1597988402271762944,1597988402000001024,2020-08-21 13:40:02.000001,2272.0,2284.0,2256.0,2282.0,nan,2268.0,392680,8905982400.0,294238,2272.0,455,2271.0,434,nan,0,nan,0,nan,0,nan,0,nan,0,nan,0,nan,0,nan,0
1597988402768589056,1597988403000000000,2020-08-21 13:40:03.000000,2272.0,2284.0,2256.0,2282.0,nan,2268.0,392680,8905982400.0,294238,2272.0,453,2271.0,445,nan,0,nan,0,nan,0,nan,0,nan,0,nan,0,nan,0,nan,0
1597988403271826944,1597988403000001024,2020-08-21 13:40:03.000001,2272.0,2284.0,2256.0,2282.0,nan,2268.0,392680,8905982400.0,294238,2272.0,467,2271.0,445,nan,0,nan,0,nan,0,nan,0,nan,0,nan,0,nan,0,nan,0
1597988403764132096,1597988404000000000,2020-08-21 13:40:04.000000,2272.0,2284.0,2256.0,2282.0,nan,2268.0,392687,8906141160.0,294239,2272.0,460,2271.0,445,nan,0,nan,0,nan,0,nan,0,nan,0,nan,0,nan,0,nan,0
1597988404263525888,1597988404000001024,2020-08-21 13:40:04.000001,2272.0,2284.0,2256.0,2282.0,nan,2268.0,392687,8906141160.0,294239,2272.0,465,2271.0,451,nan,0,nan,0,nan,0,nan,0,nan,0,nan,0,nan,0,nan,0
1597988404761105920,1597988405000000000,2020-08-21 13:40:05.000000,2271.0,2284.0,2256.0,2282.0,nan,2268.0,392692,8906254560.0,294241,2272.0,493,2271.0,448,nan,0,nan,0,nan,0,nan,0,nan,0,nan,0,nan,0,nan,0
1597988405264750080,1597988405000001024,2020-08-21 13:40:05.000001,2271.0,2284.0,2256.0,2282.0,nan,2268.0,392692,8906254560.0,294241,2272.0,494,2271.0,456,nan,0,nan,0,nan,0,nan,0,nan,0,nan,0,nan,0,nan,0
1597988405763291904,1597988406000000000,2020-08-21 13:40:06.000000,2271.0,2284.0,2256.0,2282.0,nan,2268.0,392692,8906254560.0,294241,2272.0,495,2271.0,490,nan,0,nan,0,nan,0,nan,0,nan,0,nan,0,nan,0,nan,0
1597988406268677888,1597988406000001024,2020-08-21 13:40:06.000001,2271.0,2284.0,2256.0,2282.0,nan,2268.0,392692,8906254560.0,294241,2272.0,498,2271.0,490,nan,0,nan,0,nan,0,nan,0,nan,0,nan,0,nan,0,nan,0
1597988406769505024,1597988407000000000,2020-08-21 13:40:07.000000,2271.0,2284.0,2256.0,2282.0,nan,2268.0,392693,8906277240.0,294242,2272.0,498,2271.0,490,nan,0,nan,0,nan,0,nan,0,nan,0,nan,0,nan,0,nan,0
1597988407310991104,1597988407000001024,2020-08-21 13:40:07.000001,2271.0,2284.0,2256.0,2282.0,nan,2268.0,392693,8906277240.0,294242,2272.0,507,2271.0,494,nan,0,nan,0,nan,0,nan,0,nan,0,nan,0,nan,0,nan,0
1597988407768770048,1597988408000000000,2020-08-21 13:40:08.000000,2271.0,2284.0,2256.0,2282.0,nan,2268.0,392693,8906277240.0,294242,2272.0,512,2271.0,494,nan,0,nan,0,nan,0,nan,0,nan,0,nan,0,nan,0,nan,0
1597988408282990080,1597988408000001024,2020-08-21 13:40:08.000001,2271.0,2284.0,2256.0,2282.0,nan,2268.0,392693,8906277240.0,294242,2272.0,514,2271.0,494,nan,0,nan,0,nan,0,nan,0,nan,0,nan,0,nan,0,nan,0
1597988408814540032,1597988409000000000,2020-08-21 13:40:09.000000,2271.0,2284.0,2256.0,2282.0,nan,2268.0,392694,8906299920.0,294242,2272.0,513,2271.0,494,nan,0,nan,0,nan,0,nan,0,nan,0,nan,0,nan,0,nan,0
1597988409275853056,1597988409000001024,2020-08-21 13:40:09.000001,2271.0,2284.0,2256.0,2282.0,nan,2268.0,392694,8906299920.0,294242,2272.0,516,2271.0,504,nan,0,nan,0,nan,0,nan,0,nan,0,nan,0,nan,0,nan,0
1597988409768719872,1597988410000000000,2020-08-21 13:40:10.000000,2271.0,2284.0,2256.0,2282.0,nan,2268.0,392694,8906299920.0,294242,2272.0,517,2271.0,504,nan,0,nan,0,nan,0,nan,0,nan,0,nan,0,nan,0,nan,0
1597988410267202048,1597988410000001024,2020-08-21 13:40:10.000001,2271.0,2284.0,2256.0,2282.0,nan,2268.0,392694,8906299920.0,294242,2272.0,524,2271.0,505,nan,0,nan,0,nan,0,nan,0,nan,0,nan,0,nan,0,nan,0
1597988410765560064,1597988411000000000,2020-08-21 13:40:11.000000,2271.0,2284.0,2256.0,2282.0,nan,2268.0,392694,8906299920.0,294242,2272.0,523,2271.0,506,nan,0,nan,0,nan,0,nan,0,nan,0,nan,0,nan,0,nan,0
1597988411269486080,1597988411000001024,2020-08-21 13:40:11.000001,2271.0,2284.0,2256.0,2282.0,nan,2268.0,392695,8906322600.0,294242,2272.0,526,2271.0,505,nan,0,nan,0,nan,0,nan,0,nan,0,nan,0,nan,0,nan,0
1597988411772304896,1597988412000000000,2020-08-21 13:40:12.000000,2271.0,2284.0,2256.0,2282.0,nan,2268.0,392695,8906322600.0,294242,2272.0,526,2271.0,508,nan,0,nan,0,nan,0,nan,0,nan,0,nan,0,nan,0,nan,0
1597988412268653056,1597988412000001024,2020-08-21 13:40:12.000001,2272.0,2284.0,2256.0,2282.0,nan,2268.0,392696,8906345280.0,294242,2272.0,547,2271.0,509,nan,0,nan,0,nan,0,nan,0,nan,0,nan,0,nan,0,nan,0
1597988412773938944,1597988413000000000,2020-08-21 13:40:13.000000,2272.0,2284.0,2256.0,2282.0,nan,2268.0,392701,8906458680.0,294242,2272.0,542,2271.0,509,nan,0,nan,0,nan,0,nan,0,nan,0,nan,0,nan,0,nan,0
1597988413268580096,1597988413000001024,2020-08-21 13:40:13.000001,2272.0,2284.0,2256.0,2282.0,nan,2268.0,392701,8906458680.0,294242,2272.0,542,2271.0,522,nan,0,nan,0,nan,0,nan,0,nan,0,nan,0,nan,0,nan,0
1597988413787497984,1597988414000000000,2020-08-21 13:40:14.000000,2272.0,2284.0,2256.0,2282.0,nan,2268.0,392703,8906504040.0,294243,2272.0,540,2271.0,521,nan,0,nan,0,nan,0,nan,0,nan,0,nan,0,nan,0,nan,0
1597988414281180928,1597988414000001024,2020-08-21 13:40:14.000001,2271.0,2284.0,2256.0,2282.0,nan,2268.0,392705,8906549400.0,294244,2272.0,545,2271.0,521,nan,0,nan,0,nan,0,nan,0,nan,0,nan,0,nan,0,nan,0
1597988414778636032,1597988415000000000,2020-08-21 13:40:15.000000,2272.0,2284.0,2256.0,2282.0,nan,2268.0,392709,8906640120.0,294246,2272.0,548,2271.0,520,nan,0,nan,0,nan,0,nan,0,nan,0,nan,0,nan,0,nan,0
1597988415271874048,1597988415000001024,2020-08-21 13:40:15.000001,2272.0,2284.0,2256.0,2282.0,nan,2268.0,392710,8906662800.0,294247,2272.0,547,2271.0,520,nan,0,nan,0,nan,0,nan,0,nan,0,nan,0,nan,0,nan,0
1597988415788823040,1597988416000000000,2020-08-21 13:40:16.000000,2272.0,2284.0,2256.0,2282.0,nan,2268.0,392711,8906685480.0,294248,2272.0,546,2271.0,520,nan,0,nan,0,nan,0,nan,0,nan,0,nan,0,nan,0,nan,0
1597988417285368064,1597988417000001024,2020-08-21 13:40:17.000001,2272.0,2284.0,2256.0,2282.0,nan,2268.0,392795,8908590600.0,294176,2272.0,458,2271.0,520,nan,0,nan,0,nan,0,nan,0,nan,0,nan,0,nan,0,nan,0
1597988417803460096,1597988418000000000,2020-08-21 13:40:18.000000,2272.0,2284.0,2256.0,2282.0,nan,2268.0,392796,8908613280.0,294177,2272.0,448,2271.0,522,nan,0,nan,0,nan,0,nan,0,nan,0,nan,0,nan,0,nan,0
1597988418286253056,1597988418000001024,2020-08-21 13:40:18.000001,2271.0,2284.0,2256.0,2282.0,nan,2268.0,392799,8908681320.0,294180,2272.0,448,2271.0,529,nan,0,nan,0,nan,0,nan,0,nan,0,nan,0,nan,0,nan,0
1597988418778896896,1597988419000000000,2020-08-21 13:40:19.000000,2271.0,2284.0,2256.0,2282.0,nan,2268.0,392800,8908704000.0,294180,2272.0,453,2271.0,517,nan,0,nan,0,nan,0,nan,0,nan,0,nan,0,nan,0,nan,0
1597988419292012032,1597988419000001024,2020-08-21 13:40:19.000001,2272.0,2284.0,2256.0,2282.0,nan,2268.0,392803,8908772040.0,294182,2272.0,450,2271.0,519,nan,0,nan,0,nan,0,nan,0,nan,0,nan,0,nan,0,nan,0
1597988419792262912,1597988420000000000,2020-08-21 13:40:20.000000,2271.0,2284.0,2256.0,2282.0,nan,2268.0,392804,8908794720.0,294182,2272.0,451,2271.0,518,nan,0,nan,0,nan,0,nan,0,nan,0,nan,0,nan,0,nan,0
1597988420287337984,1597988420000001024,2020-08-21 13:40:20.000001,2271.0,2284.0,2256.0,2282.0,nan,2268.0,392809,8908908120.0,294186,2272.0,448,2271.0,518,nan,0,nan,0,nan,0,nan,0,nan,0,nan,0,nan,0,nan,0
1597988420769188096,1597988421000000000,2020-08-21 13:40:21.000000,2271.0,2284.0,2256.0,2282.0,nan,2268.0,392810,8908930800.0,294185,2272.0,448,2271.0,557,nan,0,nan,0,nan,0,nan,0,nan,0,nan,0,nan,0,nan,0
1597988421271209984,1597988421000001024,2020-08-21 13:40:21.000001,2271.0,2284.0,2256.0,2282.0,nan,2268.0,392811,8908953480.0,294186,2272.0,448,2271.0,560,nan,0,nan,0,nan,0,nan,0,nan,0,nan,0,nan,0,nan,0
1597988421781400064,1597988422000000000,2020-08-21 13:40:22.000000,2271.0,2284.0,2256.0,2282.0,nan,2268.0,392812,8908976160.0,294186,2272.0,448,2271.0,568,nan,0,nan,0,nan,0,nan,0,nan,0,nan,0,nan,0,nan,0
1597988422284312064,1597988422000001024,2020-08-21 13:40:22.000001,2272.0,2284.0,2256.0,2282.0,nan,2268.0,392818,8909112240.0,294186,2272.0,445,2271.0,567,nan,0,nan,0,nan,0,nan,0,nan,0,nan,0,nan,0,nan,0
1597988422770105088,1597988423000000000,2020-08-21 13:40:23.000000,2272.0,2284.0,2256.0,2282.0,nan,2268.0,392818,8909112240.0,294186,2272.0,445,2271.0,583,nan,0,nan,0,nan,0,nan,0,nan,0,nan,0,nan,0,nan,0
1597988423275619072,1597988423000001024,2020-08-21 13:40:23.000001,2271.0,2284.0,2256.0,2282.0,nan,2268.0,392821,8909180280.0,294186,2272.0,453,2271.0,582,nan,0,nan,0,nan,0,nan,0,nan,0,nan,0,nan,0,nan,0
1597988423796212992,1597988424000000000,2020-08-21 13:40:24.000000,2271.0,2284.0,2256.0,2282.0,nan,2268.0,392823,8909225640.0,294187,2272.0,462,2271.0,581,nan,0,nan,0,nan,0,nan,0,nan,0,nan,0,nan,0,nan,0
1597988424306016000,1597988424000001024,2020-08-21 13:40:24.000001,2271.0,2284.0,2256.0,2282.0,nan,2268.0,392823,8909225640.0,294187,2272.0,464,2271.0,581,nan,0,nan,0,nan,0,nan,0,nan,0,nan,0,nan,0,nan,0
1597988424785776128,1597988425000000000,2020-08-21 13:40:25.000000,2272.0,2284.0,2256.0,2282.0,nan,2268.0,392826,8909293680.0,294190,2272.0,461,2271.0,581,nan,0,nan,0,nan,0,nan,0,nan,0,nan,0,nan,0,nan,0
1597988425274585088,1597988425000001024,2020-08-21 13:40:25.000001,2271.0,2284.0,2256.0,2282.0,nan,2268.0,392831,8909407080.0,294188,2272.0,463,2271.0,578,nan,0,nan,0,nan,0,nan,0,nan,0,nan,0,nan,0,nan,0
1597988425775721984,1597988426000000000,2020-08-21 13:40:26.000000,2272.0,2284.0,2256.0,2282.0,nan,2268.0,392832,8909429760.0,294189,2272.0,462,2271.0,578,nan,0,nan,0,nan,0,nan,0,nan,0,nan,0,nan,0,nan,0
1597988426285345024,1597988426000001024,2020-08-21 13:40:26.000001,2272.0,2284.0,2256.0,2282.0,nan,2268.0,392834,8909475120.0,294191,2272.0,465,2271.0,579,nan,0,nan,0,nan,0,nan,0,nan,0,nan,0,nan,0,nan,0
1597988427291557120,1597988427000001024,2020-08-21 13:40:27.000001,2271.0,2284.0,2256.0,2282.0,nan,2268.0,392838,8909565840.0,294191,2272.0,466,2271.0,575,nan,0,nan,0,nan,0,nan,0,nan,0,nan,0,nan,0,nan,0
1597988428277965056,1597988428000001024,2020-08-21 13:40:28.000001,2271.0,2284.0,2256.0,2282.0,nan,2268.0,392838,8909565840.0,294191,2272.0,467,2271.0,575,nan,0,nan,0,nan,0,nan,0,nan,0,nan,0,nan,0,nan,0
1597988428778084096,1597988429000000000,2020-08-21 13:40:29.000000,2271.0,2284.0,2256.0,2282.0,nan,2268.0,392838,8909565840.0,294191,2272.0,471,2271.0,575,nan,0,nan,0,nan,0,nan,0,nan,0,nan,0,nan,0,nan,0
1597988429280052992,1597988429000001024,2020-08-21 13:40:29.000001,2272.0,2284.0,2256.0,2282.0,nan,2268.0,392871,8910314280.0,294196,2272.0,470,2271.0,575,nan,0,nan,0,nan,0,nan,0,nan,0,nan,0,nan,0,nan,0
1597988429784251904,1597988430000000000,2020-08-21 13:40:30.000000,2272.0,2284.0,2256.0,2282.0,nan,2268.0,392871,8910314280.0,294196,2272.0,471,2271.0,575,nan,0,nan,0,nan,0,nan,0,nan,0,nan,0,nan,0,nan,0
1597988430376135936,1597988430000001024,2020-08-21 13:40:30.000001,2272.0,2284.0,2256.0,2282.0,nan,2268.0,392872,8910336960.0,294196,2272.0,471,2271.0,575,nan,0,nan,0,nan,0,nan,0,nan,0,nan,0,nan,0,nan,0
1597988430800849920,1597988431000000000,2020-08-21 13:40:31.000000,2272.0,2284.0,2256.0,2282.0,nan,2268.0,392944,8911969920.0,294150,2272.0,410,2271.0,585,nan,0,nan,0,nan,0,nan,0,nan,0,nan,0,nan,0,nan,0
1597988431297403904,1597988431000001024,2020-08-21 13:40:31.000001,2272.0,2284.0,2256.0,2282.0,nan,2268.0,392956,8912242080.0,294140,2272.0,399,2271.0,579,nan,0,nan,0,nan,0,nan,0,nan,0,nan,0,nan,0,nan,0
1597988431811197952,1597988432000000000,2020-08-21 13:40:32.000000,2272.0,2284.0,2256.0,2282.0,nan,2268.0,392956,8912242080.0,294140,2272.0,402,2271.0,592,nan,0,nan,0,nan,0,nan,0,nan,0,nan,0,nan,0,nan,0
1597988432290688000,1597988432000001024,2020-08-21 13:40:32.000001,2272.0,2284.0,2256.0,2282.0,nan,2268.0,392958,8912287440.0,294140,2272.0,402,2271.0,582,nan,0,nan,0,nan,0,nan,0,nan,0,nan,0,nan,0,nan,0
1597988432800706048,1597988433000000000,2020-08-21 13:40:33.000000,2272.0,2284.0,2256.0,2282.0,nan,2268.0,392960,8912332800.0,294140,2272.0,400,2271.0,582,nan,0,nan,0,nan,0,nan,0,nan,0,nan,0,nan,0,nan,0
1597988433293969920,1597988433000001024,2020-08-21 13:40:33.000001,2272.0,2284.0,2256.0,2282.0,nan,2268.0,392961,8912355480.0,294141,2272.0,399,2271.0,592,nan,0,nan,0,nan,0,nan,0,nan,0,nan,0,nan,0,nan,0
1597988433835196928,1597988434000000000,2020-08-21 13:40:34.000000,2272.0,2284.0,2256.0,2282.0,nan,2268.0,392962,8912378160.0,294141,2272.0,398,2271.0,592,nan,0,nan,0,nan,0,nan,0,nan,0,nan,0,nan,0,nan,0
1597988434297598976,1597988434000001024,2020-08-21 13:40:34.000001,2272.0,2284.0,2256.0,2282.0,nan,2268.0,392962,8912378160.0,294141,2272.0,398,2271.0,601,nan,0,nan,0,nan,0,nan,0,nan,0,nan,0,nan,0,nan,0
1597988434785378048,1597988435000000000,2020-08-21 13:40:35.000000,2272.0,2284.0,2256.0,2282.0,nan,2268.0,392972,8912604960.0,294149,2272.0,389,2271.0,602,nan,0,nan,0,nan,0,nan,0,nan,0,nan,0,nan,0,nan,0
1597988435298318080,1597988435000001024,2020-08-21 13:40:35.000001,2272.0,2284.0,2256.0,2282.0,nan,2268.0,392972,8912604960.0,294149,2272.0,373,2271.0,606,nan,0,nan,0,nan,0,nan,0,nan,0,nan,0,nan,0,nan,0
1597988435804300032,1597988436000000000,2020-08-21 13:40:36.000000,2272.0,2284.0,2256.0,2282.0,nan,2268.0,392972,8912604960.0,294149,2272.0,377,2271.0,610,nan,0,nan,0,nan,0,nan,0,nan,0,nan,0,nan,0,nan,0
1597988436284999936,1597988436000001024,2020-08-21 13:40:36.000001,2272.0,2284.0,2256.0,2282.0,nan,2268.0,392972,8912604960.0,294149,2272.0,378,2271.0,610,nan,0,nan,0,nan,0,nan,0,nan,0,nan,0,nan,0,nan,0
1597988436795041024,1597988437000000000,2020-08-21 13:40:37.000000,2272.0,2284.0,2256.0,2282.0,nan,2268.0,392972,8912604960.0,294149,2272.0,379,2271.0,610,nan,0,nan,0,nan,0,nan,0,nan,0,nan,0,nan,0,nan,0
1597988437303831040,1597988437000001024,2020-08-21 13:40:37.000001,2272.0,2284.0,2256.0,2282.0,nan,2268.0,392977,8912718360.0,294149,2272.0,374,2271.0,610,nan,0,nan,0,nan,0,nan,0,nan,0,nan,0,nan,0,nan,0
1597988437804570880,1597988438000000000,2020-08-21 13:40:38.000000,2272.0,2284.0,2256.0,2282.0,nan,2268.0,392977,8912718360.0,294149,2272.0,376,2271.0,610,nan,0,nan,0,nan,0,nan,0,nan,0,nan,0,nan,0,nan,0
1597988438812795904,1597988439000000000,2020-08-21 13:40:39.000000,2272.0,2284.0,2256.0,2282.0,nan,2268.0,392986,8912922480.0,294158,2272.0,367,2271.0,610,nan,0,nan,0,nan,0,nan,0,nan,0,nan,0,nan,0,nan,0
1597988439303525888,1597988439000001024,2020-08-21 13:40:39.000001,2272.0,2284.0,2256.0,2282.0,nan,2268.0,392986,8912922480.0,294158,2272.0,368,2271.0,610,nan,0,nan,0,nan,0,nan,0,nan,0,nan,0,nan,0,nan,0
1597988440303257088,1597988440000001024,2020-08-21 13:40:40.000001,2272.0,2284.0,2256.0,2282.0,nan,2268.0,392990,8913013200.0,294162,2272.0,364,2271.0,613,nan,0,nan,0,nan,0,nan,0,nan,0,nan,0,nan,0,nan,0
1597988441288470016,1597988441000001024,2020-08-21 13:40:41.000001,2272.0,2284.0,2256.0,2282.0,nan,2268.0,392991,8913035880.0,294163,2272.0,372,2271.0,613,nan,0,nan,0,nan,0,nan,0,nan,0,nan,0,nan,0,nan,0
1597988441786542080,1597988442000000000,2020-08-21 13:40:42.000000,2272.0,2284.0,2256.0,2282.0,nan,2268.0,392991,8913035880.0,294163,2272.0,370,2271.0,613,nan,0,nan,0,nan,0,nan,0,nan,0,nan,0,nan,0,nan,0
1597988442299656960,1597988442000001024,2020-08-21 13:40:42.000001,2272.0,2284.0,2256.0,2282.0,nan,2268.0,392991,8913035880.0,294163,2272.0,370,2271.0,611,nan,0,nan,0,nan,0,nan,0,nan,0,nan,0,nan,0,nan,0
1597988442789078016,1597988443000000000,2020-08-21 13:40:43.000000,2272.0,2284.0,2256.0,2282.0,nan,2268.0,392991,8913035880.0,294163,2272.0,376,2271.0,610,nan,0,nan,0,nan,0,nan,0,nan,0,nan,0,nan,0,nan,0
1597988443284608000,1597988443000001024,2020-08-21 13:40:43.000001,2272.0,2284.0,2256.0,2282.0,nan,2268.0,392991,8913035880.0,294163,2272.0,378,2271.0,610,nan,0,nan,0,nan,0,nan,0,nan,0,nan,0,nan,0,nan,0
1597988443779897088,1597988444000000000,2020-08-21 13:40:44.000000,2272.0,2284.0,2256.0,2282.0,nan,2268.0,392991,8913035880.0,294163,2272.0,380,2271.0,610,nan,0,nan,0,nan,0,nan,0,nan,0,nan,0,nan,0,nan,0
1597988444357573888,1597988444000001024,2020-08-21 13:40:44.000001,2272.0,2284.0,2256.0,2282.0,nan,2268.0,392991,8913035880.0,294163,2272.0,381,2271.0,610,nan,0,nan,0,nan,0,nan,0,nan,0,nan,0,nan,0,nan,0
1597988444782458880,1597988445000000000,2020-08-21 13:40:45.000000,2272.0,2284.0,2256.0,2282.0,nan,2268.0,392991,8913035880.0,294163,2272.0,380,2271.0,610,nan,0,nan,0,nan,0,nan,0,nan,0,nan,0,nan,0,nan,0
1597988445293757952,1597988445000001024,2020-08-21 13:40:45.000001,2271.0,2284.0,2256.0,2282.0,nan,2268.0,392992,8913058560.0,294162,2272.0,384,2271.0,600,nan,0,nan,0,nan,0,nan,0,nan,0,nan,0,nan,0,nan,0
1597988445781711872,1597988446000000000,2020-08-21 13:40:46.000000,2271.0,2284.0,2256.0,2282.0,nan,2268.0,392992,8913058560.0,294162,2272.0,389,2271.0,608,nan,0,nan,0,nan,0,nan,0,nan,0,nan,0,nan,0,nan,0
1597988446287408896,1597988446000001024,2020-08-21 13:40:46.000001,2272.0,2284.0,2256.0,2282.0,nan,2268.0,393071,8914850280.0,294109,2272.0,325,2271.0,607,nan,0,nan,0,nan,0,nan,0,nan,0,nan,0,nan,0,nan,0
1597988446784308992,1597988447000000000,2020-08-21 13:40:47.000000,2272.0,2284.0,2256.0,2282.0,nan,2268.0,393078,8915009040.0,294106,2272.0,316,2271.0,605,nan,0,nan,0,nan,0,nan,0,nan,0,nan,0,nan,0,nan,0
1597988447335031040,1597988447000001024,2020-08-21 13:40:47.000001,2272.0,2284.0,2256.0,2282.0,nan,2268.0,393081,8915077080.0,294106,2272.0,313,2271.0,605,nan,0,nan,0,nan,0,nan,0,nan,0,nan,0,nan,0,nan,0
1597988447793968896,1597988448000000000,2020-08-21 13:40:48.000000,2272.0,2284.0,2256.0,2282.0,nan,2268.0,393081,8915077080.0,294106,2272.0,312,2271.0,607,nan,0,nan,0,nan,0,nan,0,nan,0,nan,0,nan,0,nan,0
1597988448294466048,1597988448000001024,2020-08-21 13:40:48.000001,2272.0,2284.0,2256.0,2282.0,nan,2268.0,393083,8915122440.0,294106,2272.0,310,2271.0,608,nan,0,nan,0,nan,0,nan,0,nan,0,nan,0,nan,0,nan,0
1597988448789676032,1597988449000000000,2020-08-21 13:40:49.000000,2271.0,2284.0,2256.0,2282.0,nan,2268.0,393097,8915439960.0,294095,2272.0,297,2271.0,594,nan,0,nan,0,nan,0,nan,0,nan,0,nan,0,nan,0,nan,0
1597988449297477888,1597988449000001024,2020-08-21 13:40:49.000001,2272.0,2284.0,2256.0,2282.0,nan,2268.0,393105,8915621400.0,294101,2272.0,292,2271.0,594,nan,0,nan,0,nan,0,nan,0,nan,0,nan,0,nan,0,nan,0
1597988449795281920,1597988450000000000,2020-08-21 13:40:50.000000,2271.0,2284.0,2256.0,2282.0,nan,2268.0,393106,8915644080.0,294100,2272.0,313,2271.0,599,nan,0,nan,0,nan,0,nan,0,nan,0,nan,0,nan,0,nan,0
1597988450288510976,1597988450000001024,2020-08-21 13:40:50.000001,2272.0,2284.0,2256.0,2282.0,nan,2268.0,393187,8917481160.0,294114,2272.0,233,2271.0,605,nan,0,nan,0,nan,0,nan,0,nan,0,nan,0,nan,0,nan,0
1597988450785966080,1597988451000000000,2020-08-21 13:40:51.000000,2272.0,2284.0,2256.0,2282.0,nan,2268.0,393232,8918501760.0,294077,2272.0,188,2271.0,610,nan,0,nan,0,nan,0,nan,0,nan,0,nan,0,nan,0,nan,0
1597988451289672960,1597988451000001024,2020-08-21 13:40:51.000001,2272.0,2284.0,2256.0,2282.0,nan,2268.0,393277,8919522360.0,294102,2272.0,147,2271.0,610,nan,0,nan,0,nan,0,nan,0,nan,0,nan,0,nan,0,nan,0
1597988451791394048,1597988452000000000,2020-08-21 13:40:52.000000,2272.0,2284.0,2256.0,2282.0,nan,2268.0,393413,8922606840.0,294125,2272.0,57,2271.0,610,nan,0,nan,0,nan,0,nan,0,nan,0,nan,0,nan,0,nan,0
1597988452302439936,1597988452000001024,2020-08-21 13:40:52.000001,2272.0,2284.0,2256.0,2282.0,nan,2268.0,393417,8922697560.0,294127,2272.0,63,2271.0,612,nan,0,nan,0,nan,0,nan,0,nan,0,nan,0,nan,0,nan,0
1597988452804093952,1597988453000000000,2020-08-21 13:40:53.000000,2272.0,2284.0,2256.0,2282.0,nan,2268.0,393421,8922788280.0,294128,2272.0,141,2271.0,646,nan,0,nan,0,nan,0,nan,0,nan,0,nan,0,nan,0,nan,0
1597988453290725888,1597988453000001024,2020-08-21 13:40:53.000001,2272.0,2284.0,2256.0,2282.0,nan,2268.0,393422,8922810960.0,294128,2272.0,180,2271.0,647,nan,0,nan,0,nan,0,nan,0,nan,0,nan,0,nan,0,nan,0
1597988453814426880,1597988454000000000,2020-08-21 13:40:54.000000,2272.0,2284.0,2256.0,2282.0,nan,2268.0,393425,8922879000.0,294126,2272.0,178,2271.0,647,nan,0,nan,0,nan,0,nan,0,nan,0,nan,0,nan,0,nan,0
1597988454297328896,1597988454000001024,2020-08-21 13:40:54.000001,2272.0,2284.0,2256.0,2282.0,nan,2268.0,393436,8923128480.0,294125,2272.0,228,2271.0,636,nan,0,nan,0,nan,0,nan,0,nan,0,nan,0,nan,0,nan,0
1597988454781042944,1597988455000000000,2020-08-21 13:40:55.000000,2272.0,2284.0,2256.0,2282.0,nan,2268.0,393437,8923151160.0,294125,2272.0,228,2271.0,636,nan,0,nan,0,nan,0,nan,0,nan,0,nan,0,nan,0,nan,0
1597988455279830016,1597988455000001024,2020-08-21 13:40:55.000001,2272.0,2284.0,2256.0,2282.0,nan,2268.0,393437,8923151160.0,294125,2272.0,255,2271.0,637,nan,0,nan,0,nan,0,nan,0,nan,0,nan,0,nan,0,nan,0
1597988455782139904,1597988456000000000,2020-08-21 13:40:56.000000,2272.0,2284.0,2256.0,2282.0,nan,2268.0,393438,8923173840.0,294125,2272.0,258,2271.0,636,nan,0,nan,0,nan,0,nan,0,nan,0,nan,0,nan,0,nan,0
1597988456286477056,1597988456000001024,2020-08-21 13:40:56.000001,2272.0,2284.0,2256.0,2282.0,nan,2268.0,393438,8923173840.0,294125,2272.0,260,2271.0,636,nan,0,nan,0,nan,0,nan,0,nan,0,nan,0,nan,0,nan,0
1597988456790597120,1597988457000000000,2020-08-21 13:40:57.000000,2271.0,2284.0,2256.0,2282.0,nan,2268.0,393441,8923241880.0,294122,2272.0,260,2271.0,633,nan,0,nan,0,nan,0,nan,0,nan,0,nan,0,nan,0,nan,0
1597988457296242944,1597988457000001024,2020-08-21 13:40:57.000001,2271.0,2284.0,2256.0,2282.0,nan,2268.0,394079,8937711720.0,294035,2271.0,157,2270.0,708,nan,0,nan,0,nan,0,nan,0,nan,0,nan,0,nan,0,nan,0
1597988457786465024,1597988458000000000,2020-08-21 13:40:58.000000,2271.0,2284.0,2256.0,2282.0,nan,2268.0,394095,8938074600.0,294019,2271.0,145,2270.0,715,nan,0,nan,0,nan,0,nan,0,nan,0,nan,0,nan,0,nan,0
1597988458290027008,1597988458000001024,2020-08-21 13:40:58.000001,2271.0,2284.0,2256.0,2282.0,nan,2268.0,394095,8938074600.0,294019,2271.0,146,2270.0,715,nan,0,nan,0,nan,0,nan,0,nan,0,nan,0,nan,0,nan,0
1597988458784695040,1597988459000000000,2020-08-21 13:40:59.000000,2271.0,2284.0,2256.0,2282.0,nan,2268.0,394096,8938097280.0,294018,2271.0,147,2270.0,719,nan,0,nan,0,nan,0,nan,0,nan,0,nan,0,nan,0,nan,0
1597988459296331008,1597988459000001024,2020-08-21 13:40:59.000001,2271.0,2284.0,2256.0,2282.0,nan,2268.0,394096,8938097280.0,294018,2271.0,147,2270.0,720,nan,0,nan,0,nan,0,nan,0,nan,0,nan,0,nan,0,nan,0
1597988460289795072,1597988460000001024,2020-08-21 13:41:00.000001,2271.0,2284.0,2256.0,2282.0,nan,2268.0,394097,8938119960.0,294018,2271.0,148,2270.0,720,nan,0,nan,0,nan,0,nan,0,nan,0,nan,0,nan,0,nan,0
1597988460799990016,1597988461000000000,2020-08-21 13:41:01.000000,2271.0,2284.0,2256.0,2282.0,nan,2268.0,394097,8938119960.0,294018,2271.0,148,2270.0,722,nan,0,nan,0,nan,0,nan,0,nan,0,nan,0,nan,0,nan,0
1597988461384293120,1597988461000001024,2020-08-21 13:41:01.000001,2271.0,2284.0,2256.0,2282.0,nan,2268.0,394097,8938119960.0,294018,2271.0,150,2270.0,722,nan,0,nan,0,nan,0,nan,0,nan,0,nan,0,nan,0,nan,0
1597988461795421952,1597988462000000000,2020-08-21 13:41:02.000000,2271.0,2284.0,2256.0,2282.0,nan,2268.0,394097,8938119960.0,294018,2271.0,150,2270.0,723,nan,0,nan,0,nan,0,nan,0,nan,0,nan,0,nan,0,nan,0
1597988462297689088,1597988462000001024,2020-08-21 13:41:02.000001,2271.0,2284.0,2256.0,2282.0,nan,2268.0,394098,8938142640.0,294018,2271.0,149,2270.0,695,nan,0,nan,0,nan,0,nan,0,nan,0,nan,0,nan,0,nan,0
1597988463798707968,1597988464000000000,2020-08-21 13:41:04.000000,2271.0,2284.0,2256.0,2282.0,nan,2268.0,394103,8938256040.0,294013,2271.0,144,2270.0,695,nan,0,nan,0,nan,0,nan,0,nan,0,nan,0,nan,0,nan,0
1597988464303394048,1597988464000001024,2020-08-21 13:41:04.000001,2271.0,2284.0,2256.0,2282.0,nan,2268.0,394104,8938278720.0,294013,2271.0,144,2270.0,695,nan,0,nan,0,nan,0,nan,0,nan,0,nan,0,nan,0,nan,0
1597988464794149888,1597988465000000000,2020-08-21 13:41:05.000000,2270.0,2284.0,2256.0,2282.0,nan,2268.0,394106,8938324080.0,294013,2271.0,144,2270.0,693,nan,0,nan,0,nan,0,nan,0,nan,0,nan,0,nan,0,nan,0
1597988465303246080,1597988465000001024,2020-08-21 13:41:05.000001,2270.0,2284.0,2256.0,2282.0,nan,2268.0,394111,8938437480.0,294013,2271.0,147,2270.0,690,nan,0,nan,0,nan,0,nan,0,nan,0,nan,0,nan,0,nan,0
1597988465793548032,1597988466000000000,2020-08-21 13:41:06.000000,2270.0,2284.0,2256.0,2282.0,nan,2268.0,394111,8938437480.0,294013,2271.0,189,2270.0,690,nan,0,nan,0,nan,0,nan,0,nan,0,nan,0,nan,0,nan,0
1597988466296220928,1597988466000001024,2020-08-21 13:41:06.000001,2270.0,2284.0,2256.0,2282.0,nan,2268.0,394111,8938437480.0,294013,2271.0,190,2270.0,690,nan,0,nan,0,nan,0,nan,0,nan,0,nan,0,nan,0,nan,0
1597988466803795968,1597988467000000000,2020-08-21 13:41:07.000000,2270.0,2284.0,2256.0,2282.0,nan,2268.0,394111,8938437480.0,294013,2271.0,192,2270.0,690,nan,0,nan,0,nan,0,nan,0,nan,0,nan,0,nan,0,nan,0
1597988467293536000,1597988467000001024,2020-08-21 13:41:07.000001,2270.0,2284.0,2256.0,2282.0,nan,2268.0,394111,8938437480.0,294013,2271.0,214,2270.0,690,nan,0,nan,0,nan,0,nan,0,nan,0,nan,0,nan,0,nan,0
1597988467791506944,1597988468000000000,2020-08-21 13:41:08.000000,2270.0,2284.0,2256.0,2282.0,nan,2268.0,394111,8938437480.0,294013,2271.0,215,2270.0,690,nan,0,nan,0,nan,0,nan,0,nan,0,nan,0,nan,0,nan,0
1597988468291979008,1597988468000001024,2020-08-21 13:41:08.000001,2270.0,2284.0,2256.0,2282.0,nan,2268.0,394111,8938437480.0,294013,2271.0,226,2270.0,690,nan,0,nan,0,nan,0,nan,0,nan,0,nan,0,nan,0,nan,0
1597988468799083008,1597988469000000000,2020-08-21 13:41:09.000000,2270.0,2284.0,2256.0,2282.0,nan,2268.0,394116,8938550880.0,294013,2271.0,233,2270.0,687,nan,0,nan,0,nan,0,nan,0,nan,0,nan,0,nan,0,nan,0
1597988469310948096,1597988469000001024,2020-08-21 13:41:09.000001,2270.0,2284.0,2256.0,2282.0,nan,2268.0,394116,8938550880.0,294013,2271.0,234,2270.0,687,nan,0,nan,0,nan,0,nan,0,nan,0,nan,0,nan,0,nan,0
1597988469799473920,1597988470000000000,2020-08-21 13:41:10.000000,2270.0,2284.0,2256.0,2282.0,nan,2268.0,394116,8938550880.0,294013,2271.0,237,2270.0,688,nan,0,nan,0,nan,0,nan,0,nan,0,nan,0,nan,0,nan,0
1597988470294394880,1597988470000001024,2020-08-21 13:41:10.000001,2270.0,2284.0,2256.0,2282.0,nan,2268.0,394117,8938573560.0,294014,2271.0,242,2270.0,634,nan,0,nan,0,nan,0,nan,0,nan,0,nan,0,nan,0,nan,0
1597988470808253952,1597988471000000000,2020-08-21 13:41:11.000000,2270.0,2284.0,2256.0,2282.0,nan,2268.0,394117,8938573560.0,294014,2271.0,243,2270.0,684,nan,0,nan,0,nan,0,nan,0,nan,0,nan,0,nan,0,nan,0
1597988471317445120,1597988471000001024,2020-08-21 13:41:11.000001,2270.0,2284.0,2256.0,2282.0,nan,2268.0,394127,8938800360.0,294014,2271.0,244,2270.0,676,nan,0,nan,0,nan,0,nan,0,nan,0,nan,0,nan,0,nan,0
1597988471809783040,1597988472000000000,2020-08-21 13:41:12.000000,2270.0,2284.0,2256.0,2282.0,nan,2268.0,394134,8938959120.0,294012,2271.0,251,2270.0,679,nan,0,nan,0,nan,0,nan,0,nan,0,nan,0,nan,0,nan,0
1597988472300954880,1597988472000001024,2020-08-21 13:41:12.000001,2270.0,2284.0,2256.0,2282.0,nan,2268.0,394137,8939027160.0,294009,2271.0,253,2270.0,676,nan,0,nan,0,nan,0,nan,0,nan,0,nan,0,nan,0,nan,0
1597988472801252096,1597988473000000000,2020-08-21 13:41:13.000000,2270.0,2284.0,2256.0,2282.0,nan,2268.0,394137,8939027160.0,294009,2271.0,254,2270.0,676,nan,0,nan,0,nan,0,nan,0,nan,0,nan,0,nan,0,nan,0
1597988473309772032,1597988473000001024,2020-08-21 13:41:13.000001,2270.0,2284.0,2256.0,2282.0,nan,2268.0,394137,8939027160.0,294009,2271.0,255,2270.0,676,nan,0,nan,0,nan,0,nan,0,nan,0,nan,0,nan,0,nan,0
1597988473794358016,1597988474000000000,2020-08-21 13:41:14.000000,2270.0,2284.0,2256.0,2282.0,nan,2268.0,394137,8939027160.0,294009,2271.0,257,2270.0,676,nan,0,nan,0,nan,0,nan,0,nan,0,nan,0,nan,0,nan,0
1597988474292604928,1597988474000001024,2020-08-21 13:41:14.000001,2271.0,2284.0,2256.0,2282.0,nan,2268.0,394142,8939140560.0,294009,2271.0,252,2270.0,676,nan,0,nan,0,nan,0,nan,0,nan,0,nan,0,nan,0,nan,0
1597988474804172032,1597988475000000000,2020-08-21 13:41:15.000000,2271.0,2284.0,2256.0,2282.0,nan,2268.0,394142,8939140560.0,294009,2271.0,277,2270.0,676,nan,0,nan,0,nan,0,nan,0,nan,0,nan,0,nan,0,nan,0
1597988475303768064,1597988475000001024,2020-08-21 13:41:15.000001,2271.0,2284.0,2256.0,2282.0,nan,2268.0,394142,8939140560.0,294009,2271.0,279,2270.0,676,nan,0,nan,0,nan,0,nan,0,nan,0,nan,0,nan,0,nan,0
1597988475803144960,1597988476000000000,2020-08-21 13:41:16.000000,2271.0,2284.0,2256.0,2282.0,nan,2268.0,394142,8939140560.0,294009,2271.0,279,2270.0,677,nan,0,nan,0,nan,0,nan,0,nan,0,nan,0,nan,0,nan,0
1597988476295190016,1597988476000001024,2020-08-21 13:41:16.000001,2271.0,2284.0,2256.0,2282.0,nan,2268.0,394143,8939163240.0,294008,2271.0,280,2270.0,677,nan,0,nan,0,nan,0,nan,0,nan,0,nan,0,nan,0,nan,0
1597988476810978048,1597988477000000000,2020-08-21 13:41:17.000000,2271.0,2284.0,2256.0,2282.0,nan,2268.0,394143,8939163240.0,294008,2271.0,281,2270.0,677,nan,0,nan,0,nan,0,nan,0,nan,0,nan,0,nan,0,nan,0
1597988477294256128,1597988477000001024,2020-08-21 13:41:17.000001,2271.0,2284.0,2256.0,2282.0,nan,2268.0,394143,8939163240.0,294008,2271.0,281,2270.0,678,nan,0,nan,0,nan,0,nan,0,nan,0,nan,0,nan,0,nan,0
1597988477796148992,1597988478000000000,2020-08-21 13:41:18.000000,2271.0,2284.0,2256.0,2282.0,nan,2268.0,394143,8939163240.0,294008,2271.0,281,2270.0,680,nan,0,nan,0,nan,0,nan,0,nan,0,nan,0,nan,0,nan,0
1597988478315006976,1597988478000001024,2020-08-21 13:41:18.000001,2271.0,2284.0,2256.0,2282.0,nan,2268.0,394143,8939163240.0,294008,2271.0,277,2270.0,681,nan,0,nan,0,nan,0,nan,0,nan,0,nan,0,nan,0,nan,0
1597988478806498048,1597988479000000000,2020-08-21 13:41:19.000000,2271.0,2284.0,2256.0,2282.0,nan,2268.0,394144,8939185920.0,294007,2271.0,278,2270.0,680,nan,0,nan,0,nan,0,nan,0,nan,0,nan,0,nan,0,nan,0
1597988479298024960,1597988479000001024,2020-08-21 13:41:19.000001,2271.0,2284.0,2256.0,2282.0,nan,2268.0,394144,8939185920.0,294007,2271.0,276,2270.0,680,nan,0,nan,0,nan,0,nan,0,nan,0,nan,0,nan,0,nan,0
1597988479792169984,1597988480000000000,2020-08-21 13:41:20.000000,2271.0,2284.0,2256.0,2282.0,nan,2268.0,394148,8939276640.0,294009,2271.0,274,2270.0,680,nan,0,nan,0,nan,0,nan,0,nan,0,nan,0,nan,0,nan,0
1597988480314093056,1597988480000001024,2020-08-21 13:41:20.000001,2271.0,2284.0,2256.0,2282.0,nan,2268.0,394149,8939299320.0,294010,2271.0,273,2270.0,689,nan,0,nan,0,nan,0,nan,0,nan,0,nan,0,nan,0,nan,0
1597988480803739904,1597988481000000000,2020-08-21 13:41:21.000000,2271.0,2284.0,2256.0,2282.0,nan,2268.0,394150,8939322000.0,294010,2271.0,273,2270.0,689,nan,0,nan,0,nan,0,nan,0,nan,0,nan,0,nan,0,nan,0
1597988481821832960,1597988482000000000,2020-08-21 13:41:22.000000,2271.0,2284.0,2256.0,2282.0,nan,2268.0,394150,8939322000.0,294010,2271.0,273,2270.0,688,nan,0,nan,0,nan,0,nan,0,nan,0,nan,0,nan,0,nan,0
1597988482309766912,1597988482000001024,2020-08-21 13:41:22.000001,2271.0,2284.0,2256.0,2282.0,nan,2268.0,394150,8939322000.0,294010,2271.0,273,2270.0,689,nan,0,nan,0,nan,0,nan,0,nan,0,nan,0,nan,0,nan,0
1597988482803193088,1597988483000000000,2020-08-21 13:41:23.000000,2271.0,2284.0,2256.0,2282.0,nan,2268.0,394150,8939322000.0,294010,2271.0,287,2270.0,685,nan,0,nan,0,nan,0,nan,0,nan,0,nan,0,nan,0,nan,0
1597988483311908096,1597988483000001024,2020-08-21 13:41:23.000001,2271.0,2284.0,2256.0,2282.0,nan,2268.0,394150,8939322000.0,294010,2271.0,287,2270.0,686,nan,0,nan,0,nan,0,nan,0,nan,0,nan,0,nan,0,nan,0
1597988483801406976,1597988484000000000,2020-08-21 13:41:24.000000,2271.0,2284.0,2256.0,2282.0,nan,2268.0,394150,8939322000.0,294010,2271.0,266,2270.0,686,nan,0,nan,0,nan,0,nan,0,nan,0,nan,0,nan,0,nan,0
1597988484302107904,1597988484000001024,2020-08-21 13:41:24.000001,2271.0,2284.0,2256.0,2282.0,nan,2268.0,394155,8939435400.0,294009,2271.0,261,2270.0,685,nan,0,nan,0,nan,0,nan,0,nan,0,nan,0,nan,0,nan,0
1597988484807886080,1597988485000000000,2020-08-21 13:41:25.000000,2270.0,2284.0,2256.0,2282.0,nan,2268.0,394156,8939458080.0,294008,2271.0,262,2270.0,684,nan,0,nan,0,nan,0,nan,0,nan,0,nan,0,nan,0,nan,0
1597988485302643968,1597988485000001024,2020-08-21 13:41:25.000001,2270.0,2284.0,2256.0,2282.0,nan,2268.0,394156,8939458080.0,294008,2271.0,263,2270.0,685,nan,0,nan,0,nan,0,nan,0,nan,0,nan,0,nan,0,nan,0
1597988486302726912,1597988486000001024,2020-08-21 13:41:26.000001,2270.0,2284.0,2256.0,2282.0,nan,2268.0,394156,8939458080.0,294008,2271.0,263,2270.0,681,nan,0,nan,0,nan,0,nan,0,nan,0,nan,0,nan,0,nan,0
1597988486814289920,1597988487000000000,2020-08-21 13:41:27.000000,2270.0,2284.0,2256.0,2282.0,nan,2268.0,394156,8939458080.0,294008,2271.0,269,2270.0,681,nan,0,nan,0,nan,0,nan,0,nan,0,nan,0,nan,0,nan,0
1597988487303350016,1597988487000001024,2020-08-21 13:41:27.000001,2270.0,2284.0,2256.0,2282.0,nan,2268.0,394158,8939503440.0,294007,2271.0,269,2270.0,731,nan,0,nan,0,nan,0,nan,0,nan,0,nan,0,nan,0,nan,0
1597988487805253120,1597988488000000000,2020-08-21 13:41:28.000000,2270.0,2284.0,2256.0,2282.0,nan,2268.0,394158,8939503440.0,294007,2271.0,269,2270.0,692,nan,0,nan,0,nan,0,nan,0,nan,0,nan,0,nan,0,nan,0
1597988488312080896,1597988488000001024,2020-08-21 13:41:28.000001,2270.0,2284.0,2256.0,2282.0,nan,2268.0,394160,8939548800.0,294007,2271.0,269,2270.0,683,nan,0,nan,0,nan,0,nan,0,nan,0,nan,0,nan,0,nan,0
1597988488897512960,1597988489000000000,2020-08-21 13:41:29.000000,2270.0,2284.0,2256.0,2282.0,nan,2268.0,394163,8939616840.0,294004,2271.0,269,2270.0,679,nan,0,nan,0,nan,0,nan,0,nan,0,nan,0,nan,0,nan,0
1597988489321083904,1597988489000001024,2020-08-21 13:41:29.000001,2270.0,2284.0,2256.0,2282.0,nan,2268.0,394164,8939639520.0,294004,2271.0,269,2270.0,679,nan,0,nan,0,nan,0,nan,0,nan,0,nan,0,nan,0,nan,0
