local_nano_time,quote_nano_time,datetime,last_price,highest,lowest,open,close,average,volume,amount,open_interest,ask_price1,ask_volume1,bid_price1,bid_volume1,ask_price2,ask_volume2,bid_price2,bid_volume2,ask_price3,ask_volume3,bid_price3,bid_volume3,ask_price4,ask_volume4,bid_price4,bid_volume4,ask_price5,ask_volume5,bid_price5,bid_volume5
1597988686408175104,1597988687000000000,2020-08-21 13:44:47.000000,5326.0,5419.0,5250.0,5250.0,nan,5374.0,8,429920.0,23,5400.0,1,5330.0,1,nan,0,nan,0,nan,0,nan,0,nan,0,nan,0,nan,0,nan,0
1597988686888158976,1597988687434000128,2020-08-21 13:44:47.434000,5326.0,5419.0,5250.0,5250.0,nan,5374.0,8,429920.0,23,5399.0,2,5330.0,1,nan,0,nan,0,nan,0,nan,0,nan,0,nan,0,nan,0,nan,0
1597988872476801024,1597988873000000000,2020-08-21 13:47:53.000000,5326.0,5419.0,5250.0,5250.0,nan,5374.0,8,429920.0,23,5398.0,1,5330.0,1,nan,0,nan,0,nan,0,nan,0,nan,0,nan,0,nan,0,nan,0
1597988876489574912,1597988877000000000,2020-08-21 13:47:57.000000,5326.0,5419.0,5250.0,5250.0,nan,5374.0,8,429920.0,23,5398.0,1,5325.0,2,nan,0,nan,0,nan,0,nan,0,nan,0,nan,0,nan,0,nan,0
1597988877471834112,1597988878000000000,2020-08-21 13:47:58.000000,5326.0,5419.0,5250.0,5250.0,nan,5374.0,8,429920.0,23,5398.0,1,5326.0,1,nan,0,nan,0,nan,0,nan,0,nan,0,nan,0,nan,0,nan,0
1597990593678302976,1597990594000000000,2020-08-21 14:16:34.000000,5326.0,5419.0,5250.0,5250.0,nan,5374.0,8,429920.0,23,5397.0,2,5326.0,1,nan,0,nan,0,nan,0,nan,0,nan,0,nan,0,nan,0,nan,0
1597990594132443904,1597990594734999808,2020-08-21 14:16:34.735000,5326.0,5419.0,5250.0,5250.0,nan,5374.0,8,429920.0,23,5398.0,1,5326.0,1,nan,0,nan,0,nan,0,nan,0,nan,0,nan,0,nan,0,nan,0
1597990594677411072,1597990595248000000,2020-08-21 14:16:35.248000,5326.0,5419.0,5250.0,5250.0,nan,5374.0,8,429920.0,23,5397.0,2,5326.0,1,nan,0,nan,0,nan,0,nan,0,nan,0,nan,0,nan,0,nan,0
1597990595164899072,1597990595434000128,2020-08-21 14:16:35.434000,5326.0,5419.0,5250.0,5250.0,nan,5374.0,8,429920.0,23,5398.0,1,5326.0,1,nan,0,nan,0,nan,0,nan,0,nan,0,nan,0,nan,0,nan,0
1597990604675533056,1597990605000000000,2020-08-21 14:16:45.000000,5326.0,5419.0,5250.0,5250.0,nan,5374.0,8,429920.0,23,5397.0,2,5326.0,1,nan,0,nan,0,nan,0,nan,0,nan,0,nan,0,nan,0,nan,0
1597990612154710016,1597990612665999872,2020-08-21 14:16:52.666000,5326.0,5419.0,5250.0,5250.0,nan,5374.0,8,429920.0,23,5398.0,1,5326.0,1,nan,0,nan,0,nan,0,nan,0,nan,0,nan,0,nan,0,nan,0
1597990613171417088,1597990613739000064,2020-08-21 14:16:53.739000,5326.0,5419.0,5250.0,5250.0,nan,5374.0,8,429920.0,23,5397.0,2,5326.0,1,nan,0,nan,0,nan,0,nan,0,nan,0,nan,0,nan,0,nan,0
1597990614178473984,1597990614740000000,2020-08-21 14:16:54.740000,5326.0,5419.0,5250.0,5250.0,nan,5374.0,8,429920.0,23,5398.0,1,5326.0,1,nan,0,nan,0,nan,0,nan,0,nan,0,nan,0,nan,0,nan,0
1597990639661207040,1597990640240000000,2020-08-21 14:17:20.240000,5326.0,5419.0,5250.0,5250.0,nan,5374.0,8,429920.0,23,5397.0,2,5326.0,1,nan,0,nan,0,nan,0,nan,0,nan,0,nan,0,nan,0,nan,0
1597990653656850944,1597990654232000000,2020-08-21 14:17:34.232000,5326.0,5419.0,5250.0,5250.0,nan,5374.0,8,429920.0,23,5398.0,1,5326.0,1,nan,0,nan,0,nan,0,nan,0,nan,0,nan,0,nan,0,nan,0
1597990683672932096,1597990684244000000,2020-08-21 14:18:04.244000,5326.0,5419.0,5250.0,5250.0,nan,5374.0,8,429920.0,23,5397.0,2,5326.0,1,nan,0,nan,0,nan,0,nan,0,nan,0,nan,0,nan,0,nan,0
1597990684660204032,1597990685253999872,2020-08-21 14:18:05.254000,5326.0,5419.0,5250.0,5250.0,nan,5374.0,8,429920.0,23,5398.0,1,5326.0,1,nan,0,nan,0,nan,0,nan,0,nan,0,nan,0,nan,0,nan,0
1597990717197900032,1597990717753999872,2020-08-21 14:18:37.754000,5326.0,5419.0,5250.0,5250.0,nan,5374.0,8,429920.0,23,5397.0,2,5326.0,1,nan,0,nan,0,nan,0,nan,0,nan,0,nan,0,nan,0,nan,0
1597990718673945088,1597990719262000128,2020-08-21 14:18:39.262000,5326.0,5419.0,5250.0,5250.0,nan,5374.0,8,429920.0,23,5398.0,1,5326.0,1,nan,0,nan,0,nan,0,nan,0,nan,0,nan,0,nan,0,nan,0
1597990720198707968,1597990720760000000,2020-08-21 14:18:40.760000,5326.0,5419.0,5250.0,5250.0,nan,5374.0,8,429920.0,23,5397.0,2,5326.0,1,nan,0,nan,0,nan,0,nan,0,nan,0,nan,0,nan,0,nan,0
1597990759201233920,1597990759756000000,2020-08-21 14:19:19.756000,5326.0,5419.0,5250.0,5250.0,nan,5374.0,8,429920.0,23,5398.0,1,5326.0,1,nan,0,nan,0,nan,0,nan,0,nan,0,nan,0,nan,0,nan,0
1597991082341600000,1597991083000000000,2020-08-21 14:24:43.000000,5326.0,5419.0,5250.0,5250.0,nan,5374.0,8,429920.0,23,5397.0,2,5326.0,1,nan,0,nan,0,nan,0,nan,0,nan,0,nan,0,nan,0,nan,0
1597991085840124928,1597991086412000000,2020-08-21 14:24:46.412000,5326.0,5419.0,5250.0,5250.0,nan,5374.0,8,429920.0,23,5398.0,1,5326.0,1,nan,0,nan,0,nan,0,nan,0,nan,0,nan,0,nan,0,nan,0
1597991111831454976,1597991112423000064,2020-08-21 14:25:12.423000,5326.0,5419.0,5250.0,5250.0,nan,5374.0,8,429920.0,23,5397.0,2,5326.0,1,nan,0,nan,0,nan,0,nan,0,nan,0,nan,0,nan,0,nan,0
1597991118341028096,1597991119000000000,2020-08-21 14:25:19.000000,5326.0,5419.0,5250.0,5250.0,nan,5374.0,8,429920.0,23,5398.0,1,5326.0,1,nan,0,nan,0,nan,0,nan,0,nan,0,nan,0,nan,0,nan,0
1597991122849571072,1597991123440000000,2020-08-21 14:25:23.440000,5326.0,5419.0,5250.0,5250.0,nan,5374.0,8,429920.0,23,5397.0,2,5326.0,1,nan,0,nan,0,nan,0,nan,0,nan,0,nan,0,nan,0,nan,0
1597991123353840128,1597991124000000000,2020-08-21 14:25:24.000000,5326.0,5419.0,5250.0,5250.0,nan,5374.0,8,429920.0,23,5398.0,1,5326.0,1,nan,0,nan,0,nan,0,nan,0,nan,0,nan,0,nan,0,nan,0
1597991124349964032,1597991125000000000,2020-08-21 14:25:25.000000,5326.0,5419.0,5250.0,5250.0,nan,5374.0,8,429920.0,23,5397.0,2,5326.0,1,nan,0,nan,0,nan,0,nan,0,nan,0,nan,0,nan,0,nan,0
1597991124844449024,1597991125437999872,2020-08-21 14:25:25.438000,5326.0,5419.0,5250.0,5250.0,nan,5374.0,8,429920.0,23,5398.0,1,5326.0,1,nan,0,nan,0,nan,0,nan,0,nan,0,nan,0,nan,0,nan,0
1597991127348583936,1597991128000000000,2020-08-21 14:25:28.000000,5326.0,5419.0,5250.0,5250.0,nan,5374.0,8,429920.0,23,5397.0,2,5326.0,1,nan,0,nan,0,nan,0,nan,0,nan,0,nan,0,nan,0,nan,0
1597991131403689984,1597991132000000000,2020-08-21 14:25:32.000000,5326.0,5419.0,5250.0,5250.0,nan,5374.0,8,429920.0,23,5398.0,1,5326.0,1,nan,0,nan,0,nan,0,nan,0,nan,0,nan,0,nan,0,nan,0
1597991140395806976,1597991141000000000,2020-08-21 14:25:41.000000,5326.0,5419.0,5250.0,5250.0,nan,5374.0,8,429920.0,23,5397.0,2,5326.0,1,nan,0,nan,0,nan,0,nan,0,nan,0,nan,0,nan,0,nan,0
1597991180367016960,1597991181000000000,2020-08-21 14:26:21.000000,5326.0,5419.0,5250.0,5250.0,nan,5374.0,8,429920.0,23,5398.0,1,5326.0,1,nan,0,nan,0,nan,0,nan,0,nan,0,nan,0,nan,0,nan,0
1597991180874404096,1597991181438999808,2020-08-21 14:26:21.439000,5326.0,5419.0,5250.0,5250.0,nan,5374.0,8,429920.0,23,5397.0,2,5326.0,1,nan,0,nan,0,nan,0,nan,0,nan,0,nan,0,nan,0,nan,0
1597991238884724992,1597991239440999936,2020-08-21 14:27:19.441000,5326.0,5419.0,5250.0,5250.0,nan,5374.0,8,429920.0,23,5398.0,1,5326.0,1,nan,0,nan,0,nan,0,nan,0,nan,0,nan,0,nan,0,nan,0
1597991241398610944,1597991242000000000,2020-08-21 14:27:22.000000,5326.0,5419.0,5250.0,5250.0,nan,5374.0,8,429920.0,23,5397.0,2,5326.0,1,nan,0,nan,0,nan,0,nan,0,nan,0,nan,0,nan,0,nan,0
1597991247393345024,1597991248000000000,2020-08-21 14:27:28.000000,5326.0,5419.0,5250.0,5250.0,nan,5374.0,8,429920.0,23,5398.0,1,5326.0,1,nan,0,nan,0,nan,0,nan,0,nan,0,nan,0,nan,0,nan,0
1597991248417361920,1597991249000000000,2020-08-21 14:27:29.000000,5326.0,5419.0,5250.0,5250.0,nan,5374.0,8,429920.0,23,5397.0,2,5326.0,1,nan,0,nan,0,nan,0,nan,0,nan,0,nan,0,nan,0,nan,0
1597991251902650112,1597991252440000000,2020-08-21 14:27:32.440000,5326.0,5419.0,5250.0,5250.0,nan,5374.0,8,429920.0,23,5398.0,1,5326.0,1,nan,0,nan,0,nan,0,nan,0,nan,0,nan,0,nan,0,nan,0
1597991298916755968,1597991299433000192,2020-08-21 14:28:19.433000,5326.0,5419.0,5250.0,5250.0,nan,5374.0,8,429920.0,23,5397.0,2,5326.0,1,nan,0,nan,0,nan,0,nan,0,nan,0,nan,0,nan,0,nan,0
1597991299914944000,1597991300421999872,2020-08-21 14:28:20.422000,5326.0,5419.0,5250.0,5250.0,nan,5374.0,8,429920.0,23,5398.0,1,5326.0,1,nan,0,nan,0,nan,0,nan,0,nan,0,nan,0,nan,0,nan,0
1597991302420798976,1597991303000000000,2020-08-21 14:28:23.000000,5326.0,5419.0,5250.0,5250.0,nan,5374.0,8,429920.0,23,5397.0,2,5326.0,1,nan,0,nan,0,nan,0,nan,0,nan,0,nan,0,nan,0,nan,0
1597991306443144960,1597991307000000000,2020-08-21 14:28:27.000000,5326.0,5419.0,5250.0,5250.0,nan,5374.0,8,429920.0,23,5398.0,1,5326.0,1,nan,0,nan,0,nan,0,nan,0,nan,0,nan,0,nan,0,nan,0
1597991315923245056,1597991316433000192,2020-08-21 14:28:36.433000,5326.0,5419.0,5250.0,5250.0,nan,5374.0,8,429920.0,23,5397.0,2,5326.0,1,nan,0,nan,0,nan,0,nan,0,nan,0,nan,0,nan,0,nan,0
1597991318935460096,1597991319392999936,2020-08-21 14:28:39.393000,5326.0,5419.0,5250.0,5250.0,nan,5374.0,8,429920.0,23,5398.0,1,5326.0,1,nan,0,nan,0,nan,0,nan,0,nan,0,nan,0,nan,0,nan,0
1597991322458262016,1597991323000000000,2020-08-21 14:28:43.000000,5326.0,5419.0,5250.0,5250.0,nan,5374.0,8,429920.0,23,5397.0,2,5326.0,1,nan,0,nan,0,nan,0,nan,0,nan,0,nan,0,nan,0,nan,0
1597991323916728064,1597991324428000000,2020-08-21 14:28:44.428000,5326.0,5419.0,5250.0,5250.0,nan,5374.0,8,429920.0,23,5398.0,1,5326.0,1,nan,0,nan,0,nan,0,nan,0,nan,0,nan,0,nan,0,nan,0
1597991324455196928,1597991325000000000,2020-08-21 14:28:45.000000,5326.0,5419.0,5250.0,5250.0,nan,5374.0,8,429920.0,23,5397.0,2,5326.0,1,nan,0,nan,0,nan,0,nan,0,nan,0,nan,0,nan,0,nan,0
1597991430966469120,1597991431417999872,2020-08-21 14:30:31.418000,5326.0,5419.0,5250.0,5250.0,nan,5374.0,8,429920.0,23,5398.0,1,5326.0,1,nan,0,nan,0,nan,0,nan,0,nan,0,nan,0,nan,0,nan,0
1597991549534769920,1597991550000000000,2020-08-21 14:32:30.000000,5326.0,5419.0,5250.0,5250.0,nan,5374.0,8,429920.0,23,5397.0,2,5326.0,1,nan,0,nan,0,nan,0,nan,0,nan,0,nan,0,nan,0,nan,0
1597991550539975936,1597991551000000000,2020-08-21 14:32:31.000000,5326.0,5419.0,5250.0,5250.0,nan,5374.0,8,429920.0,23,5398.0,1,5326.0,1,nan,0,nan,0,nan,0,nan,0,nan,0,nan,0,nan,0,nan,0
1597991562547664896,1597991563000000000,2020-08-21 14:32:43.000000,5326.0,5419.0,5250.0,5250.0,nan,5374.0,8,429920.0,23,5397.0,2,5326.0,1,nan,0,nan,0,nan,0,nan,0,nan,0,nan,0,nan,0,nan,0
1597991565549075968,1597991566000000000,2020-08-21 14:32:46.000000,5326.0,5419.0,5250.0,5250.0,nan,5374.0,8,429920.0,23,5398.0,1,5326.0,1,nan,0,nan,0,nan,0,nan,0,nan,0,nan,0,nan,0,nan,0
1597991568013222912,1597991568431000064,2020-08-21 14:32:48.431000,5326.0,5419.0,5250.0,5250.0,nan,5374.0,8,429920.0,23,5397.0,2,5326.0,1,nan,0,nan,0,nan,0,nan,0,nan,0,nan,0,nan,0,nan,0
1597991568540606976,1597991569000000000,2020-08-21 14:32:49.000000,5326.0,5419.0,5250.0,5250.0,nan,5374.0,8,429920.0,23,5398.0,1,5326.0,1,nan,0,nan,0,nan,0,nan,0,nan,0,nan,0,nan,0,nan,0
1597991570017960960,1597991570440999936,2020-08-21 14:32:50.441000,5326.0,5419.0,5250.0,5250.0,nan,5374.0,8,429920.0,23,5397.0,2,5326.0,1,nan,0,nan,0,nan,0,nan,0,nan,0,nan,0,nan,0,nan,0
1597991571015895040,1597991571400000000,2020-08-21 14:32:51.400000,5326.0,5419.0,5250.0,5250.0,nan,5374.0,8,429920.0,23,5398.0,1,5326.0,1,nan,0,nan,0,nan,0,nan,0,nan,0,nan,0,nan,0,nan,0
1597991573008489984,1597991573360999936,2020-08-21 14:32:53.361000,5326.0,5419.0,5250.0,5250.0,nan,5374.0,8,429920.0,23,5397.0,2,5326.0,1,nan,0,nan,0,nan,0,nan,0,nan,0,nan,0,nan,0,nan,0
1597991799635499008,1597991800000000000,2020-08-21 14:36:40.000000,5326.0,5419.0,5250.0,5250.0,nan,5374.0,8,429920.0,23,5398.0,1,5326.0,1,nan,0,nan,0,nan,0,nan,0,nan,0,nan,0,nan,0,nan,0
