local_nano_time,quote_nano_time,datetime,last_price,highest,lowest,open,close,average,volume,amount,open_interest,ask_price1,ask_volume1,bid_price1,bid_volume1,ask_price2,ask_volume2,bid_price2,bid_volume2,ask_price3,ask_volume3,bid_price3,bid_volume3,ask_price4,ask_volume4,bid_price4,bid_volume4,ask_price5,ask_volume5,bid_price5,bid_volume5
1597988226697016064,1597988227224000000,2020-08-21 13:37:07.224000,5042.0,5057.0,5009.0,5051.0,nan,5032.0,409922,20627275040.0,515422,5043.0,122,5042.0,82,nan,0,nan,0,nan,0,nan,0,nan,0,nan,0,nan,0,nan,0
1597988227202190080,1597988227728000000,2020-08-21 13:37:07.728000,5042.0,5057.0,5009.0,5051.0,nan,5032.0,409922,20627275040.0,515422,5043.0,122,5042.0,85,nan,0,nan,0,nan,0,nan,0,nan,0,nan,0,nan,0,nan,0
1597988227701713920,1597988228239000064,2020-08-21 13:37:08.239000,5042.0,5057.0,5009.0,5051.0,nan,5032.0,409922,20627275040.0,515422,5043.0,122,5042.0,100,nan,0,nan,0,nan,0,nan,0,nan,0,nan,0,nan,0,nan,0
1597988228203751936,1597988228728000000,2020-08-21 13:37:08.728000,5043.0,5057.0,5009.0,5051.0,nan,5032.0,409923,20627325360.0,515423,5043.0,121,5042.0,101,nan,0,nan,0,nan,0,nan,0,nan,0,nan,0,nan,0,nan,0
1597988228700645888,1597988229198999808,2020-08-21 13:37:09.199000,5043.0,5057.0,5009.0,5051.0,nan,5032.0,409923,20627325360.0,515423,5043.0,121,5042.0,108,nan,0,nan,0,nan,0,nan,0,nan,0,nan,0,nan,0,nan,0
1597988229217874944,1597988229670000128,2020-08-21 13:37:09.670000,5043.0,5057.0,5009.0,5051.0,nan,5032.0,409974,20629891680.0,515446,5043.0,76,5042.0,107,nan,0,nan,0,nan,0,nan,0,nan,0,nan,0,nan,0,nan,0
1597988229710323968,1597988230227000064,2020-08-21 13:37:10.227000,5043.0,5057.0,5009.0,5051.0,nan,5032.0,410054,20633917280.0,515490,5044.0,162,5043.0,25,nan,0,nan,0,nan,0,nan,0,nan,0,nan,0,nan,0,nan,0
1597988230245148928,1597988230713999872,2020-08-21 13:37:10.714000,5044.0,5057.0,5009.0,5051.0,nan,5032.0,410060,20634219200.0,515487,5044.0,153,5043.0,242,nan,0,nan,0,nan,0,nan,0,nan,0,nan,0,nan,0,nan,0
1597988230710464000,1597988231226000128,2020-08-21 13:37:11.226000,5044.0,5057.0,5009.0,5051.0,nan,5032.0,410062,20634319840.0,515486,5044.0,150,5043.0,248,nan,0,nan,0,nan,0,nan,0,nan,0,nan,0,nan,0,nan,0
1597988231205857024,1597988231734999808,2020-08-21 13:37:11.735000,5044.0,5057.0,5009.0,5051.0,nan,5032.0,410067,20634571440.0,515488,5044.0,145,5043.0,251,nan,0,nan,0,nan,0,nan,0,nan,0,nan,0,nan,0,nan,0
1597988231713686016,1597988232226000128,2020-08-21 13:37:12.226000,5044.0,5057.0,5009.0,5051.0,nan,5032.0,410212,20641867840.0,515511,5045.0,112,5044.0,32,nan,0,nan,0,nan,0,nan,0,nan,0,nan,0,nan,0,nan,0
1597988232212869888,1597988232742000128,2020-08-21 13:37:12.742000,5044.0,5057.0,5009.0,5051.0,nan,5032.0,410213,20641918160.0,515511,5045.0,108,5044.0,63,nan,0,nan,0,nan,0,nan,0,nan,0,nan,0,nan,0,nan,0
1597988232705897984,1597988233224999936,2020-08-21 13:37:13.225000,5044.0,5057.0,5009.0,5051.0,nan,5032.0,410223,20642421360.0,515521,5045.0,109,5044.0,57,nan,0,nan,0,nan,0,nan,0,nan,0,nan,0,nan,0,nan,0
1597988233204429056,1597988233696999936,2020-08-21 13:37:13.697000,5043.0,5057.0,5009.0,5051.0,nan,5032.0,410284,20645490880.0,515555,5044.0,40,5043.0,271,nan,0,nan,0,nan,0,nan,0,nan,0,nan,0,nan,0,nan,0
1597988233709970944,1597988234216000000,2020-08-21 13:37:14.216000,5044.0,5057.0,5009.0,5051.0,nan,5032.0,410286,20645591520.0,515555,5044.0,48,5043.0,275,nan,0,nan,0,nan,0,nan,0,nan,0,nan,0,nan,0,nan,0
1597988234204858880,1597988234720999936,2020-08-21 13:37:14.721000,5044.0,5057.0,5009.0,5051.0,nan,5032.0,410310,20646799200.0,515545,5044.0,24,5043.0,279,nan,0,nan,0,nan,0,nan,0,nan,0,nan,0,nan,0,nan,0
1597988234709512960,1597988235193000192,2020-08-21 13:37:15.193000,5044.0,5057.0,5009.0,5051.0,nan,5032.0,410330,20647805600.0,515546,5044.0,39,5043.0,280,nan,0,nan,0,nan,0,nan,0,nan,0,nan,0,nan,0,nan,0
1597988235199908096,1597988235608000000,2020-08-21 13:37:15.608000,5043.0,5057.0,5009.0,5051.0,nan,5032.0,410364,20649516480.0,515512,5044.0,10,5043.0,281,nan,0,nan,0,nan,0,nan,0,nan,0,nan,0,nan,0,nan,0
1597988235883643904,1597988236221999872,2020-08-21 13:37:16.222000,5044.0,5057.0,5009.0,5051.0,nan,5032.0,410377,20650170640.0,515517,5045.0,115,5044.0,1,nan,0,nan,0,nan,0,nan,0,nan,0,nan,0,nan,0,nan,0
1597988236237308928,1597988236734999808,2020-08-21 13:37:16.735000,5044.0,5057.0,5009.0,5051.0,nan,5032.0,410388,20650724160.0,515518,5045.0,117,5043.0,286,nan,0,nan,0,nan,0,nan,0,nan,0,nan,0,nan,0,nan,0
1597988236718542080,1597988237232000000,2020-08-21 13:37:17.232000,5044.0,5057.0,5009.0,5051.0,nan,5032.0,410400,20651328000.0,515511,5044.0,127,5043.0,282,nan,0,nan,0,nan,0,nan,0,nan,0,nan,0,nan,0,nan,0
1597988237218627072,1597988237740000000,2020-08-21 13:37:17.740000,5044.0,5057.0,5009.0,5051.0,nan,5032.0,410400,20651328000.0,515511,5044.0,127,5043.0,289,nan,0,nan,0,nan,0,nan,0,nan,0,nan,0,nan,0,nan,0
1597988237716229120,1597988238211000064,2020-08-21 13:37:18.211000,5044.0,5057.0,5009.0,5051.0,nan,5032.0,410402,20651428640.0,515511,5044.0,125,5043.0,289,nan,0,nan,0,nan,0,nan,0,nan,0,nan,0,nan,0,nan,0
1597988238240307968,1597988238712000000,2020-08-21 13:37:18.712000,5044.0,5057.0,5009.0,5051.0,nan,5032.0,410403,20651478960.0,515511,5044.0,125,5043.0,347,nan,0,nan,0,nan,0,nan,0,nan,0,nan,0,nan,0,nan,0
1597988238710374912,1597988239240999936,2020-08-21 13:37:19.241000,5044.0,5057.0,5009.0,5051.0,nan,5032.0,410403,20651478960.0,515511,5044.0,126,5043.0,347,nan,0,nan,0,nan,0,nan,0,nan,0,nan,0,nan,0,nan,0
1597988239200791040,1597988239690000128,2020-08-21 13:37:19.690000,5044.0,5057.0,5009.0,5051.0,nan,5032.0,410414,20652032480.0,515511,5044.0,115,5043.0,348,nan,0,nan,0,nan,0,nan,0,nan,0,nan,0,nan,0,nan,0
1597988239705552896,1597988240232999936,2020-08-21 13:37:20.233000,5044.0,5057.0,5009.0,5051.0,nan,5032.0,410414,20652032480.0,515511,5044.0,116,5043.0,350,nan,0,nan,0,nan,0,nan,0,nan,0,nan,0,nan,0,nan,0
1597988240202601984,1597988240720999936,2020-08-21 13:37:20.721000,5044.0,5057.0,5009.0,5051.0,nan,5032.0,410415,20652082800.0,515510,5044.0,115,5043.0,351,nan,0,nan,0,nan,0,nan,0,nan,0,nan,0,nan,0,nan,0
1597988240708358912,1597988241204000000,2020-08-21 13:37:21.204000,5044.0,5057.0,5009.0,5051.0,nan,5032.0,410416,20652133120.0,515510,5044.0,114,5043.0,353,nan,0,nan,0,nan,0,nan,0,nan,0,nan,0,nan,0,nan,0
1597988241205828096,1597988241731000064,2020-08-21 13:37:21.731000,5044.0,5057.0,5009.0,5051.0,nan,5032.0,410417,20652183440.0,515510,5044.0,114,5043.0,354,nan,0,nan,0,nan,0,nan,0,nan,0,nan,0,nan,0,nan,0
1597988241710221056,1597988242229000192,2020-08-21 13:37:22.229000,5044.0,5057.0,5009.0,5051.0,nan,5032.0,410417,20652183440.0,515510,5044.0,116,5043.0,354,nan,0,nan,0,nan,0,nan,0,nan,0,nan,0,nan,0,nan,0
1597988242214142976,1597988242733999872,2020-08-21 13:37:22.734000,5044.0,5057.0,5009.0,5051.0,nan,5032.0,410417,20652183440.0,515510,5044.0,129,5043.0,354,nan,0,nan,0,nan,0,nan,0,nan,0,nan,0,nan,0,nan,0
1597988242703757056,1597988243240000000,2020-08-21 13:37:23.240000,5044.0,5057.0,5009.0,5051.0,nan,5032.0,410417,20652183440.0,515510,5044.0,134,5043.0,354,nan,0,nan,0,nan,0,nan,0,nan,0,nan,0,nan,0,nan,0
1597988243707002880,1597988244160000000,2020-08-21 13:37:24.160000,5044.0,5057.0,5009.0,5051.0,nan,5032.0,410417,20652183440.0,515510,5044.0,134,5043.0,355,nan,0,nan,0,nan,0,nan,0,nan,0,nan,0,nan,0,nan,0
1597988244215016960,1597988244698999808,2020-08-21 13:37:24.699000,5044.0,5057.0,5009.0,5051.0,nan,5032.0,410420,20652334400.0,515510,5044.0,142,5043.0,355,nan,0,nan,0,nan,0,nan,0,nan,0,nan,0,nan,0,nan,0
1597988244725779968,1597988245219000064,2020-08-21 13:37:25.219000,5043.0,5057.0,5009.0,5051.0,nan,5032.0,410428,20652736960.0,515510,5044.0,135,5043.0,354,nan,0,nan,0,nan,0,nan,0,nan,0,nan,0,nan,0,nan,0
1597988245204360960,1597988245700000000,2020-08-21 13:37:25.700000,5044.0,5057.0,5009.0,5051.0,nan,5032.0,410429,20652787280.0,515510,5044.0,135,5043.0,355,nan,0,nan,0,nan,0,nan,0,nan,0,nan,0,nan,0,nan,0
1597988245711820032,1597988246232999936,2020-08-21 13:37:26.233000,5044.0,5057.0,5009.0,5051.0,nan,5032.0,410429,20652787280.0,515510,5044.0,150,5043.0,359,nan,0,nan,0,nan,0,nan,0,nan,0,nan,0,nan,0,nan,0
1597988246232438016,1597988246723000064,2020-08-21 13:37:26.723000,5043.0,5057.0,5009.0,5051.0,nan,5032.0,410431,20652887920.0,515510,5044.0,150,5043.0,357,nan,0,nan,0,nan,0,nan,0,nan,0,nan,0,nan,0,nan,0
1597988246743772928,1597988247234999808,2020-08-21 13:37:27.235000,5044.0,5057.0,5009.0,5051.0,nan,5032.0,410432,20652938240.0,515509,5044.0,153,5043.0,358,nan,0,nan,0,nan,0,nan,0,nan,0,nan,0,nan,0,nan,0
1597988247210226944,1597988247742000128,2020-08-21 13:37:27.742000,5044.0,5057.0,5009.0,5051.0,nan,5032.0,410433,20652988560.0,515509,5044.0,152,5043.0,363,nan,0,nan,0,nan,0,nan,0,nan,0,nan,0,nan,0,nan,0
1597988247713231104,1597988248221999872,2020-08-21 13:37:28.222000,5044.0,5057.0,5009.0,5051.0,nan,5032.0,410434,20653038880.0,515508,5044.0,182,5043.0,361,nan,0,nan,0,nan,0,nan,0,nan,0,nan,0,nan,0,nan,0
1597988248244579072,1597988248727000064,2020-08-21 13:37:28.727000,5044.0,5057.0,5009.0,5051.0,nan,5032.0,410436,20653139520.0,515506,5044.0,181,5043.0,366,nan,0,nan,0,nan,0,nan,0,nan,0,nan,0,nan,0,nan,0
1597988248710113024,1597988249240000000,2020-08-21 13:37:29.240000,5044.0,5057.0,5009.0,5051.0,nan,5032.0,410436,20653139520.0,515506,5044.0,191,5043.0,367,nan,0,nan,0,nan,0,nan,0,nan,0,nan,0,nan,0,nan,0
1597988249342740992,1597988249731000064,2020-08-21 13:37:29.731000,5044.0,5057.0,5009.0,5051.0,nan,5032.0,410438,20653240160.0,515505,5044.0,190,5043.0,368,nan,0,nan,0,nan,0,nan,0,nan,0,nan,0,nan,0,nan,0
1597988249720976896,1597988250240000000,2020-08-21 13:37:30.240000,5044.0,5057.0,5009.0,5051.0,nan,5032.0,410441,20653391120.0,515505,5044.0,187,5043.0,367,nan,0,nan,0,nan,0,nan,0,nan,0,nan,0,nan,0,nan,0
1597988250232955904,1597988250739000064,2020-08-21 13:37:30.739000,5044.0,5057.0,5009.0,5051.0,nan,5032.0,410443,20653491760.0,515505,5044.0,189,5043.0,367,nan,0,nan,0,nan,0,nan,0,nan,0,nan,0,nan,0,nan,0
1597988250730160896,1597988251240000000,2020-08-21 13:37:31.240000,5044.0,5057.0,5009.0,5051.0,nan,5032.0,410448,20653743360.0,515505,5044.0,184,5043.0,367,nan,0,nan,0,nan,0,nan,0,nan,0,nan,0,nan,0,nan,0
1597988251217428992,1597988251737999872,2020-08-21 13:37:31.738000,5043.0,5057.0,5009.0,5051.0,nan,5032.0,410450,20653844000.0,515504,5044.0,184,5043.0,368,nan,0,nan,0,nan,0,nan,0,nan,0,nan,0,nan,0,nan,0
1597988251723088896,1597988252190000128,2020-08-21 13:37:32.190000,5044.0,5057.0,5009.0,5051.0,nan,5032.0,410454,20654045280.0,515502,5044.0,180,5043.0,368,nan,0,nan,0,nan,0,nan,0,nan,0,nan,0,nan,0,nan,0
1597988252219930112,1597988252742000128,2020-08-21 13:37:32.742000,5044.0,5057.0,5009.0,5051.0,nan,5032.0,410455,20654095600.0,515502,5044.0,180,5043.0,368,nan,0,nan,0,nan,0,nan,0,nan,0,nan,0,nan,0,nan,0
1597988252718089984,1597988253240000000,2020-08-21 13:37:33.240000,5043.0,5057.0,5009.0,5051.0,nan,5032.0,410465,20654598800.0,515502,5044.0,180,5043.0,358,nan,0,nan,0,nan,0,nan,0,nan,0,nan,0,nan,0,nan,0
1597988254208212992,1597988254739000064,2020-08-21 13:37:34.739000,5043.0,5057.0,5009.0,5051.0,nan,5032.0,410465,20654598800.0,515502,5044.0,181,5043.0,358,nan,0,nan,0,nan,0,nan,0,nan,0,nan,0,nan,0,nan,0
1597988254745097984,1597988255228000000,2020-08-21 13:37:35.228000,5043.0,5057.0,5009.0,5051.0,nan,5032.0,410465,20654598800.0,515502,5044.0,182,5043.0,359,nan,0,nan,0,nan,0,nan,0,nan,0,nan,0,nan,0,nan,0
1597988255220421120,1597988255737999872,2020-08-21 13:37:35.738000,5043.0,5057.0,5009.0,5051.0,nan,5032.0,410465,20654598800.0,515502,5044.0,183,5043.0,361,nan,0,nan,0,nan,0,nan,0,nan,0,nan,0,nan,0,nan,0
1597988255717377024,1597988256232999936,2020-08-21 13:37:36.233000,5043.0,5057.0,5009.0,5051.0,nan,5032.0,410470,20654850400.0,515497,5044.0,184,5043.0,352,nan,0,nan,0,nan,0,nan,0,nan,0,nan,0,nan,0,nan,0
1597988256211817984,1597988256740999936,2020-08-21 13:37:36.741000,5044.0,5057.0,5009.0,5051.0,nan,5032.0,410485,20655605200.0,515490,5044.0,180,5043.0,340,nan,0,nan,0,nan,0,nan,0,nan,0,nan,0,nan,0,nan,0
1597988256717300992,1597988257223000064,2020-08-21 13:37:37.223000,5044.0,5057.0,5009.0,5051.0,nan,5032.0,410485,20655605200.0,515490,5044.0,193,5043.0,351,nan,0,nan,0,nan,0,nan,0,nan,0,nan,0,nan,0,nan,0
1597988257221647104,1597988257727000064,2020-08-21 13:37:37.727000,5044.0,5057.0,5009.0,5051.0,nan,5032.0,410492,20655957440.0,515489,5044.0,191,5043.0,352,nan,0,nan,0,nan,0,nan,0,nan,0,nan,0,nan,0,nan,0
1597988257717571072,1597988258237999872,2020-08-21 13:37:38.238000,5044.0,5057.0,5009.0,5051.0,nan,5032.0,410493,20656007760.0,515489,5044.0,195,5043.0,357,nan,0,nan,0,nan,0,nan,0,nan,0,nan,0,nan,0,nan,0
1597988258219590912,1597988258734999808,2020-08-21 13:37:38.735000,5043.0,5057.0,5009.0,5051.0,nan,5032.0,410494,20656058080.0,515489,5044.0,195,5043.0,356,nan,0,nan,0,nan,0,nan,0,nan,0,nan,0,nan,0,nan,0
1597988258722930944,1597988259240000000,2020-08-21 13:37:39.240000,5043.0,5057.0,5009.0,5051.0,nan,5032.0,410497,20656209040.0,515489,5044.0,256,5043.0,354,nan,0,nan,0,nan,0,nan,0,nan,0,nan,0,nan,0,nan,0
1597988259218978048,1597988259724000000,2020-08-21 13:37:39.724000,5044.0,5057.0,5009.0,5051.0,nan,5032.0,410498,20656259360.0,515489,5044.0,255,5043.0,363,nan,0,nan,0,nan,0,nan,0,nan,0,nan,0,nan,0,nan,0
1597988259738337024,1597988260211000064,2020-08-21 13:37:40.211000,5044.0,5057.0,5009.0,5051.0,nan,5032.0,410498,20656259360.0,515489,5044.0,255,5043.0,376,nan,0,nan,0,nan,0,nan,0,nan,0,nan,0,nan,0,nan,0
1597988260230617088,1597988260736999936,2020-08-21 13:37:40.737000,5044.0,5057.0,5009.0,5051.0,nan,5032.0,410498,20656259360.0,515489,5044.0,255,5043.0,381,nan,0,nan,0,nan,0,nan,0,nan,0,nan,0,nan,0,nan,0
1597988260720781056,1597988261242000128,2020-08-21 13:37:41.242000,5043.0,5057.0,5009.0,5051.0,nan,5032.0,410499,20656309680.0,515490,5044.0,255,5043.0,388,nan,0,nan,0,nan,0,nan,0,nan,0,nan,0,nan,0,nan,0
1597988261714307072,1597988262239000064,2020-08-21 13:37:42.239000,5043.0,5057.0,5009.0,5051.0,nan,5032.0,410499,20656309680.0,515490,5044.0,257,5043.0,388,nan,0,nan,0,nan,0,nan,0,nan,0,nan,0,nan,0,nan,0
1597988262212008960,1597988262742000128,2020-08-21 13:37:42.742000,5044.0,5057.0,5009.0,5051.0,nan,5032.0,410504,20656561280.0,515489,5044.0,256,5043.0,388,nan,0,nan,0,nan,0,nan,0,nan,0,nan,0,nan,0,nan,0
1597988262740169984,1597988263232999936,2020-08-21 13:37:43.233000,5043.0,5057.0,5009.0,5051.0,nan,5032.0,410510,20656863200.0,515490,5044.0,253,5043.0,384,nan,0,nan,0,nan,0,nan,0,nan,0,nan,0,nan,0,nan,0
1597988263215053056,1597988263740999936,2020-08-21 13:37:43.741000,5044.0,5057.0,5009.0,5051.0,nan,5032.0,410521,20657416720.0,515490,5044.0,242,5043.0,384,nan,0,nan,0,nan,0,nan,0,nan,0,nan,0,nan,0,nan,0
1597988263712207104,1597988264236999936,2020-08-21 13:37:44.237000,5044.0,5057.0,5009.0,5051.0,nan,5032.0,410525,20657618000.0,515489,5044.0,239,5043.0,385,nan,0,nan,0,nan,0,nan,0,nan,0,nan,0,nan,0,nan,0
1597988264234953984,1597988264740999936,2020-08-21 13:37:44.741000,5044.0,5057.0,5009.0,5051.0,nan,5032.0,410525,20657618000.0,515489,5044.0,239,5043.0,388,nan,0,nan,0,nan,0,nan,0,nan,0,nan,0,nan,0,nan,0
1597988264718927104,1597988265232000000,2020-08-21 13:37:45.232000,5044.0,5057.0,5009.0,5051.0,nan,5032.0,410527,20657718640.0,515489,5044.0,238,5043.0,388,nan,0,nan,0,nan,0,nan,0,nan,0,nan,0,nan,0,nan,0
1597988265233026048,1597988265709000192,2020-08-21 13:37:45.709000,5043.0,5057.0,5009.0,5051.0,nan,5032.0,410528,20657768960.0,515490,5044.0,238,5043.0,390,nan,0,nan,0,nan,0,nan,0,nan,0,nan,0,nan,0,nan,0
1597988265717925120,1597988266236000000,2020-08-21 13:37:46.236000,5044.0,5057.0,5009.0,5051.0,nan,5032.0,410534,20658070880.0,515486,5044.0,233,5043.0,389,nan,0,nan,0,nan,0,nan,0,nan,0,nan,0,nan,0,nan,0
1597988266224905984,1597988266729000192,2020-08-21 13:37:46.729000,5044.0,5057.0,5009.0,5051.0,nan,5032.0,410546,20658674720.0,515476,5044.0,226,5043.0,389,nan,0,nan,0,nan,0,nan,0,nan,0,nan,0,nan,0,nan,0
1597988267231881984,1597988267736999936,2020-08-21 13:37:47.737000,5044.0,5057.0,5009.0,5051.0,nan,5032.0,410546,20658674720.0,515476,5044.0,227,5043.0,389,nan,0,nan,0,nan,0,nan,0,nan,0,nan,0,nan,0,nan,0
1597988267726889984,1597988268177999872,2020-08-21 13:37:48.178000,5043.0,5057.0,5009.0,5051.0,nan,5032.0,410547,20658725040.0,515477,5044.0,227,5043.0,388,nan,0,nan,0,nan,0,nan,0,nan,0,nan,0,nan,0,nan,0
1597988268221175040,1597988268732999936,2020-08-21 13:37:48.733000,5043.0,5057.0,5009.0,5051.0,nan,5032.0,410547,20658725040.0,515477,5044.0,229,5043.0,395,nan,0,nan,0,nan,0,nan,0,nan,0,nan,0,nan,0,nan,0
1597988268724121088,1597988269240000000,2020-08-21 13:37:49.240000,5044.0,5057.0,5009.0,5051.0,nan,5032.0,410557,20659228240.0,515477,5044.0,219,5043.0,395,nan,0,nan,0,nan,0,nan,0,nan,0,nan,0,nan,0,nan,0
1597988269221872128,1597988269740000000,2020-08-21 13:37:49.740000,5044.0,5057.0,5009.0,5051.0,nan,5032.0,410558,20659278560.0,515477,5044.0,217,5043.0,395,nan,0,nan,0,nan,0,nan,0,nan,0,nan,0,nan,0,nan,0
1597988269724130048,1597988270220000000,2020-08-21 13:37:50.220000,5043.0,5057.0,5009.0,5051.0,nan,5032.0,410559,20659328880.0,515477,5044.0,217,5043.0,394,nan,0,nan,0,nan,0,nan,0,nan,0,nan,0,nan,0,nan,0
1597988270220665088,1597988270731000064,2020-08-21 13:37:50.731000,5044.0,5057.0,5009.0,5051.0,nan,5032.0,410560,20659379200.0,515477,5044.0,215,5043.0,394,nan,0,nan,0,nan,0,nan,0,nan,0,nan,0,nan,0,nan,0
1597988270722827008,1597988271228000000,2020-08-21 13:37:51.228000,5043.0,5057.0,5009.0,5051.0,nan,5032.0,410562,20659479840.0,515477,5044.0,220,5043.0,392,nan,0,nan,0,nan,0,nan,0,nan,0,nan,0,nan,0,nan,0
1597988271222541056,1597988271740000000,2020-08-21 13:37:51.740000,5043.0,5057.0,5009.0,5051.0,nan,5032.0,410562,20659479840.0,515477,5044.0,220,5043.0,400,nan,0,nan,0,nan,0,nan,0,nan,0,nan,0,nan,0,nan,0
1597988271723076096,1597988272233999872,2020-08-21 13:37:52.234000,5044.0,5057.0,5009.0,5051.0,nan,5032.0,410563,20659530160.0,515477,5044.0,220,5043.0,400,nan,0,nan,0,nan,0,nan,0,nan,0,nan,0,nan,0,nan,0
1597988272226949888,1597988272740000000,2020-08-21 13:37:52.740000,5043.0,5057.0,5009.0,5051.0,nan,5032.0,410579,20660335280.0,515477,5044.0,218,5043.0,384,nan,0,nan,0,nan,0,nan,0,nan,0,nan,0,nan,0,nan,0
1597988272742544896,1597988273233999872,2020-08-21 13:37:53.234000,5043.0,5057.0,5009.0,5051.0,nan,5032.0,410579,20660335280.0,515477,5044.0,219,5043.0,384,nan,0,nan,0,nan,0,nan,0,nan,0,nan,0,nan,0,nan,0
1597988273222382080,1597988273732000000,2020-08-21 13:37:53.732000,5044.0,5057.0,5009.0,5051.0,nan,5032.0,410590,20660888800.0,515477,5044.0,218,5043.0,378,nan,0,nan,0,nan,0,nan,0,nan,0,nan,0,nan,0,nan,0
1597988274223165952,1597988274724999936,2020-08-21 13:37:54.725000,5044.0,5057.0,5009.0,5051.0,nan,5032.0,410590,20660888800.0,515477,5044.0,218,5043.0,379,nan,0,nan,0,nan,0,nan,0,nan,0,nan,0,nan,0,nan,0
1597988274724420096,1597988275239000064,2020-08-21 13:37:55.239000,5044.0,5057.0,5009.0,5051.0,nan,5032.0,410592,20660989440.0,515475,5044.0,216,5043.0,377,nan,0,nan,0,nan,0,nan,0,nan,0,nan,0,nan,0,nan,0
1597988275230959104,1597988275727000064,2020-08-21 13:37:55.727000,5044.0,5057.0,5009.0,5051.0,nan,5032.0,410601,20661442320.0,515466,5044.0,208,5043.0,369,nan,0,nan,0,nan,0,nan,0,nan,0,nan,0,nan,0,nan,0
1597988275724484096,1597988276240999936,2020-08-21 13:37:56.241000,5044.0,5057.0,5009.0,5051.0,nan,5032.0,410601,20661442320.0,515466,5044.0,208,5043.0,362,nan,0,nan,0,nan,0,nan,0,nan,0,nan,0,nan,0,nan,0
1597988276228232960,1597988276736999936,2020-08-21 13:37:56.737000,5044.0,5057.0,5009.0,5051.0,nan,5032.0,410616,20662197120.0,515458,5044.0,193,5043.0,354,nan,0,nan,0,nan,0,nan,0,nan,0,nan,0,nan,0,nan,0
1597988276805858048,1597988277226000128,2020-08-21 13:37:57.226000,5043.0,5057.0,5009.0,5051.0,nan,5032.0,410618,20662297760.0,515458,5044.0,193,5043.0,357,nan,0,nan,0,nan,0,nan,0,nan,0,nan,0,nan,0,nan,0
1597988277268570880,1597988277706000128,2020-08-21 13:37:57.706000,5043.0,5057.0,5009.0,5051.0,nan,5032.0,410618,20662297760.0,515458,5044.0,193,5043.0,362,nan,0,nan,0,nan,0,nan,0,nan,0,nan,0,nan,0,nan,0
1597988277732172032,1597988278236999936,2020-08-21 13:37:58.237000,5044.0,5057.0,5009.0,5051.0,nan,5032.0,410622,20662499040.0,515454,5044.0,189,5043.0,362,nan,0,nan,0,nan,0,nan,0,nan,0,nan,0,nan,0,nan,0
1597988278730861056,1597988279236000000,2020-08-21 13:37:59.236000,5044.0,5057.0,5009.0,5051.0,nan,5032.0,410622,20662499040.0,515454,5044.0,189,5043.0,363,nan,0,nan,0,nan,0,nan,0,nan,0,nan,0,nan,0,nan,0
1597988279228189952,1597988279720000000,2020-08-21 13:37:59.720000,5043.0,5057.0,5009.0,5051.0,nan,5032.0,410624,20662599680.0,515454,5044.0,190,5043.0,361,nan,0,nan,0,nan,0,nan,0,nan,0,nan,0,nan,0,nan,0
1597988280240593920,1597988280742000128,2020-08-21 13:38:00.742000,5043.0,5057.0,5009.0,5051.0,nan,5032.0,410624,20662599680.0,515454,5044.0,190,5043.0,362,nan,0,nan,0,nan,0,nan,0,nan,0,nan,0,nan,0,nan,0
1597988280728421120,1597988281236999936,2020-08-21 13:38:01.237000,5043.0,5057.0,5009.0,5051.0,nan,5032.0,410624,20662599680.0,515454,5044.0,191,5043.0,363,nan,0,nan,0,nan,0,nan,0,nan,0,nan,0,nan,0,nan,0
1597988281222256128,1597988281742000128,2020-08-21 13:38:01.742000,5043.0,5057.0,5009.0,5051.0,nan,5032.0,410624,20662599680.0,515454,5044.0,195,5043.0,370,nan,0,nan,0,nan,0,nan,0,nan,0,nan,0,nan,0,nan,0
1597988281740985088,1597988282193000192,2020-08-21 13:38:02.193000,5044.0,5057.0,5009.0,5051.0,nan,5032.0,410625,20662650000.0,515454,5044.0,194,5043.0,370,nan,0,nan,0,nan,0,nan,0,nan,0,nan,0,nan,0,nan,0
1597988282216723968,1597988282712999936,2020-08-21 13:38:02.713000,5044.0,5057.0,5009.0,5051.0,nan,5032.0,410625,20662650000.0,515454,5044.0,195,5043.0,371,nan,0,nan,0,nan,0,nan,0,nan,0,nan,0,nan,0,nan,0
1597988283225996032,1597988283733999872,2020-08-21 13:38:03.734000,5044.0,5057.0,5009.0,5051.0,nan,5032.0,410636,20663203520.0,515459,5044.0,185,5043.0,377,nan,0,nan,0,nan,0,nan,0,nan,0,nan,0,nan,0,nan,0
1597988283728091904,1597988284237999872,2020-08-21 13:38:04.238000,5044.0,5057.0,5009.0,5051.0,nan,5032.0,410637,20663253840.0,515459,5044.0,184,5043.0,377,nan,0,nan,0,nan,0,nan,0,nan,0,nan,0,nan,0,nan,0
1597988284229627904,1597988284706000128,2020-08-21 13:38:04.706000,5043.0,5057.0,5009.0,5051.0,nan,5032.0,410648,20663807360.0,515467,5044.0,174,5043.0,377,nan,0,nan,0,nan,0,nan,0,nan,0,nan,0,nan,0,nan,0
1597988284726936064,1597988285234999808,2020-08-21 13:38:05.235000,5043.0,5057.0,5009.0,5051.0,nan,5032.0,410659,20664360880.0,515467,5044.0,174,5043.0,367,nan,0,nan,0,nan,0,nan,0,nan,0,nan,0,nan,0,nan,0
1597988285729050880,1597988286236999936,2020-08-21 13:38:06.237000,5043.0,5057.0,5009.0,5051.0,nan,5032.0,410659,20664360880.0,515467,5044.0,174,5043.0,368,nan,0,nan,0,nan,0,nan,0,nan,0,nan,0,nan,0,nan,0
1597988286219553024,1597988286732999936,2020-08-21 13:38:06.733000,5043.0,5057.0,5009.0,5051.0,nan,5032.0,410659,20664360880.0,515467,5044.0,174,5043.0,369,nan,0,nan,0,nan,0,nan,0,nan,0,nan,0,nan,0,nan,0
1597988286728430080,1597988287240000000,2020-08-21 13:38:07.240000,5043.0,5057.0,5009.0,5051.0,nan,5032.0,410660,20664411200.0,515467,5044.0,174,5043.0,417,nan,0,nan,0,nan,0,nan,0,nan,0,nan,0,nan,0,nan,0
1597988287224836096,1597988287739000064,2020-08-21 13:38:07.739000,5043.0,5057.0,5009.0,5051.0,nan,5032.0,410666,20664713120.0,515468,5044.0,173,5043.0,417,nan,0,nan,0,nan,0,nan,0,nan,0,nan,0,nan,0,nan,0
1597988287739257088,1597988288242000128,2020-08-21 13:38:08.242000,5043.0,5057.0,5009.0,5051.0,nan,5032.0,410667,20664763440.0,515468,5044.0,173,5043.0,420,nan,0,nan,0,nan,0,nan,0,nan,0,nan,0,nan,0,nan,0
1597988288233006080,1597988288730000128,2020-08-21 13:38:08.730000,5043.0,5057.0,5009.0,5051.0,nan,5032.0,410668,20664813760.0,515468,5044.0,174,5043.0,426,nan,0,nan,0,nan,0,nan,0,nan,0,nan,0,nan,0,nan,0
1597988288742551040,1597988289240999936,2020-08-21 13:38:09.241000,5044.0,5057.0,5009.0,5051.0,nan,5032.0,410671,20664964720.0,515471,5044.0,171,5043.0,440,nan,0,nan,0,nan,0,nan,0,nan,0,nan,0,nan,0,nan,0
1597988289236023040,1597988289729000192,2020-08-21 13:38:09.729000,5044.0,5057.0,5009.0,5051.0,nan,5032.0,410676,20665216320.0,515475,5044.0,166,5043.0,443,nan,0,nan,0,nan,0,nan,0,nan,0,nan,0,nan,0,nan,0
1597988290729575936,1597988291242000128,2020-08-21 13:38:11.242000,5044.0,5057.0,5009.0,5051.0,nan,5032.0,410676,20665216320.0,515475,5044.0,166,5043.0,446,nan,0,nan,0,nan,0,nan,0,nan,0,nan,0,nan,0,nan,0
1597988291229076992,1597988291740999936,2020-08-21 13:38:11.741000,5044.0,5057.0,5009.0,5051.0,nan,5032.0,410676,20665216320.0,515475,5044.0,176,5043.0,446,nan,0,nan,0,nan,0,nan,0,nan,0,nan,0,nan,0,nan,0
1597988291735873024,1597988292223000064,2020-08-21 13:38:12.223000,5044.0,5057.0,5009.0,5051.0,nan,5032.0,410676,20665216320.0,515475,5044.0,176,5043.0,445,nan,0,nan,0,nan,0,nan,0,nan,0,nan,0,nan,0,nan,0
1597988292242171904,1597988292713999872,2020-08-21 13:38:12.714000,5044.0,5057.0,5009.0,5051.0,nan,5032.0,410676,20665216320.0,515475,5044.0,176,5043.0,451,nan,0,nan,0,nan,0,nan,0,nan,0,nan,0,nan,0,nan,0
1597988292730262016,1597988293236999936,2020-08-21 13:38:13.237000,5044.0,5057.0,5009.0,5051.0,nan,5032.0,410676,20665216320.0,515475,5044.0,176,5043.0,450,nan,0,nan,0,nan,0,nan,0,nan,0,nan,0,nan,0,nan,0
1597988293234789888,1597988293727000064,2020-08-21 13:38:13.727000,5044.0,5057.0,5009.0,5051.0,nan,5032.0,410696,20666222720.0,515473,5044.0,156,5043.0,450,nan,0,nan,0,nan,0,nan,0,nan,0,nan,0,nan,0,nan,0
1597988293734244096,1597988294223000064,2020-08-21 13:38:14.223000,5043.0,5057.0,5009.0,5051.0,nan,5032.0,410698,20666323360.0,515473,5044.0,156,5043.0,448,nan,0,nan,0,nan,0,nan,0,nan,0,nan,0,nan,0,nan,0
1597988294232140032,1597988294740000000,2020-08-21 13:38:14.740000,5044.0,5057.0,5009.0,5051.0,nan,5032.0,410800,20671456000.0,515454,5044.0,54,5043.0,448,nan,0,nan,0,nan,0,nan,0,nan,0,nan,0,nan,0,nan,0
1597988294735683072,1597988295240000000,2020-08-21 13:38:15.240000,5044.0,5057.0,5009.0,5051.0,nan,5032.0,410854,20674173280.0,515488,5045.0,127,5044.0,28,nan,0,nan,0,nan,0,nan,0,nan,0,nan,0,nan,0,nan,0
1597988295240453120,1597988295724999936,2020-08-21 13:38:15.725000,5044.0,5057.0,5009.0,5051.0,nan,5032.0,410854,20674173280.0,515488,5045.0,127,5044.0,109,nan,0,nan,0,nan,0,nan,0,nan,0,nan,0,nan,0,nan,0
1597988295740374016,1597988296236999936,2020-08-21 13:38:16.237000,5044.0,5057.0,5009.0,5051.0,nan,5032.0,410855,20674223600.0,515489,5045.0,129,5044.0,114,nan,0,nan,0,nan,0,nan,0,nan,0,nan,0,nan,0,nan,0
1597988296235162112,1597988296737999872,2020-08-21 13:38:16.738000,5045.0,5057.0,5009.0,5051.0,nan,5032.0,410859,20674424880.0,515490,5045.0,128,5044.0,111,nan,0,nan,0,nan,0,nan,0,nan,0,nan,0,nan,0,nan,0
1597988296747258112,1597988297220000000,2020-08-21 13:38:17.220000,5045.0,5057.0,5009.0,5051.0,nan,5032.0,410861,20674525520.0,515488,5045.0,129,5044.0,113,nan,0,nan,0,nan,0,nan,0,nan,0,nan,0,nan,0,nan,0
1597988297245042944,1597988297716000000,2020-08-21 13:38:17.716000,5045.0,5057.0,5009.0,5051.0,nan,5032.0,410861,20674525520.0,515488,5045.0,129,5044.0,119,nan,0,nan,0,nan,0,nan,0,nan,0,nan,0,nan,0,nan,0
1597988297737641984,1597988298234999808,2020-08-21 13:38:18.235000,5045.0,5057.0,5009.0,5051.0,nan,5032.0,410863,20674626160.0,515488,5045.0,142,5044.0,121,nan,0,nan,0,nan,0,nan,0,nan,0,nan,0,nan,0,nan,0
1597988298239155968,1597988298739000064,2020-08-21 13:38:18.739000,5045.0,5057.0,5009.0,5051.0,nan,5032.0,410863,20674626160.0,515488,5045.0,147,5044.0,134,nan,0,nan,0,nan,0,nan,0,nan,0,nan,0,nan,0,nan,0
1597988298729416960,1597988299232999936,2020-08-21 13:38:19.233000,5045.0,5057.0,5009.0,5051.0,nan,5032.0,410865,20674726800.0,515487,5045.0,146,5044.0,138,nan,0,nan,0,nan,0,nan,0,nan,0,nan,0,nan,0,nan,0
1597988299243197952,1597988299731000064,2020-08-21 13:38:19.731000,5045.0,5057.0,5009.0,5051.0,nan,5032.0,410866,20674777120.0,515487,5045.0,145,5044.0,145,nan,0,nan,0,nan,0,nan,0,nan,0,nan,0,nan,0,nan,0
1597988299735161088,1597988300231000064,2020-08-21 13:38:20.231000,5045.0,5057.0,5009.0,5051.0,nan,5032.0,410867,20674827440.0,515486,5045.0,144,5044.0,163,nan,0,nan,0,nan,0,nan,0,nan,0,nan,0,nan,0,nan,0
1597988300238448896,1597988300739000064,2020-08-21 13:38:20.739000,5045.0,5057.0,5009.0,5051.0,nan,5032.0,410872,20675079040.0,515485,5045.0,139,5044.0,163,nan,0,nan,0,nan,0,nan,0,nan,0,nan,0,nan,0,nan,0
1597988300769167872,1597988301226000128,2020-08-21 13:38:21.226000,5045.0,5057.0,5009.0,5051.0,nan,5032.0,410875,20675230000.0,515485,5045.0,136,5044.0,165,nan,0,nan,0,nan,0,nan,0,nan,0,nan,0,nan,0,nan,0
1597988301544058880,1597988301740999936,2020-08-21 13:38:21.741000,5045.0,5057.0,5009.0,5051.0,nan,5032.0,410889,20675934480.0,515497,5045.0,138,5044.0,157,nan,0,nan,0,nan,0,nan,0,nan,0,nan,0,nan,0,nan,0
1597988301970615040,1597988302231000064,2020-08-21 13:38:22.231000,5044.0,5057.0,5009.0,5051.0,nan,5032.0,410890,20675984800.0,515497,5045.0,139,5044.0,157,nan,0,nan,0,nan,0,nan,0,nan,0,nan,0,nan,0,nan,0
1597988302241725952,1597988302743000064,2020-08-21 13:38:22.743000,5044.0,5057.0,5009.0,5051.0,nan,5032.0,410890,20675984800.0,515497,5045.0,139,5044.0,159,nan,0,nan,0,nan,0,nan,0,nan,0,nan,0,nan,0,nan,0
1597988302731340032,1597988303228000000,2020-08-21 13:38:23.228000,5045.0,5057.0,5009.0,5051.0,nan,5032.0,410892,20676085440.0,515497,5045.0,138,5044.0,158,nan,0,nan,0,nan,0,nan,0,nan,0,nan,0,nan,0,nan,0
1597988303230806016,1597988303732000000,2020-08-21 13:38:23.732000,5045.0,5057.0,5009.0,5051.0,nan,5032.0,410897,20676337040.0,515492,5045.0,140,5044.0,158,nan,0,nan,0,nan,0,nan,0,nan,0,nan,0,nan,0,nan,0
1597988303855165952,1597988304239000064,2020-08-21 13:38:24.239000,5045.0,5057.0,5009.0,5051.0,nan,5032.0,410901,20676538320.0,515488,5045.0,142,5044.0,158,nan,0,nan,0,nan,0,nan,0,nan,0,nan,0,nan,0,nan,0
1597988304259447040,1597988304743000064,2020-08-21 13:38:24.743000,5045.0,5057.0,5009.0,5051.0,nan,5032.0,410907,20676840240.0,515487,5045.0,137,5044.0,158,nan,0,nan,0,nan,0,nan,0,nan,0,nan,0,nan,0,nan,0
1597988304739931904,1597988305243000064,2020-08-21 13:38:25.243000,5045.0,5057.0,5009.0,5051.0,nan,5032.0,410912,20677091840.0,515483,5045.0,133,5044.0,161,nan,0,nan,0,nan,0,nan,0,nan,0,nan,0,nan,0,nan,0
1597988305232472064,1597988305742000128,2020-08-21 13:38:25.742000,5045.0,5057.0,5009.0,5051.0,nan,5032.0,410915,20677242800.0,515482,5045.0,130,5044.0,168,nan,0,nan,0,nan,0,nan,0,nan,0,nan,0,nan,0,nan,0
1597988305734958080,1597988306240999936,2020-08-21 13:38:26.241000,5045.0,5057.0,5009.0,5051.0,nan,5032.0,410915,20677242800.0,515482,5045.0,130,5044.0,209,nan,0,nan,0,nan,0,nan,0,nan,0,nan,0,nan,0,nan,0
1597988306234536960,1597988306742000128,2020-08-21 13:38:26.742000,5044.0,5057.0,5009.0,5051.0,nan,5032.0,410916,20677293120.0,515482,5045.0,130,5044.0,209,nan,0,nan,0,nan,0,nan,0,nan,0,nan,0,nan,0,nan,0
1597988306733803008,1597988307209000192,2020-08-21 13:38:27.209000,5044.0,5057.0,5009.0,5051.0,nan,5032.0,410916,20677293120.0,515482,5045.0,130,5044.0,213,nan,0,nan,0,nan,0,nan,0,nan,0,nan,0,nan,0,nan,0
1597988307240567040,1597988307742000128,2020-08-21 13:38:27.742000,5044.0,5057.0,5009.0,5051.0,nan,5032.0,410917,20677343440.0,515482,5045.0,130,5044.0,236,nan,0,nan,0,nan,0,nan,0,nan,0,nan,0,nan,0,nan,0
1597988307737882880,1597988308243000064,2020-08-21 13:38:28.243000,5045.0,5057.0,5009.0,5051.0,nan,5032.0,410926,20677796320.0,515487,5045.0,122,5044.0,240,nan,0,nan,0,nan,0,nan,0,nan,0,nan,0,nan,0,nan,0
1597988308243084032,1597988308734999808,2020-08-21 13:38:28.735000,5045.0,5057.0,5009.0,5051.0,nan,5032.0,410927,20677846640.0,515486,5045.0,126,5044.0,240,nan,0,nan,0,nan,0,nan,0,nan,0,nan,0,nan,0,nan,0
1597988309247625984,1597988309736000000,2020-08-21 13:38:29.736000,5045.0,5057.0,5009.0,5051.0,nan,5032.0,410928,20677896960.0,515486,5045.0,125,5044.0,240,nan,0,nan,0,nan,0,nan,0,nan,0,nan,0,nan,0,nan,0
1597988309979976960,1597988310227000064,2020-08-21 13:38:30.227000,5045.0,5057.0,5009.0,5051.0,nan,5032.0,410928,20677896960.0,515486,5045.0,123,5044.0,256,nan,0,nan,0,nan,0,nan,0,nan,0,nan,0,nan,0,nan,0
1597988310255710976,1597988310736999936,2020-08-21 13:38:30.737000,5045.0,5057.0,5009.0,5051.0,nan,5032.0,410929,20677947280.0,515486,5045.0,119,5044.0,256,nan,0,nan,0,nan,0,nan,0,nan,0,nan,0,nan,0,nan,0
1597988310750508032,1597988311240999936,2020-08-21 13:38:31.241000,5045.0,5057.0,5009.0,5051.0,nan,5032.0,410930,20677997600.0,515485,5045.0,118,5044.0,256,nan,0,nan,0,nan,0,nan,0,nan,0,nan,0,nan,0,nan,0
1597988311238017024,1597988311724000000,2020-08-21 13:38:31.724000,5044.0,5057.0,5009.0,5051.0,nan,5032.0,410931,20678047920.0,515486,5045.0,118,5044.0,255,nan,0,nan,0,nan,0,nan,0,nan,0,nan,0,nan,0,nan,0
1597988311741292032,1597988312230000128,2020-08-21 13:38:32.230000,5044.0,5057.0,5009.0,5051.0,nan,5032.0,410931,20678047920.0,515486,5045.0,122,5044.0,258,nan,0,nan,0,nan,0,nan,0,nan,0,nan,0,nan,0,nan,0
1597988312239004928,1597988312696000000,2020-08-21 13:38:32.696000,5045.0,5057.0,5009.0,5051.0,nan,5032.0,410934,20678198880.0,515487,5045.0,119,5044.0,258,nan,0,nan,0,nan,0,nan,0,nan,0,nan,0,nan,0,nan,0
1597988312759619072,1597988313239000064,2020-08-21 13:38:33.239000,5045.0,5057.0,5009.0,5051.0,nan,5032.0,410935,20678249200.0,515486,5045.0,118,5044.0,258,nan,0,nan,0,nan,0,nan,0,nan,0,nan,0,nan,0,nan,0
1597988313232215040,1597988313744000000,2020-08-21 13:38:33.744000,5045.0,5057.0,5009.0,5051.0,nan,5032.0,410939,20678450480.0,515487,5045.0,114,5044.0,261,nan,0,nan,0,nan,0,nan,0,nan,0,nan,0,nan,0,nan,0
1597988313739640064,1597988314244000000,2020-08-21 13:38:34.244000,5045.0,5057.0,5009.0,5051.0,nan,5032.0,411055,20684287600.0,515542,5045.0,6,5044.0,265,nan,0,nan,0,nan,0,nan,0,nan,0,nan,0,nan,0,nan,0
1597988314242539008,1597988314734999808,2020-08-21 13:38:34.735000,5045.0,5057.0,5009.0,5051.0,nan,5032.0,411066,20684841120.0,515544,5046.0,97,5044.0,264,nan,0,nan,0,nan,0,nan,0,nan,0,nan,0,nan,0,nan,0
1597988314741216000,1597988315232999936,2020-08-21 13:38:35.233000,5045.0,5057.0,5009.0,5051.0,nan,5032.0,411066,20684841120.0,515544,5046.0,97,5045.0,5,nan,0,nan,0,nan,0,nan,0,nan,0,nan,0,nan,0,nan,0
1597988315246817024,1597988315729000192,2020-08-21 13:38:35.729000,5045.0,5057.0,5009.0,5051.0,nan,5032.0,411066,20684841120.0,515544,5046.0,99,5045.0,22,nan,0,nan,0,nan,0,nan,0,nan,0,nan,0,nan,0,nan,0
1597988315763367936,1597988316223000064,2020-08-21 13:38:36.223000,5045.0,5057.0,5009.0,5051.0,nan,5032.0,411074,20685243680.0,515546,5046.0,101,5045.0,20,nan,0,nan,0,nan,0,nan,0,nan,0,nan,0,nan,0,nan,0
1597988316242650880,1597988316742000128,2020-08-21 13:38:36.742000,5045.0,5057.0,5009.0,5051.0,nan,5032.0,411100,20686552000.0,515522,5045.0,36,5044.0,235,nan,0,nan,0,nan,0,nan,0,nan,0,nan,0,nan,0,nan,0
1597988316747798016,1597988317240999936,2020-08-21 13:38:37.241000,5044.0,5057.0,5009.0,5051.0,nan,5032.0,411339,20698578480.0,515462,5045.0,111,5044.0,15,nan,0,nan,0,nan,0,nan,0,nan,0,nan,0,nan,0,nan,0
1597988317253547008,1597988317716000000,2020-08-21 13:38:37.716000,5044.0,5057.0,5009.0,5051.0,nan,5032.0,411374,20700339680.0,515471,5044.0,80,5043.0,308,nan,0,nan,0,nan,0,nan,0,nan,0,nan,0,nan,0,nan,0
1597988317746960896,1597988318232000000,2020-08-21 13:38:38.232000,5044.0,5057.0,5009.0,5051.0,nan,5032.0,411375,20700390000.0,515471,5044.0,81,5043.0,308,nan,0,nan,0,nan,0,nan,0,nan,0,nan,0,nan,0,nan,0
1597988318245262080,1597988318716000000,2020-08-21 13:38:38.716000,5044.0,5057.0,5009.0,5051.0,nan,5032.0,411377,20700490640.0,515471,5044.0,80,5043.0,308,nan,0,nan,0,nan,0,nan,0,nan,0,nan,0,nan,0,nan,0
1597988318754831104,1597988319234999808,2020-08-21 13:38:39.235000,5044.0,5057.0,5009.0,5051.0,nan,5032.0,411377,20700490640.0,515471,5044.0,77,5043.0,310,nan,0,nan,0,nan,0,nan,0,nan,0,nan,0,nan,0,nan,0
1597988319247781120,1597988319726000128,2020-08-21 13:38:39.726000,5044.0,5057.0,5009.0,5051.0,nan,5032.0,411397,20701497040.0,515472,5044.0,57,5043.0,326,nan,0,nan,0,nan,0,nan,0,nan,0,nan,0,nan,0,nan,0
1597988319751345920,1597988320240999936,2020-08-21 13:38:40.241000,5044.0,5057.0,5009.0,5051.0,nan,5032.0,411439,20703610480.0,515501,5045.0,107,5044.0,13,nan,0,nan,0,nan,0,nan,0,nan,0,nan,0,nan,0,nan,0
1597988320246040064,1597988320740999936,2020-08-21 13:38:40.741000,5044.0,5057.0,5009.0,5051.0,nan,5032.0,411439,20703610480.0,515501,5045.0,121,5044.0,54,nan,0,nan,0,nan,0,nan,0,nan,0,nan,0,nan,0,nan,0
1597988320742860032,1597988321233999872,2020-08-21 13:38:41.234000,5044.0,5057.0,5009.0,5051.0,nan,5032.0,411439,20703610480.0,515501,5045.0,121,5044.0,56,nan,0,nan,0,nan,0,nan,0,nan,0,nan,0,nan,0,nan,0
1597988321238633984,1597988321743000064,2020-08-21 13:38:41.743000,5044.0,5057.0,5009.0,5051.0,nan,5032.0,411441,20703711120.0,515503,5045.0,120,5044.0,56,nan,0,nan,0,nan,0,nan,0,nan,0,nan,0,nan,0,nan,0
1597988321764172032,1597988322233999872,2020-08-21 13:38:42.234000,5044.0,5057.0,5009.0,5051.0,nan,5032.0,411441,20703711120.0,515503,5045.0,120,5044.0,57,nan,0,nan,0,nan,0,nan,0,nan,0,nan,0,nan,0,nan,0
1597988322248898048,1597988322726000128,2020-08-21 13:38:42.726000,5044.0,5057.0,5009.0,5051.0,nan,5032.0,411443,20703811760.0,515505,5045.0,122,5044.0,55,nan,0,nan,0,nan,0,nan,0,nan,0,nan,0,nan,0,nan,0
1597988322747622912,1597988323213999872,2020-08-21 13:38:43.214000,5044.0,5057.0,5009.0,5051.0,nan,5032.0,411443,20703811760.0,515505,5045.0,122,5044.0,55,nan,0,nan,0,nan,0,nan,0,nan,0,nan,0,nan,0,nan,0
1597988323239495936,1597988323732999936,2020-08-21 13:38:43.733000,5044.0,5057.0,5009.0,5051.0,nan,5032.0,411500,20706680000.0,515464,5045.0,132,5044.0,1,nan,0,nan,0,nan,0,nan,0,nan,0,nan,0,nan,0,nan,0
1597988323739900928,1597988324236999936,2020-08-21 13:38:44.237000,5044.0,5057.0,5009.0,5051.0,nan,5032.0,411501,20706730320.0,515464,5044.0,55,5043.0,317,nan,0,nan,0,nan,0,nan,0,nan,0,nan,0,nan,0,nan,0
1597988324253850112,1597988324729000192,2020-08-21 13:38:44.729000,5044.0,5057.0,5009.0,5051.0,nan,5032.0,411533,20708340560.0,515471,5044.0,37,5043.0,317,nan,0,nan,0,nan,0,nan,0,nan,0,nan,0,nan,0,nan,0
1597988324792357888,1597988325237999872,2020-08-21 13:38:45.238000,5044.0,5057.0,5009.0,5051.0,nan,5032.0,411533,20708340560.0,515471,5044.0,33,5043.0,320,nan,0,nan,0,nan,0,nan,0,nan,0,nan,0,nan,0,nan,0
1597988325293084928,1597988325742000128,2020-08-21 13:38:45.742000,5044.0,5057.0,5009.0,5051.0,nan,5032.0,411535,20708441200.0,515473,5044.0,32,5043.0,336,nan,0,nan,0,nan,0,nan,0,nan,0,nan,0,nan,0,nan,0
1597988325799195904,1597988326224000000,2020-08-21 13:38:46.224000,5044.0,5057.0,5009.0,5051.0,nan,5032.0,411546,20708994720.0,515467,5044.0,10,5043.0,336,nan,0,nan,0,nan,0,nan,0,nan,0,nan,0,nan,0,nan,0
1597988326297592064,1597988326737999872,2020-08-21 13:38:46.738000,5044.0,5057.0,5009.0,5051.0,nan,5032.0,411553,20709346960.0,515465,5044.0,3,5043.0,336,nan,0,nan,0,nan,0,nan,0,nan,0,nan,0,nan,0,nan,0
1597988326851633920,1597988327224999936,2020-08-21 13:38:47.225000,5044.0,5057.0,5009.0,5051.0,nan,5032.0,411567,20710051440.0,515465,5045.0,123,5044.0,21,nan,0,nan,0,nan,0,nan,0,nan,0,nan,0,nan,0,nan,0
1597988327300119040,1597988327712000000,2020-08-21 13:38:47.712000,5044.0,5057.0,5009.0,5051.0,nan,5032.0,411568,20710101760.0,515465,5045.0,123,5044.0,22,nan,0,nan,0,nan,0,nan,0,nan,0,nan,0,nan,0,nan,0
1597988327762865920,1597988328180000000,2020-08-21 13:38:48.180000,5044.0,5057.0,5009.0,5051.0,nan,5032.0,411569,20710152080.0,515465,5045.0,127,5044.0,23,nan,0,nan,0,nan,0,nan,0,nan,0,nan,0,nan,0,nan,0
1597988328324791040,1597988328732000000,2020-08-21 13:38:48.732000,5044.0,5057.0,5009.0,5051.0,nan,5032.0,411570,20710202400.0,515465,5045.0,129,5044.0,23,nan,0,nan,0,nan,0,nan,0,nan,0,nan,0,nan,0,nan,0
1597988328824561920,1597988329211000064,2020-08-21 13:38:49.211000,5044.0,5057.0,5009.0,5051.0,nan,5032.0,411570,20710202400.0,515465,5045.0,130,5044.0,23,nan,0,nan,0,nan,0,nan,0,nan,0,nan,0,nan,0,nan,0
1597988329299673088,1597988329716999936,2020-08-21 13:38:49.717000,5044.0,5057.0,5009.0,5051.0,nan,5032.0,411584,20710906880.0,515457,5045.0,142,5044.0,9,nan,0,nan,0,nan,0,nan,0,nan,0,nan,0,nan,0,nan,0
1597988329752819968,1597988330108999936,2020-08-21 13:38:50.109000,5044.0,5057.0,5009.0,5051.0,nan,5032.0,411590,20711208800.0,515454,5044.0,15,5043.0,424,nan,0,nan,0,nan,0,nan,0,nan,0,nan,0,nan,0,nan,0
1597988330282676992,1597988330712000000,2020-08-21 13:38:50.712000,5044.0,5057.0,5009.0,5051.0,nan,5032.0,411594,20711410080.0,515450,5044.0,107,5043.0,428,nan,0,nan,0,nan,0,nan,0,nan,0,nan,0,nan,0,nan,0
1597988330806129920,1597988331240000000,2020-08-21 13:38:51.240000,5044.0,5057.0,5009.0,5051.0,nan,5032.0,411595,20711460400.0,515449,5044.0,106,5043.0,431,nan,0,nan,0,nan,0,nan,0,nan,0,nan,0,nan,0,nan,0
1597988331258454016,1597988331743000064,2020-08-21 13:38:51.743000,5044.0,5057.0,5009.0,5051.0,nan,5032.0,411597,20711561040.0,515447,5044.0,112,5043.0,433,nan,0,nan,0,nan,0,nan,0,nan,0,nan,0,nan,0,nan,0
1597988331754072064,1597988332230000128,2020-08-21 13:38:52.230000,5044.0,5057.0,5009.0,5051.0,nan,5032.0,411599,20711661680.0,515445,5044.0,110,5043.0,450,nan,0,nan,0,nan,0,nan,0,nan,0,nan,0,nan,0,nan,0
1597988332287247872,1597988332740999936,2020-08-21 13:38:52.741000,5044.0,5057.0,5009.0,5051.0,nan,5032.0,411604,20711913280.0,515445,5044.0,105,5043.0,450,nan,0,nan,0,nan,0,nan,0,nan,0,nan,0,nan,0,nan,0
1597988332748295936,1597988333239000064,2020-08-21 13:38:53.239000,5044.0,5057.0,5009.0,5051.0,nan,5032.0,411624,20712919680.0,515464,5044.0,78,5043.0,451,nan,0,nan,0,nan,0,nan,0,nan,0,nan,0,nan,0,nan,0
1597988333268295936,1597988333742000128,2020-08-21 13:38:53.742000,5044.0,5057.0,5009.0,5051.0,nan,5032.0,411624,20712919680.0,515464,5044.0,89,5043.0,451,nan,0,nan,0,nan,0,nan,0,nan,0,nan,0,nan,0,nan,0
1597988333821445120,1597988334240999936,2020-08-21 13:38:54.241000,5044.0,5057.0,5009.0,5051.0,nan,5032.0,411624,20712919680.0,515464,5044.0,109,5043.0,451,nan,0,nan,0,nan,0,nan,0,nan,0,nan,0,nan,0,nan,0
1597988334270136064,1597988334691000064,2020-08-21 13:38:54.691000,5044.0,5057.0,5009.0,5051.0,nan,5032.0,411624,20712919680.0,515464,5044.0,42,5043.0,451,nan,0,nan,0,nan,0,nan,0,nan,0,nan,0,nan,0,nan,0
1597988334812133120,1597988335183000064,2020-08-21 13:38:55.183000,5044.0,5057.0,5009.0,5051.0,nan,5032.0,411624,20712919680.0,515464,5044.0,36,5043.0,452,nan,0,nan,0,nan,0,nan,0,nan,0,nan,0,nan,0,nan,0
1597988335256006912,1597988335736999936,2020-08-21 13:38:55.737000,5044.0,5057.0,5009.0,5051.0,nan,5032.0,411624,20712919680.0,515464,5044.0,36,5043.0,453,nan,0,nan,0,nan,0,nan,0,nan,0,nan,0,nan,0,nan,0
1597988335755910912,1597988336194000128,2020-08-21 13:38:56.194000,5044.0,5057.0,5009.0,5051.0,nan,5032.0,411624,20712919680.0,515464,5044.0,37,5043.0,452,nan,0,nan,0,nan,0,nan,0,nan,0,nan,0,nan,0,nan,0
1597988336264592896,1597988336742000128,2020-08-21 13:38:56.742000,5044.0,5057.0,5009.0,5051.0,nan,5032.0,411625,20712970000.0,515464,5044.0,86,5043.0,452,nan,0,nan,0,nan,0,nan,0,nan,0,nan,0,nan,0,nan,0
1597988336769637120,1597988337237999872,2020-08-21 13:38:57.238000,5044.0,5057.0,5009.0,5051.0,nan,5032.0,411628,20713120960.0,515464,5044.0,85,5043.0,452,nan,0,nan,0,nan,0,nan,0,nan,0,nan,0,nan,0,nan,0
1597988337299184128,1597988337703000064,2020-08-21 13:38:57.703000,5044.0,5057.0,5009.0,5051.0,nan,5032.0,411632,20713322240.0,515464,5044.0,81,5043.0,453,nan,0,nan,0,nan,0,nan,0,nan,0,nan,0,nan,0,nan,0
1597988337950158080,1597988338239000064,2020-08-21 13:38:58.239000,5044.0,5057.0,5009.0,5051.0,nan,5032.0,411633,20713372560.0,515464,5044.0,80,5043.0,453,nan,0,nan,0,nan,0,nan,0,nan,0,nan,0,nan,0,nan,0
1597988338768771072,1597988339243000064,2020-08-21 13:38:59.243000,5044.0,5057.0,5009.0,5051.0,nan,5032.0,411635,20713473200.0,515465,5044.0,69,5043.0,453,nan,0,nan,0,nan,0,nan,0,nan,0,nan,0,nan,0,nan,0
1597988339763854080,1597988340240999936,2020-08-21 13:39:00.241000,5044.0,5057.0,5009.0,5051.0,nan,5032.0,411636,20713523520.0,515466,5044.0,72,5043.0,462,nan,0,nan,0,nan,0,nan,0,nan,0,nan,0,nan,0,nan,0
1597988340258712064,1597988340736999936,2020-08-21 13:39:00.737000,5044.0,5057.0,5009.0,5051.0,nan,5032.0,411636,20713523520.0,515466,5044.0,71,5043.0,463,nan,0,nan,0,nan,0,nan,0,nan,0,nan,0,nan,0,nan,0
1597988341269306112,1597988341742000128,2020-08-21 13:39:01.742000,5044.0,5057.0,5009.0,5051.0,nan,5032.0,411703,20716894960.0,515490,5044.0,6,5043.0,463,nan,0,nan,0,nan,0,nan,0,nan,0,nan,0,nan,0,nan,0
1597988341787544064,1597988342244000000,2020-08-21 13:39:02.244000,5044.0,5057.0,5009.0,5051.0,nan,5032.0,411709,20717196880.0,515494,5045.0,145,5044.0,46,nan,0,nan,0,nan,0,nan,0,nan,0,nan,0,nan,0,nan,0
1597988342252742912,1597988342734999808,2020-08-21 13:39:02.735000,5045.0,5057.0,5009.0,5051.0,nan,5032.0,411711,20717297520.0,515496,5045.0,144,5044.0,54,nan,0,nan,0,nan,0,nan,0,nan,0,nan,0,nan,0,nan,0
1597988342765828096,1597988343236999936,2020-08-21 13:39:03.237000,5045.0,5057.0,5009.0,5051.0,nan,5032.0,411711,20717297520.0,515496,5045.0,145,5044.0,54,nan,0,nan,0,nan,0,nan,0,nan,0,nan,0,nan,0,nan,0
1597988343249723904,1597988343740000000,2020-08-21 13:39:03.740000,5045.0,5057.0,5009.0,5051.0,nan,5032.0,411711,20717297520.0,515496,5045.0,145,5044.0,59,nan,0,nan,0,nan,0,nan,0,nan,0,nan,0,nan,0,nan,0
1597988344254535936,1597988344743000064,2020-08-21 13:39:04.743000,5044.0,5057.0,5009.0,5051.0,nan,5032.0,411740,20718756800.0,515495,5045.0,145,5044.0,30,nan,0,nan,0,nan,0,nan,0,nan,0,nan,0,nan,0,nan,0
1597988344763354112,1597988345236999936,2020-08-21 13:39:05.237000,5044.0,5057.0,5009.0,5051.0,nan,5032.0,411744,20718958080.0,515495,5045.0,145,5044.0,31,nan,0,nan,0,nan,0,nan,0,nan,0,nan,0,nan,0,nan,0
1597988345358169088,1597988345742000128,2020-08-21 13:39:05.742000,5044.0,5057.0,5009.0,5051.0,nan,5032.0,411745,20719008400.0,515494,5045.0,145,5044.0,39,nan,0,nan,0,nan,0,nan,0,nan,0,nan,0,nan,0,nan,0
1597988345787458048,1597988346233999872,2020-08-21 13:39:06.234000,5044.0,5057.0,5009.0,5051.0,nan,5032.0,411746,20719058720.0,515493,5045.0,145,5044.0,54,nan,0,nan,0,nan,0,nan,0,nan,0,nan,0,nan,0,nan,0
1597988346432226048,1597988346743000064,2020-08-21 13:39:06.743000,5044.0,5057.0,5009.0,5051.0,nan,5032.0,411759,20719712880.0,515480,5045.0,145,5044.0,63,nan,0,nan,0,nan,0,nan,0,nan,0,nan,0,nan,0,nan,0
1597988346865931008,1597988347239000064,2020-08-21 13:39:07.239000,5044.0,5057.0,5009.0,5051.0,nan,5032.0,411759,20719712880.0,515480,5045.0,145,5044.0,85,nan,0,nan,0,nan,0,nan,0,nan,0,nan,0,nan,0,nan,0
1597988347476660992,1597988347711000064,2020-08-21 13:39:07.711000,5044.0,5057.0,5009.0,5051.0,nan,5032.0,411759,20719712880.0,515480,5045.0,145,5044.0,91,nan,0,nan,0,nan,0,nan,0,nan,0,nan,0,nan,0,nan,0
1597988347762697984,1597988348233999872,2020-08-21 13:39:08.234000,5044.0,5057.0,5009.0,5051.0,nan,5032.0,411765,20720014800.0,515477,5045.0,145,5044.0,90,nan,0,nan,0,nan,0,nan,0,nan,0,nan,0,nan,0,nan,0
1597988348247344896,1597988348707000064,2020-08-21 13:39:08.707000,5044.0,5057.0,5009.0,5051.0,nan,5032.0,411766,20720065120.0,515477,5045.0,145,5044.0,89,nan,0,nan,0,nan,0,nan,0,nan,0,nan,0,nan,0,nan,0
1597988348756687104,1597988349219000064,2020-08-21 13:39:09.219000,5044.0,5057.0,5009.0,5051.0,nan,5032.0,411767,20720115440.0,515477,5045.0,145,5044.0,88,nan,0,nan,0,nan,0,nan,0,nan,0,nan,0,nan,0,nan,0
1597988349275132928,1597988349740000000,2020-08-21 13:39:09.740000,5044.0,5057.0,5009.0,5051.0,nan,5032.0,411767,20720115440.0,515477,5045.0,145,5044.0,89,nan,0,nan,0,nan,0,nan,0,nan,0,nan,0,nan,0,nan,0
1597988349756476928,1597988350240999936,2020-08-21 13:39:10.241000,5044.0,5057.0,5009.0,5051.0,nan,5032.0,411767,20720115440.0,515477,5045.0,145,5044.0,67,nan,0,nan,0,nan,0,nan,0,nan,0,nan,0,nan,0,nan,0
1597988350279897088,1597988350743000064,2020-08-21 13:39:10.743000,5045.0,5057.0,5009.0,5051.0,nan,5032.0,411769,20720216080.0,515477,5045.0,145,5044.0,66,nan,0,nan,0,nan,0,nan,0,nan,0,nan,0,nan,0,nan,0
1597988350890029056,1597988351211000064,2020-08-21 13:39:11.211000,5044.0,5057.0,5009.0,5051.0,nan,5032.0,411810,20722279200.0,515484,5045.0,145,5044.0,25,nan,0,nan,0,nan,0,nan,0,nan,0,nan,0,nan,0,nan,0
1597988351269554944,1597988351736999936,2020-08-21 13:39:11.737000,5045.0,5057.0,5009.0,5051.0,nan,5032.0,411812,20722379840.0,515484,5045.0,143,5044.0,44,nan,0,nan,0,nan,0,nan,0,nan,0,nan,0,nan,0,nan,0
1597988351786779904,1597988352243000064,2020-08-21 13:39:12.243000,5045.0,5057.0,5009.0,5051.0,nan,5032.0,411812,20722379840.0,515484,5045.0,149,5044.0,46,nan,0,nan,0,nan,0,nan,0,nan,0,nan,0,nan,0,nan,0
1597988352435556096,1597988352734999808,2020-08-21 13:39:12.735000,5044.0,5057.0,5009.0,5051.0,nan,5032.0,411813,20722430160.0,515483,5045.0,151,5044.0,46,nan,0,nan,0,nan,0,nan,0,nan,0,nan,0,nan,0,nan,0
1597988352866489088,1597988353220999936,2020-08-21 13:39:13.221000,5044.0,5057.0,5009.0,5051.0,nan,5032.0,411823,20722933360.0,515473,5045.0,151,5044.0,44,nan,0,nan,0,nan,0,nan,0,nan,0,nan,0,nan,0,nan,0
1597988353275544064,1597988353730000128,2020-08-21 13:39:13.730000,5044.0,5057.0,5009.0,5051.0,nan,5032.0,411823,20722933360.0,515473,5045.0,151,5044.0,46,nan,0,nan,0,nan,0,nan,0,nan,0,nan,0,nan,0,nan,0
1597988353773542912,1597988354242000128,2020-08-21 13:39:14.242000,5044.0,5057.0,5009.0,5051.0,nan,5032.0,411823,20722933360.0,515473,5045.0,151,5044.0,47,nan,0,nan,0,nan,0,nan,0,nan,0,nan,0,nan,0,nan,0
1597988354259331072,1597988354724999936,2020-08-21 13:39:14.725000,5044.0,5057.0,5009.0,5051.0,nan,5032.0,411823,20722933360.0,515473,5045.0,151,5044.0,48,nan,0,nan,0,nan,0,nan,0,nan,0,nan,0,nan,0,nan,0
1597988354753690880,1597988355237999872,2020-08-21 13:39:15.238000,5044.0,5057.0,5009.0,5051.0,nan,5032.0,411828,20723184960.0,515468,5045.0,151,5044.0,43,nan,0,nan,0,nan,0,nan,0,nan,0,nan,0,nan,0,nan,0
1597988355257340928,1597988355742000128,2020-08-21 13:39:15.742000,5044.0,5057.0,5009.0,5051.0,nan,5032.0,411829,20723235280.0,515468,5045.0,151,5044.0,42,nan,0,nan,0,nan,0,nan,0,nan,0,nan,0,nan,0,nan,0
1597988356755642112,1597988357214999808,2020-08-21 13:39:17.215000,5044.0,5057.0,5009.0,5051.0,nan,5032.0,411829,20723235280.0,515468,5045.0,151,5044.0,47,nan,0,nan,0,nan,0,nan,0,nan,0,nan,0,nan,0,nan,0
1597988358754382080,1597988359244000000,2020-08-21 13:39:19.244000,5044.0,5057.0,5009.0,5051.0,nan,5032.0,411829,20723235280.0,515468,5045.0,153,5044.0,47,nan,0,nan,0,nan,0,nan,0,nan,0,nan,0,nan,0,nan,0
1597988359267250944,1597988359740000000,2020-08-21 13:39:19.740000,5044.0,5057.0,5009.0,5051.0,nan,5032.0,411829,20723235280.0,515468,5045.0,154,5044.0,47,nan,0,nan,0,nan,0,nan,0,nan,0,nan,0,nan,0,nan,0
1597988359755636992,1597988360240000000,2020-08-21 13:39:20.240000,5044.0,5057.0,5009.0,5051.0,nan,5032.0,411829,20723235280.0,515468,5045.0,154,5044.0,56,nan,0,nan,0,nan,0,nan,0,nan,0,nan,0,nan,0,nan,0
1597988360259181056,1597988360740999936,2020-08-21 13:39:20.741000,5044.0,5057.0,5009.0,5051.0,nan,5032.0,411830,20723285600.0,515468,5045.0,155,5044.0,55,nan,0,nan,0,nan,0,nan,0,nan,0,nan,0,nan,0,nan,0
1597988360758078976,1597988361153000192,2020-08-21 13:39:21.153000,5044.0,5057.0,5009.0,5051.0,nan,5032.0,411830,20723285600.0,515468,5045.0,155,5044.0,56,nan,0,nan,0,nan,0,nan,0,nan,0,nan,0,nan,0,nan,0
1597988361258028032,1597988361737999872,2020-08-21 13:39:21.738000,5044.0,5057.0,5009.0,5051.0,nan,5032.0,411830,20723285600.0,515468,5045.0,155,5044.0,57,nan,0,nan,0,nan,0,nan,0,nan,0,nan,0,nan,0,nan,0
1597988361761323008,1597988362233999872,2020-08-21 13:39:22.234000,5044.0,5057.0,5009.0,5051.0,nan,5032.0,411831,20723335920.0,515468,5045.0,155,5044.0,56,nan,0,nan,0,nan,0,nan,0,nan,0,nan,0,nan,0,nan,0
1597988363763813120,1597988364230000128,2020-08-21 13:39:24.230000,5045.0,5057.0,5009.0,5051.0,nan,5032.0,411841,20723839120.0,515463,5045.0,145,5044.0,56,nan,0,nan,0,nan,0,nan,0,nan,0,nan,0,nan,0,nan,0
1597988364265368064,1597988364740000000,2020-08-21 13:39:24.740000,5044.0,5057.0,5009.0,5051.0,nan,5032.0,411843,20723939760.0,515461,5045.0,146,5044.0,81,nan,0,nan,0,nan,0,nan,0,nan,0,nan,0,nan,0,nan,0
1597988364765806080,1597988365242000128,2020-08-21 13:39:25.242000,5044.0,5057.0,5009.0,5051.0,nan,5032.0,411845,20724040400.0,515459,5045.0,150,5044.0,85,nan,0,nan,0,nan,0,nan,0,nan,0,nan,0,nan,0,nan,0
1597988365265534976,1597988365728000000,2020-08-21 13:39:25.728000,5044.0,5057.0,5009.0,5051.0,nan,5032.0,411845,20724040400.0,515459,5045.0,151,5044.0,85,nan,0,nan,0,nan,0,nan,0,nan,0,nan,0,nan,0,nan,0
1597988365763226880,1597988366243000064,2020-08-21 13:39:26.243000,5044.0,5057.0,5009.0,5051.0,nan,5032.0,411845,20724040400.0,515459,5045.0,152,5044.0,85,nan,0,nan,0,nan,0,nan,0,nan,0,nan,0,nan,0,nan,0
1597988366266617088,1597988366731000064,2020-08-21 13:39:26.731000,5044.0,5057.0,5009.0,5051.0,nan,5032.0,411846,20724090720.0,515458,5045.0,152,5044.0,84,nan,0,nan,0,nan,0,nan,0,nan,0,nan,0,nan,0,nan,0
1597988366787415040,1597988367232000000,2020-08-21 13:39:27.232000,5045.0,5057.0,5009.0,5051.0,nan,5032.0,411852,20724392640.0,515458,5045.0,146,5044.0,84,nan,0,nan,0,nan,0,nan,0,nan,0,nan,0,nan,0,nan,0
1597988367278424064,1597988367731000064,2020-08-21 13:39:27.731000,5045.0,5057.0,5009.0,5051.0,nan,5032.0,411852,20724392640.0,515458,5045.0,146,5044.0,85,nan,0,nan,0,nan,0,nan,0,nan,0,nan,0,nan,0,nan,0
1597988368763976960,1597988369236999936,2020-08-21 13:39:29.237000,5044.0,5057.0,5009.0,5051.0,nan,5032.0,411854,20724493280.0,515459,5045.0,146,5044.0,83,nan,0,nan,0,nan,0,nan,0,nan,0,nan,0,nan,0,nan,0
1597988369255712000,1597988369731000064,2020-08-21 13:39:29.731000,5044.0,5057.0,5009.0,5051.0,nan,5032.0,411857,20724644240.0,515456,5045.0,146,5044.0,81,nan,0,nan,0,nan,0,nan,0,nan,0,nan,0,nan,0,nan,0
1597988369772398080,1597988370196000000,2020-08-21 13:39:30.196000,5045.0,5057.0,5009.0,5051.0,nan,5032.0,411858,20724694560.0,515456,5045.0,145,5044.0,82,nan,0,nan,0,nan,0,nan,0,nan,0,nan,0,nan,0,nan,0
1597988371278546944,1597988371739000064,2020-08-21 13:39:31.739000,5045.0,5057.0,5009.0,5051.0,nan,5032.0,411858,20724694560.0,515456,5045.0,145,5044.0,61,nan,0,nan,0,nan,0,nan,0,nan,0,nan,0,nan,0,nan,0
1597988371772530944,1597988372240999936,2020-08-21 13:39:32.241000,5045.0,5057.0,5009.0,5051.0,nan,5032.0,411858,20724694560.0,515456,5045.0,147,5044.0,62,nan,0,nan,0,nan,0,nan,0,nan,0,nan,0,nan,0,nan,0
1597988372266853120,1597988372739000064,2020-08-21 13:39:32.739000,5045.0,5057.0,5009.0,5051.0,nan,5032.0,411859,20724744880.0,515456,5045.0,146,5044.0,60,nan,0,nan,0,nan,0,nan,0,nan,0,nan,0,nan,0,nan,0
1597988372814609920,1597988373240999936,2020-08-21 13:39:33.241000,5045.0,5057.0,5009.0,5051.0,nan,5032.0,411859,20724744880.0,515456,5045.0,146,5044.0,61,nan,0,nan,0,nan,0,nan,0,nan,0,nan,0,nan,0,nan,0
1597988373267020032,1597988373724999936,2020-08-21 13:39:33.725000,5045.0,5057.0,5009.0,5051.0,nan,5032.0,411859,20724744880.0,515456,5045.0,146,5044.0,60,nan,0,nan,0,nan,0,nan,0,nan,0,nan,0,nan,0,nan,0
1597988374770831872,1597988375244000000,2020-08-21 13:39:35.244000,5045.0,5057.0,5009.0,5051.0,nan,5032.0,411866,20725097120.0,515454,5045.0,152,5044.0,53,nan,0,nan,0,nan,0,nan,0,nan,0,nan,0,nan,0,nan,0
1597988375268221952,1597988375732000000,2020-08-21 13:39:35.732000,5045.0,5057.0,5009.0,5051.0,nan,5032.0,411866,20725097120.0,515454,5045.0,152,5044.0,59,nan,0,nan,0,nan,0,nan,0,nan,0,nan,0,nan,0,nan,0
1597988375771728896,1597988376240000000,2020-08-21 13:39:36.240000,5045.0,5057.0,5009.0,5051.0,nan,5032.0,411867,20725147440.0,515455,5045.0,151,5044.0,58,nan,0,nan,0,nan,0,nan,0,nan,0,nan,0,nan,0,nan,0
1597988376270023936,1597988376744000000,2020-08-21 13:39:36.744000,5045.0,5057.0,5009.0,5051.0,nan,5032.0,411867,20725147440.0,515455,5045.0,151,5044.0,63,nan,0,nan,0,nan,0,nan,0,nan,0,nan,0,nan,0,nan,0
1597988376765423104,1597988377236999936,2020-08-21 13:39:37.237000,5045.0,5057.0,5009.0,5051.0,nan,5032.0,411867,20725147440.0,515455,5045.0,147,5044.0,65,nan,0,nan,0,nan,0,nan,0,nan,0,nan,0,nan,0,nan,0
1597988377276692992,1597988377743000064,2020-08-21 13:39:37.743000,5045.0,5057.0,5009.0,5051.0,nan,5032.0,411868,20725197760.0,515455,5045.0,148,5044.0,65,nan,0,nan,0,nan,0,nan,0,nan,0,nan,0,nan,0,nan,0
1597988377765582080,1597988378224999936,2020-08-21 13:39:38.225000,5045.0,5057.0,5009.0,5051.0,nan,5032.0,411870,20725298400.0,515455,5045.0,147,5044.0,64,nan,0,nan,0,nan,0,nan,0,nan,0,nan,0,nan,0,nan,0
1597988378373295104,1597988378743000064,2020-08-21 13:39:38.743000,5045.0,5057.0,5009.0,5051.0,nan,5032.0,411870,20725298400.0,515455,5045.0,146,5044.0,64,nan,0,nan,0,nan,0,nan,0,nan,0,nan,0,nan,0,nan,0
1597988378761577984,1597988379204999936,2020-08-21 13:39:39.205000,5045.0,5057.0,5009.0,5051.0,nan,5032.0,411870,20725298400.0,515455,5045.0,146,5044.0,88,nan,0,nan,0,nan,0,nan,0,nan,0,nan,0,nan,0,nan,0
1597988379274880000,1597988379720999936,2020-08-21 13:39:39.721000,5044.0,5057.0,5009.0,5051.0,nan,5032.0,411871,20725348720.0,515454,5045.0,140,5044.0,87,nan,0,nan,0,nan,0,nan,0,nan,0,nan,0,nan,0,nan,0
1597988379764333056,1597988380232999936,2020-08-21 13:39:40.233000,5045.0,5057.0,5009.0,5051.0,nan,5032.0,411872,20725399040.0,515454,5045.0,138,5044.0,87,nan,0,nan,0,nan,0,nan,0,nan,0,nan,0,nan,0,nan,0
1597988380760144896,1597988381234999808,2020-08-21 13:39:41.235000,5044.0,5057.0,5009.0,5051.0,nan,5032.0,411873,20725449360.0,515454,5045.0,138,5044.0,86,nan,0,nan,0,nan,0,nan,0,nan,0,nan,0,nan,0,nan,0
1597988381267365888,1597988381719000064,2020-08-21 13:39:41.719000,5044.0,5057.0,5009.0,5051.0,nan,5032.0,411873,20725449360.0,515454,5045.0,138,5044.0,93,nan,0,nan,0,nan,0,nan,0,nan,0,nan,0,nan,0,nan,0
1597988382265235968,1597988382742000128,2020-08-21 13:39:42.742000,5044.0,5057.0,5009.0,5051.0,nan,5032.0,411873,20725449360.0,515454,5045.0,145,5044.0,93,nan,0,nan,0,nan,0,nan,0,nan,0,nan,0,nan,0,nan,0
1597988383268454912,1597988383716999936,2020-08-21 13:39:43.717000,5044.0,5057.0,5009.0,5051.0,nan,5032.0,411873,20725449360.0,515454,5045.0,146,5044.0,94,nan,0,nan,0,nan,0,nan,0,nan,0,nan,0,nan,0,nan,0
1597988383773303040,1597988384208000000,2020-08-21 13:39:44.208000,5044.0,5057.0,5009.0,5051.0,nan,5032.0,411873,20725449360.0,515454,5045.0,147,5044.0,100,nan,0,nan,0,nan,0,nan,0,nan,0,nan,0,nan,0,nan,0
1597988384270872064,1597988384744000000,2020-08-21 13:39:44.744000,5045.0,5057.0,5009.0,5051.0,nan,5032.0,411876,20725600320.0,515454,5045.0,144,5044.0,100,nan,0,nan,0,nan,0,nan,0,nan,0,nan,0,nan,0,nan,0
1597988384768258048,1597988385243000064,2020-08-21 13:39:45.243000,5045.0,5057.0,5009.0,5051.0,nan,5032.0,411876,20725600320.0,515454,5045.0,144,5044.0,105,nan,0,nan,0,nan,0,nan,0,nan,0,nan,0,nan,0,nan,0
1597988385277848064,1597988385733999872,2020-08-21 13:39:45.734000,5045.0,5057.0,5009.0,5051.0,nan,5032.0,411876,20725600320.0,515454,5045.0,143,5044.0,106,nan,0,nan,0,nan,0,nan,0,nan,0,nan,0,nan,0,nan,0
1597988385770345984,1597988386194000128,2020-08-21 13:39:46.194000,5044.0,5057.0,5009.0,5051.0,nan,5032.0,411892,20726405440.0,515440,5045.0,144,5044.0,68,nan,0,nan,0,nan,0,nan,0,nan,0,nan,0,nan,0,nan,0
1597988386273650944,1597988386704999936,2020-08-21 13:39:46.705000,5044.0,5057.0,5009.0,5051.0,nan,5032.0,411892,20726405440.0,515440,5045.0,145,5044.0,73,nan,0,nan,0,nan,0,nan,0,nan,0,nan,0,nan,0,nan,0
1597988386768145920,1597988387200999936,2020-08-21 13:39:47.201000,5044.0,5057.0,5009.0,5051.0,nan,5032.0,411893,20726455760.0,515441,5045.0,147,5044.0,72,nan,0,nan,0,nan,0,nan,0,nan,0,nan,0,nan,0,nan,0
1597988387270651904,1597988387728000000,2020-08-21 13:39:47.728000,5045.0,5057.0,5009.0,5051.0,nan,5032.0,411894,20726506080.0,515441,5045.0,146,5044.0,74,nan,0,nan,0,nan,0,nan,0,nan,0,nan,0,nan,0,nan,0
1597988387766212096,1597988388223000064,2020-08-21 13:39:48.223000,5044.0,5057.0,5009.0,5051.0,nan,5032.0,411914,20727512480.0,515423,5045.0,146,5044.0,54,nan,0,nan,0,nan,0,nan,0,nan,0,nan,0,nan,0,nan,0
1597988388260993024,1597988388739000064,2020-08-21 13:39:48.739000,5045.0,5057.0,5009.0,5051.0,nan,5032.0,411915,20727562800.0,515423,5045.0,144,5044.0,55,nan,0,nan,0,nan,0,nan,0,nan,0,nan,0,nan,0,nan,0
1597988388772694016,1597988389243000064,2020-08-21 13:39:49.243000,5045.0,5057.0,5009.0,5051.0,nan,5032.0,411915,20727562800.0,515423,5045.0,144,5044.0,85,nan,0,nan,0,nan,0,nan,0,nan,0,nan,0,nan,0,nan,0
1597988389271738112,1597988389707000064,2020-08-21 13:39:49.707000,5045.0,5057.0,5009.0,5051.0,nan,5032.0,411915,20727562800.0,515423,5045.0,164,5044.0,85,nan,0,nan,0,nan,0,nan,0,nan,0,nan,0,nan,0,nan,0
1597988389767401984,1597988390240000000,2020-08-21 13:39:50.240000,5045.0,5057.0,5009.0,5051.0,nan,5032.0,411915,20727562800.0,515423,5045.0,147,5044.0,85,nan,0,nan,0,nan,0,nan,0,nan,0,nan,0,nan,0,nan,0
1597988390271499008,1597988390744000000,2020-08-21 13:39:50.744000,5045.0,5057.0,5009.0,5051.0,nan,5032.0,411915,20727562800.0,515423,5045.0,148,5044.0,85,nan,0,nan,0,nan,0,nan,0,nan,0,nan,0,nan,0,nan,0
1597988390766885888,1597988391240999936,2020-08-21 13:39:51.241000,5045.0,5057.0,5009.0,5051.0,nan,5032.0,411916,20727613120.0,515422,5045.0,147,5044.0,85,nan,0,nan,0,nan,0,nan,0,nan,0,nan,0,nan,0,nan,0
1597988391280270080,1597988391742000128,2020-08-21 13:39:51.742000,5045.0,5057.0,5009.0,5051.0,nan,5032.0,411916,20727613120.0,515422,5045.0,148,5044.0,85,nan,0,nan,0,nan,0,nan,0,nan,0,nan,0,nan,0,nan,0
1597988391772737024,1597988392243000064,2020-08-21 13:39:52.243000,5045.0,5057.0,5009.0,5051.0,nan,5032.0,411916,20727613120.0,515422,5045.0,153,5044.0,85,nan,0,nan,0,nan,0,nan,0,nan,0,nan,0,nan,0,nan,0
1597988392277495040,1597988392736999936,2020-08-21 13:39:52.737000,5044.0,5057.0,5009.0,5051.0,nan,5032.0,411917,20727663440.0,515421,5045.0,153,5044.0,85,nan,0,nan,0,nan,0,nan,0,nan,0,nan,0,nan,0,nan,0
1597988392774522112,1597988393233999872,2020-08-21 13:39:53.234000,5044.0,5057.0,5009.0,5051.0,nan,5032.0,411917,20727663440.0,515421,5045.0,154,5044.0,85,nan,0,nan,0,nan,0,nan,0,nan,0,nan,0,nan,0,nan,0
1597988393774454016,1597988394243000064,2020-08-21 13:39:54.243000,5044.0,5057.0,5009.0,5051.0,nan,5032.0,411917,20727663440.0,515421,5045.0,154,5044.0,86,nan,0,nan,0,nan,0,nan,0,nan,0,nan,0,nan,0,nan,0
1597988394782236928,1597988395243000064,2020-08-21 13:39:55.243000,5044.0,5057.0,5009.0,5051.0,nan,5032.0,411918,20727713760.0,515420,5045.0,154,5044.0,86,nan,0,nan,0,nan,0,nan,0,nan,0,nan,0,nan,0,nan,0
1597988395274447872,1597988395743000064,2020-08-21 13:39:55.743000,5044.0,5057.0,5009.0,5051.0,nan,5032.0,411918,20727713760.0,515420,5045.0,152,5044.0,96,nan,0,nan,0,nan,0,nan,0,nan,0,nan,0,nan,0,nan,0
1597988395776464896,1597988396236000000,2020-08-21 13:39:56.236000,5044.0,5057.0,5009.0,5051.0,nan,5032.0,411918,20727713760.0,515420,5045.0,154,5044.0,96,nan,0,nan,0,nan,0,nan,0,nan,0,nan,0,nan,0,nan,0
1597988396284615936,1597988396729000192,2020-08-21 13:39:56.729000,5044.0,5057.0,5009.0,5051.0,nan,5032.0,411919,20727764080.0,515419,5045.0,154,5044.0,112,nan,0,nan,0,nan,0,nan,0,nan,0,nan,0,nan,0,nan,0
1597988396773724928,1597988397231000064,2020-08-21 13:39:57.231000,5044.0,5057.0,5009.0,5051.0,nan,5032.0,411919,20727764080.0,515419,5045.0,163,5044.0,112,nan,0,nan,0,nan,0,nan,0,nan,0,nan,0,nan,0,nan,0
1597988397803739904,1597988398239000064,2020-08-21 13:39:58.239000,5044.0,5057.0,5009.0,5051.0,nan,5032.0,411920,20727814400.0,515418,5045.0,164,5044.0,111,nan,0,nan,0,nan,0,nan,0,nan,0,nan,0,nan,0,nan,0
1597988398276521984,1597988398740999936,2020-08-21 13:39:58.741000,5044.0,5057.0,5009.0,5051.0,nan,5032.0,411921,20727864720.0,515417,5045.0,164,5044.0,97,nan,0,nan,0,nan,0,nan,0,nan,0,nan,0,nan,0,nan,0
1597988398786987008,1597988399239000064,2020-08-21 13:39:59.239000,5045.0,5057.0,5009.0,5051.0,nan,5032.0,411923,20727965360.0,515417,5045.0,162,5044.0,97,nan,0,nan,0,nan,0,nan,0,nan,0,nan,0,nan,0,nan,0
1597988399276514048,1597988399743000064,2020-08-21 13:39:59.743000,5044.0,5057.0,5009.0,5051.0,nan,5032.0,411924,20728015680.0,515416,5045.0,159,5044.0,208,nan,0,nan,0,nan,0,nan,0,nan,0,nan,0,nan,0,nan,0
1597988400280600064,1597988400744000000,2020-08-21 13:40:00.744000,5044.0,5057.0,5009.0,5051.0,nan,5032.0,411925,20728066000.0,515415,5045.0,159,5044.0,255,nan,0,nan,0,nan,0,nan,0,nan,0,nan,0,nan,0,nan,0
1597988400784284928,1597988401224999936,2020-08-21 13:40:01.225000,5044.0,5057.0,5009.0,5051.0,nan,5032.0,411926,20728116320.0,515414,5045.0,159,5044.0,269,nan,0,nan,0,nan,0,nan,0,nan,0,nan,0,nan,0,nan,0
1597988401273219072,1597988401703000064,2020-08-21 13:40:01.703000,5044.0,5057.0,5009.0,5051.0,nan,5032.0,411928,20728216960.0,515415,5045.0,158,5044.0,267,nan,0,nan,0,nan,0,nan,0,nan,0,nan,0,nan,0,nan,0
1597988401785946112,1597988402216999936,2020-08-21 13:40:02.217000,5045.0,5057.0,5009.0,5051.0,nan,5032.0,411929,20728267280.0,515415,5045.0,157,5044.0,271,nan,0,nan,0,nan,0,nan,0,nan,0,nan,0,nan,0,nan,0
1597988402286651904,1597988402742000128,2020-08-21 13:40:02.742000,5044.0,5057.0,5009.0,5051.0,nan,5032.0,411930,20728317600.0,515415,5045.0,153,5044.0,270,nan,0,nan,0,nan,0,nan,0,nan,0,nan,0,nan,0,nan,0
1597988402782989056,1597988403240999936,2020-08-21 13:40:03.241000,5045.0,5057.0,5009.0,5051.0,nan,5032.0,411931,20728367920.0,515415,5045.0,152,5044.0,275,nan,0,nan,0,nan,0,nan,0,nan,0,nan,0,nan,0,nan,0
1597988403288212992,1597988403719000064,2020-08-21 13:40:03.719000,5045.0,5057.0,5009.0,5051.0,nan,5032.0,411931,20728367920.0,515415,5045.0,139,5044.0,276,nan,0,nan,0,nan,0,nan,0,nan,0,nan,0,nan,0,nan,0
1597988403780421120,1597988404240000000,2020-08-21 13:40:04.240000,5044.0,5057.0,5009.0,5051.0,nan,5032.0,411934,20728518880.0,515414,5045.0,133,5044.0,275,nan,0,nan,0,nan,0,nan,0,nan,0,nan,0,nan,0,nan,0
1597988404296125952,1597988404734999808,2020-08-21 13:40:04.735000,5045.0,5057.0,5009.0,5051.0,nan,5032.0,411940,20728820800.0,515418,5045.0,127,5044.0,279,nan,0,nan,0,nan,0,nan,0,nan,0,nan,0,nan,0,nan,0
1597988404774671104,1597988405221999872,2020-08-21 13:40:05.222000,5044.0,5057.0,5009.0,5051.0,nan,5032.0,411957,20729676240.0,515401,5045.0,126,5044.0,282,nan,0,nan,0,nan,0,nan,0,nan,0,nan,0,nan,0,nan,0
1597988405280687104,1597988405729000192,2020-08-21 13:40:05.729000,5044.0,5057.0,5009.0,5051.0,nan,5032.0,411958,20729726560.0,515402,5045.0,126,5044.0,281,nan,0,nan,0,nan,0,nan,0,nan,0,nan,0,nan,0,nan,0
1597988405778674944,1597988406210000128,2020-08-21 13:40:06.210000,5045.0,5057.0,5009.0,5051.0,nan,5032.0,411959,20729776880.0,515403,5045.0,122,5044.0,298,nan,0,nan,0,nan,0,nan,0,nan,0,nan,0,nan,0,nan,0
1597988406286979072,1597988406744999936,2020-08-21 13:40:06.745000,5045.0,5057.0,5009.0,5051.0,nan,5032.0,411960,20729827200.0,515404,5045.0,121,5044.0,299,nan,0,nan,0,nan,0,nan,0,nan,0,nan,0,nan,0,nan,0
1597988406794230016,1597988407236999936,2020-08-21 13:40:07.237000,5045.0,5057.0,5009.0,5051.0,nan,5032.0,411961,20729877520.0,515405,5045.0,120,5044.0,299,nan,0,nan,0,nan,0,nan,0,nan,0,nan,0,nan,0,nan,0
1597988407320407040,1597988407719000064,2020-08-21 13:40:07.719000,5044.0,5057.0,5009.0,5051.0,nan,5032.0,411963,20729978160.0,515403,5045.0,120,5044.0,300,nan,0,nan,0,nan,0,nan,0,nan,0,nan,0,nan,0,nan,0
1597988407780474112,1597988408239000064,2020-08-21 13:40:08.239000,5045.0,5057.0,5009.0,5051.0,nan,5032.0,411964,20730028480.0,515403,5045.0,119,5044.0,300,nan,0,nan,0,nan,0,nan,0,nan,0,nan,0,nan,0,nan,0
1597988408284615936,1597988408740000000,2020-08-21 13:40:08.740000,5045.0,5057.0,5009.0,5051.0,nan,5032.0,411968,20730229760.0,515407,5045.0,116,5044.0,300,nan,0,nan,0,nan,0,nan,0,nan,0,nan,0,nan,0,nan,0
1597988408876022016,1597988409211000064,2020-08-21 13:40:09.211000,5045.0,5057.0,5009.0,5051.0,nan,5032.0,411973,20730481360.0,515411,5045.0,111,5044.0,300,nan,0,nan,0,nan,0,nan,0,nan,0,nan,0,nan,0,nan,0
1597988409279055104,1597988409736999936,2020-08-21 13:40:09.737000,5045.0,5057.0,5009.0,5051.0,nan,5032.0,411974,20730531680.0,515412,5045.0,110,5044.0,311,nan,0,nan,0,nan,0,nan,0,nan,0,nan,0,nan,0,nan,0
1597988410282131968,1597988410712000000,2020-08-21 13:40:10.712000,5045.0,5057.0,5009.0,5051.0,nan,5032.0,411974,20730531680.0,515412,5045.0,110,5044.0,313,nan,0,nan,0,nan,0,nan,0,nan,0,nan,0,nan,0,nan,0
1597988411285125120,1597988411730000128,2020-08-21 13:40:11.730000,5045.0,5057.0,5009.0,5051.0,nan,5032.0,411975,20730582000.0,515413,5045.0,109,5044.0,321,nan,0,nan,0,nan,0,nan,0,nan,0,nan,0,nan,0,nan,0
1597988411795246080,1597988412224999936,2020-08-21 13:40:12.225000,5045.0,5057.0,5009.0,5051.0,nan,5032.0,411987,20731185840.0,515410,5045.0,98,5044.0,320,nan,0,nan,0,nan,0,nan,0,nan,0,nan,0,nan,0,nan,0
1597988412290512896,1597988412708000000,2020-08-21 13:40:12.708000,5045.0,5057.0,5009.0,5051.0,nan,5032.0,412100,20736872000.0,515431,5046.0,150,5045.0,13,nan,0,nan,0,nan,0,nan,0,nan,0,nan,0,nan,0,nan,0
1597988412793197056,1597988413236999936,2020-08-21 13:40:13.237000,5046.0,5057.0,5009.0,5051.0,nan,5032.0,412105,20737123600.0,515429,5046.0,147,5045.0,54,nan,0,nan,0,nan,0,nan,0,nan,0,nan,0,nan,0,nan,0
1597988413283837952,1597988413709000192,2020-08-21 13:40:13.709000,5045.0,5057.0,5009.0,5051.0,nan,5032.0,412135,20738633200.0,515424,5046.0,133,5045.0,43,nan,0,nan,0,nan,0,nan,0,nan,0,nan,0,nan,0,nan,0
1597988413789558016,1597988414230000128,2020-08-21 13:40:14.230000,5045.0,5057.0,5009.0,5051.0,nan,5032.0,412140,20738884800.0,515424,5046.0,131,5045.0,162,nan,0,nan,0,nan,0,nan,0,nan,0,nan,0,nan,0,nan,0
1597988414283699968,1597988414728000000,2020-08-21 13:40:14.728000,5046.0,5057.0,5009.0,5051.0,nan,5032.0,412141,20738935120.0,515424,5046.0,130,5045.0,162,nan,0,nan,0,nan,0,nan,0,nan,0,nan,0,nan,0,nan,0
1597988414796513024,1597988415240999936,2020-08-21 13:40:15.241000,5045.0,5057.0,5009.0,5051.0,nan,5032.0,412142,20738985440.0,515424,5046.0,130,5045.0,163,nan,0,nan,0,nan,0,nan,0,nan,0,nan,0,nan,0,nan,0
1597988415286466048,1597988415740999936,2020-08-21 13:40:15.741000,5046.0,5057.0,5009.0,5051.0,nan,5032.0,412144,20739086080.0,515424,5046.0,128,5045.0,164,nan,0,nan,0,nan,0,nan,0,nan,0,nan,0,nan,0,nan,0
1597988415790156032,1597988416231000064,2020-08-21 13:40:16.231000,5045.0,5057.0,5009.0,5051.0,nan,5032.0,412152,20739488640.0,515421,5046.0,128,5045.0,160,nan,0,nan,0,nan,0,nan,0,nan,0,nan,0,nan,0,nan,0
1597988416304105984,1597988416740999936,2020-08-21 13:40:16.741000,5045.0,5057.0,5009.0,5051.0,nan,5032.0,412154,20739589280.0,515420,5046.0,127,5045.0,159,nan,0,nan,0,nan,0,nan,0,nan,0,nan,0,nan,0,nan,0
1597988416795729920,1597988417244000000,2020-08-21 13:40:17.244000,5046.0,5057.0,5009.0,5051.0,nan,5032.0,412155,20739639600.0,515419,5046.0,126,5045.0,160,nan,0,nan,0,nan,0,nan,0,nan,0,nan,0,nan,0,nan,0
1597988417808171008,1597988418243000064,2020-08-21 13:40:18.243000,5045.0,5057.0,5009.0,5051.0,nan,5032.0,412156,20739689920.0,515418,5046.0,127,5045.0,160,nan,0,nan,0,nan,0,nan,0,nan,0,nan,0,nan,0,nan,0
1597988418288465920,1597988418734999808,2020-08-21 13:40:18.735000,5046.0,5057.0,5009.0,5051.0,nan,5032.0,412159,20739840880.0,515418,5046.0,126,5045.0,159,nan,0,nan,0,nan,0,nan,0,nan,0,nan,0,nan,0,nan,0
1597988418793444096,1597988419226000128,2020-08-21 13:40:19.226000,5045.0,5057.0,5009.0,5051.0,nan,5032.0,412160,20739891200.0,515417,5046.0,126,5045.0,159,nan,0,nan,0,nan,0,nan,0,nan,0,nan,0,nan,0,nan,0
1597988419295548928,1597988419665999872,2020-08-21 13:40:19.666000,5046.0,5057.0,5009.0,5051.0,nan,5032.0,412162,20739991840.0,515417,5046.0,126,5045.0,161,nan,0,nan,0,nan,0,nan,0,nan,0,nan,0,nan,0,nan,0
1597988419794675968,1597988420226000128,2020-08-21 13:40:20.226000,5046.0,5057.0,5009.0,5051.0,nan,5032.0,412162,20739991840.0,515417,5046.0,128,5045.0,161,nan,0,nan,0,nan,0,nan,0,nan,0,nan,0,nan,0,nan,0
1597988420288855040,1597988420744000000,2020-08-21 13:40:20.744000,5046.0,5057.0,5009.0,5051.0,nan,5032.0,412167,20740243440.0,515417,5046.0,123,5045.0,161,nan,0,nan,0,nan,0,nan,0,nan,0,nan,0,nan,0,nan,0
1597988420797833984,1597988421230000128,2020-08-21 13:40:21.230000,5046.0,5057.0,5009.0,5051.0,nan,5032.0,412173,20740545360.0,515412,5046.0,122,5045.0,156,nan,0,nan,0,nan,0,nan,0,nan,0,nan,0,nan,0,nan,0
1597988421288236032,1597988421740000000,2020-08-21 13:40:21.740000,5045.0,5057.0,5009.0,5051.0,nan,5032.0,412179,20740847280.0,515411,5046.0,117,5045.0,156,nan,0,nan,0,nan,0,nan,0,nan,0,nan,0,nan,0,nan,0
1597988421783717888,1597988422221999872,2020-08-21 13:40:22.222000,5046.0,5057.0,5009.0,5051.0,nan,5032.0,412182,20740998240.0,515410,5046.0,117,5045.0,155,nan,0,nan,0,nan,0,nan,0,nan,0,nan,0,nan,0,nan,0
1597988422287159040,1597988422721999872,2020-08-21 13:40:22.722000,5046.0,5057.0,5009.0,5051.0,nan,5032.0,412183,20741048560.0,515411,5046.0,116,5045.0,155,nan,0,nan,0,nan,0,nan,0,nan,0,nan,0,nan,0,nan,0
1597988422785074944,1597988423237999872,2020-08-21 13:40:23.238000,5046.0,5057.0,5009.0,5051.0,nan,5032.0,412183,20741048560.0,515411,5046.0,116,5045.0,161,nan,0,nan,0,nan,0,nan,0,nan,0,nan,0,nan,0,nan,0
1597988423280645888,1597988423736999936,2020-08-21 13:40:23.737000,5046.0,5057.0,5009.0,5051.0,nan,5032.0,412183,20741048560.0,515411,5046.0,116,5045.0,162,nan,0,nan,0,nan,0,nan,0,nan,0,nan,0,nan,0,nan,0
1597988423798735872,1597988424240000000,2020-08-21 13:40:24.240000,5045.0,5057.0,5009.0,5051.0,nan,5032.0,412184,20741098880.0,515410,5046.0,117,5045.0,162,nan,0,nan,0,nan,0,nan,0,nan,0,nan,0,nan,0,nan,0
1597988424310106880,1597988424730000128,2020-08-21 13:40:24.730000,5046.0,5057.0,5009.0,5051.0,nan,5032.0,412191,20741451120.0,515413,5046.0,110,5045.0,162,nan,0,nan,0,nan,0,nan,0,nan,0,nan,0,nan,0,nan,0
1597988424787941888,1597988425211000064,2020-08-21 13:40:25.211000,5046.0,5057.0,5009.0,5051.0,nan,5032.0,412196,20741702720.0,515409,5046.0,107,5045.0,169,nan,0,nan,0,nan,0,nan,0,nan,0,nan,0,nan,0,nan,0
1597988425289051904,1597988425719000064,2020-08-21 13:40:25.719000,5046.0,5057.0,5009.0,5051.0,nan,5032.0,412199,20741853680.0,515409,5046.0,110,5045.0,171,nan,0,nan,0,nan,0,nan,0,nan,0,nan,0,nan,0,nan,0
1597988425790289920,1597988426244999936,2020-08-21 13:40:26.245000,5046.0,5057.0,5009.0,5051.0,nan,5032.0,412199,20741853680.0,515409,5046.0,111,5045.0,178,nan,0,nan,0,nan,0,nan,0,nan,0,nan,0,nan,0,nan,0
1597988426315364096,1597988426712000000,2020-08-21 13:40:26.712000,5046.0,5057.0,5009.0,5051.0,nan,5032.0,412199,20741853680.0,515409,5046.0,111,5045.0,181,nan,0,nan,0,nan,0,nan,0,nan,0,nan,0,nan,0,nan,0
1597988426855909120,1597988427206000128,2020-08-21 13:40:27.206000,5046.0,5057.0,5009.0,5051.0,nan,5032.0,412199,20741853680.0,515409,5046.0,111,5045.0,182,nan,0,nan,0,nan,0,nan,0,nan,0,nan,0,nan,0,nan,0
1597988427293676032,1597988427740000000,2020-08-21 13:40:27.740000,5045.0,5057.0,5009.0,5051.0,nan,5032.0,412200,20741904000.0,515409,5046.0,111,5045.0,187,nan,0,nan,0,nan,0,nan,0,nan,0,nan,0,nan,0,nan,0
1597988428279859968,1597988428744999936,2020-08-21 13:40:28.745000,5046.0,5057.0,5009.0,5051.0,nan,5032.0,412201,20741954320.0,515409,5046.0,110,5045.0,187,nan,0,nan,0,nan,0,nan,0,nan,0,nan,0,nan,0,nan,0
1597988428791955968,1597988429244999936,2020-08-21 13:40:29.245000,5046.0,5057.0,5009.0,5051.0,nan,5032.0,412203,20742054960.0,515408,5046.0,116,5045.0,186,nan,0,nan,0,nan,0,nan,0,nan,0,nan,0,nan,0,nan,0
1597988429800104960,1597988430239000064,2020-08-21 13:40:30.239000,5046.0,5057.0,5009.0,5051.0,nan,5032.0,412209,20742356880.0,515410,5046.0,123,5045.0,235,nan,0,nan,0,nan,0,nan,0,nan,0,nan,0,nan,0,nan,0
1597988430392705024,1597988430742000128,2020-08-21 13:40:30.742000,5046.0,5057.0,5009.0,5051.0,nan,5032.0,412209,20742356880.0,515410,5046.0,114,5045.0,237,nan,0,nan,0,nan,0,nan,0,nan,0,nan,0,nan,0,nan,0
1597988430803191040,1597988431200999936,2020-08-21 13:40:31.201000,5046.0,5057.0,5009.0,5051.0,nan,5032.0,412212,20742507840.0,515409,5046.0,112,5045.0,235,nan,0,nan,0,nan,0,nan,0,nan,0,nan,0,nan,0,nan,0
1597988431384001024,1597988431661999872,2020-08-21 13:40:31.662000,5046.0,5057.0,5009.0,5051.0,nan,5032.0,412212,20742507840.0,515409,5046.0,107,5045.0,235,nan,0,nan,0,nan,0,nan,0,nan,0,nan,0,nan,0,nan,0
1597988431813316096,1597988432244999936,2020-08-21 13:40:32.245000,5046.0,5057.0,5009.0,5051.0,nan,5032.0,412212,20742507840.0,515409,5046.0,109,5045.0,295,nan,0,nan,0,nan,0,nan,0,nan,0,nan,0,nan,0,nan,0
1597988432292689920,1597988432740999936,2020-08-21 13:40:32.741000,5045.0,5057.0,5009.0,5051.0,nan,5032.0,412214,20742608480.0,515409,5046.0,110,5045.0,293,nan,0,nan,0,nan,0,nan,0,nan,0,nan,0,nan,0,nan,0
1597988432807456000,1597988433243000064,2020-08-21 13:40:33.243000,5046.0,5057.0,5009.0,5051.0,nan,5032.0,412215,20742658800.0,515410,5046.0,109,5045.0,293,nan,0,nan,0,nan,0,nan,0,nan,0,nan,0,nan,0,nan,0
1597988433296318976,1597988433737999872,2020-08-21 13:40:33.738000,5046.0,5057.0,5009.0,5051.0,nan,5032.0,412216,20742709120.0,515411,5046.0,108,5045.0,298,nan,0,nan,0,nan,0,nan,0,nan,0,nan,0,nan,0,nan,0
1597988433837815040,1597988434242000128,2020-08-21 13:40:34.242000,5045.0,5057.0,5009.0,5051.0,nan,5032.0,412233,20743564560.0,515419,5046.0,104,5045.0,285,nan,0,nan,0,nan,0,nan,0,nan,0,nan,0,nan,0,nan,0
1597988434299866880,1597988434737999872,2020-08-21 13:40:34.738000,5046.0,5057.0,5009.0,5051.0,nan,5032.0,412234,20743614880.0,515419,5046.0,106,5045.0,286,nan,0,nan,0,nan,0,nan,0,nan,0,nan,0,nan,0,nan,0
1597988435299912960,1597988435726000128,2020-08-21 13:40:35.726000,5046.0,5057.0,5009.0,5051.0,nan,5032.0,412234,20743614880.0,515419,5046.0,112,5045.0,286,nan,0,nan,0,nan,0,nan,0,nan,0,nan,0,nan,0,nan,0
1597988436317150976,1597988436740000000,2020-08-21 13:40:36.740000,5046.0,5057.0,5009.0,5051.0,nan,5032.0,412237,20743765840.0,515421,5046.0,115,5045.0,286,nan,0,nan,0,nan,0,nan,0,nan,0,nan,0,nan,0,nan,0
1597988437308222976,1597988437720000000,2020-08-21 13:40:37.720000,5045.0,5057.0,5009.0,5051.0,nan,5032.0,412244,20744118080.0,515428,5046.0,115,5045.0,279,nan,0,nan,0,nan,0,nan,0,nan,0,nan,0,nan,0,nan,0
1597988437809341952,1597988438233999872,2020-08-21 13:40:38.234000,5045.0,5057.0,5009.0,5051.0,nan,5032.0,412246,20744218720.0,515429,5046.0,117,5045.0,306,nan,0,nan,0,nan,0,nan,0,nan,0,nan,0,nan,0,nan,0
1597988438290755072,1597988438724000000,2020-08-21 13:40:38.724000,5046.0,5057.0,5009.0,5051.0,nan,5032.0,412250,20744420000.0,515427,5046.0,113,5045.0,306,nan,0,nan,0,nan,0,nan,0,nan,0,nan,0,nan,0,nan,0
1597988438815166976,1597988439244999936,2020-08-21 13:40:39.245000,5045.0,5057.0,5009.0,5051.0,nan,5032.0,412251,20744470320.0,515428,5046.0,113,5045.0,306,nan,0,nan,0,nan,0,nan,0,nan,0,nan,0,nan,0,nan,0
1597988439307062016,1597988439734999808,2020-08-21 13:40:39.735000,5046.0,5057.0,5009.0,5051.0,nan,5032.0,412276,20745728320.0,515414,5046.0,108,5045.0,286,nan,0,nan,0,nan,0,nan,0,nan,0,nan,0,nan,0,nan,0
1597988439784572928,1597988440224000000,2020-08-21 13:40:40.224000,5046.0,5057.0,5009.0,5051.0,nan,5032.0,412276,20745728320.0,515414,5046.0,108,5045.0,287,nan,0,nan,0,nan,0,nan,0,nan,0,nan,0,nan,0,nan,0
1597988440304776960,1597988440744999936,2020-08-21 13:40:40.745000,5046.0,5057.0,5009.0,5051.0,nan,5032.0,412278,20745828960.0,515414,5046.0,105,5045.0,286,nan,0,nan,0,nan,0,nan,0,nan,0,nan,0,nan,0,nan,0
1597988440815397120,1597988441234999808,2020-08-21 13:40:41.235000,5046.0,5057.0,5009.0,5051.0,nan,5032.0,412279,20745879280.0,515415,5046.0,104,5045.0,286,nan,0,nan,0,nan,0,nan,0,nan,0,nan,0,nan,0,nan,0
1597988441804551936,1597988442187000064,2020-08-21 13:40:42.187000,5046.0,5057.0,5009.0,5051.0,nan,5032.0,412290,20746432800.0,515422,5046.0,93,5045.0,286,nan,0,nan,0,nan,0,nan,0,nan,0,nan,0,nan,0,nan,0
1597988442320775936,1597988442744999936,2020-08-21 13:40:42.745000,5046.0,5057.0,5009.0,5051.0,nan,5032.0,412290,20746432800.0,515422,5046.0,103,5045.0,287,nan,0,nan,0,nan,0,nan,0,nan,0,nan,0,nan,0,nan,0
1597988442790801920,1597988443239000064,2020-08-21 13:40:43.239000,5046.0,5057.0,5009.0,5051.0,nan,5032.0,412290,20746432800.0,515422,5046.0,105,5045.0,287,nan,0,nan,0,nan,0,nan,0,nan,0,nan,0,nan,0,nan,0
1597988443310876928,1597988443744999936,2020-08-21 13:40:43.745000,5045.0,5057.0,5009.0,5051.0,nan,5032.0,412292,20746533440.0,515420,5046.0,115,5045.0,286,nan,0,nan,0,nan,0,nan,0,nan,0,nan,0,nan,0,nan,0
1597988443798341120,1597988444208000000,2020-08-21 13:40:44.208000,5045.0,5057.0,5009.0,5051.0,nan,5032.0,412294,20746634080.0,515420,5046.0,115,5045.0,285,nan,0,nan,0,nan,0,nan,0,nan,0,nan,0,nan,0,nan,0
1597988444363127040,1597988444746000128,2020-08-21 13:40:44.746000,5045.0,5057.0,5009.0,5051.0,nan,5032.0,412295,20746684400.0,515420,5046.0,115,5045.0,284,nan,0,nan,0,nan,0,nan,0,nan,0,nan,0,nan,0,nan,0
1597988445795412992,1597988446243000064,2020-08-21 13:40:46.243000,5045.0,5057.0,5009.0,5051.0,nan,5032.0,412401,20752018320.0,515436,5046.0,17,5045.0,282,nan,0,nan,0,nan,0,nan,0,nan,0,nan,0,nan,0,nan,0
1597988446289413120,1597988446740999936,2020-08-21 13:40:46.741000,5045.0,5057.0,5009.0,5051.0,nan,5032.0,412401,20752018320.0,515436,5046.0,47,5045.0,285,nan,0,nan,0,nan,0,nan,0,nan,0,nan,0,nan,0,nan,0
1597988446788026880,1597988447240000000,2020-08-21 13:40:47.240000,5046.0,5057.0,5009.0,5051.0,nan,5032.0,412411,20752521520.0,515446,5046.0,59,5045.0,285,nan,0,nan,0,nan,0,nan,0,nan,0,nan,0,nan,0,nan,0
1597988447385592064,1597988447744999936,2020-08-21 13:40:47.745000,5045.0,5057.0,5009.0,5051.0,nan,5032.0,412417,20752823440.0,515451,5046.0,72,5045.0,284,nan,0,nan,0,nan,0,nan,0,nan,0,nan,0,nan,0,nan,0
1597988447795659008,1597988448232000000,2020-08-21 13:40:48.232000,5046.0,5057.0,5009.0,5051.0,nan,5032.0,412418,20752873760.0,515452,5046.0,71,5045.0,284,nan,0,nan,0,nan,0,nan,0,nan,0,nan,0,nan,0,nan,0
1597988448296224000,1597988448746000128,2020-08-21 13:40:48.746000,5046.0,5057.0,5009.0,5051.0,nan,5032.0,412419,20752924080.0,515452,5046.0,70,5045.0,286,nan,0,nan,0,nan,0,nan,0,nan,0,nan,0,nan,0,nan,0
1597988448804968960,1597988449244999936,2020-08-21 13:40:49.245000,5046.0,5057.0,5009.0,5051.0,nan,5032.0,412424,20753175680.0,515452,5046.0,66,5045.0,286,nan,0,nan,0,nan,0,nan,0,nan,0,nan,0,nan,0,nan,0
1597988449303600896,1597988449632999936,2020-08-21 13:40:49.633000,5046.0,5057.0,5009.0,5051.0,nan,5032.0,412425,20753226000.0,515453,5046.0,57,5045.0,286,nan,0,nan,0,nan,0,nan,0,nan,0,nan,0,nan,0,nan,0
1597988449810545920,1597988450244000000,2020-08-21 13:40:50.244000,5046.0,5057.0,5009.0,5051.0,nan,5032.0,412425,20753226000.0,515453,5046.0,58,5045.0,286,nan,0,nan,0,nan,0,nan,0,nan,0,nan,0,nan,0,nan,0
1597988450302328064,1597988450732000000,2020-08-21 13:40:50.732000,5046.0,5057.0,5009.0,5051.0,nan,5032.0,412427,20753326640.0,515452,5046.0,56,5045.0,286,nan,0,nan,0,nan,0,nan,0,nan,0,nan,0,nan,0,nan,0
1597988450799472128,1597988451224000000,2020-08-21 13:40:51.224000,5046.0,5057.0,5009.0,5051.0,nan,5032.0,412427,20753326640.0,515452,5046.0,56,5045.0,287,nan,0,nan,0,nan,0,nan,0,nan,0,nan,0,nan,0,nan,0
1597988451304135936,1597988451743000064,2020-08-21 13:40:51.743000,5046.0,5057.0,5009.0,5051.0,nan,5032.0,412444,20754182080.0,515443,5046.0,39,5045.0,287,nan,0,nan,0,nan,0,nan,0,nan,0,nan,0,nan,0,nan,0
1597988451793104896,1597988452242000128,2020-08-21 13:40:52.242000,5046.0,5057.0,5009.0,5051.0,nan,5032.0,412444,20754182080.0,515443,5046.0,35,5045.0,287,nan,0,nan,0,nan,0,nan,0,nan,0,nan,0,nan,0,nan,0
1597988452304644096,1597988452732999936,2020-08-21 13:40:52.733000,5046.0,5057.0,5009.0,5051.0,nan,5032.0,412445,20754232400.0,515443,5046.0,34,5045.0,287,nan,0,nan,0,nan,0,nan,0,nan,0,nan,0,nan,0,nan,0
1597988452806248960,1597988453180999936,2020-08-21 13:40:53.181000,5046.0,5057.0,5009.0,5051.0,nan,5032.0,412446,20754282720.0,515443,5046.0,34,5045.0,287,nan,0,nan,0,nan,0,nan,0,nan,0,nan,0,nan,0,nan,0
1597988453303525120,1597988453731000064,2020-08-21 13:40:53.731000,5046.0,5057.0,5009.0,5051.0,nan,5032.0,412446,20754282720.0,515443,5046.0,35,5045.0,289,nan,0,nan,0,nan,0,nan,0,nan,0,nan,0,nan,0,nan,0
1597988453817088000,1597988454232999936,2020-08-21 13:40:54.233000,5045.0,5057.0,5009.0,5051.0,nan,5032.0,412447,20754333040.0,515442,5046.0,35,5045.0,288,nan,0,nan,0,nan,0,nan,0,nan,0,nan,0,nan,0,nan,0
1597988454299027968,1597988454709000192,2020-08-21 13:40:54.709000,5046.0,5057.0,5009.0,5051.0,nan,5032.0,412450,20754484000.0,515441,5046.0,32,5045.0,288,nan,0,nan,0,nan,0,nan,0,nan,0,nan,0,nan,0,nan,0
1597988454796986112,1597988455242000128,2020-08-21 13:40:55.242000,5046.0,5057.0,5009.0,5051.0,nan,5032.0,412452,20754584640.0,515439,5046.0,30,5045.0,288,nan,0,nan,0,nan,0,nan,0,nan,0,nan,0,nan,0,nan,0
1597988455297105920,1597988455744000000,2020-08-21 13:40:55.744000,5045.0,5057.0,5009.0,5051.0,nan,5032.0,412457,20754836240.0,515439,5046.0,31,5045.0,283,nan,0,nan,0,nan,0,nan,0,nan,0,nan,0,nan,0,nan,0
1597988455795105024,1597988456220999936,2020-08-21 13:40:56.221000,5045.0,5057.0,5009.0,5051.0,nan,5032.0,412457,20754836240.0,515439,5046.0,45,5045.0,281,nan,0,nan,0,nan,0,nan,0,nan,0,nan,0,nan,0,nan,0
1597988456302052096,1597988456736000000,2020-08-21 13:40:56.736000,5046.0,5057.0,5009.0,5051.0,nan,5032.0,412458,20754886560.0,515438,5046.0,44,5045.0,281,nan,0,nan,0,nan,0,nan,0,nan,0,nan,0,nan,0,nan,0
1597988456805562112,1597988457240000000,2020-08-21 13:40:57.240000,5046.0,5057.0,5009.0,5051.0,nan,5032.0,412458,20754886560.0,515438,5046.0,45,5045.0,280,nan,0,nan,0,nan,0,nan,0,nan,0,nan,0,nan,0,nan,0
1597988457298028032,1597988457743000064,2020-08-21 13:40:57.743000,5046.0,5057.0,5009.0,5051.0,nan,5032.0,412458,20754886560.0,515438,5046.0,52,5045.0,290,nan,0,nan,0,nan,0,nan,0,nan,0,nan,0,nan,0,nan,0
1597988457801358080,1597988458244000000,2020-08-21 13:40:58.244000,5046.0,5057.0,5009.0,5051.0,nan,5032.0,412458,20754886560.0,515438,5046.0,57,5045.0,293,nan,0,nan,0,nan,0,nan,0,nan,0,nan,0,nan,0,nan,0
1597988458292161024,1597988458742000128,2020-08-21 13:40:58.742000,5046.0,5057.0,5009.0,5051.0,nan,5032.0,412458,20754886560.0,515438,5046.0,57,5045.0,293,nan,0,nan,0,nan,0,nan,0,nan,0,nan,0,nan,0,nan,0
1597988458802763008,1597988459173000192,2020-08-21 13:40:59.173000,5046.0,5057.0,5009.0,5051.0,nan,5032.0,412458,20754886560.0,515438,5046.0,61,5045.0,344,nan,0,nan,0,nan,0,nan,0,nan,0,nan,0,nan,0,nan,0
1597988459298223104,1597988459730000128,2020-08-21 13:40:59.730000,5046.0,5057.0,5009.0,5051.0,nan,5032.0,412458,20754886560.0,515438,5046.0,62,5045.0,344,nan,0,nan,0,nan,0,nan,0,nan,0,nan,0,nan,0,nan,0
1597988459797410048,1597988460242000128,2020-08-21 13:41:00.242000,5046.0,5057.0,5009.0,5051.0,nan,5032.0,412461,20755037520.0,515441,5046.0,58,5045.0,344,nan,0,nan,0,nan,0,nan,0,nan,0,nan,0,nan,0,nan,0
1597988460307198976,1597988460742000128,2020-08-21 13:41:00.742000,5046.0,5057.0,5009.0,5051.0,nan,5032.0,412463,20755138160.0,515440,5046.0,57,5045.0,345,nan,0,nan,0,nan,0,nan,0,nan,0,nan,0,nan,0,nan,0
1597988460803699968,1597988461244000000,2020-08-21 13:41:01.244000,5046.0,5057.0,5009.0,5051.0,nan,5032.0,412464,20755188480.0,515439,5046.0,56,5045.0,348,nan,0,nan,0,nan,0,nan,0,nan,0,nan,0,nan,0,nan,0
1597988461389391104,1597988461696999936,2020-08-21 13:41:01.697000,5046.0,5057.0,5009.0,5051.0,nan,5032.0,412467,20755339440.0,515438,5046.0,54,5045.0,347,nan,0,nan,0,nan,0,nan,0,nan,0,nan,0,nan,0,nan,0
1597988461797153024,1597988462244999936,2020-08-21 13:41:02.245000,5046.0,5057.0,5009.0,5051.0,nan,5032.0,412471,20755540720.0,515439,5046.0,52,5045.0,352,nan,0,nan,0,nan,0,nan,0,nan,0,nan,0,nan,0,nan,0
1597988462330766080,1597988462739000064,2020-08-21 13:41:02.739000,5046.0,5057.0,5009.0,5051.0,nan,5032.0,412480,20755993600.0,515436,5046.0,46,5045.0,349,nan,0,nan,0,nan,0,nan,0,nan,0,nan,0,nan,0,nan,0
1597988462828442880,1597988463236000000,2020-08-21 13:41:03.236000,5046.0,5057.0,5009.0,5051.0,nan,5032.0,412480,20755993600.0,515436,5046.0,47,5045.0,350,nan,0,nan,0,nan,0,nan,0,nan,0,nan,0,nan,0,nan,0
1597988463814557952,1597988464237999872,2020-08-21 13:41:04.238000,5045.0,5057.0,5009.0,5051.0,nan,5032.0,412481,20756043920.0,515435,5046.0,47,5045.0,349,nan,0,nan,0,nan,0,nan,0,nan,0,nan,0,nan,0,nan,0
1597988464305569024,1597988464740000000,2020-08-21 13:41:04.740000,5046.0,5057.0,5009.0,5051.0,nan,5032.0,412502,20757100640.0,515444,5046.0,28,5045.0,350,nan,0,nan,0,nan,0,nan,0,nan,0,nan,0,nan,0,nan,0
1597988464809675008,1597988465236999936,2020-08-21 13:41:05.237000,5046.0,5057.0,5009.0,5051.0,nan,5032.0,412508,20757402560.0,515444,5046.0,22,5045.0,353,nan,0,nan,0,nan,0,nan,0,nan,0,nan,0,nan,0,nan,0
1597988465305139968,1597988465744999936,2020-08-21 13:41:05.745000,5045.0,5057.0,5009.0,5051.0,nan,5032.0,412511,20757553520.0,515444,5046.0,17,5045.0,352,nan,0,nan,0,nan,0,nan,0,nan,0,nan,0,nan,0,nan,0
1597988465808120064,1597988466186000128,2020-08-21 13:41:06.186000,5045.0,5057.0,5009.0,5051.0,nan,5032.0,412512,20757603840.0,515443,5046.0,30,5045.0,352,nan,0,nan,0,nan,0,nan,0,nan,0,nan,0,nan,0,nan,0
1597988466325835008,1597988466744999936,2020-08-21 13:41:06.745000,5046.0,5057.0,5009.0,5051.0,nan,5032.0,412516,20757805120.0,515446,5046.0,40,5045.0,352,nan,0,nan,0,nan,0,nan,0,nan,0,nan,0,nan,0,nan,0
1597988466807090944,1597988467242000128,2020-08-21 13:41:07.242000,5046.0,5057.0,5009.0,5051.0,nan,5032.0,412518,20757905760.0,515446,5046.0,46,5045.0,353,nan,0,nan,0,nan,0,nan,0,nan,0,nan,0,nan,0,nan,0
1597988467308732928,1597988467708000000,2020-08-21 13:41:07.708000,5045.0,5057.0,5009.0,5051.0,nan,5032.0,412521,20758056720.0,515445,5046.0,44,5045.0,351,nan,0,nan,0,nan,0,nan,0,nan,0,nan,0,nan,0,nan,0
1597988467804530944,1597988468187000064,2020-08-21 13:41:08.187000,5046.0,5057.0,5009.0,5051.0,nan,5032.0,412523,20758157360.0,515445,5046.0,51,5045.0,351,nan,0,nan,0,nan,0,nan,0,nan,0,nan,0,nan,0,nan,0
1597988468306968064,1597988468670000128,2020-08-21 13:41:08.670000,5045.0,5057.0,5009.0,5051.0,nan,5032.0,412524,20758207680.0,515445,5046.0,51,5045.0,351,nan,0,nan,0,nan,0,nan,0,nan,0,nan,0,nan,0,nan,0
1597988468811362048,1597988469217999872,2020-08-21 13:41:09.218000,5046.0,5057.0,5009.0,5051.0,nan,5032.0,412525,20758258000.0,515445,5046.0,52,5045.0,352,nan,0,nan,0,nan,0,nan,0,nan,0,nan,0,nan,0,nan,0
1597988469314749952,1597988469713999872,2020-08-21 13:41:09.714000,5046.0,5057.0,5009.0,5051.0,nan,5032.0,412528,20758408960.0,515444,5046.0,50,5045.0,352,nan,0,nan,0,nan,0,nan,0,nan,0,nan,0,nan,0,nan,0
1597988469816097024,1597988470233999872,2020-08-21 13:41:10.234000,5046.0,5057.0,5009.0,5051.0,nan,5032.0,412528,20758408960.0,515444,5046.0,51,5045.0,352,nan,0,nan,0,nan,0,nan,0,nan,0,nan,0,nan,0,nan,0
1597988470309032960,1597988470730000128,2020-08-21 13:41:10.730000,5045.0,5057.0,5009.0,5051.0,nan,5032.0,412532,20758610240.0,515440,5046.0,53,5045.0,346,nan,0,nan,0,nan,0,nan,0,nan,0,nan,0,nan,0,nan,0
1597988470809284096,1597988471236000000,2020-08-21 13:41:11.236000,5045.0,5057.0,5009.0,5051.0,nan,5032.0,412584,20761226880.0,515439,5046.0,61,5045.0,290,nan,0,nan,0,nan,0,nan,0,nan,0,nan,0,nan,0,nan,0
1597988471811904000,1597988472231000064,2020-08-21 13:41:12.231000,5046.0,5057.0,5009.0,5051.0,nan,5032.0,412586,20761327520.0,515440,5046.0,62,5045.0,290,nan,0,nan,0,nan,0,nan,0,nan,0,nan,0,nan,0,nan,0
1597988472316178944,1597988472744000000,2020-08-21 13:41:12.744000,5045.0,5057.0,5009.0,5051.0,nan,5032.0,412587,20761377840.0,515441,5046.0,65,5045.0,290,nan,0,nan,0,nan,0,nan,0,nan,0,nan,0,nan,0,nan,0
1597988472815890944,1597988473236000000,2020-08-21 13:41:13.236000,5045.0,5057.0,5009.0,5051.0,nan,5032.0,412587,20761377840.0,515441,5046.0,65,5045.0,294,nan,0,nan,0,nan,0,nan,0,nan,0,nan,0,nan,0,nan,0
1597988473310840064,1597988473736999936,2020-08-21 13:41:13.737000,5045.0,5057.0,5009.0,5051.0,nan,5032.0,412587,20761377840.0,515441,5046.0,63,5045.0,290,nan,0,nan,0,nan,0,nan,0,nan,0,nan,0,nan,0,nan,0
1597988473810331904,1597988474236000000,2020-08-21 13:41:14.236000,5045.0,5057.0,5009.0,5051.0,nan,5032.0,412588,20761428160.0,515441,5046.0,63,5045.0,289,nan,0,nan,0,nan,0,nan,0,nan,0,nan,0,nan,0,nan,0
1597988474307506944,1597988474733999872,2020-08-21 13:41:14.734000,5045.0,5057.0,5009.0,5051.0,nan,5032.0,412588,20761428160.0,515441,5046.0,68,5045.0,291,nan,0,nan,0,nan,0,nan,0,nan,0,nan,0,nan,0,nan,0
1597988475805131008,1597988476232000000,2020-08-21 13:41:16.232000,5045.0,5057.0,5009.0,5051.0,nan,5032.0,412588,20761428160.0,515441,5046.0,69,5045.0,291,nan,0,nan,0,nan,0,nan,0,nan,0,nan,0,nan,0,nan,0
1597988476309427968,1597988476743000064,2020-08-21 13:41:16.743000,5045.0,5057.0,5009.0,5051.0,nan,5032.0,412588,20761428160.0,515441,5046.0,72,5045.0,290,nan,0,nan,0,nan,0,nan,0,nan,0,nan,0,nan,0,nan,0
1597988477307132928,1597988477734999808,2020-08-21 13:41:17.735000,5046.0,5057.0,5009.0,5051.0,nan,5032.0,412608,20762434560.0,515446,5046.0,52,5045.0,290,nan,0,nan,0,nan,0,nan,0,nan,0,nan,0,nan,0,nan,0
1597988477811418880,1597988478232000000,2020-08-21 13:41:18.232000,5046.0,5057.0,5009.0,5051.0,nan,5032.0,412608,20762434560.0,515446,5046.0,62,5045.0,290,nan,0,nan,0,nan,0,nan,0,nan,0,nan,0,nan,0,nan,0
1597988478341423104,1597988478742000128,2020-08-21 13:41:18.742000,5046.0,5057.0,5009.0,5051.0,nan,5032.0,412608,20762434560.0,515446,5046.0,71,5045.0,290,nan,0,nan,0,nan,0,nan,0,nan,0,nan,0,nan,0,nan,0
1597988478807990016,1597988479240999936,2020-08-21 13:41:19.241000,5046.0,5057.0,5009.0,5051.0,nan,5032.0,412609,20762484880.0,515446,5046.0,71,5045.0,290,nan,0,nan,0,nan,0,nan,0,nan,0,nan,0,nan,0,nan,0
1597988479314215936,1597988479746000128,2020-08-21 13:41:19.746000,5046.0,5057.0,5009.0,5051.0,nan,5032.0,412609,20762484880.0,515446,5046.0,73,5045.0,290,nan,0,nan,0,nan,0,nan,0,nan,0,nan,0,nan,0,nan,0
1597988479807017984,1597988480232000000,2020-08-21 13:41:20.232000,5045.0,5057.0,5009.0,5051.0,nan,5032.0,412610,20762535200.0,515446,5046.0,73,5045.0,290,nan,0,nan,0,nan,0,nan,0,nan,0,nan,0,nan,0,nan,0
1597988480327696896,1597988480733999872,2020-08-21 13:41:20.734000,5045.0,5057.0,5009.0,5051.0,nan,5032.0,412612,20762635840.0,515446,5046.0,73,5045.0,294,nan,0,nan,0,nan,0,nan,0,nan,0,nan,0,nan,0,nan,0
1597988481298860032,1597988481740999936,2020-08-21 13:41:21.741000,5045.0,5057.0,5009.0,5051.0,nan,5032.0,412612,20762635840.0,515446,5046.0,74,5045.0,294,nan,0,nan,0,nan,0,nan,0,nan,0,nan,0,nan,0,nan,0
1597988481826063872,1597988482243000064,2020-08-21 13:41:22.243000,5045.0,5057.0,5009.0,5051.0,nan,5032.0,412612,20762635840.0,515446,5046.0,74,5045.0,295,nan,0,nan,0,nan,0,nan,0,nan,0,nan,0,nan,0,nan,0
1597988482311144960,1597988482739000064,2020-08-21 13:41:22.739000,5046.0,5057.0,5009.0,5051.0,nan,5032.0,412617,20762887440.0,515451,5046.0,76,5045.0,295,nan,0,nan,0,nan,0,nan,0,nan,0,nan,0,nan,0,nan,0
1597988482818118912,1597988483240000000,2020-08-21 13:41:23.240000,5045.0,5057.0,5009.0,5051.0,nan,5032.0,412618,20762937760.0,515451,5046.0,76,5045.0,295,nan,0,nan,0,nan,0,nan,0,nan,0,nan,0,nan,0,nan,0
1597988483313677056,1597988483746000128,2020-08-21 13:41:23.746000,5045.0,5057.0,5009.0,5051.0,nan,5032.0,412619,20762988080.0,515451,5046.0,76,5045.0,294,nan,0,nan,0,nan,0,nan,0,nan,0,nan,0,nan,0,nan,0
1597988483815813120,1597988484239000064,2020-08-21 13:41:24.239000,5045.0,5057.0,5009.0,5051.0,nan,5032.0,412620,20763038400.0,515451,5046.0,77,5045.0,293,nan,0,nan,0,nan,0,nan,0,nan,0,nan,0,nan,0,nan,0
1597988484317891072,1597988484732000000,2020-08-21 13:41:24.732000,5045.0,5057.0,5009.0,5051.0,nan,5032.0,412620,20763038400.0,515451,5046.0,80,5045.0,293,nan,0,nan,0,nan,0,nan,0,nan,0,nan,0,nan,0,nan,0
1597988485317161984,1597988485655000064,2020-08-21 13:41:25.655000,5045.0,5057.0,5009.0,5051.0,nan,5032.0,412620,20763038400.0,515451,5046.0,81,5045.0,294,nan,0,nan,0,nan,0,nan,0,nan,0,nan,0,nan,0,nan,0
1597988485810092032,1597988486210000128,2020-08-21 13:41:26.210000,5046.0,5057.0,5009.0,5051.0,nan,5032.0,412624,20763239680.0,515453,5046.0,77,5045.0,292,nan,0,nan,0,nan,0,nan,0,nan,0,nan,0,nan,0,nan,0
1597988486305037056,1597988486736000000,2020-08-21 13:41:26.736000,5045.0,5057.0,5009.0,5051.0,nan,5032.0,412625,20763290000.0,515454,5046.0,77,5045.0,291,nan,0,nan,0,nan,0,nan,0,nan,0,nan,0,nan,0,nan,0
1597988486815994112,1597988487246000128,2020-08-21 13:41:27.246000,5045.0,5057.0,5009.0,5051.0,nan,5032.0,412628,20763440960.0,515452,5046.0,81,5045.0,288,nan,0,nan,0,nan,0,nan,0,nan,0,nan,0,nan,0,nan,0
1597988487318599936,1597988487737999872,2020-08-21 13:41:27.738000,5045.0,5057.0,5009.0,5051.0,nan,5032.0,412629,20763491280.0,515453,5046.0,84,5045.0,287,nan,0,nan,0,nan,0,nan,0,nan,0,nan,0,nan,0,nan,0
1597988487807664896,1597988488209000192,2020-08-21 13:41:28.209000,5045.0,5057.0,5009.0,5051.0,nan,5032.0,412629,20763491280.0,515453,5046.0,87,5045.0,287,nan,0,nan,0,nan,0,nan,0,nan,0,nan,0,nan,0,nan,0
1597988488313690880,1597988488746000128,2020-08-21 13:41:28.746000,5045.0,5057.0,5009.0,5051.0,nan,5032.0,412630,20763541600.0,515452,5046.0,87,5045.0,286,nan,0,nan,0,nan,0,nan,0,nan,0,nan,0,nan,0,nan,0
1597988489323117056,1597988489736999936,2020-08-21 13:41:29.737000,5045.0,5057.0,5009.0,5051.0,nan,5032.0,412630,20763541600.0,515452,5046.0,87,5045.0,285,nan,0,nan,0,nan,0,nan,0,nan,0,nan,0,nan,0,nan,0
1597988489813387008,1597988490196000000,2020-08-21 13:41:30.196000,5045.0,5057.0,5009.0,5051.0,nan,5032.0,412631,20763591920.0,515451,5046.0,87,5045.0,285,nan,0,nan,0,nan,0,nan,0,nan,0,nan,0,nan,0,nan,0
1597988490331627008,1597988490744000000,2020-08-21 13:41:30.744000,5045.0,5057.0,5009.0,5051.0,nan,5032.0,412633,20763692560.0,515450,5046.0,87,5045.0,283,nan,0,nan,0,nan,0,nan,0,nan,0,nan,0,nan,0,nan,0
1597988490810130944,1597988491246000128,2020-08-21 13:41:31.246000,5045.0,5057.0,5009.0,5051.0,nan,5032.0,412633,20763692560.0,515450,5046.0,88,5045.0,283,nan,0,nan,0,nan,0,nan,0,nan,0,nan,0,nan,0,nan,0
1597988492316986880,1597988492744000000,2020-08-21 13:41:32.744000,5045.0,5057.0,5009.0,5051.0,nan,5032.0,412634,20763742880.0,515449,5046.0,90,5045.0,282,nan,0,nan,0,nan,0,nan,0,nan,0,nan,0,nan,0,nan,0
1597988492821638912,1597988493237999872,2020-08-21 13:41:33.238000,5045.0,5057.0,5009.0,5051.0,nan,5032.0,412634,20763742880.0,515449,5046.0,90,5045.0,283,nan,0,nan,0,nan,0,nan,0,nan,0,nan,0,nan,0,nan,0
1597988493823876096,1597988494226000128,2020-08-21 13:41:34.226000,5045.0,5057.0,5009.0,5051.0,nan,5032.0,412636,20763843520.0,515447,5046.0,90,5045.0,280,nan,0,nan,0,nan,0,nan,0,nan,0,nan,0,nan,0,nan,0
1597988495315289088,1597988495746000128,2020-08-21 13:41:35.746000,5045.0,5057.0,5009.0,5051.0,nan,5032.0,412636,20763843520.0,515447,5046.0,91,5045.0,280,nan,0,nan,0,nan,0,nan,0,nan,0,nan,0,nan,0,nan,0
1597988496316809984,1597988496723000064,2020-08-21 13:41:36.723000,5045.0,5057.0,5009.0,5051.0,nan,5032.0,412637,20763893840.0,515446,5046.0,91,5045.0,279,nan,0,nan,0,nan,0,nan,0,nan,0,nan,0,nan,0,nan,0
1597988496815046912,1597988497244999936,2020-08-21 13:41:37.245000,5045.0,5057.0,5009.0,5051.0,nan,5032.0,412637,20763893840.0,515446,5046.0,90,5045.0,280,nan,0,nan,0,nan,0,nan,0,nan,0,nan,0,nan,0,nan,0
1597988497828765952,1597988498239000064,2020-08-21 13:41:38.239000,5045.0,5057.0,5009.0,5051.0,nan,5032.0,412638,20763944160.0,515447,5046.0,90,5045.0,279,nan,0,nan,0,nan,0,nan,0,nan,0,nan,0,nan,0,nan,0
1597988499313101056,1597988499736999936,2020-08-21 13:41:39.737000,5045.0,5057.0,5009.0,5051.0,nan,5032.0,412638,20763944160.0,515447,5046.0,93,5045.0,279,nan,0,nan,0,nan,0,nan,0,nan,0,nan,0,nan,0,nan,0
1597988500319881984,1597988500740000000,2020-08-21 13:41:40.740000,5046.0,5057.0,5009.0,5051.0,nan,5032.0,412639,20763994480.0,515448,5046.0,92,5045.0,279,nan,0,nan,0,nan,0,nan,0,nan,0,nan,0,nan,0,nan,0
1597988500822408960,1597988501243000064,2020-08-21 13:41:41.243000,5046.0,5057.0,5009.0,5051.0,nan,5032.0,412639,20763994480.0,515448,5046.0,94,5045.0,278,nan,0,nan,0,nan,0,nan,0,nan,0,nan,0,nan,0,nan,0
1597988501313829888,1597988501724999936,2020-08-21 13:41:41.725000,5046.0,5057.0,5009.0,5051.0,nan,5032.0,412640,20764044800.0,515448,5046.0,93,5045.0,278,nan,0,nan,0,nan,0,nan,0,nan,0,nan,0,nan,0,nan,0
1597988501816729088,1597988502227000064,2020-08-21 13:41:42.227000,5046.0,5057.0,5009.0,5051.0,nan,5032.0,412640,20764044800.0,515448,5046.0,103,5045.0,279,nan,0,nan,0,nan,0,nan,0,nan,0,nan,0,nan,0,nan,0
1597988502317395968,1597988502744999936,2020-08-21 13:41:42.745000,5045.0,5057.0,5009.0,5051.0,nan,5032.0,412641,20764095120.0,515449,5046.0,104,5045.0,283,nan,0,nan,0,nan,0,nan,0,nan,0,nan,0,nan,0,nan,0
1597988502821518080,1597988503242000128,2020-08-21 13:41:43.242000,5045.0,5057.0,5009.0,5051.0,nan,5032.0,412641,20764095120.0,515449,5046.0,85,5045.0,283,nan,0,nan,0,nan,0,nan,0,nan,0,nan,0,nan,0,nan,0
1597988503405577984,1597988503740999936,2020-08-21 13:41:43.741000,5045.0,5057.0,5009.0,5051.0,nan,5032.0,412641,20764095120.0,515449,5046.0,86,5045.0,284,nan,0,nan,0,nan,0,nan,0,nan,0,nan,0,nan,0,nan,0
