local_nano_time,quote_nano_time,datetime,last_price,highest,lowest,open,close,average,volume,amount,open_interest,ask_price1,ask_volume1,bid_price1,bid_volume1,ask_price2,ask_volume2,bid_price2,bid_volume2,ask_price3,ask_volume3,bid_price3,bid_volume3,ask_price4,ask_volume4,bid_price4,bid_volume4,ask_price5,ask_volume5,bid_price5,bid_volume5
1597988233122166016,1597988233405999872,2020-08-21 13:37:13.406000,14770.0,14945.0,14700.0,14890.0,nan,14764.693548,25371,1872975200.0,28065,14780.0,55,14770.0,12,14785.0,125,14765.0,137,14790.0,11,14760.0,23,14795.0,42,14755.0,28,14800.0,65,14750.0,7
1597988247136432896,1597988247436999936,2020-08-21 13:37:27.437000,14770.0,14945.0,14700.0,14890.0,nan,14764.693548,25371,1872975200.0,28065,14780.0,55,14770.0,11,14785.0,125,14765.0,137,14790.0,11,14760.0,23,14795.0,42,14755.0,28,14800.0,65,14750.0,7
1597988247624434944,1597988247912000000,2020-08-21 13:37:27.912000,14770.0,14945.0,14700.0,14890.0,nan,14764.693548,25371,1872975200.0,28065,14775.0,6,14770.0,11,14780.0,55,14765.0,137,14785.0,125,14760.0,23,14790.0,11,14755.0,28,14795.0,42,14750.0,7
1597988248159996928,1597988248420999936,2020-08-21 13:37:28.421000,14770.0,14945.0,14700.0,14890.0,nan,14764.693548,25371,1872975200.0,28065,14775.0,3,14770.0,9,14780.0,52,14765.0,126,14785.0,113,14760.0,23,14790.0,11,14755.0,28,14795.0,42,14750.0,7
1597988248648907008,1597988248938999808,2020-08-21 13:37:28.939000,14770.0,14945.0,14700.0,14890.0,nan,14764.693548,25371,1872975200.0,28065,14775.0,3,14770.0,9,14780.0,52,14765.0,136,14785.0,125,14760.0,23,14790.0,11,14755.0,28,14795.0,42,14750.0,7
1597988249152848896,1597988249420000000,2020-08-21 13:37:29.420000,14770.0,14945.0,14700.0,14890.0,nan,14764.693548,25371,1872975200.0,28065,14775.0,3,14770.0,11,14780.0,52,14765.0,136,14785.0,125,14760.0,23,14790.0,11,14755.0,28,14795.0,42,14750.0,7
1597988252151738880,1597988252421999872,2020-08-21 13:37:32.422000,14770.0,14945.0,14700.0,14890.0,nan,14764.693757,25372,1873049050.0,28065,14775.0,3,14770.0,10,14780.0,52,14765.0,136,14785.0,125,14760.0,23,14790.0,11,14755.0,28,14795.0,42,14750.0,7
1597988252651791104,1597988252933000192,2020-08-21 13:37:32.933000,14770.0,14945.0,14700.0,14890.0,nan,14764.693757,25372,1873049050.0,28065,14775.0,9,14770.0,10,14780.0,52,14765.0,136,14785.0,125,14760.0,23,14790.0,11,14755.0,28,14795.0,42,14750.0,7
1597988253165199104,1597988253424000000,2020-08-21 13:37:33.424000,14770.0,14945.0,14700.0,14890.0,nan,14764.693757,25372,1873049050.0,28065,14775.0,9,14770.0,8,14780.0,52,14765.0,136,14785.0,125,14760.0,23,14790.0,11,14755.0,28,14795.0,42,14750.0,7
1597988253625867008,1597988253898999808,2020-08-21 13:37:33.899000,14770.0,14945.0,14700.0,14890.0,nan,14764.693757,25372,1873049050.0,28065,14775.0,9,14770.0,8,14780.0,100,14765.0,90,14785.0,74,14760.0,71,14790.0,11,14755.0,28,14795.0,42,14750.0,7
1597988254124625920,1597988254438999808,2020-08-21 13:37:34.439000,14770.0,14945.0,14700.0,14890.0,nan,14764.693757,25372,1873049050.0,28065,14775.0,9,14770.0,8,14780.0,112,14765.0,54,14785.0,38,14760.0,83,14790.0,11,14755.0,28,14795.0,42,14750.0,7
1597988254623728896,1597988254935000064,2020-08-21 13:37:34.935000,14770.0,14945.0,14700.0,14890.0,nan,14764.693757,25372,1873049050.0,28065,14775.0,9,14770.0,8,14780.0,136,14765.0,54,14785.0,38,14760.0,107,14790.0,11,14755.0,28,14795.0,42,14750.0,7
1597988255113014016,1597988255433000192,2020-08-21 13:37:35.433000,14770.0,14945.0,14700.0,14890.0,nan,14764.693757,25372,1873049050.0,28065,14775.0,9,14770.0,9,14780.0,136,14765.0,54,14785.0,38,14760.0,107,14790.0,11,14755.0,28,14795.0,42,14750.0,7
1597988255618402048,1597988255931000064,2020-08-21 13:37:35.931000,14770.0,14945.0,14700.0,14890.0,nan,14764.693757,25372,1873049050.0,28065,14775.0,9,14770.0,9,14780.0,88,14765.0,102,14785.0,86,14760.0,59,14790.0,11,14755.0,28,14795.0,42,14750.0,7
1597988256148771072,1597988256426000128,2020-08-21 13:37:36.426000,14770.0,14945.0,14700.0,14890.0,nan,14764.693757,25372,1873049050.0,28065,14775.0,9,14770.0,9,14780.0,64,14765.0,114,14785.0,97,14760.0,35,14790.0,11,14755.0,28,14795.0,42,14750.0,7
1597988256644781056,1597988256924999936,2020-08-21 13:37:36.925000,14770.0,14945.0,14700.0,14890.0,nan,14764.693757,25372,1873049050.0,28065,14775.0,9,14770.0,9,14780.0,52,14765.0,126,14785.0,109,14760.0,23,14790.0,11,14755.0,28,14795.0,42,14750.0,7
1597988257144371968,1597988257427000064,2020-08-21 13:37:37.427000,14770.0,14945.0,14700.0,14890.0,nan,14764.693757,25372,1873049050.0,28065,14775.0,9,14770.0,9,14780.0,52,14765.0,138,14785.0,108,14760.0,23,14790.0,11,14755.0,28,14795.0,42,14750.0,7
1597988257618531072,1597988257933000192,2020-08-21 13:37:37.933000,14770.0,14945.0,14700.0,14890.0,nan,14764.693757,25372,1873049050.0,28065,14775.0,9,14770.0,9,14780.0,52,14765.0,138,14785.0,120,14760.0,23,14790.0,11,14755.0,28,14795.0,42,14750.0,7
1597988260139051008,1597988260427000064,2020-08-21 13:37:40.427000,14770.0,14945.0,14700.0,14890.0,nan,14764.694175,25374,1873196750.0,28065,14775.0,9,14770.0,7,14780.0,52,14765.0,138,14785.0,120,14760.0,23,14790.0,11,14755.0,28,14795.0,42,14750.0,7
1597988260627757056,1597988260932000000,2020-08-21 13:37:40.932000,14770.0,14945.0,14700.0,14890.0,nan,14764.694175,25374,1873196750.0,28065,14775.0,9,14770.0,7,14780.0,100,14765.0,90,14785.0,72,14760.0,71,14790.0,11,14755.0,28,14795.0,42,14750.0,7
1597988261154403072,1597988261723000064,2020-08-21 13:37:41.723000,14770.0,14945.0,14700.0,14890.0,nan,14764.694175,25374,1873196750.0,28065,14775.0,9,14770.0,7,14780.0,112,14765.0,54,14785.0,36,14760.0,83,14790.0,11,14755.0,28,14795.0,42,14750.0,7
1597988261618164992,1597988261931000064,2020-08-21 13:37:41.931000,14770.0,14945.0,14700.0,14890.0,nan,14764.694175,25374,1873196750.0,28065,14775.0,9,14770.0,7,14780.0,136,14765.0,54,14785.0,36,14760.0,107,14790.0,11,14755.0,28,14795.0,42,14750.0,7
1597988268626227968,1597988268924999936,2020-08-21 13:37:48.925000,14770.0,14945.0,14700.0,14890.0,nan,14764.694175,25374,1873196750.0,28065,14775.0,9,14770.0,7,14780.0,136,14765.0,54,14785.0,36,14760.0,107,14790.0,11,14755.0,28,14795.0,41,14750.0,7
1597988271151255040,1597988271434000128,2020-08-21 13:37:51.434000,14770.0,14945.0,14700.0,14890.0,nan,14764.694384,25375,1873270600.0,28065,14775.0,9,14770.0,6,14780.0,136,14765.0,54,14785.0,36,14760.0,107,14790.0,11,14755.0,28,14795.0,41,14750.0,7
1597988271608790016,1597988271913000192,2020-08-21 13:37:51.913000,14770.0,14945.0,14700.0,14890.0,nan,14764.696056,25383,1873861400.0,28064,14775.0,7,14770.0,3,14780.0,102,14765.0,32,14785.0,36,14760.0,95,14790.0,11,14755.0,28,14795.0,41,14750.0,7
1597988272139515904,1597988272432000000,2020-08-21 13:37:52.432000,14775.0,14945.0,14700.0,14890.0,nan,14764.699523,25393,1874600075.0,28067,14775.0,5,14765.0,32,14780.0,78,14760.0,83,14785.0,36,14755.0,28,14790.0,11,14750.0,7,14795.0,41,14745.0,29
1597988272626392064,1597988272932000000,2020-08-21 13:37:52.932000,14770.0,14945.0,14700.0,14890.0,nan,14764.700138,25395,1874747800.0,28066,14775.0,8,14770.0,1,14780.0,100,14765.0,32,14785.0,24,14760.0,83,14790.0,11,14755.0,28,14795.0,41,14750.0,7
1597988273151138048,1597988273434000128,2020-08-21 13:37:53.434000,14775.0,14945.0,14700.0,14890.0,nan,14764.700543,25396,1874821675.0,28065,14775.0,13,14770.0,3,14780.0,124,14765.0,54,14785.0,36,14760.0,95,14790.0,11,14755.0,28,14795.0,41,14750.0,7
1597988273618224128,1597988273932000000,2020-08-21 13:37:53.932000,14775.0,14945.0,14700.0,14890.0,nan,14764.700543,25396,1874821675.0,28065,14775.0,13,14770.0,3,14780.0,136,14765.0,54,14785.0,36,14760.0,107,14790.0,11,14755.0,28,14795.0,41,14750.0,7
1597988276151081984,1597988276423000064,2020-08-21 13:37:56.423000,14770.0,14945.0,14700.0,14890.0,nan,14764.700752,25397,1874895525.0,28065,14775.0,13,14770.0,2,14780.0,136,14765.0,54,14785.0,36,14760.0,107,14790.0,11,14755.0,28,14795.0,41,14750.0,7
1597988277238383104,1597988277428999936,2020-08-21 13:37:57.429000,14770.0,14945.0,14700.0,14890.0,nan,14764.701169,25399,1875043225.0,28066,14770.0,2,14765.0,32,14775.0,11,14760.0,95,14780.0,102,14755.0,28,14785.0,36,14750.0,7,14790.0,11,14745.0,29
1597988277629327104,1597988277920000000,2020-08-21 13:37:57.920000,14770.0,14945.0,14700.0,14890.0,nan,14764.701587,25401,1875190925.0,28065,14770.0,7,14765.0,7,14775.0,11,14760.0,83,14780.0,88,14755.0,28,14785.0,12,14750.0,7,14790.0,11,14745.0,29
1597988278136758016,1597988278436000000,2020-08-21 13:37:58.436000,14770.0,14945.0,14700.0,14890.0,nan,14764.701587,25401,1875190925.0,28065,14770.0,16,14765.0,6,14775.0,47,14760.0,130,14780.0,116,14755.0,40,14785.0,12,14750.0,7,14790.0,11,14745.0,29
1597988278636627968,1597988278937999872,2020-08-21 13:37:58.938000,14770.0,14945.0,14700.0,14890.0,nan,14764.701587,25401,1875190925.0,28065,14770.0,16,14765.0,6,14775.0,96,14760.0,97,14780.0,80,14755.0,88,14785.0,12,14750.0,7,14790.0,11,14745.0,29
1597988279160200960,1597988279436000000,2020-08-21 13:37:59.436000,14770.0,14945.0,14700.0,14890.0,nan,14764.701587,25401,1875190925.0,28065,14770.0,10,14765.0,12,14775.0,108,14760.0,73,14780.0,56,14755.0,100,14785.0,12,14750.0,7,14790.0,11,14745.0,29
1597988279659805952,1597988280153000192,2020-08-21 13:38:00.153000,14770.0,14945.0,14700.0,14890.0,nan,14764.701587,25401,1875190925.0,28065,14770.0,10,14765.0,12,14775.0,72,14760.0,109,14780.0,92,14755.0,64,14785.0,12,14750.0,7,14790.0,11,14745.0,29
1597988280171827968,1597988280742000128,2020-08-21 13:38:00.742000,14770.0,14945.0,14700.0,14890.0,nan,14764.701587,25401,1875190925.0,28065,14770.0,10,14765.0,12,14775.0,48,14760.0,133,14780.0,116,14755.0,40,14785.0,12,14750.0,7,14790.0,11,14745.0,29
1597988280623700992,1597988280933000192,2020-08-21 13:38:00.933000,14770.0,14945.0,14700.0,14890.0,nan,14764.701587,25401,1875190925.0,28065,14770.0,10,14765.0,12,14775.0,48,14760.0,145,14780.0,128,14755.0,40,14785.0,12,14750.0,7,14790.0,11,14745.0,29
1597988281621519872,1597988281924999936,2020-08-21 13:38:01.925000,14770.0,14945.0,14700.0,14890.0,nan,14764.701587,25401,1875190925.0,28065,14770.0,10,14765.0,12,14775.0,49,14760.0,145,14780.0,128,14755.0,40,14785.0,12,14750.0,7,14790.0,11,14745.0,29
1597988284622374912,1597988284932000000,2020-08-21 13:38:04.932000,14770.0,14945.0,14700.0,14890.0,nan,14764.701587,25401,1875190925.0,28065,14770.0,10,14765.0,13,14775.0,49,14760.0,145,14780.0,128,14755.0,40,14785.0,12,14750.0,7,14790.0,11,14745.0,29
1597988286635350016,1597988286936000000,2020-08-21 13:38:06.936000,14770.0,14945.0,14700.0,14890.0,nan,14764.701587,25401,1875190925.0,28065,14770.0,17,14765.0,13,14775.0,49,14760.0,145,14780.0,128,14755.0,40,14785.0,12,14750.0,7,14790.0,11,14745.0,29
1597988287133259008,1597988287435000064,2020-08-21 13:38:07.435000,14770.0,14945.0,14700.0,14890.0,nan,14764.701587,25401,1875190925.0,28065,14770.0,17,14765.0,7,14775.0,97,14760.0,97,14780.0,80,14755.0,88,14785.0,12,14750.0,7,14790.0,11,14745.0,29
1597988287625575936,1597988287937999872,2020-08-21 13:38:07.938000,14770.0,14945.0,14700.0,14890.0,nan,14764.701587,25401,1875190925.0,28065,14770.0,17,14765.0,7,14775.0,109,14760.0,73,14780.0,56,14755.0,100,14785.0,12,14750.0,7,14790.0,11,14745.0,29
1597988288154284032,1597988288436999936,2020-08-21 13:38:08.437000,14770.0,14945.0,14700.0,14890.0,nan,14764.701587,25401,1875190925.0,28065,14770.0,17,14765.0,7,14775.0,121,14760.0,61,14780.0,44,14755.0,112,14785.0,12,14750.0,7,14790.0,11,14745.0,29
1597988288620468992,1597988288913000192,2020-08-21 13:38:08.913000,14770.0,14945.0,14700.0,14890.0,nan,14764.701587,25401,1875190925.0,28065,14770.0,17,14765.0,7,14775.0,133,14760.0,61,14780.0,44,14755.0,124,14785.0,12,14750.0,7,14790.0,11,14745.0,29
1597988295180152064,1597988295438999808,2020-08-21 13:38:15.439000,14765.0,14945.0,14700.0,14890.0,nan,14764.70161,25403,1875338575.0,28064,14770.0,17,14765.0,5,14775.0,133,14760.0,61,14780.0,44,14755.0,124,14785.0,12,14750.0,7,14790.0,11,14745.0,29
1597988295637945088,1597988295937999872,2020-08-21 13:38:15.938000,14765.0,14945.0,14700.0,14890.0,nan,14764.701669,25408,1875707700.0,28064,14770.0,15,14760.0,39,14775.0,99,14755.0,112,14780.0,44,14750.0,7,14785.0,12,14745.0,29,14790.0,11,14740.0,46
1597988296132741888,1597988296431000064,2020-08-21 13:38:16.431000,14765.0,14945.0,14700.0,14890.0,nan,14764.701669,25408,1875707700.0,28064,14770.0,15,14760.0,27,14775.0,87,14755.0,100,14780.0,32,14750.0,7,14785.0,12,14745.0,29,14790.0,11,14740.0,46
1597988296663678976,1597988296903000064,2020-08-21 13:38:16.903000,14765.0,14945.0,14700.0,14890.0,nan,14764.701669,25408,1875707700.0,28064,14770.0,17,14760.0,38,14775.0,144,14755.0,136,14780.0,20,14750.0,7,14785.0,12,14745.0,29,14790.0,11,14740.0,46
1597988297171055104,1597988297424999936,2020-08-21 13:38:17.425000,14765.0,14945.0,14700.0,14890.0,nan,14764.701669,25408,1875707700.0,28064,14770.0,17,14760.0,51,14775.0,145,14755.0,136,14780.0,32,14750.0,7,14785.0,12,14745.0,29,14790.0,11,14740.0,46
1597988302650002944,1597988302926000128,2020-08-21 13:38:22.926000,14760.0,14945.0,14700.0,14890.0,nan,14764.701299,25410,1875855300.0,28064,14770.0,15,14760.0,49,14775.0,145,14755.0,136,14780.0,32,14750.0,7,14785.0,12,14745.0,29,14790.0,11,14740.0,46
1597988303126667008,1597988303428000000,2020-08-21 13:38:23.428000,14760.0,14945.0,14700.0,14890.0,nan,14764.701299,25410,1875855300.0,28064,14770.0,15,14760.0,50,14775.0,143,14755.0,136,14780.0,32,14750.0,7,14785.0,12,14745.0,29,14790.0,11,14740.0,46
1597988303629278976,1597988303917999872,2020-08-21 13:38:23.918000,14760.0,14945.0,14700.0,14890.0,nan,14764.701299,25410,1875855300.0,28064,14770.0,17,14765.0,1,14775.0,143,14760.0,50,14780.0,32,14755.0,136,14785.0,12,14750.0,7,14790.0,11,14745.0,29
1597988304172303872,1597988304435000064,2020-08-21 13:38:24.435000,14765.0,14945.0,14700.0,14890.0,nan,14764.701346,25414,1876150600.0,28062,14770.0,15,14765.0,1,14775.0,97,14760.0,26,14780.0,32,14755.0,112,14785.0,12,14750.0,7,14790.0,11,14745.0,29
1597988304667357952,1597988304928999936,2020-08-21 13:38:24.929000,14765.0,14945.0,14700.0,14890.0,nan,14764.701346,25414,1876150600.0,28062,14770.0,16,14765.0,1,14775.0,96,14760.0,25,14780.0,32,14755.0,112,14785.0,12,14750.0,7,14790.0,11,14745.0,29
1597988305119537920,1597988305433000192,2020-08-21 13:38:25.433000,14765.0,14945.0,14700.0,14890.0,nan,14764.701346,25414,1876150600.0,28062,14770.0,18,14765.0,3,14775.0,130,14760.0,47,14780.0,32,14755.0,124,14785.0,12,14750.0,7,14790.0,11,14745.0,29
1597988305640794112,1597988305936999936,2020-08-21 13:38:25.937000,14765.0,14945.0,14700.0,14890.0,nan,14764.701346,25414,1876150600.0,28062,14770.0,18,14765.0,3,14775.0,131,14760.0,48,14780.0,32,14755.0,124,14785.0,12,14750.0,7,14790.0,11,14745.0,29
1597988311119638016,1597988311407000064,2020-08-21 13:38:31.407000,14765.0,14945.0,14700.0,14890.0,nan,14764.701346,25414,1876150600.0,28062,14770.0,17,14765.0,3,14775.0,131,14760.0,48,14780.0,32,14755.0,124,14785.0,12,14750.0,7,14790.0,11,14745.0,29
1597988311623983104,1597988311936000000,2020-08-21 13:38:31.936000,14765.0,14945.0,14700.0,14890.0,nan,14764.701346,25414,1876150600.0,28062,14770.0,15,14765.0,3,14775.0,131,14760.0,48,14780.0,32,14755.0,124,14785.0,12,14750.0,7,14790.0,11,14745.0,29
1597988312153031936,1597988312436999936,2020-08-21 13:38:32.437000,14765.0,14945.0,14700.0,14890.0,nan,14764.701346,25414,1876150600.0,28062,14770.0,15,14765.0,5,14775.0,133,14760.0,48,14780.0,32,14755.0,124,14785.0,12,14750.0,7,14790.0,11,14745.0,29
1597988317150989056,1597988317431000064,2020-08-21 13:38:37.431000,14765.0,14945.0,14700.0,14890.0,nan,14764.701404,25419,1876519725.0,28065,14765.0,2,14760.0,26,14770.0,13,14755.0,112,14775.0,99,14750.0,7,14780.0,32,14745.0,29,14785.0,12,14740.0,46
1597988317648517888,1597988317900999936,2020-08-21 13:38:37.901000,14765.0,14945.0,14700.0,14890.0,nan,14764.701428,25421,1876667375.0,28066,14770.0,15,14760.0,13,14775.0,96,14755.0,112,14780.0,20,14750.0,7,14785.0,12,14745.0,29,14790.0,11,14740.0,46
1597988318188901120,1597988318716000000,2020-08-21 13:38:38.716000,14765.0,14945.0,14700.0,14890.0,nan,14764.701428,25421,1876667375.0,28066,14770.0,42,14760.0,16,14775.0,108,14755.0,146,14780.0,20,14750.0,7,14785.0,12,14745.0,29,14790.0,11,14740.0,46
1597988318618147072,1597988318931000064,2020-08-21 13:38:38.931000,14765.0,14945.0,14700.0,14890.0,nan,14764.701428,25421,1876667375.0,28066,14770.0,55,14760.0,14,14775.0,120,14755.0,159,14780.0,20,14750.0,19,14785.0,12,14745.0,29,14790.0,11,14740.0,46
1597988319142650112,1597988319404000000,2020-08-21 13:38:39.404000,14765.0,14945.0,14700.0,14890.0,nan,14764.701428,25421,1876667375.0,28066,14770.0,55,14760.0,12,14775.0,120,14755.0,161,14780.0,20,14750.0,19,14785.0,12,14745.0,29,14790.0,11,14740.0,46
1597988336633383936,1597988336936999936,2020-08-21 13:38:56.937000,14765.0,14945.0,14700.0,14890.0,nan,14764.701428,25421,1876667375.0,28066,14770.0,55,14760.0,12,14775.0,120,14755.0,161,14780.0,21,14750.0,19,14785.0,12,14745.0,29,14790.0,11,14740.0,46
1597988337656211968,1597988338239000064,2020-08-21 13:38:58.239000,14765.0,14945.0,14700.0,14890.0,nan,14764.701428,25421,1876667375.0,28066,14765.0,1,14760.0,12,14770.0,55,14755.0,161,14775.0,120,14750.0,19,14780.0,21,14745.0,29,14785.0,12,14740.0,46
1597988338143196928,1597988338428000000,2020-08-21 13:38:58.428000,14765.0,14945.0,14700.0,14890.0,nan,14764.701463,25424,1876888850.0,28067,14770.0,18,14765.0,2,14775.0,96,14760.0,9,14780.0,21,14755.0,113,14785.0,12,14750.0,7,14790.0,11,14745.0,29
1597988338628864000,1597988338928999936,2020-08-21 13:38:58.929000,14765.0,14945.0,14700.0,14890.0,nan,14764.701487,25426,1877036500.0,28066,14770.0,18,14765.0,2,14775.0,96,14760.0,24,14780.0,33,14755.0,112,14785.0,12,14750.0,7,14790.0,11,14745.0,29
1597988339303501056,1597988339424000000,2020-08-21 13:38:59.424000,14765.0,14945.0,14700.0,14890.0,nan,14764.701487,25426,1877036500.0,28066,14770.0,20,14765.0,4,14775.0,142,14760.0,46,14780.0,33,14755.0,136,14785.0,12,14750.0,7,14790.0,11,14745.0,29
1597988339634053120,1597988339934000128,2020-08-21 13:38:59.934000,14765.0,14945.0,14700.0,14890.0,nan,14764.701487,25426,1877036500.0,28066,14770.0,18,14765.0,4,14775.0,143,14760.0,47,14780.0,33,14755.0,136,14785.0,12,14750.0,7,14790.0,11,14745.0,29
1597988340155599872,1597988340432000000,2020-08-21 13:39:00.432000,14765.0,14945.0,14700.0,14890.0,nan,14764.701487,25426,1877036500.0,28066,14770.0,18,14765.0,4,14775.0,145,14760.0,47,14780.0,33,14755.0,136,14785.0,12,14750.0,7,14790.0,11,14745.0,29
1597988355622449920,1597988355934000128,2020-08-21 13:39:15.934000,14765.0,14945.0,14700.0,14890.0,nan,14764.701487,25426,1877036500.0,28066,14770.0,19,14765.0,4,14775.0,145,14760.0,47,14780.0,33,14755.0,136,14785.0,12,14750.0,7,14790.0,11,14745.0,29
1597988356627087104,1597988356924999936,2020-08-21 13:39:16.925000,14765.0,14945.0,14700.0,14890.0,nan,14764.701487,25426,1877036500.0,28066,14770.0,19,14765.0,6,14775.0,145,14760.0,47,14780.0,33,14755.0,136,14785.0,12,14750.0,7,14790.0,11,14745.0,29
1597988357612858112,1597988357931000064,2020-08-21 13:39:17.931000,14765.0,14945.0,14700.0,14890.0,nan,14764.701487,25426,1877036500.0,28066,14770.0,20,14765.0,6,14775.0,145,14760.0,47,14780.0,33,14755.0,136,14785.0,12,14750.0,7,14790.0,11,14745.0,29
1597988360149896960,1597988360408999936,2020-08-21 13:39:20.409000,14770.0,14945.0,14700.0,14890.0,nan,14764.702528,25431,1877405750.0,28066,14770.0,15,14765.0,6,14775.0,145,14760.0,47,14780.0,33,14755.0,136,14785.0,12,14750.0,7,14790.0,11,14745.0,29
1597988360621984000,1597988360845999872,2020-08-21 13:39:20.846000,14765.0,14945.0,14700.0,14890.0,nan,14764.70254,25432,1877479575.0,28066,14770.0,15,14765.0,5,14775.0,145,14760.0,47,14780.0,33,14755.0,136,14785.0,12,14750.0,7,14790.0,11,14745.0,29
1597988363633305088,1597988363923000064,2020-08-21 13:39:23.923000,14770.0,14945.0,14700.0,14890.0,nan,14764.702748,25433,1877553425.0,28065,14770.0,14,14765.0,4,14775.0,145,14760.0,47,14780.0,33,14755.0,136,14785.0,12,14750.0,7,14790.0,11,14745.0,29
1597988366216446976,1597988366421999872,2020-08-21 13:39:26.422000,14770.0,14945.0,14700.0,14890.0,nan,14764.702748,25433,1877553425.0,28065,14770.0,14,14765.0,13,14775.0,145,14760.0,47,14780.0,33,14755.0,136,14785.0,12,14750.0,7,14790.0,11,14745.0,29
1597988366653955072,1597988366920000000,2020-08-21 13:39:26.920000,14770.0,14945.0,14700.0,14890.0,nan,14764.702748,25433,1877553425.0,28065,14770.0,9,14765.0,13,14775.0,145,14760.0,47,14780.0,33,14755.0,136,14785.0,12,14750.0,7,14790.0,11,14745.0,29
1597988367146096128,1597988367416000000,2020-08-21 13:39:27.416000,14770.0,14945.0,14700.0,14890.0,nan,14764.702748,25433,1877553425.0,28065,14770.0,9,14765.0,13,14775.0,97,14760.0,95,14780.0,81,14755.0,88,14785.0,12,14750.0,7,14790.0,11,14745.0,29
1597988367670803968,1597988367901999872,2020-08-21 13:39:27.902000,14770.0,14945.0,14700.0,14890.0,nan,14764.702748,25433,1877553425.0,28065,14770.0,9,14765.0,13,14775.0,73,14760.0,107,14780.0,93,14755.0,64,14785.0,12,14750.0,7,14790.0,11,14745.0,29
1597988368128350976,1597988368420999936,2020-08-21 13:39:28.421000,14770.0,14945.0,14700.0,14890.0,nan,14764.702748,25433,1877553425.0,28065,14770.0,11,14765.0,13,14775.0,61,14760.0,119,14780.0,105,14755.0,52,14785.0,12,14750.0,7,14790.0,11,14745.0,29
1597988368625052928,1597988368928999936,2020-08-21 13:39:28.929000,14770.0,14945.0,14700.0,14890.0,nan,14764.702748,25433,1877553425.0,28065,14770.0,11,14765.0,13,14775.0,61,14760.0,131,14780.0,117,14755.0,52,14785.0,12,14750.0,7,14790.0,11,14745.0,29
1597988370646597888,1597988370926000128,2020-08-21 13:39:30.926000,14770.0,14945.0,14700.0,14890.0,nan,14764.702748,25433,1877553425.0,28065,14770.0,11,14765.0,13,14775.0,61,14760.0,131,14780.0,106,14755.0,52,14785.0,12,14750.0,7,14790.0,11,14745.0,29
1597988386618356992,1597988386927000064,2020-08-21 13:39:46.927000,14770.0,14945.0,14700.0,14890.0,nan,14764.704206,25440,1878070375.0,28065,14770.0,12,14765.0,11,14775.0,39,14760.0,97,14780.0,94,14755.0,52,14785.0,12,14750.0,7,14790.0,11,14745.0,29
1597988387158198016,1597988387426000128,2020-08-21 13:39:47.426000,14765.0,14945.0,14700.0,14890.0,nan,14764.704334,25451,1878882450.0,28065,14770.0,12,14760.0,61,14775.0,75,14755.0,88,14780.0,58,14750.0,7,14785.0,12,14745.0,29,14790.0,11,14740.0,46
1597988387647352064,1597988387872000000,2020-08-21 13:39:47.872000,14765.0,14945.0,14700.0,14890.0,nan,14764.704334,25451,1878882450.0,28065,14770.0,14,14760.0,49,14775.0,97,14755.0,88,14780.0,22,14750.0,7,14785.0,12,14745.0,29,14790.0,11,14740.0,46
1597988388159008000,1597988388436999936,2020-08-21 13:39:48.437000,14765.0,14945.0,14700.0,14890.0,nan,14764.704334,25451,1878882450.0,28065,14770.0,14,14760.0,49,14775.0,145,14755.0,136,14780.0,22,14750.0,7,14785.0,12,14745.0,29,14790.0,11,14740.0,46
1597988398648549888,1597988398860999936,2020-08-21 13:39:58.861000,14765.0,14945.0,14700.0,14890.0,nan,14764.704334,25451,1878882450.0,28065,14770.0,14,14760.0,49,14775.0,145,14755.0,136,14780.0,23,14750.0,7,14785.0,12,14745.0,29,14790.0,11,14740.0,46
1597988399158990080,1597988399408999936,2020-08-21 13:39:59.409000,14765.0,14945.0,14700.0,14890.0,nan,14764.704334,25451,1878882450.0,28065,14770.0,14,14765.0,1,14775.0,145,14760.0,49,14780.0,23,14755.0,136,14785.0,12,14750.0,7,14790.0,11,14745.0,29
1597988399616890112,1597988399924999936,2020-08-21 13:39:59.925000,14765.0,14945.0,14700.0,14890.0,nan,14764.704334,25451,1878882450.0,28065,14770.0,14,14765.0,8,14775.0,131,14760.0,47,14780.0,23,14755.0,124,14785.0,12,14750.0,7,14790.0,11,14745.0,29
1597988400154342912,1597988400420999936,2020-08-21 13:40:00.421000,14765.0,14945.0,14700.0,14890.0,nan,14764.704334,25451,1878882450.0,28065,14770.0,14,14765.0,8,14775.0,145,14760.0,47,14780.0,23,14755.0,136,14785.0,12,14750.0,7,14790.0,11,14745.0,29
1597988400643072000,1597988400937999872,2020-08-21 13:40:00.938000,14765.0,14945.0,14700.0,14890.0,nan,14764.704427,25459,1879473050.0,28064,14765.0,2,14760.0,25,14770.0,12,14755.0,124,14775.0,111,14750.0,7,14780.0,23,14745.0,29,14785.0,12,14740.0,46
1597988401125880064,1597988401428999936,2020-08-21 13:40:01.429000,14760.0,14945.0,14700.0,14890.0,nan,14764.702984,25470,1880284925.0,28058,14765.0,9,14760.0,3,14770.0,3,14755.0,113,14775.0,96,14750.0,19,14780.0,11,14745.0,29,14785.0,12,14740.0,46
1597988401634744064,1597988401930000128,2020-08-21 13:40:01.930000,14760.0,14945.0,14700.0,14890.0,nan,14764.702904,25480,1881023150.0,28060,14765.0,8,14760.0,10,14770.0,64,14755.0,110,14775.0,72,14750.0,43,14780.0,11,14745.0,29,14785.0,12,14740.0,46
1597988402164325120,1597988402413000192,2020-08-21 13:40:02.413000,14760.0,14945.0,14700.0,14890.0,nan,14764.702755,25484,1881318425.0,28060,14770.0,6,14760.0,13,14775.0,108,14755.0,128,14780.0,11,14750.0,19,14785.0,12,14745.0,29,14790.0,11,14740.0,46
1597988402619805952,1597988402918999808,2020-08-21 13:40:02.919000,14760.0,14945.0,14700.0,14890.0,nan,14764.702755,25484,1881318425.0,28060,14770.0,4,14760.0,15,14775.0,96,14755.0,112,14780.0,11,14750.0,7,14785.0,12,14745.0,29,14790.0,11,14740.0,46
1597988403154563072,1597988403432000000,2020-08-21 13:40:03.432000,14760.0,14945.0,14700.0,14890.0,nan,14764.702755,25484,1881318425.0,28060,14770.0,18,14760.0,41,14775.0,132,14755.0,124,14780.0,11,14750.0,7,14785.0,12,14745.0,29,14790.0,11,14740.0,46
1597988403655418880,1597988404095000064,2020-08-21 13:40:04.095000,14760.0,14945.0,14700.0,14890.0,nan,14764.702755,25484,1881318425.0,28060,14770.0,17,14760.0,54,14775.0,145,14755.0,136,14780.0,23,14750.0,7,14785.0,12,14745.0,29,14790.0,11,14740.0,46
1597988404656835072,1597988404903000064,2020-08-21 13:40:04.903000,14760.0,14945.0,14700.0,14890.0,nan,14764.702755,25484,1881318425.0,28060,14770.0,18,14760.0,54,14775.0,133,14755.0,124,14780.0,23,14750.0,7,14785.0,12,14745.0,29,14790.0,11,14740.0,46
1597988405638775040,1597988405897000192,2020-08-21 13:40:05.897000,14760.0,14945.0,14700.0,14890.0,nan,14764.702755,25484,1881318425.0,28060,14765.0,1,14760.0,62,14770.0,18,14755.0,124,14775.0,133,14750.0,7,14780.0,23,14745.0,29,14785.0,12,14740.0,46
1597988406162651904,1597988406427000064,2020-08-21 13:40:06.427000,14765.0,14945.0,14700.0,14890.0,nan,14764.702801,25488,1881613725.0,28058,14770.0,16,14765.0,1,14775.0,85,14760.0,38,14780.0,23,14755.0,100,14785.0,12,14750.0,7,14790.0,11,14745.0,29
1597988406644172032,1597988406927000064,2020-08-21 13:40:06.927000,14765.0,14945.0,14700.0,14890.0,nan,14764.702801,25488,1881613725.0,28058,14770.0,19,14765.0,9,14775.0,73,14760.0,30,14780.0,23,14755.0,88,14785.0,12,14750.0,7,14790.0,11,14745.0,29
1597988407134074112,1597988407437999872,2020-08-21 13:40:07.438000,14765.0,14945.0,14700.0,14890.0,nan,14764.702801,25488,1881613725.0,28058,14770.0,12,14765.0,17,14775.0,119,14760.0,52,14780.0,23,14755.0,112,14785.0,12,14750.0,7,14790.0,11,14745.0,29
1597988407651726080,1597988407897000192,2020-08-21 13:40:07.897000,14765.0,14945.0,14700.0,14890.0,nan,14764.702801,25488,1881613725.0,28058,14770.0,12,14765.0,17,14775.0,97,14760.0,100,14780.0,59,14755.0,88,14785.0,12,14750.0,7,14790.0,11,14745.0,29
1597988408192902912,1597988408431000064,2020-08-21 13:40:08.431000,14765.0,14945.0,14700.0,14890.0,nan,14764.702801,25488,1881613725.0,28058,14770.0,12,14765.0,17,14775.0,73,14760.0,112,14780.0,70,14755.0,64,14785.0,12,14750.0,7,14790.0,11,14745.0,29
1597988408655929088,1597988409211000064,2020-08-21 13:40:09.211000,14765.0,14945.0,14700.0,14890.0,nan,14764.702813,25489,1881687550.0,28058,14770.0,12,14765.0,16,14775.0,73,14760.0,124,14780.0,83,14755.0,64,14785.0,12,14750.0,7,14790.0,11,14745.0,29
1597988409146280960,1597988409415000064,2020-08-21 13:40:09.415000,14765.0,14945.0,14700.0,14890.0,nan,14764.702813,25489,1881687550.0,28058,14770.0,12,14765.0,16,14775.0,61,14760.0,124,14780.0,83,14755.0,52,14785.0,12,14750.0,7,14790.0,11,14745.0,29
1597988409638544896,1597988409904999936,2020-08-21 13:40:09.905000,14765.0,14945.0,14700.0,14890.0,nan,14764.702813,25489,1881687550.0,28058,14770.0,12,14765.0,16,14775.0,61,14760.0,136,14780.0,95,14755.0,52,14785.0,12,14750.0,7,14790.0,11,14745.0,29
1597988414659147008,1597988414920999936,2020-08-21 13:40:14.921000,14765.0,14945.0,14700.0,14890.0,nan,14764.702813,25489,1881687550.0,28058,14770.0,12,14765.0,16,14775.0,61,14760.0,137,14780.0,95,14755.0,52,14785.0,12,14750.0,7,14790.0,11,14745.0,29
1597988415145650944,1597988415437999872,2020-08-21 13:40:15.438000,14765.0,14945.0,14700.0,14890.0,nan,14764.702813,25489,1881687550.0,28058,14770.0,12,14765.0,16,14775.0,61,14760.0,125,14780.0,95,14755.0,52,14785.0,12,14750.0,7,14790.0,11,14745.0,29
1597988415711654912,1597988415935000064,2020-08-21 13:40:15.935000,14765.0,14945.0,14700.0,14890.0,nan,14764.702813,25489,1881687550.0,28058,14770.0,12,14765.0,16,14775.0,61,14760.0,137,14780.0,95,14755.0,52,14785.0,12,14750.0,7,14790.0,11,14745.0,29
1597988417194825984,1597988417420999936,2020-08-21 13:40:17.421000,14765.0,14945.0,14700.0,14890.0,nan,14764.702813,25489,1881687550.0,28058,14770.0,12,14765.0,16,14775.0,61,14760.0,138,14780.0,95,14755.0,52,14785.0,12,14750.0,7,14790.0,11,14745.0,29
1597988423632390912,1597988423857000192,2020-08-21 13:40:23.857000,14770.0,14945.0,14700.0,14890.0,nan,14764.705098,25500,1882499900.0,28060,14770.0,1,14765.0,15,14775.0,50,14760.0,127,14780.0,95,14755.0,52,14785.0,12,14750.0,7,14790.0,11,14745.0,29
1597988424227525888,1597988424434000128,2020-08-21 13:40:24.434000,14770.0,14945.0,14700.0,14890.0,nan,14764.705917,25503,1882721475.0,28058,14775.0,26,14770.0,1,14780.0,83,14765.0,14,14785.0,12,14760.0,102,14790.0,11,14755.0,52,14795.0,41,14750.0,7
1597988424665985024,1597988424924000000,2020-08-21 13:40:24.924000,14775.0,14945.0,14700.0,14890.0,nan,14764.706736,25506,1882943050.0,28056,14775.0,12,14770.0,10,14780.0,60,14765.0,20,14785.0,12,14760.0,64,14790.0,11,14755.0,28,14795.0,41,14750.0,7
1597988425147676928,1597988425424999936,2020-08-21 13:40:25.425000,14775.0,14945.0,14700.0,14890.0,nan,14764.706736,25506,1882943050.0,28056,14775.0,12,14770.0,12,14780.0,95,14765.0,67,14785.0,48,14760.0,88,14790.0,11,14755.0,28,14795.0,41,14750.0,7
1597988425650455040,1597988425930000128,2020-08-21 13:40:25.930000,14775.0,14945.0,14700.0,14890.0,nan,14764.706736,25506,1882943050.0,28056,14775.0,12,14770.0,12,14780.0,73,14765.0,103,14785.0,84,14760.0,64,14790.0,11,14755.0,28,14795.0,41,14750.0,7
1597988426276968960,1597988426431000064,2020-08-21 13:40:26.431000,14775.0,14945.0,14700.0,14890.0,nan,14764.706736,25506,1882943050.0,28056,14775.0,12,14770.0,12,14780.0,37,14765.0,115,14785.0,96,14760.0,28,14790.0,11,14755.0,28,14795.0,41,14750.0,7
1597988426802068992,1597988426934000128,2020-08-21 13:40:26.934000,14775.0,14945.0,14700.0,14890.0,nan,14764.706736,25506,1882943050.0,28056,14775.0,12,14770.0,12,14780.0,37,14765.0,139,14785.0,120,14760.0,28,14790.0,11,14755.0,28,14795.0,41,14750.0,7
1597988427625684992,1597988427918999808,2020-08-21 13:40:27.919000,14775.0,14945.0,14700.0,14890.0,nan,14764.706736,25506,1882943050.0,28056,14775.0,6,14770.0,12,14780.0,37,14765.0,139,14785.0,120,14760.0,28,14790.0,11,14755.0,28,14795.0,41,14750.0,7
1597988431639816960,1597988431912000000,2020-08-21 13:40:31.912000,14770.0,14945.0,14700.0,14890.0,nan,14764.706943,25507,1883016900.0,28055,14775.0,6,14770.0,13,14780.0,37,14765.0,139,14785.0,120,14760.0,28,14790.0,11,14755.0,28,14795.0,41,14750.0,7
1597988439643109120,1597988439926000128,2020-08-21 13:40:39.926000,14770.0,14945.0,14700.0,14890.0,nan,14764.706943,25507,1883016900.0,28055,14775.0,6,14770.0,13,14780.0,39,14765.0,139,14785.0,120,14760.0,28,14790.0,11,14755.0,28,14795.0,41,14750.0,7
1597988447612297984,1597988447936999936,2020-08-21 13:40:47.937000,14770.0,14945.0,14700.0,14890.0,nan,14764.706943,25507,1883016900.0,28055,14775.0,6,14770.0,14,14780.0,39,14765.0,139,14785.0,120,14760.0,28,14790.0,11,14755.0,28,14795.0,41,14750.0,7
1597988449632643072,1597988449894000128,2020-08-21 13:40:49.894000,14775.0,14945.0,14700.0,14890.0,nan,14764.70775,25509,1883164650.0,28054,14775.0,4,14770.0,12,14780.0,39,14765.0,139,14785.0,120,14760.0,28,14790.0,11,14755.0,28,14795.0,41,14750.0,7
1597988450153956096,1597988450418999808,2020-08-21 13:40:50.419000,14775.0,14945.0,14700.0,14890.0,nan,14764.709364,25513,1883460150.0,28051,14780.0,17,14775.0,2,14785.0,108,14770.0,10,14790.0,11,14765.0,105,14795.0,41,14760.0,28,14800.0,60,14755.0,28
1597988450606593024,1597988450928000000,2020-08-21 13:40:50.928000,14775.0,14945.0,14700.0,14890.0,nan,14764.71017,25515,1883607900.0,28050,14780.0,15,14775.0,14,14785.0,72,14770.0,13,14790.0,23,14765.0,66,14795.0,41,14760.0,28,14800.0,60,14755.0,28
1597988451155471872,1597988451423000064,2020-08-21 13:40:51.423000,14775.0,14945.0,14700.0,14890.0,nan,14764.712187,25520,1883977275.0,28049,14780.0,16,14775.0,11,14785.0,106,14770.0,37,14790.0,23,14765.0,78,14795.0,41,14760.0,28,14800.0,60,14755.0,28
1597988451618295040,1597988451933000192,2020-08-21 13:40:51.933000,14775.0,14945.0,14700.0,14890.0,nan,14764.716619,25531,1884789900.0,28050,14775.0,2,14770.0,16,14780.0,14,14765.0,78,14785.0,87,14760.0,28,14790.0,23,14755.0,28,14795.0,41,14750.0,7
1597988452129580032,1597988452424999936,2020-08-21 13:40:52.425000,14770.0,14945.0,14700.0,14890.0,nan,14764.717447,25535,1885085300.0,28051,14775.0,10,14770.0,1,14780.0,15,14765.0,78,14785.0,84,14760.0,28,14790.0,11,14755.0,28,14795.0,41,14750.0,7
1597988452628517120,1597988452930000128,2020-08-21 13:40:52.930000,14770.0,14945.0,14700.0,14890.0,nan,14764.718329,25544,1885749825.0,28053,14775.0,12,14765.0,50,14780.0,38,14760.0,54,14785.0,60,14755.0,28,14790.0,11,14750.0,7,14795.0,41,14745.0,29
1597988453155568128,1597988453424999936,2020-08-21 13:40:53.425000,14770.0,14945.0,14700.0,14890.0,nan,14764.718329,25544,1885749825.0,28053,14770.0,2,14765.0,14,14775.0,12,14760.0,64,14780.0,50,14755.0,28,14785.0,24,14750.0,7,14790.0,11,14745.0,29
1597988453637658880,1597988453932000000,2020-08-21 13:40:53.932000,14770.0,14945.0,14700.0,14890.0,nan,14764.718329,25544,1885749825.0,28053,14770.0,5,14765.0,3,14775.0,45,14760.0,125,14780.0,86,14755.0,40,14785.0,12,14750.0,7,14790.0,11,14745.0,29
1597988454129398016,1597988454428000000,2020-08-21 13:40:54.428000,14770.0,14945.0,14700.0,14890.0,nan,14764.718329,25544,1885749825.0,28053,14770.0,5,14765.0,10,14775.0,80,14760.0,114,14780.0,74,14755.0,76,14785.0,12,14750.0,7,14790.0,11,14745.0,29
1597988454648744960,1597988454931000064,2020-08-21 13:40:54.931000,14770.0,14945.0,14700.0,14890.0,nan,14764.718329,25544,1885749825.0,28053,14770.0,5,14765.0,10,14775.0,46,14760.0,138,14780.0,98,14755.0,40,14785.0,12,14750.0,7,14790.0,11,14745.0,29
1597988455140474112,1597988455435000064,2020-08-21 13:40:55.435000,14770.0,14945.0,14700.0,14890.0,nan,14764.718329,25544,1885749825.0,28053,14770.0,5,14765.0,10,14775.0,46,14760.0,150,14780.0,110,14755.0,40,14785.0,12,14750.0,7,14790.0,11,14745.0,29
1597988455618193920,1597988455936999936,2020-08-21 13:40:55.937000,14770.0,14945.0,14700.0,14890.0,nan,14764.718329,25544,1885749825.0,28053,14770.0,5,14765.0,11,14775.0,46,14760.0,150,14780.0,110,14755.0,40,14785.0,12,14750.0,7,14790.0,11,14745.0,29
1597988456623909120,1597988456905999872,2020-08-21 13:40:56.906000,14770.0,14945.0,14700.0,14890.0,nan,14764.718329,25544,1885749825.0,28053,14770.0,5,14765.0,12,14775.0,46,14760.0,150,14780.0,110,14755.0,40,14785.0,12,14750.0,7,14790.0,11,14745.0,29
1597988458627716096,1597988458926000128,2020-08-21 13:40:58.926000,14770.0,14945.0,14700.0,14890.0,nan,14764.718329,25544,1885749825.0,28053,14770.0,5,14765.0,11,14775.0,47,14760.0,150,14780.0,110,14755.0,40,14785.0,12,14750.0,7,14790.0,11,14745.0,29
1597988459127907072,1597988459404000000,2020-08-21 13:40:59.404000,14770.0,14945.0,14700.0,14890.0,nan,14764.718329,25544,1885749825.0,28053,14770.0,11,14765.0,11,14775.0,47,14760.0,150,14780.0,110,14755.0,40,14785.0,12,14750.0,7,14790.0,11,14745.0,29
1597988459639145984,1597988459904000000,2020-08-21 13:40:59.904000,14770.0,14945.0,14700.0,14890.0,nan,14764.718536,25545,1885823675.0,28053,14770.0,10,14765.0,8,14775.0,47,14760.0,148,14780.0,110,14755.0,40,14785.0,12,14750.0,7,14790.0,11,14745.0,29
1597988460152064000,1597988460424999936,2020-08-21 13:41:00.425000,14770.0,14945.0,14700.0,14890.0,nan,14764.718536,25545,1885823675.0,28053,14770.0,10,14765.0,8,14775.0,83,14760.0,112,14780.0,74,14755.0,76,14785.0,12,14750.0,7,14790.0,11,14745.0,29
1597988460624706048,1597988460937999872,2020-08-21 13:41:00.938000,14770.0,14945.0,14700.0,14890.0,nan,14764.718536,25545,1885823675.0,28053,14770.0,10,14765.0,16,14775.0,83,14760.0,100,14780.0,62,14755.0,76,14785.0,12,14750.0,7,14790.0,11,14745.0,29
1597988461128775936,1597988461427000064,2020-08-21 13:41:01.427000,14770.0,14945.0,14700.0,14890.0,nan,14764.718536,25545,1885823675.0,28053,14770.0,10,14765.0,16,14775.0,59,14760.0,136,14780.0,98,14755.0,52,14785.0,12,14750.0,7,14790.0,11,14745.0,29
1597988461629554944,1597988461891000064,2020-08-21 13:41:01.891000,14770.0,14945.0,14700.0,14890.0,nan,14764.718536,25545,1885823675.0,28053,14770.0,4,14765.0,16,14775.0,47,14760.0,136,14780.0,98,14755.0,40,14785.0,12,14750.0,7,14790.0,11,14745.0,29
1597988462177166080,1597988462688000000,2020-08-21 13:41:02.688000,14770.0,14945.0,14700.0,14890.0,nan,14764.718536,25545,1885823675.0,28053,14770.0,4,14765.0,16,14775.0,47,14760.0,148,14780.0,110,14755.0,40,14785.0,12,14750.0,7,14790.0,11,14745.0,29
1597988463615943936,1597988463935000064,2020-08-21 13:41:03.935000,14770.0,14945.0,14700.0,14890.0,nan,14764.719363,25549,1886119075.0,28053,14775.0,13,14770.0,1,14780.0,98,14765.0,14,14785.0,12,14760.0,115,14790.0,11,14755.0,40,14795.0,41,14750.0,7
1597988464146016000,1597988464432000000,2020-08-21 13:41:04.432000,14770.0,14945.0,14700.0,14890.0,nan,14764.719363,25549,1886119075.0,28053,14775.0,12,14770.0,17,14780.0,75,14765.0,30,14785.0,24,14760.0,77,14790.0,11,14755.0,28,14795.0,41,14750.0,7
1597988464659226880,1597988464926000128,2020-08-21 13:41:04.926000,14770.0,14945.0,14700.0,14890.0,nan,14764.719363,25549,1886119075.0,28053,14775.0,12,14770.0,19,14780.0,74,14765.0,89,14785.0,72,14760.0,63,14790.0,11,14755.0,28,14795.0,41,14750.0,7
1597988465155259904,1597988465426000128,2020-08-21 13:41:05.426000,14770.0,14945.0,14700.0,14890.0,nan,14764.719363,25549,1886119075.0,28053,14775.0,12,14770.0,19,14780.0,64,14765.0,115,14785.0,96,14760.0,51,14790.0,11,14755.0,28,14795.0,41,14750.0,7
1597988465625102080,1597988465921999872,2020-08-21 13:41:05.922000,14770.0,14945.0,14700.0,14890.0,nan,14764.719363,25549,1886119075.0,28053,14775.0,12,14770.0,19,14780.0,52,14765.0,115,14785.0,96,14760.0,39,14790.0,11,14755.0,28,14795.0,41,14750.0,7
1597988466159640064,1597988466433000192,2020-08-21 13:41:06.433000,14770.0,14945.0,14700.0,14890.0,nan,14764.719363,25549,1886119075.0,28053,14775.0,6,14770.0,19,14780.0,52,14765.0,127,14785.0,108,14760.0,39,14790.0,11,14755.0,28,14795.0,41,14750.0,7
1597988467631918080,1597988467888999936,2020-08-21 13:41:07.889000,14770.0,14945.0,14700.0,14890.0,nan,14764.719363,25549,1886119075.0,28053,14775.0,6,14770.0,20,14780.0,52,14765.0,127,14785.0,108,14760.0,39,14790.0,11,14755.0,28,14795.0,41,14750.0,7
1597988469155276032,1597988469435000064,2020-08-21 13:41:09.435000,14775.0,14945.0,14700.0,14890.0,nan,14764.721777,25555,1886562325.0,28050,14780.0,30,14775.0,2,14785.0,96,14770.0,18,14790.0,11,14765.0,93,14795.0,41,14760.0,39,14800.0,60,14755.0,28
1597988469623867904,1597988469934000128,2020-08-21 13:41:09.934000,14775.0,14945.0,14700.0,14890.0,nan,14764.722581,25557,1886710075.0,28049,14780.0,16,14775.0,10,14785.0,60,14770.0,21,14790.0,23,14765.0,56,14795.0,41,14760.0,27,14800.0,60,14755.0,28
1597988470132553984,1597988470438999808,2020-08-21 13:41:10.439000,14775.0,14945.0,14700.0,14890.0,nan,14764.722581,25557,1886710075.0,28049,14780.0,12,14775.0,12,14785.0,95,14770.0,56,14790.0,40,14765.0,66,14795.0,41,14760.0,27,14800.0,60,14755.0,28
1597988470678479104,1597988470926000128,2020-08-21 13:41:10.926000,14775.0,14945.0,14700.0,14890.0,nan,14764.722581,25557,1886710075.0,28049,14780.0,10,14775.0,12,14785.0,71,14770.0,94,14790.0,76,14765.0,42,14795.0,41,14760.0,27,14800.0,60,14755.0,28
1597988471159346944,1597988471436000000,2020-08-21 13:41:11.436000,14775.0,14945.0,14700.0,14890.0,nan,14764.722581,25557,1886710075.0,28049,14780.0,16,14775.0,12,14785.0,37,14770.0,106,14790.0,88,14765.0,6,14795.0,41,14760.0,27,14800.0,60,14755.0,28
1597988471623470080,1597988471927000064,2020-08-21 13:41:11.927000,14775.0,14945.0,14700.0,14890.0,nan,14764.722581,25557,1886710075.0,28049,14780.0,17,14775.0,12,14785.0,71,14770.0,94,14790.0,76,14765.0,42,14795.0,41,14760.0,27,14800.0,60,14755.0,28
1597988472126864896,1597988472436999936,2020-08-21 13:41:12.437000,14775.0,14945.0,14700.0,14890.0,nan,14764.722581,25557,1886710075.0,28049,14780.0,19,14775.0,12,14785.0,71,14770.0,94,14790.0,76,14765.0,42,14795.0,41,14760.0,27,14800.0,60,14755.0,28
1597988472620210944,1597988472932000000,2020-08-21 13:41:12.932000,14775.0,14945.0,14700.0,14890.0,nan,14764.722581,25557,1886710075.0,28049,14780.0,19,14775.0,13,14785.0,72,14770.0,106,14790.0,88,14765.0,42,14795.0,41,14760.0,27,14800.0,60,14755.0,28
1597988473623770880,1597988473928999936,2020-08-21 13:41:13.929000,14775.0,14945.0,14700.0,14890.0,nan,14764.722581,25557,1886710075.0,28049,14780.0,19,14775.0,13,14785.0,72,14770.0,107,14790.0,88,14765.0,42,14795.0,41,14760.0,27,14800.0,60,14755.0,28
1597988491637595904,1597988491914000128,2020-08-21 13:41:31.914000,14775.0,14945.0,14700.0,14890.0,nan,14764.722581,25557,1886710075.0,28049,14780.0,19,14775.0,13,14785.0,72,14770.0,106,14790.0,88,14765.0,42,14795.0,41,14760.0,27,14800.0,60,14755.0,28
1597988494639866112,1597988494912000000,2020-08-21 13:41:34.912000,14780.0,14945.0,14700.0,14890.0,nan,14764.723776,25559,1886857875.0,28048,14780.0,17,14775.0,11,14785.0,72,14770.0,106,14790.0,88,14765.0,42,14795.0,41,14760.0,27,14800.0,60,14755.0,28
1597988495143904000,1597988495416000000,2020-08-21 13:41:35.416000,14775.0,14945.0,14700.0,14890.0,nan,14764.724178,25560,1886931750.0,28047,14780.0,12,14775.0,10,14785.0,72,14770.0,106,14790.0,88,14765.0,42,14795.0,41,14760.0,27,14800.0,60,14755.0,28
1597988495628761088,1597988495935000064,2020-08-21 13:41:35.935000,14775.0,14945.0,14700.0,14890.0,nan,14764.724178,25560,1886931750.0,28047,14780.0,10,14775.0,16,14785.0,72,14770.0,106,14790.0,88,14765.0,42,14795.0,41,14760.0,27,14800.0,60,14755.0,28
1597988496157869056,1597988496431000064,2020-08-21 13:41:36.431000,14775.0,14945.0,14700.0,14890.0,nan,14764.724178,25560,1886931750.0,28047,14780.0,10,14775.0,16,14785.0,38,14770.0,142,14790.0,124,14765.0,6,14795.0,41,14760.0,27,14800.0,60,14755.0,28
1597988501149806080,1597988501435000064,2020-08-21 13:41:41.435000,14775.0,14945.0,14700.0,14890.0,nan,14764.724178,25560,1886931750.0,28047,14780.0,18,14775.0,16,14785.0,38,14770.0,142,14790.0,124,14765.0,7,14795.0,41,14760.0,27,14800.0,60,14755.0,28
1597988501624000000,1597988501934000128,2020-08-21 13:41:41.934000,14775.0,14945.0,14700.0,14890.0,nan,14764.724178,25560,1886931750.0,28047,14780.0,18,14775.0,16,14785.0,74,14770.0,106,14790.0,88,14765.0,44,14795.0,41,14760.0,27,14800.0,60,14755.0,28
1597988506148165120,1597988506427000064,2020-08-21 13:41:46.427000,14780.0,14945.0,14700.0,14890.0,nan,14764.724776,25561,1887005650.0,28047,14780.0,17,14775.0,16,14785.0,74,14770.0,106,14790.0,88,14765.0,44,14795.0,41,14760.0,27,14800.0,60,14755.0,28
1597988508629135104,1597988508938999808,2020-08-21 13:41:48.939000,14780.0,14945.0,14700.0,14890.0,nan,14764.724776,25561,1887005650.0,28047,14780.0,17,14775.0,16,14785.0,74,14770.0,111,14790.0,88,14765.0,44,14795.0,41,14760.0,27,14800.0,60,14755.0,28
1597988510126532096,1597988510437999872,2020-08-21 13:41:50.438000,14780.0,14945.0,14700.0,14890.0,nan,14764.725374,25562,1887079550.0,28047,14780.0,16,14775.0,16,14785.0,74,14770.0,111,14790.0,83,14765.0,44,14795.0,41,14760.0,27,14800.0,60,14755.0,28
1597988510615908096,1597988510936999936,2020-08-21 13:41:50.937000,14780.0,14945.0,14700.0,14890.0,nan,14764.734928,25578,1888261950.0,28038,14785.0,16,14780.0,2,14790.0,107,14775.0,14,14795.0,46,14770.0,113,14800.0,60,14765.0,8,14805.0,1,14760.0,27
1597988511155884032,1597988511416999936,2020-08-21 13:41:51.417000,14780.0,14945.0,14700.0,14890.0,nan,14764.734928,25578,1888261950.0,28038,14785.0,14,14780.0,15,14790.0,71,14775.0,18,14795.0,58,14770.0,74,14800.0,60,14765.0,8,14805.0,1,14760.0,27
1597988511628120064,1597988511924999936,2020-08-21 13:41:51.925000,14780.0,14945.0,14700.0,14890.0,nan,14764.734928,25578,1888261950.0,28038,14785.0,14,14780.0,17,14790.0,82,14775.0,55,14795.0,70,14770.0,62,14800.0,60,14765.0,8,14805.0,1,14760.0,27
1597988512133532928,1597988512430000128,2020-08-21 13:41:52.430000,14780.0,14945.0,14700.0,14890.0,nan,14764.734928,25578,1888261950.0,28038,14785.0,14,14780.0,17,14790.0,72,14775.0,79,14795.0,94,14770.0,50,14800.0,60,14765.0,8,14805.0,1,14760.0,27
1597988512658131968,1597988513244999936,2020-08-21 13:41:53.245000,14780.0,14945.0,14700.0,14890.0,nan,14764.734928,25578,1888261950.0,28038,14785.0,14,14780.0,17,14790.0,48,14775.0,91,14795.0,106,14770.0,26,14800.0,60,14765.0,8,14805.0,1,14760.0,27
1597988513153829888,1597988513436999936,2020-08-21 13:41:53.437000,14780.0,14945.0,14700.0,14890.0,nan,14764.734928,25578,1888261950.0,28038,14785.0,14,14780.0,17,14790.0,48,14775.0,115,14795.0,130,14770.0,26,14800.0,60,14765.0,8,14805.0,1,14760.0,27
1597988515124766976,1597988515438999808,2020-08-21 13:41:55.439000,14780.0,14945.0,14700.0,14890.0,nan,14764.734928,25578,1888261950.0,28038,14785.0,15,14780.0,17,14790.0,48,14775.0,116,14795.0,130,14770.0,26,14800.0,60,14765.0,8,14805.0,1,14760.0,27
1597988515628453888,1597988515927000064,2020-08-21 13:41:55.927000,14785.0,14945.0,14700.0,14890.0,nan,14764.735721,25579,1888335875.0,28038,14785.0,16,14780.0,17,14790.0,48,14775.0,116,14795.0,130,14770.0,26,14800.0,60,14765.0,8,14805.0,1,14760.0,27
1597988516125469952,1597988516435000064,2020-08-21 13:41:56.435000,14785.0,14945.0,14700.0,14890.0,nan,14764.736513,25580,1888409800.0,28039,14785.0,16,14780.0,17,14790.0,48,14775.0,116,14795.0,130,14770.0,26,14800.0,60,14765.0,8,14805.0,1,14760.0,27
1597988516612300032,1597988516936000000,2020-08-21 13:41:56.936000,14785.0,14945.0,14700.0,14890.0,nan,14764.736513,25580,1888409800.0,28039,14785.0,15,14780.0,17,14790.0,48,14775.0,116,14795.0,130,14770.0,26,14800.0,60,14765.0,8,14805.0,1,14760.0,27
1597988518736423936,1597988519193000192,2020-08-21 13:41:59.193000,14785.0,14945.0,14700.0,14890.0,nan,14764.736513,25580,1888409800.0,28039,14785.0,15,14780.0,17,14790.0,48,14775.0,116,14795.0,130,14770.0,26,14800.0,60,14765.0,8,14805.0,1,14760.0,28
1597988519654468096,1597988519936999936,2020-08-21 13:41:59.937000,14785.0,14945.0,14700.0,14890.0,nan,14764.737305,25581,1888483725.0,28040,14785.0,14,14780.0,17,14790.0,48,14775.0,116,14795.0,130,14770.0,26,14800.0,60,14765.0,8,14805.0,1,14760.0,28
1597988520645980928,1597988520937999872,2020-08-21 13:42:00.938000,14785.0,14945.0,14700.0,14890.0,nan,14764.738097,25582,1888557650.0,28041,14785.0,13,14780.0,17,14790.0,48,14775.0,116,14795.0,130,14770.0,26,14800.0,60,14765.0,8,14805.0,1,14760.0,28
1597988521140568064,1597988521368000000,2020-08-21 13:42:01.368000,14785.0,14945.0,14700.0,14890.0,nan,14764.738097,25582,1888557650.0,28041,14785.0,13,14780.0,18,14790.0,49,14775.0,128,14795.0,142,14770.0,26,14800.0,60,14765.0,8,14805.0,1,14760.0,28
1597988525647426048,1597988525935000064,2020-08-21 13:42:05.935000,14785.0,14945.0,14700.0,14890.0,nan,14764.738097,25582,1888557650.0,28041,14785.0,12,14780.0,18,14790.0,49,14775.0,128,14795.0,142,14770.0,26,14800.0,60,14765.0,8,14805.0,1,14760.0,28
1597988530641549056,1597988530936999936,2020-08-21 13:42:10.937000,14780.0,14945.0,14700.0,14890.0,nan,14764.749424,25601,1889961750.0,28042,14780.0,2,14775.0,82,14785.0,10,14770.0,26,14790.0,27,14765.0,8,14795.0,130,14760.0,28,14800.0,60,14755.0,28
1597988531128546048,1597988531428999936,2020-08-21 13:42:11.429000,14780.0,14945.0,14700.0,14890.0,nan,14764.750615,25603,1890109550.0,28041,14780.0,8,14775.0,44,14785.0,22,14770.0,51,14790.0,36,14765.0,8,14795.0,82,14760.0,28,14800.0,60,14755.0,28
1597988531649751040,1597988531934000128,2020-08-21 13:42:11.934000,14780.0,14945.0,14700.0,14890.0,nan,14764.750615,25603,1890109550.0,28041,14780.0,10,14775.0,21,14785.0,46,14770.0,87,14790.0,59,14765.0,20,14795.0,58,14760.0,28,14800.0,60,14755.0,28
1597988532166020096,1597988532436000000,2020-08-21 13:42:12.436000,14780.0,14945.0,14700.0,14890.0,nan,14764.750615,25603,1890109550.0,28041,14780.0,10,14775.0,9,14785.0,47,14770.0,131,14790.0,107,14765.0,20,14795.0,46,14760.0,28,14800.0,60,14755.0,28
1597988532617213952,1597988532935000064,2020-08-21 13:42:12.935000,14780.0,14945.0,14700.0,14890.0,nan,14764.750615,25603,1890109550.0,28041,14780.0,10,14775.0,9,14785.0,83,14770.0,95,14790.0,71,14765.0,57,14795.0,46,14760.0,28,14800.0,60,14755.0,28
1597988533126692096,1597988533405999872,2020-08-21 13:42:13.406000,14780.0,14945.0,14700.0,14890.0,nan,14764.750615,25603,1890109550.0,28041,14780.0,10,14775.0,9,14785.0,83,14770.0,83,14790.0,59,14765.0,57,14795.0,46,14760.0,28,14800.0,60,14755.0,28
1597988533621755904,1597988533936999936,2020-08-21 13:42:13.937000,14780.0,14945.0,14700.0,14890.0,nan,14764.750615,25603,1890109550.0,28041,14780.0,16,14775.0,3,14785.0,107,14770.0,59,14790.0,35,14765.0,81,14795.0,46,14760.0,28,14800.0,60,14755.0,28
1597988534120433920,1597988534424000000,2020-08-21 13:42:14.424000,14780.0,14945.0,14700.0,14890.0,nan,14764.750615,25603,1890109550.0,28041,14780.0,16,14775.0,3,14785.0,117,14770.0,59,14790.0,35,14765.0,93,14795.0,46,14760.0,28,14800.0,60,14755.0,28
1597988534618445056,1597988534926000128,2020-08-21 13:42:14.926000,14780.0,14945.0,14700.0,14890.0,nan,14764.750615,25603,1890109550.0,28041,14780.0,18,14775.0,3,14785.0,117,14770.0,59,14790.0,35,14765.0,93,14795.0,46,14760.0,28,14800.0,60,14755.0,28
1597988535170170112,1597988535435000064,2020-08-21 13:42:15.435000,14780.0,14945.0,14700.0,14890.0,nan,14764.750615,25603,1890109550.0,28041,14780.0,19,14775.0,4,14785.0,116,14770.0,59,14790.0,35,14765.0,92,14795.0,46,14760.0,28,14800.0,60,14755.0,28
1597988537608542976,1597988537928000000,2020-08-21 13:42:17.928000,14775.0,14945.0,14700.0,14890.0,nan,14764.752216,25607,1890405050.0,28042,14775.0,8,14770.0,37,14780.0,16,14765.0,81,14785.0,83,14760.0,28,14790.0,35,14755.0,28,14795.0,46,14750.0,7
1597988538181161984,1597988538427000064,2020-08-21 13:42:18.427000,14775.0,14945.0,14700.0,14890.0,nan,14764.752216,25607,1890405050.0,28042,14775.0,9,14770.0,22,14780.0,27,14765.0,46,14785.0,47,14760.0,40,14790.0,23,14755.0,28,14795.0,46,14750.0,7
1597988538630537984,1597988538927000064,2020-08-21 13:42:18.927000,14775.0,14945.0,14700.0,14890.0,nan,14764.752216,25607,1890405050.0,28042,14775.0,12,14770.0,12,14780.0,49,14765.0,117,14785.0,93,14760.0,40,14790.0,11,14755.0,28,14795.0,46,14750.0,7
1597988539148022016,1597988539407000064,2020-08-21 13:42:19.407000,14775.0,14945.0,14700.0,14890.0,nan,14764.752216,25607,1890405050.0,28042,14775.0,12,14770.0,12,14780.0,50,14765.0,130,14785.0,105,14760.0,40,14790.0,11,14755.0,28,14795.0,46,14750.0,7
1597988541163527936,1597988541416999936,2020-08-21 13:42:21.417000,14775.0,14945.0,14700.0,14890.0,nan,14764.752616,25608,1890478925.0,28043,14775.0,11,14770.0,12,14780.0,50,14765.0,130,14785.0,105,14760.0,40,14790.0,11,14755.0,28,14795.0,46,14750.0,7
1597988542628930048,1597988542894000128,2020-08-21 13:42:22.894000,14775.0,14945.0,14700.0,14890.0,nan,14764.753017,25609,1890552800.0,28044,14775.0,10,14770.0,12,14780.0,50,14765.0,130,14785.0,105,14760.0,40,14790.0,11,14755.0,28,14795.0,46,14750.0,7
1597988543651700992,1597988543901999872,2020-08-21 13:42:23.902000,14775.0,14945.0,14700.0,14890.0,nan,14764.757016,25619,1891291550.0,28039,14780.0,16,14775.0,3,14785.0,94,14770.0,9,14790.0,11,14765.0,97,14795.0,46,14760.0,40,14800.0,60,14755.0,28
1597988544131845888,1597988544432000000,2020-08-21 13:42:24.432000,14775.0,14945.0,14700.0,14890.0,nan,14764.757416,25620,1891365425.0,28039,14780.0,15,14775.0,6,14785.0,71,14770.0,34,14790.0,23,14765.0,57,14795.0,46,14760.0,28,14800.0,60,14755.0,28
1597988544639841024,1597988544898000128,2020-08-21 13:42:24.898000,14775.0,14945.0,14700.0,14890.0,nan,14764.761217,25630,1892104150.0,28036,14775.0,6,14770.0,12,14780.0,15,14765.0,68,14785.0,72,14760.0,28,14790.0,23,14755.0,28,14795.0,46,14750.0,7
1597988545184444928,1597988545395000064,2020-08-21 13:42:25.395000,14775.0,14945.0,14700.0,14890.0,nan,14764.764013,25637,1892621275.0,28037,14780.0,15,14770.0,3,14785.0,70,14765.0,81,14790.0,11,14760.0,28,14795.0,46,14755.0,28,14800.0,60,14750.0,7
1597988545657032960,1597988545928999936,2020-08-21 13:42:25.929000,14775.0,14945.0,14700.0,14890.0,nan,14764.764013,25637,1892621275.0,28037,14780.0,41,14770.0,18,14785.0,81,14765.0,103,14790.0,11,14760.0,28,14795.0,46,14755.0,28,14800.0,60,14750.0,7
1597988546166045952,1597988546427000064,2020-08-21 13:42:26.427000,14775.0,14945.0,14700.0,14890.0,nan,14764.764013,25637,1892621275.0,28037,14780.0,55,14770.0,18,14785.0,105,14765.0,128,14790.0,11,14760.0,40,14795.0,46,14755.0,28,14800.0,60,14750.0,7
1597988547168349952,1597988547426000128,2020-08-21 13:42:27.426000,14775.0,14945.0,14700.0,14890.0,nan,14764.764013,25637,1892621275.0,28037,14780.0,55,14770.0,20,14785.0,105,14765.0,128,14790.0,11,14760.0,40,14795.0,46,14755.0,28,14800.0,60,14750.0,7
1597988548126627072,1597988548418999808,2020-08-21 13:42:28.419000,14775.0,14945.0,14700.0,14890.0,nan,14764.764013,25637,1892621275.0,28037,14780.0,55,14770.0,21,14785.0,105,14765.0,128,14790.0,11,14760.0,40,14795.0,46,14755.0,28,14800.0,60,14750.0,7
1597988552626234880,1597988552898000128,2020-08-21 13:42:32.898000,14775.0,14945.0,14700.0,14890.0,nan,14764.764013,25637,1892621275.0,28037,14775.0,2,14770.0,21,14780.0,55,14765.0,128,14785.0,105,14760.0,40,14790.0,11,14755.0,28,14795.0,46,14750.0,7
1597988553138498048,1597988553437999872,2020-08-21 13:42:33.438000,14775.0,14945.0,14700.0,14890.0,nan,14764.764412,25638,1892695150.0,28037,14775.0,4,14770.0,21,14780.0,40,14765.0,128,14785.0,105,14760.0,28,14790.0,11,14755.0,28,14795.0,46,14750.0,7
1597988553639816960,1597988553920999936,2020-08-21 13:42:33.921000,14775.0,14945.0,14700.0,14890.0,nan,14764.764412,25638,1892695150.0,28037,14775.0,5,14770.0,20,14780.0,51,14765.0,127,14785.0,105,14760.0,40,14790.0,11,14755.0,28,14795.0,46,14750.0,7
1597988556192625920,1597988556431000064,2020-08-21 13:42:36.431000,14770.0,14945.0,14700.0,14890.0,nan,14764.764821,25640,1892842850.0,28037,14775.0,5,14770.0,18,14780.0,49,14765.0,127,14785.0,105,14760.0,40,14790.0,11,14755.0,28,14795.0,46,14750.0,7
1597988556637545984,1597988556924000000,2020-08-21 13:42:36.924000,14770.0,14945.0,14700.0,14890.0,nan,14764.764821,25640,1892842850.0,28037,14775.0,11,14770.0,19,14780.0,49,14765.0,127,14785.0,105,14760.0,40,14790.0,11,14755.0,28,14795.0,46,14750.0,7
1597988557148740096,1597988557396000000,2020-08-21 13:42:37.396000,14770.0,14945.0,14700.0,14890.0,nan,14764.764821,25640,1892842850.0,28037,14775.0,11,14770.0,12,14780.0,49,14765.0,127,14785.0,105,14760.0,40,14790.0,11,14755.0,28,14795.0,46,14750.0,7
1597988557639771904,1597988557924999936,2020-08-21 13:42:37.925000,14770.0,14945.0,14700.0,14890.0,nan,14764.764821,25640,1892842850.0,28037,14775.0,12,14770.0,12,14780.0,49,14765.0,127,14785.0,105,14760.0,40,14790.0,11,14755.0,28,14795.0,46,14750.0,7
1597988558158478080,1597988558426000128,2020-08-21 13:42:38.426000,14770.0,14945.0,14700.0,14890.0,nan,14764.764821,25640,1892842850.0,28037,14775.0,12,14770.0,7,14780.0,60,14765.0,116,14785.0,94,14760.0,51,14790.0,11,14755.0,28,14795.0,46,14750.0,7
1597988558651006976,1597988559217999872,2020-08-21 13:42:39.218000,14770.0,14945.0,14700.0,14890.0,nan,14764.764821,25640,1892842850.0,28037,14775.0,12,14770.0,7,14780.0,84,14765.0,92,14785.0,70,14760.0,75,14790.0,11,14755.0,28,14795.0,46,14750.0,7
1597988559150128128,1597988559437999872,2020-08-21 13:42:39.438000,14770.0,14945.0,14700.0,14890.0,nan,14764.764821,25640,1892842850.0,28037,14775.0,12,14770.0,7,14780.0,84,14765.0,68,14785.0,46,14760.0,75,14790.0,11,14755.0,28,14795.0,46,14750.0,7
1597988559668911104,1597988560228000000,2020-08-21 13:42:40.228000,14770.0,14945.0,14700.0,14890.0,nan,14764.764821,25640,1892842850.0,28037,14775.0,12,14770.0,7,14780.0,108,14765.0,56,14785.0,34,14760.0,99,14790.0,11,14755.0,28,14795.0,46,14750.0,7
1597988560154810112,1597988560729000192,2020-08-21 13:42:40.729000,14770.0,14945.0,14700.0,14890.0,nan,14764.764821,25640,1892842850.0,28037,14775.0,12,14770.0,7,14780.0,120,14765.0,56,14785.0,34,14760.0,111,14790.0,11,14755.0,28,14795.0,46,14750.0,7
1597988563632614912,1597988563936999936,2020-08-21 13:42:43.937000,14770.0,14945.0,14700.0,14890.0,nan,14764.766249,25647,1893359800.0,28041,14770.0,3,14765.0,34,14775.0,10,14760.0,100,14780.0,87,14755.0,28,14785.0,34,14750.0,7,14790.0,11,14745.0,29
1597988564178603008,1597988564436000000,2020-08-21 13:42:44.436000,14770.0,14945.0,14700.0,14890.0,nan,14764.766249,25647,1893359800.0,28041,14770.0,3,14765.0,7,14775.0,8,14760.0,76,14780.0,61,14755.0,28,14785.0,10,14750.0,7,14790.0,11,14745.0,29
1597988564637667072,1597988564935000064,2020-08-21 13:42:44.935000,14770.0,14945.0,14700.0,14890.0,nan,14764.766249,25647,1893359800.0,28041,14770.0,6,14765.0,15,14775.0,32,14760.0,135,14780.0,95,14755.0,28,14785.0,10,14750.0,7,14790.0,11,14745.0,29
1597988565146567936,1597988565430000128,2020-08-21 13:42:45.430000,14765.0,14945.0,14700.0,14890.0,nan,14764.766259,25648,1893433625.0,28041,14770.0,6,14765.0,14,14775.0,33,14760.0,148,14780.0,107,14755.0,28,14785.0,10,14750.0,7,14790.0,11,14745.0,29
1597988565640037120,1597988565936999936,2020-08-21 13:42:45.937000,14765.0,14945.0,14700.0,14890.0,nan,14764.766259,25648,1893433625.0,28041,14770.0,7,14765.0,14,14775.0,45,14760.0,149,14780.0,107,14755.0,40,14785.0,10,14750.0,7,14790.0,11,14745.0,29
1597988566145794048,1597988566436999936,2020-08-21 13:42:46.437000,14765.0,14945.0,14700.0,14890.0,nan,14764.766259,25648,1893433625.0,28041,14770.0,8,14765.0,14,14775.0,46,14760.0,149,14780.0,107,14755.0,40,14785.0,10,14750.0,7,14790.0,11,14745.0,29
1597988566644014080,1597988566917999872,2020-08-21 13:42:46.918000,14765.0,14945.0,14700.0,14890.0,nan,14764.766259,25648,1893433625.0,28041,14770.0,7,14765.0,13,14775.0,46,14760.0,138,14780.0,96,14755.0,40,14785.0,10,14750.0,7,14790.0,11,14745.0,29
1597988567163124992,1597988567430000128,2020-08-21 13:42:47.430000,14765.0,14945.0,14700.0,14890.0,nan,14764.766259,25648,1893433625.0,28041,14770.0,8,14765.0,14,14775.0,46,14760.0,149,14780.0,107,14755.0,40,14785.0,10,14750.0,7,14790.0,11,14745.0,29
1597988569135833088,1597988569435000064,2020-08-21 13:42:49.435000,14770.0,14945.0,14700.0,14890.0,nan,14764.766463,25649,1893507475.0,28042,14770.0,7,14765.0,14,14775.0,46,14760.0,149,14780.0,107,14755.0,40,14785.0,10,14750.0,7,14790.0,11,14745.0,29
1597988573159023104,1597988573428999936,2020-08-21 13:42:53.429000,14770.0,14945.0,14700.0,14890.0,nan,14764.766667,25650,1893581325.0,28042,14770.0,6,14765.0,14,14775.0,46,14760.0,149,14780.0,107,14755.0,40,14785.0,10,14750.0,7,14790.0,11,14745.0,29
1597988575136859904,1597988575414000128,2020-08-21 13:42:55.414000,14770.0,14945.0,14700.0,14890.0,nan,14764.766667,25650,1893581325.0,28042,14770.0,6,14765.0,14,14775.0,46,14760.0,149,14780.0,107,14755.0,41,14785.0,10,14750.0,7,14790.0,11,14745.0,29
1597988576173328896,1597988576433000192,2020-08-21 13:42:56.433000,14770.0,14945.0,14700.0,14890.0,nan,14764.766667,25650,1893581325.0,28042,14770.0,6,14765.0,14,14775.0,47,14760.0,149,14780.0,107,14755.0,41,14785.0,10,14750.0,7,14790.0,11,14745.0,29
1597988579175659008,1597988579436000000,2020-08-21 13:42:59.436000,14765.0,14945.0,14700.0,14890.0,nan,14764.766676,25651,1893655150.0,28042,14770.0,6,14765.0,13,14775.0,47,14760.0,149,14780.0,107,14755.0,41,14785.0,10,14750.0,7,14790.0,11,14745.0,29
1597988579615028992,1597988579920999936,2020-08-21 13:42:59.921000,14765.0,14945.0,14700.0,14890.0,nan,14764.766676,25651,1893655150.0,28042,14770.0,12,14765.0,13,14775.0,47,14760.0,149,14780.0,107,14755.0,41,14785.0,10,14750.0,7,14790.0,11,14745.0,29
1597988580134996992,1597988580437999872,2020-08-21 13:43:00.438000,14765.0,14945.0,14700.0,14890.0,nan,14764.766676,25651,1893655150.0,28042,14770.0,12,14765.0,7,14775.0,47,14760.0,149,14780.0,107,14755.0,41,14785.0,10,14750.0,7,14790.0,11,14745.0,29
1597988580643094016,1597988580936999936,2020-08-21 13:43:00.937000,14765.0,14945.0,14700.0,14890.0,nan,14764.766685,25652,1893728975.0,28042,14770.0,13,14765.0,6,14775.0,82,14760.0,114,14780.0,72,14755.0,76,14785.0,8,14750.0,7,14790.0,11,14745.0,29
1597988581129168896,1597988581411000064,2020-08-21 13:43:01.411000,14765.0,14945.0,14700.0,14890.0,nan,14764.766694,25653,1893802800.0,28042,14770.0,13,14765.0,4,14775.0,82,14760.0,102,14780.0,60,14755.0,76,14785.0,8,14750.0,7,14790.0,11,14745.0,29
1597988581652919040,1597988582209000192,2020-08-21 13:43:02.209000,14765.0,14945.0,14700.0,14890.0,nan,14764.76673,25657,1894098100.0,28040,14765.0,3,14760.0,80,14770.0,10,14755.0,77,14775.0,59,14750.0,7,14780.0,60,14745.0,29,14785.0,8,14740.0,46
1597988582138470912,1597988582438999808,2020-08-21 13:43:02.439000,14760.0,14945.0,14700.0,14890.0,nan,14764.766359,25659,1894245700.0,28042,14765.0,3,14760.0,51,14770.0,11,14755.0,41,14775.0,27,14750.0,7,14780.0,36,14745.0,29,14785.0,8,14740.0,46
1597988582679031040,1597988582932000000,2020-08-21 13:43:02.932000,14760.0,14945.0,14700.0,14890.0,nan,14764.766359,25659,1894245700.0,28042,14765.0,6,14760.0,55,14770.0,33,14755.0,100,14775.0,62,14750.0,7,14780.0,36,14745.0,29,14785.0,8,14740.0,46
1597988583202513920,1597988583737999872,2020-08-21 13:43:03.738000,14760.0,14945.0,14700.0,14890.0,nan,14764.766359,25659,1894245700.0,28042,14765.0,6,14760.0,30,14770.0,32,14755.0,124,14775.0,85,14750.0,7,14780.0,12,14745.0,29,14785.0,8,14740.0,46
1597988583636764928,1597988583936000000,2020-08-21 13:43:03.936000,14760.0,14945.0,14700.0,14890.0,nan,14764.766359,25659,1894245700.0,28042,14765.0,7,14760.0,31,14770.0,33,14755.0,136,14775.0,97,14750.0,7,14780.0,12,14745.0,29,14785.0,8,14740.0,46
1597988584142891008,1597988584437999872,2020-08-21 13:43:04.438000,14760.0,14945.0,14700.0,14890.0,nan,14764.766359,25659,1894245700.0,28042,14765.0,13,14760.0,31,14770.0,33,14755.0,136,14775.0,97,14750.0,7,14780.0,12,14745.0,29,14785.0,8,14740.0,46
1597988584645921024,1597988584900000000,2020-08-21 13:43:04.900000,14760.0,14945.0,14700.0,14890.0,nan,14764.766359,25659,1894245700.0,28042,14765.0,13,14760.0,25,14770.0,33,14755.0,136,14775.0,97,14750.0,7,14780.0,12,14745.0,29,14785.0,8,14740.0,46
1597988585162617088,1597988585420999936,2020-08-21 13:43:05.421000,14760.0,14945.0,14700.0,14890.0,nan,14764.766359,25659,1894245700.0,28042,14765.0,13,14760.0,24,14770.0,32,14755.0,136,14775.0,97,14750.0,7,14780.0,12,14745.0,29,14785.0,8,14740.0,46
1597988585664260096,1597988585908000000,2020-08-21 13:43:05.908000,14760.0,14945.0,14700.0,14890.0,nan,14764.766359,25659,1894245700.0,28042,14765.0,13,14760.0,24,14770.0,33,14755.0,137,14775.0,97,14750.0,7,14780.0,12,14745.0,29,14785.0,8,14740.0,46
1597988586627809024,1597988586936000000,2020-08-21 13:43:06.936000,14760.0,14945.0,14700.0,14890.0,nan,14764.766359,25659,1894245700.0,28042,14765.0,13,14760.0,21,14770.0,33,14755.0,137,14775.0,97,14750.0,7,14780.0,12,14745.0,29,14785.0,8,14740.0,46
1597988587152112896,1597988587581000192,2020-08-21 13:43:07.581000,14760.0,14945.0,14700.0,14890.0,nan,14764.766359,25659,1894245700.0,28042,14765.0,13,14760.0,21,14770.0,34,14755.0,137,14775.0,97,14750.0,7,14780.0,12,14745.0,29,14785.0,8,14740.0,46
1597988587650067968,1597988587937999872,2020-08-21 13:43:07.938000,14760.0,14945.0,14700.0,14890.0,nan,14764.765987,25661,1894393300.0,28043,14765.0,13,14760.0,19,14770.0,34,14755.0,137,14775.0,97,14750.0,7,14780.0,12,14745.0,29,14785.0,8,14740.0,46
1597988588139713024,1597988588329999872,2020-08-21 13:43:08.330000,14760.0,14945.0,14700.0,14890.0,nan,14764.765987,25661,1894393300.0,28043,14765.0,24,14760.0,19,14770.0,46,14755.0,138,14775.0,97,14750.0,19,14780.0,12,14745.0,29,14785.0,8,14740.0,46
1597988588706721024,1597988588916000000,2020-08-21 13:43:08.916000,14760.0,14945.0,14700.0,14890.0,nan,14764.765802,25662,1894467100.0,28043,14765.0,24,14760.0,18,14770.0,81,14755.0,103,14775.0,62,14750.0,54,14780.0,12,14745.0,29,14785.0,8,14740.0,46
1597988589167491072,1597988589328000000,2020-08-21 13:43:09.328000,14760.0,14945.0,14700.0,14890.0,nan,14764.765802,25662,1894467100.0,28043,14765.0,24,14760.0,18,14770.0,81,14755.0,91,14775.0,50,14750.0,54,14780.0,12,14745.0,29,14785.0,8,14740.0,46
1597988589621111040,1597988589932000000,2020-08-21 13:43:09.932000,14760.0,14945.0,14700.0,14890.0,nan,14764.765802,25662,1894467100.0,28043,14765.0,24,14760.0,18,14770.0,93,14755.0,91,14775.0,50,14750.0,66,14780.0,12,14745.0,29,14785.0,8,14740.0,46
1597988591171587072,1597988591432000000,2020-08-21 13:43:11.432000,14760.0,14945.0,14700.0,14890.0,nan,14764.764316,25670,1895057500.0,28049,14765.0,23,14760.0,10,14770.0,93,14755.0,91,14775.0,50,14750.0,66,14780.0,12,14745.0,29,14785.0,8,14740.0,46
1597988591671141888,1597988592246000128,2020-08-21 13:43:12.246000,14760.0,14945.0,14700.0,14890.0,nan,14764.762461,25680,1895795500.0,28056,14760.0,8,14755.0,69,14765.0,20,14750.0,55,14770.0,60,14745.0,29,14775.0,50,14740.0,46,14780.0,12,14735.0,37
1597988592182320128,1597988592588000000,2020-08-21 13:43:12.588000,14760.0,14945.0,14700.0,14890.0,nan,14764.762461,25680,1895795500.0,28056,14760.0,8,14755.0,42,14765.0,19,14750.0,19,14770.0,22,14745.0,29,14775.0,26,14740.0,46,14780.0,12,14735.0,37
1597988592658184960,1597988592914000128,2020-08-21 13:43:12.914000,14760.0,14945.0,14700.0,14890.0,nan,14764.762461,25680,1895795500.0,28056,14760.0,11,14755.0,45,14765.0,55,14750.0,66,14770.0,46,14745.0,41,14775.0,26,14740.0,46,14780.0,12,14735.0,37
1597988593163038976,1597988593731000064,2020-08-21 13:43:13.731000,14760.0,14945.0,14700.0,14890.0,nan,14764.762461,25680,1895795500.0,28056,14760.0,11,14755.0,32,14765.0,55,14750.0,102,14770.0,81,14745.0,41,14775.0,14,14740.0,46,14780.0,12,14735.0,37
1597988593682674944,1597988594243000064,2020-08-21 13:43:14.243000,14760.0,14945.0,14700.0,14890.0,nan,14764.762461,25680,1895795500.0,28056,14760.0,11,14755.0,33,14765.0,44,14750.0,102,14770.0,81,14745.0,29,14775.0,14,14740.0,46,14780.0,12,14735.0,37
1597988594213323008,1597988594732999936,2020-08-21 13:43:14.733000,14760.0,14945.0,14700.0,14890.0,nan,14764.762461,25680,1895795500.0,28056,14760.0,11,14755.0,33,14765.0,44,14750.0,114,14770.0,93,14745.0,29,14775.0,14,14740.0,46,14780.0,12,14735.0,37
1597988595649287936,1597988596000000000,2020-08-21 13:43:16.000000,14760.0,14945.0,14700.0,14890.0,nan,14764.762461,25680,1895795500.0,28056,14760.0,11,14755.0,33,14765.0,44,14750.0,114,14770.0,93,14745.0,29,14775.0,14,14740.0,46,14780.0,13,14735.0,37
1597988598195022080,1597988598423000064,2020-08-21 13:43:18.423000,14760.0,14945.0,14700.0,14890.0,nan,14764.762461,25680,1895795500.0,28056,14760.0,11,14755.0,34,14765.0,45,14750.0,114,14770.0,93,14745.0,29,14775.0,14,14740.0,46,14780.0,13,14735.0,37
1597988601154690048,1597988601432000000,2020-08-21 13:43:21.432000,14760.0,14945.0,14700.0,14890.0,nan,14764.762461,25680,1895795500.0,28056,14760.0,11,14755.0,34,14765.0,45,14750.0,126,14770.0,105,14745.0,29,14775.0,14,14740.0,46,14780.0,13,14735.0,37
1597988601628360960,1597988602000000000,2020-08-21 13:43:22.000000,14760.0,14945.0,14700.0,14890.0,nan,14764.762461,25680,1895795500.0,28056,14760.0,11,14755.0,34,14765.0,45,14750.0,114,14770.0,93,14745.0,29,14775.0,14,14740.0,46,14780.0,13,14735.0,37
1597988602127602944,1597988602408000000,2020-08-21 13:43:22.408000,14755.0,14945.0,14700.0,14890.0,nan,14764.762081,25681,1895869275.0,28056,14760.0,11,14755.0,33,14765.0,45,14750.0,102,14770.0,93,14745.0,29,14775.0,14,14740.0,46,14780.0,13,14735.0,37
1597988602624736000,1597988602934000128,2020-08-21 13:43:22.934000,14760.0,14945.0,14700.0,14890.0,nan,14764.761895,25682,1895943075.0,28055,14760.0,10,14755.0,43,14765.0,45,14750.0,102,14770.0,93,14745.0,29,14775.0,14,14740.0,46,14780.0,13,14735.0,37
1597988603143083008,1597988603435000064,2020-08-21 13:43:23.435000,14760.0,14945.0,14700.0,14890.0,nan,14764.760042,25692,1896681075.0,28047,14765.0,23,14760.0,3,14770.0,82,14755.0,40,14775.0,14,14750.0,69,14780.0,13,14745.0,29,14785.0,8,14740.0,46
1597988603636769024,1597988603930000128,2020-08-21 13:43:23.930000,14760.0,14945.0,14700.0,14890.0,nan,14764.760042,25692,1896681075.0,28047,14765.0,23,14760.0,3,14770.0,70,14755.0,42,14775.0,14,14750.0,55,14780.0,13,14745.0,29,14785.0,8,14740.0,46
1597988604178062080,1597988604427000064,2020-08-21 13:43:24.427000,14760.0,14945.0,14700.0,14890.0,nan,14764.760042,25692,1896681075.0,28047,14765.0,26,14760.0,6,14770.0,128,14755.0,79,14775.0,26,14750.0,90,14780.0,13,14745.0,29,14785.0,8,14740.0,46
1597988604633111040,1597988604928999936,2020-08-21 13:43:24.929000,14760.0,14945.0,14700.0,14890.0,nan,14764.760042,25692,1896681075.0,28047,14765.0,26,14760.0,6,14770.0,140,14755.0,79,14775.0,26,14750.0,102,14780.0,13,14745.0,29,14785.0,8,14740.0,46
1597988605144613120,1597988605435000064,2020-08-21 13:43:25.435000,14760.0,14945.0,14700.0,14890.0,nan,14764.760042,25692,1896681075.0,28047,14765.0,24,14760.0,6,14770.0,140,14755.0,79,14775.0,26,14750.0,102,14780.0,13,14745.0,29,14785.0,8,14740.0,46
1597988605640263936,1597988605923000064,2020-08-21 13:43:25.923000,14760.0,14945.0,14700.0,14890.0,nan,14764.760042,25692,1896681075.0,28047,14765.0,24,14760.0,6,14770.0,142,14755.0,79,14775.0,26,14750.0,102,14780.0,13,14745.0,29,14785.0,8,14740.0,46
1597988608127408128,1597988608414000128,2020-08-21 13:43:28.414000,14760.0,14945.0,14700.0,14890.0,nan,14764.760042,25692,1896681075.0,28047,14765.0,24,14760.0,6,14770.0,131,14755.0,79,14775.0,26,14750.0,91,14780.0,13,14745.0,29,14785.0,8,14740.0,46
1597988608655918080,1597988609194000128,2020-08-21 13:43:29.194000,14760.0,14945.0,14700.0,14890.0,nan,14764.760042,25692,1896681075.0,28047,14765.0,24,14760.0,6,14770.0,142,14755.0,79,14775.0,26,14750.0,102,14780.0,13,14745.0,29,14785.0,8,14740.0,46
1597988613164613120,1597988613437999872,2020-08-21 13:43:33.438000,14760.0,14945.0,14700.0,14890.0,nan,14764.760042,25692,1896681075.0,28047,14765.0,14,14760.0,6,14770.0,142,14755.0,79,14775.0,26,14750.0,102,14780.0,13,14745.0,29,14785.0,8,14740.0,46
1597988613648584960,1597988614000000000,2020-08-21 13:43:34.000000,14760.0,14945.0,14700.0,14890.0,nan,14764.760042,25692,1896681075.0,28047,14765.0,14,14760.0,12,14770.0,142,14755.0,79,14775.0,36,14750.0,102,14780.0,13,14745.0,29,14785.0,8,14740.0,46
1597988614167904000,1597988614426000128,2020-08-21 13:43:34.426000,14760.0,14945.0,14700.0,14890.0,nan,14764.760042,25692,1896681075.0,28047,14765.0,8,14760.0,12,14770.0,142,14755.0,79,14775.0,36,14750.0,102,14780.0,13,14745.0,29,14785.0,8,14740.0,46
1597988614632602112,1597988614844000000,2020-08-21 13:43:34.844000,14760.0,14945.0,14700.0,14890.0,nan,14764.760042,25692,1896681075.0,28047,14765.0,8,14760.0,12,14770.0,95,14755.0,114,14775.0,71,14750.0,67,14780.0,13,14745.0,29,14785.0,8,14740.0,46
1597988615156372992,1597988615423000064,2020-08-21 13:43:35.423000,14765.0,14945.0,14700.0,14890.0,nan,14764.760117,25700,1897271675.0,28041,14770.0,37,14765.0,3,14775.0,72,14760.0,9,14780.0,13,14755.0,93,14785.0,8,14750.0,43,14790.0,11,14745.0,29
1597988615635027968,1597988616000000000,2020-08-21 13:43:36.000000,14765.0,14945.0,14700.0,14890.0,nan,14764.760358,25705,1897640825.0,28041,14765.0,1,14760.0,21,14770.0,9,14755.0,78,14775.0,73,14750.0,7,14780.0,25,14745.0,29,14785.0,8,14740.0,46
1597988616134919936,1597988616423000064,2020-08-21 13:43:36.423000,14765.0,14945.0,14700.0,14890.0,nan,14764.760414,25711,1898083775.0,28038,14770.0,10,14765.0,5,14775.0,85,14760.0,11,14780.0,13,14755.0,114,14785.0,8,14750.0,7,14790.0,11,14745.0,29
1597988616655931904,1597988617170000128,2020-08-21 13:43:37.170000,14770.0,14945.0,14700.0,14890.0,nan,14764.761636,25717,1898526875.0,28042,14775.0,86,14770.0,2,14780.0,13,14765.0,12,14785.0,8,14760.0,23,14790.0,11,14755.0,97,14795.0,40,14750.0,7
1597988617146663936,1597988617436999936,2020-08-21 13:43:37.437000,14770.0,14945.0,14700.0,14890.0,nan,14764.762247,25720,1898748425.0,28040,14775.0,50,14765.0,24,14780.0,27,14760.0,22,14785.0,20,14755.0,73,14790.0,11,14750.0,7,14795.0,40,14745.0,29
1597988617717612032,1597988617926000128,2020-08-21 13:43:37.926000,14770.0,14945.0,14700.0,14890.0,nan,14764.762247,25720,1898748425.0,28040,14770.0,2,14765.0,18,14775.0,63,14760.0,103,14780.0,84,14755.0,61,14785.0,8,14750.0,7,14790.0,11,14745.0,29
1597988618176928000,1597988618742000128,2020-08-21 13:43:38.742000,14770.0,14945.0,14700.0,14890.0,nan,14764.763672,25727,1899265375.0,28037,14775.0,28,14765.0,15,14780.0,86,14760.0,83,14785.0,8,14755.0,49,14790.0,11,14750.0,7,14795.0,40,14745.0,29
1597988618637548032,1597988618912000000,2020-08-21 13:43:38.912000,14770.0,14945.0,14700.0,14890.0,nan,14764.763672,25727,1899265375.0,28037,14775.0,27,14765.0,15,14780.0,74,14760.0,70,14785.0,8,14755.0,49,14790.0,11,14750.0,7,14795.0,40,14745.0,29
1597988619189353984,1597988619740000000,2020-08-21 13:43:39.740000,14770.0,14945.0,14700.0,14890.0,nan,14764.763672,25727,1899265375.0,28037,14775.0,52,14765.0,18,14780.0,97,14760.0,115,14785.0,8,14755.0,49,14790.0,11,14750.0,7,14795.0,40,14745.0,29
1597988619972032000,1597988620223000064,2020-08-21 13:43:40.223000,14770.0,14945.0,14700.0,14890.0,nan,14764.763672,25727,1899265375.0,28037,14775.0,53,14765.0,18,14780.0,109,14760.0,128,14785.0,8,14755.0,49,14790.0,11,14750.0,7,14795.0,40,14745.0,29
1597988620143152128,1597988620438999808,2020-08-21 13:43:40.439000,14770.0,14945.0,14700.0,14890.0,nan,14764.763672,25727,1899265375.0,28037,14775.0,53,14765.0,18,14780.0,109,14760.0,129,14785.0,8,14755.0,49,14790.0,11,14750.0,7,14795.0,40,14745.0,29
1597988622155322112,1597988622424999936,2020-08-21 13:43:42.425000,14770.0,14945.0,14700.0,14890.0,nan,14764.763672,25727,1899265375.0,28037,14770.0,5,14765.0,18,14775.0,53,14760.0,129,14780.0,109,14755.0,49,14785.0,8,14750.0,7,14790.0,11,14745.0,29
1597988622624451072,1597988623000000000,2020-08-21 13:43:43.000000,14770.0,14945.0,14700.0,14890.0,nan,14764.763672,25727,1899265375.0,28037,14770.0,8,14765.0,18,14775.0,50,14760.0,117,14780.0,97,14755.0,49,14785.0,8,14750.0,7,14790.0,11,14745.0,29
1597988623131959040,1597988623404999936,2020-08-21 13:43:43.405000,14770.0,14945.0,14700.0,14890.0,nan,14764.763672,25727,1899265375.0,28037,14770.0,8,14765.0,16,14775.0,50,14760.0,129,14780.0,109,14755.0,49,14785.0,8,14750.0,7,14790.0,11,14745.0,29
1597988623626604032,1597988624000000000,2020-08-21 13:43:44.000000,14770.0,14945.0,14700.0,14890.0,nan,14764.763672,25727,1899265375.0,28037,14770.0,8,14765.0,16,14775.0,50,14760.0,131,14780.0,109,14755.0,49,14785.0,8,14750.0,7,14790.0,11,14745.0,29
1597988624168785920,1597988624740000000,2020-08-21 13:43:44.740000,14770.0,14945.0,14700.0,14890.0,nan,14764.763672,25727,1899265375.0,28037,14770.0,8,14765.0,16,14775.0,50,14760.0,143,14780.0,121,14755.0,49,14785.0,8,14750.0,7,14790.0,11,14745.0,29
1597988626142528000,1597988626420999936,2020-08-21 13:43:46.421000,14770.0,14945.0,14700.0,14890.0,nan,14764.763672,25727,1899265375.0,28037,14770.0,14,14765.0,16,14775.0,50,14760.0,143,14780.0,121,14755.0,49,14785.0,8,14750.0,7,14790.0,11,14745.0,29
1597988626639952896,1597988627000000000,2020-08-21 13:43:47.000000,14770.0,14945.0,14700.0,14890.0,nan,14764.763672,25727,1899265375.0,28037,14770.0,14,14765.0,10,14775.0,50,14760.0,143,14780.0,121,14755.0,49,14785.0,8,14750.0,7,14790.0,11,14745.0,29
1597988627153242112,1597988627378000128,2020-08-21 13:43:47.378000,14770.0,14945.0,14700.0,14890.0,nan,14764.763672,25727,1899265375.0,28037,14770.0,14,14765.0,8,14775.0,85,14760.0,108,14780.0,86,14755.0,84,14785.0,8,14750.0,7,14790.0,11,14745.0,29
1597988631631837952,1597988632000000000,2020-08-21 13:43:52.000000,14770.0,14945.0,14700.0,14890.0,nan,14764.763672,25727,1899265375.0,28037,14770.0,14,14765.0,7,14775.0,85,14760.0,109,14780.0,86,14755.0,84,14785.0,8,14750.0,7,14790.0,11,14745.0,29
1597988638127555072,1597988638431000064,2020-08-21 13:43:58.431000,14770.0,14945.0,14700.0,14890.0,nan,14764.763672,25727,1899265375.0,28037,14770.0,14,14765.0,7,14775.0,85,14760.0,109,14780.0,86,14755.0,84,14785.0,8,14750.0,12,14790.0,11,14745.0,29
1597988638622667008,1597988639000000000,2020-08-21 13:43:59.000000,14770.0,14945.0,14700.0,14890.0,nan,14764.763672,25727,1899265375.0,28037,14770.0,8,14765.0,13,14775.0,85,14760.0,109,14780.0,86,14755.0,84,14785.0,8,14750.0,12,14790.0,11,14745.0,29
1597988639168390912,1597988639434000128,2020-08-21 13:43:59.434000,14770.0,14945.0,14700.0,14890.0,nan,14764.763672,25727,1899265375.0,28037,14770.0,8,14765.0,13,14775.0,50,14760.0,144,14780.0,121,14755.0,49,14785.0,8,14750.0,12,14790.0,11,14745.0,29
1597988645139612928,1597988645424999936,2020-08-21 13:44:05.425000,14770.0,14945.0,14700.0,14890.0,nan,14764.763672,25727,1899265375.0,28037,14770.0,9,14765.0,13,14775.0,50,14760.0,144,14780.0,121,14755.0,49,14785.0,8,14750.0,12,14790.0,11,14745.0,29
1597988645636445952,1597988646000000000,2020-08-21 13:44:06.000000,14770.0,14945.0,14700.0,14890.0,nan,14764.763672,25727,1899265375.0,28037,14770.0,15,14765.0,13,14775.0,50,14760.0,144,14780.0,121,14755.0,49,14785.0,8,14750.0,12,14790.0,11,14745.0,29
1597988646122564096,1597988646434000128,2020-08-21 13:44:06.434000,14770.0,14945.0,14700.0,14890.0,nan,14764.763672,25727,1899265375.0,28037,14770.0,15,14765.0,7,14775.0,85,14760.0,109,14780.0,86,14755.0,84,14785.0,8,14750.0,12,14790.0,11,14745.0,29
1597988646624220928,1597988647000000000,2020-08-21 13:44:07.000000,14770.0,14945.0,14700.0,14890.0,nan,14764.763672,25727,1899265375.0,28037,14770.0,16,14765.0,7,14775.0,85,14760.0,109,14780.0,86,14755.0,84,14785.0,8,14750.0,12,14790.0,11,14745.0,29
1597988651659098112,1597988652000000000,2020-08-21 13:44:12.000000,14770.0,14945.0,14700.0,14890.0,nan,14764.763672,25727,1899265375.0,28037,14770.0,16,14765.0,7,14775.0,85,14760.0,110,14780.0,86,14755.0,84,14785.0,8,14750.0,12,14790.0,11,14745.0,29
1597988652145195008,1597988652433000192,2020-08-21 13:44:12.433000,14770.0,14945.0,14700.0,14890.0,nan,14764.763672,25727,1899265375.0,28037,14770.0,15,14765.0,7,14775.0,85,14760.0,110,14780.0,86,14755.0,84,14785.0,8,14750.0,12,14790.0,11,14745.0,29
1597988652622946048,1597988653000000000,2020-08-21 13:44:13.000000,14770.0,14945.0,14700.0,14890.0,nan,14764.763672,25727,1899265375.0,28037,14770.0,15,14765.0,7,14775.0,85,14760.0,110,14780.0,88,14755.0,84,14785.0,8,14750.0,12,14790.0,11,14745.0,29
1597988656639141888,1597988657000000000,2020-08-21 13:44:17.000000,14770.0,14945.0,14700.0,14890.0,nan,14764.763672,25727,1899265375.0,28037,14770.0,15,14765.0,7,14775.0,86,14760.0,110,14780.0,88,14755.0,84,14785.0,8,14750.0,12,14790.0,11,14745.0,29
1597988659134241024,1597988659436999936,2020-08-21 13:44:19.437000,14770.0,14945.0,14700.0,14890.0,nan,14764.763672,25727,1899265375.0,28037,14770.0,15,14765.0,13,14775.0,86,14760.0,110,14780.0,88,14755.0,84,14785.0,8,14750.0,12,14790.0,11,14745.0,29
1597988659626002944,1597988660000000000,2020-08-21 13:44:20.000000,14770.0,14945.0,14700.0,14890.0,nan,14764.764098,25731,1899560725.0,28038,14770.0,7,14765.0,11,14775.0,86,14760.0,110,14780.0,88,14755.0,84,14785.0,8,14750.0,12,14790.0,11,14745.0,29
1597988660156628992,1597988660434000128,2020-08-21 13:44:20.434000,14770.0,14945.0,14700.0,14890.0,nan,14764.764098,25731,1899560725.0,28038,14770.0,7,14765.0,11,14775.0,51,14760.0,145,14780.0,123,14755.0,49,14785.0,8,14750.0,12,14790.0,11,14745.0,29
1597988662134202112,1597988662435000064,2020-08-21 13:44:22.435000,14770.0,14945.0,14700.0,14890.0,nan,14764.764098,25731,1899560725.0,28038,14770.0,7,14765.0,11,14775.0,50,14760.0,145,14780.0,123,14755.0,49,14785.0,8,14750.0,12,14790.0,11,14745.0,29
1597988664123625984,1597988664412000000,2020-08-21 13:44:24.412000,14770.0,14945.0,14700.0,14890.0,nan,14764.764098,25731,1899560725.0,28038,14770.0,7,14765.0,11,14775.0,50,14760.0,145,14780.0,121,14755.0,49,14785.0,8,14750.0,12,14790.0,11,14745.0,29
1597988665131138048,1597988665433000192,2020-08-21 13:44:25.433000,14770.0,14945.0,14700.0,14890.0,nan,14764.764098,25731,1899560725.0,28038,14770.0,8,14765.0,11,14775.0,50,14760.0,145,14780.0,121,14755.0,49,14785.0,8,14750.0,12,14790.0,11,14745.0,29
1597988668638323968,1597988669000000000,2020-08-21 13:44:29.000000,14770.0,14945.0,14700.0,14890.0,nan,14764.764098,25731,1899560725.0,28038,14770.0,8,14765.0,11,14775.0,51,14760.0,145,14780.0,121,14755.0,49,14785.0,8,14750.0,12,14790.0,11,14745.0,29
1597988671612083968,1597988672000000000,2020-08-21 13:44:32.000000,14770.0,14945.0,14700.0,14890.0,nan,14764.764098,25731,1899560725.0,28038,14770.0,8,14765.0,11,14775.0,51,14760.0,145,14780.0,122,14755.0,49,14785.0,8,14750.0,12,14790.0,11,14745.0,29
1597988679621812992,1597988680000000000,2020-08-21 13:44:40.000000,14770.0,14945.0,14700.0,14890.0,nan,14764.764098,25731,1899560725.0,28038,14770.0,8,14765.0,11,14775.0,51,14760.0,145,14780.0,121,14755.0,49,14785.0,8,14750.0,12,14790.0,11,14745.0,29
1597988681131758080,1597988681424999936,2020-08-21 13:44:41.425000,14770.0,14945.0,14700.0,14890.0,nan,14764.764098,25731,1899560725.0,28038,14770.0,8,14765.0,11,14775.0,50,14760.0,145,14780.0,121,14755.0,49,14785.0,8,14750.0,12,14790.0,11,14745.0,29
1597988684654874880,1597988685000000000,2020-08-21 13:44:45.000000,14770.0,14945.0,14700.0,14890.0,nan,14764.764098,25731,1899560725.0,28038,14770.0,8,14765.0,11,14775.0,50,14760.0,145,14780.0,122,14755.0,49,14785.0,8,14750.0,12,14790.0,11,14745.0,29
1597988687149612032,1597988687434000128,2020-08-21 13:44:47.434000,14770.0,14945.0,14700.0,14890.0,nan,14764.764098,25731,1899560725.0,28038,14770.0,8,14765.0,11,14775.0,51,14760.0,145,14780.0,122,14755.0,49,14785.0,8,14750.0,12,14790.0,11,14745.0,29
1597988691659621120,1597988692227000064,2020-08-21 13:44:52.227000,14770.0,14945.0,14700.0,14890.0,nan,14764.764098,25731,1899560725.0,28038,14770.0,14,14765.0,5,14775.0,51,14760.0,145,14780.0,122,14755.0,49,14785.0,8,14750.0,12,14790.0,11,14745.0,29
1597988692134202880,1597988692411000064,2020-08-21 13:44:52.411000,14770.0,14945.0,14700.0,14890.0,nan,14764.764098,25731,1899560725.0,28038,14770.0,14,14765.0,5,14775.0,86,14760.0,110,14780.0,87,14755.0,84,14785.0,8,14750.0,12,14790.0,11,14745.0,29
1597988692635091968,1597988693000000000,2020-08-21 13:44:53.000000,14765.0,14945.0,14700.0,14890.0,nan,14764.764144,25736,1899929850.0,28039,14765.0,3,14760.0,76,14770.0,11,14755.0,77,14775.0,65,14750.0,12,14780.0,87,14745.0,29,14785.0,8,14740.0,46
1597988693155378944,1597988693438999808,2020-08-21 13:44:53.439000,14765.0,14945.0,14700.0,14890.0,nan,14764.764144,25736,1899929850.0,28039,14765.0,4,14760.0,28,14770.0,23,14755.0,90,14775.0,62,14750.0,16,14780.0,27,14745.0,29,14785.0,8,14740.0,46
1597988693651049984,1597988694239000064,2020-08-21 13:44:54.239000,14765.0,14945.0,14700.0,14890.0,nan,14764.764144,25736,1899929850.0,28039,14765.0,13,14760.0,12,14770.0,47,14755.0,159,14775.0,120,14750.0,28,14780.0,15,14745.0,29,14785.0,8,14740.0,46
1597988694139991040,1597988694428999936,2020-08-21 13:44:54.429000,14765.0,14945.0,14700.0,14890.0,nan,14764.764144,25736,1899929850.0,28039,14765.0,13,14760.0,10,14770.0,95,14755.0,125,14775.0,85,14750.0,75,14780.0,15,14745.0,29,14785.0,8,14740.0,46
1597988694625888000,1597988695000000000,2020-08-21 13:44:55.000000,14765.0,14945.0,14700.0,14890.0,nan,14764.764144,25736,1899929850.0,28039,14765.0,13,14760.0,10,14770.0,95,14755.0,115,14775.0,73,14750.0,75,14780.0,15,14745.0,29,14785.0,8,14740.0,46
1597988695120530944,1597988695421999872,2020-08-21 13:44:55.422000,14765.0,14945.0,14700.0,14890.0,nan,14764.764144,25736,1899929850.0,28039,14765.0,13,14760.0,10,14770.0,107,14755.0,115,14775.0,73,14750.0,87,14780.0,15,14745.0,29,14785.0,8,14740.0,46
1597988697625635072,1597988698000000000,2020-08-21 13:44:58.000000,14765.0,14945.0,14700.0,14890.0,nan,14764.764144,25736,1899929850.0,28039,14765.0,13,14760.0,11,14770.0,107,14755.0,115,14775.0,73,14750.0,87,14780.0,15,14745.0,29,14785.0,8,14740.0,46
1597988703641131008,1597988704000000000,2020-08-21 13:45:04.000000,14760.0,14945.0,14700.0,14890.0,nan,14764.763959,25737,1900003650.0,28039,14765.0,13,14760.0,10,14770.0,107,14755.0,115,14775.0,73,14750.0,87,14780.0,15,14745.0,29,14785.0,8,14740.0,46
1597988704205454080,1597988704437999872,2020-08-21 13:45:04.438000,14760.0,14945.0,14700.0,14890.0,nan,14764.763588,25739,1900151250.0,28038,14765.0,14,14760.0,9,14770.0,107,14755.0,115,14775.0,73,14750.0,87,14780.0,15,14745.0,29,14785.0,8,14740.0,46
1597988706154821888,1597988706432000000,2020-08-21 13:45:06.432000,14760.0,14945.0,14700.0,14890.0,nan,14764.763588,25739,1900151250.0,28038,14765.0,14,14760.0,17,14770.0,107,14755.0,115,14775.0,73,14750.0,87,14780.0,15,14745.0,29,14785.0,7,14740.0,46
1597988706626854912,1597988707000000000,2020-08-21 13:45:07.000000,14760.0,14945.0,14700.0,14890.0,nan,14764.760444,25756,1901405850.0,28043,14760.0,3,14755.0,129,14765.0,11,14750.0,36,14770.0,38,14745.0,33,14775.0,109,14740.0,46,14780.0,15,14735.0,37
1597988707141552128,1597988707427000064,2020-08-21 13:45:07.427000,14755.0,14945.0,14700.0,14890.0,nan,14764.760065,25757,1901479625.0,28044,14760.0,5,14755.0,79,14765.0,9,14750.0,36,14770.0,36,14745.0,33,14775.0,61,14740.0,46,14780.0,15,14735.0,37
1597988707630840064,1597988708000000000,2020-08-21 13:45:08.000000,14755.0,14945.0,14700.0,14890.0,nan,14764.760065,25757,1901479625.0,28044,14760.0,10,14755.0,82,14765.0,33,14750.0,81,14770.0,59,14745.0,33,14775.0,61,14740.0,46,14780.0,15,14735.0,37
1597988708160481024,1597988708608000000,2020-08-21 13:45:08.608000,14755.0,14945.0,14700.0,14890.0,nan,14764.760065,25757,1901479625.0,28044,14760.0,10,14755.0,57,14765.0,33,14750.0,129,14770.0,106,14745.0,33,14775.0,37,14740.0,46,14780.0,15,14735.0,37
1597988708625748992,1597988709000000000,2020-08-21 13:45:09.000000,14755.0,14945.0,14700.0,14890.0,nan,14764.760065,25757,1901479625.0,28044,14760.0,10,14755.0,46,14765.0,34,14750.0,129,14770.0,106,14745.0,33,14775.0,25,14740.0,46,14780.0,15,14735.0,37
1597988709136371968,1597988709436000000,2020-08-21 13:45:09.436000,14755.0,14945.0,14700.0,14890.0,nan,14764.760065,25757,1901479625.0,28044,14760.0,16,14755.0,46,14765.0,34,14750.0,141,14770.0,118,14745.0,33,14775.0,25,14740.0,46,14780.0,15,14735.0,37
1597988710635708928,1597988711000000000,2020-08-21 13:45:11.000000,14755.0,14945.0,14700.0,14890.0,nan,14764.760065,25757,1901479625.0,28044,14760.0,10,14755.0,46,14765.0,34,14750.0,141,14770.0,118,14745.0,33,14775.0,25,14740.0,46,14780.0,15,14735.0,37
1597988711167454976,1597988711435000064,2020-08-21 13:45:11.435000,14760.0,14945.0,14700.0,14890.0,nan,14764.758218,25767,1902217625.0,28037,14765.0,12,14760.0,3,14770.0,107,14755.0,43,14775.0,25,14750.0,108,14780.0,15,14745.0,33,14785.0,7,14740.0,46
1597988711637342976,1597988712000000000,2020-08-21 13:45:12.000000,14760.0,14945.0,14700.0,14890.0,nan,14764.758218,25767,1902217625.0,28037,14765.0,10,14760.0,3,14770.0,95,14755.0,43,14775.0,25,14750.0,96,14780.0,15,14745.0,33,14785.0,7,14740.0,46
1597988712140476928,1597988712428000000,2020-08-21 13:45:12.428000,14760.0,14945.0,14700.0,14890.0,nan,14764.757858,25770,1902439050.0,28038,14765.0,12,14760.0,4,14770.0,130,14755.0,78,14775.0,37,14750.0,107,14780.0,15,14745.0,33,14785.0,7,14740.0,46
1597988712622831104,1597988713000000000,2020-08-21 13:45:13.000000,14760.0,14945.0,14700.0,14890.0,nan,14764.757858,25770,1902439050.0,28038,14765.0,12,14760.0,4,14770.0,142,14755.0,78,14775.0,37,14750.0,119,14780.0,15,14745.0,33,14785.0,7,14740.0,46
1597988713626823936,1597988714000000000,2020-08-21 13:45:14.000000,14760.0,14945.0,14700.0,14890.0,nan,14764.757858,25770,1902439050.0,28038,14765.0,12,14760.0,5,14770.0,142,14755.0,78,14775.0,37,14750.0,119,14780.0,15,14745.0,33,14785.0,7,14740.0,46
1597988715137541888,1597988715431000064,2020-08-21 13:45:15.431000,14760.0,14945.0,14700.0,14890.0,nan,14764.757673,25771,1902512850.0,28038,14765.0,12,14760.0,4,14770.0,142,14755.0,78,14775.0,37,14750.0,119,14780.0,15,14745.0,33,14785.0,7,14740.0,46
1597988717675802880,1597988718190000128,2020-08-21 13:45:18.190000,14760.0,14945.0,14700.0,14890.0,nan,14764.757673,25771,1902512850.0,28038,14765.0,13,14760.0,4,14770.0,142,14755.0,78,14775.0,37,14750.0,119,14780.0,15,14745.0,33,14785.0,7,14740.0,46
1597988718164367872,1597988718744000000,2020-08-21 13:45:18.744000,14760.0,14945.0,14700.0,14890.0,nan,14764.757673,25771,1902512850.0,28038,14765.0,13,14760.0,3,14770.0,131,14755.0,78,14775.0,37,14750.0,108,14780.0,15,14745.0,33,14785.0,7,14740.0,46
1597988718630272000,1597988719000000000,2020-08-21 13:45:19.000000,14760.0,14945.0,14700.0,14890.0,nan,14764.757673,25771,1902512850.0,28038,14765.0,14,14760.0,4,14770.0,142,14755.0,78,14775.0,37,14750.0,119,14780.0,15,14745.0,33,14785.0,7,14740.0,46
1597988719630874880,1597988720000000000,2020-08-21 13:45:20.000000,14760.0,14945.0,14700.0,14890.0,nan,14764.757673,25771,1902512850.0,28038,14765.0,14,14760.0,4,14770.0,144,14755.0,78,14775.0,37,14750.0,119,14780.0,15,14745.0,33,14785.0,7,14740.0,46
1597988724622722048,1597988725000000000,2020-08-21 13:45:25.000000,14760.0,14945.0,14700.0,14890.0,nan,14764.756935,25775,1902808050.0,28037,14760.0,2,14755.0,56,14765.0,11,14750.0,108,14770.0,111,14745.0,33,14775.0,37,14740.0,46,14780.0,15,14735.0,37
1597988725131497984,1597988725434000128,2020-08-21 13:45:25.434000,14755.0,14945.0,14700.0,14890.0,nan,14764.756187,25778,1903029425.0,28037,14760.0,1,14755.0,54,14765.0,21,14750.0,85,14770.0,85,14745.0,45,14775.0,37,14740.0,46,14780.0,15,14735.0,37
1597988725658845952,1597988726226000128,2020-08-21 13:45:26.226000,14760.0,14945.0,14700.0,14890.0,nan,14764.756003,25779,1903103225.0,28036,14760.0,3,14755.0,57,14765.0,33,14750.0,118,14770.0,96,14745.0,45,14775.0,37,14740.0,46,14780.0,15,14735.0,37
1597988726158702080,1597988726433000192,2020-08-21 13:45:26.433000,14760.0,14945.0,14700.0,14890.0,nan,14764.75545,25782,1903324625.0,28035,14765.0,12,14760.0,3,14770.0,120,14755.0,42,14775.0,25,14750.0,120,14780.0,15,14745.0,33,14785.0,7,14740.0,46
1597988726620833024,1597988727000000000,2020-08-21 13:45:27.000000,14760.0,14945.0,14700.0,14890.0,nan,14764.75545,25782,1903324625.0,28035,14765.0,10,14760.0,4,14770.0,86,14755.0,66,14775.0,49,14750.0,84,14780.0,15,14745.0,33,14785.0,7,14740.0,46
1597988727126223872,1597988727437999872,2020-08-21 13:45:27.438000,14760.0,14945.0,14700.0,14890.0,nan,14764.75545,25782,1903324625.0,28035,14765.0,13,14760.0,13,14770.0,121,14755.0,88,14775.0,49,14750.0,95,14780.0,15,14745.0,33,14785.0,7,14740.0,46
1597988727656264960,1597988728000000000,2020-08-21 13:45:28.000000,14760.0,14945.0,14700.0,14890.0,nan,14764.75545,25782,1903324625.0,28035,14765.0,13,14760.0,7,14770.0,74,14755.0,147,14775.0,108,14750.0,48,14780.0,15,14745.0,33,14785.0,7,14740.0,46
1597988728157328896,1597988728717999872,2020-08-21 13:45:28.718000,14760.0,14945.0,14700.0,14890.0,nan,14764.75545,25782,1903324625.0,28035,14765.0,13,14760.0,7,14770.0,97,14755.0,112,14775.0,73,14750.0,71,14780.0,15,14745.0,33,14785.0,7,14740.0,46
1597988728654100992,1597988729236999936,2020-08-21 13:45:29.237000,14760.0,14945.0,14700.0,14890.0,nan,14764.75545,25782,1903324625.0,28035,14765.0,13,14760.0,7,14770.0,109,14755.0,112,14775.0,73,14750.0,83,14780.0,15,14745.0,33,14785.0,7,14740.0,46
1597988729191086080,1597988729435000064,2020-08-21 13:45:29.435000,14760.0,14945.0,14700.0,14890.0,nan,14764.75545,25782,1903324625.0,28035,14765.0,13,14760.0,7,14770.0,121,14755.0,100,14775.0,61,14750.0,95,14780.0,15,14745.0,33,14785.0,7,14740.0,46
1597988730143980032,1597988730437999872,2020-08-21 13:45:30.438000,14760.0,14945.0,14700.0,14890.0,nan,14764.755265,25783,1903398425.0,28034,14765.0,13,14760.0,10,14770.0,121,14755.0,100,14775.0,61,14750.0,95,14780.0,15,14745.0,33,14785.0,7,14740.0,46
1597988730645917952,1597988731000000000,2020-08-21 13:45:31.000000,14760.0,14945.0,14700.0,14890.0,nan,14764.755265,25783,1903398425.0,28034,14765.0,13,14760.0,14,14770.0,121,14755.0,100,14775.0,61,14750.0,95,14780.0,15,14745.0,33,14785.0,7,14740.0,46
1597988731124216064,1597988731428000000,2020-08-21 13:45:31.428000,14760.0,14945.0,14700.0,14890.0,nan,14764.755265,25783,1903398425.0,28034,14765.0,12,14760.0,14,14770.0,74,14755.0,147,14775.0,108,14750.0,48,14780.0,15,14745.0,33,14785.0,7,14740.0,46
1597988731630539008,1597988732000000000,2020-08-21 13:45:32.000000,14760.0,14945.0,14700.0,14890.0,nan,14764.755265,25783,1903398425.0,28034,14765.0,12,14760.0,14,14770.0,50,14755.0,159,14775.0,120,14750.0,24,14780.0,15,14745.0,33,14785.0,7,14740.0,46
1597988732139673088,1597988732424000000,2020-08-21 13:45:32.424000,14760.0,14945.0,14700.0,14890.0,nan,14764.753974,25790,1903915025.0,28030,14765.0,9,14760.0,6,14770.0,28,14755.0,138,14775.0,121,14750.0,24,14780.0,15,14745.0,33,14785.0,7,14740.0,46
1597988732620361984,1597988733000000000,2020-08-21 13:45:33.000000,14765.0,14945.0,14700.0,14890.0,nan,14764.754041,25797,1904431800.0,28035,14765.0,2,14760.0,6,14770.0,64,14755.0,102,14775.0,85,14750.0,60,14780.0,15,14745.0,33,14785.0,7,14740.0,46
1597988733148101120,1597988733438999808,2020-08-21 13:45:33.439000,14765.0,14945.0,14700.0,14890.0,nan,14764.754041,25797,1904431800.0,28035,14765.0,4,14760.0,15,14770.0,50,14755.0,169,14775.0,132,14750.0,24,14780.0,15,14745.0,33,14785.0,7,14740.0,46
1597988733664845056,1597988734000000000,2020-08-21 13:45:34.000000,14765.0,14945.0,14700.0,14890.0,nan,14764.754041,25797,1904431800.0,28035,14765.0,4,14760.0,17,14770.0,50,14755.0,169,14775.0,132,14750.0,24,14780.0,15,14745.0,33,14785.0,7,14740.0,46
1597988734645060096,1597988735000000000,2020-08-21 13:45:35.000000,14765.0,14945.0,14700.0,14890.0,nan,14764.754079,25801,1904727100.0,28033,14770.0,28,14765.0,3,14775.0,121,14760.0,14,14780.0,15,14755.0,136,14785.0,7,14750.0,24,14790.0,11,14745.0,33
1597988735139977984,1597988735436999936,2020-08-21 13:45:35.437000,14770.0,14945.0,14700.0,14890.0,nan,14764.754302,25804,1904948600.0,28032,14770.0,11,14765.0,7,14775.0,86,14760.0,32,14780.0,39,14755.0,99,14785.0,7,14750.0,12,14790.0,11,14745.0,33
1597988735672280064,1597988736000000000,2020-08-21 13:45:36.000000,14765.0,14945.0,14700.0,14890.0,nan,14764.754311,25805,1905022425.0,28032,14770.0,15,14765.0,9,14775.0,122,14760.0,67,14780.0,51,14755.0,110,14785.0,7,14750.0,12,14790.0,11,14745.0,33
1597988736155538944,1597988736437999872,2020-08-21 13:45:36.438000,14765.0,14945.0,14700.0,14890.0,nan,14764.754321,25806,1905096250.0,28032,14770.0,16,14765.0,8,14775.0,134,14760.0,67,14780.0,51,14755.0,122,14785.0,7,14750.0,12,14790.0,11,14745.0,33
1597988736621713920,1597988737000000000,2020-08-21 13:45:37.000000,14765.0,14945.0,14700.0,14890.0,nan,14764.75434,25808,1905243900.0,28031,14770.0,16,14765.0,6,14775.0,134,14760.0,67,14780.0,51,14755.0,122,14785.0,7,14750.0,12,14790.0,11,14745.0,33
1597988737155389952,1597988737437999872,2020-08-21 13:45:37.438000,14765.0,14945.0,14700.0,14890.0,nan,14764.754397,25814,1905686850.0,28032,14765.0,3,14760.0,33,14770.0,13,14755.0,111,14775.0,101,14750.0,12,14780.0,51,14745.0,33,14785.0,7,14740.0,46
1597988737646609920,1597988738000000000,2020-08-21 13:45:38.000000,14765.0,14945.0,14700.0,14890.0,nan,14764.754397,25814,1905686850.0,28032,14765.0,4,14760.0,9,14770.0,24,14755.0,124,14775.0,98,14750.0,12,14780.0,15,14745.0,33,14785.0,7,14740.0,46
1597988738195532032,1597988738431000064,2020-08-21 13:45:38.431000,14765.0,14945.0,14700.0,14890.0,nan,14764.754397,25814,1905686850.0,28032,14765.0,13,14760.0,5,14770.0,48,14755.0,169,14775.0,132,14750.0,24,14780.0,15,14745.0,33,14785.0,7,14740.0,46
1597988738630088960,1597988739000000000,2020-08-21 13:45:39.000000,14765.0,14945.0,14700.0,14890.0,nan,14764.754397,25814,1905686850.0,28032,14765.0,13,14760.0,3,14770.0,96,14755.0,123,14775.0,85,14750.0,71,14780.0,15,14745.0,33,14785.0,7,14740.0,46
1597988739150149120,1597988739434000128,2020-08-21 13:45:39.434000,14765.0,14945.0,14700.0,14890.0,nan,14764.754397,25814,1905686850.0,28032,14765.0,13,14760.0,3,14770.0,96,14755.0,113,14775.0,73,14750.0,71,14780.0,15,14745.0,33,14785.0,7,14740.0,46
1597988739624980992,1597988740000000000,2020-08-21 13:45:40.000000,14765.0,14945.0,14700.0,14890.0,nan,14764.754397,25814,1905686850.0,28032,14765.0,13,14760.0,3,14770.0,109,14755.0,113,14775.0,73,14750.0,83,14780.0,15,14745.0,33,14785.0,7,14740.0,46
1597988740123099904,1597988740426000128,2020-08-21 13:45:40.426000,14765.0,14945.0,14700.0,14890.0,nan,14764.754397,25814,1905686850.0,28032,14765.0,13,14760.0,3,14770.0,121,14755.0,101,14775.0,61,14750.0,95,14780.0,15,14745.0,33,14785.0,7,14740.0,46
1597988744186720000,1597988744675000064,2020-08-21 13:45:44.675000,14765.0,14945.0,14700.0,14890.0,nan,14764.754397,25814,1905686850.0,28032,14765.0,13,14760.0,4,14770.0,120,14755.0,101,14775.0,61,14750.0,95,14780.0,15,14745.0,33,14785.0,7,14740.0,46
1597988746153722112,1597988746438999808,2020-08-21 13:45:46.439000,14765.0,14945.0,14700.0,14890.0,nan,14764.754397,25814,1905686850.0,28032,14765.0,13,14760.0,5,14770.0,120,14755.0,101,14775.0,61,14750.0,95,14780.0,15,14745.0,33,14785.0,7,14740.0,46
1597988746662490112,1597988747204000000,2020-08-21 13:45:47.204000,14765.0,14945.0,14700.0,14890.0,nan,14764.754397,25814,1905686850.0,28032,14765.0,13,14760.0,6,14770.0,120,14755.0,101,14775.0,61,14750.0,95,14780.0,15,14745.0,33,14785.0,7,14740.0,46
1597988751647582976,1597988752000000000,2020-08-21 13:45:52.000000,14765.0,14945.0,14700.0,14890.0,nan,14764.75452,25827,1906646575.0,28027,14770.0,75,14765.0,3,14775.0,61,14760.0,4,14780.0,15,14755.0,79,14785.0,7,14750.0,84,14790.0,11,14745.0,33
1597988752131631104,1597988752433000192,2020-08-21 13:45:52.433000,14770.0,14945.0,14700.0,14890.0,nan,14764.754724,25828,1906720425.0,28027,14770.0,36,14765.0,4,14775.0,74,14760.0,32,14780.0,27,14755.0,76,14785.0,7,14750.0,36,14790.0,11,14745.0,33
1597988752634362112,1597988753000000000,2020-08-21 13:45:53.000000,14770.0,14945.0,14700.0,14890.0,nan,14764.754927,25829,1906794275.0,28027,14770.0,13,14765.0,7,14775.0,121,14760.0,44,14780.0,27,14755.0,122,14785.0,7,14750.0,12,14790.0,11,14745.0,33
1597988753129494016,1597988753437999872,2020-08-21 13:45:53.438000,14770.0,14945.0,14700.0,14890.0,nan,14764.754927,25829,1906794275.0,28027,14770.0,14,14765.0,7,14775.0,134,14760.0,57,14780.0,39,14755.0,122,14785.0,7,14750.0,12,14790.0,11,14745.0,33
1597988753649315072,1597988754000000000,2020-08-21 13:45:54.000000,14770.0,14945.0,14700.0,14890.0,nan,14764.754927,25829,1906794275.0,28027,14770.0,16,14765.0,7,14775.0,134,14760.0,57,14780.0,39,14755.0,122,14785.0,7,14750.0,12,14790.0,11,14745.0,33
1597988754190490112,1597988754431000064,2020-08-21 13:45:54.431000,14770.0,14945.0,14700.0,14890.0,nan,14764.755333,25831,1906941975.0,28027,14770.0,14,14765.0,7,14775.0,134,14760.0,57,14780.0,39,14755.0,122,14785.0,7,14750.0,12,14790.0,11,14745.0,33
1597988756638716928,1597988757000000000,2020-08-21 13:45:57.000000,14770.0,14945.0,14700.0,14890.0,nan,14764.755333,25831,1906941975.0,28027,14770.0,14,14765.0,7,14775.0,122,14760.0,57,14780.0,39,14755.0,110,14785.0,7,14750.0,12,14790.0,11,14745.0,33
1597988757168416000,1597988757438999808,2020-08-21 13:45:57.439000,14770.0,14945.0,14700.0,14890.0,nan,14764.755333,25831,1906941975.0,28027,14770.0,14,14765.0,7,14775.0,134,14760.0,57,14780.0,39,14755.0,122,14785.0,7,14750.0,12,14790.0,11,14745.0,33
1597988760145832960,1597988760436999936,2020-08-21 13:46:00.437000,14770.0,14945.0,14700.0,14890.0,nan,14764.755333,25831,1906941975.0,28027,14770.0,14,14765.0,7,14775.0,134,14760.0,59,14780.0,39,14755.0,122,14785.0,7,14750.0,12,14790.0,11,14745.0,33
