local_nano_time,quote_nano_time,datetime,last_price,highest,lowest,open,close,average,volume,amount,open_interest,ask_price1,ask_volume1,bid_price1,bid_volume1,ask_price2,ask_volume2,bid_price2,bid_volume2,ask_price3,ask_volume3,bid_price3,bid_volume3,ask_price4,ask_volume4,bid_price4,bid_volume4,ask_price5,ask_volume5,bid_price5,bid_volume5
1597988227118796032,1597988227000000000,2020-08-21 13:37:07.000000,3787.0,3800.0,3764.0,3765.0,nan,3781.307,434154,16416696860.0,793684,3787.0,218,3786.0,248,3788.0,574,3785.0,695,3789.0,419,3784.0,263,3790.0,585,3783.0,358,3791.0,483,3782.0,682
1597988227622944000,1597988227500000000,2020-08-21 13:37:07.500000,3787.0,3800.0,3764.0,3765.0,nan,3781.307,434154,16416696860.0,793684,3787.0,218,3786.0,260,3788.0,574,3785.0,695,3789.0,419,3784.0,263,3790.0,585,3783.0,358,3791.0,483,3782.0,682
1597988228114437120,1597988228000000000,2020-08-21 13:37:08.000000,3787.0,3800.0,3764.0,3765.0,nan,3781.307,434155,16416734730.0,793684,3787.0,217,3786.0,260,3788.0,579,3785.0,695,3789.0,419,3784.0,263,3790.0,585,3783.0,358,3791.0,483,3782.0,682
1597988228616017920,1597988228500000000,2020-08-21 13:37:08.500000,3787.0,3800.0,3764.0,3765.0,nan,3781.307,434161,16416961950.0,793684,3787.0,211,3786.0,260,3788.0,579,3785.0,695,3789.0,399,3784.0,263,3790.0,585,3783.0,358,3791.0,483,3782.0,682
1597988229114407936,1597988229000000000,2020-08-21 13:37:09.000000,3787.0,3800.0,3764.0,3765.0,nan,3781.307,434161,16416961950.0,793684,3787.0,211,3786.0,260,3788.0,579,3785.0,695,3789.0,400,3784.0,263,3790.0,585,3783.0,358,3791.0,483,3782.0,682
1597988229615536128,1597988229500000000,2020-08-21 13:37:09.500000,3787.0,3800.0,3764.0,3765.0,nan,3781.307,434161,16416961950.0,793684,3787.0,211,3786.0,260,3788.0,579,3785.0,695,3789.0,400,3784.0,263,3790.0,590,3783.0,358,3791.0,483,3782.0,682
1597988230130810880,1597988230000000000,2020-08-21 13:37:10.000000,3787.0,3800.0,3764.0,3765.0,nan,3781.307,434161,16416961950.0,793684,3787.0,211,3786.0,260,3788.0,579,3785.0,695,3789.0,400,3784.0,263,3790.0,595,3783.0,358,3791.0,483,3782.0,682
1597988230612389888,1597988230500000000,2020-08-21 13:37:10.500000,3787.0,3800.0,3764.0,3765.0,nan,3781.307,434161,16416961950.0,793684,3787.0,211,3786.0,261,3788.0,579,3785.0,695,3789.0,400,3784.0,263,3790.0,595,3783.0,358,3791.0,483,3782.0,682
1597988231121982976,1597988231000000000,2020-08-21 13:37:11.000000,3787.0,3800.0,3764.0,3765.0,nan,3781.307,434161,16416961950.0,793684,3787.0,211,3786.0,262,3788.0,579,3785.0,695,3789.0,400,3784.0,263,3790.0,595,3783.0,358,3791.0,483,3782.0,682
1597988231614685952,1597988231500000000,2020-08-21 13:37:11.500000,3787.0,3800.0,3764.0,3765.0,nan,3781.307,434161,16416961950.0,793684,3787.0,212,3786.0,262,3788.0,579,3785.0,695,3789.0,400,3784.0,253,3790.0,595,3783.0,358,3791.0,483,3782.0,682
1597988232124772096,1597988232000000000,2020-08-21 13:37:12.000000,3787.0,3800.0,3764.0,3765.0,nan,3781.307,434161,16416961950.0,793684,3787.0,212,3786.0,262,3788.0,580,3785.0,695,3789.0,400,3784.0,253,3790.0,595,3783.0,366,3791.0,483,3782.0,682
1597988232617126912,1597988232500000000,2020-08-21 13:37:12.500000,3786.0,3800.0,3764.0,3765.0,nan,3781.307,434164,16417075530.0,793681,3787.0,213,3786.0,259,3788.0,580,3785.0,695,3789.0,400,3784.0,253,3790.0,595,3783.0,366,3791.0,483,3782.0,682
1597988233115798016,1597988233000000000,2020-08-21 13:37:13.000000,3786.0,3800.0,3764.0,3765.0,nan,3781.307,434164,16417075530.0,793681,3787.0,215,3786.0,259,3788.0,580,3785.0,695,3789.0,400,3784.0,253,3790.0,594,3783.0,366,3791.0,483,3782.0,682
1597988233614184960,1597988233500000000,2020-08-21 13:37:13.500000,3786.0,3800.0,3764.0,3765.0,nan,3781.307,434164,16417075530.0,793681,3787.0,215,3786.0,260,3788.0,580,3785.0,695,3789.0,400,3784.0,253,3790.0,594,3783.0,366,3791.0,483,3782.0,682
1597988234137729024,1597988234000000000,2020-08-21 13:37:14.000000,3786.0,3800.0,3764.0,3765.0,nan,3781.307,434164,16417075530.0,793681,3787.0,214,3786.0,261,3788.0,580,3785.0,695,3789.0,400,3784.0,253,3790.0,594,3783.0,366,3791.0,483,3782.0,682
1597988234618968064,1597988234500000000,2020-08-21 13:37:14.500000,3786.0,3800.0,3764.0,3765.0,nan,3781.307,434164,16417075530.0,793681,3787.0,265,3786.0,261,3788.0,581,3785.0,695,3789.0,400,3784.0,253,3790.0,594,3783.0,366,3791.0,483,3782.0,682
1597988235125878016,1597988235000000000,2020-08-21 13:37:15.000000,3786.0,3800.0,3764.0,3765.0,nan,3781.307,434166,16417151260.0,793679,3787.0,265,3786.0,241,3788.0,581,3785.0,695,3789.0,400,3784.0,253,3790.0,594,3783.0,366,3791.0,483,3782.0,682
1597988236110301952,1597988236000000000,2020-08-21 13:37:16.000000,3786.0,3800.0,3764.0,3765.0,nan,3781.307,434166,16417151260.0,793679,3787.0,265,3786.0,241,3788.0,581,3785.0,694,3789.0,400,3784.0,253,3790.0,594,3783.0,366,3791.0,483,3782.0,682
1597988236615073024,1597988236500000000,2020-08-21 13:37:16.500000,3786.0,3800.0,3764.0,3765.0,nan,3781.307,434166,16417151260.0,793679,3787.0,265,3786.0,241,3788.0,581,3785.0,694,3789.0,400,3784.0,253,3790.0,594,3783.0,371,3791.0,483,3782.0,682
1597988237107156992,1597988237000000000,2020-08-21 13:37:17.000000,3786.0,3800.0,3764.0,3765.0,nan,3781.307,434166,16417151260.0,793679,3787.0,265,3786.0,182,3788.0,581,3785.0,694,3789.0,400,3784.0,253,3790.0,594,3783.0,371,3791.0,483,3782.0,682
1597988237623020032,1597988237500000000,2020-08-21 13:37:17.500000,3786.0,3800.0,3764.0,3765.0,nan,3781.307,434166,16417151260.0,793679,3787.0,265,3786.0,182,3788.0,581,3785.0,694,3789.0,399,3784.0,253,3790.0,594,3783.0,371,3791.0,483,3782.0,682
1597988238109801984,1597988238000000000,2020-08-21 13:37:18.000000,3786.0,3800.0,3764.0,3765.0,nan,3781.307,434166,16417151260.0,793679,3787.0,265,3786.0,183,3788.0,581,3785.0,696,3789.0,399,3784.0,253,3790.0,595,3783.0,371,3791.0,483,3782.0,682
1597988239127536896,1597988239000000000,2020-08-21 13:37:19.000000,3786.0,3800.0,3764.0,3765.0,nan,3781.307,434166,16417151260.0,793679,3787.0,371,3786.0,183,3788.0,582,3785.0,696,3789.0,399,3784.0,253,3790.0,595,3783.0,371,3791.0,483,3782.0,682
1597988239626263040,1597988239500000000,2020-08-21 13:37:19.500000,3786.0,3800.0,3764.0,3765.0,nan,3781.307,434166,16417151260.0,793679,3787.0,401,3786.0,127,3788.0,582,3785.0,694,3789.0,399,3784.0,254,3790.0,595,3783.0,371,3791.0,483,3782.0,682
1597988240120825088,1597988240000000000,2020-08-21 13:37:20.000000,3786.0,3800.0,3764.0,3765.0,nan,3781.307,434166,16417151260.0,793679,3787.0,401,3786.0,83,3788.0,582,3785.0,694,3789.0,402,3784.0,254,3790.0,595,3783.0,371,3791.0,483,3782.0,682
1597988240623691008,1597988240500000000,2020-08-21 13:37:20.500000,3786.0,3800.0,3764.0,3765.0,nan,3781.307,434166,16417151260.0,793679,3787.0,401,3786.0,75,3788.0,582,3785.0,694,3789.0,402,3784.0,254,3790.0,595,3783.0,371,3791.0,483,3782.0,682
1597988241123121920,1597988241000000000,2020-08-21 13:37:21.000000,3787.0,3800.0,3764.0,3765.0,nan,3781.307,434167,16417189130.0,793678,3787.0,400,3786.0,75,3788.0,582,3785.0,694,3789.0,402,3784.0,254,3790.0,595,3783.0,371,3791.0,483,3782.0,682
1597988241619710976,1597988241500000000,2020-08-21 13:37:21.500000,3786.0,3800.0,3764.0,3765.0,nan,3781.307,434169,16417264850.0,793676,3787.0,400,3786.0,73,3788.0,582,3785.0,694,3789.0,402,3784.0,262,3790.0,595,3783.0,371,3791.0,483,3782.0,682
1597988242136233984,1597988242000000000,2020-08-21 13:37:22.000000,3786.0,3800.0,3764.0,3765.0,nan,3781.307,434170,16417302710.0,793676,3787.0,401,3786.0,72,3788.0,572,3785.0,694,3789.0,402,3784.0,262,3790.0,595,3783.0,371,3791.0,483,3782.0,682
1597988243110008064,1597988243000000000,2020-08-21 13:37:23.000000,3786.0,3800.0,3764.0,3765.0,nan,3781.307,434170,16417302710.0,793676,3787.0,401,3786.0,75,3788.0,572,3785.0,694,3789.0,402,3784.0,262,3790.0,595,3783.0,371,3791.0,483,3782.0,682
1597988243625963008,1597988243500000000,2020-08-21 13:37:23.500000,3786.0,3800.0,3764.0,3765.0,nan,3781.307,434170,16417302710.0,793676,3787.0,407,3786.0,76,3788.0,572,3785.0,694,3789.0,402,3784.0,262,3790.0,595,3783.0,371,3791.0,483,3782.0,682
1597988244623673088,1597988244500000000,2020-08-21 13:37:24.500000,3786.0,3800.0,3764.0,3765.0,nan,3781.307,434170,16417302710.0,793676,3787.0,407,3786.0,76,3788.0,573,3785.0,694,3789.0,402,3784.0,262,3790.0,595,3783.0,371,3791.0,483,3782.0,682
1597988245118918912,1597988245000000000,2020-08-21 13:37:25.000000,3786.0,3800.0,3764.0,3765.0,nan,3781.308,434172,16417378430.0,793676,3787.0,409,3786.0,72,3788.0,557,3785.0,694,3789.0,402,3784.0,262,3790.0,595,3783.0,371,3791.0,483,3782.0,682
1597988245621575936,1597988245500000000,2020-08-21 13:37:25.500000,3786.0,3800.0,3764.0,3765.0,nan,3781.308,434172,16417378430.0,793676,3787.0,426,3786.0,78,3788.0,557,3785.0,682,3789.0,402,3784.0,262,3790.0,595,3783.0,371,3791.0,483,3782.0,682
1597988246138607104,1597988246000000000,2020-08-21 13:37:26.000000,3786.0,3800.0,3764.0,3765.0,nan,3781.308,434173,16417416290.0,793675,3787.0,426,3786.0,77,3788.0,557,3785.0,682,3789.0,402,3784.0,262,3790.0,595,3783.0,371,3791.0,483,3782.0,682
1597988246638241024,1597988246500000000,2020-08-21 13:37:26.500000,3786.0,3800.0,3764.0,3765.0,nan,3781.308,434173,16417416290.0,793675,3787.0,436,3786.0,79,3788.0,557,3785.0,682,3789.0,402,3784.0,262,3790.0,595,3783.0,371,3791.0,483,3782.0,682
1597988247121286912,1597988247000000000,2020-08-21 13:37:27.000000,3786.0,3800.0,3764.0,3765.0,nan,3781.308,434174,16417454150.0,793675,3787.0,437,3786.0,94,3788.0,557,3785.0,682,3789.0,402,3784.0,262,3790.0,595,3783.0,371,3791.0,483,3782.0,682
1597988247608079104,1597988247500000000,2020-08-21 13:37:27.500000,3786.0,3800.0,3764.0,3765.0,nan,3781.308,434176,16417529870.0,793675,3787.0,437,3786.0,92,3788.0,557,3785.0,682,3789.0,402,3784.0,262,3790.0,595,3783.0,371,3791.0,483,3782.0,682
1597988248130334976,1597988248000000000,2020-08-21 13:37:28.000000,3786.0,3800.0,3764.0,3765.0,nan,3781.308,434177,16417567730.0,793675,3787.0,438,3786.0,91,3788.0,556,3785.0,682,3789.0,402,3784.0,262,3790.0,595,3783.0,371,3791.0,483,3782.0,682
1597988248628986880,1597988248500000000,2020-08-21 13:37:28.500000,3786.0,3800.0,3764.0,3765.0,nan,3781.308,434177,16417567730.0,793675,3787.0,439,3786.0,91,3788.0,556,3785.0,682,3789.0,402,3784.0,262,3790.0,595,3783.0,371,3791.0,483,3782.0,682
1597988249607772928,1597988249500000000,2020-08-21 13:37:29.500000,3786.0,3800.0,3764.0,3765.0,nan,3781.308,434177,16417567730.0,793675,3787.0,440,3786.0,91,3788.0,556,3785.0,687,3789.0,402,3784.0,262,3790.0,595,3783.0,371,3791.0,483,3782.0,682
1597988250167344128,1597988250000000000,2020-08-21 13:37:30.000000,3786.0,3800.0,3764.0,3765.0,nan,3781.308,434178,16417605590.0,793674,3787.0,440,3786.0,88,3788.0,556,3785.0,687,3789.0,402,3784.0,262,3790.0,595,3783.0,371,3791.0,483,3782.0,682
1597988250621259008,1597988250500000000,2020-08-21 13:37:30.500000,3786.0,3800.0,3764.0,3765.0,nan,3781.308,434180,16417681310.0,793672,3787.0,438,3786.0,86,3788.0,556,3785.0,687,3789.0,402,3784.0,262,3790.0,595,3783.0,371,3791.0,483,3782.0,682
1597988251120728064,1597988251000000000,2020-08-21 13:37:31.000000,3786.0,3800.0,3764.0,3765.0,nan,3781.308,434182,16417757030.0,793670,3787.0,438,3786.0,84,3788.0,556,3785.0,687,3789.0,402,3784.0,262,3790.0,595,3783.0,371,3791.0,483,3782.0,682
1597988251635813120,1597988251500000000,2020-08-21 13:37:31.500000,3786.0,3800.0,3764.0,3765.0,nan,3781.308,434184,16417832750.0,793670,3787.0,440,3786.0,82,3788.0,556,3785.0,687,3789.0,403,3784.0,262,3790.0,595,3783.0,371,3791.0,483,3782.0,682
1597988252626285056,1597988252500000000,2020-08-21 13:37:32.500000,3786.0,3800.0,3764.0,3765.0,nan,3781.308,434185,16417870610.0,793670,3787.0,440,3786.0,88,3788.0,557,3785.0,687,3789.0,403,3784.0,261,3790.0,595,3783.0,371,3791.0,483,3782.0,682
1597988253622054912,1597988253500000000,2020-08-21 13:37:33.500000,3786.0,3800.0,3764.0,3765.0,nan,3781.308,434190,16418059910.0,793665,3787.0,440,3786.0,83,3788.0,557,3785.0,687,3789.0,403,3784.0,261,3790.0,595,3783.0,371,3791.0,483,3782.0,682
1597988254112573952,1597988254000000000,2020-08-21 13:37:34.000000,3786.0,3800.0,3764.0,3765.0,nan,3781.308,434190,16418059910.0,793665,3787.0,440,3786.0,83,3788.0,562,3785.0,687,3789.0,403,3784.0,261,3790.0,595,3783.0,371,3791.0,483,3782.0,682
1597988254617094912,1597988254500000000,2020-08-21 13:37:34.500000,3786.0,3800.0,3764.0,3765.0,nan,3781.308,434192,16418135630.0,793664,3787.0,440,3786.0,81,3788.0,562,3785.0,687,3789.0,403,3784.0,261,3790.0,595,3783.0,371,3791.0,483,3782.0,682
1597988255100824064,1597988255000000000,2020-08-21 13:37:35.000000,3786.0,3800.0,3764.0,3765.0,nan,3781.308,434192,16418135630.0,793664,3787.0,440,3786.0,82,3788.0,557,3785.0,687,3789.0,403,3784.0,261,3790.0,595,3783.0,371,3791.0,483,3782.0,682
1597988255613020928,1597988255500000000,2020-08-21 13:37:35.500000,3786.0,3800.0,3764.0,3765.0,nan,3781.308,434193,16418173490.0,793663,3787.0,450,3786.0,81,3788.0,557,3785.0,687,3789.0,403,3784.0,261,3790.0,595,3783.0,371,3791.0,484,3782.0,682
1597988256106234880,1597988256000000000,2020-08-21 13:37:36.000000,3787.0,3800.0,3764.0,3765.0,nan,3781.308,434194,16418211360.0,793662,3787.0,449,3786.0,79,3788.0,557,3785.0,687,3789.0,403,3784.0,261,3790.0,595,3783.0,371,3791.0,484,3782.0,682
1597988256633070080,1597988256500000000,2020-08-21 13:37:36.500000,3787.0,3800.0,3764.0,3765.0,nan,3781.308,434194,16418211360.0,793662,3787.0,450,3786.0,79,3788.0,557,3785.0,687,3789.0,403,3784.0,261,3790.0,594,3783.0,371,3791.0,484,3782.0,682
1597988257130187008,1597988257000000000,2020-08-21 13:37:37.000000,3787.0,3800.0,3764.0,3765.0,nan,3781.308,434194,16418211360.0,793662,3787.0,450,3786.0,79,3788.0,557,3785.0,692,3789.0,403,3784.0,261,3790.0,594,3783.0,371,3791.0,484,3782.0,682
1597988257609477120,1597988257500000000,2020-08-21 13:37:37.500000,3787.0,3800.0,3764.0,3765.0,nan,3781.308,434194,16418211360.0,793662,3787.0,450,3786.0,88,3788.0,557,3785.0,692,3789.0,403,3784.0,261,3790.0,596,3783.0,371,3791.0,484,3782.0,682
1597988258107366912,1597988258000000000,2020-08-21 13:37:38.000000,3786.0,3800.0,3764.0,3765.0,nan,3781.308,434195,16418249220.0,793662,3787.0,450,3786.0,89,3788.0,557,3785.0,690,3789.0,403,3784.0,261,3790.0,596,3783.0,371,3791.0,484,3782.0,682
1597988258602598912,1597988258500000000,2020-08-21 13:37:38.500000,3786.0,3800.0,3764.0,3765.0,nan,3781.308,434200,16418438520.0,793657,3787.0,450,3786.0,84,3788.0,559,3785.0,690,3789.0,403,3784.0,261,3790.0,596,3783.0,371,3791.0,484,3782.0,682
1597988259120051968,1597988259000000000,2020-08-21 13:37:39.000000,3786.0,3800.0,3764.0,3765.0,nan,3781.308,434205,16418627820.0,793654,3787.0,450,3786.0,79,3788.0,559,3785.0,690,3789.0,403,3784.0,261,3790.0,596,3783.0,371,3791.0,484,3782.0,682
1597988259614885120,1597988259500000000,2020-08-21 13:37:39.500000,3787.0,3800.0,3764.0,3765.0,nan,3781.308,434206,16418665690.0,793654,3787.0,448,3786.0,79,3788.0,558,3785.0,691,3789.0,403,3784.0,261,3790.0,596,3783.0,371,3791.0,484,3782.0,682
1597988260117101056,1597988260000000000,2020-08-21 13:37:40.000000,3786.0,3800.0,3764.0,3765.0,nan,3781.308,434223,16419309310.0,793658,3787.0,448,3786.0,62,3788.0,558,3785.0,691,3789.0,403,3784.0,261,3790.0,596,3783.0,371,3791.0,484,3782.0,682
1597988260602224128,1597988260500000000,2020-08-21 13:37:40.500000,3786.0,3800.0,3764.0,3765.0,nan,3781.308,434223,16419309310.0,793658,3787.0,449,3786.0,65,3788.0,558,3785.0,691,3789.0,403,3784.0,261,3790.0,596,3783.0,371,3791.0,479,3782.0,682
1597988261143640064,1597988261000000000,2020-08-21 13:37:41.000000,3786.0,3800.0,3764.0,3765.0,nan,3781.308,434223,16419309310.0,793658,3787.0,449,3786.0,71,3788.0,559,3785.0,691,3789.0,403,3784.0,261,3790.0,596,3783.0,371,3791.0,479,3782.0,682
1597988262108626944,1597988262000000000,2020-08-21 13:37:42.000000,3786.0,3800.0,3764.0,3765.0,nan,3781.308,434223,16419309310.0,793658,3787.0,450,3786.0,71,3788.0,559,3785.0,691,3789.0,403,3784.0,261,3790.0,596,3783.0,371,3791.0,479,3782.0,682
1597988262623813888,1597988262500000000,2020-08-21 13:37:42.500000,3786.0,3800.0,3764.0,3765.0,nan,3781.308,434223,16419309310.0,793658,3787.0,450,3786.0,70,3788.0,559,3785.0,691,3789.0,403,3784.0,261,3790.0,596,3783.0,371,3791.0,479,3782.0,682
1597988263102722048,1597988263000000000,2020-08-21 13:37:43.000000,3786.0,3800.0,3764.0,3765.0,nan,3781.308,434223,16419309310.0,793658,3787.0,450,3786.0,71,3788.0,555,3785.0,691,3789.0,403,3784.0,261,3790.0,594,3783.0,371,3791.0,479,3782.0,682
1597988263620453888,1597988263500000000,2020-08-21 13:37:43.500000,3786.0,3800.0,3764.0,3765.0,nan,3781.308,434223,16419309310.0,793658,3787.0,450,3786.0,72,3788.0,555,3785.0,691,3789.0,401,3784.0,261,3790.0,594,3783.0,371,3791.0,479,3782.0,682
1597988264132534016,1597988264000000000,2020-08-21 13:37:44.000000,3786.0,3800.0,3764.0,3765.0,nan,3781.308,434225,16419385030.0,793656,3787.0,450,3786.0,71,3788.0,555,3785.0,691,3789.0,401,3784.0,261,3790.0,594,3783.0,371,3791.0,459,3782.0,682
1597988265129687040,1597988265000000000,2020-08-21 13:37:45.000000,3786.0,3800.0,3764.0,3765.0,nan,3781.308,434230,16419574330.0,793656,3787.0,450,3786.0,66,3788.0,555,3785.0,691,3789.0,400,3784.0,261,3790.0,594,3783.0,371,3791.0,459,3782.0,682
1597988265622718976,1597988265500000000,2020-08-21 13:37:45.500000,3786.0,3800.0,3764.0,3765.0,nan,3781.308,434231,16419612190.0,793656,3787.0,447,3786.0,65,3788.0,555,3785.0,691,3789.0,400,3784.0,261,3790.0,595,3783.0,371,3791.0,459,3782.0,682
1597988266138799104,1597988266000000000,2020-08-21 13:37:46.000000,3786.0,3800.0,3764.0,3765.0,nan,3781.308,434231,16419612190.0,793656,3787.0,448,3786.0,65,3788.0,555,3785.0,691,3789.0,400,3784.0,261,3790.0,595,3783.0,371,3791.0,459,3782.0,682
1597988266608224000,1597988266500000000,2020-08-21 13:37:46.500000,3786.0,3800.0,3764.0,3765.0,nan,3781.308,434231,16419612190.0,793656,3787.0,448,3786.0,65,3788.0,555,3785.0,691,3789.0,400,3784.0,262,3790.0,595,3783.0,371,3791.0,459,3782.0,682
1597988267133108992,1597988267000000000,2020-08-21 13:37:47.000000,3787.0,3800.0,3764.0,3765.0,nan,3781.308,434232,16419650060.0,793656,3787.0,447,3786.0,65,3788.0,555,3785.0,692,3789.0,400,3784.0,262,3790.0,595,3783.0,371,3791.0,459,3782.0,682
1597988268631982080,1597988268500000000,2020-08-21 13:37:48.500000,3787.0,3800.0,3764.0,3765.0,nan,3781.308,434233,16419687930.0,793655,3787.0,446,3786.0,65,3788.0,560,3785.0,692,3789.0,400,3784.0,262,3790.0,595,3783.0,371,3791.0,459,3782.0,682
1597988269123623936,1597988269000000000,2020-08-21 13:37:49.000000,3787.0,3800.0,3764.0,3765.0,nan,3781.308,434242,16420028690.0,793652,3787.0,444,3786.0,58,3788.0,560,3785.0,692,3789.0,400,3784.0,262,3790.0,595,3783.0,371,3791.0,459,3782.0,682
1597988269652452096,1597988269500000000,2020-08-21 13:37:49.500000,3787.0,3800.0,3764.0,3765.0,nan,3781.308,434243,16420066560.0,793652,3787.0,453,3786.0,59,3788.0,560,3785.0,694,3789.0,400,3784.0,262,3790.0,595,3783.0,371,3791.0,459,3782.0,682
1597988270130170880,1597988270000000000,2020-08-21 13:37:50.000000,3787.0,3800.0,3764.0,3765.0,nan,3781.308,434245,16420142300.0,793652,3787.0,451,3786.0,59,3788.0,560,3785.0,694,3789.0,400,3784.0,262,3790.0,595,3783.0,371,3791.0,459,3782.0,682
1597988271120119040,1597988271000000000,2020-08-21 13:37:51.000000,3787.0,3800.0,3764.0,3765.0,nan,3781.308,434245,16420142300.0,793652,3787.0,451,3786.0,58,3788.0,560,3785.0,694,3789.0,400,3784.0,262,3790.0,595,3783.0,371,3791.0,459,3782.0,682
1597988271602627072,1597988271500000000,2020-08-21 13:37:51.500000,3787.0,3800.0,3764.0,3765.0,nan,3781.308,434246,16420180170.0,793651,3787.0,450,3786.0,58,3788.0,560,3785.0,694,3789.0,400,3784.0,262,3790.0,595,3783.0,371,3791.0,459,3782.0,682
1597988273602413056,1597988273500000000,2020-08-21 13:37:53.500000,3786.0,3800.0,3764.0,3765.0,nan,3781.308,434247,16420218030.0,793652,3787.0,450,3786.0,57,3788.0,560,3785.0,694,3789.0,400,3784.0,263,3790.0,595,3783.0,371,3791.0,459,3782.0,682
1597988274640674048,1597988274500000000,2020-08-21 13:37:54.500000,3786.0,3800.0,3764.0,3765.0,nan,3781.308,434247,16420218030.0,793652,3787.0,450,3786.0,58,3788.0,560,3785.0,694,3789.0,400,3784.0,263,3790.0,595,3783.0,371,3791.0,459,3782.0,682
1597988275126290944,1597988275000000000,2020-08-21 13:37:55.000000,3786.0,3800.0,3764.0,3765.0,nan,3781.308,434247,16420218030.0,793652,3787.0,450,3786.0,58,3788.0,559,3785.0,694,3789.0,400,3784.0,262,3790.0,595,3783.0,371,3791.0,459,3782.0,682
1597988275644841984,1597988275500000000,2020-08-21 13:37:55.500000,3786.0,3800.0,3764.0,3765.0,nan,3781.308,434247,16420218030.0,793652,3787.0,451,3786.0,58,3788.0,559,3785.0,694,3789.0,400,3784.0,262,3790.0,595,3783.0,371,3791.0,459,3782.0,682
1597988276120957952,1597988276000000000,2020-08-21 13:37:56.000000,3786.0,3800.0,3764.0,3765.0,nan,3781.308,434248,16420255890.0,793651,3787.0,451,3786.0,57,3788.0,559,3785.0,694,3789.0,400,3784.0,262,3790.0,595,3783.0,371,3791.0,459,3782.0,682
1597988276633498112,1597988276500000000,2020-08-21 13:37:56.500000,3787.0,3800.0,3764.0,3765.0,nan,3781.309,434277,16421353840.0,793648,3787.0,450,3786.0,28,3788.0,559,3785.0,690,3789.0,400,3784.0,262,3790.0,595,3783.0,371,3791.0,459,3782.0,682
1597988277214877952,1597988277000000000,2020-08-21 13:37:57.000000,3786.0,3800.0,3764.0,3765.0,nan,3781.309,434309,16422565360.0,793634,3786.0,61,3785.0,690,3787.0,451,3784.0,262,3788.0,559,3783.0,371,3789.0,390,3782.0,682,3790.0,595,3781.0,435
1597988277623009024,1597988277500000000,2020-08-21 13:37:57.500000,3786.0,3800.0,3764.0,3765.0,nan,3781.309,434310,16422603220.0,793635,3786.0,121,3785.0,687,3787.0,412,3784.0,262,3788.0,569,3783.0,373,3789.0,389,3782.0,693,3790.0,595,3781.0,335
1597988278130717952,1597988278000000000,2020-08-21 13:37:58.000000,3786.0,3800.0,3764.0,3765.0,nan,3781.309,434310,16422603220.0,793635,3786.0,131,3785.0,684,3787.0,428,3784.0,262,3788.0,569,3783.0,373,3789.0,389,3782.0,693,3790.0,595,3781.0,335
1597988278629012992,1597988278500000000,2020-08-21 13:37:58.500000,3786.0,3800.0,3764.0,3765.0,nan,3781.309,434310,16422603220.0,793635,3786.0,123,3785.0,684,3787.0,429,3784.0,262,3788.0,569,3783.0,373,3789.0,389,3782.0,693,3790.0,595,3781.0,335
1597988279134034944,1597988279000000000,2020-08-21 13:37:59.000000,3786.0,3800.0,3764.0,3765.0,nan,3781.309,434311,16422641080.0,793634,3786.0,122,3785.0,684,3787.0,429,3784.0,262,3788.0,569,3783.0,373,3789.0,389,3782.0,693,3790.0,595,3781.0,335
1597988280128324096,1597988280000000000,2020-08-21 13:38:00.000000,3786.0,3800.0,3764.0,3765.0,nan,3781.309,434312,16422678940.0,793633,3786.0,122,3785.0,684,3787.0,429,3784.0,262,3788.0,569,3783.0,373,3789.0,389,3782.0,693,3790.0,595,3781.0,335
1597988280610332928,1597988280500000000,2020-08-21 13:38:00.500000,3786.0,3800.0,3764.0,3765.0,nan,3781.309,434318,16422906050.0,793630,3786.0,124,3785.0,679,3787.0,429,3784.0,262,3788.0,569,3783.0,373,3789.0,389,3782.0,693,3790.0,595,3781.0,335
1597988281123549952,1597988281000000000,2020-08-21 13:38:01.000000,3786.0,3800.0,3764.0,3765.0,nan,3781.309,434318,16422906050.0,793630,3786.0,177,3785.0,672,3787.0,429,3784.0,262,3788.0,569,3783.0,373,3789.0,389,3782.0,693,3790.0,595,3781.0,335
1597988281613723904,1597988281500000000,2020-08-21 13:38:01.500000,3786.0,3800.0,3764.0,3765.0,nan,3781.309,434319,16422943910.0,793630,3786.0,176,3785.0,673,3787.0,429,3784.0,262,3788.0,569,3783.0,373,3789.0,389,3782.0,693,3790.0,595,3781.0,335
1597988282126877952,1597988282000000000,2020-08-21 13:38:02.000000,3786.0,3800.0,3764.0,3765.0,nan,3781.309,434320,16422981770.0,793630,3786.0,149,3785.0,673,3787.0,429,3784.0,262,3788.0,569,3783.0,373,3789.0,389,3782.0,693,3790.0,595,3781.0,335
1597988283113667072,1597988283000000000,2020-08-21 13:38:03.000000,3786.0,3800.0,3764.0,3765.0,nan,3781.309,434320,16422981770.0,793630,3786.0,150,3785.0,673,3787.0,428,3784.0,262,3788.0,569,3783.0,373,3789.0,389,3782.0,693,3790.0,595,3781.0,335
1597988283619923968,1597988283500000000,2020-08-21 13:38:03.500000,3785.0,3800.0,3764.0,3765.0,nan,3781.309,434325,16423171020.0,793630,3786.0,156,3785.0,668,3787.0,378,3784.0,262,3788.0,570,3783.0,373,3789.0,389,3782.0,693,3790.0,595,3781.0,335
1597988284140815872,1597988284000000000,2020-08-21 13:38:04.000000,3786.0,3800.0,3764.0,3765.0,nan,3781.309,434329,16423322460.0,793627,3786.0,147,3785.0,668,3787.0,378,3784.0,262,3788.0,570,3783.0,373,3789.0,389,3782.0,693,3790.0,595,3781.0,335
1597988284615878912,1597988284500000000,2020-08-21 13:38:04.500000,3786.0,3800.0,3764.0,3765.0,nan,3781.309,434329,16423322460.0,793627,3786.0,148,3785.0,670,3787.0,378,3784.0,262,3788.0,570,3783.0,373,3789.0,389,3782.0,693,3790.0,595,3781.0,335
1597988285117938944,1597988285000000000,2020-08-21 13:38:05.000000,3786.0,3800.0,3764.0,3765.0,nan,3781.309,434329,16423322460.0,793627,3786.0,148,3785.0,671,3787.0,378,3784.0,262,3788.0,570,3783.0,373,3789.0,389,3782.0,693,3790.0,595,3781.0,335
1597988285623655936,1597988285500000000,2020-08-21 13:38:05.500000,3786.0,3800.0,3764.0,3765.0,nan,3781.309,434330,16423360320.0,793626,3786.0,147,3785.0,671,3787.0,378,3784.0,262,3788.0,570,3783.0,373,3789.0,389,3782.0,711,3790.0,595,3781.0,335
1597988286135040000,1597988286000000000,2020-08-21 13:38:06.000000,3786.0,3800.0,3764.0,3765.0,nan,3781.309,434331,16423398180.0,793626,3786.0,146,3785.0,671,3787.0,378,3784.0,262,3788.0,570,3783.0,373,3789.0,389,3782.0,711,3790.0,595,3781.0,335
1597988286634274048,1597988286500000000,2020-08-21 13:38:06.500000,3786.0,3800.0,3764.0,3765.0,nan,3781.309,434331,16423398180.0,793626,3786.0,148,3785.0,671,3787.0,378,3784.0,262,3788.0,570,3783.0,373,3789.0,389,3782.0,711,3790.0,600,3781.0,335
1597988287618835968,1597988287500000000,2020-08-21 13:38:07.500000,3786.0,3800.0,3764.0,3765.0,nan,3781.309,434332,16423436040.0,793625,3786.0,150,3785.0,676,3787.0,378,3784.0,262,3788.0,570,3783.0,373,3789.0,389,3782.0,711,3790.0,600,3781.0,335
1597988288117474048,1597988288000000000,2020-08-21 13:38:08.000000,3786.0,3800.0,3764.0,3765.0,nan,3781.309,434332,16423436040.0,793625,3786.0,148,3785.0,676,3787.0,378,3784.0,263,3788.0,570,3783.0,373,3789.0,389,3782.0,711,3790.0,600,3781.0,335
1597988288610639872,1597988288500000000,2020-08-21 13:38:08.500000,3786.0,3800.0,3764.0,3765.0,nan,3781.309,434345,16423928100.0,793612,3786.0,144,3785.0,665,3787.0,378,3784.0,264,3788.0,570,3783.0,373,3789.0,389,3782.0,711,3790.0,600,3781.0,335
1597988289104570112,1597988289000000000,2020-08-21 13:38:09.000000,3785.0,3800.0,3764.0,3765.0,nan,3781.309,434346,16423965950.0,793612,3786.0,148,3785.0,664,3787.0,378,3784.0,264,3788.0,570,3783.0,373,3789.0,388,3782.0,708,3790.0,600,3781.0,335
1597988289631885056,1597988289500000000,2020-08-21 13:38:09.500000,3786.0,3800.0,3764.0,3765.0,nan,3781.309,434348,16424041670.0,793612,3786.0,146,3785.0,664,3787.0,378,3784.0,264,3788.0,570,3783.0,376,3789.0,388,3782.0,708,3790.0,600,3781.0,335
1597988290116126976,1597988290000000000,2020-08-21 13:38:10.000000,3786.0,3800.0,3764.0,3765.0,nan,3781.309,434349,16424079530.0,793612,3786.0,145,3785.0,664,3787.0,378,3784.0,264,3788.0,570,3783.0,376,3789.0,388,3782.0,708,3790.0,600,3781.0,335
1597988290602653952,1597988290500000000,2020-08-21 13:38:10.500000,3786.0,3800.0,3764.0,3765.0,nan,3781.309,434349,16424079530.0,793612,3786.0,121,3785.0,664,3787.0,378,3784.0,264,3788.0,570,3783.0,376,3789.0,388,3782.0,708,3790.0,600,3781.0,335
1597988291111771904,1597988291000000000,2020-08-21 13:38:11.000000,3786.0,3800.0,3764.0,3765.0,nan,3781.309,434349,16424079530.0,793612,3786.0,123,3785.0,664,3787.0,378,3784.0,264,3788.0,570,3783.0,376,3789.0,388,3782.0,708,3790.0,600,3781.0,335
1597988291620987904,1597988291500000000,2020-08-21 13:38:11.500000,3786.0,3800.0,3764.0,3765.0,nan,3781.309,434349,16424079530.0,793612,3786.0,126,3785.0,664,3787.0,374,3784.0,264,3788.0,570,3783.0,376,3789.0,388,3782.0,707,3790.0,600,3781.0,335
1597988292611684096,1597988292500000000,2020-08-21 13:38:12.500000,3785.0,3800.0,3764.0,3765.0,nan,3781.309,434350,16424117380.0,793612,3786.0,128,3785.0,663,3787.0,374,3784.0,264,3788.0,570,3783.0,376,3789.0,388,3782.0,707,3790.0,600,3781.0,335
1597988293123951104,1597988293000000000,2020-08-21 13:38:13.000000,3786.0,3800.0,3764.0,3765.0,nan,3781.309,434351,16424155240.0,793611,3786.0,127,3785.0,663,3787.0,374,3784.0,264,3788.0,570,3783.0,376,3789.0,388,3782.0,707,3790.0,600,3781.0,335
1597988293610039040,1597988293500000000,2020-08-21 13:38:13.500000,3786.0,3800.0,3764.0,3765.0,nan,3781.309,434357,16424382400.0,793605,3786.0,120,3785.0,663,3787.0,374,3784.0,264,3788.0,570,3783.0,376,3789.0,388,3782.0,707,3790.0,600,3781.0,335
1597988294124297984,1597988294000000000,2020-08-21 13:38:14.000000,3786.0,3800.0,3764.0,3765.0,nan,3781.309,434357,16424382400.0,793605,3786.0,120,3785.0,663,3787.0,374,3784.0,264,3788.0,570,3783.0,376,3789.0,388,3782.0,708,3790.0,600,3781.0,335
1597988294617562880,1597988294500000000,2020-08-21 13:38:14.500000,3785.0,3800.0,3764.0,3765.0,nan,3781.309,434358,16424420250.0,793604,3786.0,120,3785.0,662,3787.0,374,3784.0,264,3788.0,570,3783.0,376,3789.0,388,3782.0,708,3790.0,600,3781.0,335
1597988295132723968,1597988295000000000,2020-08-21 13:38:15.000000,3785.0,3800.0,3764.0,3765.0,nan,3781.309,434358,16424420250.0,793604,3786.0,120,3785.0,665,3787.0,374,3784.0,264,3788.0,570,3783.0,376,3789.0,388,3782.0,708,3790.0,605,3781.0,335
1597988295620131072,1597988295500000000,2020-08-21 13:38:15.500000,3785.0,3800.0,3764.0,3765.0,nan,3781.309,434358,16424420250.0,793604,3786.0,120,3785.0,665,3787.0,374,3784.0,264,3788.0,569,3783.0,376,3789.0,388,3782.0,708,3790.0,605,3781.0,335
1597988296124344064,1597988296000000000,2020-08-21 13:38:16.000000,3785.0,3800.0,3764.0,3765.0,nan,3781.309,434358,16424420250.0,793604,3786.0,121,3785.0,666,3787.0,374,3784.0,263,3788.0,569,3783.0,376,3789.0,387,3782.0,708,3790.0,605,3781.0,335
1597988296630979072,1597988296500000000,2020-08-21 13:38:16.500000,3785.0,3800.0,3764.0,3765.0,nan,3781.309,434358,16424420250.0,793604,3786.0,121,3785.0,666,3787.0,374,3784.0,263,3788.0,569,3783.0,376,3789.0,397,3782.0,708,3790.0,604,3781.0,335
1597988297133879040,1597988297000000000,2020-08-21 13:38:17.000000,3786.0,3800.0,3764.0,3765.0,nan,3781.309,434359,16424458110.0,793603,3786.0,120,3785.0,666,3787.0,374,3784.0,263,3788.0,569,3783.0,376,3789.0,397,3782.0,708,3790.0,604,3781.0,335
1597988297627239936,1597988297500000000,2020-08-21 13:38:17.500000,3786.0,3800.0,3764.0,3765.0,nan,3781.31,434360,16424495970.0,793602,3786.0,119,3785.0,666,3787.0,374,3784.0,263,3788.0,569,3783.0,376,3789.0,397,3782.0,708,3790.0,604,3781.0,335
1597988298625095936,1597988298500000000,2020-08-21 13:38:18.500000,3786.0,3800.0,3764.0,3765.0,nan,3781.31,434365,16424685270.0,793597,3786.0,115,3785.0,666,3787.0,374,3784.0,263,3788.0,569,3783.0,376,3789.0,397,3782.0,708,3790.0,604,3781.0,335
1597988299130173952,1597988299000000000,2020-08-21 13:38:19.000000,3786.0,3800.0,3764.0,3765.0,nan,3781.31,434368,16424798850.0,793597,3786.0,105,3785.0,666,3787.0,374,3784.0,263,3788.0,569,3783.0,376,3789.0,397,3782.0,708,3790.0,604,3781.0,335
1597988299627696896,1597988299500000000,2020-08-21 13:38:19.500000,3786.0,3800.0,3764.0,3765.0,nan,3781.31,434369,16424836710.0,793597,3786.0,105,3785.0,667,3787.0,374,3784.0,263,3788.0,569,3783.0,376,3789.0,397,3782.0,708,3790.0,605,3781.0,335
1597988300135795968,1597988300000000000,2020-08-21 13:38:20.000000,3785.0,3800.0,3764.0,3765.0,nan,3781.31,434372,16424950260.0,793596,3786.0,105,3785.0,664,3787.0,374,3784.0,263,3788.0,569,3783.0,376,3789.0,397,3782.0,708,3790.0,605,3781.0,335
1597988300618289920,1597988300500000000,2020-08-21 13:38:20.500000,3786.0,3800.0,3764.0,3765.0,nan,3781.31,434373,16424988120.0,793597,3786.0,104,3785.0,664,3787.0,374,3784.0,263,3788.0,569,3783.0,376,3789.0,397,3782.0,708,3790.0,605,3781.0,335
1597988301499193088,1597988301000000000,2020-08-21 13:38:21.000000,3786.0,3800.0,3764.0,3765.0,nan,3781.31,434374,16425025980.0,793597,3786.0,103,3785.0,664,3787.0,374,3784.0,263,3788.0,569,3783.0,376,3789.0,397,3782.0,708,3790.0,605,3781.0,335
1597988301840392960,1597988301500000000,2020-08-21 13:38:21.500000,3785.0,3800.0,3764.0,3765.0,nan,3781.31,434376,16425101680.0,793595,3786.0,103,3785.0,662,3787.0,374,3784.0,263,3788.0,569,3783.0,376,3789.0,397,3782.0,708,3790.0,605,3781.0,335
1597988302608936960,1597988302500000000,2020-08-21 13:38:22.500000,3786.0,3800.0,3764.0,3765.0,nan,3781.31,434377,16425139540.0,793595,3786.0,102,3785.0,662,3787.0,374,3784.0,263,3788.0,569,3783.0,376,3789.0,397,3782.0,708,3790.0,605,3781.0,335
1597988303108184064,1597988303000000000,2020-08-21 13:38:23.000000,3786.0,3800.0,3764.0,3765.0,nan,3781.31,434393,16425745300.0,793595,3786.0,86,3785.0,662,3787.0,374,3784.0,263,3788.0,569,3783.0,376,3789.0,397,3782.0,708,3790.0,610,3781.0,335
1597988303795940096,1597988303500000000,2020-08-21 13:38:23.500000,3786.0,3800.0,3764.0,3765.0,nan,3781.31,434400,16426010320.0,793595,3786.0,79,3785.0,662,3787.0,374,3784.0,263,3788.0,569,3783.0,376,3789.0,397,3782.0,708,3790.0,610,3781.0,335
1597988304120295936,1597988304000000000,2020-08-21 13:38:24.000000,3786.0,3800.0,3764.0,3765.0,nan,3781.31,434400,16426010320.0,793595,3786.0,79,3785.0,662,3787.0,368,3784.0,263,3788.0,567,3783.0,376,3789.0,397,3782.0,708,3790.0,610,3781.0,335
1597988304623101952,1597988304500000000,2020-08-21 13:38:24.500000,3785.0,3800.0,3764.0,3765.0,nan,3781.31,434403,16426123880.0,793593,3786.0,78,3785.0,660,3787.0,262,3784.0,263,3788.0,534,3783.0,376,3789.0,397,3782.0,708,3790.0,610,3781.0,335
1597988305120679936,1597988305000000000,2020-08-21 13:38:25.000000,3786.0,3800.0,3764.0,3765.0,nan,3781.311,434481,16429076960.0,793545,3787.0,262,3785.0,660,3788.0,534,3784.0,263,3789.0,430,3783.0,376,3790.0,610,3782.0,708,3791.0,460,3781.0,335
1597988305624747008,1597988305500000000,2020-08-21 13:38:25.500000,3786.0,3800.0,3764.0,3765.0,nan,3781.311,434488,16429341980.0,793550,3787.0,231,3786.0,63,3788.0,534,3785.0,662,3789.0,430,3784.0,263,3790.0,610,3783.0,376,3791.0,460,3782.0,708
1597988306118272000,1597988306000000000,2020-08-21 13:38:26.000000,3786.0,3800.0,3764.0,3765.0,nan,3781.311,434533,16431045680.0,793584,3787.0,243,3786.0,75,3788.0,534,3785.0,660,3789.0,430,3784.0,263,3790.0,610,3783.0,376,3791.0,460,3782.0,708
1597988306621072896,1597988306500000000,2020-08-21 13:38:26.500000,3786.0,3800.0,3764.0,3765.0,nan,3781.311,434536,16431159260.0,793585,3787.0,251,3786.0,73,3788.0,534,3785.0,659,3789.0,430,3784.0,262,3790.0,610,3783.0,375,3791.0,460,3782.0,708
1597988307107497984,1597988307000000000,2020-08-21 13:38:27.000000,3786.0,3800.0,3764.0,3765.0,nan,3781.311,434536,16431159260.0,793585,3787.0,272,3786.0,151,3788.0,534,3785.0,659,3789.0,430,3784.0,262,3790.0,610,3783.0,375,3791.0,460,3782.0,708
1597988307615137024,1597988307500000000,2020-08-21 13:38:27.500000,3786.0,3800.0,3764.0,3765.0,nan,3781.312,434552,16431765020.0,793600,3787.0,217,3786.0,186,3788.0,534,3785.0,659,3789.0,430,3784.0,262,3790.0,610,3783.0,375,3791.0,460,3782.0,708
1597988308121297920,1597988308000000000,2020-08-21 13:38:28.000000,3786.0,3800.0,3764.0,3765.0,nan,3781.312,434552,16431765020.0,793600,3787.0,200,3786.0,198,3788.0,534,3785.0,662,3789.0,430,3784.0,262,3790.0,610,3783.0,375,3791.0,460,3782.0,708
1597988308629995008,1597988308500000000,2020-08-21 13:38:28.500000,3786.0,3800.0,3764.0,3765.0,nan,3781.312,434554,16431840750.0,793599,3787.0,198,3786.0,199,3788.0,534,3785.0,668,3789.0,430,3784.0,262,3790.0,610,3783.0,375,3791.0,460,3782.0,708
1597988309124964096,1597988309000000000,2020-08-21 13:38:29.000000,3786.0,3800.0,3764.0,3765.0,nan,3781.312,434555,16431878610.0,793599,3787.0,202,3786.0,198,3788.0,534,3785.0,668,3789.0,430,3784.0,262,3790.0,610,3783.0,375,3791.0,460,3782.0,708
1597988309801702912,1597988309500000000,2020-08-21 13:38:29.500000,3786.0,3800.0,3764.0,3765.0,nan,3781.312,434575,16432635810.0,793579,3787.0,202,3786.0,178,3788.0,534,3785.0,668,3789.0,430,3784.0,267,3790.0,610,3783.0,375,3791.0,460,3782.0,708
1597988310212508928,1597988310000000000,2020-08-21 13:38:30.000000,3786.0,3800.0,3764.0,3765.0,nan,3781.312,434575,16432635810.0,793579,3787.0,211,3786.0,159,3788.0,534,3785.0,668,3789.0,430,3784.0,267,3790.0,610,3783.0,375,3791.0,460,3782.0,708
1597988310619568128,1597988310500000000,2020-08-21 13:38:30.500000,3786.0,3800.0,3764.0,3765.0,nan,3781.312,434578,16432749410.0,793581,3787.0,209,3786.0,142,3788.0,534,3785.0,668,3789.0,430,3784.0,267,3790.0,610,3783.0,375,3791.0,460,3782.0,708
1597988311118806016,1597988311000000000,2020-08-21 13:38:31.000000,3786.0,3800.0,3764.0,3765.0,nan,3781.312,434578,16432749410.0,793581,3787.0,209,3786.0,142,3788.0,534,3785.0,667,3789.0,430,3784.0,267,3790.0,610,3783.0,375,3791.0,460,3782.0,708
1597988312628318976,1597988312500000000,2020-08-21 13:38:32.500000,3786.0,3800.0,3764.0,3765.0,nan,3781.312,434578,16432749410.0,793581,3787.0,209,3786.0,143,3788.0,534,3785.0,667,3789.0,430,3784.0,267,3790.0,610,3783.0,375,3791.0,460,3782.0,708
1597988313112497920,1597988313000000000,2020-08-21 13:38:33.000000,3786.0,3800.0,3764.0,3765.0,nan,3781.312,434578,16432749410.0,793581,3787.0,209,3786.0,149,3788.0,534,3785.0,667,3789.0,430,3784.0,267,3790.0,610,3783.0,375,3791.0,460,3782.0,708
1597988313613976064,1597988313500000000,2020-08-21 13:38:33.500000,3786.0,3800.0,3764.0,3765.0,nan,3781.312,434578,16432749410.0,793581,3787.0,209,3786.0,154,3788.0,534,3785.0,667,3789.0,430,3784.0,267,3790.0,610,3783.0,375,3791.0,460,3782.0,708
1597988314125437952,1597988314000000000,2020-08-21 13:38:34.000000,3786.0,3800.0,3764.0,3765.0,nan,3781.312,434578,16432749410.0,793581,3787.0,214,3786.0,169,3788.0,540,3785.0,667,3789.0,430,3784.0,267,3790.0,610,3783.0,375,3791.0,460,3782.0,708
1597988314612130048,1597988314500000000,2020-08-21 13:38:34.500000,3787.0,3800.0,3764.0,3765.0,nan,3781.312,434579,16432787280.0,793582,3787.0,238,3786.0,169,3788.0,540,3785.0,667,3789.0,430,3784.0,267,3790.0,610,3783.0,375,3791.0,460,3782.0,708
1597988315123532032,1597988315000000000,2020-08-21 13:38:35.000000,3786.0,3800.0,3764.0,3765.0,nan,3781.312,434582,16432900880.0,793582,3787.0,246,3786.0,154,3788.0,540,3785.0,667,3789.0,430,3784.0,267,3790.0,610,3783.0,375,3791.0,460,3782.0,708
1597988315676966912,1597988315500000000,2020-08-21 13:38:35.500000,3787.0,3800.0,3764.0,3765.0,nan,3781.312,434585,16433014490.0,793580,3787.0,244,3786.0,152,3788.0,540,3785.0,667,3789.0,430,3784.0,267,3790.0,610,3783.0,375,3791.0,460,3782.0,708
1597988316125678080,1597988316000000000,2020-08-21 13:38:36.000000,3787.0,3800.0,3764.0,3765.0,nan,3781.312,434586,16433052360.0,793579,3787.0,243,3786.0,152,3788.0,540,3785.0,667,3789.0,430,3784.0,267,3790.0,610,3783.0,375,3791.0,460,3782.0,708
1597988316628068096,1597988316500000000,2020-08-21 13:38:36.500000,3786.0,3800.0,3764.0,3765.0,nan,3781.312,434589,16433165950.0,793576,3787.0,242,3786.0,173,3788.0,540,3785.0,664,3789.0,431,3784.0,267,3790.0,610,3783.0,375,3791.0,460,3782.0,708
1597988317611962880,1597988317500000000,2020-08-21 13:38:37.500000,3786.0,3800.0,3764.0,3765.0,nan,3781.312,434589,16433165950.0,793576,3787.0,242,3786.0,173,3788.0,540,3785.0,663,3789.0,431,3784.0,267,3790.0,610,3783.0,375,3791.0,460,3782.0,708
1597988318159934976,1597988318000000000,2020-08-21 13:38:38.000000,3786.0,3800.0,3764.0,3765.0,nan,3781.312,434589,16433165950.0,793576,3787.0,247,3786.0,174,3788.0,540,3785.0,663,3789.0,431,3784.0,267,3790.0,610,3783.0,375,3791.0,460,3782.0,708
1597988318615689984,1597988318500000000,2020-08-21 13:38:38.500000,3786.0,3800.0,3764.0,3765.0,nan,3781.312,434589,16433165950.0,793576,3787.0,254,3786.0,197,3788.0,540,3785.0,663,3789.0,431,3784.0,267,3790.0,610,3783.0,375,3791.0,460,3782.0,708
1597988319624305920,1597988319500000000,2020-08-21 13:38:39.500000,3786.0,3800.0,3764.0,3765.0,nan,3781.312,434589,16433165950.0,793576,3787.0,254,3786.0,197,3788.0,540,3785.0,663,3789.0,431,3784.0,292,3790.0,610,3783.0,375,3791.0,460,3782.0,708
1597988320122962944,1597988320000000000,2020-08-21 13:38:40.000000,3786.0,3800.0,3764.0,3765.0,nan,3781.312,434589,16433165950.0,793576,3787.0,254,3786.0,197,3788.0,545,3785.0,664,3789.0,431,3784.0,292,3790.0,610,3783.0,375,3791.0,460,3782.0,708
1597988320612980992,1597988320500000000,2020-08-21 13:38:40.500000,3786.0,3800.0,3764.0,3765.0,nan,3781.312,434589,16433165950.0,793576,3787.0,248,3786.0,205,3788.0,545,3785.0,664,3789.0,431,3784.0,292,3790.0,610,3783.0,375,3791.0,460,3782.0,708
1597988321620879104,1597988321500000000,2020-08-21 13:38:41.500000,3786.0,3800.0,3764.0,3765.0,nan,3781.312,434590,16433203810.0,793575,3787.0,248,3786.0,204,3788.0,545,3785.0,664,3789.0,431,3784.0,292,3790.0,610,3783.0,375,3791.0,460,3782.0,708
1597988322114831872,1597988322000000000,2020-08-21 13:38:42.000000,3786.0,3800.0,3764.0,3765.0,nan,3781.312,434591,16433241670.0,793574,3787.0,248,3786.0,204,3788.0,555,3785.0,664,3789.0,431,3784.0,292,3790.0,610,3783.0,375,3791.0,460,3782.0,708
1597988322630996992,1597988322500000000,2020-08-21 13:38:42.500000,3786.0,3800.0,3764.0,3765.0,nan,3781.312,434592,16433279530.0,793574,3787.0,248,3786.0,203,3788.0,555,3785.0,664,3789.0,431,3784.0,292,3790.0,610,3783.0,375,3791.0,460,3782.0,708
1597988323126720000,1597988323000000000,2020-08-21 13:38:43.000000,3786.0,3800.0,3764.0,3765.0,nan,3781.312,434592,16433279530.0,793574,3787.0,248,3786.0,204,3788.0,556,3785.0,664,3789.0,431,3784.0,292,3790.0,610,3783.0,375,3791.0,460,3782.0,708
1597988323624390912,1597988323500000000,2020-08-21 13:38:43.500000,3786.0,3800.0,3764.0,3765.0,nan,3781.312,434592,16433279530.0,793574,3787.0,248,3786.0,224,3788.0,555,3785.0,664,3789.0,431,3784.0,292,3790.0,610,3783.0,375,3791.0,460,3782.0,708
1597988324618439936,1597988324500000000,2020-08-21 13:38:44.500000,3786.0,3800.0,3764.0,3765.0,nan,3781.312,434592,16433279530.0,793574,3787.0,248,3786.0,226,3788.0,555,3785.0,664,3789.0,431,3784.0,292,3790.0,610,3783.0,375,3791.0,460,3782.0,708
1597988325129044992,1597988325000000000,2020-08-21 13:38:45.000000,3786.0,3800.0,3764.0,3765.0,nan,3781.312,434592,16433279530.0,793574,3787.0,248,3786.0,226,3788.0,555,3785.0,665,3789.0,431,3784.0,292,3790.0,610,3783.0,375,3791.0,460,3782.0,708
1597988325630178048,1597988325500000000,2020-08-21 13:38:45.500000,3786.0,3800.0,3764.0,3765.0,nan,3781.312,434592,16433279530.0,793574,3787.0,250,3786.0,226,3788.0,555,3785.0,665,3789.0,431,3784.0,292,3790.0,610,3783.0,375,3791.0,460,3782.0,708
1597988326130017024,1597988326000000000,2020-08-21 13:38:46.000000,3786.0,3800.0,3764.0,3765.0,nan,3781.312,434592,16433279530.0,793574,3787.0,250,3786.0,236,3788.0,555,3785.0,665,3789.0,431,3784.0,292,3790.0,610,3783.0,375,3791.0,460,3782.0,708
1597988326647801088,1597988326500000000,2020-08-21 13:38:46.500000,3786.0,3800.0,3764.0,3765.0,nan,3781.312,434593,16433317390.0,793574,3787.0,250,3786.0,237,3788.0,555,3785.0,665,3789.0,432,3784.0,292,3790.0,610,3783.0,375,3791.0,460,3782.0,708
1597988327118387968,1597988327000000000,2020-08-21 13:38:47.000000,3786.0,3800.0,3764.0,3765.0,nan,3781.312,434595,16433393110.0,793572,3787.0,250,3786.0,235,3788.0,555,3785.0,665,3789.0,432,3784.0,292,3790.0,610,3783.0,375,3791.0,460,3782.0,708
1597988327625430016,1597988327500000000,2020-08-21 13:38:47.500000,3786.0,3800.0,3764.0,3765.0,nan,3781.312,434595,16433393110.0,793572,3787.0,250,3786.0,235,3788.0,555,3785.0,665,3789.0,427,3784.0,292,3790.0,610,3783.0,375,3791.0,460,3782.0,708
1597988328127352064,1597988328000000000,2020-08-21 13:38:48.000000,3786.0,3800.0,3764.0,3765.0,nan,3781.312,434595,16433393110.0,793572,3787.0,250,3786.0,236,3788.0,555,3785.0,665,3789.0,427,3784.0,292,3790.0,610,3783.0,375,3791.0,460,3782.0,708
1597988328629650944,1597988328500000000,2020-08-21 13:38:48.500000,3786.0,3800.0,3764.0,3765.0,nan,3781.312,434596,16433430970.0,793572,3787.0,250,3786.0,236,3788.0,555,3785.0,665,3789.0,427,3784.0,292,3790.0,610,3783.0,375,3791.0,460,3782.0,708
1597988329159355904,1597988329000000000,2020-08-21 13:38:49.000000,3786.0,3800.0,3764.0,3765.0,nan,3781.312,434596,16433430970.0,793572,3787.0,250,3786.0,237,3788.0,555,3785.0,665,3789.0,427,3784.0,292,3790.0,610,3783.0,375,3791.0,460,3782.0,708
1597988329622440960,1597988329500000000,2020-08-21 13:38:49.500000,3787.0,3800.0,3764.0,3765.0,nan,3781.312,434601,16433620320.0,793572,3787.0,245,3786.0,237,3788.0,555,3785.0,665,3789.0,427,3784.0,292,3790.0,610,3783.0,375,3791.0,460,3782.0,708
1597988330143183104,1597988330000000000,2020-08-21 13:38:50.000000,3787.0,3800.0,3764.0,3765.0,nan,3781.312,434619,16434301870.0,793577,3787.0,238,3786.0,228,3788.0,555,3785.0,665,3789.0,427,3784.0,292,3790.0,612,3783.0,375,3791.0,460,3782.0,708
1597988330643270912,1597988330500000000,2020-08-21 13:38:50.500000,3787.0,3800.0,3764.0,3765.0,nan,3781.312,434623,16434453350.0,793573,3787.0,234,3786.0,228,3788.0,555,3785.0,665,3789.0,427,3784.0,292,3790.0,612,3783.0,375,3791.0,460,3782.0,708
1597988331126803968,1597988331000000000,2020-08-21 13:38:51.000000,3787.0,3800.0,3764.0,3765.0,nan,3781.312,434623,16434453350.0,793573,3787.0,234,3786.0,227,3788.0,555,3785.0,665,3789.0,427,3784.0,292,3790.0,612,3783.0,376,3791.0,460,3782.0,708
1597988331640806912,1597988331500000000,2020-08-21 13:38:51.500000,3787.0,3800.0,3764.0,3765.0,nan,3781.312,434628,16434642700.0,793568,3787.0,229,3786.0,227,3788.0,555,3785.0,665,3789.0,427,3784.0,292,3790.0,612,3783.0,376,3791.0,460,3782.0,708
1597988332166984960,1597988332000000000,2020-08-21 13:38:52.000000,3787.0,3800.0,3764.0,3765.0,nan,3781.312,434629,16434680570.0,793568,3787.0,228,3786.0,227,3788.0,555,3785.0,665,3789.0,427,3784.0,292,3790.0,612,3783.0,376,3791.0,460,3782.0,708
1597988333137526016,1597988333000000000,2020-08-21 13:38:53.000000,3787.0,3800.0,3764.0,3765.0,nan,3781.312,434629,16434680570.0,793568,3787.0,229,3786.0,227,3788.0,555,3785.0,665,3789.0,427,3784.0,292,3790.0,612,3783.0,376,3791.0,460,3782.0,708
1597988333665420032,1597988333500000000,2020-08-21 13:38:53.500000,3787.0,3800.0,3764.0,3765.0,nan,3781.312,434629,16434680570.0,793568,3787.0,230,3786.0,227,3788.0,557,3785.0,665,3789.0,427,3784.0,292,3790.0,612,3783.0,376,3791.0,460,3782.0,708
1597988334142191104,1597988334000000000,2020-08-21 13:38:54.000000,3787.0,3800.0,3764.0,3765.0,nan,3781.312,434629,16434680570.0,793568,3787.0,230,3786.0,227,3788.0,558,3785.0,665,3789.0,427,3784.0,292,3790.0,612,3783.0,376,3791.0,460,3782.0,708
1597988334637327872,1597988334500000000,2020-08-21 13:38:54.500000,3787.0,3800.0,3764.0,3765.0,nan,3781.313,434634,16434869920.0,793568,3787.0,237,3786.0,227,3788.0,558,3785.0,665,3789.0,427,3784.0,292,3790.0,612,3783.0,376,3791.0,460,3782.0,708
1597988335117064960,1597988335000000000,2020-08-21 13:38:55.000000,3787.0,3800.0,3764.0,3765.0,nan,3781.313,434636,16434945660.0,793568,3787.0,235,3786.0,228,3788.0,558,3785.0,664,3789.0,427,3784.0,292,3790.0,612,3783.0,376,3791.0,460,3782.0,708
1597988335639223040,1597988335500000000,2020-08-21 13:38:55.500000,3787.0,3800.0,3764.0,3765.0,nan,3781.313,434664,16436005770.0,793568,3787.0,233,3786.0,199,3788.0,558,3785.0,664,3789.0,427,3784.0,292,3790.0,612,3783.0,376,3791.0,460,3782.0,708
1597988336139553024,1597988336000000000,2020-08-21 13:38:56.000000,3787.0,3800.0,3764.0,3765.0,nan,3781.313,434664,16436005770.0,793568,3787.0,277,3786.0,165,3788.0,558,3785.0,664,3789.0,428,3784.0,292,3790.0,612,3783.0,376,3791.0,460,3782.0,708
1597988336610127104,1597988336500000000,2020-08-21 13:38:56.500000,3787.0,3800.0,3764.0,3765.0,nan,3781.313,434664,16436005770.0,793568,3787.0,299,3786.0,144,3788.0,558,3785.0,662,3789.0,428,3784.0,292,3790.0,612,3783.0,376,3791.0,460,3782.0,708
1597988337132881920,1597988337000000000,2020-08-21 13:38:57.000000,3786.0,3800.0,3764.0,3765.0,nan,3781.313,434665,16436043630.0,793569,3787.0,299,3786.0,104,3788.0,558,3785.0,662,3789.0,428,3784.0,292,3790.0,612,3783.0,376,3791.0,460,3782.0,708
1597988337636871936,1597988337500000000,2020-08-21 13:38:57.500000,3786.0,3800.0,3764.0,3765.0,nan,3781.313,434665,16436043630.0,793569,3787.0,299,3786.0,113,3788.0,558,3785.0,662,3789.0,428,3784.0,292,3790.0,612,3783.0,376,3791.0,460,3782.0,708
1597988338133761024,1597988338000000000,2020-08-21 13:38:58.000000,3786.0,3800.0,3764.0,3765.0,nan,3781.313,434666,16436081490.0,793569,3787.0,258,3786.0,131,3788.0,558,3785.0,662,3789.0,428,3784.0,292,3790.0,612,3783.0,376,3791.0,460,3782.0,708
1597988338626227968,1597988338500000000,2020-08-21 13:38:58.500000,3786.0,3800.0,3764.0,3765.0,nan,3781.313,434666,16436081490.0,793569,3787.0,258,3786.0,133,3788.0,558,3785.0,662,3789.0,428,3784.0,292,3790.0,612,3783.0,316,3791.0,460,3782.0,708
1597988339206294016,1597988339000000000,2020-08-21 13:38:59.000000,3786.0,3800.0,3764.0,3765.0,nan,3781.313,434667,16436119350.0,793568,3787.0,258,3786.0,132,3788.0,558,3785.0,662,3789.0,428,3784.0,292,3790.0,612,3783.0,316,3791.0,460,3782.0,708
1597988339632505088,1597988339500000000,2020-08-21 13:38:59.500000,3787.0,3800.0,3764.0,3765.0,nan,3781.313,434670,16436232960.0,793565,3787.0,310,3786.0,112,3788.0,556,3785.0,662,3789.0,428,3784.0,292,3790.0,612,3783.0,316,3791.0,460,3782.0,708
1597988340132349952,1597988340000000000,2020-08-21 13:39:00.000000,3787.0,3800.0,3764.0,3765.0,nan,3781.313,434670,16436232960.0,793565,3787.0,309,3786.0,116,3788.0,556,3785.0,662,3789.0,428,3784.0,292,3790.0,615,3783.0,316,3791.0,460,3782.0,708
1597988340627692032,1597988340500000000,2020-08-21 13:39:00.500000,3787.0,3800.0,3764.0,3765.0,nan,3781.313,434676,16436460170.0,793563,3787.0,304,3786.0,151,3788.0,556,3785.0,662,3789.0,428,3784.0,292,3790.0,615,3783.0,316,3791.0,460,3782.0,708
1597988341136065024,1597988341000000000,2020-08-21 13:39:01.000000,3787.0,3800.0,3764.0,3765.0,nan,3781.313,434676,16436460170.0,793563,3787.0,304,3786.0,151,3788.0,561,3785.0,662,3789.0,428,3784.0,292,3790.0,615,3783.0,316,3791.0,460,3782.0,708
1597988341649225984,1597988341500000000,2020-08-21 13:39:01.500000,3787.0,3800.0,3764.0,3765.0,nan,3781.313,434676,16436460170.0,793563,3787.0,295,3786.0,159,3788.0,561,3785.0,660,3789.0,428,3784.0,291,3790.0,615,3783.0,316,3791.0,461,3782.0,708
1597988342158017024,1597988342000000000,2020-08-21 13:39:02.000000,3787.0,3800.0,3764.0,3765.0,nan,3781.313,434676,16436460170.0,793563,3787.0,295,3786.0,160,3788.0,561,3785.0,660,3789.0,433,3784.0,290,3790.0,615,3783.0,316,3791.0,461,3782.0,708
1597988342706283008,1597988342500000000,2020-08-21 13:39:02.500000,3787.0,3800.0,3764.0,3765.0,nan,3781.313,434676,16436460170.0,793563,3787.0,295,3786.0,162,3788.0,561,3785.0,660,3789.0,433,3784.0,290,3790.0,621,3783.0,316,3791.0,461,3782.0,708
1597988343134145024,1597988343000000000,2020-08-21 13:39:03.000000,3787.0,3800.0,3764.0,3765.0,nan,3781.313,434676,16436460170.0,793563,3787.0,295,3786.0,242,3788.0,576,3785.0,660,3789.0,433,3784.0,290,3790.0,621,3783.0,316,3791.0,461,3782.0,708
1597988343632032000,1597988343500000000,2020-08-21 13:39:03.500000,3787.0,3800.0,3764.0,3765.0,nan,3781.313,434676,16436460170.0,793563,3787.0,280,3786.0,244,3788.0,576,3785.0,660,3789.0,433,3784.0,290,3790.0,621,3783.0,316,3791.0,461,3782.0,708
1597988344131012096,1597988344000000000,2020-08-21 13:39:04.000000,3787.0,3800.0,3764.0,3765.0,nan,3781.313,434676,16436460170.0,793563,3787.0,283,3786.0,245,3788.0,576,3785.0,660,3789.0,436,3784.0,290,3790.0,621,3783.0,316,3791.0,461,3782.0,708
1597988344614578944,1597988344500000000,2020-08-21 13:39:04.500000,3787.0,3800.0,3764.0,3765.0,nan,3781.313,434676,16436460170.0,793563,3787.0,283,3786.0,246,3788.0,576,3785.0,660,3789.0,436,3784.0,290,3790.0,621,3783.0,316,3791.0,461,3782.0,708
1597988345634237952,1597988345500000000,2020-08-21 13:39:05.500000,3787.0,3800.0,3764.0,3765.0,nan,3781.313,434699,16437331180.0,793553,3787.0,260,3786.0,223,3788.0,576,3785.0,660,3789.0,436,3784.0,290,3790.0,621,3783.0,316,3791.0,461,3782.0,708
1597988346144520960,1597988346000000000,2020-08-21 13:39:06.000000,3787.0,3800.0,3764.0,3765.0,nan,3781.313,434704,16437520530.0,793553,3787.0,254,3786.0,223,3788.0,576,3785.0,660,3789.0,436,3784.0,290,3790.0,621,3783.0,316,3791.0,461,3782.0,708
1597988347347235072,1597988347000000000,2020-08-21 13:39:07.000000,3787.0,3800.0,3764.0,3765.0,nan,3781.313,434704,16437520530.0,793553,3787.0,253,3786.0,223,3788.0,576,3785.0,660,3789.0,436,3784.0,290,3790.0,621,3783.0,317,3791.0,461,3782.0,708
1597988347639614976,1597988347500000000,2020-08-21 13:39:07.500000,3787.0,3800.0,3764.0,3765.0,nan,3781.313,434704,16437520530.0,793553,3787.0,254,3786.0,226,3788.0,576,3785.0,660,3789.0,436,3784.0,290,3790.0,621,3783.0,317,3791.0,461,3782.0,708
1597988348115421952,1597988348000000000,2020-08-21 13:39:08.000000,3787.0,3800.0,3764.0,3765.0,nan,3781.313,434704,16437520530.0,793553,3787.0,254,3786.0,246,3788.0,576,3785.0,660,3789.0,436,3784.0,290,3790.0,621,3783.0,317,3791.0,461,3782.0,708
1597988348623641088,1597988348500000000,2020-08-21 13:39:08.500000,3787.0,3800.0,3764.0,3765.0,nan,3781.314,434741,16438921660.0,793560,3787.0,227,3786.0,217,3788.0,576,3785.0,660,3789.0,436,3784.0,290,3790.0,621,3783.0,317,3791.0,461,3782.0,708
1597988349148402944,1597988349000000000,2020-08-21 13:39:09.000000,3787.0,3800.0,3764.0,3765.0,nan,3781.314,434742,16438959530.0,793560,3787.0,226,3786.0,217,3788.0,576,3785.0,660,3789.0,436,3784.0,290,3790.0,580,3783.0,317,3791.0,461,3782.0,708
1597988349604896000,1597988349500000000,2020-08-21 13:39:09.500000,3787.0,3800.0,3764.0,3765.0,nan,3781.314,434743,16438997400.0,793560,3787.0,225,3786.0,212,3788.0,576,3785.0,660,3789.0,436,3784.0,290,3790.0,580,3783.0,317,3791.0,461,3782.0,708
1597988350109689088,1597988350000000000,2020-08-21 13:39:10.000000,3787.0,3800.0,3764.0,3765.0,nan,3781.314,434748,16439186740.0,793557,3787.0,221,3786.0,211,3788.0,576,3785.0,660,3789.0,436,3784.0,290,3790.0,580,3783.0,317,3791.0,461,3782.0,708
1597988350644235008,1597988350500000000,2020-08-21 13:39:10.500000,3787.0,3800.0,3764.0,3765.0,nan,3781.314,434748,16439186740.0,793557,3787.0,221,3786.0,211,3788.0,576,3785.0,662,3789.0,436,3784.0,290,3790.0,580,3783.0,317,3791.0,461,3782.0,708
1597988351139547904,1597988351000000000,2020-08-21 13:39:11.000000,3787.0,3800.0,3764.0,3765.0,nan,3781.314,434768,16439944140.0,793537,3787.0,198,3786.0,212,3788.0,576,3785.0,662,3789.0,436,3784.0,292,3790.0,580,3783.0,317,3791.0,461,3782.0,708
1597988352643534080,1597988352500000000,2020-08-21 13:39:12.500000,3786.0,3800.0,3764.0,3765.0,nan,3781.314,434788,16440701340.0,793535,3787.0,198,3786.0,192,3788.0,576,3785.0,662,3789.0,436,3784.0,292,3790.0,580,3783.0,317,3791.0,461,3782.0,708
1597988353163322880,1597988353000000000,2020-08-21 13:39:13.000000,3786.0,3800.0,3764.0,3765.0,nan,3781.314,434788,16440701340.0,793535,3787.0,198,3786.0,194,3788.0,576,3785.0,662,3789.0,436,3784.0,292,3790.0,580,3783.0,317,3791.0,461,3782.0,708
1597988353627240960,1597988353500000000,2020-08-21 13:39:13.500000,3786.0,3800.0,3764.0,3765.0,nan,3781.314,434789,16440739200.0,793535,3787.0,198,3786.0,193,3788.0,576,3785.0,662,3789.0,436,3784.0,292,3790.0,580,3783.0,317,3791.0,461,3782.0,708
1597988354123297024,1597988354000000000,2020-08-21 13:39:14.000000,3786.0,3800.0,3764.0,3765.0,nan,3781.314,434789,16440739200.0,793535,3787.0,198,3786.0,193,3788.0,576,3785.0,662,3789.0,436,3784.0,292,3790.0,578,3783.0,317,3791.0,461,3782.0,708
1597988354628216064,1597988354500000000,2020-08-21 13:39:14.500000,3786.0,3800.0,3764.0,3765.0,nan,3781.314,434789,16440739200.0,793535,3787.0,198,3786.0,202,3788.0,576,3785.0,662,3789.0,436,3784.0,292,3790.0,578,3783.0,317,3791.0,461,3782.0,708
1597988355108228096,1597988355000000000,2020-08-21 13:39:15.000000,3786.0,3800.0,3764.0,3765.0,nan,3781.315,434797,16441042130.0,793536,3787.0,193,3786.0,199,3788.0,576,3785.0,662,3789.0,436,3784.0,292,3790.0,578,3783.0,317,3791.0,461,3782.0,708
1597988355625447936,1597988355500000000,2020-08-21 13:39:15.500000,3786.0,3800.0,3764.0,3765.0,nan,3781.315,434797,16441042130.0,793536,3787.0,193,3786.0,201,3788.0,576,3785.0,662,3789.0,436,3784.0,292,3790.0,578,3783.0,317,3791.0,461,3782.0,708
1597988356118778112,1597988356000000000,2020-08-21 13:39:16.000000,3786.0,3800.0,3764.0,3765.0,nan,3781.315,434797,16441042130.0,793536,3787.0,193,3786.0,201,3788.0,576,3785.0,663,3789.0,436,3784.0,292,3790.0,578,3783.0,288,3791.0,461,3782.0,708
1597988356626396928,1597988356500000000,2020-08-21 13:39:16.500000,3787.0,3800.0,3764.0,3765.0,nan,3781.315,434802,16441231480.0,793534,3787.0,188,3786.0,201,3788.0,576,3785.0,663,3789.0,436,3784.0,292,3790.0,578,3783.0,288,3791.0,461,3782.0,708
1597988357112832000,1597988357000000000,2020-08-21 13:39:17.000000,3786.0,3800.0,3764.0,3765.0,nan,3781.315,434803,16441269340.0,793535,3787.0,188,3786.0,200,3788.0,576,3785.0,663,3789.0,436,3784.0,292,3790.0,578,3783.0,288,3791.0,459,3782.0,708
1597988357603913984,1597988357500000000,2020-08-21 13:39:17.500000,3786.0,3800.0,3764.0,3765.0,nan,3781.315,434823,16442026540.0,793523,3787.0,188,3786.0,180,3788.0,576,3785.0,663,3789.0,436,3784.0,292,3790.0,578,3783.0,288,3791.0,459,3782.0,708
1597988358125681920,1597988358000000000,2020-08-21 13:39:18.000000,3786.0,3800.0,3764.0,3765.0,nan,3781.315,434823,16442026540.0,793523,3787.0,212,3786.0,172,3788.0,576,3785.0,663,3789.0,436,3784.0,292,3790.0,578,3783.0,288,3791.0,459,3782.0,708
1597988358626145024,1597988358500000000,2020-08-21 13:39:18.500000,3786.0,3800.0,3764.0,3765.0,nan,3781.315,434823,16442026540.0,793523,3787.0,215,3786.0,172,3788.0,576,3785.0,663,3789.0,436,3784.0,292,3790.0,578,3783.0,288,3791.0,459,3782.0,708
1597988359118121984,1597988359000000000,2020-08-21 13:39:19.000000,3786.0,3800.0,3764.0,3765.0,nan,3781.315,434824,16442064400.0,793523,3787.0,215,3786.0,171,3788.0,576,3785.0,663,3789.0,436,3784.0,292,3790.0,578,3783.0,288,3791.0,459,3782.0,708
1597988359614757120,1597988359500000000,2020-08-21 13:39:19.500000,3786.0,3800.0,3764.0,3765.0,nan,3781.315,434824,16442064400.0,793523,3787.0,215,3786.0,170,3788.0,576,3785.0,663,3789.0,436,3784.0,292,3790.0,578,3783.0,288,3791.0,459,3782.0,708
1597988360120558080,1597988360000000000,2020-08-21 13:39:20.000000,3787.0,3800.0,3764.0,3765.0,nan,3781.315,434850,16443049020.0,793517,3787.0,191,3786.0,170,3788.0,576,3785.0,663,3789.0,436,3784.0,292,3790.0,578,3783.0,288,3791.0,459,3782.0,708
1597988360614568960,1597988360500000000,2020-08-21 13:39:20.500000,3786.0,3800.0,3764.0,3765.0,nan,3781.315,434851,16443086880.0,793517,3787.0,191,3786.0,169,3788.0,576,3785.0,663,3789.0,436,3784.0,292,3790.0,578,3783.0,288,3791.0,459,3782.0,708
1597988361123731968,1597988361000000000,2020-08-21 13:39:21.000000,3786.0,3800.0,3764.0,3765.0,nan,3781.315,434851,16443086880.0,793517,3787.0,191,3786.0,169,3788.0,576,3785.0,664,3789.0,435,3784.0,292,3790.0,578,3783.0,288,3791.0,459,3782.0,708
1597988362121837056,1597988362000000000,2020-08-21 13:39:22.000000,3786.0,3800.0,3764.0,3765.0,nan,3781.315,434871,16443844080.0,793537,3787.0,192,3786.0,149,3788.0,576,3785.0,664,3789.0,435,3784.0,292,3790.0,578,3783.0,288,3791.0,459,3782.0,708
1597988362642516992,1597988362500000000,2020-08-21 13:39:22.500000,3786.0,3800.0,3764.0,3765.0,nan,3781.315,434871,16443844080.0,793537,3787.0,192,3786.0,149,3788.0,576,3785.0,665,3789.0,435,3784.0,292,3790.0,578,3783.0,288,3791.0,459,3782.0,708
1597988363621689088,1597988363500000000,2020-08-21 13:39:23.500000,3786.0,3800.0,3764.0,3765.0,nan,3781.315,434871,16443844080.0,793537,3787.0,192,3786.0,149,3788.0,576,3785.0,664,3789.0,435,3784.0,290,3790.0,578,3783.0,287,3791.0,479,3782.0,708
1597988364614601984,1597988364500000000,2020-08-21 13:39:24.500000,3786.0,3800.0,3764.0,3765.0,nan,3781.315,434871,16443844080.0,793537,3787.0,192,3786.0,150,3788.0,576,3785.0,665,3789.0,435,3784.0,300,3790.0,578,3783.0,288,3791.0,479,3782.0,708
1597988365115915008,1597988365000000000,2020-08-21 13:39:25.000000,3786.0,3800.0,3764.0,3765.0,nan,3781.315,434872,16443881940.0,793537,3787.0,192,3786.0,150,3788.0,576,3785.0,666,3789.0,435,3784.0,300,3790.0,578,3783.0,288,3791.0,479,3782.0,708
1597988365625491968,1597988365500000000,2020-08-21 13:39:25.500000,3786.0,3800.0,3764.0,3765.0,nan,3781.315,434872,16443881940.0,793537,3787.0,202,3786.0,150,3788.0,576,3785.0,666,3789.0,435,3784.0,300,3790.0,578,3783.0,288,3791.0,479,3782.0,708
1597988367166970112,1597988367000000000,2020-08-21 13:39:27.000000,3786.0,3800.0,3764.0,3765.0,nan,3781.315,434872,16443881940.0,793537,3787.0,202,3786.0,146,3788.0,576,3785.0,666,3789.0,435,3784.0,300,3790.0,578,3783.0,288,3791.0,479,3782.0,708
1597988367648677888,1597988367500000000,2020-08-21 13:39:27.500000,3786.0,3800.0,3764.0,3765.0,nan,3781.315,434874,16443957660.0,793539,3787.0,202,3786.0,145,3788.0,576,3785.0,666,3789.0,435,3784.0,300,3790.0,578,3783.0,288,3791.0,479,3782.0,708
1597988368122096128,1597988368000000000,2020-08-21 13:39:28.000000,3786.0,3800.0,3764.0,3765.0,nan,3781.315,434874,16443957660.0,793539,3787.0,204,3786.0,145,3788.0,576,3785.0,666,3789.0,435,3784.0,300,3790.0,578,3783.0,288,3791.0,479,3782.0,708
1597988368614733056,1597988368500000000,2020-08-21 13:39:28.500000,3786.0,3800.0,3764.0,3765.0,nan,3781.315,434875,16443995520.0,793540,3787.0,204,3786.0,144,3788.0,576,3785.0,666,3789.0,435,3784.0,300,3790.0,578,3783.0,288,3791.0,479,3782.0,708
1597988369114318080,1597988369000000000,2020-08-21 13:39:29.000000,3787.0,3800.0,3764.0,3765.0,nan,3781.315,434877,16444071250.0,793540,3787.0,203,3786.0,143,3788.0,576,3785.0,666,3789.0,435,3784.0,300,3790.0,578,3783.0,288,3791.0,479,3782.0,708
1597988369605391872,1597988369500000000,2020-08-21 13:39:29.500000,3786.0,3800.0,3764.0,3765.0,nan,3781.316,434881,16444222690.0,793538,3787.0,201,3786.0,139,3788.0,576,3785.0,666,3789.0,435,3784.0,300,3790.0,578,3783.0,288,3791.0,479,3782.0,708
1597988370135140096,1597988370000000000,2020-08-21 13:39:30.000000,3786.0,3800.0,3764.0,3765.0,nan,3781.316,434881,16444222690.0,793538,3787.0,201,3786.0,144,3788.0,576,3785.0,666,3789.0,435,3784.0,300,3790.0,578,3783.0,288,3791.0,479,3782.0,708
1597988370630662912,1597988370500000000,2020-08-21 13:39:30.500000,3786.0,3800.0,3764.0,3765.0,nan,3781.316,434885,16444374140.0,793534,3787.0,200,3786.0,141,3788.0,576,3785.0,667,3789.0,435,3784.0,300,3790.0,578,3783.0,288,3791.0,479,3782.0,708
1597988371126497024,1597988371000000000,2020-08-21 13:39:31.000000,3786.0,3800.0,3764.0,3765.0,nan,3781.316,434885,16444374140.0,793534,3787.0,200,3786.0,141,3788.0,576,3785.0,667,3789.0,435,3784.0,300,3790.0,579,3783.0,288,3791.0,479,3782.0,708
1597988371629457920,1597988371500000000,2020-08-21 13:39:31.500000,3786.0,3800.0,3764.0,3765.0,nan,3781.316,434885,16444374140.0,793534,3787.0,201,3786.0,141,3788.0,576,3785.0,668,3789.0,435,3784.0,300,3790.0,579,3783.0,288,3791.0,479,3782.0,708
1597988372125616896,1597988372000000000,2020-08-21 13:39:32.000000,3786.0,3800.0,3764.0,3765.0,nan,3781.316,434885,16444374140.0,793534,3787.0,203,3786.0,151,3788.0,576,3785.0,668,3789.0,435,3784.0,300,3790.0,579,3783.0,288,3791.0,479,3782.0,708
1597988372631286016,1597988372500000000,2020-08-21 13:39:32.500000,3786.0,3800.0,3764.0,3765.0,nan,3781.316,434885,16444374140.0,793534,3787.0,203,3786.0,152,3788.0,576,3785.0,668,3789.0,435,3784.0,300,3790.0,579,3783.0,288,3791.0,479,3782.0,708
1597988373128158976,1597988373000000000,2020-08-21 13:39:33.000000,3786.0,3800.0,3764.0,3765.0,nan,3781.316,434885,16444374140.0,793534,3787.0,263,3786.0,152,3788.0,576,3785.0,668,3789.0,435,3784.0,301,3790.0,579,3783.0,288,3791.0,479,3782.0,708
1597988373626001920,1597988373500000000,2020-08-21 13:39:33.500000,3786.0,3800.0,3764.0,3765.0,nan,3781.316,434885,16444374140.0,793534,3787.0,305,3786.0,139,3788.0,576,3785.0,668,3789.0,435,3784.0,301,3790.0,579,3783.0,288,3791.0,479,3782.0,708
1597988374116320000,1597988374000000000,2020-08-21 13:39:34.000000,3786.0,3800.0,3764.0,3765.0,nan,3781.316,434967,16447478660.0,793475,3787.0,305,3786.0,57,3788.0,576,3785.0,668,3789.0,435,3784.0,301,3790.0,579,3783.0,288,3791.0,479,3782.0,708
1597988374671022080,1597988374500000000,2020-08-21 13:39:34.500000,3786.0,3800.0,3764.0,3765.0,nan,3781.317,435024,16449636680.0,793497,3786.0,228,3785.0,668,3787.0,325,3784.0,301,3788.0,576,3783.0,288,3789.0,435,3782.0,708,3790.0,579,3781.0,402
1597988375126674944,1597988375000000000,2020-08-21 13:39:35.000000,3786.0,3800.0,3764.0,3765.0,nan,3781.318,435114,16453044080.0,793407,3786.0,154,3785.0,648,3787.0,322,3784.0,301,3788.0,576,3783.0,288,3789.0,435,3782.0,708,3790.0,579,3781.0,402
1597988375627458048,1597988375500000000,2020-08-21 13:39:35.500000,3786.0,3800.0,3764.0,3765.0,nan,3781.318,435114,16453044080.0,793407,3786.0,149,3785.0,649,3787.0,322,3784.0,301,3788.0,576,3783.0,288,3789.0,435,3782.0,708,3790.0,579,3781.0,402
1597988376121751040,1597988376000000000,2020-08-21 13:39:36.000000,3786.0,3800.0,3764.0,3765.0,nan,3781.318,435118,16453195520.0,793403,3786.0,145,3785.0,649,3787.0,337,3784.0,301,3788.0,576,3783.0,288,3789.0,435,3782.0,708,3790.0,579,3781.0,402
1597988376635234048,1597988376500000000,2020-08-21 13:39:36.500000,3786.0,3800.0,3764.0,3765.0,nan,3781.318,435118,16453195520.0,793403,3786.0,114,3785.0,649,3787.0,337,3784.0,301,3788.0,576,3783.0,289,3789.0,435,3782.0,708,3790.0,579,3781.0,402
1597988377117969920,1597988377000000000,2020-08-21 13:39:37.000000,3786.0,3800.0,3764.0,3765.0,nan,3781.319,435196,16456148600.0,793408,3786.0,36,3785.0,649,3787.0,339,3784.0,301,3788.0,576,3783.0,289,3789.0,435,3782.0,708,3790.0,579,3781.0,402
1597988377638802944,1597988377500000000,2020-08-21 13:39:37.500000,3786.0,3800.0,3764.0,3765.0,nan,3781.319,435204,16456451480.0,793409,3786.0,22,3785.0,650,3787.0,289,3784.0,301,3788.0,576,3783.0,289,3789.0,435,3782.0,708,3790.0,579,3781.0,402
1597988378136416000,1597988378000000000,2020-08-21 13:39:38.000000,3786.0,3800.0,3764.0,3765.0,nan,3781.319,435204,16456451480.0,793409,3786.0,22,3785.0,650,3787.0,289,3784.0,301,3788.0,576,3783.0,290,3789.0,435,3782.0,708,3790.0,579,3781.0,402
1597988379111962112,1597988379000000000,2020-08-21 13:39:39.000000,3786.0,3800.0,3764.0,3765.0,nan,3781.319,435206,16456527190.0,793409,3786.0,21,3785.0,649,3787.0,289,3784.0,301,3788.0,576,3783.0,290,3789.0,435,3782.0,708,3790.0,579,3781.0,402
1597988380123950080,1597988380000000000,2020-08-21 13:39:40.000000,3786.0,3800.0,3764.0,3765.0,nan,3781.319,435207,16456565050.0,793409,3786.0,20,3785.0,649,3787.0,289,3784.0,301,3788.0,576,3783.0,290,3789.0,435,3782.0,708,3790.0,579,3781.0,402
1597988380646793984,1597988380500000000,2020-08-21 13:39:40.500000,3786.0,3800.0,3764.0,3765.0,nan,3781.319,435207,16456565050.0,793409,3786.0,20,3785.0,649,3787.0,289,3784.0,301,3788.0,577,3783.0,290,3789.0,435,3782.0,708,3790.0,579,3781.0,402
1597988381616823040,1597988381500000000,2020-08-21 13:39:41.500000,3786.0,3800.0,3764.0,3765.0,nan,3781.319,435210,16456678630.0,793409,3786.0,17,3785.0,649,3787.0,288,3784.0,301,3788.0,577,3783.0,290,3789.0,435,3782.0,708,3790.0,579,3781.0,402
1597988382110618880,1597988382000000000,2020-08-21 13:39:42.000000,3786.0,3800.0,3764.0,3765.0,nan,3781.319,435211,16456716490.0,793409,3786.0,16,3785.0,649,3787.0,288,3784.0,301,3788.0,577,3783.0,290,3789.0,435,3782.0,708,3790.0,579,3781.0,402
1597988383117312000,1597988383000000000,2020-08-21 13:39:43.000000,3786.0,3800.0,3764.0,3765.0,nan,3781.319,435216,16456905790.0,793414,3786.0,11,3785.0,649,3787.0,289,3784.0,301,3788.0,577,3783.0,290,3789.0,435,3782.0,708,3790.0,581,3781.0,402
1597988383617632000,1597988383500000000,2020-08-21 13:39:43.500000,3786.0,3800.0,3764.0,3765.0,nan,3781.319,435216,16456905790.0,793414,3786.0,11,3785.0,652,3787.0,289,3784.0,301,3788.0,577,3783.0,290,3789.0,435,3782.0,708,3790.0,581,3781.0,402
1597988384124145920,1597988384000000000,2020-08-21 13:39:44.000000,3786.0,3800.0,3764.0,3765.0,nan,3781.319,435232,16457511550.0,793406,3787.0,289,3786.0,45,3788.0,577,3785.0,653,3789.0,435,3784.0,301,3790.0,581,3783.0,290,3791.0,479,3782.0,708
1597988384614440960,1597988384500000000,2020-08-21 13:39:44.500000,3786.0,3800.0,3764.0,3765.0,nan,3781.319,435232,16457511550.0,793406,3787.0,289,3786.0,53,3788.0,577,3785.0,654,3789.0,435,3784.0,301,3790.0,581,3783.0,290,3791.0,479,3782.0,708
1597988385120913920,1597988385000000000,2020-08-21 13:39:45.000000,3786.0,3800.0,3764.0,3765.0,nan,3781.319,435234,16457587270.0,793404,3787.0,273,3786.0,53,3788.0,577,3785.0,654,3789.0,435,3784.0,301,3790.0,581,3783.0,290,3791.0,479,3782.0,708
1597988386143859968,1597988386000000000,2020-08-21 13:39:46.000000,3786.0,3800.0,3764.0,3765.0,nan,3781.319,435235,16457625130.0,793404,3787.0,273,3786.0,52,3788.0,627,3785.0,654,3789.0,435,3784.0,301,3790.0,581,3783.0,290,3791.0,479,3782.0,708
1597988386619998976,1597988386500000000,2020-08-21 13:39:46.500000,3786.0,3800.0,3764.0,3765.0,nan,3781.319,435236,16457662990.0,793403,3787.0,273,3786.0,51,3788.0,627,3785.0,654,3789.0,435,3784.0,301,3790.0,581,3783.0,290,3791.0,479,3782.0,708
1597988387135325952,1597988387000000000,2020-08-21 13:39:47.000000,3786.0,3800.0,3764.0,3765.0,nan,3781.319,435237,16457700850.0,793403,3787.0,273,3786.0,50,3788.0,627,3785.0,654,3789.0,435,3784.0,301,3790.0,581,3783.0,290,3791.0,479,3782.0,708
1597988387628654080,1597988387500000000,2020-08-21 13:39:47.500000,3787.0,3800.0,3764.0,3765.0,nan,3781.319,435246,16458041670.0,793399,3787.0,265,3786.0,49,3788.0,627,3785.0,654,3789.0,435,3784.0,301,3790.0,581,3783.0,290,3791.0,479,3782.0,708
1597988388121389056,1597988388000000000,2020-08-21 13:39:48.000000,3786.0,3800.0,3764.0,3765.0,nan,3781.32,435251,16458230970.0,793399,3787.0,265,3786.0,45,3788.0,627,3785.0,654,3789.0,435,3784.0,301,3790.0,581,3783.0,290,3791.0,479,3782.0,708
1597988388628160000,1597988388500000000,2020-08-21 13:39:48.500000,3786.0,3800.0,3764.0,3765.0,nan,3781.32,435251,16458230970.0,793399,3787.0,265,3786.0,95,3788.0,627,3785.0,654,3789.0,435,3784.0,301,3790.0,581,3783.0,290,3791.0,479,3782.0,708
1597988389116907008,1597988389000000000,2020-08-21 13:39:49.000000,3786.0,3800.0,3764.0,3765.0,nan,3781.32,435252,16458268830.0,793399,3787.0,245,3786.0,185,3788.0,627,3785.0,653,3789.0,435,3784.0,301,3790.0,581,3783.0,290,3791.0,479,3782.0,708
1597988389610269952,1597988389500000000,2020-08-21 13:39:49.500000,3786.0,3800.0,3764.0,3765.0,nan,3781.32,435258,16458496040.0,793403,3787.0,195,3786.0,152,3788.0,627,3785.0,653,3789.0,435,3784.0,301,3790.0,581,3783.0,290,3791.0,479,3782.0,708
1597988390629477120,1597988390500000000,2020-08-21 13:39:50.500000,3786.0,3800.0,3764.0,3765.0,nan,3781.32,435258,16458496040.0,793403,3787.0,205,3786.0,152,3788.0,627,3785.0,653,3789.0,435,3784.0,301,3790.0,581,3783.0,290,3791.0,479,3782.0,708
1597988391127085056,1597988391000000000,2020-08-21 13:39:51.000000,3786.0,3800.0,3764.0,3765.0,nan,3781.32,435265,16458761060.0,793397,3787.0,207,3786.0,145,3788.0,627,3785.0,653,3789.0,435,3784.0,301,3790.0,581,3783.0,290,3791.0,479,3782.0,708
1597988391610693120,1597988391500000000,2020-08-21 13:39:51.500000,3786.0,3800.0,3764.0,3765.0,nan,3781.32,435270,16458950360.0,793392,3787.0,207,3786.0,132,3788.0,637,3785.0,653,3789.0,435,3784.0,301,3790.0,581,3783.0,290,3791.0,479,3782.0,708
1597988392115644928,1597988392000000000,2020-08-21 13:39:52.000000,3786.0,3800.0,3764.0,3765.0,nan,3781.32,435270,16458950360.0,793392,3787.0,201,3786.0,105,3788.0,637,3785.0,653,3789.0,435,3784.0,301,3790.0,581,3783.0,290,3791.0,479,3782.0,708
1597988392611924992,1597988392500000000,2020-08-21 13:39:52.500000,3786.0,3800.0,3764.0,3765.0,nan,3781.32,435275,16459139660.0,793392,3787.0,212,3786.0,92,3788.0,637,3785.0,653,3789.0,435,3784.0,300,3790.0,581,3783.0,290,3791.0,479,3782.0,708
1597988393159021056,1597988393000000000,2020-08-21 13:39:53.000000,3786.0,3800.0,3764.0,3765.0,nan,3781.32,435275,16459139660.0,793392,3787.0,248,3786.0,92,3788.0,657,3785.0,653,3789.0,435,3784.0,300,3790.0,581,3783.0,290,3791.0,479,3782.0,708
1597988393606119936,1597988393500000000,2020-08-21 13:39:53.500000,3786.0,3800.0,3764.0,3765.0,nan,3781.32,435275,16459139660.0,793392,3787.0,254,3786.0,72,3788.0,658,3785.0,652,3789.0,435,3784.0,300,3790.0,581,3783.0,290,3791.0,479,3782.0,708
1597988394111567104,1597988394000000000,2020-08-21 13:39:54.000000,3787.0,3800.0,3764.0,3765.0,nan,3781.32,435280,16459329010.0,793391,3787.0,269,3786.0,72,3788.0,658,3785.0,654,3789.0,435,3784.0,300,3790.0,581,3783.0,290,3791.0,479,3782.0,708
1597988394618576896,1597988394500000000,2020-08-21 13:39:54.500000,3786.0,3800.0,3764.0,3765.0,nan,3781.32,435283,16459442590.0,793391,3787.0,269,3786.0,70,3788.0,658,3785.0,654,3789.0,435,3784.0,300,3790.0,581,3783.0,290,3791.0,479,3782.0,708
1597988395131193088,1597988395000000000,2020-08-21 13:39:55.000000,3786.0,3800.0,3764.0,3765.0,nan,3781.32,435283,16459442590.0,793391,3787.0,269,3786.0,70,3788.0,658,3785.0,654,3789.0,435,3784.0,300,3790.0,583,3783.0,290,3791.0,479,3782.0,708
1597988395613272064,1597988395500000000,2020-08-21 13:39:55.500000,3786.0,3800.0,3764.0,3765.0,nan,3781.32,435293,16459821190.0,793383,3787.0,269,3786.0,60,3788.0,658,3785.0,654,3789.0,440,3784.0,300,3790.0,583,3783.0,290,3791.0,479,3782.0,708
1597988396131081984,1597988396000000000,2020-08-21 13:39:56.000000,3787.0,3800.0,3764.0,3765.0,nan,3781.32,435295,16459896930.0,793382,3787.0,267,3786.0,60,3788.0,658,3785.0,654,3789.0,440,3784.0,299,3790.0,583,3783.0,290,3791.0,479,3782.0,708
1597988396664164096,1597988396500000000,2020-08-21 13:39:56.500000,3787.0,3800.0,3764.0,3765.0,nan,3781.32,435295,16459896930.0,793382,3787.0,267,3786.0,62,3788.0,658,3785.0,654,3789.0,440,3784.0,299,3790.0,583,3783.0,290,3791.0,479,3782.0,708
1597988397113783040,1597988397000000000,2020-08-21 13:39:57.000000,3786.0,3800.0,3764.0,3765.0,nan,3781.32,435297,16459972650.0,793380,3787.0,272,3786.0,73,3788.0,658,3785.0,654,3789.0,440,3784.0,299,3790.0,583,3783.0,290,3791.0,479,3782.0,708
1597988397619134976,1597988397500000000,2020-08-21 13:39:57.500000,3786.0,3800.0,3764.0,3765.0,nan,3781.32,435297,16459972650.0,793380,3787.0,272,3786.0,31,3788.0,658,3785.0,654,3789.0,440,3784.0,299,3790.0,583,3783.0,290,3791.0,479,3782.0,708
1597988398163983104,1597988398000000000,2020-08-21 13:39:58.000000,3787.0,3800.0,3764.0,3765.0,nan,3781.32,435316,16460692180.0,793367,3787.0,253,3786.0,39,3788.0,658,3785.0,654,3789.0,440,3784.0,299,3790.0,583,3783.0,290,3791.0,479,3782.0,708
1597988398604065024,1597988398500000000,2020-08-21 13:39:58.500000,3787.0,3800.0,3764.0,3765.0,nan,3781.32,435323,16460957270.0,793367,3787.0,249,3786.0,31,3788.0,658,3785.0,654,3789.0,440,3784.0,299,3790.0,583,3783.0,290,3791.0,479,3782.0,708
1597988399125424896,1597988399000000000,2020-08-21 13:39:59.000000,3787.0,3800.0,3764.0,3765.0,nan,3781.32,435323,16460957270.0,793367,3787.0,249,3786.0,39,3788.0,658,3785.0,654,3789.0,440,3784.0,299,3790.0,583,3783.0,290,3791.0,479,3782.0,708
1597988400133936128,1597988400000000000,2020-08-21 13:40:00.000000,3786.0,3800.0,3764.0,3765.0,nan,3781.32,435325,16461032990.0,793369,3787.0,249,3786.0,37,3788.0,658,3785.0,654,3789.0,440,3784.0,299,3790.0,583,3783.0,290,3791.0,479,3782.0,708
1597988400615003904,1597988400500000000,2020-08-21 13:40:00.500000,3786.0,3800.0,3764.0,3765.0,nan,3781.32,435327,16461108720.0,793369,3787.0,249,3786.0,91,3788.0,638,3785.0,654,3789.0,440,3784.0,299,3790.0,583,3783.0,290,3791.0,479,3782.0,709
1597988401115481088,1597988401000000000,2020-08-21 13:40:01.000000,3786.0,3800.0,3764.0,3765.0,nan,3781.32,435327,16461108720.0,793369,3787.0,199,3786.0,178,3788.0,638,3785.0,654,3789.0,440,3784.0,299,3790.0,583,3783.0,290,3791.0,479,3782.0,709
1597988401627494912,1597988401500000000,2020-08-21 13:40:01.500000,3787.0,3800.0,3764.0,3765.0,nan,3781.321,435339,16461563160.0,793357,3787.0,168,3786.0,218,3788.0,638,3785.0,654,3789.0,440,3784.0,299,3790.0,583,3783.0,290,3791.0,479,3782.0,709
1597988402147330048,1597988402000000000,2020-08-21 13:40:02.000000,3787.0,3800.0,3764.0,3765.0,nan,3781.321,435339,16461563160.0,793357,3787.0,169,3786.0,220,3788.0,638,3785.0,655,3789.0,440,3784.0,299,3790.0,583,3783.0,290,3791.0,479,3782.0,709
1597988402623880960,1597988402500000000,2020-08-21 13:40:02.500000,3787.0,3800.0,3764.0,3765.0,nan,3781.321,435339,16461563160.0,793357,3787.0,193,3786.0,220,3788.0,638,3785.0,655,3789.0,440,3784.0,299,3790.0,583,3783.0,290,3791.0,479,3782.0,709
1597988403130004992,1597988403000000000,2020-08-21 13:40:03.000000,3787.0,3800.0,3764.0,3765.0,nan,3781.321,435339,16461563160.0,793357,3787.0,193,3786.0,221,3788.0,638,3785.0,655,3789.0,440,3784.0,299,3790.0,583,3783.0,290,3791.0,479,3782.0,709
1597988403626562048,1597988403500000000,2020-08-21 13:40:03.500000,3787.0,3800.0,3764.0,3765.0,nan,3781.321,435339,16461563160.0,793357,3787.0,193,3786.0,219,3788.0,643,3785.0,655,3789.0,440,3784.0,299,3790.0,583,3783.0,290,3791.0,479,3782.0,709
1597988404154878976,1597988404000000000,2020-08-21 13:40:04.000000,3786.0,3800.0,3764.0,3765.0,nan,3781.321,435345,16461790320.0,793362,3787.0,194,3786.0,212,3788.0,643,3785.0,655,3789.0,440,3784.0,299,3790.0,583,3783.0,290,3791.0,479,3782.0,709
1597988404650595072,1597988404500000000,2020-08-21 13:40:04.500000,3786.0,3800.0,3764.0,3765.0,nan,3781.321,435345,16461790320.0,793362,3787.0,191,3786.0,137,3788.0,643,3785.0,655,3789.0,445,3784.0,299,3790.0,583,3783.0,290,3791.0,479,3782.0,709
1597988405128905984,1597988405000000000,2020-08-21 13:40:05.000000,3786.0,3800.0,3764.0,3765.0,nan,3781.321,435345,16461790320.0,793362,3787.0,237,3786.0,105,3788.0,643,3785.0,656,3789.0,445,3784.0,299,3790.0,583,3783.0,290,3791.0,479,3782.0,709
1597988405622929920,1597988405500000000,2020-08-21 13:40:05.500000,3786.0,3800.0,3764.0,3765.0,nan,3781.321,435345,16461790320.0,793362,3787.0,255,3786.0,105,3788.0,643,3785.0,656,3789.0,445,3784.0,299,3790.0,583,3783.0,290,3791.0,479,3782.0,709
1597988406131183104,1597988406000000000,2020-08-21 13:40:06.000000,3786.0,3800.0,3764.0,3765.0,nan,3781.321,435345,16461790320.0,793362,3787.0,414,3786.0,86,3788.0,642,3785.0,656,3789.0,445,3784.0,299,3790.0,583,3783.0,290,3791.0,479,3782.0,709
1597988406626230016,1597988406500000000,2020-08-21 13:40:06.500000,3786.0,3800.0,3764.0,3765.0,nan,3781.321,435346,16461828180.0,793362,3787.0,415,3786.0,85,3788.0,647,3785.0,656,3789.0,445,3784.0,299,3790.0,583,3783.0,290,3791.0,479,3782.0,709
1597988407271038976,1597988407000000000,2020-08-21 13:40:07.000000,3787.0,3800.0,3764.0,3765.0,nan,3781.321,435370,16462736880.0,793374,3787.0,409,3786.0,68,3788.0,647,3785.0,656,3789.0,445,3784.0,299,3790.0,583,3783.0,290,3791.0,479,3782.0,709
1597988407630062080,1597988407500000000,2020-08-21 13:40:07.500000,3787.0,3800.0,3764.0,3765.0,nan,3781.321,435370,16462736880.0,793374,3787.0,408,3786.0,68,3788.0,647,3785.0,656,3789.0,445,3784.0,299,3790.0,582,3783.0,290,3791.0,479,3782.0,709
1597988408136057088,1597988408000000000,2020-08-21 13:40:08.000000,3787.0,3800.0,3764.0,3765.0,nan,3781.321,435370,16462736880.0,793374,3787.0,408,3786.0,68,3788.0,647,3785.0,656,3789.0,445,3784.0,294,3790.0,582,3783.0,290,3791.0,479,3782.0,709
1597988409625579008,1597988409500000000,2020-08-21 13:40:09.500000,3787.0,3800.0,3764.0,3765.0,nan,3781.321,435370,16462736880.0,793374,3787.0,408,3786.0,69,3788.0,647,3785.0,656,3789.0,455,3784.0,294,3790.0,582,3783.0,290,3791.0,479,3782.0,709
1597988410109163008,1597988410000000000,2020-08-21 13:40:10.000000,3786.0,3800.0,3764.0,3765.0,nan,3781.321,435371,16462774740.0,793374,3787.0,409,3786.0,67,3788.0,647,3785.0,656,3789.0,455,3784.0,294,3790.0,582,3783.0,290,3791.0,479,3782.0,709
1597988411635942912,1597988411500000000,2020-08-21 13:40:11.500000,3787.0,3800.0,3764.0,3765.0,nan,3781.321,435378,16463039830.0,793374,3787.0,402,3786.0,67,3788.0,645,3785.0,656,3789.0,455,3784.0,294,3790.0,582,3783.0,290,3791.0,479,3782.0,709
1597988412111557888,1597988412000000000,2020-08-21 13:40:12.000000,3787.0,3800.0,3764.0,3765.0,nan,3781.321,435378,16463039830.0,793374,3787.0,403,3786.0,68,3788.0,645,3785.0,656,3789.0,455,3784.0,294,3790.0,582,3783.0,290,3791.0,479,3782.0,709
1597988412655812096,1597988412500000000,2020-08-21 13:40:12.500000,3786.0,3800.0,3764.0,3765.0,nan,3781.322,435447,16465652170.0,793431,3786.0,18,3785.0,656,3787.0,403,3784.0,295,3788.0,645,3783.0,290,3789.0,455,3782.0,709,3790.0,582,3781.0,441
1597988413154217984,1597988413000000000,2020-08-21 13:40:13.000000,3786.0,3800.0,3764.0,3765.0,nan,3781.322,435449,16465727890.0,793432,3786.0,303,3785.0,657,3787.0,250,3784.0,296,3788.0,645,3783.0,290,3789.0,455,3782.0,709,3790.0,582,3781.0,441
1597988413662864896,1597988413500000000,2020-08-21 13:40:13.500000,3786.0,3800.0,3764.0,3765.0,nan,3781.322,435449,16465727890.0,793432,3786.0,329,3785.0,655,3787.0,253,3784.0,296,3788.0,645,3783.0,290,3789.0,455,3782.0,709,3790.0,582,3781.0,441
1597988414122554880,1597988414000000000,2020-08-21 13:40:14.000000,3786.0,3800.0,3764.0,3765.0,nan,3781.322,435454,16465917180.0,793436,3786.0,309,3785.0,654,3787.0,253,3784.0,296,3788.0,645,3783.0,290,3789.0,455,3782.0,709,3790.0,582,3781.0,441
1597988414627442944,1597988414500000000,2020-08-21 13:40:14.500000,3786.0,3800.0,3764.0,3765.0,nan,3781.322,435455,16465955040.0,793436,3786.0,308,3785.0,654,3787.0,253,3784.0,296,3788.0,645,3783.0,290,3789.0,455,3782.0,709,3790.0,582,3781.0,441
1597988415124657920,1597988415000000000,2020-08-21 13:40:15.000000,3785.0,3800.0,3764.0,3765.0,nan,3781.322,435457,16466030740.0,793436,3786.0,309,3785.0,652,3787.0,253,3784.0,296,3788.0,645,3783.0,290,3789.0,455,3782.0,709,3790.0,582,3781.0,441
1597988415662443008,1597988415500000000,2020-08-21 13:40:15.500000,3785.0,3800.0,3764.0,3765.0,nan,3781.322,435457,16466030740.0,793436,3786.0,309,3785.0,654,3787.0,253,3784.0,296,3788.0,644,3783.0,290,3789.0,455,3782.0,709,3790.0,582,3781.0,441
1597988416135363072,1597988416000000000,2020-08-21 13:40:16.000000,3785.0,3800.0,3764.0,3765.0,nan,3781.322,435458,16466068590.0,793436,3786.0,309,3785.0,652,3787.0,253,3784.0,296,3788.0,644,3783.0,290,3789.0,455,3782.0,709,3790.0,582,3781.0,441
1597988416624838912,1597988416500000000,2020-08-21 13:40:16.500000,3785.0,3800.0,3764.0,3765.0,nan,3781.322,435458,16466068590.0,793436,3786.0,309,3785.0,653,3787.0,253,3784.0,296,3788.0,644,3783.0,290,3789.0,455,3782.0,709,3790.0,582,3781.0,441
1597988417639038976,1597988417500000000,2020-08-21 13:40:17.500000,3785.0,3800.0,3764.0,3765.0,nan,3781.322,435460,16466144300.0,793437,3786.0,308,3785.0,652,3787.0,253,3784.0,296,3788.0,644,3783.0,290,3789.0,455,3782.0,709,3790.0,592,3781.0,441
1597988418138176000,1597988418000000000,2020-08-21 13:40:18.000000,3786.0,3800.0,3764.0,3765.0,nan,3781.322,435462,16466220010.0,793437,3786.0,307,3785.0,651,3787.0,253,3784.0,296,3788.0,644,3783.0,290,3789.0,455,3782.0,709,3790.0,592,3781.0,441
1597988418625868032,1597988418500000000,2020-08-21 13:40:18.500000,3786.0,3800.0,3764.0,3765.0,nan,3781.322,435470,16466522890.0,793437,3786.0,299,3785.0,651,3787.0,253,3784.0,296,3788.0,644,3783.0,290,3789.0,455,3782.0,709,3790.0,592,3781.0,441
1597988420113757952,1597988420000000000,2020-08-21 13:40:20.000000,3786.0,3800.0,3764.0,3765.0,nan,3781.322,435470,16466522890.0,793437,3786.0,300,3785.0,651,3787.0,253,3784.0,297,3788.0,644,3783.0,290,3789.0,455,3782.0,709,3790.0,591,3781.0,441
1597988420678703104,1597988420500000000,2020-08-21 13:40:20.500000,3786.0,3800.0,3764.0,3765.0,nan,3781.322,435472,16466598600.0,793436,3786.0,299,3785.0,650,3787.0,253,3784.0,297,3788.0,644,3783.0,290,3789.0,455,3782.0,709,3790.0,591,3781.0,441
1597988421630618880,1597988421500000000,2020-08-21 13:40:21.500000,3786.0,3800.0,3764.0,3765.0,nan,3781.322,435474,16466674310.0,793437,3786.0,298,3785.0,649,3787.0,253,3784.0,297,3788.0,645,3783.0,290,3789.0,455,3782.0,709,3790.0,591,3781.0,441
1597988422114322944,1597988422000000000,2020-08-21 13:40:22.000000,3786.0,3800.0,3764.0,3765.0,nan,3781.322,435474,16466674310.0,793437,3786.0,298,3785.0,648,3787.0,253,3784.0,297,3788.0,645,3783.0,290,3789.0,455,3782.0,709,3790.0,591,3781.0,441
1597988422633188096,1597988422500000000,2020-08-21 13:40:22.500000,3786.0,3800.0,3764.0,3765.0,nan,3781.322,435475,16466712170.0,793438,3786.0,300,3785.0,648,3787.0,253,3784.0,297,3788.0,630,3783.0,287,3789.0,455,3782.0,709,3790.0,591,3781.0,441
1597988423122354944,1597988423000000000,2020-08-21 13:40:23.000000,3785.0,3800.0,3764.0,3765.0,nan,3781.322,435477,16466787880.0,793437,3786.0,299,3785.0,647,3787.0,253,3784.0,297,3788.0,630,3783.0,287,3789.0,455,3782.0,709,3790.0,591,3781.0,441
1597988424160751104,1597988424000000000,2020-08-21 13:40:24.000000,3785.0,3800.0,3764.0,3765.0,nan,3781.322,435479,16466863580.0,793437,3786.0,299,3785.0,647,3787.0,253,3784.0,297,3788.0,630,3783.0,287,3789.0,455,3782.0,709,3790.0,591,3781.0,441
1597988424635845888,1597988424500000000,2020-08-21 13:40:24.500000,3785.0,3800.0,3764.0,3765.0,nan,3781.322,435484,16467052830.0,793432,3786.0,299,3785.0,642,3787.0,253,3784.0,297,3788.0,630,3783.0,287,3789.0,455,3782.0,709,3790.0,591,3781.0,441
1597988425139461120,1597988425000000000,2020-08-21 13:40:25.000000,3785.0,3800.0,3764.0,3765.0,nan,3781.322,435497,16467544880.0,793424,3786.0,303,3785.0,629,3787.0,253,3784.0,297,3788.0,630,3783.0,287,3789.0,455,3782.0,709,3790.0,591,3781.0,441
1597988425615912960,1597988425500000000,2020-08-21 13:40:25.500000,3786.0,3800.0,3764.0,3765.0,nan,3781.322,435507,16467923480.0,793420,3786.0,293,3785.0,629,3787.0,253,3784.0,304,3788.0,630,3783.0,287,3789.0,455,3782.0,709,3790.0,591,3781.0,441
1597988426135747072,1597988426000000000,2020-08-21 13:40:26.000000,3786.0,3800.0,3764.0,3765.0,nan,3781.322,435512,16468112780.0,793415,3786.0,288,3785.0,629,3787.0,253,3784.0,304,3788.0,630,3783.0,287,3789.0,455,3782.0,709,3790.0,591,3781.0,441
1597988426744904960,1597988426500000000,2020-08-21 13:40:26.500000,3785.0,3800.0,3764.0,3765.0,nan,3781.322,435513,16468150630.0,793414,3786.0,269,3785.0,628,3787.0,253,3784.0,304,3788.0,615,3783.0,288,3789.0,455,3782.0,709,3790.0,591,3781.0,441
1597988427160598016,1597988427000000000,2020-08-21 13:40:27.000000,3785.0,3800.0,3764.0,3765.0,nan,3781.322,435514,16468188480.0,793414,3786.0,269,3785.0,627,3787.0,253,3784.0,304,3788.0,615,3783.0,288,3789.0,455,3782.0,709,3790.0,591,3781.0,441
1597988427618241024,1597988427500000000,2020-08-21 13:40:27.500000,3785.0,3800.0,3764.0,3765.0,nan,3781.322,435514,16468188480.0,793414,3786.0,269,3785.0,628,3787.0,257,3784.0,304,3788.0,615,3783.0,388,3789.0,455,3782.0,709,3790.0,591,3781.0,441
1597988428118977024,1597988428000000000,2020-08-21 13:40:28.000000,3785.0,3800.0,3764.0,3765.0,nan,3781.323,435530,16468794230.0,793414,3786.0,254,3785.0,627,3787.0,257,3784.0,304,3788.0,616,3783.0,388,3789.0,455,3782.0,709,3790.0,591,3781.0,441
1597988428606530048,1597988428500000000,2020-08-21 13:40:28.500000,3785.0,3800.0,3764.0,3765.0,nan,3781.323,435530,16468794230.0,793414,3786.0,230,3785.0,634,3787.0,257,3784.0,306,3788.0,616,3783.0,388,3789.0,455,3782.0,710,3790.0,591,3781.0,441
1597988429123377920,1597988429000000000,2020-08-21 13:40:29.000000,3785.0,3800.0,3764.0,3765.0,nan,3781.323,435533,16468907780.0,793411,3786.0,229,3785.0,632,3787.0,257,3784.0,306,3788.0,616,3783.0,388,3789.0,455,3782.0,710,3790.0,591,3781.0,441
1597988429622238976,1597988429500000000,2020-08-21 13:40:29.500000,3785.0,3800.0,3764.0,3765.0,nan,3781.323,435533,16468907780.0,793411,3786.0,229,3785.0,632,3787.0,255,3784.0,306,3788.0,616,3783.0,388,3789.0,455,3782.0,710,3790.0,591,3781.0,441
1597988430136005888,1597988430000000000,2020-08-21 13:40:30.000000,3785.0,3800.0,3764.0,3765.0,nan,3781.323,435533,16468907780.0,793411,3786.0,230,3785.0,638,3787.0,255,3784.0,306,3788.0,616,3783.0,388,3789.0,456,3782.0,710,3790.0,591,3781.0,441
1597988431109187072,1597988431000000000,2020-08-21 13:40:31.000000,3785.0,3800.0,3764.0,3765.0,nan,3781.323,435535,16468983480.0,793409,3786.0,231,3785.0,636,3787.0,255,3784.0,306,3788.0,616,3783.0,388,3789.0,456,3782.0,710,3790.0,591,3781.0,442
1597988431632747008,1597988431500000000,2020-08-21 13:40:31.500000,3785.0,3800.0,3764.0,3765.0,nan,3781.323,435535,16468983480.0,793409,3786.0,238,3785.0,636,3787.0,255,3784.0,306,3788.0,616,3783.0,387,3789.0,456,3782.0,710,3790.0,591,3781.0,442
1597988432125790976,1597988432000000000,2020-08-21 13:40:32.000000,3785.0,3800.0,3764.0,3765.0,nan,3781.323,435535,16468983480.0,793409,3786.0,238,3785.0,636,3787.0,255,3784.0,306,3788.0,611,3783.0,387,3789.0,456,3782.0,710,3790.0,591,3781.0,442
1597988432612880896,1597988432500000000,2020-08-21 13:40:32.500000,3786.0,3800.0,3764.0,3765.0,nan,3781.323,435536,16469021340.0,793410,3786.0,238,3785.0,636,3787.0,255,3784.0,306,3788.0,611,3783.0,387,3789.0,456,3782.0,710,3790.0,591,3781.0,442
1597988433114515968,1597988433000000000,2020-08-21 13:40:33.000000,3785.0,3800.0,3764.0,3765.0,nan,3781.324,435641,16472996590.0,793435,3786.0,138,3785.0,631,3787.0,255,3784.0,306,3788.0,611,3783.0,387,3789.0,456,3782.0,710,3790.0,591,3781.0,442
1597988433795698944,1597988433500000000,2020-08-21 13:40:33.500000,3785.0,3800.0,3764.0,3765.0,nan,3781.324,435641,16472996590.0,793435,3786.0,129,3785.0,632,3787.0,255,3784.0,306,3788.0,611,3783.0,387,3789.0,456,3782.0,710,3790.0,591,3781.0,442
1597988434114408960,1597988434000000000,2020-08-21 13:40:34.000000,3785.0,3800.0,3764.0,3765.0,nan,3781.324,435642,16473034440.0,793436,3786.0,129,3785.0,632,3787.0,255,3784.0,306,3788.0,611,3783.0,387,3789.0,456,3782.0,710,3790.0,591,3781.0,442
1597988434624440064,1597988434500000000,2020-08-21 13:40:34.500000,3786.0,3800.0,3764.0,3765.0,nan,3781.324,435643,16473072300.0,793436,3786.0,129,3785.0,632,3787.0,255,3784.0,306,3788.0,611,3783.0,387,3789.0,456,3782.0,710,3790.0,591,3781.0,442
1597988435111651072,1597988435000000000,2020-08-21 13:40:35.000000,3785.0,3800.0,3764.0,3765.0,nan,3781.324,435654,16473488650.0,793441,3786.0,135,3785.0,621,3787.0,256,3784.0,306,3788.0,611,3783.0,387,3789.0,456,3782.0,710,3790.0,591,3781.0,442
1597988435619621120,1597988435500000000,2020-08-21 13:40:35.500000,3785.0,3800.0,3764.0,3765.0,nan,3781.324,435654,16473488650.0,793441,3786.0,146,3785.0,619,3787.0,256,3784.0,306,3788.0,611,3783.0,387,3789.0,456,3782.0,710,3790.0,591,3781.0,442
1597988436132555008,1597988436000000000,2020-08-21 13:40:36.000000,3785.0,3800.0,3764.0,3765.0,nan,3781.324,435654,16473488650.0,793441,3786.0,152,3785.0,619,3787.0,256,3784.0,306,3788.0,611,3783.0,387,3789.0,456,3782.0,710,3790.0,591,3781.0,447
1597988436602572032,1597988436500000000,2020-08-21 13:40:36.500000,3785.0,3800.0,3764.0,3765.0,nan,3781.324,435654,16473488650.0,793441,3786.0,145,3785.0,619,3787.0,255,3784.0,306,3788.0,611,3783.0,387,3789.0,456,3782.0,710,3790.0,591,3781.0,447
1597988437109797888,1597988437000000000,2020-08-21 13:40:37.000000,3786.0,3800.0,3764.0,3765.0,nan,3781.325,435800,16479016210.0,793308,3787.0,255,3786.0,289,3788.0,611,3785.0,620,3789.0,457,3784.0,306,3790.0,591,3783.0,387,3791.0,484,3782.0,710
1597988437615608064,1597988437500000000,2020-08-21 13:40:37.500000,3786.0,3800.0,3764.0,3765.0,nan,3781.325,435800,16479016210.0,793308,3787.0,210,3786.0,303,3788.0,611,3785.0,619,3789.0,462,3784.0,311,3790.0,586,3783.0,387,3791.0,484,3782.0,710
1597988438122505984,1597988438000000000,2020-08-21 13:40:38.000000,3786.0,3800.0,3764.0,3765.0,nan,3781.325,435800,16479016210.0,793308,3787.0,193,3786.0,303,3788.0,611,3785.0,619,3789.0,462,3784.0,311,3790.0,586,3783.0,387,3791.0,484,3782.0,710
1597988438619066112,1597988438500000000,2020-08-21 13:40:38.500000,3786.0,3800.0,3764.0,3765.0,nan,3781.325,435800,16479016210.0,793308,3787.0,189,3786.0,303,3788.0,611,3785.0,619,3789.0,462,3784.0,311,3790.0,586,3783.0,587,3791.0,484,3782.0,710
1597988439117564928,1597988439000000000,2020-08-21 13:40:39.000000,3786.0,3800.0,3764.0,3765.0,nan,3781.325,435802,16479091930.0,793306,3787.0,189,3786.0,301,3788.0,611,3785.0,619,3789.0,463,3784.0,311,3790.0,586,3783.0,588,3791.0,484,3782.0,710
1597988439636854016,1597988439500000000,2020-08-21 13:40:39.500000,3786.0,3800.0,3764.0,3765.0,nan,3781.325,435802,16479091930.0,793306,3787.0,185,3786.0,301,3788.0,611,3785.0,619,3789.0,463,3784.0,311,3790.0,586,3783.0,588,3791.0,484,3782.0,710
1597988440632827904,1597988440500000000,2020-08-21 13:40:40.500000,3786.0,3800.0,3764.0,3765.0,nan,3781.325,435803,16479129790.0,793305,3787.0,185,3786.0,300,3788.0,611,3785.0,623,3789.0,463,3784.0,311,3790.0,587,3783.0,588,3791.0,484,3782.0,710
1597988441618877952,1597988441500000000,2020-08-21 13:40:41.500000,3786.0,3800.0,3764.0,3765.0,nan,3781.326,435809,16479356950.0,793305,3787.0,186,3786.0,294,3788.0,611,3785.0,623,3789.0,463,3784.0,311,3790.0,587,3783.0,588,3791.0,484,3782.0,710
1597988442123933952,1597988442000000000,2020-08-21 13:40:42.000000,3786.0,3800.0,3764.0,3765.0,nan,3781.326,435816,16479622010.0,793305,3787.0,182,3786.0,291,3788.0,611,3785.0,622,3789.0,463,3784.0,311,3790.0,587,3783.0,588,3791.0,484,3782.0,710
1597988442623411968,1597988442500000000,2020-08-21 13:40:42.500000,3786.0,3800.0,3764.0,3765.0,nan,3781.326,435816,16479622010.0,793305,3787.0,183,3786.0,292,3788.0,611,3785.0,622,3789.0,463,3784.0,311,3790.0,587,3783.0,588,3791.0,484,3782.0,710
1597988443619684096,1597988443500000000,2020-08-21 13:40:43.500000,3786.0,3800.0,3764.0,3765.0,nan,3781.326,435816,16479622010.0,793305,3787.0,183,3786.0,293,3788.0,611,3785.0,622,3789.0,463,3784.0,311,3790.0,587,3783.0,588,3791.0,484,3782.0,710
1597988444120931072,1597988444000000000,2020-08-21 13:40:44.000000,3786.0,3800.0,3764.0,3765.0,nan,3781.326,435817,16479659870.0,793305,3787.0,183,3786.0,292,3788.0,611,3785.0,622,3789.0,463,3784.0,311,3790.0,587,3783.0,588,3791.0,484,3782.0,710
1597988445129944064,1597988445000000000,2020-08-21 13:40:45.000000,3786.0,3800.0,3764.0,3765.0,nan,3781.326,435817,16479659870.0,793305,3787.0,182,3786.0,292,3788.0,612,3785.0,622,3789.0,463,3784.0,311,3790.0,585,3783.0,588,3791.0,484,3782.0,710
1597988445625242112,1597988445500000000,2020-08-21 13:40:45.500000,3786.0,3800.0,3764.0,3765.0,nan,3781.326,435817,16479659870.0,793305,3787.0,183,3786.0,294,3788.0,612,3785.0,622,3789.0,463,3784.0,311,3790.0,585,3783.0,588,3791.0,484,3782.0,709
1597988446606163968,1597988446500000000,2020-08-21 13:40:46.500000,3786.0,3800.0,3764.0,3765.0,nan,3781.326,435830,16480152060.0,793306,3787.0,182,3786.0,282,3788.0,612,3785.0,622,3789.0,463,3784.0,311,3790.0,585,3783.0,588,3791.0,484,3782.0,709
1597988447106477056,1597988447000000000,2020-08-21 13:40:47.000000,3787.0,3800.0,3764.0,3765.0,nan,3781.326,435831,16480189930.0,793307,3787.0,181,3786.0,283,3788.0,612,3785.0,622,3789.0,463,3784.0,311,3790.0,585,3783.0,588,3791.0,484,3782.0,709
1597988448110370048,1597988448000000000,2020-08-21 13:40:48.000000,3786.0,3800.0,3764.0,3765.0,nan,3781.326,435832,16480227790.0,793306,3787.0,181,3786.0,282,3788.0,612,3785.0,622,3789.0,463,3784.0,311,3790.0,585,3783.0,588,3791.0,484,3782.0,709
1597988448621498880,1597988448500000000,2020-08-21 13:40:48.500000,3786.0,3800.0,3764.0,3765.0,nan,3781.326,435833,16480265650.0,793306,3787.0,181,3786.0,281,3788.0,612,3785.0,622,3789.0,463,3784.0,311,3790.0,585,3783.0,588,3791.0,484,3782.0,709
1597988449615544064,1597988449500000000,2020-08-21 13:40:49.500000,3787.0,3800.0,3764.0,3765.0,nan,3781.326,435853,16481023050.0,793320,3787.0,161,3786.0,281,3788.0,612,3785.0,622,3789.0,463,3784.0,311,3790.0,585,3783.0,588,3791.0,484,3782.0,709
1597988450110128128,1597988450000000000,2020-08-21 13:40:50.000000,3787.0,3800.0,3764.0,3765.0,nan,3781.326,435853,16481023050.0,793320,3787.0,202,3786.0,289,3788.0,612,3785.0,622,3789.0,463,3784.0,311,3790.0,585,3783.0,588,3791.0,484,3782.0,709
1597988450601499904,1597988450500000000,2020-08-21 13:40:50.500000,3787.0,3800.0,3764.0,3765.0,nan,3781.326,435853,16481023050.0,793320,3787.0,218,3786.0,289,3788.0,612,3785.0,622,3789.0,463,3784.0,311,3790.0,585,3783.0,588,3791.0,484,3782.0,709
1597988451611021056,1597988451500000000,2020-08-21 13:40:51.500000,3786.0,3800.0,3764.0,3765.0,nan,3781.326,435854,16481060910.0,793320,3787.0,218,3786.0,288,3788.0,612,3785.0,619,3789.0,463,3784.0,310,3790.0,585,3783.0,588,3791.0,484,3782.0,709
1597988452624897024,1597988452500000000,2020-08-21 13:40:52.500000,3786.0,3800.0,3764.0,3765.0,nan,3781.326,435860,16481288070.0,793314,3787.0,203,3786.0,282,3788.0,612,3785.0,619,3789.0,463,3784.0,310,3790.0,585,3783.0,588,3791.0,484,3782.0,709
1597988453137800960,1597988453000000000,2020-08-21 13:40:53.000000,3786.0,3800.0,3764.0,3765.0,nan,3781.326,435860,16481288070.0,793314,3787.0,211,3786.0,282,3788.0,612,3785.0,619,3789.0,463,3784.0,310,3790.0,585,3783.0,588,3791.0,484,3782.0,709
1597988453625020928,1597988453500000000,2020-08-21 13:40:53.500000,3786.0,3800.0,3764.0,3765.0,nan,3781.326,435860,16481288070.0,793314,3787.0,220,3786.0,274,3788.0,612,3785.0,619,3789.0,463,3784.0,310,3790.0,585,3783.0,588,3791.0,484,3782.0,709
1597988454110673920,1597988454000000000,2020-08-21 13:40:54.000000,3786.0,3800.0,3764.0,3765.0,nan,3781.326,435861,16481325930.0,793314,3787.0,224,3786.0,273,3788.0,612,3785.0,619,3789.0,463,3784.0,310,3790.0,582,3783.0,588,3791.0,484,3782.0,709
1597988454621765888,1597988454500000000,2020-08-21 13:40:54.500000,3786.0,3800.0,3764.0,3765.0,nan,3781.326,435861,16481325930.0,793314,3787.0,224,3786.0,278,3788.0,612,3785.0,619,3789.0,463,3784.0,310,3790.0,582,3783.0,588,3791.0,484,3782.0,709
1597988455121785088,1597988455000000000,2020-08-21 13:40:55.000000,3787.0,3800.0,3764.0,3765.0,nan,3781.326,435862,16481363800.0,793313,3787.0,223,3786.0,278,3788.0,612,3785.0,619,3789.0,463,3784.0,310,3790.0,582,3783.0,588,3791.0,484,3782.0,709
1597988455615858944,1597988455500000000,2020-08-21 13:40:55.500000,3786.0,3800.0,3764.0,3765.0,nan,3781.326,435863,16481401660.0,793312,3787.0,224,3786.0,278,3788.0,612,3785.0,619,3789.0,463,3784.0,310,3790.0,582,3783.0,588,3791.0,484,3782.0,709
1597988457112128000,1597988457000000000,2020-08-21 13:40:57.000000,3786.0,3800.0,3764.0,3765.0,nan,3781.326,435864,16481439520.0,793312,3787.0,234,3786.0,277,3788.0,612,3785.0,619,3789.0,463,3784.0,310,3790.0,582,3783.0,588,3791.0,484,3782.0,709
1597988457600148992,1597988457500000000,2020-08-21 13:40:57.500000,3786.0,3800.0,3764.0,3765.0,nan,3781.326,435889,16482386020.0,793312,3787.0,249,3786.0,252,3788.0,612,3785.0,619,3789.0,463,3784.0,310,3790.0,582,3783.0,588,3791.0,484,3782.0,709
1597988458111298048,1597988458000000000,2020-08-21 13:40:58.000000,3786.0,3800.0,3764.0,3765.0,nan,3781.326,435890,16482423880.0,793311,3787.0,257,3786.0,251,3788.0,612,3785.0,619,3789.0,463,3784.0,310,3790.0,582,3783.0,588,3791.0,484,3782.0,709
1597988458613202944,1597988458500000000,2020-08-21 13:40:58.500000,3786.0,3800.0,3764.0,3765.0,nan,3781.326,435890,16482423880.0,793311,3787.0,249,3786.0,251,3788.0,612,3785.0,619,3789.0,463,3784.0,310,3790.0,582,3783.0,588,3791.0,484,3782.0,709
1597988459621893888,1597988459500000000,2020-08-21 13:40:59.500000,3786.0,3800.0,3764.0,3765.0,nan,3781.326,435890,16482423880.0,793311,3787.0,249,3786.0,251,3788.0,612,3785.0,619,3789.0,463,3784.0,310,3790.0,577,3783.0,588,3791.0,484,3782.0,709
1597988460128612096,1597988460000000000,2020-08-21 13:41:00.000000,3786.0,3800.0,3764.0,3765.0,nan,3781.326,435890,16482423880.0,793311,3787.0,252,3786.0,251,3788.0,612,3785.0,619,3789.0,463,3784.0,310,3790.0,577,3783.0,588,3791.0,484,3782.0,709
1597988461299784960,1597988461000000000,2020-08-21 13:41:01.000000,3786.0,3800.0,3764.0,3765.0,nan,3781.326,435893,16482537460.0,793308,3787.0,252,3786.0,248,3788.0,612,3785.0,619,3789.0,463,3784.0,310,3790.0,577,3783.0,588,3791.0,484,3782.0,709
1597988461621669888,1597988461500000000,2020-08-21 13:41:01.500000,3787.0,3800.0,3764.0,3765.0,nan,3781.328,436004,16486740920.0,793323,3787.0,162,3786.0,237,3788.0,612,3785.0,619,3789.0,463,3784.0,310,3790.0,577,3783.0,588,3791.0,484,3782.0,714
1597988462133641984,1597988462000000000,2020-08-21 13:41:02.000000,3786.0,3800.0,3764.0,3765.0,nan,3781.328,436006,16486816650.0,793323,3787.0,167,3786.0,244,3788.0,612,3785.0,619,3789.0,463,3784.0,310,3790.0,577,3783.0,588,3791.0,484,3782.0,714
1597988462621945088,1597988462500000000,2020-08-21 13:41:02.500000,3786.0,3800.0,3764.0,3765.0,nan,3781.328,436009,16486930230.0,793321,3787.0,167,3786.0,241,3788.0,612,3785.0,619,3789.0,463,3784.0,310,3790.0,577,3783.0,588,3791.0,484,3782.0,714
