local_nano_time,quote_nano_time,datetime,last_price,highest,lowest,open,close,average,volume,amount,open_interest,ask_price1,ask_volume1,bid_price1,bid_volume1,ask_price2,ask_volume2,bid_price2,bid_volume2,ask_price3,ask_volume3,bid_price3,bid_volume3,ask_price4,ask_volume4,bid_price4,bid_volume4,ask_price5,ask_volume5,bid_price5,bid_volume5
1597988230244559104,1597988230713999872,2020-08-21 13:37:10.714000,19765.0,19840.0,19695.0,19820.0,nan,19765.0,3800,375535000.0,7457,19770.0,7,19760.0,5,nan,0,nan,0,nan,0,nan,0,nan,0,nan,0,nan,0,nan,0
1597988230695962880,1597988231226000128,2020-08-21 13:37:11.226000,19765.0,19840.0,19695.0,19820.0,nan,19765.0,3800,375535000.0,7457,19770.0,7,19760.0,15,nan,0,nan,0,nan,0,nan,0,nan,0,nan,0,nan,0,nan,0
1597988231192986880,1597988231734999808,2020-08-21 13:37:11.735000,19765.0,19840.0,19695.0,19820.0,nan,19765.0,3800,375535000.0,7457,19770.0,7,19765.0,1,nan,0,nan,0,nan,0,nan,0,nan,0,nan,0,nan,0,nan,0
1597988257704218112,1597988258237999872,2020-08-21 13:37:38.238000,19770.0,19840.0,19695.0,19820.0,nan,19765.0,3805,376029125.0,7461,19770.0,1,19765.0,4,nan,0,nan,0,nan,0,nan,0,nan,0,nan,0,nan,0,nan,0
1597988258205649920,1597988258734999808,2020-08-21 13:37:38.735000,19770.0,19840.0,19695.0,19820.0,nan,19765.0,3806,376127950.0,7461,19775.0,21,19765.0,4,nan,0,nan,0,nan,0,nan,0,nan,0,nan,0,nan,0,nan,0
1597988258709657088,1597988259240000000,2020-08-21 13:37:39.240000,19770.0,19840.0,19695.0,19820.0,nan,19765.0,3806,376127950.0,7461,19775.0,1,19765.0,4,nan,0,nan,0,nan,0,nan,0,nan,0,nan,0,nan,0,nan,0
1597988272724908032,1597988273233999872,2020-08-21 13:37:53.234000,19770.0,19840.0,19695.0,19820.0,nan,19765.0,3806,376127950.0,7461,19775.0,1,19765.0,5,nan,0,nan,0,nan,0,nan,0,nan,0,nan,0,nan,0,nan,0
1597988335740076032,1597988336194000128,2020-08-21 13:38:56.194000,19765.0,19840.0,19695.0,19820.0,nan,19765.0,3807,376226775.0,7460,19775.0,1,19765.0,4,nan,0,nan,0,nan,0,nan,0,nan,0,nan,0,nan,0,nan,0
1597988336239676928,1597988336742000128,2020-08-21 13:38:56.742000,19765.0,19840.0,19695.0,19820.0,nan,19765.0,3807,376226775.0,7460,19775.0,1,19765.0,1,nan,0,nan,0,nan,0,nan,0,nan,0,nan,0,nan,0,nan,0
1597988339368115968,1597988339732000000,2020-08-21 13:38:59.732000,19765.0,19840.0,19695.0,19820.0,nan,19765.0,3807,376226775.0,7460,19775.0,2,19760.0,102,nan,0,nan,0,nan,0,nan,0,nan,0,nan,0,nan,0,nan,0
1597988339749928960,1597988340240999936,2020-08-21 13:39:00.241000,19765.0,19840.0,19695.0,19820.0,nan,19765.0,3807,376226775.0,7460,19775.0,12,19760.0,122,nan,0,nan,0,nan,0,nan,0,nan,0,nan,0,nan,0,nan,0
1597988340245723904,1597988340736999936,2020-08-21 13:39:00.737000,19765.0,19840.0,19695.0,19820.0,nan,19765.0,3807,376226775.0,7460,19775.0,12,19760.0,112,nan,0,nan,0,nan,0,nan,0,nan,0,nan,0,nan,0,nan,0
1597988341250685952,1597988341742000128,2020-08-21 13:39:01.742000,19765.0,19840.0,19695.0,19820.0,nan,19765.0,3807,376226775.0,7460,19775.0,12,19760.0,122,nan,0,nan,0,nan,0,nan,0,nan,0,nan,0,nan,0,nan,0
1597988345758939904,1597988346233999872,2020-08-21 13:39:06.234000,19765.0,19840.0,19695.0,19820.0,nan,19765.0,3807,376226775.0,7460,19775.0,12,19760.0,132,nan,0,nan,0,nan,0,nan,0,nan,0,nan,0,nan,0,nan,0
1597988350889004032,1597988351211000064,2020-08-21 13:39:11.211000,19765.0,19840.0,19695.0,19820.0,nan,19765.0,3807,376226775.0,7460,19775.0,12,19760.0,132,nan,0,nan,0,nan,0,nan,0,nan,0,nan,0,nan,0,nan,0
1597988357247156992,1597988357663000064,2020-08-21 13:39:17.663000,19765.0,19840.0,19695.0,19820.0,nan,19765.0,3807,376226775.0,7460,19775.0,12,19760.0,132,nan,0,nan,0,nan,0,nan,0,nan,0,nan,0,nan,0,nan,0
1597988362775378944,1597988363240999936,2020-08-21 13:39:23.241000,19765.0,19840.0,19695.0,19820.0,nan,19765.0,3807,376226775.0,7460,19775.0,12,19760.0,122,nan,0,nan,0,nan,0,nan,0,nan,0,nan,0,nan,0,nan,0
1597988363250876928,1597988363716000000,2020-08-21 13:39:23.716000,19765.0,19840.0,19695.0,19820.0,nan,19765.0,3807,376226775.0,7460,19775.0,12,19760.0,132,nan,0,nan,0,nan,0,nan,0,nan,0,nan,0,nan,0,nan,0
1597988368751098112,1597988369236999936,2020-08-21 13:39:29.237000,19765.0,19840.0,19695.0,19820.0,nan,19765.0,3807,376226775.0,7460,19775.0,12,19760.0,122,nan,0,nan,0,nan,0,nan,0,nan,0,nan,0,nan,0,nan,0
1597988369255108096,1597988369731000064,2020-08-21 13:39:29.731000,19765.0,19840.0,19695.0,19820.0,nan,19765.0,3807,376226775.0,7460,19775.0,12,19760.0,132,nan,0,nan,0,nan,0,nan,0,nan,0,nan,0,nan,0,nan,0
1597988374770330112,1597988375244000000,2020-08-21 13:39:35.244000,19765.0,19840.0,19695.0,19820.0,nan,19765.0,3807,376226775.0,7460,19775.0,12,19760.0,122,nan,0,nan,0,nan,0,nan,0,nan,0,nan,0,nan,0,nan,0
1597988375255396096,1597988375732000000,2020-08-21 13:39:35.732000,19765.0,19840.0,19695.0,19820.0,nan,19765.0,3807,376226775.0,7460,19775.0,12,19760.0,132,nan,0,nan,0,nan,0,nan,0,nan,0,nan,0,nan,0,nan,0
1597988379750010880,1597988380232999936,2020-08-21 13:39:40.233000,19765.0,19840.0,19695.0,19820.0,nan,19765.0,3807,376226775.0,7460,19775.0,12,19760.0,132,nan,0,nan,0,nan,0,nan,0,nan,0,nan,0,nan,0,nan,0
1597988380759629056,1597988381234999808,2020-08-21 13:39:41.235000,19765.0,19840.0,19695.0,19820.0,nan,19765.0,3807,376226775.0,7460,19775.0,12,19760.0,132,nan,0,nan,0,nan,0,nan,0,nan,0,nan,0,nan,0,nan,0
1597988384755058944,1597988385243000064,2020-08-21 13:39:45.243000,19765.0,19840.0,19695.0,19820.0,nan,19765.0,3807,376226775.0,7460,19775.0,12,19760.0,122,nan,0,nan,0,nan,0,nan,0,nan,0,nan,0,nan,0,nan,0
1597988385259458048,1597988385733999872,2020-08-21 13:39:45.734000,19775.0,19840.0,19695.0,19820.0,nan,19765.0,3808,376325600.0,7459,19775.0,11,19760.0,132,nan,0,nan,0,nan,0,nan,0,nan,0,nan,0,nan,0,nan,0
1597988387256530944,1597988387728000000,2020-08-21 13:39:47.728000,19775.0,19840.0,19695.0,19820.0,nan,19765.0,3808,376325600.0,7459,19775.0,11,19760.0,132,nan,0,nan,0,nan,0,nan,0,nan,0,nan,0,nan,0,nan,0
1597988390766544896,1597988391240999936,2020-08-21 13:39:51.241000,19775.0,19840.0,19695.0,19820.0,nan,19765.0,3808,376325600.0,7459,19775.0,11,19760.0,132,nan,0,nan,0,nan,0,nan,0,nan,0,nan,0,nan,0,nan,0
1597988392760301056,1597988393233999872,2020-08-21 13:39:53.234000,19775.0,19840.0,19695.0,19820.0,nan,19765.0,3808,376325600.0,7459,19775.0,11,19760.0,122,nan,0,nan,0,nan,0,nan,0,nan,0,nan,0,nan,0,nan,0
1597988393259812096,1597988393729000192,2020-08-21 13:39:53.729000,19775.0,19840.0,19695.0,19820.0,nan,19765.0,3808,376325600.0,7459,19775.0,11,19760.0,132,nan,0,nan,0,nan,0,nan,0,nan,0,nan,0,nan,0,nan,0
1597988398764357120,1597988399239000064,2020-08-21 13:39:59.239000,19775.0,19840.0,19695.0,19820.0,nan,19765.0,3808,376325600.0,7459,19775.0,11,19760.0,132,nan,0,nan,0,nan,0,nan,0,nan,0,nan,0,nan,0,nan,0
1597988403765805056,1597988404240000000,2020-08-21 13:40:04.240000,19775.0,19840.0,19695.0,19820.0,nan,19765.0,3808,376325600.0,7459,19775.0,11,19770.0,1,nan,0,nan,0,nan,0,nan,0,nan,0,nan,0,nan,0,nan,0
1597988404270149120,1597988404734999808,2020-08-21 13:40:04.735000,19775.0,19840.0,19695.0,19820.0,nan,19765.0,3808,376325600.0,7459,19775.0,1,19770.0,2,nan,0,nan,0,nan,0,nan,0,nan,0,nan,0,nan,0,nan,0
1597988406271292928,1597988406744999936,2020-08-21 13:40:06.745000,19770.0,19840.0,19695.0,19820.0,nan,19765.0,3810,376523250.0,7460,19780.0,40,19765.0,100,nan,0,nan,0,nan,0,nan,0,nan,0,nan,0,nan,0,nan,0
1597988406771225088,1597988407236999936,2020-08-21 13:40:07.237000,19770.0,19840.0,19695.0,19820.0,nan,19765.0,3810,376523250.0,7460,19780.0,10,19765.0,130,nan,0,nan,0,nan,0,nan,0,nan,0,nan,0,nan,0,nan,0
1597988411774529024,1597988412224999936,2020-08-21 13:40:12.225000,19770.0,19840.0,19695.0,19820.0,nan,19765.0,3810,376523250.0,7460,19780.0,10,19765.0,120,nan,0,nan,0,nan,0,nan,0,nan,0,nan,0,nan,0,nan,0
1597988412270002944,1597988412708000000,2020-08-21 13:40:12.708000,19770.0,19840.0,19695.0,19820.0,nan,19765.0,3810,376523250.0,7460,19780.0,10,19765.0,130,nan,0,nan,0,nan,0,nan,0,nan,0,nan,0,nan,0,nan,0
1597988414269626112,1597988414728000000,2020-08-21 13:40:14.728000,19770.0,19840.0,19695.0,19820.0,nan,19765.0,3810,376523250.0,7460,19780.0,20,19765.0,131,nan,0,nan,0,nan,0,nan,0,nan,0,nan,0,nan,0,nan,0
1597988417786711040,1597988418243000064,2020-08-21 13:40:18.243000,19765.0,19840.0,19695.0,19820.0,nan,19765.0,3813,376819725.0,7461,19780.0,20,19765.0,110,nan,0,nan,0,nan,0,nan,0,nan,0,nan,0,nan,0,nan,0
1597988418273846016,1597988418734999808,2020-08-21 13:40:18.735000,19765.0,19840.0,19695.0,19820.0,nan,19765.0,3815,377017375.0,7461,19780.0,21,19765.0,51,nan,0,nan,0,nan,0,nan,0,nan,0,nan,0,nan,0,nan,0
1597988419277529088,1597988419665999872,2020-08-21 13:40:19.666000,19765.0,19840.0,19695.0,19820.0,nan,19765.0,3815,377017375.0,7461,19780.0,21,19765.0,71,nan,0,nan,0,nan,0,nan,0,nan,0,nan,0,nan,0,nan,0
1597988419780210944,1597988420226000128,2020-08-21 13:40:20.226000,19765.0,19840.0,19695.0,19820.0,nan,19765.0,3815,377017375.0,7461,19780.0,21,19765.0,70,nan,0,nan,0,nan,0,nan,0,nan,0,nan,0,nan,0,nan,0
1597988420274224128,1597988420744000000,2020-08-21 13:40:20.744000,19765.0,19840.0,19695.0,19820.0,nan,19765.0,3815,377017375.0,7461,19780.0,21,19765.0,80,nan,0,nan,0,nan,0,nan,0,nan,0,nan,0,nan,0,nan,0
1597988420770991104,1597988421230000128,2020-08-21 13:40:21.230000,19765.0,19840.0,19695.0,19820.0,nan,19765.0,3815,377017375.0,7461,19780.0,21,19765.0,90,nan,0,nan,0,nan,0,nan,0,nan,0,nan,0,nan,0,nan,0
1597988421273338880,1597988421740000000,2020-08-21 13:40:21.740000,19765.0,19840.0,19695.0,19820.0,nan,19765.0,3815,377017375.0,7461,19780.0,21,19765.0,90,nan,0,nan,0,nan,0,nan,0,nan,0,nan,0,nan,0,nan,0
1597988421769040896,1597988422221999872,2020-08-21 13:40:22.222000,19765.0,19840.0,19695.0,19820.0,nan,19765.0,3815,377017375.0,7461,19780.0,21,19765.0,100,nan,0,nan,0,nan,0,nan,0,nan,0,nan,0,nan,0,nan,0
1597988422771510016,1597988423237999872,2020-08-21 13:40:23.238000,19765.0,19840.0,19695.0,19820.0,nan,19765.0,3815,377017375.0,7461,19775.0,2,19765.0,60,nan,0,nan,0,nan,0,nan,0,nan,0,nan,0,nan,0,nan,0
1597988423280178944,1597988423736999936,2020-08-21 13:40:23.737000,19765.0,19840.0,19695.0,19820.0,nan,19765.0,3815,377017375.0,7461,19775.0,2,19765.0,30,nan,0,nan,0,nan,0,nan,0,nan,0,nan,0,nan,0,nan,0
1597988423780732928,1597988424240000000,2020-08-21 13:40:24.240000,19765.0,19840.0,19695.0,19820.0,nan,19765.0,3815,377017375.0,7461,19775.0,2,19765.0,10,nan,0,nan,0,nan,0,nan,0,nan,0,nan,0,nan,0,nan,0
1597988424281575936,1597988424730000128,2020-08-21 13:40:24.730000,19765.0,19840.0,19695.0,19820.0,nan,19765.0,3815,377017375.0,7461,19775.0,2,19760.0,122,nan,0,nan,0,nan,0,nan,0,nan,0,nan,0,nan,0,nan,0
1597988424773585920,1597988425211000064,2020-08-21 13:40:25.211000,19765.0,19840.0,19695.0,19820.0,nan,19765.0,3815,377017375.0,7461,19775.0,13,19760.0,132,nan,0,nan,0,nan,0,nan,0,nan,0,nan,0,nan,0,nan,0
1597988428779468032,1597988429244999936,2020-08-21 13:40:29.245000,19765.0,19840.0,19695.0,19820.0,nan,19765.0,3815,377017375.0,7461,19775.0,13,19760.0,132,nan,0,nan,0,nan,0,nan,0,nan,0,nan,0,nan,0,nan,0
1597988435283380992,1597988435726000128,2020-08-21 13:40:35.726000,19765.0,19840.0,19695.0,19820.0,nan,19765.0,3815,377017375.0,7461,19775.0,13,19760.0,132,nan,0,nan,0,nan,0,nan,0,nan,0,nan,0,nan,0,nan,0
1597988436297157888,1597988436740000000,2020-08-21 13:40:36.740000,19765.0,19840.0,19695.0,19820.0,nan,19765.0,3815,377017375.0,7461,19775.0,23,19760.0,122,nan,0,nan,0,nan,0,nan,0,nan,0,nan,0,nan,0,nan,0
1597988436783099904,1597988437242000128,2020-08-21 13:40:37.242000,19765.0,19840.0,19695.0,19820.0,nan,19765.0,3815,377017375.0,7461,19775.0,23,19760.0,122,nan,0,nan,0,nan,0,nan,0,nan,0,nan,0,nan,0,nan,0
1597988437307642112,1597988437720000000,2020-08-21 13:40:37.720000,19765.0,19840.0,19695.0,19820.0,nan,19765.0,3815,377017375.0,7461,19775.0,23,19760.0,122,nan,0,nan,0,nan,0,nan,0,nan,0,nan,0,nan,0,nan,0
1597988437780839936,1597988438233999872,2020-08-21 13:40:38.234000,19765.0,19840.0,19695.0,19820.0,nan,19765.0,3815,377017375.0,7461,19775.0,23,19760.0,122,nan,0,nan,0,nan,0,nan,0,nan,0,nan,0,nan,0,nan,0
1597988438290450944,1597988438724000000,2020-08-21 13:40:38.724000,19765.0,19840.0,19695.0,19820.0,nan,19765.0,3815,377017375.0,7461,19775.0,23,19765.0,1,nan,0,nan,0,nan,0,nan,0,nan,0,nan,0,nan,0,nan,0
1597988438782597120,1597988439244999936,2020-08-21 13:40:39.245000,19765.0,19840.0,19695.0,19820.0,nan,19765.0,3815,377017375.0,7461,19775.0,13,19765.0,4,nan,0,nan,0,nan,0,nan,0,nan,0,nan,0,nan,0,nan,0
1597988440286359040,1597988440744999936,2020-08-21 13:40:40.745000,19770.0,19840.0,19695.0,19820.0,nan,19765.0,3817,377215025.0,7461,19775.0,43,19765.0,4,nan,0,nan,0,nan,0,nan,0,nan,0,nan,0,nan,0,nan,0
1597988440784887040,1597988441234999808,2020-08-21 13:40:41.235000,19770.0,19840.0,19695.0,19820.0,nan,19765.0,3817,377215025.0,7461,19775.0,13,19765.0,4,nan,0,nan,0,nan,0,nan,0,nan,0,nan,0,nan,0,nan,0
1597988441289927936,1597988441744000000,2020-08-21 13:40:41.744000,19770.0,19840.0,19695.0,19820.0,nan,19765.0,3817,377215025.0,7461,19775.0,13,19765.0,3,nan,0,nan,0,nan,0,nan,0,nan,0,nan,0,nan,0,nan,0
1597988441774516992,1597988442187000064,2020-08-21 13:40:42.187000,19770.0,19840.0,19695.0,19820.0,nan,19765.0,3817,377215025.0,7461,19770.0,2,19765.0,1,nan,0,nan,0,nan,0,nan,0,nan,0,nan,0,nan,0,nan,0
1597988469801547008,1597988470233999872,2020-08-21 13:41:10.234000,19765.0,19840.0,19695.0,19820.0,nan,19765.0,3818,377313850.0,7461,19765.0,6,19760.0,52,nan,0,nan,0,nan,0,nan,0,nan,0,nan,0,nan,0,nan,0
1597988470295750912,1597988470730000128,2020-08-21 13:41:10.730000,19765.0,19840.0,19695.0,19820.0,nan,19765.0,3818,377313850.0,7461,19765.0,6,19760.0,12,nan,0,nan,0,nan,0,nan,0,nan,0,nan,0,nan,0,nan,0
1597988470794544896,1597988471236000000,2020-08-21 13:41:11.236000,19765.0,19840.0,19695.0,19820.0,nan,19765.0,3818,377313850.0,7461,19765.0,6,19760.0,2,nan,0,nan,0,nan,0,nan,0,nan,0,nan,0,nan,0,nan,0
1597988476799153920,1597988477193000192,2020-08-21 13:41:17.193000,19765.0,19840.0,19695.0,19820.0,nan,19765.0,3818,377313850.0,7461,19765.0,6,19760.0,1,nan,0,nan,0,nan,0,nan,0,nan,0,nan,0,nan,0,nan,0
1597988519818731008,1597988520242000128,2020-08-21 13:42:00.242000,19760.0,19840.0,19695.0,19820.0,nan,19765.0,3819,377412675.0,7460,19765.0,6,19755.0,71,nan,0,nan,0,nan,0,nan,0,nan,0,nan,0,nan,0,nan,0
1597988520326213120,1597988520724000000,2020-08-21 13:42:00.724000,19760.0,19840.0,19695.0,19820.0,nan,19765.0,3819,377412675.0,7460,19765.0,8,19755.0,51,nan,0,nan,0,nan,0,nan,0,nan,0,nan,0,nan,0,nan,0
1597988520829637888,1597988521229000192,2020-08-21 13:42:01.229000,19760.0,19840.0,19695.0,19820.0,nan,19765.0,3819,377412675.0,7460,19765.0,8,19755.0,21,nan,0,nan,0,nan,0,nan,0,nan,0,nan,0,nan,0,nan,0
1597988521326598912,1597988521734999808,2020-08-21 13:42:01.735000,19760.0,19840.0,19695.0,19820.0,nan,19765.0,3819,377412675.0,7460,19765.0,8,19755.0,11,nan,0,nan,0,nan,0,nan,0,nan,0,nan,0,nan,0,nan,0
1597988531820635904,1597988532217999872,2020-08-21 13:42:12.218000,19760.0,19840.0,19695.0,19820.0,nan,19765.0,3819,377412675.0,7460,19765.0,8,19755.0,10,nan,0,nan,0,nan,0,nan,0,nan,0,nan,0,nan,0,nan,0
1597988532331473920,1597988532724999936,2020-08-21 13:42:12.725000,19760.0,19840.0,19695.0,19820.0,nan,19765.0,3819,377412675.0,7460,19765.0,18,19750.0,104,nan,0,nan,0,nan,0,nan,0,nan,0,nan,0,nan,0,nan,0
1597988532819953920,1597988533227000064,2020-08-21 13:42:13.227000,19760.0,19840.0,19695.0,19820.0,nan,19765.0,3819,377412675.0,7460,19765.0,28,19750.0,124,nan,0,nan,0,nan,0,nan,0,nan,0,nan,0,nan,0,nan,0
1597988533322544896,1597988533721999872,2020-08-21 13:42:13.722000,19760.0,19840.0,19695.0,19820.0,nan,19765.0,3819,377412675.0,7460,19765.0,28,19750.0,134,nan,0,nan,0,nan,0,nan,0,nan,0,nan,0,nan,0,nan,0
1597988533865040896,1597988534232999936,2020-08-21 13:42:14.233000,19760.0,19840.0,19695.0,19820.0,nan,19765.0,3819,377412675.0,7460,19765.0,28,19750.0,124,nan,0,nan,0,nan,0,nan,0,nan,0,nan,0,nan,0,nan,0
1597988535324633088,1597988535726000128,2020-08-21 13:42:15.726000,19760.0,19840.0,19695.0,19820.0,nan,19765.0,3819,377412675.0,7460,19765.0,28,19750.0,134,nan,0,nan,0,nan,0,nan,0,nan,0,nan,0,nan,0,nan,0
1597988537826646016,1597988538224000000,2020-08-21 13:42:18.224000,19760.0,19840.0,19695.0,19820.0,nan,19765.0,3819,377412675.0,7460,19765.0,28,19750.0,134,nan,0,nan,0,nan,0,nan,0,nan,0,nan,0,nan,0,nan,0
1597988540829558016,1597988541231000064,2020-08-21 13:42:21.231000,19760.0,19840.0,19695.0,19820.0,nan,19765.0,3819,377412675.0,7460,19765.0,28,19750.0,134,nan,0,nan,0,nan,0,nan,0,nan,0,nan,0,nan,0,nan,0
1597988544339226112,1597988544898000128,2020-08-21 13:42:24.898000,19760.0,19840.0,19695.0,19820.0,nan,19765.0,3819,377412675.0,7460,19765.0,28,19750.0,134,nan,0,nan,0,nan,0,nan,0,nan,0,nan,0,nan,0,nan,0
1597988549865795072,1597988550244999936,2020-08-21 13:42:30.245000,19760.0,19840.0,19695.0,19820.0,nan,19765.0,3819,377412675.0,7460,19765.0,28,19750.0,124,nan,0,nan,0,nan,0,nan,0,nan,0,nan,0,nan,0,nan,0
1597988550344822016,1597988550744999936,2020-08-21 13:42:30.745000,19760.0,19840.0,19695.0,19820.0,nan,19765.0,3819,377412675.0,7460,19765.0,28,19750.0,134,nan,0,nan,0,nan,0,nan,0,nan,0,nan,0,nan,0,nan,0
1597988550834131968,1597988551243000064,2020-08-21 13:42:31.243000,19750.0,19840.0,19695.0,19820.0,nan,19765.0,3820,377511500.0,7461,19765.0,28,19750.0,133,nan,0,nan,0,nan,0,nan,0,nan,0,nan,0,nan,0,nan,0
1597988551334087936,1597988551740000000,2020-08-21 13:42:31.740000,19750.0,19840.0,19695.0,19820.0,nan,19765.0,3820,377511500.0,7461,19765.0,28,19750.0,123,nan,0,nan,0,nan,0,nan,0,nan,0,nan,0,nan,0,nan,0
1597988555328868096,1597988555730000128,2020-08-21 13:42:35.730000,19750.0,19840.0,19695.0,19820.0,nan,19765.0,3820,377511500.0,7461,19765.0,28,19750.0,113,nan,0,nan,0,nan,0,nan,0,nan,0,nan,0,nan,0,nan,0
1597988555829200896,1597988556236999936,2020-08-21 13:42:36.237000,19750.0,19840.0,19695.0,19820.0,nan,19765.0,3820,377511500.0,7461,19765.0,28,19750.0,133,nan,0,nan,0,nan,0,nan,0,nan,0,nan,0,nan,0,nan,0
1597988558427365888,1597988558904000000,2020-08-21 13:42:38.904000,19750.0,19840.0,19695.0,19820.0,nan,19765.0,3835,378993875.0,7463,19760.0,1,19750.0,30,nan,0,nan,0,nan,0,nan,0,nan,0,nan,0,nan,0,nan,0
1597988558854168064,1597988559437999872,2020-08-21 13:42:39.438000,19750.0,19840.0,19695.0,19820.0,nan,19765.0,3835,378993875.0,7463,19760.0,2,19750.0,10,nan,0,nan,0,nan,0,nan,0,nan,0,nan,0,nan,0,nan,0
1597988559342025984,1597988559936999936,2020-08-21 13:42:39.937000,19750.0,19840.0,19695.0,19820.0,nan,19765.0,3835,378993875.0,7463,19760.0,3,19745.0,62,nan,0,nan,0,nan,0,nan,0,nan,0,nan,0,nan,0,nan,0
1597988559839549952,1597988560430000128,2020-08-21 13:42:40.430000,19750.0,19840.0,19695.0,19820.0,nan,19765.0,3835,378993875.0,7463,19760.0,14,19745.0,82,nan,0,nan,0,nan,0,nan,0,nan,0,nan,0,nan,0,nan,0
1597988560345636096,1597988560904999936,2020-08-21 13:42:40.905000,19750.0,19840.0,19695.0,19820.0,nan,19765.0,3835,378993875.0,7463,19760.0,14,19745.0,92,nan,0,nan,0,nan,0,nan,0,nan,0,nan,0,nan,0,nan,0
1597988560850779904,1597988561424999936,2020-08-21 13:42:41.425000,19750.0,19840.0,19695.0,19820.0,nan,19765.0,3835,378993875.0,7463,19760.0,14,19745.0,102,nan,0,nan,0,nan,0,nan,0,nan,0,nan,0,nan,0,nan,0
1597988561340443904,1597988561931000064,2020-08-21 13:42:41.931000,19750.0,19840.0,19695.0,19820.0,nan,19765.0,3835,378993875.0,7463,19760.0,14,19745.0,112,nan,0,nan,0,nan,0,nan,0,nan,0,nan,0,nan,0,nan,0
1597988563347851008,1597988563872999936,2020-08-21 13:42:43.873000,19750.0,19840.0,19695.0,19820.0,nan,19765.0,3835,378993875.0,7463,19760.0,14,19745.0,142,nan,0,nan,0,nan,0,nan,0,nan,0,nan,0,nan,0,nan,0
1597988564849435904,1597988565430000128,2020-08-21 13:42:45.430000,19750.0,19840.0,19695.0,19820.0,nan,19765.0,3835,378993875.0,7463,19760.0,14,19745.0,132,nan,0,nan,0,nan,0,nan,0,nan,0,nan,0,nan,0,nan,0
1597988565334731008,1597988565731000064,2020-08-21 13:42:45.731000,19750.0,19840.0,19695.0,19820.0,nan,19765.0,3835,378993875.0,7463,19760.0,14,19745.0,142,nan,0,nan,0,nan,0,nan,0,nan,0,nan,0,nan,0,nan,0
1597988567832998912,1597988568239000064,2020-08-21 13:42:48.239000,19750.0,19840.0,19695.0,19820.0,nan,19765.0,3835,378993875.0,7463,19755.0,2,19745.0,142,nan,0,nan,0,nan,0,nan,0,nan,0,nan,0,nan,0,nan,0
1597988568337064960,1597988568867000064,2020-08-21 13:42:48.867000,19750.0,19840.0,19695.0,19820.0,nan,19765.0,3835,378993875.0,7463,19755.0,4,19745.0,62,nan,0,nan,0,nan,0,nan,0,nan,0,nan,0,nan,0,nan,0
1597988568832646912,1597988569435000064,2020-08-21 13:42:49.435000,19750.0,19840.0,19695.0,19820.0,nan,19765.0,3835,378993875.0,7463,19755.0,4,19745.0,42,nan,0,nan,0,nan,0,nan,0,nan,0,nan,0,nan,0,nan,0
1597988569334432000,1597988569844000000,2020-08-21 13:42:49.844000,19750.0,19840.0,19695.0,19820.0,nan,19765.0,3835,378993875.0,7463,19755.0,4,19745.0,12,nan,0,nan,0,nan,0,nan,0,nan,0,nan,0,nan,0,nan,0
1597988569835811072,1597988570428999936,2020-08-21 13:42:50.429000,19750.0,19840.0,19695.0,19820.0,nan,19765.0,3835,378993875.0,7463,19755.0,2,19745.0,12,nan,0,nan,0,nan,0,nan,0,nan,0,nan,0,nan,0,nan,0
1597988585847248896,1597988586426000128,2020-08-21 13:43:06.426000,19750.0,19840.0,19695.0,19820.0,nan,19765.0,3835,378993875.0,7463,19755.0,2,19745.0,13,nan,0,nan,0,nan,0,nan,0,nan,0,nan,0,nan,0,nan,0
1597988596843368960,1597988597421999872,2020-08-21 13:43:17.422000,19750.0,19840.0,19695.0,19820.0,nan,19765.0,3835,378993875.0,7463,19755.0,2,19750.0,1,nan,0,nan,0,nan,0,nan,0,nan,0,nan,0,nan,0,nan,0
1597988597353761024,1597988597892000000,2020-08-21 13:43:17.892000,19750.0,19840.0,19695.0,19820.0,nan,19765.0,3836,379092700.0,7463,19755.0,2,19745.0,63,nan,0,nan,0,nan,0,nan,0,nan,0,nan,0,nan,0,nan,0
1597988597842109952,1597988598378000128,2020-08-21 13:43:18.378000,19750.0,19840.0,19695.0,19820.0,nan,19765.0,3836,379092700.0,7463,19755.0,2,19745.0,43,nan,0,nan,0,nan,0,nan,0,nan,0,nan,0,nan,0,nan,0
1597988598367684096,1597988598928000000,2020-08-21 13:43:18.928000,19750.0,19840.0,19695.0,19820.0,nan,19765.0,3836,379092700.0,7463,19755.0,2,19745.0,13,nan,0,nan,0,nan,0,nan,0,nan,0,nan,0,nan,0,nan,0
1597988604856765952,1597988605435000064,2020-08-21 13:43:25.435000,19755.0,19840.0,19695.0,19820.0,nan,19765.0,3838,379290350.0,7463,19760.0,122,19745.0,13,nan,0,nan,0,nan,0,nan,0,nan,0,nan,0,nan,0,nan,0
1597988605358202112,1597988605923000064,2020-08-21 13:43:25.923000,19755.0,19840.0,19695.0,19820.0,nan,19765.0,3838,379290350.0,7463,19760.0,52,19750.0,5,nan,0,nan,0,nan,0,nan,0,nan,0,nan,0,nan,0,nan,0
1597988605860195072,1597988606436999936,2020-08-21 13:43:26.437000,19755.0,19840.0,19695.0,19820.0,nan,19765.0,3838,379290350.0,7463,19760.0,12,19750.0,5,nan,0,nan,0,nan,0,nan,0,nan,0,nan,0,nan,0,nan,0
1597988608351994880,1597988608931000064,2020-08-21 13:43:28.931000,19755.0,19840.0,19695.0,19820.0,nan,19765.0,3838,379290350.0,7463,19760.0,12,19750.0,4,nan,0,nan,0,nan,0,nan,0,nan,0,nan,0,nan,0,nan,0
1597988608844723968,1597988609418999808,2020-08-21 13:43:29.419000,19755.0,19840.0,19695.0,19820.0,nan,19765.0,3838,379290350.0,7463,19760.0,22,19750.0,4,nan,0,nan,0,nan,0,nan,0,nan,0,nan,0,nan,0,nan,0
1597988610846579968,1597988611417999872,2020-08-21 13:43:31.418000,19755.0,19840.0,19695.0,19820.0,nan,19765.0,3838,379290350.0,7463,19760.0,12,19750.0,4,nan,0,nan,0,nan,0,nan,0,nan,0,nan,0,nan,0,nan,0
1597988612859656960,1597988613437999872,2020-08-21 13:43:33.438000,19755.0,19840.0,19695.0,19820.0,nan,19765.0,3838,379290350.0,7463,19760.0,12,19750.0,5,nan,0,nan,0,nan,0,nan,0,nan,0,nan,0,nan,0,nan,0
1597988613382819072,1597988614000000000,2020-08-21 13:43:34.000000,19755.0,19840.0,19695.0,19820.0,nan,19765.0,3838,379290350.0,7463,19760.0,12,19750.0,15,nan,0,nan,0,nan,0,nan,0,nan,0,nan,0,nan,0,nan,0
1597988613851959040,1597988614426000128,2020-08-21 13:43:34.426000,19755.0,19840.0,19695.0,19820.0,nan,19765.0,3838,379290350.0,7463,19760.0,1,19750.0,15,nan,0,nan,0,nan,0,nan,0,nan,0,nan,0,nan,0,nan,0
1597988624863003904,1597988625427000064,2020-08-21 13:43:45.427000,19755.0,19840.0,19695.0,19820.0,nan,19765.0,3838,379290350.0,7463,19760.0,1,19750.0,10,nan,0,nan,0,nan,0,nan,0,nan,0,nan,0,nan,0,nan,0
1597988625360359936,1597988626000000000,2020-08-21 13:43:46.000000,19755.0,19840.0,19695.0,19820.0,nan,19765.0,3838,379290350.0,7463,19760.0,11,19745.0,117,nan,0,nan,0,nan,0,nan,0,nan,0,nan,0,nan,0,nan,0
1597988625867299072,1597988626420999936,2020-08-21 13:43:46.421000,19755.0,19840.0,19695.0,19820.0,nan,19765.0,3838,379290350.0,7463,19760.0,22,19745.0,137,nan,0,nan,0,nan,0,nan,0,nan,0,nan,0,nan,0,nan,0
1597988628870469888,1597988629436999936,2020-08-21 13:43:49.437000,19755.0,19840.0,19695.0,19820.0,nan,19765.0,3838,379290350.0,7463,19760.0,22,19745.0,127,nan,0,nan,0,nan,0,nan,0,nan,0,nan,0,nan,0,nan,0
1597988629368588032,1597988629936999936,2020-08-21 13:43:49.937000,19755.0,19840.0,19695.0,19820.0,nan,19765.0,3838,379290350.0,7463,19760.0,22,19745.0,138,nan,0,nan,0,nan,0,nan,0,nan,0,nan,0,nan,0,nan,0
1597988631352598016,1597988631916999936,2020-08-21 13:43:51.917000,19755.0,19840.0,19695.0,19820.0,nan,19765.0,3838,379290350.0,7463,19760.0,22,19750.0,1,nan,0,nan,0,nan,0,nan,0,nan,0,nan,0,nan,0,nan,0
1597988631860040960,1597988632417999872,2020-08-21 13:43:52.418000,19755.0,19840.0,19695.0,19820.0,nan,19765.0,3838,379290350.0,7463,19760.0,22,19745.0,138,nan,0,nan,0,nan,0,nan,0,nan,0,nan,0,nan,0,nan,0
1597988632367559936,1597988633000000000,2020-08-21 13:43:53.000000,19755.0,19840.0,19695.0,19820.0,nan,19765.0,3838,379290350.0,7463,19760.0,12,19745.0,128,nan,0,nan,0,nan,0,nan,0,nan,0,nan,0,nan,0,nan,0
1597988632855508992,1597988633424999936,2020-08-21 13:43:53.425000,19755.0,19840.0,19695.0,19820.0,nan,19765.0,3838,379290350.0,7463,19760.0,22,19745.0,128,nan,0,nan,0,nan,0,nan,0,nan,0,nan,0,nan,0,nan,0
1597988636361549056,1597988636935000064,2020-08-21 13:43:56.935000,19755.0,19840.0,19695.0,19820.0,nan,19765.0,3838,379290350.0,7463,19760.0,32,19750.0,2,nan,0,nan,0,nan,0,nan,0,nan,0,nan,0,nan,0,nan,0
1597988636859216896,1597988637401999872,2020-08-21 13:43:57.402000,19755.0,19840.0,19695.0,19820.0,nan,19765.0,3838,379290350.0,7463,19760.0,12,19750.0,3,nan,0,nan,0,nan,0,nan,0,nan,0,nan,0,nan,0,nan,0
1597988637360291072,1597988637926000128,2020-08-21 13:43:57.926000,19755.0,19840.0,19695.0,19820.0,nan,19765.0,3838,379290350.0,7463,19760.0,12,19750.0,3,nan,0,nan,0,nan,0,nan,0,nan,0,nan,0,nan,0,nan,0
1597988640363549952,1597988640920999936,2020-08-21 13:44:00.921000,19755.0,19840.0,19695.0,19820.0,nan,19765.0,3838,379290350.0,7463,19760.0,12,19750.0,2,nan,0,nan,0,nan,0,nan,0,nan,0,nan,0,nan,0,nan,0
1597988640871205888,1597988641434000128,2020-08-21 13:44:01.434000,19755.0,19840.0,19695.0,19820.0,nan,19765.0,3838,379290350.0,7463,19760.0,22,19750.0,2,nan,0,nan,0,nan,0,nan,0,nan,0,nan,0,nan,0,nan,0
1597988641869968896,1597988642408000000,2020-08-21 13:44:02.408000,19755.0,19840.0,19695.0,19820.0,nan,19765.0,3838,379290350.0,7463,19760.0,12,19750.0,2,nan,0,nan,0,nan,0,nan,0,nan,0,nan,0,nan,0,nan,0
1597988649369836032,1597988649934000128,2020-08-21 13:44:09.934000,19755.0,19840.0,19695.0,19820.0,nan,19765.0,3838,379290350.0,7463,19760.0,12,19750.0,3,nan,0,nan,0,nan,0,nan,0,nan,0,nan,0,nan,0,nan,0
1597988649870395904,1597988650423000064,2020-08-21 13:44:10.423000,19755.0,19840.0,19695.0,19820.0,nan,19765.0,3838,379290350.0,7463,19760.0,12,19750.0,13,nan,0,nan,0,nan,0,nan,0,nan,0,nan,0,nan,0,nan,0
1597988650375027968,1597988650912000000,2020-08-21 13:44:10.912000,19755.0,19840.0,19695.0,19820.0,nan,19765.0,3838,379290350.0,7463,19760.0,1,19750.0,23,nan,0,nan,0,nan,0,nan,0,nan,0,nan,0,nan,0,nan,0
1597988650874675968,1597988651421999872,2020-08-21 13:44:11.422000,19755.0,19840.0,19695.0,19820.0,nan,19765.0,3838,379290350.0,7463,19760.0,1,19755.0,1,nan,0,nan,0,nan,0,nan,0,nan,0,nan,0,nan,0,nan,0
1597988653876421120,1597988654437999872,2020-08-21 13:44:14.438000,19760.0,19840.0,19695.0,19820.0,nan,19765.0,3839,379389175.0,7463,19765.0,79,19755.0,1,nan,0,nan,0,nan,0,nan,0,nan,0,nan,0,nan,0,nan,0
1597988654378649088,1597988654908000000,2020-08-21 13:44:14.908000,19760.0,19840.0,19695.0,19820.0,nan,19765.0,3839,379389175.0,7463,19765.0,49,19755.0,1,nan,0,nan,0,nan,0,nan,0,nan,0,nan,0,nan,0,nan,0
1597988654877614080,1597988655433000192,2020-08-21 13:44:15.433000,19760.0,19840.0,19695.0,19820.0,nan,19765.0,3839,379389175.0,7463,19765.0,29,19755.0,1,nan,0,nan,0,nan,0,nan,0,nan,0,nan,0,nan,0,nan,0
1597988656869851904,1597988657437999872,2020-08-21 13:44:17.438000,19760.0,19840.0,19695.0,19820.0,nan,19765.0,3839,379389175.0,7463,19765.0,18,19755.0,11,nan,0,nan,0,nan,0,nan,0,nan,0,nan,0,nan,0,nan,0
1597988657370221056,1597988657910000128,2020-08-21 13:44:17.910000,19760.0,19840.0,19695.0,19820.0,nan,19765.0,3839,379389175.0,7463,19765.0,18,19755.0,1,nan,0,nan,0,nan,0,nan,0,nan,0,nan,0,nan,0,nan,0
1597988660370072064,1597988660918999808,2020-08-21 13:44:20.919000,19760.0,19840.0,19695.0,19820.0,nan,19765.0,3839,379389175.0,7463,19765.0,19,19755.0,1,nan,0,nan,0,nan,0,nan,0,nan,0,nan,0,nan,0,nan,0
1597988660869637888,1597988661413000192,2020-08-21 13:44:21.413000,19760.0,19840.0,19695.0,19820.0,nan,19765.0,3839,379389175.0,7463,19765.0,29,19755.0,1,nan,0,nan,0,nan,0,nan,0,nan,0,nan,0,nan,0,nan,0
1597988661875023872,1597988662435000064,2020-08-21 13:44:22.435000,19760.0,19840.0,19695.0,19820.0,nan,19765.0,3839,379389175.0,7463,19765.0,19,19755.0,1,nan,0,nan,0,nan,0,nan,0,nan,0,nan,0,nan,0,nan,0
1597988669880259072,1597988670390000128,2020-08-21 13:44:30.390000,19760.0,19840.0,19695.0,19820.0,nan,19765.0,3839,379389175.0,7463,19765.0,20,19755.0,1,nan,0,nan,0,nan,0,nan,0,nan,0,nan,0,nan,0,nan,0
1597988695395715072,1597988696000000000,2020-08-21 13:44:56.000000,19760.0,19840.0,19695.0,19820.0,nan,19765.0,3839,379389175.0,7463,19760.0,1,19755.0,1,nan,0,nan,0,nan,0,nan,0,nan,0,nan,0,nan,0,nan,0
1597988704892144896,1597988705412000000,2020-08-21 13:45:05.412000,19760.0,19840.0,19695.0,19820.0,nan,19765.0,3840,379488000.0,7463,19765.0,40,19760.0,6,nan,0,nan,0,nan,0,nan,0,nan,0,nan,0,nan,0,nan,0
1597988705397221888,1597988706000000000,2020-08-21 13:45:06.000000,19760.0,19840.0,19695.0,19820.0,nan,19765.0,3840,379488000.0,7463,19765.0,10,19760.0,6,nan,0,nan,0,nan,0,nan,0,nan,0,nan,0,nan,0,nan,0
1597988707890434048,1597988708436000000,2020-08-21 13:45:08.436000,19760.0,19840.0,19695.0,19820.0,nan,19765.0,3841,379586825.0,7462,19765.0,9,19760.0,5,nan,0,nan,0,nan,0,nan,0,nan,0,nan,0,nan,0,nan,0
1597988718900852992,1597988719417999872,2020-08-21 13:45:19.418000,19760.0,19840.0,19695.0,19820.0,nan,19765.0,3843,379784475.0,7462,19765.0,9,19760.0,3,nan,0,nan,0,nan,0,nan,0,nan,0,nan,0,nan,0,nan,0
1597988728904024064,1597988729435000064,2020-08-21 13:45:29.435000,19760.0,19840.0,19695.0,19820.0,nan,19765.0,3843,379784475.0,7462,19765.0,8,19760.0,3,nan,0,nan,0,nan,0,nan,0,nan,0,nan,0,nan,0,nan,0
1597988730402083072,1597988730917999872,2020-08-21 13:45:30.918000,19765.0,19840.0,19695.0,19820.0,nan,19765.0,3846,380080950.0,7462,19765.0,5,19755.0,81,nan,0,nan,0,nan,0,nan,0,nan,0,nan,0,nan,0,nan,0
1597988730908440064,1597988731428000000,2020-08-21 13:45:31.428000,19765.0,19840.0,19695.0,19820.0,nan,19765.0,3848,380278600.0,7464,19765.0,2,19755.0,61,nan,0,nan,0,nan,0,nan,0,nan,0,nan,0,nan,0,nan,0
1597988731403222016,1597988731938999808,2020-08-21 13:45:31.939000,19765.0,19840.0,19695.0,19820.0,nan,19765.0,3848,380278600.0,7464,19765.0,2,19755.0,41,nan,0,nan,0,nan,0,nan,0,nan,0,nan,0,nan,0,nan,0
1597988731906479104,1597988732424000000,2020-08-21 13:45:32.424000,19765.0,19840.0,19695.0,19820.0,nan,19765.0,3848,380278600.0,7464,19765.0,2,19755.0,11,nan,0,nan,0,nan,0,nan,0,nan,0,nan,0,nan,0,nan,0
1597988755912336896,1597988756437999872,2020-08-21 13:45:56.438000,19765.0,19840.0,19695.0,19820.0,nan,19765.0,3853,380772725.0,7461,19765.0,2,19760.0,40,nan,0,nan,0,nan,0,nan,0,nan,0,nan,0,nan,0,nan,0
1597988756428914944,1597988757000000000,2020-08-21 13:45:57.000000,19765.0,19840.0,19695.0,19820.0,nan,19765.0,3853,380772725.0,7461,19765.0,2,19760.0,4,nan,0,nan,0,nan,0,nan,0,nan,0,nan,0,nan,0,nan,0
1597988766412392960,1597988767000000000,2020-08-21 13:46:07.000000,19765.0,19840.0,19695.0,19820.0,nan,19765.0,3853,380772725.0,7461,19765.0,2,19755.0,81,nan,0,nan,0,nan,0,nan,0,nan,0,nan,0,nan,0,nan,0
1597988766918635008,1597988767415000064,2020-08-21 13:46:07.415000,19765.0,19840.0,19695.0,19820.0,nan,19765.0,3853,380772725.0,7461,19765.0,2,19755.0,31,nan,0,nan,0,nan,0,nan,0,nan,0,nan,0,nan,0,nan,0
1597988767414203904,1597988768000000000,2020-08-21 13:46:08.000000,19765.0,19840.0,19695.0,19820.0,nan,19765.0,3853,380772725.0,7461,19765.0,2,19755.0,21,nan,0,nan,0,nan,0,nan,0,nan,0,nan,0,nan,0,nan,0
1597988768413929984,1597988769000000000,2020-08-21 13:46:09.000000,19765.0,19840.0,19695.0,19820.0,nan,19765.0,3853,380772725.0,7461,19765.0,2,19755.0,11,nan,0,nan,0,nan,0,nan,0,nan,0,nan,0,nan,0,nan,0
1597988781925235968,1597988782432000000,2020-08-21 13:46:22.432000,19765.0,19840.0,19695.0,19820.0,nan,19765.0,3853,380772725.0,7461,19765.0,13,19755.0,11,nan,0,nan,0,nan,0,nan,0,nan,0,nan,0,nan,0,nan,0
1597988782420628992,1597988783000000000,2020-08-21 13:46:23.000000,19765.0,19840.0,19695.0,19820.0,nan,19765.0,3853,380772725.0,7461,19765.0,23,19755.0,1,nan,0,nan,0,nan,0,nan,0,nan,0,nan,0,nan,0,nan,0
1597988783927662080,1597988784421999872,2020-08-21 13:46:24.422000,19765.0,19840.0,19695.0,19820.0,nan,19765.0,3853,380772725.0,7461,19765.0,13,19755.0,1,nan,0,nan,0,nan,0,nan,0,nan,0,nan,0,nan,0,nan,0
1597988799449470976,1597988800000000000,2020-08-21 13:46:40.000000,19765.0,19840.0,19695.0,19820.0,nan,19765.0,3853,380772725.0,7461,19765.0,18,19755.0,1,nan,0,nan,0,nan,0,nan,0,nan,0,nan,0,nan,0,nan,0
1597988812926416896,1597988813438999808,2020-08-21 13:46:53.439000,19755.0,19840.0,19695.0,19820.0,nan,19765.0,3856,381069200.0,7462,19760.0,41,19750.0,64,nan,0,nan,0,nan,0,nan,0,nan,0,nan,0,nan,0,nan,0
1597988813433985024,1597988814000000000,2020-08-21 13:46:54.000000,19755.0,19840.0,19695.0,19820.0,nan,19765.0,3856,381069200.0,7462,19760.0,1,19750.0,44,nan,0,nan,0,nan,0,nan,0,nan,0,nan,0,nan,0,nan,0
1597988813955384064,1597988814417999872,2020-08-21 13:46:54.418000,19755.0,19840.0,19695.0,19820.0,nan,19765.0,3856,381069200.0,7462,19760.0,1,19750.0,24,nan,0,nan,0,nan,0,nan,0,nan,0,nan,0,nan,0,nan,0
1597988815431249920,1597988816000000000,2020-08-21 13:46:56.000000,19755.0,19840.0,19695.0,19820.0,nan,19765.0,3856,381069200.0,7462,19760.0,1,19750.0,14,nan,0,nan,0,nan,0,nan,0,nan,0,nan,0,nan,0,nan,0
1597988840943098112,1597988841420999936,2020-08-21 13:47:21.421000,19755.0,19840.0,19695.0,19820.0,nan,19765.0,3856,381069200.0,7462,19755.0,1,19750.0,14,nan,0,nan,0,nan,0,nan,0,nan,0,nan,0,nan,0,nan,0
1597988841448155904,1597988842000000000,2020-08-21 13:47:22.000000,19755.0,19840.0,19695.0,19820.0,nan,19765.0,3856,381069200.0,7462,19755.0,1,19750.0,4,nan,0,nan,0,nan,0,nan,0,nan,0,nan,0,nan,0,nan,0
1597988841943937024,1597988842420999936,2020-08-21 13:47:22.421000,19755.0,19840.0,19695.0,19820.0,nan,19765.0,3857,381168025.0,7462,19760.0,41,19750.0,4,nan,0,nan,0,nan,0,nan,0,nan,0,nan,0,nan,0,nan,0
1597988842452551936,1597988843000000000,2020-08-21 13:47:23.000000,19755.0,19840.0,19695.0,19820.0,nan,19765.0,3857,381168025.0,7462,19760.0,11,19750.0,4,nan,0,nan,0,nan,0,nan,0,nan,0,nan,0,nan,0,nan,0
1597988844948664064,1597988845432000000,2020-08-21 13:47:25.432000,19755.0,19840.0,19695.0,19820.0,nan,19765.0,3857,381168025.0,7462,19760.0,12,19750.0,4,nan,0,nan,0,nan,0,nan,0,nan,0,nan,0,nan,0,nan,0
1597988845454249984,1597988846000000000,2020-08-21 13:47:26.000000,19755.0,19840.0,19695.0,19820.0,nan,19765.0,3857,381168025.0,7462,19755.0,1,19750.0,4,nan,0,nan,0,nan,0,nan,0,nan,0,nan,0,nan,0,nan,0
1597988847446422016,1597988847933000192,2020-08-21 13:47:27.933000,19755.0,19840.0,19695.0,19820.0,nan,19765.0,3857,381168025.0,7462,19755.0,2,19750.0,4,nan,0,nan,0,nan,0,nan,0,nan,0,nan,0,nan,0,nan,0
1597988848443835904,1597988849000000000,2020-08-21 13:47:29.000000,19755.0,19840.0,19695.0,19820.0,nan,19765.0,3859,381365675.0,7463,19760.0,52,19750.0,4,nan,0,nan,0,nan,0,nan,0,nan,0,nan,0,nan,0,nan,0
1597988848945472000,1597988849424999936,2020-08-21 13:47:29.425000,19755.0,19840.0,19695.0,19820.0,nan,19765.0,3859,381365675.0,7463,19760.0,22,19750.0,4,nan,0,nan,0,nan,0,nan,0,nan,0,nan,0,nan,0,nan,0
1597988849447545088,1597988849935000064,2020-08-21 13:47:29.935000,19755.0,19840.0,19695.0,19820.0,nan,19765.0,3859,381365675.0,7463,19760.0,12,19750.0,4,nan,0,nan,0,nan,0,nan,0,nan,0,nan,0,nan,0,nan,0
1597988850448435968,1597988851000000000,2020-08-21 13:47:31.000000,19755.0,19840.0,19695.0,19820.0,nan,19765.0,3859,381365675.0,7463,19755.0,1,19750.0,4,nan,0,nan,0,nan,0,nan,0,nan,0,nan,0,nan,0,nan,0
1597988850946275072,1597988851436999936,2020-08-21 13:47:31.437000,19755.0,19840.0,19695.0,19820.0,nan,19765.0,3860,381464500.0,7464,19760.0,42,19750.0,4,nan,0,nan,0,nan,0,nan,0,nan,0,nan,0,nan,0,nan,0
1597988851450155008,1597988852000000000,2020-08-21 13:47:32.000000,19755.0,19840.0,19695.0,19820.0,nan,19765.0,3860,381464500.0,7464,19760.0,12,19750.0,4,nan,0,nan,0,nan,0,nan,0,nan,0,nan,0,nan,0,nan,0
1597988853945851904,1597988854436999936,2020-08-21 13:47:34.437000,19755.0,19840.0,19695.0,19820.0,nan,19765.0,3861,381563325.0,7464,19760.0,52,19750.0,4,nan,0,nan,0,nan,0,nan,0,nan,0,nan,0,nan,0,nan,0
1597988854451717120,1597988855000000000,2020-08-21 13:47:35.000000,19755.0,19840.0,19695.0,19820.0,nan,19765.0,3861,381563325.0,7464,19760.0,22,19750.0,4,nan,0,nan,0,nan,0,nan,0,nan,0,nan,0,nan,0,nan,0
1597988854951811072,1597988855423000064,2020-08-21 13:47:35.423000,19755.0,19840.0,19695.0,19820.0,nan,19765.0,3861,381563325.0,7464,19760.0,12,19755.0,1,nan,0,nan,0,nan,0,nan,0,nan,0,nan,0,nan,0,nan,0
1597988855452098048,1597988855928000000,2020-08-21 13:47:35.928000,19755.0,19840.0,19695.0,19820.0,nan,19765.0,3862,381662150.0,7464,19760.0,2,19750.0,54,nan,0,nan,0,nan,0,nan,0,nan,0,nan,0,nan,0,nan,0
1597988855965158912,1597988856434000128,2020-08-21 13:47:36.434000,19755.0,19840.0,19695.0,19820.0,nan,19765.0,3862,381662150.0,7464,19760.0,2,19750.0,24,nan,0,nan,0,nan,0,nan,0,nan,0,nan,0,nan,0,nan,0
1597988856449373952,1597988857000000000,2020-08-21 13:47:37.000000,19755.0,19840.0,19695.0,19820.0,nan,19765.0,3862,381662150.0,7464,19760.0,2,19750.0,14,nan,0,nan,0,nan,0,nan,0,nan,0,nan,0,nan,0,nan,0
1597988856957369088,1597988857437999872,2020-08-21 13:47:37.438000,19755.0,19840.0,19695.0,19820.0,nan,19765.0,3862,381662150.0,7464,19755.0,1,19750.0,14,nan,0,nan,0,nan,0,nan,0,nan,0,nan,0,nan,0,nan,0
1597988857448844032,1597988858000000000,2020-08-21 13:47:38.000000,19755.0,19840.0,19695.0,19820.0,nan,19765.0,3862,381662150.0,7464,19755.0,1,19750.0,4,nan,0,nan,0,nan,0,nan,0,nan,0,nan,0,nan,0,nan,0
1597988860443813120,1597988860936000000,2020-08-21 13:47:40.936000,19755.0,19840.0,19695.0,19820.0,nan,19765.0,3862,381662150.0,7464,19755.0,2,19750.0,8,nan,0,nan,0,nan,0,nan,0,nan,0,nan,0,nan,0,nan,0
1597988863451505920,1597988864000000000,2020-08-21 13:47:44.000000,19755.0,19840.0,19695.0,19820.0,nan,19765.0,3862,381662150.0,7464,19755.0,3,19750.0,8,nan,0,nan,0,nan,0,nan,0,nan,0,nan,0,nan,0,nan,0
1597988863951335936,1597988864435000064,2020-08-21 13:47:44.435000,19755.0,19840.0,19695.0,19820.0,nan,19765.0,3862,381662150.0,7464,19755.0,4,19750.0,8,nan,0,nan,0,nan,0,nan,0,nan,0,nan,0,nan,0,nan,0
1597988865449925888,1597988866000000000,2020-08-21 13:47:46.000000,19750.0,19840.0,19695.0,19820.0,nan,19765.0,3863,381760975.0,7464,19755.0,4,19750.0,7,nan,0,nan,0,nan,0,nan,0,nan,0,nan,0,nan,0,nan,0
1597988865948228096,1597988866394000128,2020-08-21 13:47:46.394000,19750.0,19840.0,19695.0,19820.0,nan,19765.0,3864,381859800.0,7465,19755.0,4,19750.0,6,nan,0,nan,0,nan,0,nan,0,nan,0,nan,0,nan,0,nan,0
1597988866454906880,1597988867000000000,2020-08-21 13:47:47.000000,19750.0,19840.0,19695.0,19820.0,nan,19765.0,3866,382057450.0,7465,19755.0,5,19750.0,4,nan,0,nan,0,nan,0,nan,0,nan,0,nan,0,nan,0,nan,0
1597988866956003072,1597988867433000192,2020-08-21 13:47:47.433000,19750.0,19840.0,19695.0,19820.0,nan,19765.0,3870,382452750.0,7464,19755.0,6,19745.0,88,nan,0,nan,0,nan,0,nan,0,nan,0,nan,0,nan,0,nan,0
1597988867455049984,1597988868000000000,2020-08-21 13:47:48.000000,19750.0,19840.0,19695.0,19820.0,nan,19765.0,3870,382452750.0,7464,19755.0,6,19745.0,58,nan,0,nan,0,nan,0,nan,0,nan,0,nan,0,nan,0,nan,0
1597988867955821056,1597988868431000064,2020-08-21 13:47:48.431000,19750.0,19840.0,19695.0,19820.0,nan,19765.0,3870,382452750.0,7464,19755.0,3,19745.0,48,nan,0,nan,0,nan,0,nan,0,nan,0,nan,0,nan,0,nan,0
1597988868458955008,1597988869000000000,2020-08-21 13:47:49.000000,19750.0,19840.0,19695.0,19820.0,nan,19765.0,3870,382452750.0,7464,19755.0,3,19745.0,18,nan,0,nan,0,nan,0,nan,0,nan,0,nan,0,nan,0,nan,0
1597988868955950080,1597988869434000128,2020-08-21 13:47:49.434000,19750.0,19840.0,19695.0,19820.0,nan,19765.0,3871,382551575.0,7464,19755.0,44,19745.0,18,nan,0,nan,0,nan,0,nan,0,nan,0,nan,0,nan,0,nan,0
1597988869458360064,1597988870000000000,2020-08-21 13:47:50.000000,19750.0,19840.0,19695.0,19820.0,nan,19765.0,3871,382551575.0,7464,19755.0,14,19745.0,8,nan,0,nan,0,nan,0,nan,0,nan,0,nan,0,nan,0,nan,0
1597988869988320000,1597988870423000064,2020-08-21 13:47:50.423000,19750.0,19840.0,19695.0,19820.0,nan,19765.0,3871,382551575.0,7464,19755.0,13,19745.0,8,nan,0,nan,0,nan,0,nan,0,nan,0,nan,0,nan,0,nan,0
1597988870952335872,1597988871428000000,2020-08-21 13:47:51.428000,19750.0,19840.0,19695.0,19820.0,nan,19765.0,3871,382551575.0,7464,19755.0,12,19745.0,8,nan,0,nan,0,nan,0,nan,0,nan,0,nan,0,nan,0,nan,0
1597988871453018112,1597988871936000000,2020-08-21 13:47:51.936000,19750.0,19840.0,19695.0,19820.0,nan,19765.0,3871,382551575.0,7464,19750.0,1,19745.0,8,nan,0,nan,0,nan,0,nan,0,nan,0,nan,0,nan,0,nan,0
1597988871963435008,1597988872427000064,2020-08-21 13:47:52.427000,19750.0,19840.0,19695.0,19820.0,nan,19765.0,3873,382749225.0,7464,19750.0,1,19745.0,8,nan,0,nan,0,nan,0,nan,0,nan,0,nan,0,nan,0,nan,0
1597988872459537920,1597988873000000000,2020-08-21 13:47:53.000000,19750.0,19840.0,19695.0,19820.0,nan,19765.0,3876,383045700.0,7464,19750.0,1,19745.0,8,nan,0,nan,0,nan,0,nan,0,nan,0,nan,0,nan,0,nan,0
1597988872959118080,1597988873420999936,2020-08-21 13:47:53.421000,19750.0,19840.0,19695.0,19820.0,nan,19765.0,3879,383342175.0,7464,19750.0,1,19745.0,7,nan,0,nan,0,nan,0,nan,0,nan,0,nan,0,nan,0,nan,0
1597988873460012032,1597988874000000000,2020-08-21 13:47:54.000000,19750.0,19840.0,19695.0,19820.0,nan,19765.0,3881,383539825.0,7466,19755.0,51,19745.0,7,nan,0,nan,0,nan,0,nan,0,nan,0,nan,0,nan,0,nan,0
1597988873957210112,1597988874388999936,2020-08-21 13:47:54.389000,19750.0,19840.0,19695.0,19820.0,nan,19765.0,3881,383539825.0,7466,19755.0,22,19745.0,7,nan,0,nan,0,nan,0,nan,0,nan,0,nan,0,nan,0,nan,0
1597988874460263936,1597988875000000000,2020-08-21 13:47:55.000000,19750.0,19840.0,19695.0,19820.0,nan,19765.0,3881,383539825.0,7466,19755.0,12,19745.0,7,nan,0,nan,0,nan,0,nan,0,nan,0,nan,0,nan,0,nan,0
1597988875458624000,1597988876000000000,2020-08-21 13:47:56.000000,19750.0,19840.0,19695.0,19820.0,nan,19765.0,3882,383638650.0,7467,19755.0,52,19745.0,7,nan,0,nan,0,nan,0,nan,0,nan,0,nan,0,nan,0,nan,0
1597988875959569920,1597988876437999872,2020-08-21 13:47:56.438000,19750.0,19840.0,19695.0,19820.0,nan,19765.0,3882,383638650.0,7467,19755.0,22,19745.0,7,nan,0,nan,0,nan,0,nan,0,nan,0,nan,0,nan,0,nan,0
1597988876461768960,1597988876916000000,2020-08-21 13:47:56.916000,19750.0,19840.0,19695.0,19820.0,nan,19765.0,3882,383638650.0,7467,19755.0,12,19745.0,7,nan,0,nan,0,nan,0,nan,0,nan,0,nan,0,nan,0,nan,0
1597988877458299904,1597988878000000000,2020-08-21 13:47:58.000000,19750.0,19840.0,19695.0,19820.0,nan,19765.0,3883,383737475.0,7467,19755.0,52,19745.0,7,nan,0,nan,0,nan,0,nan,0,nan,0,nan,0,nan,0,nan,0
1597988877968470016,1597988878412000000,2020-08-21 13:47:58.412000,19750.0,19840.0,19695.0,19820.0,nan,19765.0,3883,383737475.0,7467,19755.0,22,19745.0,7,nan,0,nan,0,nan,0,nan,0,nan,0,nan,0,nan,0,nan,0
1597988878459845120,1597988879000000000,2020-08-21 13:47:59.000000,19750.0,19840.0,19695.0,19820.0,nan,19765.0,3883,383737475.0,7467,19755.0,12,19745.0,7,nan,0,nan,0,nan,0,nan,0,nan,0,nan,0,nan,0,nan,0
1597988880469232128,1597988881000000000,2020-08-21 13:48:01.000000,19750.0,19840.0,19695.0,19820.0,nan,19765.0,3883,383737475.0,7467,19750.0,1,19745.0,7,nan,0,nan,0,nan,0,nan,0,nan,0,nan,0,nan,0,nan,0
1597988880964570112,1597988881436999936,2020-08-21 13:48:01.437000,19750.0,19840.0,19695.0,19820.0,nan,19765.0,3884,383836300.0,7467,19755.0,41,19745.0,7,nan,0,nan,0,nan,0,nan,0,nan,0,nan,0,nan,0,nan,0
1597988881469149952,1597988882000000000,2020-08-21 13:48:02.000000,19750.0,19840.0,19695.0,19820.0,nan,19765.0,3884,383836300.0,7467,19755.0,12,19745.0,7,nan,0,nan,0,nan,0,nan,0,nan,0,nan,0,nan,0,nan,0
1597988883456674048,1597988884000000000,2020-08-21 13:48:04.000000,19750.0,19840.0,19695.0,19820.0,nan,19765.0,3884,383836300.0,7467,19750.0,1,19745.0,7,nan,0,nan,0,nan,0,nan,0,nan,0,nan,0,nan,0,nan,0
1597988883959130880,1597988884430000128,2020-08-21 13:48:04.430000,19750.0,19840.0,19695.0,19820.0,nan,19765.0,3884,383836300.0,7467,19750.0,2,19745.0,7,nan,0,nan,0,nan,0,nan,0,nan,0,nan,0,nan,0,nan,0
1597988886457968128,1597988887000000000,2020-08-21 13:48:07.000000,19750.0,19840.0,19695.0,19820.0,nan,19765.0,3885,383935125.0,7468,19750.0,2,19745.0,6,nan,0,nan,0,nan,0,nan,0,nan,0,nan,0,nan,0,nan,0
1597988888967550976,1597988889430000128,2020-08-21 13:48:09.430000,19750.0,19840.0,19695.0,19820.0,nan,19765.0,3885,383935125.0,7468,19750.0,1,19745.0,6,nan,0,nan,0,nan,0,nan,0,nan,0,nan,0,nan,0,nan,0
1597988889467504896,1597988889938999808,2020-08-21 13:48:09.939000,19750.0,19840.0,19695.0,19820.0,nan,19765.0,3885,383935125.0,7468,19750.0,2,19745.0,6,nan,0,nan,0,nan,0,nan,0,nan,0,nan,0,nan,0,nan,0
1597988892470003968,1597988893000000000,2020-08-21 13:48:13.000000,19745.0,19840.0,19695.0,19820.0,nan,19765.0,3887,384132775.0,7468,19750.0,3,19745.0,4,nan,0,nan,0,nan,0,nan,0,nan,0,nan,0,nan,0,nan,0
1597988892968336896,1597988893430000128,2020-08-21 13:48:13.430000,19745.0,19840.0,19695.0,19820.0,nan,19765.0,3888,384231600.0,7467,19750.0,3,19745.0,3,nan,0,nan,0,nan,0,nan,0,nan,0,nan,0,nan,0,nan,0
1597988893466002944,1597988894000000000,2020-08-21 13:48:14.000000,19745.0,19840.0,19695.0,19820.0,nan,19765.0,3889,384330425.0,7466,19750.0,6,19745.0,1,nan,0,nan,0,nan,0,nan,0,nan,0,nan,0,nan,0,nan,0
1597988893964777984,1597988894424999936,2020-08-21 13:48:14.425000,19745.0,19840.0,19695.0,19820.0,nan,19765.0,3890,384429250.0,7466,19750.0,7,19740.0,81,nan,0,nan,0,nan,0,nan,0,nan,0,nan,0,nan,0,nan,0
1597988894467751936,1597988895000000000,2020-08-21 13:48:15.000000,19745.0,19840.0,19695.0,19820.0,nan,19765.0,3890,384429250.0,7466,19750.0,6,19740.0,61,nan,0,nan,0,nan,0,nan,0,nan,0,nan,0,nan,0,nan,0
1597988894972781056,1597988895428999936,2020-08-21 13:48:15.429000,19745.0,19840.0,19695.0,19820.0,nan,19765.0,3890,384429250.0,7466,19750.0,6,19740.0,41,nan,0,nan,0,nan,0,nan,0,nan,0,nan,0,nan,0,nan,0
1597988895483452928,1597988896000000000,2020-08-21 13:48:16.000000,19745.0,19840.0,19695.0,19820.0,nan,19765.0,3890,384429250.0,7466,19745.0,1,19740.0,11,nan,0,nan,0,nan,0,nan,0,nan,0,nan,0,nan,0,nan,0
1597988895968840960,1597988896434000128,2020-08-21 13:48:16.434000,19745.0,19840.0,19695.0,19820.0,nan,19765.0,3890,384429250.0,7466,19745.0,1,19740.0,1,nan,0,nan,0,nan,0,nan,0,nan,0,nan,0,nan,0,nan,0
1597988896465969920,1597988897000000000,2020-08-21 13:48:17.000000,19745.0,19840.0,19695.0,19820.0,nan,19765.0,3890,384429250.0,7466,19745.0,2,19740.0,1,nan,0,nan,0,nan,0,nan,0,nan,0,nan,0,nan,0,nan,0
1597988898959764992,1597988899426000128,2020-08-21 13:48:19.426000,19745.0,19840.0,19695.0,19820.0,nan,19765.0,3890,384429250.0,7466,19745.0,3,19740.0,2,nan,0,nan,0,nan,0,nan,0,nan,0,nan,0,nan,0,nan,0
1597988899465520128,1597988899923000064,2020-08-21 13:48:19.923000,19745.0,19840.0,19695.0,19820.0,nan,19765.0,3891,384528075.0,7467,19745.0,2,19740.0,1,nan,0,nan,0,nan,0,nan,0,nan,0,nan,0,nan,0,nan,0
1597988901469893120,1597988902000000000,2020-08-21 13:48:22.000000,19745.0,19840.0,19695.0,19820.0,nan,19765.0,3891,384528075.0,7467,19745.0,3,19740.0,1,nan,0,nan,0,nan,0,nan,0,nan,0,nan,0,nan,0,nan,0
1597988902965853952,1597988903438999808,2020-08-21 13:48:23.439000,19745.0,19840.0,19695.0,19820.0,nan,19765.0,3894,384824550.0,7467,19750.0,114,19740.0,1,nan,0,nan,0,nan,0,nan,0,nan,0,nan,0,nan,0,nan,0
1597988903464986112,1597988904000000000,2020-08-21 13:48:24.000000,19745.0,19840.0,19695.0,19820.0,nan,19765.0,3894,384824550.0,7467,19750.0,21,19740.0,2,nan,0,nan,0,nan,0,nan,0,nan,0,nan,0,nan,0,nan,0
1597988903964431104,1597988904427000064,2020-08-21 13:48:24.427000,19745.0,19840.0,19695.0,19820.0,nan,19765.0,3894,384824550.0,7467,19750.0,11,19740.0,2,nan,0,nan,0,nan,0,nan,0,nan,0,nan,0,nan,0,nan,0
1597988904474960896,1597988905000000000,2020-08-21 13:48:25.000000,19745.0,19840.0,19695.0,19820.0,nan,19765.0,3894,384824550.0,7467,19745.0,1,19740.0,2,nan,0,nan,0,nan,0,nan,0,nan,0,nan,0,nan,0,nan,0
1597988904971352064,1597988905433000192,2020-08-21 13:48:25.433000,19745.0,19840.0,19695.0,19820.0,nan,19765.0,3895,384923375.0,7468,19750.0,31,19740.0,2,nan,0,nan,0,nan,0,nan,0,nan,0,nan,0,nan,0,nan,0
1597988905476062976,1597988906000000000,2020-08-21 13:48:26.000000,19745.0,19840.0,19695.0,19820.0,nan,19765.0,3895,384923375.0,7468,19750.0,11,19740.0,2,nan,0,nan,0,nan,0,nan,0,nan,0,nan,0,nan,0,nan,0
1597988907468975104,1597988908000000000,2020-08-21 13:48:28.000000,19745.0,19840.0,19695.0,19820.0,nan,19765.0,3895,384923375.0,7468,19745.0,1,19740.0,2,nan,0,nan,0,nan,0,nan,0,nan,0,nan,0,nan,0,nan,0
1597988907973364992,1597988908438999808,2020-08-21 13:48:28.439000,19745.0,19840.0,19695.0,19820.0,nan,19765.0,3896,385022200.0,7469,19750.0,31,19740.0,2,nan,0,nan,0,nan,0,nan,0,nan,0,nan,0,nan,0,nan,0
1597988908470682880,1597988908931000064,2020-08-21 13:48:28.931000,19745.0,19840.0,19695.0,19820.0,nan,19765.0,3896,385022200.0,7469,19750.0,11,19740.0,2,nan,0,nan,0,nan,0,nan,0,nan,0,nan,0,nan,0,nan,0
1597988910474531072,1597988911000000000,2020-08-21 13:48:31.000000,19745.0,19840.0,19695.0,19820.0,nan,19765.0,3896,385022200.0,7469,19745.0,1,19740.0,2,nan,0,nan,0,nan,0,nan,0,nan,0,nan,0,nan,0,nan,0
1597988910974654976,1597988911436999936,2020-08-21 13:48:31.437000,19745.0,19840.0,19695.0,19820.0,nan,19765.0,3897,385121025.0,7469,19750.0,31,19740.0,2,nan,0,nan,0,nan,0,nan,0,nan,0,nan,0,nan,0,nan,0
1597988911495670016,1597988912000000000,2020-08-21 13:48:32.000000,19745.0,19840.0,19695.0,19820.0,nan,19765.0,3897,385121025.0,7469,19750.0,11,19740.0,2,nan,0,nan,0,nan,0,nan,0,nan,0,nan,0,nan,0,nan,0
1597988911969563904,1597988912438999808,2020-08-21 13:48:32.439000,19745.0,19840.0,19695.0,19820.0,nan,19765.0,3897,385121025.0,7469,19750.0,11,19745.0,1,nan,0,nan,0,nan,0,nan,0,nan,0,nan,0,nan,0,nan,0
1597988912686768128,1597988913000000000,2020-08-21 13:48:33.000000,19740.0,19840.0,19695.0,19820.0,nan,19765.0,3899,385318675.0,7471,19750.0,1,19740.0,51,nan,0,nan,0,nan,0,nan,0,nan,0,nan,0,nan,0,nan,0
1597988912988236032,1597988913435000064,2020-08-21 13:48:33.435000,19740.0,19840.0,19695.0,19820.0,nan,19765.0,3900,385417500.0,7470,19750.0,1,19740.0,10,nan,0,nan,0,nan,0,nan,0,nan,0,nan,0,nan,0,nan,0
1597988913502811904,1597988914000000000,2020-08-21 13:48:34.000000,19740.0,19840.0,19695.0,19820.0,nan,19765.0,3900,385417500.0,7470,19740.0,1,19735.0,113,nan,0,nan,0,nan,0,nan,0,nan,0,nan,0,nan,0,nan,0
1597988913981614080,1597988914437999872,2020-08-21 13:48:34.438000,19740.0,19840.0,19695.0,19820.0,nan,19765.0,3901,385516325.0,7471,19745.0,21,19735.0,13,nan,0,nan,0,nan,0,nan,0,nan,0,nan,0,nan,0,nan,0
1597988914476796928,1597988915000000000,2020-08-21 13:48:35.000000,19745.0,19840.0,19695.0,19820.0,nan,19765.0,3902,385615150.0,7470,19745.0,10,19735.0,13,nan,0,nan,0,nan,0,nan,0,nan,0,nan,0,nan,0,nan,0
1597988914984473088,1597988915433000192,2020-08-21 13:48:35.433000,19745.0,19840.0,19695.0,19820.0,nan,19765.0,3902,385615150.0,7470,19750.0,80,19735.0,13,nan,0,nan,0,nan,0,nan,0,nan,0,nan,0,nan,0,nan,0
1597988915476898048,1597988916000000000,2020-08-21 13:48:36.000000,19745.0,19840.0,19695.0,19820.0,nan,19765.0,3902,385615150.0,7470,19750.0,80,19735.0,23,nan,0,nan,0,nan,0,nan,0,nan,0,nan,0,nan,0,nan,0
1597988915976027904,1597988916430000128,2020-08-21 13:48:36.430000,19745.0,19840.0,19695.0,19820.0,nan,19765.0,3902,385615150.0,7470,19745.0,1,19735.0,33,nan,0,nan,0,nan,0,nan,0,nan,0,nan,0,nan,0,nan,0
1597988916477101056,1597988917000000000,2020-08-21 13:48:37.000000,19745.0,19840.0,19695.0,19820.0,nan,19765.0,3902,385615150.0,7470,19745.0,2,19735.0,23,nan,0,nan,0,nan,0,nan,0,nan,0,nan,0,nan,0,nan,0
1597988917479468032,1597988917928999936,2020-08-21 13:48:37.929000,19745.0,19840.0,19695.0,19820.0,nan,19765.0,3902,385615150.0,7470,19745.0,2,19735.0,13,nan,0,nan,0,nan,0,nan,0,nan,0,nan,0,nan,0,nan,0
1597988919970983936,1597988920430000128,2020-08-21 13:48:40.430000,19745.0,19840.0,19695.0,19820.0,nan,19765.0,3902,385615150.0,7470,19745.0,8,19735.0,13,nan,0,nan,0,nan,0,nan,0,nan,0,nan,0,nan,0,nan,0
1597988922971171072,1597988923412000000,2020-08-21 13:48:43.412000,19745.0,19840.0,19695.0,19820.0,nan,19765.0,3902,385615150.0,7470,19745.0,9,19735.0,13,nan,0,nan,0,nan,0,nan,0,nan,0,nan,0,nan,0,nan,0
1597988925976848896,1597988926435000064,2020-08-21 13:48:46.435000,19745.0,19840.0,19695.0,19820.0,nan,19765.0,3902,385615150.0,7470,19745.0,10,19735.0,13,nan,0,nan,0,nan,0,nan,0,nan,0,nan,0,nan,0,nan,0
1597988927981419008,1597988928438999808,2020-08-21 13:48:48.439000,19740.0,19840.0,19695.0,19820.0,nan,19765.0,3903,385713975.0,7470,19745.0,10,19735.0,53,nan,0,nan,0,nan,0,nan,0,nan,0,nan,0,nan,0,nan,0
1597988928977321984,1597988929417999872,2020-08-21 13:48:49.418000,19740.0,19840.0,19695.0,19820.0,nan,19765.0,3903,385713975.0,7470,19740.0,1,19735.0,23,nan,0,nan,0,nan,0,nan,0,nan,0,nan,0,nan,0,nan,0
1597988929475773952,1597988930000000000,2020-08-21 13:48:50.000000,19740.0,19840.0,19695.0,19820.0,nan,19765.0,3904,385812800.0,7471,19745.0,69,19735.0,2,nan,0,nan,0,nan,0,nan,0,nan,0,nan,0,nan,0,nan,0
1597988929977088000,1597988930400999936,2020-08-21 13:48:50.401000,19740.0,19840.0,19695.0,19820.0,nan,19765.0,3904,385812800.0,7471,19745.0,40,19735.0,3,nan,0,nan,0,nan,0,nan,0,nan,0,nan,0,nan,0,nan,0
1597988930477616896,1597988931000000000,2020-08-21 13:48:51.000000,19740.0,19840.0,19695.0,19820.0,nan,19765.0,3904,385812800.0,7471,19745.0,20,19735.0,3,nan,0,nan,0,nan,0,nan,0,nan,0,nan,0,nan,0,nan,0
1597988930979299072,1597988931434000128,2020-08-21 13:48:51.434000,19740.0,19840.0,19695.0,19820.0,nan,19765.0,3904,385812800.0,7471,19745.0,19,19735.0,3,nan,0,nan,0,nan,0,nan,0,nan,0,nan,0,nan,0,nan,0
1597988931978266880,1597988932421999872,2020-08-21 13:48:52.422000,19740.0,19840.0,19695.0,19820.0,nan,19765.0,3904,385812800.0,7471,19745.0,18,19735.0,3,nan,0,nan,0,nan,0,nan,0,nan,0,nan,0,nan,0,nan,0
1597988932980559872,1597988933414000128,2020-08-21 13:48:53.414000,19740.0,19840.0,19695.0,19820.0,nan,19765.0,3905,385911625.0,7472,19745.0,17,19735.0,3,nan,0,nan,0,nan,0,nan,0,nan,0,nan,0,nan,0,nan,0
1597988934021938944,1597988934428999936,2020-08-21 13:48:54.429000,19740.0,19840.0,19695.0,19820.0,nan,19765.0,3905,385911625.0,7472,19745.0,21,19735.0,3,nan,0,nan,0,nan,0,nan,0,nan,0,nan,0,nan,0,nan,0
1597988934988987904,1597988935436999936,2020-08-21 13:48:55.437000,19735.0,19840.0,19695.0,19820.0,nan,19765.0,3912,386603400.0,7478,19740.0,31,19730.0,76,nan,0,nan,0,nan,0,nan,0,nan,0,nan,0,nan,0,nan,0
1597988935491075072,1597988936000000000,2020-08-21 13:48:56.000000,19735.0,19840.0,19695.0,19820.0,nan,19765.0,3912,386603400.0,7478,19740.0,1,19730.0,76,nan,0,nan,0,nan,0,nan,0,nan,0,nan,0,nan,0,nan,0
1597988936491163904,1597988936908000000,2020-08-21 13:48:56.908000,19735.0,19840.0,19695.0,19820.0,nan,19765.0,3912,386603400.0,7478,19740.0,2,19730.0,76,nan,0,nan,0,nan,0,nan,0,nan,0,nan,0,nan,0,nan,0
1597988937979546880,1597988938432000000,2020-08-21 13:48:58.432000,19735.0,19840.0,19695.0,19820.0,nan,19765.0,3912,386603400.0,7478,19735.0,1,19730.0,36,nan,0,nan,0,nan,0,nan,0,nan,0,nan,0,nan,0,nan,0
1597988938476848896,1597988939000000000,2020-08-21 13:48:59.000000,19735.0,19840.0,19695.0,19820.0,nan,19765.0,3912,386603400.0,7478,19735.0,1,19730.0,6,nan,0,nan,0,nan,0,nan,0,nan,0,nan,0,nan,0,nan,0
1597988938975399936,1597988939436000000,2020-08-21 13:48:59.436000,19735.0,19840.0,19695.0,19820.0,nan,19765.0,3912,386603400.0,7478,19735.0,14,19730.0,6,nan,0,nan,0,nan,0,nan,0,nan,0,nan,0,nan,0,nan,0
1597988939981982976,1597988940435000064,2020-08-21 13:49:00.435000,19735.0,19840.0,19695.0,19820.0,nan,19765.0,3913,386702225.0,7479,19735.0,13,19730.0,5,nan,0,nan,0,nan,0,nan,0,nan,0,nan,0,nan,0,nan,0
1597988940981103104,1597988941436999936,2020-08-21 13:49:01.437000,19735.0,19840.0,19695.0,19820.0,nan,19765.0,3913,386702225.0,7479,19735.0,14,19730.0,5,nan,0,nan,0,nan,0,nan,0,nan,0,nan,0,nan,0,nan,0
1597988943985965056,1597988944421999872,2020-08-21 13:49:04.422000,19735.0,19840.0,19695.0,19820.0,nan,19765.0,3913,386702225.0,7479,19735.0,15,19730.0,5,nan,0,nan,0,nan,0,nan,0,nan,0,nan,0,nan,0,nan,0
1597988946987527936,1597988947418999808,2020-08-21 13:49:07.419000,19735.0,19840.0,19695.0,19820.0,nan,19765.0,3913,386702225.0,7479,19735.0,16,19730.0,5,nan,0,nan,0,nan,0,nan,0,nan,0,nan,0,nan,0,nan,0
1597988949985843968,1597988950432000000,2020-08-21 13:49:10.432000,19735.0,19840.0,19695.0,19820.0,nan,19765.0,3913,386702225.0,7479,19735.0,17,19730.0,5,nan,0,nan,0,nan,0,nan,0,nan,0,nan,0,nan,0,nan,0
1597988950490055936,1597988951000000000,2020-08-21 13:49:11.000000,19735.0,19840.0,19695.0,19820.0,nan,19765.0,3913,386702225.0,7479,19735.0,18,19730.0,5,nan,0,nan,0,nan,0,nan,0,nan,0,nan,0,nan,0,nan,0
1597988953488463104,1597988954000000000,2020-08-21 13:49:14.000000,19735.0,19840.0,19695.0,19820.0,nan,19765.0,3913,386702225.0,7479,19735.0,19,19730.0,5,nan,0,nan,0,nan,0,nan,0,nan,0,nan,0,nan,0,nan,0
1597988955499898880,1597988956000000000,2020-08-21 13:49:16.000000,19735.0,19840.0,19695.0,19820.0,nan,19765.0,3913,386702225.0,7479,19735.0,19,19730.0,6,nan,0,nan,0,nan,0,nan,0,nan,0,nan,0,nan,0,nan,0
1597988955991208960,1597988956401999872,2020-08-21 13:49:16.402000,19735.0,19840.0,19695.0,19820.0,nan,19765.0,3913,386702225.0,7479,19735.0,20,19730.0,6,nan,0,nan,0,nan,0,nan,0,nan,0,nan,0,nan,0,nan,0
1597988957991744000,1597988958405999872,2020-08-21 13:49:18.406000,19735.0,19840.0,19695.0,19820.0,nan,19765.0,3914,386801050.0,7480,19735.0,19,19730.0,6,nan,0,nan,0,nan,0,nan,0,nan,0,nan,0,nan,0,nan,0
1597988958990878976,1597988959420999936,2020-08-21 13:49:19.421000,19735.0,19840.0,19695.0,19820.0,nan,19765.0,3914,386801050.0,7480,19735.0,20,19730.0,6,nan,0,nan,0,nan,0,nan,0,nan,0,nan,0,nan,0,nan,0
1597988960495857920,1597988961000000000,2020-08-21 13:49:21.000000,19735.0,19840.0,19695.0,19820.0,nan,19765.0,3915,386899875.0,7480,19735.0,19,19730.0,6,nan,0,nan,0,nan,0,nan,0,nan,0,nan,0,nan,0,nan,0
1597988961994604032,1597988962438999808,2020-08-21 13:49:22.439000,19735.0,19840.0,19695.0,19820.0,nan,19765.0,3915,386899875.0,7480,19735.0,20,19730.0,6,nan,0,nan,0,nan,0,nan,0,nan,0,nan,0,nan,0,nan,0
1597988965498572032,1597988966000000000,2020-08-21 13:49:26.000000,19735.0,19840.0,19695.0,19820.0,nan,19765.0,3915,386899875.0,7480,19735.0,21,19730.0,6,nan,0,nan,0,nan,0,nan,0,nan,0,nan,0,nan,0,nan,0
1597988965998371072,1597988966424999936,2020-08-21 13:49:26.425000,19730.0,19840.0,19695.0,19820.0,nan,19765.0,3918,387196350.0,7480,19735.0,21,19730.0,2,nan,0,nan,0,nan,0,nan,0,nan,0,nan,0,nan,0,nan,0
1597988966495664896,1597988967000000000,2020-08-21 13:49:27.000000,19730.0,19840.0,19695.0,19820.0,nan,19765.0,3920,387394000.0,7481,19735.0,21,19725.0,82,nan,0,nan,0,nan,0,nan,0,nan,0,nan,0,nan,0,nan,0
1597988966994522880,1597988967438999808,2020-08-21 13:49:27.439000,19730.0,19840.0,19695.0,19820.0,nan,19765.0,3920,387394000.0,7481,19735.0,20,19725.0,52,nan,0,nan,0,nan,0,nan,0,nan,0,nan,0,nan,0,nan,0
1597988967488361984,1597988968000000000,2020-08-21 13:49:28.000000,19730.0,19840.0,19695.0,19820.0,nan,19765.0,3920,387394000.0,7481,19735.0,19,19725.0,32,nan,0,nan,0,nan,0,nan,0,nan,0,nan,0,nan,0,nan,0
1597988967992334080,1597988968401999872,2020-08-21 13:49:28.402000,19730.0,19840.0,19695.0,19820.0,nan,19765.0,3920,387394000.0,7481,19735.0,19,19725.0,12,nan,0,nan,0,nan,0,nan,0,nan,0,nan,0,nan,0,nan,0
1597988968490428928,1597988969000000000,2020-08-21 13:49:29.000000,19730.0,19840.0,19695.0,19820.0,nan,19765.0,3920,387394000.0,7481,19730.0,1,19725.0,2,nan,0,nan,0,nan,0,nan,0,nan,0,nan,0,nan,0,nan,0
1597988971495917056,1597988972000000000,2020-08-21 13:49:32.000000,19730.0,19840.0,19695.0,19820.0,nan,19765.0,3921,387492825.0,7482,19730.0,1,19725.0,2,nan,0,nan,0,nan,0,nan,0,nan,0,nan,0,nan,0,nan,0
1597988972495837952,1597988973000000000,2020-08-21 13:49:33.000000,19730.0,19840.0,19695.0,19820.0,nan,19765.0,3921,387492825.0,7482,19730.0,1,19725.0,3,nan,0,nan,0,nan,0,nan,0,nan,0,nan,0,nan,0,nan,0
1597988972993132032,1597988973437999872,2020-08-21 13:49:33.438000,19730.0,19840.0,19695.0,19820.0,nan,19765.0,3922,387591650.0,7483,19735.0,61,19725.0,2,nan,0,nan,0,nan,0,nan,0,nan,0,nan,0,nan,0,nan,0
1597988973489707008,1597988974000000000,2020-08-21 13:49:34.000000,19730.0,19840.0,19695.0,19820.0,nan,19765.0,3922,387591650.0,7483,19735.0,62,19725.0,2,nan,0,nan,0,nan,0,nan,0,nan,0,nan,0,nan,0,nan,0
1597988974500439040,1597988975000000000,2020-08-21 13:49:35.000000,19730.0,19840.0,19695.0,19820.0,nan,19765.0,3922,387591650.0,7483,19730.0,1,19725.0,2,nan,0,nan,0,nan,0,nan,0,nan,0,nan,0,nan,0,nan,0
1597988976996937984,1597988977435000064,2020-08-21 13:49:37.435000,19730.0,19840.0,19695.0,19820.0,nan,19765.0,3922,387591650.0,7483,19730.0,1,19725.0,3,nan,0,nan,0,nan,0,nan,0,nan,0,nan,0,nan,0,nan,0
1597988977497641984,1597988978000000000,2020-08-21 13:49:38.000000,19730.0,19840.0,19695.0,19820.0,nan,19765.0,3922,387591650.0,7483,19730.0,2,19725.0,3,nan,0,nan,0,nan,0,nan,0,nan,0,nan,0,nan,0,nan,0
1597988980505885952,1597988981000000000,2020-08-21 13:49:41.000000,19730.0,19840.0,19695.0,19820.0,nan,19765.0,3922,387591650.0,7483,19730.0,3,19725.0,3,nan,0,nan,0,nan,0,nan,0,nan,0,nan,0,nan,0,nan,0
1597988983503328000,1597988984000000000,2020-08-21 13:49:44.000000,19730.0,19840.0,19695.0,19820.0,nan,19765.0,3925,387888125.0,7486,19730.0,1,19725.0,3,nan,0,nan,0,nan,0,nan,0,nan,0,nan,0,nan,0,nan,0
1597988986507751936,1597988987000000000,2020-08-21 13:49:47.000000,19730.0,19840.0,19695.0,19820.0,nan,19765.0,3925,387888125.0,7486,19730.0,2,19725.0,3,nan,0,nan,0,nan,0,nan,0,nan,0,nan,0,nan,0,nan,0
1597988989498612992,1597988990000000000,2020-08-21 13:49:50.000000,19730.0,19840.0,19695.0,19820.0,nan,19765.0,3928,388184600.0,7486,19735.0,61,19725.0,3,nan,0,nan,0,nan,0,nan,0,nan,0,nan,0,nan,0,nan,0
1597988992500857088,1597988993000000000,2020-08-21 13:49:53.000000,19730.0,19840.0,19695.0,19820.0,nan,19765.0,3928,388184600.0,7486,19730.0,1,19725.0,3,nan,0,nan,0,nan,0,nan,0,nan,0,nan,0,nan,0,nan,0
1597988995507496960,1597988996000000000,2020-08-21 13:49:56.000000,19730.0,19840.0,19695.0,19820.0,nan,19765.0,3928,388184600.0,7486,19730.0,2,19725.0,3,nan,0,nan,0,nan,0,nan,0,nan,0,nan,0,nan,0,nan,0
1597988998504689920,1597988999000000000,2020-08-21 13:49:59.000000,19725.0,19840.0,19695.0,19820.0,nan,19765.0,3929,388283425.0,7486,19730.0,3,19725.0,2,nan,0,nan,0,nan,0,nan,0,nan,0,nan,0,nan,0,nan,0
1597988999008652032,1597988999432000000,2020-08-21 13:49:59.432000,19725.0,19840.0,19695.0,19820.0,nan,19765.0,3929,388283425.0,7486,19730.0,3,19725.0,2,nan,0,nan,0,nan,0,nan,0,nan,0,nan,0,nan,0,nan,0
1597989000006267904,1597989000426000128,2020-08-21 13:50:00.426000,19725.0,19840.0,19695.0,19820.0,nan,19765.0,3929,388283425.0,7486,19730.0,3,19725.0,3,nan,0,nan,0,nan,0,nan,0,nan,0,nan,0,nan,0,nan,0
1597989000507183104,1597989001000000000,2020-08-21 13:50:01.000000,19725.0,19840.0,19695.0,19820.0,nan,19765.0,3929,388283425.0,7486,19730.0,2,19725.0,3,nan,0,nan,0,nan,0,nan,0,nan,0,nan,0,nan,0,nan,0
1597989001513096960,1597989002000000000,2020-08-21 13:50:02.000000,19725.0,19840.0,19695.0,19820.0,nan,19765.0,3930,388382250.0,7487,19730.0,2,19725.0,3,nan,0,nan,0,nan,0,nan,0,nan,0,nan,0,nan,0,nan,0
1597989002013044992,1597989002438999808,2020-08-21 13:50:02.439000,19725.0,19840.0,19695.0,19820.0,nan,19765.0,3930,388382250.0,7487,19730.0,5,19725.0,3,nan,0,nan,0,nan,0,nan,0,nan,0,nan,0,nan,0,nan,0
1597989002513602048,1597989003000000000,2020-08-21 13:50:03.000000,19725.0,19840.0,19695.0,19820.0,nan,19765.0,3930,388382250.0,7487,19730.0,4,19725.0,3,nan,0,nan,0,nan,0,nan,0,nan,0,nan,0,nan,0,nan,0
1597989003511458048,1597989004000000000,2020-08-21 13:50:04.000000,19725.0,19840.0,19695.0,19820.0,nan,19765.0,3930,388382250.0,7487,19730.0,3,19725.0,3,nan,0,nan,0,nan,0,nan,0,nan,0,nan,0,nan,0,nan,0
1597989004509720064,1597989004916999936,2020-08-21 13:50:04.917000,19725.0,19840.0,19695.0,19820.0,nan,19765.0,3931,388481075.0,7488,19730.0,3,19725.0,2,nan,0,nan,0,nan,0,nan,0,nan,0,nan,0,nan,0,nan,0
1597989007518319104,1597989008000000000,2020-08-21 13:50:08.000000,19725.0,19840.0,19695.0,19820.0,nan,19765.0,3932,388579900.0,7488,19730.0,3,19725.0,1,nan,0,nan,0,nan,0,nan,0,nan,0,nan,0,nan,0,nan,0
1597989010517842944,1597989011000000000,2020-08-21 13:50:11.000000,19725.0,19840.0,19695.0,19820.0,nan,19765.0,3933,388678725.0,7489,19730.0,3,19720.0,81,nan,0,nan,0,nan,0,nan,0,nan,0,nan,0,nan,0,nan,0
1597989011005683968,1597989011434000128,2020-08-21 13:50:11.434000,19725.0,19840.0,19695.0,19820.0,nan,19765.0,3933,388678725.0,7489,19730.0,3,19720.0,81,nan,0,nan,0,nan,0,nan,0,nan,0,nan,0,nan,0,nan,0
1597989013510437120,1597989014000000000,2020-08-21 13:50:14.000000,19725.0,19840.0,19695.0,19820.0,nan,19765.0,3933,388678725.0,7489,19725.0,1,19720.0,81,nan,0,nan,0,nan,0,nan,0,nan,0,nan,0,nan,0,nan,0
1597989014021744128,1597989014437999872,2020-08-21 13:50:14.438000,19725.0,19840.0,19695.0,19820.0,nan,19765.0,3933,388678725.0,7489,19725.0,1,19720.0,11,nan,0,nan,0,nan,0,nan,0,nan,0,nan,0,nan,0,nan,0
1597989014509583104,1597989015000000000,2020-08-21 13:50:15.000000,19725.0,19840.0,19695.0,19820.0,nan,19765.0,3933,388678725.0,7489,19725.0,1,19720.0,1,nan,0,nan,0,nan,0,nan,0,nan,0,nan,0,nan,0,nan,0
1597989016514626048,1597989017000000000,2020-08-21 13:50:17.000000,19725.0,19840.0,19695.0,19820.0,nan,19765.0,3933,388678725.0,7489,19725.0,2,19720.0,1,nan,0,nan,0,nan,0,nan,0,nan,0,nan,0,nan,0,nan,0
1597989019523661056,1597989020000000000,2020-08-21 13:50:20.000000,19725.0,19840.0,19695.0,19820.0,nan,19765.0,3933,388678725.0,7489,19725.0,3,19720.0,1,nan,0,nan,0,nan,0,nan,0,nan,0,nan,0,nan,0,nan,0
1597989022511934976,1597989023000000000,2020-08-21 13:50:23.000000,19725.0,19840.0,19695.0,19820.0,nan,19765.0,3933,388678725.0,7489,19725.0,4,19720.0,1,nan,0,nan,0,nan,0,nan,0,nan,0,nan,0,nan,0,nan,0
1597989025515708928,1597989026000000000,2020-08-21 13:50:26.000000,19725.0,19840.0,19695.0,19820.0,nan,19765.0,3933,388678725.0,7489,19725.0,5,19720.0,1,nan,0,nan,0,nan,0,nan,0,nan,0,nan,0,nan,0,nan,0
1597989026510789120,1597989027000000000,2020-08-21 13:50:27.000000,19720.0,19840.0,19695.0,19820.0,nan,19765.0,3934,388777550.0,7489,19725.0,5,19720.0,1,nan,0,nan,0,nan,0,nan,0,nan,0,nan,0,nan,0,nan,0
1597989027010306048,1597989027426000128,2020-08-21 13:50:27.426000,19720.0,19840.0,19695.0,19820.0,nan,19765.0,3935,388876375.0,7490,19725.0,5,19715.0,83,nan,0,nan,0,nan,0,nan,0,nan,0,nan,0,nan,0,nan,0
1597989027512933120,1597989028000000000,2020-08-21 13:50:28.000000,19720.0,19840.0,19695.0,19820.0,nan,19765.0,3935,388876375.0,7490,19725.0,4,19715.0,83,nan,0,nan,0,nan,0,nan,0,nan,0,nan,0,nan,0,nan,0
1597989028517669120,1597989029000000000,2020-08-21 13:50:29.000000,19720.0,19840.0,19695.0,19820.0,nan,19765.0,3935,388876375.0,7490,19720.0,1,19715.0,83,nan,0,nan,0,nan,0,nan,0,nan,0,nan,0,nan,0,nan,0
1597989029014411008,1597989029424000000,2020-08-21 13:50:29.424000,19720.0,19840.0,19695.0,19820.0,nan,19765.0,3935,388876375.0,7490,19720.0,1,19715.0,13,nan,0,nan,0,nan,0,nan,0,nan,0,nan,0,nan,0,nan,0
1597989029515702016,1597989030000000000,2020-08-21 13:50:30.000000,19720.0,19840.0,19695.0,19820.0,nan,19765.0,3935,388876375.0,7490,19720.0,1,19715.0,3,nan,0,nan,0,nan,0,nan,0,nan,0,nan,0,nan,0,nan,0
1597989031516239872,1597989032000000000,2020-08-21 13:50:32.000000,19720.0,19840.0,19695.0,19820.0,nan,19765.0,3935,388876375.0,7490,19720.0,2,19715.0,3,nan,0,nan,0,nan,0,nan,0,nan,0,nan,0,nan,0,nan,0
1597989034518632960,1597989035000000000,2020-08-21 13:50:35.000000,19720.0,19840.0,19695.0,19820.0,nan,19765.0,3935,388876375.0,7490,19720.0,3,19715.0,3,nan,0,nan,0,nan,0,nan,0,nan,0,nan,0,nan,0,nan,0
1597989036523704064,1597989037000000000,2020-08-21 13:50:37.000000,19720.0,19840.0,19695.0,19820.0,nan,19765.0,3936,388975200.0,7491,19720.0,2,19715.0,3,nan,0,nan,0,nan,0,nan,0,nan,0,nan,0,nan,0,nan,0
1597989037022384128,1597989037432000000,2020-08-21 13:50:37.432000,19720.0,19840.0,19695.0,19820.0,nan,19765.0,3938,389172850.0,7492,19725.0,60,19715.0,3,nan,0,nan,0,nan,0,nan,0,nan,0,nan,0,nan,0,nan,0
1597989037520775936,1597989038000000000,2020-08-21 13:50:38.000000,19720.0,19840.0,19695.0,19820.0,nan,19765.0,3938,389172850.0,7492,19720.0,1,19715.0,3,nan,0,nan,0,nan,0,nan,0,nan,0,nan,0,nan,0,nan,0
1597989039528358912,1597989040000000000,2020-08-21 13:50:40.000000,19720.0,19840.0,19695.0,19820.0,nan,19765.0,3939,389271675.0,7493,19725.0,50,19715.0,3,nan,0,nan,0,nan,0,nan,0,nan,0,nan,0,nan,0,nan,0
1597989040021966080,1597989040432000000,2020-08-21 13:50:40.432000,19720.0,19840.0,19695.0,19820.0,nan,19765.0,3939,389271675.0,7493,19725.0,35,19715.0,3,nan,0,nan,0,nan,0,nan,0,nan,0,nan,0,nan,0,nan,0
1597989040527363072,1597989041000000000,2020-08-21 13:50:41.000000,19720.0,19840.0,19695.0,19820.0,nan,19765.0,3939,389271675.0,7493,19720.0,1,19715.0,3,nan,0,nan,0,nan,0,nan,0,nan,0,nan,0,nan,0,nan,0
1597989043516775936,1597989044000000000,2020-08-21 13:50:44.000000,19720.0,19840.0,19695.0,19820.0,nan,19765.0,3939,389271675.0,7493,19720.0,2,19715.0,3,nan,0,nan,0,nan,0,nan,0,nan,0,nan,0,nan,0,nan,0
1597989044020568064,1597989044416999936,2020-08-21 13:50:44.417000,19720.0,19840.0,19695.0,19820.0,nan,19765.0,3941,389469325.0,7495,19725.0,65,19715.0,3,nan,0,nan,0,nan,0,nan,0,nan,0,nan,0,nan,0,nan,0
1597989044517338880,1597989045000000000,2020-08-21 13:50:45.000000,19720.0,19840.0,19695.0,19820.0,nan,19765.0,3941,389469325.0,7495,19725.0,45,19715.0,3,nan,0,nan,0,nan,0,nan,0,nan,0,nan,0,nan,0,nan,0
1597989045023026944,1597989045427000064,2020-08-21 13:50:45.427000,19720.0,19840.0,19695.0,19820.0,nan,19765.0,3941,389469325.0,7495,19725.0,25,19715.0,3,nan,0,nan,0,nan,0,nan,0,nan,0,nan,0,nan,0,nan,0
1597989045517166080,1597989045936999936,2020-08-21 13:50:45.937000,19720.0,19840.0,19695.0,19820.0,nan,19765.0,3941,389469325.0,7495,19725.0,15,19715.0,3,nan,0,nan,0,nan,0,nan,0,nan,0,nan,0,nan,0,nan,0
1597989046521840128,1597989047000000000,2020-08-21 13:50:47.000000,19720.0,19840.0,19695.0,19820.0,nan,19765.0,3941,389469325.0,7495,19720.0,1,19715.0,3,nan,0,nan,0,nan,0,nan,0,nan,0,nan,0,nan,0,nan,0
1597989049521835008,1597989050000000000,2020-08-21 13:50:50.000000,19720.0,19840.0,19695.0,19820.0,nan,19765.0,3941,389469325.0,7495,19720.0,2,19715.0,3,nan,0,nan,0,nan,0,nan,0,nan,0,nan,0,nan,0,nan,0
1597989054027352064,1597989054430000128,2020-08-21 13:50:54.430000,19720.0,19840.0,19695.0,19820.0,nan,19765.0,3941,389469325.0,7495,19720.0,7,19715.0,3,nan,0,nan,0,nan,0,nan,0,nan,0,nan,0,nan,0,nan,0
1597989062529751040,1597989063000000000,2020-08-21 13:51:03.000000,19715.0,19840.0,19695.0,19820.0,nan,19765.0,3945,389864625.0,7492,19720.0,7,19710.0,82,nan,0,nan,0,nan,0,nan,0,nan,0,nan,0,nan,0,nan,0
1597989063036482048,1597989063434000128,2020-08-21 13:51:03.434000,19715.0,19840.0,19695.0,19820.0,nan,19765.0,3945,389864625.0,7492,19720.0,7,19710.0,32,nan,0,nan,0,nan,0,nan,0,nan,0,nan,0,nan,0,nan,0
1597989063533935104,1597989064000000000,2020-08-21 13:51:04.000000,19715.0,19840.0,19695.0,19820.0,nan,19765.0,3945,389864625.0,7492,19720.0,7,19710.0,12,nan,0,nan,0,nan,0,nan,0,nan,0,nan,0,nan,0,nan,0
1597989065035983104,1597989065416999936,2020-08-21 13:51:05.417000,19715.0,19840.0,19695.0,19820.0,nan,19765.0,3945,389864625.0,7492,19720.0,6,19710.0,12,nan,0,nan,0,nan,0,nan,0,nan,0,nan,0,nan,0,nan,0
1597989066043569920,1597989066435000064,2020-08-21 13:51:06.435000,19715.0,19840.0,19695.0,19820.0,nan,19765.0,3945,389864625.0,7492,19720.0,7,19710.0,12,nan,0,nan,0,nan,0,nan,0,nan,0,nan,0,nan,0,nan,0
1597989066535203072,1597989067000000000,2020-08-21 13:51:07.000000,19715.0,19840.0,19695.0,19820.0,nan,19765.0,3945,389864625.0,7492,19720.0,8,19710.0,12,nan,0,nan,0,nan,0,nan,0,nan,0,nan,0,nan,0,nan,0
1597989067039804928,1597989067421999872,2020-08-21 13:51:07.422000,19715.0,19840.0,19695.0,19820.0,nan,19765.0,3945,389864625.0,7492,19720.0,7,19710.0,12,nan,0,nan,0,nan,0,nan,0,nan,0,nan,0,nan,0,nan,0
1597989068041511936,1597989068431000064,2020-08-21 13:51:08.431000,19715.0,19840.0,19695.0,19820.0,nan,19765.0,3945,389864625.0,7492,19715.0,2,19710.0,12,nan,0,nan,0,nan,0,nan,0,nan,0,nan,0,nan,0,nan,0
1597989068538765056,1597989069000000000,2020-08-21 13:51:09.000000,19715.0,19840.0,19695.0,19820.0,nan,19765.0,3945,389864625.0,7492,19715.0,2,19710.0,2,nan,0,nan,0,nan,0,nan,0,nan,0,nan,0,nan,0,nan,0
1597989071031986944,1597989071408000000,2020-08-21 13:51:11.408000,19715.0,19840.0,19695.0,19820.0,nan,19765.0,3945,389864625.0,7492,19715.0,3,19710.0,2,nan,0,nan,0,nan,0,nan,0,nan,0,nan,0,nan,0,nan,0
1597989082033202944,1597989082432000000,2020-08-21 13:51:22.432000,19715.0,19840.0,19695.0,19820.0,nan,19765.0,3945,389864625.0,7492,19715.0,3,19710.0,3,nan,0,nan,0,nan,0,nan,0,nan,0,nan,0,nan,0,nan,0
1597989082539021056,1597989083000000000,2020-08-21 13:51:23.000000,19715.0,19840.0,19695.0,19820.0,nan,19765.0,3946,389963450.0,7493,19715.0,2,19710.0,3,nan,0,nan,0,nan,0,nan,0,nan,0,nan,0,nan,0,nan,0
1597989088037396992,1597989088418999808,2020-08-21 13:51:28.419000,19715.0,19840.0,19695.0,19820.0,nan,19765.0,3947,390062275.0,7493,19715.0,1,19710.0,3,nan,0,nan,0,nan,0,nan,0,nan,0,nan,0,nan,0,nan,0
1597989094547653888,1597989095000000000,2020-08-21 13:51:35.000000,19715.0,19840.0,19695.0,19820.0,nan,19765.0,3947,390062275.0,7493,19715.0,1,19710.0,4,nan,0,nan,0,nan,0,nan,0,nan,0,nan,0,nan,0,nan,0
1597989096043008000,1597989096433000192,2020-08-21 13:51:36.433000,19715.0,19840.0,19695.0,19820.0,nan,19765.0,3948,390161100.0,7494,19720.0,87,19710.0,4,nan,0,nan,0,nan,0,nan,0,nan,0,nan,0,nan,0,nan,0
1597989096546065920,1597989097000000000,2020-08-21 13:51:37.000000,19715.0,19840.0,19695.0,19820.0,nan,19765.0,3948,390161100.0,7494,19720.0,57,19710.0,4,nan,0,nan,0,nan,0,nan,0,nan,0,nan,0,nan,0,nan,0
1597989097042413056,1597989097424000000,2020-08-21 13:51:37.424000,19715.0,19840.0,19695.0,19820.0,nan,19765.0,3948,390161100.0,7494,19720.0,47,19710.0,4,nan,0,nan,0,nan,0,nan,0,nan,0,nan,0,nan,0,nan,0
1597989097544814080,1597989097936000000,2020-08-21 13:51:37.936000,19715.0,19840.0,19695.0,19820.0,nan,19765.0,3948,390161100.0,7494,19720.0,27,19710.0,4,nan,0,nan,0,nan,0,nan,0,nan,0,nan,0,nan,0,nan,0
1597989098049181952,1597989098395000064,2020-08-21 13:51:38.395000,19715.0,19840.0,19695.0,19820.0,nan,19765.0,3948,390161100.0,7494,19720.0,17,19710.0,4,nan,0,nan,0,nan,0,nan,0,nan,0,nan,0,nan,0,nan,0
1597989101038851072,1597989101436000000,2020-08-21 13:51:41.436000,19715.0,19840.0,19695.0,19820.0,nan,19765.0,3949,390259925.0,7494,19720.0,17,19710.0,34,nan,0,nan,0,nan,0,nan,0,nan,0,nan,0,nan,0,nan,0
1597989101543619072,1597989101921999872,2020-08-21 13:51:41.922000,19715.0,19840.0,19695.0,19820.0,nan,19765.0,3949,390259925.0,7494,19720.0,7,19710.0,14,nan,0,nan,0,nan,0,nan,0,nan,0,nan,0,nan,0,nan,0
1597989105046180096,1597989105380999936,2020-08-21 13:51:45.381000,19720.0,19840.0,19695.0,19820.0,nan,19765.0,3952,390556400.0,7497,19720.0,4,19710.0,14,nan,0,nan,0,nan,0,nan,0,nan,0,nan,0,nan,0,nan,0
1597989107042279936,1597989107390000128,2020-08-21 13:51:47.390000,19720.0,19840.0,19695.0,19820.0,nan,19765.0,3952,390556400.0,7497,19720.0,4,19715.0,1,nan,0,nan,0,nan,0,nan,0,nan,0,nan,0,nan,0,nan,0
1597989109544956928,1597989110000000000,2020-08-21 13:51:50.000000,19720.0,19840.0,19695.0,19820.0,nan,19765.0,3952,390556400.0,7497,19720.0,5,19715.0,1,nan,0,nan,0,nan,0,nan,0,nan,0,nan,0,nan,0,nan,0
1597989111551152896,1597989112000000000,2020-08-21 13:51:52.000000,19720.0,19840.0,19695.0,19820.0,nan,19765.0,3954,390754050.0,7499,19720.0,3,19715.0,1,nan,0,nan,0,nan,0,nan,0,nan,0,nan,0,nan,0,nan,0
1597989112544744960,1597989113000000000,2020-08-21 13:51:53.000000,19720.0,19840.0,19695.0,19820.0,nan,19765.0,3955,390852875.0,7499,19720.0,3,19715.0,1,nan,0,nan,0,nan,0,nan,0,nan,0,nan,0,nan,0,nan,0
1597989113049703936,1597989113420999936,2020-08-21 13:51:53.421000,19720.0,19840.0,19695.0,19820.0,nan,19765.0,3955,390852875.0,7499,19720.0,3,19715.0,2,nan,0,nan,0,nan,0,nan,0,nan,0,nan,0,nan,0,nan,0
1597989120051494912,1597989120432000000,2020-08-21 13:52:00.432000,19715.0,19840.0,19695.0,19820.0,nan,19765.0,3956,390951700.0,7499,19720.0,3,19715.0,1,nan,0,nan,0,nan,0,nan,0,nan,0,nan,0,nan,0,nan,0
1597989120551204096,1597989121000000000,2020-08-21 13:52:01.000000,19715.0,19840.0,19695.0,19820.0,nan,19765.0,3957,391050525.0,7499,19720.0,3,19710.0,74,nan,0,nan,0,nan,0,nan,0,nan,0,nan,0,nan,0,nan,0
1597989122555040000,1597989123000000000,2020-08-21 13:52:03.000000,19710.0,19840.0,19695.0,19820.0,nan,19765.0,3958,391149350.0,7500,19715.0,1,19710.0,33,nan,0,nan,0,nan,0,nan,0,nan,0,nan,0,nan,0,nan,0
1597989123054458112,1597989123437999872,2020-08-21 13:52:03.438000,19710.0,19840.0,19695.0,19820.0,nan,19765.0,3960,391347000.0,7502,19715.0,1,19710.0,2,nan,0,nan,0,nan,0,nan,0,nan,0,nan,0,nan,0,nan,0
1597989123551987968,1597989124000000000,2020-08-21 13:52:04.000000,19710.0,19840.0,19695.0,19820.0,nan,19765.0,3962,391544650.0,7504,19715.0,2,19705.0,83,nan,0,nan,0,nan,0,nan,0,nan,0,nan,0,nan,0,nan,0
1597989124046810880,1597989124431000064,2020-08-21 13:52:04.431000,19710.0,19840.0,19695.0,19820.0,nan,19765.0,3962,391544650.0,7504,19710.0,1,19705.0,53,nan,0,nan,0,nan,0,nan,0,nan,0,nan,0,nan,0,nan,0
1597989124547078912,1597989125000000000,2020-08-21 13:52:05.000000,19710.0,19840.0,19695.0,19820.0,nan,19765.0,3962,391544650.0,7504,19710.0,2,19705.0,23,nan,0,nan,0,nan,0,nan,0,nan,0,nan,0,nan,0,nan,0
1597989125052385024,1597989125433000192,2020-08-21 13:52:05.433000,19710.0,19840.0,19695.0,19820.0,nan,19765.0,3962,391544650.0,7504,19710.0,2,19705.0,13,nan,0,nan,0,nan,0,nan,0,nan,0,nan,0,nan,0,nan,0
1597989125547902976,1597989126000000000,2020-08-21 13:52:06.000000,19710.0,19840.0,19695.0,19820.0,nan,19765.0,3962,391544650.0,7504,19710.0,2,19705.0,3,nan,0,nan,0,nan,0,nan,0,nan,0,nan,0,nan,0,nan,0
1597989129163846912,1597989129427000064,2020-08-21 13:52:09.427000,19710.0,19840.0,19695.0,19820.0,nan,19765.0,3964,391742300.0,7505,19715.0,50,19705.0,3,nan,0,nan,0,nan,0,nan,0,nan,0,nan,0,nan,0,nan,0
1597989129552376064,1597989130000000000,2020-08-21 13:52:10.000000,19710.0,19840.0,19695.0,19820.0,nan,19765.0,3965,391841125.0,7506,19715.0,51,19705.0,3,nan,0,nan,0,nan,0,nan,0,nan,0,nan,0,nan,0,nan,0
1597989130048934912,1597989130436000000,2020-08-21 13:52:10.436000,19710.0,19840.0,19695.0,19820.0,nan,19765.0,3966,391939950.0,7507,19715.0,61,19705.0,3,nan,0,nan,0,nan,0,nan,0,nan,0,nan,0,nan,0,nan,0
1597989130550637056,1597989131000000000,2020-08-21 13:52:11.000000,19710.0,19840.0,19695.0,19820.0,nan,19765.0,3966,391939950.0,7507,19715.0,40,19705.0,3,nan,0,nan,0,nan,0,nan,0,nan,0,nan,0,nan,0,nan,0
1597989131059657984,1597989131438999808,2020-08-21 13:52:11.439000,19710.0,19840.0,19695.0,19820.0,nan,19765.0,3966,391939950.0,7507,19715.0,10,19705.0,3,nan,0,nan,0,nan,0,nan,0,nan,0,nan,0,nan,0,nan,0
1597989131551501056,1597989132000000000,2020-08-21 13:52:12.000000,19710.0,19840.0,19695.0,19820.0,nan,19765.0,3966,391939950.0,7507,19720.0,112,19705.0,3,nan,0,nan,0,nan,0,nan,0,nan,0,nan,0,nan,0,nan,0
1597989132055773952,1597989132424000000,2020-08-21 13:52:12.424000,19710.0,19840.0,19695.0,19820.0,nan,19765.0,3966,391939950.0,7507,19720.0,132,19705.0,13,nan,0,nan,0,nan,0,nan,0,nan,0,nan,0,nan,0,nan,0
1597989132551724032,1597989133000000000,2020-08-21 13:52:13.000000,19710.0,19840.0,19695.0,19820.0,nan,19765.0,3966,391939950.0,7507,19720.0,132,19705.0,13,nan,0,nan,0,nan,0,nan,0,nan,0,nan,0,nan,0,nan,0
1597989133050387968,1597989133430000128,2020-08-21 13:52:13.430000,19710.0,19840.0,19695.0,19820.0,nan,19765.0,3966,391939950.0,7507,19720.0,92,19710.0,1,nan,0,nan,0,nan,0,nan,0,nan,0,nan,0,nan,0,nan,0
1597989133551494912,1597989133931000064,2020-08-21 13:52:13.931000,19710.0,19840.0,19695.0,19820.0,nan,19765.0,3966,391939950.0,7507,19720.0,72,19710.0,1,nan,0,nan,0,nan,0,nan,0,nan,0,nan,0,nan,0,nan,0
1597989135553804032,1597989136000000000,2020-08-21 13:52:16.000000,19710.0,19840.0,19695.0,19820.0,nan,19765.0,3966,391939950.0,7507,19720.0,52,19710.0,1,nan,0,nan,0,nan,0,nan,0,nan,0,nan,0,nan,0,nan,0
1597989136053452032,1597989136420999936,2020-08-21 13:52:16.421000,19710.0,19840.0,19695.0,19820.0,nan,19765.0,3966,391939950.0,7507,19720.0,32,19710.0,2,nan,0,nan,0,nan,0,nan,0,nan,0,nan,0,nan,0,nan,0
1597989136554999040,1597989137000000000,2020-08-21 13:52:17.000000,19710.0,19840.0,19695.0,19820.0,nan,19765.0,3966,391939950.0,7507,19720.0,12,19710.0,3,nan,0,nan,0,nan,0,nan,0,nan,0,nan,0,nan,0,nan,0
1597989160063254016,1597989160431000064,2020-08-21 13:52:40.431000,19710.0,19840.0,19695.0,19820.0,nan,19765.0,3966,391939950.0,7507,19720.0,27,19710.0,3,nan,0,nan,0,nan,0,nan,0,nan,0,nan,0,nan,0,nan,0
1597989192566493952,1597989193000000000,2020-08-21 13:53:13.000000,19710.0,19840.0,19695.0,19820.0,nan,19765.0,3966,391939950.0,7507,19720.0,17,19715.0,1,nan,0,nan,0,nan,0,nan,0,nan,0,nan,0,nan,0,nan,0
1597989193070046976,1597989193408000000,2020-08-21 13:53:13.408000,19710.0,19840.0,19695.0,19820.0,nan,19765.0,3966,391939950.0,7507,19720.0,7,19710.0,53,nan,0,nan,0,nan,0,nan,0,nan,0,nan,0,nan,0,nan,0
1597989204095015936,1597989204434000128,2020-08-21 13:53:24.434000,19710.0,19840.0,19695.0,19820.0,nan,19765.0,3966,391939950.0,7507,19720.0,7,19715.0,2,nan,0,nan,0,nan,0,nan,0,nan,0,nan,0,nan,0,nan,0
1597989206583759872,1597989207000000000,2020-08-21 13:53:27.000000,19710.0,19840.0,19695.0,19820.0,nan,19765.0,3966,391939950.0,7507,19720.0,7,19715.0,3,nan,0,nan,0,nan,0,nan,0,nan,0,nan,0,nan,0,nan,0
1597989209089778944,1597989209424000000,2020-08-21 13:53:29.424000,19720.0,19840.0,19695.0,19820.0,nan,19765.0,3967,392038775.0,7507,19720.0,6,19715.0,3,nan,0,nan,0,nan,0,nan,0,nan,0,nan,0,nan,0,nan,0
1597989209589896960,1597989210000000000,2020-08-21 13:53:30.000000,19720.0,19840.0,19695.0,19820.0,nan,19765.0,3968,392137600.0,7508,19720.0,6,19715.0,3,nan,0,nan,0,nan,0,nan,0,nan,0,nan,0,nan,0,nan,0
1597989210587424000,1597989211000000000,2020-08-21 13:53:31.000000,19720.0,19840.0,19695.0,19820.0,nan,19765.0,3969,392236425.0,7508,19720.0,5,19715.0,3,nan,0,nan,0,nan,0,nan,0,nan,0,nan,0,nan,0,nan,0
1597989215082315008,1597989215434000128,2020-08-21 13:53:35.434000,19720.0,19840.0,19695.0,19820.0,nan,19765.0,3970,392335250.0,7509,19720.0,4,19715.0,3,nan,0,nan,0,nan,0,nan,0,nan,0,nan,0,nan,0,nan,0
1597989215580157952,1597989216000000000,2020-08-21 13:53:36.000000,19720.0,19840.0,19695.0,19820.0,nan,19765.0,3971,392434075.0,7510,19720.0,3,19715.0,3,nan,0,nan,0,nan,0,nan,0,nan,0,nan,0,nan,0,nan,0
1597989221589182976,1597989222000000000,2020-08-21 13:53:42.000000,19720.0,19840.0,19695.0,19820.0,nan,19765.0,3975,392829375.0,7510,19720.0,1,19715.0,3,nan,0,nan,0,nan,0,nan,0,nan,0,nan,0,nan,0,nan,0
1597989222092237056,1597989222436000000,2020-08-21 13:53:42.436000,19720.0,19840.0,19695.0,19820.0,nan,19765.0,3977,393027025.0,7511,19720.0,1,19715.0,3,nan,0,nan,0,nan,0,nan,0,nan,0,nan,0,nan,0,nan,0
1597989222593423104,1597989223000000000,2020-08-21 13:53:43.000000,19720.0,19840.0,19695.0,19820.0,nan,19765.0,3978,393125850.0,7511,19725.0,50,19715.0,3,nan,0,nan,0,nan,0,nan,0,nan,0,nan,0,nan,0,nan,0
1597989223088812032,1597989223400000000,2020-08-21 13:53:43.400000,19720.0,19840.0,19695.0,19820.0,nan,19765.0,3978,393125850.0,7511,19725.0,20,19715.0,3,nan,0,nan,0,nan,0,nan,0,nan,0,nan,0,nan,0,nan,0
1597989223592794112,1597989224000000000,2020-08-21 13:53:44.000000,19720.0,19840.0,19695.0,19820.0,nan,19765.0,3978,393125850.0,7511,19725.0,10,19715.0,3,nan,0,nan,0,nan,0,nan,0,nan,0,nan,0,nan,0,nan,0
1597989224096307968,1597989224437999872,2020-08-21 13:53:44.438000,19720.0,19840.0,19695.0,19820.0,nan,19765.0,3978,393125850.0,7511,19730.0,83,19720.0,1,nan,0,nan,0,nan,0,nan,0,nan,0,nan,0,nan,0,nan,0
1597989224592412928,1597989225000000000,2020-08-21 13:53:45.000000,19720.0,19840.0,19695.0,19820.0,nan,19765.0,3978,393125850.0,7511,19730.0,73,19720.0,1,nan,0,nan,0,nan,0,nan,0,nan,0,nan,0,nan,0,nan,0
1597989227597626112,1597989228000000000,2020-08-21 13:53:48.000000,19720.0,19840.0,19695.0,19820.0,nan,19765.0,3978,393125850.0,7511,19730.0,53,19720.0,1,nan,0,nan,0,nan,0,nan,0,nan,0,nan,0,nan,0,nan,0
1597989228096453120,1597989228433000192,2020-08-21 13:53:48.433000,19720.0,19840.0,19695.0,19820.0,nan,19765.0,3978,393125850.0,7511,19730.0,33,19720.0,1,nan,0,nan,0,nan,0,nan,0,nan,0,nan,0,nan,0,nan,0
1597989228583540992,1597989229000000000,2020-08-21 13:53:49.000000,19720.0,19840.0,19695.0,19820.0,nan,19765.0,3978,393125850.0,7511,19730.0,23,19720.0,1,nan,0,nan,0,nan,0,nan,0,nan,0,nan,0,nan,0,nan,0
1597989247134592000,1597989247430000128,2020-08-21 13:54:07.430000,19720.0,19840.0,19695.0,19820.0,nan,19765.0,3979,393224675.0,7512,19730.0,23,19715.0,122,nan,0,nan,0,nan,0,nan,0,nan,0,nan,0,nan,0,nan,0
1597989247601011968,1597989248000000000,2020-08-21 13:54:08.000000,19720.0,19840.0,19695.0,19820.0,nan,19765.0,3979,393224675.0,7512,19730.0,23,19715.0,132,nan,0,nan,0,nan,0,nan,0,nan,0,nan,0,nan,0,nan,0
1597989248102424064,1597989248428999936,2020-08-21 13:54:08.429000,19720.0,19840.0,19695.0,19820.0,nan,19765.0,3979,393224675.0,7512,19730.0,23,19715.0,131,nan,0,nan,0,nan,0,nan,0,nan,0,nan,0,nan,0,nan,0
1597989248606159872,1597989249000000000,2020-08-21 13:54:09.000000,19730.0,19840.0,19695.0,19820.0,nan,19765.0,3984,393718800.0,7512,19730.0,10,19725.0,2,nan,0,nan,0,nan,0,nan,0,nan,0,nan,0,nan,0,nan,0
1597989249097760000,1597989249437999872,2020-08-21 13:54:09.438000,19725.0,19840.0,19695.0,19820.0,nan,19765.0,3986,393916450.0,7514,19730.0,10,19720.0,50,nan,0,nan,0,nan,0,nan,0,nan,0,nan,0,nan,0,nan,0
1597989249604653056,1597989250000000000,2020-08-21 13:54:10.000000,19725.0,19840.0,19695.0,19820.0,nan,19765.0,3986,393916450.0,7514,19730.0,10,19715.0,131,nan,0,nan,0,nan,0,nan,0,nan,0,nan,0,nan,0,nan,0
1597989250103414016,1597989250434000128,2020-08-21 13:54:10.434000,19725.0,19840.0,19695.0,19820.0,nan,19765.0,3986,393916450.0,7514,19730.0,10,19715.0,121,nan,0,nan,0,nan,0,nan,0,nan,0,nan,0,nan,0,nan,0
1597989253605646080,1597989254000000000,2020-08-21 13:54:14.000000,19725.0,19840.0,19695.0,19820.0,nan,19765.0,3986,393916450.0,7514,19730.0,20,19715.0,131,nan,0,nan,0,nan,0,nan,0,nan,0,nan,0,nan,0,nan,0
1597989255107006976,1597989255432000000,2020-08-21 13:54:15.432000,19725.0,19840.0,19695.0,19820.0,nan,19765.0,3986,393916450.0,7514,19730.0,20,19715.0,121,nan,0,nan,0,nan,0,nan,0,nan,0,nan,0,nan,0,nan,0
1597989255598585088,1597989256000000000,2020-08-21 13:54:16.000000,19725.0,19840.0,19695.0,19820.0,nan,19765.0,3986,393916450.0,7514,19730.0,20,19715.0,131,nan,0,nan,0,nan,0,nan,0,nan,0,nan,0,nan,0,nan,0
1597989261153801984,1597989261432000000,2020-08-21 13:54:21.432000,19725.0,19840.0,19695.0,19820.0,nan,19765.0,3986,393916450.0,7514,19730.0,20,19715.0,121,nan,0,nan,0,nan,0,nan,0,nan,0,nan,0,nan,0,nan,0
1597989261598295040,1597989262000000000,2020-08-21 13:54:22.000000,19725.0,19840.0,19695.0,19820.0,nan,19765.0,3986,393916450.0,7514,19730.0,20,19715.0,131,nan,0,nan,0,nan,0,nan,0,nan,0,nan,0,nan,0,nan,0
1597989262599465984,1597989263000000000,2020-08-21 13:54:23.000000,19725.0,19840.0,19695.0,19820.0,nan,19765.0,3986,393916450.0,7514,19730.0,40,19720.0,1,nan,0,nan,0,nan,0,nan,0,nan,0,nan,0,nan,0,nan,0
1597989263101190912,1597989263404999936,2020-08-21 13:54:23.405000,19725.0,19840.0,19695.0,19820.0,nan,19765.0,3986,393916450.0,7514,19730.0,30,19720.0,1,nan,0,nan,0,nan,0,nan,0,nan,0,nan,0,nan,0,nan,0
1597989263604141056,1597989264000000000,2020-08-21 13:54:24.000000,19725.0,19840.0,19695.0,19820.0,nan,19765.0,3986,393916450.0,7514,19730.0,20,19720.0,1,nan,0,nan,0,nan,0,nan,0,nan,0,nan,0,nan,0,nan,0
1597989289137158912,1597989289423000064,2020-08-21 13:54:49.423000,19725.0,19840.0,19695.0,19820.0,nan,19765.0,3986,393916450.0,7514,19730.0,10,19720.0,2,nan,0,nan,0,nan,0,nan,0,nan,0,nan,0,nan,0,nan,0
1597989289615532032,1597989290000000000,2020-08-21 13:54:50.000000,19725.0,19840.0,19695.0,19820.0,nan,19765.0,3986,393916450.0,7514,19735.0,121,19720.0,2,nan,0,nan,0,nan,0,nan,0,nan,0,nan,0,nan,0,nan,0
1597989290142003968,1597989290430000128,2020-08-21 13:54:50.430000,19725.0,19840.0,19695.0,19820.0,nan,19765.0,3986,393916450.0,7514,19735.0,141,19720.0,12,nan,0,nan,0,nan,0,nan,0,nan,0,nan,0,nan,0,nan,0
1597989292631414016,1597989293000000000,2020-08-21 13:54:53.000000,19725.0,19840.0,19695.0,19820.0,nan,19765.0,3986,393916450.0,7514,19735.0,131,19720.0,12,nan,0,nan,0,nan,0,nan,0,nan,0,nan,0,nan,0,nan,0
1597989293135457024,1597989293436000000,2020-08-21 13:54:53.436000,19725.0,19840.0,19695.0,19820.0,nan,19765.0,3986,393916450.0,7514,19735.0,141,19720.0,12,nan,0,nan,0,nan,0,nan,0,nan,0,nan,0,nan,0,nan,0
1597989299131252992,1597989299434000128,2020-08-21 13:54:59.434000,19720.0,19840.0,19695.0,19820.0,nan,19765.0,3987,394015275.0,7514,19735.0,131,19720.0,11,nan,0,nan,0,nan,0,nan,0,nan,0,nan,0,nan,0,nan,0
1597989299613101056,1597989300000000000,2020-08-21 13:55:00.000000,19720.0,19840.0,19695.0,19820.0,nan,19765.0,3987,394015275.0,7514,19735.0,141,19720.0,11,nan,0,nan,0,nan,0,nan,0,nan,0,nan,0,nan,0,nan,0
1597989300118345984,1597989300431000064,2020-08-21 13:55:00.431000,19720.0,19840.0,19695.0,19820.0,nan,19765.0,3987,394015275.0,7514,19735.0,141,19720.0,11,nan,0,nan,0,nan,0,nan,0,nan,0,nan,0,nan,0,nan,0
1597989302238664960,1597989302436999936,2020-08-21 13:55:02.437000,19720.0,19840.0,19695.0,19820.0,nan,19765.0,3987,394015275.0,7514,19735.0,141,19720.0,11,nan,0,nan,0,nan,0,nan,0,nan,0,nan,0,nan,0,nan,0
1597989304127376896,1597989304420000000,2020-08-21 13:55:04.420000,19720.0,19840.0,19695.0,19820.0,nan,19765.0,3987,394015275.0,7514,19735.0,141,19720.0,11,nan,0,nan,0,nan,0,nan,0,nan,0,nan,0,nan,0,nan,0
1597989305123325952,1597989305401999872,2020-08-21 13:55:05.402000,19720.0,19840.0,19695.0,19820.0,nan,19765.0,3987,394015275.0,7514,19735.0,141,19720.0,11,nan,0,nan,0,nan,0,nan,0,nan,0,nan,0,nan,0,nan,0
1597989306160563968,1597989306434000128,2020-08-21 13:55:06.434000,19720.0,19840.0,19695.0,19820.0,nan,19765.0,3987,394015275.0,7514,19735.0,141,19720.0,11,nan,0,nan,0,nan,0,nan,0,nan,0,nan,0,nan,0,nan,0
1597989307629336064,1597989308000000000,2020-08-21 13:55:08.000000,19720.0,19840.0,19695.0,19820.0,nan,19765.0,3998,395102350.0,7515,19720.0,10,19715.0,121,nan,0,nan,0,nan,0,nan,0,nan,0,nan,0,nan,0,nan,0
1597989308126590976,1597989308435000064,2020-08-21 13:55:08.435000,19720.0,19840.0,19695.0,19820.0,nan,19765.0,3999,395201175.0,7516,19720.0,9,19710.0,111,nan,0,nan,0,nan,0,nan,0,nan,0,nan,0,nan,0,nan,0
1597989308663203072,1597989309000000000,2020-08-21 13:55:09.000000,19720.0,19840.0,19695.0,19820.0,nan,19765.0,3999,395201175.0,7516,19715.0,2,19710.0,31,nan,0,nan,0,nan,0,nan,0,nan,0,nan,0,nan,0,nan,0
1597989309144736000,1597989309428999936,2020-08-21 13:55:09.429000,19715.0,19840.0,19695.0,19820.0,nan,19765.0,4000,395300000.0,7516,19715.0,1,19710.0,11,nan,0,nan,0,nan,0,nan,0,nan,0,nan,0,nan,0,nan,0
1597989310645410048,1597989311000000000,2020-08-21 13:55:11.000000,19715.0,19840.0,19695.0,19820.0,nan,19765.0,4000,395300000.0,7516,19715.0,1,19710.0,1,nan,0,nan,0,nan,0,nan,0,nan,0,nan,0,nan,0,nan,0
1597989311641212928,1597989312000000000,2020-08-21 13:55:12.000000,19710.0,19840.0,19695.0,19820.0,nan,19765.0,4001,395398825.0,7517,19710.0,1,19705.0,92,nan,0,nan,0,nan,0,nan,0,nan,0,nan,0,nan,0,nan,0
1597989312139628032,1597989312424000000,2020-08-21 13:55:12.424000,19710.0,19840.0,19695.0,19820.0,nan,19765.0,4001,395398825.0,7517,19710.0,1,19705.0,2,nan,0,nan,0,nan,0,nan,0,nan,0,nan,0,nan,0,nan,0
1597989312632489984,1597989313000000000,2020-08-21 13:55:13.000000,19710.0,19840.0,19695.0,19820.0,nan,19765.0,4001,395398825.0,7517,19715.0,41,19705.0,2,nan,0,nan,0,nan,0,nan,0,nan,0,nan,0,nan,0,nan,0
1597989313132785920,1597989313432000000,2020-08-21 13:55:13.432000,19710.0,19840.0,19695.0,19820.0,nan,19765.0,4001,395398825.0,7517,19715.0,1,19705.0,2,nan,0,nan,0,nan,0,nan,0,nan,0,nan,0,nan,0,nan,0
1597989319744558080,1597989320000000000,2020-08-21 13:55:20.000000,19715.0,19840.0,19695.0,19820.0,nan,19765.0,4002,395497650.0,7518,19720.0,119,19705.0,2,nan,0,nan,0,nan,0,nan,0,nan,0,nan,0,nan,0,nan,0
1597989320168848896,1597989320434000128,2020-08-21 13:55:20.434000,19715.0,19840.0,19695.0,19820.0,nan,19765.0,4002,395497650.0,7518,19720.0,139,19705.0,12,nan,0,nan,0,nan,0,nan,0,nan,0,nan,0,nan,0,nan,0
1597989321136450048,1597989321424000000,2020-08-21 13:55:21.424000,19715.0,19840.0,19695.0,19820.0,nan,19765.0,4002,395497650.0,7518,19720.0,130,19705.0,12,nan,0,nan,0,nan,0,nan,0,nan,0,nan,0,nan,0,nan,0
1597989323660235008,1597989324000000000,2020-08-21 13:55:24.000000,19715.0,19840.0,19695.0,19820.0,nan,19765.0,4002,395497650.0,7518,19720.0,120,19705.0,12,nan,0,nan,0,nan,0,nan,0,nan,0,nan,0,nan,0,nan,0
1597989324154311936,1597989324435000064,2020-08-21 13:55:24.435000,19715.0,19840.0,19695.0,19820.0,nan,19765.0,4002,395497650.0,7518,19720.0,110,19705.0,16,nan,0,nan,0,nan,0,nan,0,nan,0,nan,0,nan,0,nan,0
1597989324631318016,1597989325000000000,2020-08-21 13:55:25.000000,19715.0,19840.0,19695.0,19820.0,nan,19765.0,4002,395497650.0,7518,19720.0,110,19705.0,26,nan,0,nan,0,nan,0,nan,0,nan,0,nan,0,nan,0,nan,0
1597989325624388096,1597989326000000000,2020-08-21 13:55:26.000000,19715.0,19840.0,19695.0,19820.0,nan,19765.0,4002,395497650.0,7518,19720.0,130,19705.0,26,nan,0,nan,0,nan,0,nan,0,nan,0,nan,0,nan,0,nan,0
1597989327147355904,1597989327435000064,2020-08-21 13:55:27.435000,19720.0,19840.0,19695.0,19820.0,nan,19765.0,4014,396683550.0,7520,19720.0,70,19705.0,28,nan,0,nan,0,nan,0,nan,0,nan,0,nan,0,nan,0,nan,0
1597989327649768960,1597989328000000000,2020-08-21 13:55:28.000000,19720.0,19840.0,19695.0,19820.0,nan,19765.0,4014,396683550.0,7520,19720.0,20,19710.0,2,nan,0,nan,0,nan,0,nan,0,nan,0,nan,0,nan,0,nan,0
1597989328156951040,1597989328380999936,2020-08-21 13:55:28.381000,19720.0,19840.0,19695.0,19820.0,nan,19765.0,4014,396683550.0,7520,19720.0,10,19710.0,2,nan,0,nan,0,nan,0,nan,0,nan,0,nan,0,nan,0,nan,0
1597989328676400896,1597989329000000000,2020-08-21 13:55:29.000000,19720.0,19840.0,19695.0,19820.0,nan,19765.0,4014,396683550.0,7520,19725.0,60,19710.0,2,nan,0,nan,0,nan,0,nan,0,nan,0,nan,0,nan,0,nan,0
1597989329145048064,1597989329437999872,2020-08-21 13:55:29.438000,19720.0,19840.0,19695.0,19820.0,nan,19765.0,4014,396683550.0,7520,19725.0,60,19710.0,14,nan,0,nan,0,nan,0,nan,0,nan,0,nan,0,nan,0,nan,0
1597989330141657088,1597989330432000000,2020-08-21 13:55:30.432000,19720.0,19840.0,19695.0,19820.0,nan,19765.0,4014,396683550.0,7520,19725.0,70,19710.0,14,nan,0,nan,0,nan,0,nan,0,nan,0,nan,0,nan,0,nan,0
1597989330677089024,1597989331000000000,2020-08-21 13:55:31.000000,19720.0,19840.0,19695.0,19820.0,nan,19765.0,4014,396683550.0,7520,19725.0,80,19710.0,14,nan,0,nan,0,nan,0,nan,0,nan,0,nan,0,nan,0,nan,0
1597989332128013056,1597989332426000128,2020-08-21 13:55:32.426000,19720.0,19840.0,19695.0,19820.0,nan,19765.0,4014,396683550.0,7520,19725.0,100,19710.0,14,nan,0,nan,0,nan,0,nan,0,nan,0,nan,0,nan,0,nan,0
1597989332663426048,1597989333000000000,2020-08-21 13:55:33.000000,19720.0,19840.0,19695.0,19820.0,nan,19765.0,4014,396683550.0,7520,19725.0,131,19710.0,14,nan,0,nan,0,nan,0,nan,0,nan,0,nan,0,nan,0,nan,0
1597989333149250048,1597989333417999872,2020-08-21 13:55:33.418000,19720.0,19840.0,19695.0,19820.0,nan,19765.0,4014,396683550.0,7520,19720.0,10,19710.0,14,nan,0,nan,0,nan,0,nan,0,nan,0,nan,0,nan,0,nan,0
1597989333646983936,1597989334000000000,2020-08-21 13:55:34.000000,19720.0,19840.0,19695.0,19820.0,nan,19765.0,4014,396683550.0,7520,19725.0,121,19710.0,14,nan,0,nan,0,nan,0,nan,0,nan,0,nan,0,nan,0,nan,0
1597989336153963008,1597989336688000000,2020-08-21 13:55:36.688000,19720.0,19840.0,19695.0,19820.0,nan,19765.0,4014,396683550.0,7520,19725.0,111,19710.0,18,nan,0,nan,0,nan,0,nan,0,nan,0,nan,0,nan,0,nan,0
1597989336671676928,1597989337000000000,2020-08-21 13:55:37.000000,19720.0,19840.0,19695.0,19820.0,nan,19765.0,4014,396683550.0,7520,19725.0,130,19710.0,18,nan,0,nan,0,nan,0,nan,0,nan,0,nan,0,nan,0,nan,0
1597989337140585984,1597989337434000128,2020-08-21 13:55:37.434000,19720.0,19840.0,19695.0,19820.0,nan,19765.0,4014,396683550.0,7520,19725.0,131,19710.0,14,nan,0,nan,0,nan,0,nan,0,nan,0,nan,0,nan,0,nan,0
1597989338665238016,1597989339000000000,2020-08-21 13:55:39.000000,19720.0,19840.0,19695.0,19820.0,nan,19765.0,4014,396683550.0,7520,19725.0,111,19710.0,24,nan,0,nan,0,nan,0,nan,0,nan,0,nan,0,nan,0,nan,0
1597989339167179008,1597989339435000064,2020-08-21 13:55:39.435000,19720.0,19840.0,19695.0,19820.0,nan,19765.0,4014,396683550.0,7520,19725.0,121,19710.0,14,nan,0,nan,0,nan,0,nan,0,nan,0,nan,0,nan,0,nan,0
1597989344670887936,1597989345000000000,2020-08-21 13:55:45.000000,19720.0,19840.0,19695.0,19820.0,nan,19765.0,4014,396683550.0,7520,19725.0,131,19710.0,14,nan,0,nan,0,nan,0,nan,0,nan,0,nan,0,nan,0,nan,0
1597989346158341120,1597989346576000000,2020-08-21 13:55:46.576000,19720.0,19840.0,19695.0,19820.0,nan,19765.0,4014,396683550.0,7520,19725.0,131,19710.0,18,nan,0,nan,0,nan,0,nan,0,nan,0,nan,0,nan,0,nan,0
1597989346654248960,1597989347127000064,2020-08-21 13:55:47.127000,19720.0,19840.0,19695.0,19820.0,nan,19765.0,4014,396683550.0,7520,19725.0,131,19710.0,18,nan,0,nan,0,nan,0,nan,0,nan,0,nan,0,nan,0,nan,0
1597989348649276928,1597989349000000000,2020-08-21 13:55:49.000000,19720.0,19840.0,19695.0,19820.0,nan,19765.0,4014,396683550.0,7520,19725.0,141,19710.0,18,nan,0,nan,0,nan,0,nan,0,nan,0,nan,0,nan,0,nan,0
1597989350684227072,1597989351083000064,2020-08-21 13:55:51.083000,19720.0,19840.0,19695.0,19820.0,nan,19765.0,4014,396683550.0,7520,19725.0,131,19710.0,18,nan,0,nan,0,nan,0,nan,0,nan,0,nan,0,nan,0,nan,0
1597989351188530944,1597989351726000128,2020-08-21 13:55:51.726000,19720.0,19840.0,19695.0,19820.0,nan,19765.0,4014,396683550.0,7520,19720.0,2,19710.0,18,nan,0,nan,0,nan,0,nan,0,nan,0,nan,0,nan,0,nan,0
1597989351653516032,1597989352240999936,2020-08-21 13:55:52.241000,19720.0,19840.0,19695.0,19820.0,nan,19765.0,4014,396683550.0,7520,19720.0,2,19710.0,18,nan,0,nan,0,nan,0,nan,0,nan,0,nan,0,nan,0,nan,0
1597989352648296960,1597989353249000192,2020-08-21 13:55:53.249000,19720.0,19840.0,19695.0,19820.0,nan,19765.0,4016,396881200.0,7518,19725.0,110,19710.0,28,nan,0,nan,0,nan,0,nan,0,nan,0,nan,0,nan,0,nan,0
1597989353205265920,1597989353744999936,2020-08-21 13:55:53.745000,19720.0,19840.0,19695.0,19820.0,nan,19765.0,4016,396881200.0,7518,19725.0,130,19710.0,28,nan,0,nan,0,nan,0,nan,0,nan,0,nan,0,nan,0,nan,0
1597989354666970880,1597989355242000128,2020-08-21 13:55:55.242000,19720.0,19840.0,19695.0,19820.0,nan,19765.0,4016,396881200.0,7518,19725.0,130,19710.0,28,nan,0,nan,0,nan,0,nan,0,nan,0,nan,0,nan,0,nan,0
1597989356669934080,1597989357234999808,2020-08-21 13:55:57.235000,19720.0,19840.0,19695.0,19820.0,nan,19765.0,4016,396881200.0,7518,19725.0,130,19710.0,28,nan,0,nan,0,nan,0,nan,0,nan,0,nan,0,nan,0,nan,0
1597989358150373888,1597989358423000064,2020-08-21 13:55:58.423000,19720.0,19840.0,19695.0,19820.0,nan,19765.0,4016,396881200.0,7518,19725.0,130,19710.0,28,nan,0,nan,0,nan,0,nan,0,nan,0,nan,0,nan,0,nan,0
