local_nano_time,quote_nano_time,datetime,last_price,highest,lowest,open,close,average,volume,amount,open_interest,ask_price1,ask_volume1,bid_price1,bid_volume1,ask_price2,ask_volume2,bid_price2,bid_volume2,ask_price3,ask_volume3,bid_price3,bid_volume3,ask_price4,ask_volume4,bid_price4,bid_volume4,ask_price5,ask_volume5,bid_price5,bid_volume5
1597988229677521920,1597988230194000128,2020-08-21 13:37:10.194000,1941.5,1968.0,1929.5,1956.0,nan,1949.5,119593,23316062000.0,98051,1941.5,6,1941.0,15,nan,0,nan,0,nan,0,nan,0,nan,0,nan,0,nan,0,nan,0
1597988230635149056,1597988231226000128,2020-08-21 13:37:11.226000,1941.5,1968.0,1929.5,1956.0,nan,1949.5,119593,23316062000.0,98051,1941.5,7,1941.0,15,nan,0,nan,0,nan,0,nan,0,nan,0,nan,0,nan,0,nan,0
1597988232635939072,1597988233224999936,2020-08-21 13:37:13.225000,1941.5,1968.0,1929.5,1956.0,nan,1949.5,119595,23316450300.0,98053,1941.5,5,1941.0,15,nan,0,nan,0,nan,0,nan,0,nan,0,nan,0,nan,0,nan,0
1597988233132280064,1597988233696999936,2020-08-21 13:37:13.697000,1941.5,1968.0,1929.5,1956.0,nan,1949.5,119605,23318391800.0,98053,1942.0,9,1941.5,29,nan,0,nan,0,nan,0,nan,0,nan,0,nan,0,nan,0,nan,0
1597988233644631040,1597988234214999808,2020-08-21 13:37:14.215000,1942.0,1968.0,1929.5,1956.0,nan,1949.5,119613,23319945400.0,98055,1942.5,16,1942.0,9,nan,0,nan,0,nan,0,nan,0,nan,0,nan,0,nan,0,nan,0
1597988234171588096,1597988234667000064,2020-08-21 13:37:14.667000,1942.0,1968.0,1929.5,1956.0,nan,1949.5,119619,23321110600.0,98057,1942.5,12,1942.0,11,nan,0,nan,0,nan,0,nan,0,nan,0,nan,0,nan,0,nan,0
1597988234642798080,1597988235101999872,2020-08-21 13:37:15.102000,1942.5,1968.0,1929.5,1956.0,nan,1949.5,119620,23321304850.0,98058,1942.5,9,1942.0,20,nan,0,nan,0,nan,0,nan,0,nan,0,nan,0,nan,0,nan,0
1597988235161121024,1597988235579000064,2020-08-21 13:37:15.579000,1942.5,1968.0,1929.5,1956.0,nan,1949.5,119620,23321304850.0,98058,1942.5,16,1942.0,20,nan,0,nan,0,nan,0,nan,0,nan,0,nan,0,nan,0,nan,0
1597988236163010048,1597988236734999808,2020-08-21 13:37:16.735000,1942.0,1968.0,1929.5,1956.0,nan,1949.5,119623,23321887550.0,98059,1942.5,14,1942.0,20,nan,0,nan,0,nan,0,nan,0,nan,0,nan,0,nan,0,nan,0
1597988236637916928,1597988237232000000,2020-08-21 13:37:17.232000,1942.0,1968.0,1929.5,1956.0,nan,1949.5,119624,23322081750.0,98058,1942.5,14,1942.0,19,nan,0,nan,0,nan,0,nan,0,nan,0,nan,0,nan,0,nan,0
1597988237180819968,1597988237740000000,2020-08-21 13:37:17.740000,1942.5,1968.0,1929.5,1956.0,nan,1949.5,119626,23322470200.0,98058,1942.5,14,1942.0,18,nan,0,nan,0,nan,0,nan,0,nan,0,nan,0,nan,0,nan,0
1597988237646313984,1597988238211000064,2020-08-21 13:37:18.211000,1942.5,1968.0,1929.5,1956.0,nan,1949.5,119632,23323635700.0,98060,1943.0,25,1942.0,18,nan,0,nan,0,nan,0,nan,0,nan,0,nan,0,nan,0,nan,0
1597988238200425984,1597988238712000000,2020-08-21 13:37:18.712000,1942.5,1968.0,1929.5,1956.0,nan,1949.5,119641,23325383950.0,98060,1942.5,1,1942.0,9,nan,0,nan,0,nan,0,nan,0,nan,0,nan,0,nan,0,nan,0
1597988238635865088,1597988239240999936,2020-08-21 13:37:19.241000,1942.5,1968.0,1929.5,1956.0,nan,1949.5,119641,23325383950.0,98060,1942.5,12,1942.0,9,nan,0,nan,0,nan,0,nan,0,nan,0,nan,0,nan,0,nan,0
1597988239145540096,1597988239690000128,2020-08-21 13:37:19.690000,1942.5,1968.0,1929.5,1956.0,nan,1949.5,119641,23325383950.0,98060,1942.5,13,1942.0,9,nan,0,nan,0,nan,0,nan,0,nan,0,nan,0,nan,0,nan,0
1597988239643418112,1597988240232999936,2020-08-21 13:37:20.233000,1942.5,1968.0,1929.5,1956.0,nan,1949.5,119644,23325966700.0,98062,1942.5,10,1942.0,9,nan,0,nan,0,nan,0,nan,0,nan,0,nan,0,nan,0,nan,0
1597988240158917120,1597988240709000192,2020-08-21 13:37:20.709000,1942.0,1968.0,1929.5,1956.0,nan,1949.5,119650,23327132150.0,98068,1942.5,7,1942.0,8,nan,0,nan,0,nan,0,nan,0,nan,0,nan,0,nan,0,nan,0
1597988240645200896,1597988241204000000,2020-08-21 13:37:21.204000,1942.0,1968.0,1929.5,1956.0,nan,1949.5,119659,23328879950.0,98072,1942.5,17,1942.0,1,nan,0,nan,0,nan,0,nan,0,nan,0,nan,0,nan,0,nan,0
1597988241152759040,1597988241713999872,2020-08-21 13:37:21.714000,1942.0,1968.0,1929.5,1956.0,nan,1949.5,119664,23329850950.0,98074,1942.0,9,1941.5,163,nan,0,nan,0,nan,0,nan,0,nan,0,nan,0,nan,0,nan,0
1597988241658960896,1597988242228000000,2020-08-21 13:37:22.228000,1942.0,1968.0,1929.5,1956.0,nan,1949.5,119666,23330239350.0,98074,1942.0,9,1941.5,163,nan,0,nan,0,nan,0,nan,0,nan,0,nan,0,nan,0,nan,0
1597988242655631104,1597988243184000000,2020-08-21 13:37:23.184000,1942.0,1968.0,1929.5,1956.0,nan,1949.5,119666,23330239350.0,98074,1942.0,10,1941.5,163,nan,0,nan,0,nan,0,nan,0,nan,0,nan,0,nan,0,nan,0
1597988243165434880,1597988243736999936,2020-08-21 13:37:23.737000,1942.0,1968.0,1929.5,1956.0,nan,1949.5,119668,23330627750.0,98076,1942.0,10,1941.5,164,nan,0,nan,0,nan,0,nan,0,nan,0,nan,0,nan,0,nan,0
1597988243645242112,1597988244160000000,2020-08-21 13:37:24.160000,1942.0,1968.0,1929.5,1956.0,nan,1949.5,119670,23331016150.0,98078,1942.0,8,1941.5,164,nan,0,nan,0,nan,0,nan,0,nan,0,nan,0,nan,0,nan,0
1597988244141761024,1597988244698999808,2020-08-21 13:37:24.699000,1941.5,1968.0,1929.5,1956.0,nan,1949.5,119672,23331404450.0,98078,1942.0,8,1941.5,166,nan,0,nan,0,nan,0,nan,0,nan,0,nan,0,nan,0,nan,0
1597988244642683904,1597988245172000000,2020-08-21 13:37:25.172000,1942.0,1968.0,1929.5,1956.0,nan,1949.5,119678,23332569600.0,98082,1942.0,13,1941.5,165,nan,0,nan,0,nan,0,nan,0,nan,0,nan,0,nan,0,nan,0
1597988245638938112,1597988246232999936,2020-08-21 13:37:26.233000,1941.5,1968.0,1929.5,1956.0,nan,1949.5,119679,23332763750.0,98082,1942.0,13,1941.5,164,nan,0,nan,0,nan,0,nan,0,nan,0,nan,0,nan,0,nan,0
1597988246206366976,1597988246687000064,2020-08-21 13:37:26.687000,1941.5,1968.0,1929.5,1956.0,nan,1949.5,119679,23332763750.0,98082,1942.0,13,1941.5,165,nan,0,nan,0,nan,0,nan,0,nan,0,nan,0,nan,0,nan,0
1597988247637411072,1597988248221999872,2020-08-21 13:37:28.222000,1941.5,1968.0,1929.5,1956.0,nan,1949.5,119689,23334705250.0,98072,1942.0,13,1941.5,155,nan,0,nan,0,nan,0,nan,0,nan,0,nan,0,nan,0,nan,0
1597988248192418048,1597988248716000000,2020-08-21 13:37:28.716000,1942.0,1968.0,1929.5,1956.0,nan,1949.5,119690,23334899450.0,98073,1942.0,12,1941.5,156,nan,0,nan,0,nan,0,nan,0,nan,0,nan,0,nan,0,nan,0
1597988248647412992,1597988249240000000,2020-08-21 13:37:29.240000,1942.0,1968.0,1929.5,1956.0,nan,1949.5,119690,23334899450.0,98073,1942.0,12,1941.5,157,nan,0,nan,0,nan,0,nan,0,nan,0,nan,0,nan,0,nan,0
1597988249186639104,1597988249731000064,2020-08-21 13:37:29.731000,1942.0,1968.0,1929.5,1956.0,nan,1949.5,119703,23337424050.0,98083,1942.5,21,1942.0,6,nan,0,nan,0,nan,0,nan,0,nan,0,nan,0,nan,0,nan,0
1597988249645836032,1597988250240000000,2020-08-21 13:37:30.240000,1942.0,1968.0,1929.5,1956.0,nan,1949.5,119703,23337424050.0,98083,1942.5,22,1942.0,9,nan,0,nan,0,nan,0,nan,0,nan,0,nan,0,nan,0,nan,0
1597988250217373952,1597988250739000064,2020-08-21 13:37:30.739000,1942.0,1968.0,1929.5,1956.0,nan,1949.5,119703,23337424050.0,98083,1942.5,26,1942.0,9,nan,0,nan,0,nan,0,nan,0,nan,0,nan,0,nan,0,nan,0
1597988250660862976,1597988251240000000,2020-08-21 13:37:31.240000,1942.0,1968.0,1929.5,1956.0,nan,1949.5,119709,23338589250.0,98084,1942.5,26,1942.0,2,nan,0,nan,0,nan,0,nan,0,nan,0,nan,0,nan,0,nan,0
1597988251146461952,1597988251737999872,2020-08-21 13:37:31.738000,1942.0,1968.0,1929.5,1956.0,nan,1949.5,119710,23338783450.0,98084,1942.5,26,1942.0,1,nan,0,nan,0,nan,0,nan,0,nan,0,nan,0,nan,0,nan,0
1597988251663792896,1597988252190000128,2020-08-21 13:37:32.190000,1942.0,1968.0,1929.5,1956.0,nan,1949.5,119711,23338977650.0,98083,1942.5,26,1941.5,155,nan,0,nan,0,nan,0,nan,0,nan,0,nan,0,nan,0,nan,0
1597988252150107904,1597988252742000128,2020-08-21 13:37:32.742000,1942.0,1968.0,1929.5,1956.0,nan,1949.5,119711,23338977650.0,98083,1942.0,1,1941.5,155,nan,0,nan,0,nan,0,nan,0,nan,0,nan,0,nan,0,nan,0
1597988252670048000,1597988253234999808,2020-08-21 13:37:33.235000,1942.0,1968.0,1929.5,1956.0,nan,1949.5,119711,23338977650.0,98083,1942.0,5,1941.5,155,nan,0,nan,0,nan,0,nan,0,nan,0,nan,0,nan,0,nan,0
1597988253193730048,1597988253730000128,2020-08-21 13:37:33.730000,1942.0,1968.0,1929.5,1956.0,nan,1949.5,119716,23339948650.0,98084,1942.5,26,1941.5,155,nan,0,nan,0,nan,0,nan,0,nan,0,nan,0,nan,0,nan,0
1597988254137632000,1597988254739000064,2020-08-21 13:37:34.739000,1941.5,1968.0,1929.5,1956.0,nan,1949.5,119726,23341890150.0,98074,1942.5,26,1941.5,145,nan,0,nan,0,nan,0,nan,0,nan,0,nan,0,nan,0,nan,0
1597988254635704064,1597988255216000000,2020-08-21 13:37:35.216000,1942.0,1968.0,1929.5,1956.0,nan,1949.5,119727,23342084350.0,98075,1942.0,8,1941.5,144,nan,0,nan,0,nan,0,nan,0,nan,0,nan,0,nan,0,nan,0
1597988255140535040,1597988255736000000,2020-08-21 13:37:35.736000,1942.0,1968.0,1929.5,1956.0,nan,1949.5,119727,23342084350.0,98075,1942.0,8,1941.5,146,nan,0,nan,0,nan,0,nan,0,nan,0,nan,0,nan,0,nan,0
1597988255640128000,1597988256232999936,2020-08-21 13:37:36.233000,1942.0,1968.0,1929.5,1956.0,nan,1949.5,119735,23343637950.0,98083,1942.5,26,1942.0,4,nan,0,nan,0,nan,0,nan,0,nan,0,nan,0,nan,0,nan,0
1597988256178854912,1597988256673000192,2020-08-21 13:37:36.673000,1942.0,1968.0,1929.5,1956.0,nan,1949.5,119735,23343637950.0,98083,1942.5,27,1942.0,4,nan,0,nan,0,nan,0,nan,0,nan,0,nan,0,nan,0,nan,0
1597988258166118912,1597988258733999872,2020-08-21 13:37:38.734000,1942.5,1968.0,1929.5,1956.0,nan,1949.5,119742,23344997600.0,98090,1942.5,24,1942.0,4,nan,0,nan,0,nan,0,nan,0,nan,0,nan,0,nan,0,nan,0
1597988258644594944,1597988259209000192,2020-08-21 13:37:39.209000,1942.0,1968.0,1929.5,1956.0,nan,1949.5,119743,23345191800.0,98091,1942.5,24,1942.0,5,nan,0,nan,0,nan,0,nan,0,nan,0,nan,0,nan,0,nan,0
1597988261182052096,1597988261723000064,2020-08-21 13:37:41.723000,1942.5,1968.0,1929.5,1956.0,nan,1949.5,119744,23345386050.0,98092,1942.5,26,1942.0,8,nan,0,nan,0,nan,0,nan,0,nan,0,nan,0,nan,0,nan,0
1597988261637800960,1597988262239000064,2020-08-21 13:37:42.239000,1942.0,1968.0,1929.5,1956.0,nan,1949.5,119751,23346745450.0,98088,1942.5,33,1942.0,2,nan,0,nan,0,nan,0,nan,0,nan,0,nan,0,nan,0,nan,0
1597988262182176000,1597988262742000128,2020-08-21 13:37:42.742000,1942.0,1968.0,1929.5,1956.0,nan,1949.5,119755,23347522250.0,98092,1942.0,5,1941.5,150,nan,0,nan,0,nan,0,nan,0,nan,0,nan,0,nan,0,nan,0
1597988262648002048,1597988263232999936,2020-08-21 13:37:43.233000,1942.0,1968.0,1929.5,1956.0,nan,1949.5,119758,23348104850.0,98094,1942.0,2,1941.5,150,nan,0,nan,0,nan,0,nan,0,nan,0,nan,0,nan,0,nan,0
1597988263140295936,1597988263686000128,2020-08-21 13:37:43.686000,1942.0,1968.0,1929.5,1956.0,nan,1949.5,119760,23348493250.0,98095,1942.5,33,1942.0,1,nan,0,nan,0,nan,0,nan,0,nan,0,nan,0,nan,0,nan,0
1597988263638724096,1597988264236999936,2020-08-21 13:37:44.237000,1942.0,1968.0,1929.5,1956.0,nan,1949.5,119760,23348493250.0,98095,1942.5,26,1942.0,12,nan,0,nan,0,nan,0,nan,0,nan,0,nan,0,nan,0,nan,0
1597988264160598016,1597988264730000128,2020-08-21 13:37:44.730000,1942.5,1968.0,1929.5,1956.0,nan,1949.5,119762,23348881750.0,98094,1942.5,9,1942.0,13,nan,0,nan,0,nan,0,nan,0,nan,0,nan,0,nan,0,nan,0
1597988264634287104,1597988265232000000,2020-08-21 13:37:45.232000,1942.5,1968.0,1929.5,1956.0,nan,1949.5,119762,23348881750.0,98094,1942.5,8,1942.0,14,nan,0,nan,0,nan,0,nan,0,nan,0,nan,0,nan,0,nan,0
1597988265181513984,1597988265709000192,2020-08-21 13:37:45.709000,1942.5,1968.0,1929.5,1956.0,nan,1949.5,119764,23349270250.0,98092,1942.5,6,1942.0,14,nan,0,nan,0,nan,0,nan,0,nan,0,nan,0,nan,0,nan,0
1597988266640815104,1597988267224000000,2020-08-21 13:37:47.224000,1942.5,1968.0,1929.5,1956.0,nan,1949.5,119764,23349270250.0,98092,1942.5,6,1942.0,15,nan,0,nan,0,nan,0,nan,0,nan,0,nan,0,nan,0,nan,0
1597988267180587008,1597988267736999936,2020-08-21 13:37:47.737000,1942.5,1968.0,1929.5,1956.0,nan,1949.5,119764,23349270250.0,98092,1942.5,7,1942.0,15,nan,0,nan,0,nan,0,nan,0,nan,0,nan,0,nan,0,nan,0
1597988267638236928,1597988268177999872,2020-08-21 13:37:48.178000,1942.0,1968.0,1929.5,1956.0,nan,1949.5,119765,23349464450.0,98092,1942.5,7,1942.0,14,nan,0,nan,0,nan,0,nan,0,nan,0,nan,0,nan,0,nan,0
1597988268154020096,1597988268732999936,2020-08-21 13:37:48.733000,1942.0,1968.0,1929.5,1956.0,nan,1949.5,119769,23350241250.0,98093,1942.5,7,1942.0,11,nan,0,nan,0,nan,0,nan,0,nan,0,nan,0,nan,0,nan,0
1597988268637847040,1597988269240000000,2020-08-21 13:37:49.240000,1942.0,1968.0,1929.5,1956.0,nan,1949.5,119769,23350241250.0,98093,1942.5,12,1942.0,11,nan,0,nan,0,nan,0,nan,0,nan,0,nan,0,nan,0,nan,0
1597988269150264064,1597988269736000000,2020-08-21 13:37:49.736000,1942.0,1968.0,1929.5,1956.0,nan,1949.5,119770,23350435450.0,98092,1942.5,12,1942.0,10,nan,0,nan,0,nan,0,nan,0,nan,0,nan,0,nan,0,nan,0
1597988269658951936,1597988270220000000,2020-08-21 13:37:50.220000,1942.0,1968.0,1929.5,1956.0,nan,1949.5,119770,23350435450.0,98092,1942.5,16,1942.0,10,nan,0,nan,0,nan,0,nan,0,nan,0,nan,0,nan,0,nan,0
1597988270152158976,1597988270728000000,2020-08-21 13:37:50.728000,1942.0,1968.0,1929.5,1956.0,nan,1949.5,119770,23350435450.0,98092,1942.5,16,1942.0,11,nan,0,nan,0,nan,0,nan,0,nan,0,nan,0,nan,0,nan,0
1597988270635090944,1597988271228000000,2020-08-21 13:37:51.228000,1942.5,1968.0,1929.5,1956.0,nan,1949.5,119787,23353737700.0,98102,1943.0,25,1942.5,5,nan,0,nan,0,nan,0,nan,0,nan,0,nan,0,nan,0,nan,0
1597988271150127104,1597988271693000192,2020-08-21 13:37:51.693000,1942.5,1968.0,1929.5,1956.0,nan,1949.5,119788,23353931950.0,98103,1943.0,26,1942.5,9,nan,0,nan,0,nan,0,nan,0,nan,0,nan,0,nan,0,nan,0
1597988273149558016,1597988273728000000,2020-08-21 13:37:53.728000,1942.5,1968.0,1929.5,1956.0,nan,1949.5,119789,23354126200.0,98104,1943.0,26,1942.5,8,nan,0,nan,0,nan,0,nan,0,nan,0,nan,0,nan,0,nan,0
1597988273647652096,1597988274236000000,2020-08-21 13:37:54.236000,1942.5,1968.0,1929.5,1956.0,nan,1949.5,119791,23354514700.0,98106,1943.0,26,1942.5,5,nan,0,nan,0,nan,0,nan,0,nan,0,nan,0,nan,0,nan,0
1597988274661526016,1597988275239000064,2020-08-21 13:37:55.239000,1943.0,1968.0,1929.5,1956.0,nan,1949.5,119796,23355486200.0,98109,1943.0,24,1942.5,6,nan,0,nan,0,nan,0,nan,0,nan,0,nan,0,nan,0,nan,0
1597988275148998912,1597988275624000000,2020-08-21 13:37:55.624000,1943.0,1968.0,1929.5,1956.0,nan,1949.5,119796,23355486200.0,98109,1943.0,24,1942.5,26,nan,0,nan,0,nan,0,nan,0,nan,0,nan,0,nan,0,nan,0
1597988275758269952,1597988276240999936,2020-08-21 13:37:56.241000,1943.0,1968.0,1929.5,1956.0,nan,1949.5,119796,23355486200.0,98109,1943.0,24,1942.5,25,nan,0,nan,0,nan,0,nan,0,nan,0,nan,0,nan,0,nan,0
1597988276148688896,1597988276736999936,2020-08-21 13:37:56.737000,1942.5,1968.0,1929.5,1956.0,nan,1949.5,119797,23355680450.0,98109,1943.0,24,1942.5,26,nan,0,nan,0,nan,0,nan,0,nan,0,nan,0,nan,0,nan,0
1597988278147134976,1597988278713999872,2020-08-21 13:37:58.714000,1943.0,1968.0,1929.5,1956.0,nan,1949.5,119802,23356651950.0,98109,1943.0,19,1942.5,39,nan,0,nan,0,nan,0,nan,0,nan,0,nan,0,nan,0,nan,0
1597988278635515904,1597988279236000000,2020-08-21 13:37:59.236000,1943.0,1968.0,1929.5,1956.0,nan,1949.5,119802,23356651950.0,98109,1943.0,18,1942.5,39,nan,0,nan,0,nan,0,nan,0,nan,0,nan,0,nan,0,nan,0
1597988279158586112,1597988279697999872,2020-08-21 13:37:59.698000,1943.0,1968.0,1929.5,1956.0,nan,1949.5,119803,23356846250.0,98108,1943.0,18,1942.5,39,nan,0,nan,0,nan,0,nan,0,nan,0,nan,0,nan,0,nan,0
1597988280170446080,1597988280742000128,2020-08-21 13:38:00.742000,1943.0,1968.0,1929.5,1956.0,nan,1949.5,119805,23357234800.0,98107,1943.0,17,1942.5,38,nan,0,nan,0,nan,0,nan,0,nan,0,nan,0,nan,0,nan,0
1597988280633954048,1597988281236999936,2020-08-21 13:38:01.237000,1942.5,1968.0,1929.5,1956.0,nan,1949.5,119809,23358011800.0,98104,1943.0,18,1942.5,35,nan,0,nan,0,nan,0,nan,0,nan,0,nan,0,nan,0,nan,0
1597988281148765952,1597988281648000000,2020-08-21 13:38:01.648000,1942.5,1968.0,1929.5,1956.0,nan,1949.5,119809,23358011800.0,98104,1943.0,17,1942.5,43,nan,0,nan,0,nan,0,nan,0,nan,0,nan,0,nan,0,nan,0
1597988281644915968,1597988282180999936,2020-08-21 13:38:02.181000,1942.5,1968.0,1929.5,1956.0,nan,1949.5,119809,23358011800.0,98104,1943.0,17,1942.5,44,nan,0,nan,0,nan,0,nan,0,nan,0,nan,0,nan,0,nan,0
1597988282155857920,1597988282688000000,2020-08-21 13:38:02.688000,1943.0,1968.0,1929.5,1956.0,nan,1949.5,119810,23358206100.0,98104,1943.0,19,1942.5,48,nan,0,nan,0,nan,0,nan,0,nan,0,nan,0,nan,0,nan,0
1597988282643668992,1597988283207000064,2020-08-21 13:38:03.207000,1942.5,1968.0,1929.5,1956.0,nan,1949.5,119812,23358594650.0,98105,1943.0,18,1942.5,48,nan,0,nan,0,nan,0,nan,0,nan,0,nan,0,nan,0,nan,0
1597988283647410944,1597988284236000000,2020-08-21 13:38:04.236000,1942.5,1968.0,1929.5,1956.0,nan,1949.5,119813,23358788900.0,98105,1943.0,18,1942.5,47,nan,0,nan,0,nan,0,nan,0,nan,0,nan,0,nan,0,nan,0
1597988284147503104,1597988284694999808,2020-08-21 13:38:04.695000,1943.0,1968.0,1929.5,1956.0,nan,1949.5,119817,23359566050.0,98107,1943.0,15,1942.5,47,nan,0,nan,0,nan,0,nan,0,nan,0,nan,0,nan,0,nan,0
1597988284642242048,1597988285211000064,2020-08-21 13:38:05.211000,1942.5,1968.0,1929.5,1956.0,nan,1949.5,119818,23359760300.0,98107,1943.0,16,1942.5,46,nan,0,nan,0,nan,0,nan,0,nan,0,nan,0,nan,0,nan,0
1597988285159212032,1597988285628999936,2020-08-21 13:38:05.629000,1943.0,1968.0,1929.5,1956.0,nan,1949.5,119819,23359954600.0,98107,1943.0,15,1942.5,46,nan,0,nan,0,nan,0,nan,0,nan,0,nan,0,nan,0,nan,0
1597988285637456896,1597988286236999936,2020-08-21 13:38:06.237000,1942.5,1968.0,1929.5,1956.0,nan,1949.5,119820,23360148850.0,98108,1943.0,15,1942.5,45,nan,0,nan,0,nan,0,nan,0,nan,0,nan,0,nan,0,nan,0
1597988286150412032,1597988286732999936,2020-08-21 13:38:06.733000,1942.5,1968.0,1929.5,1956.0,nan,1949.5,119820,23360148850.0,98108,1943.0,19,1942.5,45,nan,0,nan,0,nan,0,nan,0,nan,0,nan,0,nan,0,nan,0
1597988287143259904,1597988287739000064,2020-08-21 13:38:07.739000,1942.5,1968.0,1929.5,1956.0,nan,1949.5,119821,23360343100.0,98108,1943.0,19,1942.5,44,nan,0,nan,0,nan,0,nan,0,nan,0,nan,0,nan,0,nan,0
1597988288640455936,1597988289240999936,2020-08-21 13:38:09.241000,1942.5,1968.0,1929.5,1956.0,nan,1949.5,119822,23360537350.0,98109,1943.0,19,1942.5,43,nan,0,nan,0,nan,0,nan,0,nan,0,nan,0,nan,0,nan,0
1597988289173325056,1597988289724999936,2020-08-21 13:38:09.725000,1943.0,1968.0,1929.5,1956.0,nan,1949.5,119828,23361703150.0,98109,1943.0,13,1942.5,43,nan,0,nan,0,nan,0,nan,0,nan,0,nan,0,nan,0,nan,0
1597988289647546880,1597988290228000000,2020-08-21 13:38:10.228000,1942.5,1968.0,1929.5,1956.0,nan,1949.5,119843,23364617400.0,98108,1943.5,34,1942.5,39,nan,0,nan,0,nan,0,nan,0,nan,0,nan,0,nan,0,nan,0
1597988290142520064,1597988290602999808,2020-08-21 13:38:10.603000,1943.0,1968.0,1929.5,1956.0,nan,1949.5,119850,23365977700.0,98105,1943.5,30,1942.5,33,nan,0,nan,0,nan,0,nan,0,nan,0,nan,0,nan,0,nan,0
1597988290639664128,1597988291226000128,2020-08-21 13:38:11.226000,1943.0,1968.0,1929.5,1956.0,nan,1949.5,119850,23365977700.0,98105,1943.5,29,1942.5,33,nan,0,nan,0,nan,0,nan,0,nan,0,nan,0,nan,0,nan,0
1597988291163137024,1597988291740999936,2020-08-21 13:38:11.741000,1943.0,1968.0,1929.5,1956.0,nan,1949.5,119850,23365977700.0,98105,1943.5,29,1943.0,2,nan,0,nan,0,nan,0,nan,0,nan,0,nan,0,nan,0,nan,0
1597988291640274944,1597988292220000000,2020-08-21 13:38:12.220000,1943.0,1968.0,1929.5,1956.0,nan,1949.5,119851,23366172000.0,98105,1943.5,18,1943.0,13,nan,0,nan,0,nan,0,nan,0,nan,0,nan,0,nan,0,nan,0
1597988292160241920,1597988292713999872,2020-08-21 13:38:12.714000,1943.0,1968.0,1929.5,1956.0,nan,1949.5,119859,23367726400.0,98112,1943.5,18,1943.0,14,nan,0,nan,0,nan,0,nan,0,nan,0,nan,0,nan,0,nan,0
1597988292640610048,1597988293220999936,2020-08-21 13:38:13.221000,1943.0,1968.0,1929.5,1956.0,nan,1949.5,119859,23367726400.0,98112,1943.5,19,1943.0,14,nan,0,nan,0,nan,0,nan,0,nan,0,nan,0,nan,0,nan,0
1597988293141244928,1597988293712000000,2020-08-21 13:38:13.712000,1943.0,1968.0,1929.5,1956.0,nan,1949.5,119859,23367726400.0,98112,1943.5,19,1943.0,15,nan,0,nan,0,nan,0,nan,0,nan,0,nan,0,nan,0,nan,0
1597988293670264064,1597988294209000192,2020-08-21 13:38:14.209000,1943.5,1968.0,1929.5,1956.0,nan,1949.5,119860,23367920750.0,98111,1943.5,18,1943.0,16,nan,0,nan,0,nan,0,nan,0,nan,0,nan,0,nan,0,nan,0
1597988294148667904,1597988294740000000,2020-08-21 13:38:14.740000,1943.0,1968.0,1929.5,1956.0,nan,1949.5,119862,23368309350.0,98112,1943.5,18,1943.0,15,nan,0,nan,0,nan,0,nan,0,nan,0,nan,0,nan,0,nan,0
1597988294635205888,1597988295227000064,2020-08-21 13:38:15.227000,1943.0,1968.0,1929.5,1956.0,nan,1949.5,119863,23368503650.0,98113,1943.5,18,1943.0,15,nan,0,nan,0,nan,0,nan,0,nan,0,nan,0,nan,0,nan,0
1597988295202877952,1597988295708000000,2020-08-21 13:38:15.708000,1943.0,1968.0,1929.5,1956.0,nan,1949.5,119866,23369086550.0,98111,1943.5,22,1943.0,16,nan,0,nan,0,nan,0,nan,0,nan,0,nan,0,nan,0,nan,0
1597988295635521024,1597988296236999936,2020-08-21 13:38:16.237000,1943.0,1968.0,1929.5,1956.0,nan,1949.5,119867,23369280850.0,98110,1943.5,22,1943.0,15,nan,0,nan,0,nan,0,nan,0,nan,0,nan,0,nan,0,nan,0
1597988296143256064,1597988296729000192,2020-08-21 13:38:16.729000,1943.0,1968.0,1929.5,1956.0,nan,1949.5,119873,23370446650.0,98110,1943.5,22,1943.0,12,nan,0,nan,0,nan,0,nan,0,nan,0,nan,0,nan,0,nan,0
1597988297165693952,1597988297716000000,2020-08-21 13:38:17.716000,1943.0,1968.0,1929.5,1956.0,nan,1949.5,119893,23374333150.0,98116,1943.5,11,1943.0,5,nan,0,nan,0,nan,0,nan,0,nan,0,nan,0,nan,0,nan,0
1597988297642042112,1597988298234999808,2020-08-21 13:38:18.235000,1943.0,1968.0,1929.5,1956.0,nan,1949.5,119894,23374527450.0,98116,1943.5,25,1943.0,3,nan,0,nan,0,nan,0,nan,0,nan,0,nan,0,nan,0,nan,0
1597988298641222912,1597988299223000064,2020-08-21 13:38:19.223000,1943.0,1968.0,1929.5,1956.0,nan,1949.5,119894,23374527450.0,98116,1943.5,25,1943.0,4,nan,0,nan,0,nan,0,nan,0,nan,0,nan,0,nan,0,nan,0
1597988299147812096,1597988299731000064,2020-08-21 13:38:19.731000,1943.0,1968.0,1929.5,1956.0,nan,1949.5,119895,23374721750.0,98116,1943.5,25,1943.0,3,nan,0,nan,0,nan,0,nan,0,nan,0,nan,0,nan,0,nan,0
1597988300164389120,1597988300708000000,2020-08-21 13:38:20.708000,1943.0,1968.0,1929.5,1956.0,nan,1949.5,119895,23374721750.0,98116,1943.5,25,1943.0,7,nan,0,nan,0,nan,0,nan,0,nan,0,nan,0,nan,0,nan,0
1597988300692111872,1597988301226000128,2020-08-21 13:38:21.226000,1943.0,1968.0,1929.5,1956.0,nan,1949.5,119897,23375110350.0,98116,1943.5,25,1943.0,5,nan,0,nan,0,nan,0,nan,0,nan,0,nan,0,nan,0,nan,0
1597988301757108992,1597988301716999936,2020-08-21 13:38:21.717000,1943.0,1968.0,1929.5,1956.0,nan,1949.5,119898,23375304650.0,98117,1943.5,25,1943.0,4,nan,0,nan,0,nan,0,nan,0,nan,0,nan,0,nan,0,nan,0
1597988302034909952,1597988302231000064,2020-08-21 13:38:22.231000,1943.0,1968.0,1929.5,1956.0,nan,1949.5,119899,23375498950.0,98116,1943.5,25,1943.0,3,nan,0,nan,0,nan,0,nan,0,nan,0,nan,0,nan,0,nan,0
1597988302199563008,1597988302732000000,2020-08-21 13:38:22.732000,1943.0,1968.0,1929.5,1956.0,nan,1949.5,119905,23376665000.0,98115,1943.5,21,1943.0,3,nan,0,nan,0,nan,0,nan,0,nan,0,nan,0,nan,0,nan,0
1597988302668005888,1597988303228000000,2020-08-21 13:38:23.228000,1943.0,1968.0,1929.5,1956.0,nan,1949.5,119911,23377830800.0,98118,1943.0,6,1942.5,18,nan,0,nan,0,nan,0,nan,0,nan,0,nan,0,nan,0,nan,0
1597988303151162880,1597988303732000000,2020-08-21 13:38:23.732000,1943.0,1968.0,1929.5,1956.0,nan,1949.5,119913,23378219400.0,98120,1943.0,6,1942.5,19,nan,0,nan,0,nan,0,nan,0,nan,0,nan,0,nan,0,nan,0
1597988303671120896,1597988304216999936,2020-08-21 13:38:24.217000,1943.0,1968.0,1929.5,1956.0,nan,1949.5,119913,23378219400.0,98120,1943.0,7,1942.5,18,nan,0,nan,0,nan,0,nan,0,nan,0,nan,0,nan,0,nan,0
1597988304171104000,1597988304743000064,2020-08-21 13:38:24.743000,1943.0,1968.0,1929.5,1956.0,nan,1949.5,119923,23380162500.0,98125,1943.0,3,1942.5,19,nan,0,nan,0,nan,0,nan,0,nan,0,nan,0,nan,0,nan,0
1597988304658467072,1597988305243000064,2020-08-21 13:38:25.243000,1943.0,1968.0,1929.5,1956.0,nan,1949.5,119927,23380939700.0,98122,1943.5,20,1943.0,32,nan,0,nan,0,nan,0,nan,0,nan,0,nan,0,nan,0,nan,0
1597988305139944960,1597988305742000128,2020-08-21 13:38:25.742000,1943.5,1968.0,1929.5,1956.0,nan,1949.5,119934,23382300150.0,98129,1943.5,5,1943.0,136,nan,0,nan,0,nan,0,nan,0,nan,0,nan,0,nan,0,nan,0
1597988305638831104,1597988306220000000,2020-08-21 13:38:26.220000,1943.5,1968.0,1929.5,1956.0,nan,1949.5,119940,23383466250.0,98130,1944.0,86,1943.5,1,nan,0,nan,0,nan,0,nan,0,nan,0,nan,0,nan,0,nan,0
1597988306153114112,1597988306742000128,2020-08-21 13:38:26.742000,1943.5,1968.0,1929.5,1956.0,nan,1949.5,119943,23384049300.0,98130,1944.0,87,1943.5,5,nan,0,nan,0,nan,0,nan,0,nan,0,nan,0,nan,0,nan,0
1597988306639872000,1597988307188999936,2020-08-21 13:38:27.189000,1943.5,1968.0,1929.5,1956.0,nan,1949.5,119944,23384243650.0,98130,1944.0,82,1943.5,10,nan,0,nan,0,nan,0,nan,0,nan,0,nan,0,nan,0,nan,0
1597988307195529984,1597988307742000128,2020-08-21 13:38:27.742000,1943.5,1968.0,1929.5,1956.0,nan,1949.5,119946,23384632350.0,98132,1944.0,77,1943.5,12,nan,0,nan,0,nan,0,nan,0,nan,0,nan,0,nan,0,nan,0
1597988307679505920,1597988308243000064,2020-08-21 13:38:28.243000,1943.5,1968.0,1929.5,1956.0,nan,1949.5,119946,23384632350.0,98132,1944.0,77,1943.5,20,nan,0,nan,0,nan,0,nan,0,nan,0,nan,0,nan,0,nan,0
1597988308139727872,1597988308734999808,2020-08-21 13:38:28.735000,1944.0,1968.0,1929.5,1956.0,nan,1949.5,119957,23386770250.0,98138,1944.0,80,1943.5,23,nan,0,nan,0,nan,0,nan,0,nan,0,nan,0,nan,0,nan,0
1597988308661306112,1597988309229000192,2020-08-21 13:38:29.229000,1943.5,1968.0,1929.5,1956.0,nan,1949.5,119961,23387547650.0,98141,1944.0,80,1943.5,18,nan,0,nan,0,nan,0,nan,0,nan,0,nan,0,nan,0,nan,0
1597988309193257984,1597988309736000000,2020-08-21 13:38:29.736000,1943.5,1968.0,1929.5,1956.0,nan,1949.5,119963,23387936350.0,98141,1944.0,80,1943.5,15,nan,0,nan,0,nan,0,nan,0,nan,0,nan,0,nan,0,nan,0
1597988309716180992,1597988310226000128,2020-08-21 13:38:30.226000,1944.0,1968.0,1929.5,1956.0,nan,1949.5,119964,23388130750.0,98142,1944.0,79,1943.5,15,nan,0,nan,0,nan,0,nan,0,nan,0,nan,0,nan,0,nan,0
1597988310653587968,1597988311227000064,2020-08-21 13:38:31.227000,1943.5,1968.0,1929.5,1956.0,nan,1949.5,119967,23388713800.0,98142,1944.0,79,1943.5,12,nan,0,nan,0,nan,0,nan,0,nan,0,nan,0,nan,0,nan,0
1597988311152142080,1597988311724000000,2020-08-21 13:38:31.724000,1943.5,1968.0,1929.5,1956.0,nan,1949.5,119969,23389102500.0,98144,1944.0,79,1943.5,10,nan,0,nan,0,nan,0,nan,0,nan,0,nan,0,nan,0,nan,0
1597988311633796096,1597988312216000000,2020-08-21 13:38:32.216000,1944.0,1968.0,1929.5,1956.0,nan,1949.5,119973,23389880050.0,98147,1944.0,76,1943.5,9,nan,0,nan,0,nan,0,nan,0,nan,0,nan,0,nan,0,nan,0
1597988312151913984,1597988312696000000,2020-08-21 13:38:32.696000,1943.5,1968.0,1929.5,1956.0,nan,1949.5,119974,23390074400.0,98148,1944.0,76,1943.5,16,nan,0,nan,0,nan,0,nan,0,nan,0,nan,0,nan,0,nan,0
1597988312650886912,1597988313239000064,2020-08-21 13:38:33.239000,1943.5,1968.0,1929.5,1956.0,nan,1949.5,119975,23390268750.0,98149,1944.0,76,1943.5,15,nan,0,nan,0,nan,0,nan,0,nan,0,nan,0,nan,0,nan,0
1597988313169686016,1597988313737999872,2020-08-21 13:38:33.738000,1944.0,1968.0,1929.5,1956.0,nan,1949.5,119998,23394739850.0,98136,1944.0,55,1943.5,13,nan,0,nan,0,nan,0,nan,0,nan,0,nan,0,nan,0,nan,0
1597988313642013952,1597988314214999808,2020-08-21 13:38:34.215000,1944.0,1968.0,1929.5,1956.0,nan,1949.5,120000,23395128650.0,98134,1944.0,53,1943.5,23,nan,0,nan,0,nan,0,nan,0,nan,0,nan,0,nan,0,nan,0
1597988314141925120,1597988314733999872,2020-08-21 13:38:34.734000,1943.5,1968.0,1929.5,1956.0,nan,1949.5,120001,23395323000.0,98134,1944.0,53,1943.5,27,nan,0,nan,0,nan,0,nan,0,nan,0,nan,0,nan,0,nan,0
1597988315165186048,1597988315729000192,2020-08-21 13:38:35.729000,1943.5,1968.0,1929.5,1956.0,nan,1949.5,120011,23397266750.0,98136,1944.0,48,1943.5,22,nan,0,nan,0,nan,0,nan,0,nan,0,nan,0,nan,0,nan,0
1597988315712901888,1597988316223000064,2020-08-21 13:38:36.223000,1943.5,1968.0,1929.5,1956.0,nan,1949.5,120020,23399015900.0,98134,1944.0,48,1943.5,13,nan,0,nan,0,nan,0,nan,0,nan,0,nan,0,nan,0,nan,0
1597988316639022080,1597988317240999936,2020-08-21 13:38:37.241000,1943.5,1968.0,1929.5,1956.0,nan,1949.5,120021,23399210250.0,98135,1944.0,48,1943.5,12,nan,0,nan,0,nan,0,nan,0,nan,0,nan,0,nan,0,nan,0
1597988317148897024,1597988317700999936,2020-08-21 13:38:37.701000,1943.5,1968.0,1929.5,1956.0,nan,1949.5,120021,23399210250.0,98135,1944.0,47,1943.5,12,nan,0,nan,0,nan,0,nan,0,nan,0,nan,0,nan,0,nan,0
1597988318155255040,1597988318714999808,2020-08-21 13:38:38.715000,1944.0,1968.0,1929.5,1956.0,nan,1949.5,120029,23400765450.0,98142,1944.0,39,1943.5,12,nan,0,nan,0,nan,0,nan,0,nan,0,nan,0,nan,0,nan,0
1597988318636504064,1597988319216999936,2020-08-21 13:38:39.217000,1944.0,1968.0,1929.5,1956.0,nan,1949.5,120040,23402903800.0,98146,1944.0,28,1943.5,12,nan,0,nan,0,nan,0,nan,0,nan,0,nan,0,nan,0,nan,0
1597988319180076032,1597988319726000128,2020-08-21 13:38:39.726000,1944.0,1968.0,1929.5,1956.0,nan,1949.5,120040,23402903800.0,98146,1944.0,28,1943.5,13,nan,0,nan,0,nan,0,nan,0,nan,0,nan,0,nan,0,nan,0
1597988319643469056,1597988320240999936,2020-08-21 13:38:40.241000,1943.5,1968.0,1929.5,1956.0,nan,1949.5,120041,23403098150.0,98147,1944.0,28,1943.5,12,nan,0,nan,0,nan,0,nan,0,nan,0,nan,0,nan,0,nan,0
1597988320142435072,1597988320728000000,2020-08-21 13:38:40.728000,1943.5,1968.0,1929.5,1956.0,nan,1949.5,120048,23404458600.0,98149,1944.0,28,1943.5,3,nan,0,nan,0,nan,0,nan,0,nan,0,nan,0,nan,0,nan,0
1597988320645501952,1597988321224999936,2020-08-21 13:38:41.225000,1944.0,1968.0,1929.5,1956.0,nan,1949.5,120049,23404653000.0,98150,1944.0,27,1943.5,10,nan,0,nan,0,nan,0,nan,0,nan,0,nan,0,nan,0,nan,0
1597988321181371904,1597988321740999936,2020-08-21 13:38:41.741000,1944.0,1968.0,1929.5,1956.0,nan,1949.5,120049,23404653000.0,98150,1944.0,28,1943.5,10,nan,0,nan,0,nan,0,nan,0,nan,0,nan,0,nan,0,nan,0
1597988321637893120,1597988322224000000,2020-08-21 13:38:42.224000,1944.0,1968.0,1929.5,1956.0,nan,1949.5,120049,23404653000.0,98150,1944.0,29,1943.5,10,nan,0,nan,0,nan,0,nan,0,nan,0,nan,0,nan,0,nan,0
1597988322633861888,1597988323213999872,2020-08-21 13:38:43.214000,1943.5,1968.0,1929.5,1956.0,nan,1949.5,120050,23404847350.0,98150,1944.0,29,1943.5,9,nan,0,nan,0,nan,0,nan,0,nan,0,nan,0,nan,0,nan,0
1597988323142486016,1597988323716999936,2020-08-21 13:38:43.717000,1943.5,1968.0,1929.5,1956.0,nan,1949.5,120050,23404847350.0,98150,1944.0,33,1943.5,14,nan,0,nan,0,nan,0,nan,0,nan,0,nan,0,nan,0,nan,0
1597988323641082112,1597988324236999936,2020-08-21 13:38:44.237000,1943.5,1968.0,1929.5,1956.0,nan,1949.5,120050,23404847350.0,98150,1944.0,35,1943.5,14,nan,0,nan,0,nan,0,nan,0,nan,0,nan,0,nan,0,nan,0
1597988324645401088,1597988325237999872,2020-08-21 13:38:45.238000,1943.5,1968.0,1929.5,1956.0,nan,1949.5,120052,23405236050.0,98150,1944.0,35,1943.5,13,nan,0,nan,0,nan,0,nan,0,nan,0,nan,0,nan,0,nan,0
1597988325180704000,1597988325742000128,2020-08-21 13:38:45.742000,1943.5,1968.0,1929.5,1956.0,nan,1949.5,120057,23406207800.0,98148,1944.0,35,1943.5,8,nan,0,nan,0,nan,0,nan,0,nan,0,nan,0,nan,0,nan,0
1597988325685005056,1597988326224000000,2020-08-21 13:38:46.224000,1943.5,1968.0,1929.5,1956.0,nan,1949.5,120057,23406207800.0,98148,1944.0,36,1943.5,8,nan,0,nan,0,nan,0,nan,0,nan,0,nan,0,nan,0,nan,0
1597988326157924096,1597988326737999872,2020-08-21 13:38:46.738000,1944.0,1968.0,1929.5,1956.0,nan,1949.5,120058,23406402200.0,98149,1944.0,36,1943.5,8,nan,0,nan,0,nan,0,nan,0,nan,0,nan,0,nan,0,nan,0
1597988326790575104,1597988327224999936,2020-08-21 13:38:47.225000,1944.0,1968.0,1929.5,1956.0,nan,1949.5,120058,23406402200.0,98149,1944.0,36,1943.5,10,nan,0,nan,0,nan,0,nan,0,nan,0,nan,0,nan,0,nan,0
1597988328199028992,1597988328732000000,2020-08-21 13:38:48.732000,1943.5,1968.0,1929.5,1956.0,nan,1949.5,120061,23406985250.0,98148,1944.0,36,1943.5,8,nan,0,nan,0,nan,0,nan,0,nan,0,nan,0,nan,0,nan,0
1597988329654031104,1597988330108999936,2020-08-21 13:38:50.109000,1943.5,1968.0,1929.5,1956.0,nan,1949.5,120061,23406985250.0,98148,1944.0,37,1943.5,9,nan,0,nan,0,nan,0,nan,0,nan,0,nan,0,nan,0,nan,0
1597988330208111104,1597988330712000000,2020-08-21 13:38:50.712000,1943.5,1968.0,1929.5,1956.0,nan,1949.5,120068,23408346000.0,98148,1944.0,30,1943.5,23,nan,0,nan,0,nan,0,nan,0,nan,0,nan,0,nan,0,nan,0
1597988331680112896,1597988332230000128,2020-08-21 13:38:52.230000,1943.5,1968.0,1929.5,1956.0,nan,1949.5,120069,23408540350.0,98147,1944.0,30,1943.5,26,nan,0,nan,0,nan,0,nan,0,nan,0,nan,0,nan,0,nan,0
1597988332223506944,1597988332719000064,2020-08-21 13:38:52.719000,1943.5,1968.0,1929.5,1956.0,nan,1949.5,120069,23408540350.0,98147,1944.0,30,1943.5,27,nan,0,nan,0,nan,0,nan,0,nan,0,nan,0,nan,0,nan,0
1597988332705822976,1597988333239000064,2020-08-21 13:38:53.239000,1943.5,1968.0,1929.5,1956.0,nan,1949.5,120077,23410095150.0,98144,1944.0,30,1943.5,4,nan,0,nan,0,nan,0,nan,0,nan,0,nan,0,nan,0,nan,0
1597988333165150976,1597988333742000128,2020-08-21 13:38:53.742000,1944.0,1968.0,1929.5,1956.0,nan,1949.5,120079,23410483950.0,98144,1944.0,28,1943.5,3,nan,0,nan,0,nan,0,nan,0,nan,0,nan,0,nan,0,nan,0
1597988333706448896,1597988334203000064,2020-08-21 13:38:54.203000,1944.0,1968.0,1929.5,1956.0,nan,1949.5,120079,23410483950.0,98144,1944.0,28,1943.5,8,nan,0,nan,0,nan,0,nan,0,nan,0,nan,0,nan,0,nan,0
1597988334204552960,1597988334690000128,2020-08-21 13:38:54.690000,1944.0,1968.0,1929.5,1956.0,nan,1949.5,120084,23411455950.0,98140,1944.0,23,1943.5,10,nan,0,nan,0,nan,0,nan,0,nan,0,nan,0,nan,0,nan,0
1597988334647281920,1597988335161999872,2020-08-21 13:38:55.162000,1943.5,1968.0,1929.5,1956.0,nan,1949.5,120088,23412233450.0,98136,1944.0,21,1943.5,9,nan,0,nan,0,nan,0,nan,0,nan,0,nan,0,nan,0,nan,0
1597988335188523008,1597988335736999936,2020-08-21 13:38:55.737000,1943.5,1968.0,1929.5,1956.0,nan,1949.5,120089,23412427800.0,98136,1944.0,24,1943.5,8,nan,0,nan,0,nan,0,nan,0,nan,0,nan,0,nan,0,nan,0
1597988336255139072,1597988336742000128,2020-08-21 13:38:56.742000,1943.5,1968.0,1929.5,1956.0,nan,1949.5,120089,23412427800.0,98136,1944.0,25,1943.5,10,nan,0,nan,0,nan,0,nan,0,nan,0,nan,0,nan,0,nan,0
1597988336680591872,1597988337233999872,2020-08-21 13:38:57.234000,1943.5,1968.0,1929.5,1956.0,nan,1949.5,120095,23413593900.0,98136,1944.0,25,1943.5,3,nan,0,nan,0,nan,0,nan,0,nan,0,nan,0,nan,0,nan,0
1597988337191986944,1597988337703000064,2020-08-21 13:38:57.703000,1944.0,1968.0,1929.5,1956.0,nan,1949.5,120104,23415343350.0,98138,1944.0,26,1943.5,29,nan,0,nan,0,nan,0,nan,0,nan,0,nan,0,nan,0,nan,0
1597988337655003904,1597988338216999936,2020-08-21 13:38:58.217000,1944.0,1968.0,1929.5,1956.0,nan,1949.5,120106,23415732150.0,98137,1944.0,22,1943.5,30,nan,0,nan,0,nan,0,nan,0,nan,0,nan,0,nan,0,nan,0
1597988338152785920,1597988338732000000,2020-08-21 13:38:58.732000,1944.0,1968.0,1929.5,1956.0,nan,1949.5,120107,23415926550.0,98137,1944.0,15,1943.5,33,nan,0,nan,0,nan,0,nan,0,nan,0,nan,0,nan,0,nan,0
1597988338682828032,1597988339234999808,2020-08-21 13:38:59.235000,1944.0,1968.0,1929.5,1956.0,nan,1949.5,120107,23415926550.0,98137,1944.0,16,1943.5,33,nan,0,nan,0,nan,0,nan,0,nan,0,nan,0,nan,0,nan,0
1597988339299353088,1597988339720000000,2020-08-21 13:38:59.720000,1943.5,1968.0,1929.5,1956.0,nan,1949.5,120109,23416315250.0,98138,1944.0,16,1943.5,32,nan,0,nan,0,nan,0,nan,0,nan,0,nan,0,nan,0,nan,0
1597988339673284096,1597988340240999936,2020-08-21 13:39:00.241000,1944.0,1968.0,1929.5,1956.0,nan,1949.5,120129,23420203250.0,98133,1944.5,50,1944.0,66,nan,0,nan,0,nan,0,nan,0,nan,0,nan,0,nan,0,nan,0
1597988340178482944,1597988340736999936,2020-08-21 13:39:00.737000,1944.5,1968.0,1929.5,1956.0,nan,1949.5,120138,23421953300.0,98137,1944.5,42,1944.0,95,nan,0,nan,0,nan,0,nan,0,nan,0,nan,0,nan,0,nan,0
1597988340709285888,1597988341220999936,2020-08-21 13:39:01.221000,1944.5,1968.0,1929.5,1956.0,nan,1949.5,120182,23430509000.0,98154,1944.5,1,1944.0,102,nan,0,nan,0,nan,0,nan,0,nan,0,nan,0,nan,0,nan,0
1597988341153721088,1597988341724000000,2020-08-21 13:39:01.724000,1944.5,1968.0,1929.5,1956.0,nan,1949.5,120186,23431286850.0,98154,1945.0,236,1944.5,10,nan,0,nan,0,nan,0,nan,0,nan,0,nan,0,nan,0,nan,0
1597988341795287040,1597988342244000000,2020-08-21 13:39:02.244000,1944.5,1968.0,1929.5,1956.0,nan,1949.5,120190,23432064650.0,98154,1945.0,236,1944.5,13,nan,0,nan,0,nan,0,nan,0,nan,0,nan,0,nan,0,nan,0
1597988342188430080,1597988342734999808,2020-08-21 13:39:02.735000,1944.5,1968.0,1929.5,1956.0,nan,1949.5,120193,23432648050.0,98151,1945.0,235,1944.5,15,nan,0,nan,0,nan,0,nan,0,nan,0,nan,0,nan,0,nan,0
1597988342723196928,1597988343236999936,2020-08-21 13:39:03.237000,1945.0,1968.0,1929.5,1956.0,nan,1949.5,120199,23433815000.0,98151,1945.0,230,1944.5,20,nan,0,nan,0,nan,0,nan,0,nan,0,nan,0,nan,0,nan,0
1597988343167034880,1597988343740000000,2020-08-21 13:39:03.740000,1944.5,1968.0,1929.5,1956.0,nan,1949.5,120310,23455401000.0,98078,1945.0,183,1944.5,8,nan,0,nan,0,nan,0,nan,0,nan,0,nan,0,nan,0,nan,0
1597988343663123968,1597988344221999872,2020-08-21 13:39:04.222000,1944.5,1968.0,1929.5,1956.0,nan,1949.5,120314,23456178850.0,98077,1945.0,182,1944.5,8,nan,0,nan,0,nan,0,nan,0,nan,0,nan,0,nan,0,nan,0
1597988344152787968,1597988344737999872,2020-08-21 13:39:04.738000,1945.0,1968.0,1929.5,1956.0,nan,1949.5,120315,23456373350.0,98077,1945.0,181,1944.5,18,nan,0,nan,0,nan,0,nan,0,nan,0,nan,0,nan,0,nan,0
1597988344643048960,1597988345196999936,2020-08-21 13:39:05.197000,1944.5,1968.0,1929.5,1956.0,nan,1949.5,120317,23456762250.0,98077,1945.0,181,1944.5,27,nan,0,nan,0,nan,0,nan,0,nan,0,nan,0,nan,0,nan,0
1597988345195443968,1597988345742000128,2020-08-21 13:39:05.742000,1944.5,1968.0,1929.5,1956.0,nan,1949.5,120321,23457540050.0,98076,1945.0,181,1944.5,26,nan,0,nan,0,nan,0,nan,0,nan,0,nan,0,nan,0,nan,0
1597988345659592960,1597988346233999872,2020-08-21 13:39:06.234000,1944.5,1968.0,1929.5,1956.0,nan,1949.5,120325,23458317900.0,98076,1945.0,186,1944.5,23,nan,0,nan,0,nan,0,nan,0,nan,0,nan,0,nan,0,nan,0
1597988346188180992,1597988346724999936,2020-08-21 13:39:06.725000,1944.5,1968.0,1929.5,1956.0,nan,1949.5,120325,23458317900.0,98076,1945.0,185,1944.5,24,nan,0,nan,0,nan,0,nan,0,nan,0,nan,0,nan,0,nan,0
1597988346673191936,1597988347239000064,2020-08-21 13:39:07.239000,1944.5,1968.0,1929.5,1956.0,nan,1949.5,120326,23458512350.0,98076,1945.0,188,1944.5,23,nan,0,nan,0,nan,0,nan,0,nan,0,nan,0,nan,0,nan,0
1597988347201999104,1597988347711000064,2020-08-21 13:39:07.711000,1944.5,1968.0,1929.5,1956.0,nan,1949.5,120340,23461234750.0,98075,1945.0,188,1944.5,10,nan,0,nan,0,nan,0,nan,0,nan,0,nan,0,nan,0,nan,0
1597988347660713984,1597988348233999872,2020-08-21 13:39:08.234000,1945.0,1968.0,1929.5,1956.0,nan,1949.5,120388,23470570250.0,98060,1945.0,152,1944.0,116,nan,0,nan,0,nan,0,nan,0,nan,0,nan,0,nan,0,nan,0
1597988348172068096,1597988348707000064,2020-08-21 13:39:08.707000,1945.0,1968.0,1929.5,1956.0,nan,1949.5,120394,23471737200.0,98059,1945.0,147,1944.5,10,nan,0,nan,0,nan,0,nan,0,nan,0,nan,0,nan,0,nan,0
1597988348651544064,1597988349219000064,2020-08-21 13:39:09.219000,1944.5,1968.0,1929.5,1956.0,nan,1949.5,120397,23472320650.0,98057,1945.0,144,1944.5,34,nan,0,nan,0,nan,0,nan,0,nan,0,nan,0,nan,0,nan,0
1597988349186429952,1597988349736000000,2020-08-21 13:39:09.736000,1944.5,1968.0,1929.5,1956.0,nan,1949.5,120400,23472904000.0,98057,1945.0,145,1944.5,32,nan,0,nan,0,nan,0,nan,0,nan,0,nan,0,nan,0,nan,0
1597988349640307968,1597988350224000000,2020-08-21 13:39:10.224000,1945.0,1968.0,1929.5,1956.0,nan,1949.5,120401,23473098500.0,98057,1945.0,143,1944.5,34,nan,0,nan,0,nan,0,nan,0,nan,0,nan,0,nan,0,nan,0
1597988350241822976,1597988350742000128,2020-08-21 13:39:10.742000,1945.0,1968.0,1929.5,1956.0,nan,1949.5,120403,23473487450.0,98056,1945.0,143,1944.5,33,nan,0,nan,0,nan,0,nan,0,nan,0,nan,0,nan,0,nan,0
1597988350710507008,1597988351186000128,2020-08-21 13:39:11.186000,1944.5,1968.0,1929.5,1956.0,nan,1949.5,120405,23473876350.0,98058,1945.0,143,1944.5,31,nan,0,nan,0,nan,0,nan,0,nan,0,nan,0,nan,0,nan,0
1597988351172835072,1597988351736999936,2020-08-21 13:39:11.737000,1944.5,1968.0,1929.5,1956.0,nan,1949.5,120408,23474459700.0,98058,1945.0,145,1944.5,28,nan,0,nan,0,nan,0,nan,0,nan,0,nan,0,nan,0,nan,0
1597988351749263872,1597988352243000064,2020-08-21 13:39:12.243000,1944.5,1968.0,1929.5,1956.0,nan,1949.5,120408,23474459700.0,98058,1945.0,144,1944.5,28,nan,0,nan,0,nan,0,nan,0,nan,0,nan,0,nan,0,nan,0
1597988352160679936,1597988352734999808,2020-08-21 13:39:12.735000,1944.5,1968.0,1929.5,1956.0,nan,1949.5,120409,23474654150.0,98059,1945.0,144,1944.5,27,nan,0,nan,0,nan,0,nan,0,nan,0,nan,0,nan,0,nan,0
1597988352727877888,1597988353220999936,2020-08-21 13:39:13.221000,1944.5,1968.0,1929.5,1956.0,nan,1949.5,120411,23475043050.0,98060,1945.0,144,1944.5,25,nan,0,nan,0,nan,0,nan,0,nan,0,nan,0,nan,0,nan,0
1597988353188226048,1597988353730000128,2020-08-21 13:39:13.730000,1945.0,1968.0,1929.5,1956.0,nan,1949.5,120412,23475237550.0,98060,1945.0,144,1944.5,25,nan,0,nan,0,nan,0,nan,0,nan,0,nan,0,nan,0,nan,0
1597988353640482048,1597988354242000128,2020-08-21 13:39:14.242000,1945.0,1968.0,1929.5,1956.0,nan,1949.5,120418,23476404450.0,98060,1945.0,140,1944.5,22,nan,0,nan,0,nan,0,nan,0,nan,0,nan,0,nan,0,nan,0
1597988354185286912,1597988354724999936,2020-08-21 13:39:14.725000,1944.5,1968.0,1929.5,1956.0,nan,1949.5,120446,23481849050.0,98087,1944.5,1,1944.0,117,nan,0,nan,0,nan,0,nan,0,nan,0,nan,0,nan,0,nan,0
1597988354642920960,1597988355237999872,2020-08-21 13:39:15.238000,1944.5,1968.0,1929.5,1956.0,nan,1949.5,120447,23482043500.0,98087,1944.5,13,1944.0,117,nan,0,nan,0,nan,0,nan,0,nan,0,nan,0,nan,0,nan,0
1597988355154974976,1597988355742000128,2020-08-21 13:39:15.742000,1944.5,1968.0,1929.5,1956.0,nan,1949.5,120447,23482043500.0,98087,1944.5,38,1944.0,117,nan,0,nan,0,nan,0,nan,0,nan,0,nan,0,nan,0,nan,0
1597988355645334016,1597988356221999872,2020-08-21 13:39:16.222000,1944.5,1968.0,1929.5,1956.0,nan,1949.5,120486,23489627050.0,98094,1944.5,5,1944.0,117,nan,0,nan,0,nan,0,nan,0,nan,0,nan,0,nan,0,nan,0
1597988356142706944,1597988356732999936,2020-08-21 13:39:16.733000,1944.5,1968.0,1929.5,1956.0,nan,1949.5,120486,23489627050.0,98094,1944.5,6,1944.0,117,nan,0,nan,0,nan,0,nan,0,nan,0,nan,0,nan,0,nan,0
1597988356636316928,1597988357214999808,2020-08-21 13:39:17.215000,1944.5,1968.0,1929.5,1956.0,nan,1949.5,120486,23489627050.0,98094,1944.5,10,1944.0,117,nan,0,nan,0,nan,0,nan,0,nan,0,nan,0,nan,0,nan,0
1597988357160847104,1597988357663000064,2020-08-21 13:39:17.663000,1944.5,1968.0,1929.5,1956.0,nan,1949.5,120486,23489627050.0,98094,1944.5,10,1944.0,118,nan,0,nan,0,nan,0,nan,0,nan,0,nan,0,nan,0,nan,0
1597988357643815936,1597988358234999808,2020-08-21 13:39:18.235000,1944.5,1968.0,1929.5,1956.0,nan,1949.5,120486,23489627050.0,98094,1944.5,13,1944.0,121,nan,0,nan,0,nan,0,nan,0,nan,0,nan,0,nan,0,nan,0
1597988358149107968,1597988358742000128,2020-08-21 13:39:18.742000,1944.5,1968.0,1929.5,1956.0,nan,1949.5,120486,23489627050.0,98094,1944.5,20,1944.0,121,nan,0,nan,0,nan,0,nan,0,nan,0,nan,0,nan,0,nan,0
1597988358643003904,1597988359230000128,2020-08-21 13:39:19.230000,1944.5,1968.0,1929.5,1956.0,nan,1949.5,120486,23489627050.0,98094,1944.5,25,1944.0,123,nan,0,nan,0,nan,0,nan,0,nan,0,nan,0,nan,0,nan,0
1597988359151866880,1597988359720999936,2020-08-21 13:39:19.721000,1944.5,1968.0,1929.5,1956.0,nan,1949.5,120495,23491377100.0,98102,1944.5,18,1944.0,123,nan,0,nan,0,nan,0,nan,0,nan,0,nan,0,nan,0,nan,0
1597988359634459904,1597988360240000000,2020-08-21 13:39:20.240000,1944.0,1968.0,1929.5,1956.0,nan,1949.5,120499,23492154750.0,98100,1944.5,14,1944.0,122,nan,0,nan,0,nan,0,nan,0,nan,0,nan,0,nan,0,nan,0
1597988360148730880,1597988360740999936,2020-08-21 13:39:20.741000,1944.0,1968.0,1929.5,1956.0,nan,1949.5,120499,23492154750.0,98100,1944.5,15,1944.0,122,nan,0,nan,0,nan,0,nan,0,nan,0,nan,0,nan,0,nan,0
1597988361169811968,1597988361737999872,2020-08-21 13:39:21.738000,1944.0,1968.0,1929.5,1956.0,nan,1949.5,120538,23499737400.0,98080,1945.0,133,1944.5,10,nan,0,nan,0,nan,0,nan,0,nan,0,nan,0,nan,0,nan,0
1597988361638562048,1597988362220999936,2020-08-21 13:39:22.221000,1944.5,1968.0,1929.5,1956.0,nan,1949.5,120542,23500515200.0,98081,1945.0,144,1944.5,39,nan,0,nan,0,nan,0,nan,0,nan,0,nan,0,nan,0,nan,0
1597988362147802880,1597988362736000000,2020-08-21 13:39:22.736000,1944.5,1968.0,1929.5,1956.0,nan,1949.5,120545,23501098600.0,98081,1945.0,143,1944.5,43,nan,0,nan,0,nan,0,nan,0,nan,0,nan,0,nan,0,nan,0
1597988362637978112,1597988363230000128,2020-08-21 13:39:23.230000,1944.5,1968.0,1929.5,1956.0,nan,1949.5,120549,23501876400.0,98081,1945.0,143,1944.5,39,nan,0,nan,0,nan,0,nan,0,nan,0,nan,0,nan,0,nan,0
1597988363160101120,1597988363696000000,2020-08-21 13:39:23.696000,1945.0,1968.0,1929.5,1956.0,nan,1949.5,120550,23502070900.0,98080,1945.0,142,1944.5,39,nan,0,nan,0,nan,0,nan,0,nan,0,nan,0,nan,0,nan,0
1597988363643841024,1597988364230000128,2020-08-21 13:39:24.230000,1944.5,1968.0,1929.5,1956.0,nan,1949.5,120555,23503043150.0,98080,1945.0,142,1944.5,33,nan,0,nan,0,nan,0,nan,0,nan,0,nan,0,nan,0,nan,0
1597988364181265920,1597988364740000000,2020-08-21 13:39:24.740000,1944.5,1968.0,1929.5,1956.0,nan,1949.5,120556,23503237600.0,98080,1945.0,143,1944.5,32,nan,0,nan,0,nan,0,nan,0,nan,0,nan,0,nan,0,nan,0
1597988364646396928,1597988365228000000,2020-08-21 13:39:25.228000,1944.5,1968.0,1929.5,1956.0,nan,1949.5,120558,23503626500.0,98081,1945.0,144,1944.5,35,nan,0,nan,0,nan,0,nan,0,nan,0,nan,0,nan,0,nan,0
1597988365144115968,1597988365728000000,2020-08-21 13:39:25.728000,1944.5,1968.0,1929.5,1956.0,nan,1949.5,120559,23503820950.0,98081,1945.0,144,1944.5,62,nan,0,nan,0,nan,0,nan,0,nan,0,nan,0,nan,0,nan,0
1597988365639524096,1597988366243000064,2020-08-21 13:39:26.243000,1945.0,1968.0,1929.5,1956.0,nan,1949.5,120565,23504987900.0,98077,1945.0,138,1944.5,69,nan,0,nan,0,nan,0,nan,0,nan,0,nan,0,nan,0,nan,0
1597988366214914048,1597988366731000064,2020-08-21 13:39:26.731000,1945.0,1968.0,1929.5,1956.0,nan,1949.5,120580,23507905400.0,98063,1945.0,123,1944.5,74,nan,0,nan,0,nan,0,nan,0,nan,0,nan,0,nan,0,nan,0
1597988367197803008,1597988367731000064,2020-08-21 13:39:27.731000,1944.5,1968.0,1929.5,1956.0,nan,1949.5,120582,23508294300.0,98063,1945.0,124,1944.5,76,nan,0,nan,0,nan,0,nan,0,nan,0,nan,0,nan,0,nan,0
1597988367667173888,1597988368209000192,2020-08-21 13:39:28.209000,1944.5,1968.0,1929.5,1956.0,nan,1949.5,120583,23508488750.0,98063,1945.0,124,1944.5,76,nan,0,nan,0,nan,0,nan,0,nan,0,nan,0,nan,0,nan,0
1597988368140040960,1597988368736999936,2020-08-21 13:39:28.737000,1944.5,1968.0,1929.5,1956.0,nan,1949.5,120589,23509655700.0,98063,1945.0,110,1944.5,81,nan,0,nan,0,nan,0,nan,0,nan,0,nan,0,nan,0,nan,0
1597988368638256128,1597988369236999936,2020-08-21 13:39:29.237000,1944.5,1968.0,1929.5,1956.0,nan,1949.5,120599,23511600200.0,98063,1945.0,110,1944.5,71,nan,0,nan,0,nan,0,nan,0,nan,0,nan,0,nan,0,nan,0
1597988369199601920,1597988369727000064,2020-08-21 13:39:29.727000,1944.5,1968.0,1929.5,1956.0,nan,1949.5,120610,23513739200.0,98070,1945.0,109,1944.5,61,nan,0,nan,0,nan,0,nan,0,nan,0,nan,0,nan,0,nan,0
1597988369634639104,1597988370196000000,2020-08-21 13:39:30.196000,1944.5,1968.0,1929.5,1956.0,nan,1949.5,120621,23515878200.0,98077,1945.0,107,1944.5,53,nan,0,nan,0,nan,0,nan,0,nan,0,nan,0,nan,0,nan,0
1597988370166166016,1597988370739000064,2020-08-21 13:39:30.739000,1944.5,1968.0,1929.5,1956.0,nan,1949.5,120621,23515878200.0,98077,1945.0,108,1944.5,55,nan,0,nan,0,nan,0,nan,0,nan,0,nan,0,nan,0,nan,0
1597988370644819968,1597988371223000064,2020-08-21 13:39:31.223000,1945.0,1968.0,1929.5,1956.0,nan,1949.5,120623,23516267200.0,98078,1945.0,107,1944.5,55,nan,0,nan,0,nan,0,nan,0,nan,0,nan,0,nan,0,nan,0
1597988371137126912,1597988371739000064,2020-08-21 13:39:31.739000,1945.0,1968.0,1929.5,1956.0,nan,1949.5,120623,23516267200.0,98078,1945.0,112,1944.5,55,nan,0,nan,0,nan,0,nan,0,nan,0,nan,0,nan,0,nan,0
1597988371670195968,1597988372240999936,2020-08-21 13:39:32.241000,1945.0,1968.0,1929.5,1956.0,nan,1949.5,120624,23516461700.0,98078,1945.0,112,1944.5,55,nan,0,nan,0,nan,0,nan,0,nan,0,nan,0,nan,0,nan,0
1597988372158228992,1597988372739000064,2020-08-21 13:39:32.739000,1944.5,1968.0,1929.5,1956.0,nan,1949.5,120625,23516656150.0,98078,1945.0,114,1944.5,54,nan,0,nan,0,nan,0,nan,0,nan,0,nan,0,nan,0,nan,0
1597988372645984000,1597988373240999936,2020-08-21 13:39:33.241000,1945.0,1968.0,1929.5,1956.0,nan,1949.5,120630,23517628650.0,98083,1945.0,109,1944.5,54,nan,0,nan,0,nan,0,nan,0,nan,0,nan,0,nan,0,nan,0
1597988373203535872,1597988373724999936,2020-08-21 13:39:33.725000,1944.5,1968.0,1929.5,1956.0,nan,1949.5,120640,23519573150.0,98083,1945.0,109,1944.5,42,nan,0,nan,0,nan,0,nan,0,nan,0,nan,0,nan,0,nan,0
1597988373676442112,1597988374216999936,2020-08-21 13:39:34.217000,1944.5,1968.0,1929.5,1956.0,nan,1949.5,120684,23528128950.0,98121,1944.5,18,1944.0,104,nan,0,nan,0,nan,0,nan,0,nan,0,nan,0,nan,0,nan,0
1597988374142285056,1597988374736999936,2020-08-21 13:39:34.737000,1944.5,1968.0,1929.5,1956.0,nan,1949.5,120684,23528128950.0,98121,1944.5,27,1944.0,102,nan,0,nan,0,nan,0,nan,0,nan,0,nan,0,nan,0,nan,0
1597988374682608896,1597988375237999872,2020-08-21 13:39:35.238000,1944.5,1968.0,1929.5,1956.0,nan,1949.5,120686,23528517850.0,98121,1944.5,26,1944.0,102,nan,0,nan,0,nan,0,nan,0,nan,0,nan,0,nan,0,nan,0
1597988375151460096,1597988375732000000,2020-08-21 13:39:35.732000,1944.5,1968.0,1929.5,1956.0,nan,1949.5,120687,23528712300.0,98121,1944.5,26,1944.0,102,nan,0,nan,0,nan,0,nan,0,nan,0,nan,0,nan,0,nan,0
1597988375638300928,1597988376240000000,2020-08-21 13:39:36.240000,1944.0,1968.0,1929.5,1956.0,nan,1949.5,120688,23528906700.0,98120,1944.5,26,1944.0,101,nan,0,nan,0,nan,0,nan,0,nan,0,nan,0,nan,0,nan,0
1597988376172508928,1597988376744000000,2020-08-21 13:39:36.744000,1944.5,1968.0,1929.5,1956.0,nan,1949.5,120692,23529684500.0,98121,1944.5,23,1944.0,102,nan,0,nan,0,nan,0,nan,0,nan,0,nan,0,nan,0,nan,0
1597988376651075072,1597988377236999936,2020-08-21 13:39:37.237000,1944.5,1968.0,1929.5,1956.0,nan,1949.5,120699,23531045650.0,98128,1944.5,4,1944.0,102,nan,0,nan,0,nan,0,nan,0,nan,0,nan,0,nan,0,nan,0
1597988377144049920,1597988377743000064,2020-08-21 13:39:37.743000,1944.5,1968.0,1929.5,1956.0,nan,1949.5,120703,23531823450.0,98127,1945.0,113,1944.5,4,nan,0,nan,0,nan,0,nan,0,nan,0,nan,0,nan,0,nan,0
1597988377641256960,1597988378224999936,2020-08-21 13:39:38.225000,1944.5,1968.0,1929.5,1956.0,nan,1949.5,120703,23531823450.0,98127,1945.0,143,1944.5,10,nan,0,nan,0,nan,0,nan,0,nan,0,nan,0,nan,0,nan,0
1597988378162119936,1597988378743000064,2020-08-21 13:39:38.743000,1944.5,1968.0,1929.5,1956.0,nan,1949.5,120703,23531823450.0,98127,1945.0,142,1944.5,11,nan,0,nan,0,nan,0,nan,0,nan,0,nan,0,nan,0,nan,0
1597988378635960064,1597988379204999936,2020-08-21 13:39:39.205000,1944.5,1968.0,1929.5,1956.0,nan,1949.5,120705,23532212350.0,98127,1945.0,142,1944.5,9,nan,0,nan,0,nan,0,nan,0,nan,0,nan,0,nan,0,nan,0
1597988379180081920,1597988379720999936,2020-08-21 13:39:39.721000,1944.5,1968.0,1929.5,1956.0,nan,1949.5,120706,23532406800.0,98128,1945.0,143,1944.5,13,nan,0,nan,0,nan,0,nan,0,nan,0,nan,0,nan,0,nan,0
1597988379648718080,1597988380210000128,2020-08-21 13:39:40.210000,1945.0,1968.0,1929.5,1956.0,nan,1949.5,120711,23533379100.0,98127,1945.0,148,1944.5,9,nan,0,nan,0,nan,0,nan,0,nan,0,nan,0,nan,0,nan,0
1597988380148922880,1597988380729000192,2020-08-21 13:39:40.729000,1945.0,1968.0,1929.5,1956.0,nan,1949.5,120714,23533962500.0,98128,1945.0,147,1944.5,8,nan,0,nan,0,nan,0,nan,0,nan,0,nan,0,nan,0,nan,0
1597988380662223104,1597988381234999808,2020-08-21 13:39:41.235000,1945.0,1968.0,1929.5,1956.0,nan,1949.5,120717,23534545900.0,98130,1945.0,146,1944.5,6,nan,0,nan,0,nan,0,nan,0,nan,0,nan,0,nan,0,nan,0
1597988381168250880,1597988381719000064,2020-08-21 13:39:41.719000,1944.5,1968.0,1929.5,1956.0,nan,1949.5,120720,23535129350.0,98130,1945.0,144,1944.5,5,nan,0,nan,0,nan,0,nan,0,nan,0,nan,0,nan,0,nan,0
1597988382640263936,1597988383157999872,2020-08-21 13:39:43.158000,1944.5,1968.0,1929.5,1956.0,nan,1949.5,120725,23536101600.0,98128,1945.0,144,1944.0,150,nan,0,nan,0,nan,0,nan,0,nan,0,nan,0,nan,0,nan,0
1597988383135752960,1597988383714999808,2020-08-21 13:39:43.715000,1944.5,1968.0,1929.5,1956.0,nan,1949.5,120725,23536101600.0,98128,1944.5,2,1944.0,154,nan,0,nan,0,nan,0,nan,0,nan,0,nan,0,nan,0,nan,0
1597988383649231104,1597988384208000000,2020-08-21 13:39:44.208000,1944.5,1968.0,1929.5,1956.0,nan,1949.5,120725,23536101600.0,98128,1944.5,8,1944.0,156,nan,0,nan,0,nan,0,nan,0,nan,0,nan,0,nan,0,nan,0
1597988384190995968,1597988384744000000,2020-08-21 13:39:44.744000,1944.5,1968.0,1929.5,1956.0,nan,1949.5,120727,23536490500.0,98128,1944.5,7,1944.0,157,nan,0,nan,0,nan,0,nan,0,nan,0,nan,0,nan,0,nan,0
1597988384640992000,1597988385221999872,2020-08-21 13:39:45.222000,1944.5,1968.0,1929.5,1956.0,nan,1949.5,120728,23536684950.0,98127,1944.5,6,1944.0,160,nan,0,nan,0,nan,0,nan,0,nan,0,nan,0,nan,0,nan,0
1597988385178222080,1597988385733999872,2020-08-21 13:39:45.734000,1944.5,1968.0,1929.5,1956.0,nan,1949.5,120736,23538240550.0,98133,1944.5,2,1944.0,160,nan,0,nan,0,nan,0,nan,0,nan,0,nan,0,nan,0,nan,0
1597988386149356032,1597988386704999936,2020-08-21 13:39:46.705000,1944.5,1968.0,1929.5,1956.0,nan,1949.5,120736,23538240550.0,98133,1944.5,4,1944.0,160,nan,0,nan,0,nan,0,nan,0,nan,0,nan,0,nan,0,nan,0
1597988386639862016,1597988387200999936,2020-08-21 13:39:47.201000,1944.5,1968.0,1929.5,1956.0,nan,1949.5,120737,23538435000.0,98134,1944.5,3,1944.0,160,nan,0,nan,0,nan,0,nan,0,nan,0,nan,0,nan,0,nan,0
1597988387156760064,1597988387728000000,2020-08-21 13:39:47.728000,1944.5,1968.0,1929.5,1956.0,nan,1949.5,120737,23538435000.0,98134,1944.5,4,1944.0,160,nan,0,nan,0,nan,0,nan,0,nan,0,nan,0,nan,0,nan,0
1597988387644956928,1597988388223000064,2020-08-21 13:39:48.223000,1944.5,1968.0,1929.5,1956.0,nan,1949.5,120743,23539601700.0,98135,1945.0,147,1944.0,160,nan,0,nan,0,nan,0,nan,0,nan,0,nan,0,nan,0,nan,0
1597988388156506112,1597988388739000064,2020-08-21 13:39:48.739000,1944.0,1968.0,1929.5,1956.0,nan,1949.5,120744,23539796100.0,98134,1945.0,146,1944.0,160,nan,0,nan,0,nan,0,nan,0,nan,0,nan,0,nan,0,nan,0
1597988388643333120,1597988389175000064,2020-08-21 13:39:49.175000,1944.5,1968.0,1929.5,1956.0,nan,1949.5,120746,23540184950.0,98134,1945.0,147,1944.5,5,nan,0,nan,0,nan,0,nan,0,nan,0,nan,0,nan,0,nan,0
1597988389148720128,1597988389684999936,2020-08-21 13:39:49.685000,1944.5,1968.0,1929.5,1956.0,nan,1949.5,120752,23541351650.0,98133,1945.0,147,1944.5,6,nan,0,nan,0,nan,0,nan,0,nan,0,nan,0,nan,0,nan,0
1597988389641118976,1597988390240000000,2020-08-21 13:39:50.240000,1944.5,1968.0,1929.5,1956.0,nan,1949.5,120753,23541546100.0,98132,1945.0,147,1944.5,5,nan,0,nan,0,nan,0,nan,0,nan,0,nan,0,nan,0,nan,0
1597988390179561984,1597988390744000000,2020-08-21 13:39:50.744000,1944.5,1968.0,1929.5,1956.0,nan,1949.5,120754,23541740550.0,98131,1945.0,147,1944.5,4,nan,0,nan,0,nan,0,nan,0,nan,0,nan,0,nan,0,nan,0
1597988390646966016,1597988391177999872,2020-08-21 13:39:51.178000,1945.0,1968.0,1929.5,1956.0,nan,1949.5,120756,23542129500.0,98132,1945.0,146,1944.5,3,nan,0,nan,0,nan,0,nan,0,nan,0,nan,0,nan,0,nan,0
1597988391169728000,1597988391742000128,2020-08-21 13:39:51.742000,1945.0,1968.0,1929.5,1956.0,nan,1949.5,120758,23542518450.0,98131,1945.0,145,1944.5,5,nan,0,nan,0,nan,0,nan,0,nan,0,nan,0,nan,0,nan,0
1597988391641948928,1597988392242000128,2020-08-21 13:39:52.242000,1944.5,1968.0,1929.5,1956.0,nan,1949.5,120760,23542907350.0,98130,1945.0,145,1944.5,3,nan,0,nan,0,nan,0,nan,0,nan,0,nan,0,nan,0,nan,0
1597988392140322048,1597988392736999936,2020-08-21 13:39:52.737000,1944.5,1968.0,1929.5,1956.0,nan,1949.5,120764,23543685200.0,98132,1945.0,148,1944.0,156,nan,0,nan,0,nan,0,nan,0,nan,0,nan,0,nan,0,nan,0
1597988392634150912,1597988393233999872,2020-08-21 13:39:53.234000,1944.0,1968.0,1929.5,1956.0,nan,1949.5,120765,23543879600.0,98131,1944.5,1,1944.0,154,nan,0,nan,0,nan,0,nan,0,nan,0,nan,0,nan,0,nan,0
1597988393164197120,1597988393729000192,2020-08-21 13:39:53.729000,1944.0,1968.0,1929.5,1956.0,nan,1949.5,120765,23543879600.0,98131,1944.5,3,1944.0,154,nan,0,nan,0,nan,0,nan,0,nan,0,nan,0,nan,0,nan,0
1597988395148513024,1597988395739000064,2020-08-21 13:39:55.739000,1944.0,1968.0,1929.5,1956.0,nan,1949.5,120765,23543879600.0,98131,1944.5,8,1944.0,155,nan,0,nan,0,nan,0,nan,0,nan,0,nan,0,nan,0,nan,0
1597988395654767104,1597988396236000000,2020-08-21 13:39:56.236000,1944.0,1968.0,1929.5,1956.0,nan,1949.5,120766,23544074000.0,98130,1944.5,11,1944.0,155,nan,0,nan,0,nan,0,nan,0,nan,0,nan,0,nan,0,nan,0
1597988396191991040,1597988396729000192,2020-08-21 13:39:56.729000,1944.0,1968.0,1929.5,1956.0,nan,1949.5,120766,23544074000.0,98130,1944.5,15,1944.0,156,nan,0,nan,0,nan,0,nan,0,nan,0,nan,0,nan,0,nan,0
1597988396688416000,1597988397231000064,2020-08-21 13:39:57.231000,1944.5,1968.0,1929.5,1956.0,nan,1949.5,120768,23544462900.0,98129,1944.5,21,1944.0,156,nan,0,nan,0,nan,0,nan,0,nan,0,nan,0,nan,0,nan,0
1597988397179710976,1597988397727000064,2020-08-21 13:39:57.727000,1944.5,1968.0,1929.5,1956.0,nan,1949.5,120777,23546212950.0,98129,1944.5,13,1944.0,159,nan,0,nan,0,nan,0,nan,0,nan,0,nan,0,nan,0,nan,0
1597988397694841088,1597988398239000064,2020-08-21 13:39:58.239000,1944.5,1968.0,1929.5,1956.0,nan,1949.5,120780,23546796300.0,98128,1944.5,8,1944.0,159,nan,0,nan,0,nan,0,nan,0,nan,0,nan,0,nan,0,nan,0
1597988398177324032,1597988398740999936,2020-08-21 13:39:58.741000,1944.5,1968.0,1929.5,1956.0,nan,1949.5,120780,23546796300.0,98128,1944.5,9,1944.0,162,nan,0,nan,0,nan,0,nan,0,nan,0,nan,0,nan,0,nan,0
1597988399157003008,1597988399645999872,2020-08-21 13:39:59.646000,1944.5,1968.0,1929.5,1956.0,nan,1949.5,120780,23546796300.0,98128,1944.5,10,1944.0,162,nan,0,nan,0,nan,0,nan,0,nan,0,nan,0,nan,0,nan,0
1597988399637709056,1597988400201999872,2020-08-21 13:40:00.202000,1944.0,1968.0,1929.5,1956.0,nan,1949.5,120784,23547573900.0,98125,1944.5,12,1944.0,159,nan,0,nan,0,nan,0,nan,0,nan,0,nan,0,nan,0,nan,0
1597988400180616960,1597988400744000000,2020-08-21 13:40:00.744000,1944.5,1968.0,1929.5,1956.0,nan,1949.5,120787,23548157150.0,98126,1944.5,11,1944.0,157,nan,0,nan,0,nan,0,nan,0,nan,0,nan,0,nan,0,nan,0
1597988400654398976,1597988401193000192,2020-08-21 13:40:01.193000,1944.5,1968.0,1929.5,1956.0,nan,1949.5,120790,23548740500.0,98126,1944.5,11,1944.0,157,nan,0,nan,0,nan,0,nan,0,nan,0,nan,0,nan,0,nan,0
1597988401153926912,1597988401694000128,2020-08-21 13:40:01.694000,1944.5,1968.0,1929.5,1956.0,nan,1949.5,120800,23550685000.0,98131,1944.5,1,1944.0,157,nan,0,nan,0,nan,0,nan,0,nan,0,nan,0,nan,0,nan,0
1597988401648258048,1597988402216999936,2020-08-21 13:40:02.217000,1944.5,1968.0,1929.5,1956.0,nan,1949.5,120800,23550685000.0,98131,1944.5,11,1944.0,157,nan,0,nan,0,nan,0,nan,0,nan,0,nan,0,nan,0,nan,0
1597988402211812096,1597988402729000192,2020-08-21 13:40:02.729000,1944.5,1968.0,1929.5,1956.0,nan,1949.5,120800,23550685000.0,98131,1944.5,12,1944.0,162,nan,0,nan,0,nan,0,nan,0,nan,0,nan,0,nan,0,nan,0
1597988403184069888,1597988403719000064,2020-08-21 13:40:03.719000,1944.0,1968.0,1929.5,1956.0,nan,1949.5,120801,23550879400.0,98130,1944.5,14,1944.0,161,nan,0,nan,0,nan,0,nan,0,nan,0,nan,0,nan,0,nan,0
1597988403653844992,1597988404188999936,2020-08-21 13:40:04.189000,1944.0,1968.0,1929.5,1956.0,nan,1949.5,120802,23551073800.0,98129,1944.5,17,1944.0,163,nan,0,nan,0,nan,0,nan,0,nan,0,nan,0,nan,0,nan,0
1597988404172192000,1597988404724000000,2020-08-21 13:40:04.724000,1944.0,1968.0,1929.5,1956.0,nan,1949.5,120807,23552045900.0,98126,1944.5,15,1944.0,160,nan,0,nan,0,nan,0,nan,0,nan,0,nan,0,nan,0,nan,0
1597988404655063040,1597988405188000000,2020-08-21 13:40:05.188000,1944.0,1968.0,1929.5,1956.0,nan,1949.5,120813,23553212300.0,98121,1944.5,15,1944.0,154,nan,0,nan,0,nan,0,nan,0,nan,0,nan,0,nan,0,nan,0
1597988405170418944,1597988405729000192,2020-08-21 13:40:05.729000,1944.0,1968.0,1929.5,1956.0,nan,1949.5,120814,23553406700.0,98120,1944.5,15,1944.0,154,nan,0,nan,0,nan,0,nan,0,nan,0,nan,0,nan,0,nan,0
1597988405651748096,1597988406188000000,2020-08-21 13:40:06.188000,1944.0,1968.0,1929.5,1956.0,nan,1949.5,120817,23553989900.0,98117,1944.5,26,1944.0,152,nan,0,nan,0,nan,0,nan,0,nan,0,nan,0,nan,0,nan,0
1597988406159980032,1597988406729000192,2020-08-21 13:40:06.729000,1944.0,1968.0,1929.5,1956.0,nan,1949.5,120817,23553989900.0,98117,1944.5,28,1944.0,153,nan,0,nan,0,nan,0,nan,0,nan,0,nan,0,nan,0,nan,0
1597988406641321984,1597988407236999936,2020-08-21 13:40:07.237000,1944.5,1968.0,1929.5,1956.0,nan,1949.5,120826,23555739750.0,98118,1944.5,24,1944.0,147,nan,0,nan,0,nan,0,nan,0,nan,0,nan,0,nan,0,nan,0
1597988407184730112,1597988407719000064,2020-08-21 13:40:07.719000,1944.0,1968.0,1929.5,1956.0,nan,1949.5,120830,23556517500.0,98121,1944.5,21,1944.0,147,nan,0,nan,0,nan,0,nan,0,nan,0,nan,0,nan,0,nan,0
1597988407650307072,1597988408194999808,2020-08-21 13:40:08.195000,1944.0,1968.0,1929.5,1956.0,nan,1949.5,120831,23556711900.0,98120,1944.5,21,1944.0,146,nan,0,nan,0,nan,0,nan,0,nan,0,nan,0,nan,0,nan,0
1597988408651730944,1597988409176000000,2020-08-21 13:40:09.176000,1944.0,1968.0,1929.5,1956.0,nan,1949.5,120833,23557100700.0,98119,1944.5,25,1944.0,144,nan,0,nan,0,nan,0,nan,0,nan,0,nan,0,nan,0,nan,0
1597988409182339072,1597988409727000064,2020-08-21 13:40:09.727000,1944.0,1968.0,1929.5,1956.0,nan,1949.5,120834,23557295100.0,98119,1944.5,25,1944.0,143,nan,0,nan,0,nan,0,nan,0,nan,0,nan,0,nan,0,nan,0
1597988409647528960,1597988410096000000,2020-08-21 13:40:10.096000,1944.0,1968.0,1929.5,1956.0,nan,1949.5,120835,23557489500.0,98119,1944.5,26,1944.0,142,nan,0,nan,0,nan,0,nan,0,nan,0,nan,0,nan,0,nan,0
1597988410656765952,1597988411239000064,2020-08-21 13:40:11.239000,1944.0,1968.0,1929.5,1956.0,nan,1949.5,120835,23557489500.0,98119,1944.5,30,1944.0,146,nan,0,nan,0,nan,0,nan,0,nan,0,nan,0,nan,0,nan,0
1597988411648218880,1597988412224999936,2020-08-21 13:40:12.225000,1944.5,1968.0,1929.5,1956.0,nan,1949.5,120836,23557683950.0,98120,1944.5,29,1944.0,146,nan,0,nan,0,nan,0,nan,0,nan,0,nan,0,nan,0,nan,0
1597988412193701888,1597988412708000000,2020-08-21 13:40:12.708000,1944.0,1968.0,1929.5,1956.0,nan,1949.5,120980,23585677550.0,98152,1944.0,33,1943.5,8,nan,0,nan,0,nan,0,nan,0,nan,0,nan,0,nan,0,nan,0
1597988412672910080,1597988413220999936,2020-08-21 13:40:13.221000,1944.0,1968.0,1929.5,1956.0,nan,1949.5,120981,23585871950.0,98152,1944.0,17,1943.5,4,nan,0,nan,0,nan,0,nan,0,nan,0,nan,0,nan,0,nan,0
1597988413150353920,1597988413709000192,2020-08-21 13:40:13.709000,1944.0,1968.0,1929.5,1956.0,nan,1949.5,120981,23585871950.0,98152,1944.0,34,1943.5,10,nan,0,nan,0,nan,0,nan,0,nan,0,nan,0,nan,0,nan,0
1597988413679368960,1597988414230000128,2020-08-21 13:40:14.230000,1943.5,1968.0,1929.5,1956.0,nan,1949.5,120983,23586260700.0,98151,1944.0,33,1943.5,19,nan,0,nan,0,nan,0,nan,0,nan,0,nan,0,nan,0,nan,0
1597988414163571968,1597988414704000000,2020-08-21 13:40:14.704000,1943.5,1968.0,1929.5,1956.0,nan,1949.5,120987,23587038200.0,98151,1944.0,31,1943.5,18,nan,0,nan,0,nan,0,nan,0,nan,0,nan,0,nan,0,nan,0
1597988414655877120,1597988415145999872,2020-08-21 13:40:15.146000,1943.5,1968.0,1929.5,1956.0,nan,1949.5,120987,23587038200.0,98151,1944.0,31,1943.5,19,nan,0,nan,0,nan,0,nan,0,nan,0,nan,0,nan,0,nan,0
1597988415161125120,1597988415716999936,2020-08-21 13:40:15.717000,1943.5,1968.0,1929.5,1956.0,nan,1949.5,120988,23587232550.0,98151,1944.0,32,1943.5,18,nan,0,nan,0,nan,0,nan,0,nan,0,nan,0,nan,0,nan,0
1597988415709036032,1597988416180999936,2020-08-21 13:40:16.181000,1943.5,1968.0,1929.5,1956.0,nan,1949.5,120988,23587232550.0,98151,1944.0,20,1943.5,18,nan,0,nan,0,nan,0,nan,0,nan,0,nan,0,nan,0,nan,0
1597988416204793088,1597988416733999872,2020-08-21 13:40:16.734000,1944.0,1968.0,1929.5,1956.0,nan,1949.5,120989,23587426950.0,98152,1944.0,20,1943.5,18,nan,0,nan,0,nan,0,nan,0,nan,0,nan,0,nan,0,nan,0
1597988416641499904,1597988417236000000,2020-08-21 13:40:17.236000,1943.5,1968.0,1929.5,1956.0,nan,1949.5,120991,23587815700.0,98153,1944.0,19,1943.5,17,nan,0,nan,0,nan,0,nan,0,nan,0,nan,0,nan,0,nan,0
1597988417653697024,1597988418243000064,2020-08-21 13:40:18.243000,1943.5,1968.0,1929.5,1956.0,nan,1949.5,120997,23588981800.0,98151,1944.0,19,1943.5,11,nan,0,nan,0,nan,0,nan,0,nan,0,nan,0,nan,0,nan,0
1597988418158617088,1597988418734999808,2020-08-21 13:40:18.735000,1943.5,1968.0,1929.5,1956.0,nan,1949.5,121007,23590925300.0,98150,1943.5,5,1943.0,16,nan,0,nan,0,nan,0,nan,0,nan,0,nan,0,nan,0,nan,0
1597988418648567040,1597988419226000128,2020-08-21 13:40:19.226000,1943.5,1968.0,1929.5,1956.0,nan,1949.5,121008,23591119650.0,98151,1943.5,27,1943.0,13,nan,0,nan,0,nan,0,nan,0,nan,0,nan,0,nan,0,nan,0
1597988419144393984,1597988419665999872,2020-08-21 13:40:19.666000,1943.5,1968.0,1929.5,1956.0,nan,1949.5,121009,23591314000.0,98151,1943.5,27,1943.0,13,nan,0,nan,0,nan,0,nan,0,nan,0,nan,0,nan,0,nan,0
1597988419675452928,1597988420226000128,2020-08-21 13:40:20.226000,1943.5,1968.0,1929.5,1956.0,nan,1949.5,121011,23591702700.0,98152,1943.5,25,1943.0,16,nan,0,nan,0,nan,0,nan,0,nan,0,nan,0,nan,0,nan,0
1597988420181189888,1597988420739000064,2020-08-21 13:40:20.739000,1943.5,1968.0,1929.5,1956.0,nan,1949.5,121012,23591897050.0,98153,1943.5,24,1943.0,16,nan,0,nan,0,nan,0,nan,0,nan,0,nan,0,nan,0,nan,0
1597988420642555904,1597988421170000128,2020-08-21 13:40:21.170000,1943.0,1968.0,1929.5,1956.0,nan,1949.5,121014,23592285650.0,98155,1943.5,25,1943.0,16,nan,0,nan,0,nan,0,nan,0,nan,0,nan,0,nan,0,nan,0
1597988421153944064,1597988421688000000,2020-08-21 13:40:21.688000,1943.0,1968.0,1929.5,1956.0,nan,1949.5,121016,23592674250.0,98155,1943.5,26,1943.0,13,nan,0,nan,0,nan,0,nan,0,nan,0,nan,0,nan,0,nan,0
1597988422676517888,1597988423237999872,2020-08-21 13:40:23.238000,1943.0,1968.0,1929.5,1956.0,nan,1949.5,121018,23593062850.0,98154,1943.5,26,1943.0,12,nan,0,nan,0,nan,0,nan,0,nan,0,nan,0,nan,0,nan,0
1597988423180786944,1597988423736999936,2020-08-21 13:40:23.737000,1943.0,1968.0,1929.5,1956.0,nan,1949.5,121018,23593062850.0,98154,1943.5,26,1943.0,13,nan,0,nan,0,nan,0,nan,0,nan,0,nan,0,nan,0,nan,0
1597988423643878912,1597988424240000000,2020-08-21 13:40:24.240000,1943.0,1968.0,1929.5,1956.0,nan,1949.5,121018,23593062850.0,98154,1943.5,33,1943.0,13,nan,0,nan,0,nan,0,nan,0,nan,0,nan,0,nan,0,nan,0
1597988424224280064,1597988424730000128,2020-08-21 13:40:24.730000,1943.0,1968.0,1929.5,1956.0,nan,1949.5,121031,23595588750.0,98156,1943.0,8,1942.5,16,nan,0,nan,0,nan,0,nan,0,nan,0,nan,0,nan,0,nan,0
1597988424663119104,1597988425211000064,2020-08-21 13:40:25.211000,1942.5,1968.0,1929.5,1956.0,nan,1949.5,121033,23595977300.0,98158,1943.0,8,1942.5,14,nan,0,nan,0,nan,0,nan,0,nan,0,nan,0,nan,0,nan,0
1597988425167714048,1597988425713999872,2020-08-21 13:40:25.714000,1943.0,1968.0,1929.5,1956.0,nan,1949.5,121043,23597920300.0,98165,1943.0,3,1942.5,20,nan,0,nan,0,nan,0,nan,0,nan,0,nan,0,nan,0,nan,0
1597988425648994048,1597988426151000064,2020-08-21 13:40:26.151000,1943.0,1968.0,1929.5,1956.0,nan,1949.5,121049,23599086100.0,98167,1943.5,38,1943.0,4,nan,0,nan,0,nan,0,nan,0,nan,0,nan,0,nan,0,nan,0
1597988426273382912,1597988426627000064,2020-08-21 13:40:26.627000,1943.5,1968.0,1929.5,1956.0,nan,1949.5,121052,23599669150.0,98168,1943.5,35,1943.0,26,nan,0,nan,0,nan,0,nan,0,nan,0,nan,0,nan,0,nan,0
1597988426850150912,1597988427206000128,2020-08-21 13:40:27.206000,1943.5,1968.0,1929.5,1956.0,nan,1949.5,121052,23599669150.0,98168,1943.5,26,1943.0,31,nan,0,nan,0,nan,0,nan,0,nan,0,nan,0,nan,0,nan,0
1597988427194601984,1597988427740000000,2020-08-21 13:40:27.740000,1943.5,1968.0,1929.5,1956.0,nan,1949.5,121052,23599669150.0,98168,1943.5,26,1943.0,41,nan,0,nan,0,nan,0,nan,0,nan,0,nan,0,nan,0,nan,0
1597988427646025984,1597988428221999872,2020-08-21 13:40:28.222000,1943.0,1968.0,1929.5,1956.0,nan,1949.5,121053,23599863450.0,98168,1943.5,26,1943.0,41,nan,0,nan,0,nan,0,nan,0,nan,0,nan,0,nan,0,nan,0
1597988428139738880,1597988428703000064,2020-08-21 13:40:28.703000,1943.0,1968.0,1929.5,1956.0,nan,1949.5,121054,23600057750.0,98168,1943.5,27,1943.0,47,nan,0,nan,0,nan,0,nan,0,nan,0,nan,0,nan,0,nan,0
1597988428642528000,1597988429244999936,2020-08-21 13:40:29.245000,1943.5,1968.0,1929.5,1956.0,nan,1949.5,121085,23606082600.0,98186,1944.0,26,1943.5,1,nan,0,nan,0,nan,0,nan,0,nan,0,nan,0,nan,0,nan,0
1597988429178630912,1597988429728000000,2020-08-21 13:40:29.728000,1943.5,1968.0,1929.5,1956.0,nan,1949.5,121085,23606082600.0,98186,1944.0,26,1943.5,10,nan,0,nan,0,nan,0,nan,0,nan,0,nan,0,nan,0,nan,0
1597988429644792064,1597988430226000128,2020-08-21 13:40:30.226000,1944.0,1968.0,1929.5,1956.0,nan,1949.5,121116,23612108750.0,98179,1944.5,30,1944.0,3,nan,0,nan,0,nan,0,nan,0,nan,0,nan,0,nan,0,nan,0
1597988430161456896,1597988430742000128,2020-08-21 13:40:30.742000,1944.0,1968.0,1929.5,1956.0,nan,1949.5,121129,23614636250.0,98183,1944.5,21,1944.0,101,nan,0,nan,0,nan,0,nan,0,nan,0,nan,0,nan,0,nan,0
1597988430646637056,1597988431200999936,2020-08-21 13:40:31.201000,1944.5,1968.0,1929.5,1956.0,nan,1949.5,121150,23618719700.0,98177,1945.0,184,1944.0,145,nan,0,nan,0,nan,0,nan,0,nan,0,nan,0,nan,0,nan,0
1597988431136017920,1597988431625999872,2020-08-21 13:40:31.626000,1944.5,1968.0,1929.5,1956.0,nan,1949.5,121151,23618914150.0,98177,1945.0,183,1944.0,145,nan,0,nan,0,nan,0,nan,0,nan,0,nan,0,nan,0,nan,0
1597988432191045120,1597988432740999936,2020-08-21 13:40:32.741000,1944.0,1968.0,1929.5,1956.0,nan,1949.5,121152,23619108550.0,98177,1945.0,182,1944.0,145,nan,0,nan,0,nan,0,nan,0,nan,0,nan,0,nan,0,nan,0
1597988432635037952,1597988433243000064,2020-08-21 13:40:33.243000,1944.0,1968.0,1929.5,1956.0,nan,1949.5,121155,23619691750.0,98178,1945.0,182,1944.0,144,nan,0,nan,0,nan,0,nan,0,nan,0,nan,0,nan,0,nan,0
1597988433164935936,1597988433697999872,2020-08-21 13:40:33.698000,1944.0,1968.0,1929.5,1956.0,nan,1949.5,121156,23619886150.0,98177,1945.0,182,1944.0,143,nan,0,nan,0,nan,0,nan,0,nan,0,nan,0,nan,0,nan,0
1597988433640402944,1597988434242000128,2020-08-21 13:40:34.242000,1944.0,1968.0,1929.5,1956.0,nan,1949.5,121156,23619886150.0,98177,1945.0,182,1944.0,144,nan,0,nan,0,nan,0,nan,0,nan,0,nan,0,nan,0,nan,0
1597988434137814016,1597988434720999936,2020-08-21 13:40:34.721000,1944.5,1968.0,1929.5,1956.0,nan,1949.5,121158,23620275050.0,98177,1945.0,182,1944.0,146,nan,0,nan,0,nan,0,nan,0,nan,0,nan,0,nan,0,nan,0
1597988434648514048,1597988435239000064,2020-08-21 13:40:35.239000,1944.0,1968.0,1929.5,1956.0,nan,1949.5,121159,23620469450.0,98176,1945.0,182,1944.0,145,nan,0,nan,0,nan,0,nan,0,nan,0,nan,0,nan,0,nan,0
1597988435158948096,1597988435726000128,2020-08-21 13:40:35.726000,1944.0,1968.0,1929.5,1956.0,nan,1949.5,121159,23620469450.0,98176,1944.5,1,1944.0,145,nan,0,nan,0,nan,0,nan,0,nan,0,nan,0,nan,0,nan,0
1597988435646036992,1597988436236999936,2020-08-21 13:40:36.237000,1944.5,1968.0,1929.5,1956.0,nan,1949.5,121160,23620663900.0,98176,1945.0,181,1944.0,150,nan,0,nan,0,nan,0,nan,0,nan,0,nan,0,nan,0,nan,0
1597988436173616128,1597988436740000000,2020-08-21 13:40:36.740000,1944.5,1968.0,1929.5,1956.0,nan,1949.5,121161,23620858350.0,98176,1945.0,182,1944.0,145,nan,0,nan,0,nan,0,nan,0,nan,0,nan,0,nan,0,nan,0
1597988436655335936,1597988437226000128,2020-08-21 13:40:37.226000,1944.0,1968.0,1929.5,1956.0,nan,1949.5,121164,23621441650.0,98178,1945.0,183,1944.5,5,nan,0,nan,0,nan,0,nan,0,nan,0,nan,0,nan,0,nan,0
1597988437232719104,1597988437712000000,2020-08-21 13:40:37.712000,1944.0,1968.0,1929.5,1956.0,nan,1949.5,121169,23622413650.0,98179,1945.0,183,1944.5,2,nan,0,nan,0,nan,0,nan,0,nan,0,nan,0,nan,0,nan,0
1597988437642856960,1597988438233999872,2020-08-21 13:40:38.234000,1944.0,1968.0,1929.5,1956.0,nan,1949.5,121170,23622608050.0,98179,1945.0,183,1944.5,23,nan,0,nan,0,nan,0,nan,0,nan,0,nan,0,nan,0,nan,0
1597988438156101888,1597988438723000064,2020-08-21 13:40:38.723000,1944.0,1968.0,1929.5,1956.0,nan,1949.5,121170,23622608050.0,98179,1945.0,183,1944.5,34,nan,0,nan,0,nan,0,nan,0,nan,0,nan,0,nan,0,nan,0
1597988438640314880,1597988439244999936,2020-08-21 13:40:39.245000,1944.5,1968.0,1929.5,1956.0,nan,1949.5,121171,23622802500.0,98179,1945.0,183,1944.5,34,nan,0,nan,0,nan,0,nan,0,nan,0,nan,0,nan,0,nan,0
1597988439181711104,1597988439734999808,2020-08-21 13:40:39.735000,1944.5,1968.0,1929.5,1956.0,nan,1949.5,121171,23622802500.0,98179,1945.0,183,1944.5,36,nan,0,nan,0,nan,0,nan,0,nan,0,nan,0,nan,0,nan,0
1597988439641134080,1597988440224000000,2020-08-21 13:40:40.224000,1944.5,1968.0,1929.5,1956.0,nan,1949.5,121172,23622996950.0,98180,1945.0,182,1944.5,35,nan,0,nan,0,nan,0,nan,0,nan,0,nan,0,nan,0,nan,0
1597988440146217984,1597988440744000000,2020-08-21 13:40:40.744000,1944.5,1968.0,1929.5,1956.0,nan,1949.5,121180,23624552550.0,98188,1945.0,182,1944.5,31,nan,0,nan,0,nan,0,nan,0,nan,0,nan,0,nan,0,nan,0
1597988440656314880,1597988441234999808,2020-08-21 13:40:41.235000,1944.5,1968.0,1929.5,1956.0,nan,1949.5,121181,23624747000.0,98188,1945.0,182,1944.5,30,nan,0,nan,0,nan,0,nan,0,nan,0,nan,0,nan,0,nan,0
1597988441181057024,1597988441744000000,2020-08-21 13:40:41.744000,1944.5,1968.0,1929.5,1956.0,nan,1949.5,121184,23625330350.0,98188,1945.0,182,1944.5,27,nan,0,nan,0,nan,0,nan,0,nan,0,nan,0,nan,0,nan,0
1597988441651745024,1597988442187000064,2020-08-21 13:40:42.187000,1945.0,1968.0,1929.5,1956.0,nan,1949.5,121187,23625913750.0,98189,1945.0,183,1944.5,22,nan,0,nan,0,nan,0,nan,0,nan,0,nan,0,nan,0,nan,0
1597988442154590976,1597988442744999936,2020-08-21 13:40:42.745000,1944.5,1968.0,1929.5,1956.0,nan,1949.5,121190,23626497100.0,98189,1945.0,192,1944.5,16,nan,0,nan,0,nan,0,nan,0,nan,0,nan,0,nan,0,nan,0
1597988442651354880,1597988443232999936,2020-08-21 13:40:43.233000,1945.0,1968.0,1929.5,1956.0,nan,1949.5,121207,23629802800.0,98198,1944.5,1,1944.0,147,nan,0,nan,0,nan,0,nan,0,nan,0,nan,0,nan,0,nan,0
1597988443139715072,1597988443694000128,2020-08-21 13:40:43.694000,1945.0,1968.0,1929.5,1956.0,nan,1949.5,121208,23629997300.0,98197,1945.0,192,1944.5,11,nan,0,nan,0,nan,0,nan,0,nan,0,nan,0,nan,0,nan,0
1597988443660173056,1597988444208000000,2020-08-21 13:40:44.208000,1944.5,1968.0,1929.5,1956.0,nan,1949.5,121211,23630580650.0,98196,1945.0,192,1944.5,15,nan,0,nan,0,nan,0,nan,0,nan,0,nan,0,nan,0,nan,0
1597988444670881024,1597988445216999936,2020-08-21 13:40:45.217000,1944.5,1968.0,1929.5,1956.0,nan,1949.5,121211,23630580650.0,98196,1945.0,193,1944.5,15,nan,0,nan,0,nan,0,nan,0,nan,0,nan,0,nan,0,nan,0
1597988445178457088,1597988445717999872,2020-08-21 13:40:45.718000,1944.5,1968.0,1929.5,1956.0,nan,1949.5,121214,23631164100.0,98197,1945.0,196,1944.5,18,nan,0,nan,0,nan,0,nan,0,nan,0,nan,0,nan,0,nan,0
1597988445634480896,1597988446233999872,2020-08-21 13:40:46.234000,1945.0,1968.0,1929.5,1956.0,nan,1949.5,121221,23632525300.0,98204,1945.0,196,1944.5,12,nan,0,nan,0,nan,0,nan,0,nan,0,nan,0,nan,0,nan,0
1597988446169239040,1597988446693000192,2020-08-21 13:40:46.693000,1944.5,1968.0,1929.5,1956.0,nan,1949.5,121228,23633886450.0,98198,1945.0,196,1944.5,1,nan,0,nan,0,nan,0,nan,0,nan,0,nan,0,nan,0,nan,0
1597988446637587968,1597988447240000000,2020-08-21 13:40:47.240000,1944.5,1968.0,1929.5,1956.0,nan,1949.5,121230,23634275400.0,98197,1944.5,2,1944.0,149,nan,0,nan,0,nan,0,nan,0,nan,0,nan,0,nan,0,nan,0
1597988447142123008,1597988447724999936,2020-08-21 13:40:47.725000,1944.5,1968.0,1929.5,1956.0,nan,1949.5,121234,23635053200.0,98197,1944.5,6,1944.0,148,nan,0,nan,0,nan,0,nan,0,nan,0,nan,0,nan,0,nan,0
1597988447639817984,1597988448232000000,2020-08-21 13:40:48.232000,1944.5,1968.0,1929.5,1956.0,nan,1949.5,121236,23635442100.0,98195,1944.5,4,1944.0,148,nan,0,nan,0,nan,0,nan,0,nan,0,nan,0,nan,0,nan,0
1597988448157664000,1597988448733999872,2020-08-21 13:40:48.734000,1944.5,1968.0,1929.5,1956.0,nan,1949.5,121242,23636608800.0,98191,1945.0,197,1944.0,151,nan,0,nan,0,nan,0,nan,0,nan,0,nan,0,nan,0,nan,0
1597988448650001920,1597988449224000000,2020-08-21 13:40:49.224000,1944.5,1968.0,1929.5,1956.0,nan,1949.5,121243,23636803250.0,98191,1945.0,196,1944.0,151,nan,0,nan,0,nan,0,nan,0,nan,0,nan,0,nan,0,nan,0
1597988449132475904,1597988449632999936,2020-08-21 13:40:49.633000,1944.5,1968.0,1929.5,1956.0,nan,1949.5,121243,23636803250.0,98191,1945.0,196,1944.5,1,nan,0,nan,0,nan,0,nan,0,nan,0,nan,0,nan,0,nan,0
1597988450180338944,1597988450732000000,2020-08-21 13:40:50.732000,1944.5,1968.0,1929.5,1956.0,nan,1949.5,121245,23637192200.0,98192,1945.0,195,1944.0,151,nan,0,nan,0,nan,0,nan,0,nan,0,nan,0,nan,0,nan,0
1597988450635044096,1597988451219000064,2020-08-21 13:40:51.219000,1945.0,1968.0,1929.5,1956.0,nan,1949.5,121265,23641081750.0,98202,1945.0,180,1944.0,152,nan,0,nan,0,nan,0,nan,0,nan,0,nan,0,nan,0,nan,0
1597988451153783040,1597988451743000064,2020-08-21 13:40:51.743000,1944.5,1968.0,1929.5,1956.0,nan,1949.5,121266,23641276200.0,98203,1945.0,179,1944.5,4,nan,0,nan,0,nan,0,nan,0,nan,0,nan,0,nan,0,nan,0
1597988451653733120,1597988452242000128,2020-08-21 13:40:52.242000,1945.0,1968.0,1929.5,1956.0,nan,1949.5,121274,23642831850.0,98201,1945.0,178,1944.5,15,nan,0,nan,0,nan,0,nan,0,nan,0,nan,0,nan,0,nan,0
1597988452140424960,1597988452694999808,2020-08-21 13:40:52.695000,1944.5,1968.0,1929.5,1956.0,nan,1949.5,121283,23644582150.0,98203,1945.0,171,1944.5,11,nan,0,nan,0,nan,0,nan,0,nan,0,nan,0,nan,0,nan,0
1597988452639728128,1597988453180999936,2020-08-21 13:40:53.181000,1945.0,1968.0,1929.5,1956.0,nan,1949.5,121285,23644971100.0,98203,1945.0,171,1944.5,13,nan,0,nan,0,nan,0,nan,0,nan,0,nan,0,nan,0,nan,0
1597988453153555968,1597988453657000192,2020-08-21 13:40:53.657000,1944.5,1968.0,1929.5,1956.0,nan,1949.5,121287,23645360050.0,98203,1945.0,174,1944.5,16,nan,0,nan,0,nan,0,nan,0,nan,0,nan,0,nan,0,nan,0
1597988453646957056,1597988454217999872,2020-08-21 13:40:54.218000,1945.0,1968.0,1929.5,1956.0,nan,1949.5,121289,23645749000.0,98202,1945.0,173,1944.5,17,nan,0,nan,0,nan,0,nan,0,nan,0,nan,0,nan,0,nan,0
1597988454177993984,1597988454709000192,2020-08-21 13:40:54.709000,1944.5,1968.0,1929.5,1956.0,nan,1949.5,121291,23646137900.0,98200,1945.0,173,1944.5,15,nan,0,nan,0,nan,0,nan,0,nan,0,nan,0,nan,0,nan,0
1597988455149666048,1597988455744000000,2020-08-21 13:40:55.744000,1944.5,1968.0,1929.5,1956.0,nan,1949.5,121293,23646526800.0,98200,1945.0,173,1944.5,13,nan,0,nan,0,nan,0,nan,0,nan,0,nan,0,nan,0,nan,0
1597988455638874112,1597988456161999872,2020-08-21 13:40:56.162000,1944.5,1968.0,1929.5,1956.0,nan,1949.5,121295,23646915750.0,98199,1945.0,172,1944.5,13,nan,0,nan,0,nan,0,nan,0,nan,0,nan,0,nan,0,nan,0
1597988456160271104,1597988456736000000,2020-08-21 13:40:56.736000,1944.5,1968.0,1929.5,1956.0,nan,1949.5,121301,23648082500.0,98199,1945.0,171,1944.5,8,nan,0,nan,0,nan,0,nan,0,nan,0,nan,0,nan,0,nan,0
1597988456635653120,1597988457240000000,2020-08-21 13:40:57.240000,1944.5,1968.0,1929.5,1956.0,nan,1949.5,121303,23648471400.0,98198,1945.0,172,1944.5,6,nan,0,nan,0,nan,0,nan,0,nan,0,nan,0,nan,0,nan,0
1597988457182862080,1597988457743000064,2020-08-21 13:40:57.743000,1945.0,1968.0,1929.5,1956.0,nan,1949.5,121304,23648665900.0,98197,1945.0,171,1944.5,6,nan,0,nan,0,nan,0,nan,0,nan,0,nan,0,nan,0,nan,0
1597988457636465920,1597988458244000000,2020-08-21 13:40:58.244000,1944.5,1968.0,1929.5,1956.0,nan,1949.5,121328,23653333600.0,98184,1945.0,153,1944.5,5,nan,0,nan,0,nan,0,nan,0,nan,0,nan,0,nan,0,nan,0
1597988458138035968,1597988458742000128,2020-08-21 13:40:58.742000,1945.0,1968.0,1929.5,1956.0,nan,1949.5,121341,23655862100.0,98178,1945.0,140,1944.5,21,nan,0,nan,0,nan,0,nan,0,nan,0,nan,0,nan,0,nan,0
1597988458640175104,1597988459173000192,2020-08-21 13:40:59.173000,1944.5,1968.0,1929.5,1956.0,nan,1949.5,121342,23656056550.0,98177,1945.0,140,1944.5,21,nan,0,nan,0,nan,0,nan,0,nan,0,nan,0,nan,0,nan,0
1597988459190126080,1597988459730000128,2020-08-21 13:40:59.730000,1945.0,1968.0,1929.5,1956.0,nan,1949.5,121344,23656445500.0,98176,1945.0,140,1944.5,19,nan,0,nan,0,nan,0,nan,0,nan,0,nan,0,nan,0,nan,0
1597988459637465088,1597988460242000128,2020-08-21 13:41:00.242000,1945.0,1968.0,1929.5,1956.0,nan,1949.5,121346,23656834450.0,98175,1945.0,140,1944.5,18,nan,0,nan,0,nan,0,nan,0,nan,0,nan,0,nan,0,nan,0
1597988460179470080,1597988460742000128,2020-08-21 13:41:00.742000,1945.0,1968.0,1929.5,1956.0,nan,1949.5,121370,23661502450.0,98172,1945.0,116,1944.5,19,nan,0,nan,0,nan,0,nan,0,nan,0,nan,0,nan,0,nan,0
1597988460635757056,1597988461244000000,2020-08-21 13:41:01.244000,1945.0,1968.0,1929.5,1956.0,nan,1949.5,121370,23661502450.0,98172,1945.0,116,1944.5,18,nan,0,nan,0,nan,0,nan,0,nan,0,nan,0,nan,0,nan,0
1597988461139759104,1597988461677999872,2020-08-21 13:41:01.678000,1945.0,1968.0,1929.5,1956.0,nan,1949.5,121385,23664419850.0,98170,1945.0,103,1944.5,17,nan,0,nan,0,nan,0,nan,0,nan,0,nan,0,nan,0,nan,0
1597988461642867968,1597988462244999936,2020-08-21 13:41:02.245000,1944.5,1968.0,1929.5,1956.0,nan,1949.5,121386,23664614300.0,98171,1945.0,103,1944.5,16,nan,0,nan,0,nan,0,nan,0,nan,0,nan,0,nan,0,nan,0
1597988462175329024,1597988462700999936,2020-08-21 13:41:02.701000,1944.5,1968.0,1929.5,1956.0,nan,1949.5,121387,23664808750.0,98171,1945.0,103,1944.5,22,nan,0,nan,0,nan,0,nan,0,nan,0,nan,0,nan,0,nan,0
1597988463157296128,1597988463732999936,2020-08-21 13:41:03.733000,1945.0,1968.0,1929.5,1956.0,nan,1949.5,121388,23665003250.0,98171,1945.0,103,1944.5,23,nan,0,nan,0,nan,0,nan,0,nan,0,nan,0,nan,0,nan,0
1597988463642641920,1597988464237999872,2020-08-21 13:41:04.238000,1945.0,1968.0,1929.5,1956.0,nan,1949.5,121392,23665781200.0,98168,1945.0,100,1944.5,22,nan,0,nan,0,nan,0,nan,0,nan,0,nan,0,nan,0,nan,0
1597988464160197120,1597988464740000000,2020-08-21 13:41:04.740000,1944.5,1968.0,1929.5,1956.0,nan,1949.5,121399,23667142600.0,98167,1945.0,94,1944.5,21,nan,0,nan,0,nan,0,nan,0,nan,0,nan,0,nan,0,nan,0
1597988464645968896,1597988465236999936,2020-08-21 13:41:05.237000,1945.0,1968.0,1929.5,1956.0,nan,1949.5,121413,23669865450.0,98164,1945.0,83,1944.5,21,nan,0,nan,0,nan,0,nan,0,nan,0,nan,0,nan,0,nan,0
1597988465184293120,1597988465744999936,2020-08-21 13:41:05.745000,1944.5,1968.0,1929.5,1956.0,nan,1949.5,121415,23670254350.0,98163,1945.0,83,1944.5,20,nan,0,nan,0,nan,0,nan,0,nan,0,nan,0,nan,0,nan,0
1597988465646027008,1597988466186000128,2020-08-21 13:41:06.186000,1945.0,1968.0,1929.5,1956.0,nan,1949.5,121433,23673755350.0,98152,1945.0,65,1944.5,21,nan,0,nan,0,nan,0,nan,0,nan,0,nan,0,nan,0,nan,0
1597988466158042880,1597988466694000128,2020-08-21 13:41:06.694000,1945.0,1968.0,1929.5,1956.0,nan,1949.5,121433,23673755350.0,98152,1945.0,66,1944.5,20,nan,0,nan,0,nan,0,nan,0,nan,0,nan,0,nan,0,nan,0
1597988466635160064,1597988467242000128,2020-08-21 13:41:07.242000,1944.5,1968.0,1929.5,1956.0,nan,1949.5,121437,23674533150.0,98150,1945.0,67,1944.5,17,nan,0,nan,0,nan,0,nan,0,nan,0,nan,0,nan,0,nan,0
1597988467146437120,1597988467708000000,2020-08-21 13:41:07.708000,1945.0,1968.0,1929.5,1956.0,nan,1949.5,121439,23674922100.0,98149,1945.0,66,1944.5,16,nan,0,nan,0,nan,0,nan,0,nan,0,nan,0,nan,0,nan,0
1597988467645633024,1597988468180000000,2020-08-21 13:41:08.180000,1945.0,1968.0,1929.5,1956.0,nan,1949.5,121443,23675700100.0,98152,1945.0,62,1944.5,16,nan,0,nan,0,nan,0,nan,0,nan,0,nan,0,nan,0,nan,0
1597988468157353984,1597988468670000128,2020-08-21 13:41:08.670000,1944.5,1968.0,1929.5,1956.0,nan,1949.5,121445,23676089000.0,98153,1945.0,62,1944.5,15,nan,0,nan,0,nan,0,nan,0,nan,0,nan,0,nan,0,nan,0
1597988469154095104,1597988469713999872,2020-08-21 13:41:09.714000,1945.0,1968.0,1929.5,1956.0,nan,1949.5,121446,23676283500.0,98153,1945.0,66,1944.5,15,nan,0,nan,0,nan,0,nan,0,nan,0,nan,0,nan,0,nan,0
1597988469641676032,1597988470233999872,2020-08-21 13:41:10.234000,1944.5,1968.0,1929.5,1956.0,nan,1949.5,121451,23677255750.0,98152,1945.0,66,1944.5,10,nan,0,nan,0,nan,0,nan,0,nan,0,nan,0,nan,0,nan,0
1597988470142650880,1597988470730000128,2020-08-21 13:41:10.730000,1944.5,1968.0,1929.5,1956.0,nan,1949.5,121452,23677450200.0,98151,1945.0,66,1944.5,19,nan,0,nan,0,nan,0,nan,0,nan,0,nan,0,nan,0,nan,0
1597988470675087104,1597988471227000064,2020-08-21 13:41:11.227000,1945.0,1968.0,1929.5,1956.0,nan,1949.5,121453,23677644700.0,98152,1945.0,64,1944.5,21,nan,0,nan,0,nan,0,nan,0,nan,0,nan,0,nan,0,nan,0
1597988471157989888,1597988471719000064,2020-08-21 13:41:11.719000,1945.0,1968.0,1929.5,1956.0,nan,1949.5,121453,23677644700.0,98152,1945.0,65,1944.5,18,nan,0,nan,0,nan,0,nan,0,nan,0,nan,0,nan,0,nan,0
1597988471634969088,1597988472194999808,2020-08-21 13:41:12.195000,1945.0,1968.0,1929.5,1956.0,nan,1949.5,121453,23677644700.0,98152,1945.0,65,1944.5,17,nan,0,nan,0,nan,0,nan,0,nan,0,nan,0,nan,0,nan,0
1597988472158050048,1597988472724999936,2020-08-21 13:41:12.725000,1944.5,1968.0,1929.5,1956.0,nan,1949.5,121455,23678033650.0,98153,1945.0,65,1944.5,22,nan,0,nan,0,nan,0,nan,0,nan,0,nan,0,nan,0,nan,0
1597988472639328000,1597988473236000000,2020-08-21 13:41:13.236000,1944.5,1968.0,1929.5,1956.0,nan,1949.5,121455,23678033650.0,98153,1945.0,68,1944.5,22,nan,0,nan,0,nan,0,nan,0,nan,0,nan,0,nan,0,nan,0
1597988473136378112,1597988473673000192,2020-08-21 13:41:13.673000,1944.5,1968.0,1929.5,1956.0,nan,1949.5,121456,23678228100.0,98153,1945.0,69,1944.5,24,nan,0,nan,0,nan,0,nan,0,nan,0,nan,0,nan,0,nan,0
1597988474153225984,1597988474651000064,2020-08-21 13:41:14.651000,1944.5,1968.0,1929.5,1956.0,nan,1949.5,121457,23678422550.0,98153,1945.0,69,1944.5,23,nan,0,nan,0,nan,0,nan,0,nan,0,nan,0,nan,0,nan,0
1597988474644416000,1597988475194999808,2020-08-21 13:41:15.195000,1944.5,1968.0,1929.5,1956.0,nan,1949.5,121460,23679006000.0,98153,1945.0,68,1944.5,22,nan,0,nan,0,nan,0,nan,0,nan,0,nan,0,nan,0,nan,0
1597988475162134016,1597988475724999936,2020-08-21 13:41:15.725000,1944.5,1968.0,1929.5,1956.0,nan,1949.5,121463,23679589350.0,98150,1945.0,71,1944.5,21,nan,0,nan,0,nan,0,nan,0,nan,0,nan,0,nan,0,nan,0
1597988475649261056,1597988476220000000,2020-08-21 13:41:16.220000,1944.5,1968.0,1929.5,1956.0,nan,1949.5,121464,23679783800.0,98150,1945.0,72,1944.5,20,nan,0,nan,0,nan,0,nan,0,nan,0,nan,0,nan,0,nan,0
1597988476145422080,1597988476743000064,2020-08-21 13:41:16.743000,1944.5,1968.0,1929.5,1956.0,nan,1949.5,121464,23679783800.0,98150,1945.0,72,1944.5,19,nan,0,nan,0,nan,0,nan,0,nan,0,nan,0,nan,0,nan,0
1597988477183293952,1597988477734999808,2020-08-21 13:41:17.735000,1944.5,1968.0,1929.5,1956.0,nan,1949.5,121471,23681144950.0,98143,1945.0,92,1944.5,12,nan,0,nan,0,nan,0,nan,0,nan,0,nan,0,nan,0,nan,0
1597988477642310912,1597988478232000000,2020-08-21 13:41:18.232000,1944.5,1968.0,1929.5,1956.0,nan,1949.5,121474,23681728400.0,98144,1945.0,92,1944.5,11,nan,0,nan,0,nan,0,nan,0,nan,0,nan,0,nan,0,nan,0
1597988478166151936,1597988478742000128,2020-08-21 13:41:18.742000,1944.5,1968.0,1929.5,1956.0,nan,1949.5,121485,23683867350.0,98147,1944.5,5,1944.0,155,nan,0,nan,0,nan,0,nan,0,nan,0,nan,0,nan,0,nan,0
1597988478674213120,1597988479240999936,2020-08-21 13:41:19.241000,1944.5,1968.0,1929.5,1956.0,nan,1949.5,121487,23684256250.0,98149,1944.5,37,1944.0,155,nan,0,nan,0,nan,0,nan,0,nan,0,nan,0,nan,0,nan,0
1597988479159435008,1597988479746000128,2020-08-21 13:41:19.746000,1944.5,1968.0,1929.5,1956.0,nan,1949.5,121487,23684256250.0,98149,1944.5,40,1944.0,154,nan,0,nan,0,nan,0,nan,0,nan,0,nan,0,nan,0,nan,0
1597988479656701952,1597988480232000000,2020-08-21 13:41:20.232000,1944.5,1968.0,1929.5,1956.0,nan,1949.5,121488,23684450700.0,98150,1944.5,42,1944.0,154,nan,0,nan,0,nan,0,nan,0,nan,0,nan,0,nan,0,nan,0
1597988480190797056,1597988480711000064,2020-08-21 13:41:20.711000,1944.0,1968.0,1929.5,1956.0,nan,1949.5,121490,23684839500.0,98150,1944.5,43,1944.0,152,nan,0,nan,0,nan,0,nan,0,nan,0,nan,0,nan,0,nan,0
1597988480647633920,1597988481242000128,2020-08-21 13:41:21.242000,1944.0,1968.0,1929.5,1956.0,nan,1949.5,121490,23684839500.0,98150,1944.5,43,1944.0,154,nan,0,nan,0,nan,0,nan,0,nan,0,nan,0,nan,0,nan,0
1597988481190155008,1597988481730000128,2020-08-21 13:41:21.730000,1944.5,1968.0,1929.5,1956.0,nan,1949.5,121494,23685617250.0,98151,1944.5,40,1944.0,153,nan,0,nan,0,nan,0,nan,0,nan,0,nan,0,nan,0,nan,0
1597988481651595008,1597988482243000064,2020-08-21 13:41:22.243000,1944.5,1968.0,1929.5,1956.0,nan,1949.5,121495,23685811700.0,98151,1944.5,44,1944.0,153,nan,0,nan,0,nan,0,nan,0,nan,0,nan,0,nan,0,nan,0
1597988482663096064,1597988483240000000,2020-08-21 13:41:23.240000,1944.5,1968.0,1929.5,1956.0,nan,1949.5,121497,23686200550.0,98150,1944.5,43,1944.0,152,nan,0,nan,0,nan,0,nan,0,nan,0,nan,0,nan,0,nan,0
1597988483169864960,1597988483729000192,2020-08-21 13:41:23.729000,1944.0,1968.0,1929.5,1956.0,nan,1949.5,121500,23686783800.0,98148,1944.5,38,1944.0,150,nan,0,nan,0,nan,0,nan,0,nan,0,nan,0,nan,0,nan,0
1597988483639621120,1597988484224000000,2020-08-21 13:41:24.224000,1944.0,1968.0,1929.5,1956.0,nan,1949.5,121506,23687950350.0,98147,1944.5,35,1944.0,147,nan,0,nan,0,nan,0,nan,0,nan,0,nan,0,nan,0,nan,0
1597988484164646912,1597988484728000000,2020-08-21 13:41:24.728000,1944.0,1968.0,1929.5,1956.0,nan,1949.5,121506,23687950350.0,98147,1944.5,36,1944.0,147,nan,0,nan,0,nan,0,nan,0,nan,0,nan,0,nan,0,nan,0
1597988485151169024,1597988485655000064,2020-08-21 13:41:25.655000,1944.0,1968.0,1929.5,1956.0,nan,1949.5,121513,23689311400.0,98141,1944.5,31,1944.0,145,nan,0,nan,0,nan,0,nan,0,nan,0,nan,0,nan,0,nan,0
1597988485662077952,1597988486210000128,2020-08-21 13:41:26.210000,1944.5,1968.0,1929.5,1956.0,nan,1949.5,121522,23691061450.0,98144,1944.5,21,1944.0,145,nan,0,nan,0,nan,0,nan,0,nan,0,nan,0,nan,0,nan,0
1597988486158884096,1597988486723000064,2020-08-21 13:41:26.723000,1944.0,1968.0,1929.5,1956.0,nan,1949.5,121534,23693394300.0,98133,1944.5,21,1944.0,135,nan,0,nan,0,nan,0,nan,0,nan,0,nan,0,nan,0,nan,0
1597988486642768896,1597988487246000128,2020-08-21 13:41:27.246000,1944.0,1968.0,1929.5,1956.0,nan,1949.5,121540,23694560700.0,98127,1944.5,20,1944.0,129,nan,0,nan,0,nan,0,nan,0,nan,0,nan,0,nan,0,nan,0
1597988487160201984,1597988487737999872,2020-08-21 13:41:27.738000,1944.5,1968.0,1929.5,1956.0,nan,1949.5,121541,23694755150.0,98126,1944.5,20,1944.0,129,nan,0,nan,0,nan,0,nan,0,nan,0,nan,0,nan,0,nan,0
1597988487644910080,1597988488209000192,2020-08-21 13:41:28.209000,1944.0,1968.0,1929.5,1956.0,nan,1949.5,121543,23695144000.0,98125,1944.5,20,1944.0,128,nan,0,nan,0,nan,0,nan,0,nan,0,nan,0,nan,0,nan,0
1597988488138318080,1597988488746000128,2020-08-21 13:41:28.746000,1944.5,1968.0,1929.5,1956.0,nan,1949.5,121544,23695338450.0,98125,1944.5,19,1944.0,138,nan,0,nan,0,nan,0,nan,0,nan,0,nan,0,nan,0,nan,0
1597988488669987072,1597988489240999936,2020-08-21 13:41:29.241000,1944.0,1968.0,1929.5,1956.0,nan,1949.5,121553,23697088150.0,98125,1944.5,17,1944.0,132,nan,0,nan,0,nan,0,nan,0,nan,0,nan,0,nan,0,nan,0
1597988489169591040,1597988489736999936,2020-08-21 13:41:29.737000,1944.5,1968.0,1929.5,1956.0,nan,1949.5,121554,23697282600.0,98125,1944.5,16,1944.0,132,nan,0,nan,0,nan,0,nan,0,nan,0,nan,0,nan,0,nan,0
1597988489636508928,1597988490196000000,2020-08-21 13:41:30.196000,1944.0,1968.0,1929.5,1956.0,nan,1949.5,121559,23698254650.0,98121,1944.5,18,1944.0,128,nan,0,nan,0,nan,0,nan,0,nan,0,nan,0,nan,0,nan,0
1597988490157457920,1597988490744000000,2020-08-21 13:41:30.744000,1944.0,1968.0,1929.5,1956.0,nan,1949.5,121560,23698449050.0,98121,1944.5,19,1944.0,127,nan,0,nan,0,nan,0,nan,0,nan,0,nan,0,nan,0,nan,0
1597988491636803072,1597988492224000000,2020-08-21 13:41:32.224000,1944.0,1968.0,1929.5,1956.0,nan,1949.5,121562,23698837850.0,98120,1944.5,19,1944.0,125,nan,0,nan,0,nan,0,nan,0,nan,0,nan,0,nan,0,nan,0
1597988492180091904,1597988492744000000,2020-08-21 13:41:32.744000,1944.5,1968.0,1929.5,1956.0,nan,1949.5,121563,23699032300.0,98119,1944.5,18,1944.0,125,nan,0,nan,0,nan,0,nan,0,nan,0,nan,0,nan,0,nan,0
1597988492661966080,1597988493224999936,2020-08-21 13:41:33.225000,1944.0,1968.0,1929.5,1956.0,nan,1949.5,121565,23699421150.0,98119,1944.5,17,1944.0,124,nan,0,nan,0,nan,0,nan,0,nan,0,nan,0,nan,0,nan,0
1597988493160628992,1597988493742000128,2020-08-21 13:41:33.742000,1944.5,1968.0,1929.5,1956.0,nan,1949.5,121566,23699615600.0,98119,1944.5,16,1944.0,124,nan,0,nan,0,nan,0,nan,0,nan,0,nan,0,nan,0,nan,0
1597988493652596992,1597988494194000128,2020-08-21 13:41:34.194000,1944.0,1968.0,1929.5,1956.0,nan,1949.5,121571,23700587800.0,98119,1944.5,13,1944.0,123,nan,0,nan,0,nan,0,nan,0,nan,0,nan,0,nan,0,nan,0
1597988494139876096,1597988494730000128,2020-08-21 13:41:34.730000,1944.0,1968.0,1929.5,1956.0,nan,1949.5,121574,23701171100.0,98119,1944.5,11,1944.0,122,nan,0,nan,0,nan,0,nan,0,nan,0,nan,0,nan,0,nan,0
1597988494639014912,1597988495226000128,2020-08-21 13:41:35.226000,1944.0,1968.0,1929.5,1956.0,nan,1949.5,121574,23701171100.0,98119,1944.5,11,1944.0,124,nan,0,nan,0,nan,0,nan,0,nan,0,nan,0,nan,0,nan,0
1597988495179813120,1597988495743000064,2020-08-21 13:41:35.743000,1944.0,1968.0,1929.5,1956.0,nan,1949.5,121579,23702143300.0,98122,1944.5,7,1944.0,123,nan,0,nan,0,nan,0,nan,0,nan,0,nan,0,nan,0,nan,0
1597988496155773952,1597988496697999872,2020-08-21 13:41:36.698000,1944.0,1968.0,1929.5,1956.0,nan,1949.5,121582,23702726500.0,98119,1944.5,8,1944.0,120,nan,0,nan,0,nan,0,nan,0,nan,0,nan,0,nan,0,nan,0
1597988496640342016,1597988497244999936,2020-08-21 13:41:37.245000,1944.0,1968.0,1929.5,1956.0,nan,1949.5,121583,23702920900.0,98118,1944.5,10,1944.0,120,nan,0,nan,0,nan,0,nan,0,nan,0,nan,0,nan,0,nan,0
1597988498634675968,1597988499114000128,2020-08-21 13:41:39.114000,1944.0,1968.0,1929.5,1956.0,nan,1949.5,121588,23703892900.0,98118,1944.5,11,1944.0,115,nan,0,nan,0,nan,0,nan,0,nan,0,nan,0,nan,0,nan,0
1597988499153513984,1597988499736999936,2020-08-21 13:41:39.737000,1944.0,1968.0,1929.5,1956.0,nan,1949.5,121590,23704281700.0,98116,1944.5,11,1944.0,113,nan,0,nan,0,nan,0,nan,0,nan,0,nan,0,nan,0,nan,0
1597988499642051072,1597988500219000064,2020-08-21 13:41:40.219000,1944.0,1968.0,1929.5,1956.0,nan,1949.5,121590,23704281700.0,98116,1944.5,13,1944.0,113,nan,0,nan,0,nan,0,nan,0,nan,0,nan,0,nan,0,nan,0
1597988500173894912,1597988500740000000,2020-08-21 13:41:40.740000,1944.0,1968.0,1929.5,1956.0,nan,1949.5,121590,23704281700.0,98116,1944.5,17,1944.0,113,nan,0,nan,0,nan,0,nan,0,nan,0,nan,0,nan,0,nan,0
1597988501149024000,1597988501724999936,2020-08-21 13:41:41.725000,1944.0,1968.0,1929.5,1956.0,nan,1949.5,121590,23704281700.0,98116,1944.5,30,1944.0,113,nan,0,nan,0,nan,0,nan,0,nan,0,nan,0,nan,0,nan,0
1597988501635107072,1597988502220999936,2020-08-21 13:41:42.221000,1944.0,1968.0,1929.5,1956.0,nan,1949.5,121590,23704281700.0,98116,1944.5,30,1944.0,112,nan,0,nan,0,nan,0,nan,0,nan,0,nan,0,nan,0,nan,0
1597988502637075968,1597988503242000128,2020-08-21 13:41:43.242000,1944.0,1968.0,1929.5,1956.0,nan,1949.5,121590,23704281700.0,98116,1944.5,31,1944.0,112,nan,0,nan,0,nan,0,nan,0,nan,0,nan,0,nan,0,nan,0
1597988503143194880,1597988503740999936,2020-08-21 13:41:43.741000,1944.5,1968.0,1929.5,1956.0,nan,1949.5,121591,23704476150.0,98115,1944.5,31,1944.0,120,nan,0,nan,0,nan,0,nan,0,nan,0,nan,0,nan,0,nan,0
1597988503646919936,1597988504227000064,2020-08-21 13:41:44.227000,1944.0,1968.0,1929.5,1956.0,nan,1949.5,121598,23705837250.0,98110,1944.5,25,1944.0,119,nan,0,nan,0,nan,0,nan,0,nan,0,nan,0,nan,0,nan,0
1597988504160420096,1597988504743000064,2020-08-21 13:41:44.743000,1944.0,1968.0,1929.5,1956.0,nan,1949.5,121598,23705837250.0,98110,1944.5,26,1944.0,120,nan,0,nan,0,nan,0,nan,0,nan,0,nan,0,nan,0,nan,0
1597988504646181888,1597988505148999936,2020-08-21 13:41:45.149000,1944.0,1968.0,1929.5,1956.0,nan,1949.5,121598,23705837250.0,98110,1944.5,26,1944.0,121,nan,0,nan,0,nan,0,nan,0,nan,0,nan,0,nan,0,nan,0
1597988505180208896,1597988505711000064,2020-08-21 13:41:45.711000,1944.5,1968.0,1929.5,1956.0,nan,1949.5,121648,23715557500.0,98067,1944.5,25,1944.0,75,nan,0,nan,0,nan,0,nan,0,nan,0,nan,0,nan,0,nan,0
1597988505638601984,1597988506194000128,2020-08-21 13:41:46.194000,1944.5,1968.0,1929.5,1956.0,nan,1949.5,121650,23715946400.0,98065,1944.5,23,1944.0,75,nan,0,nan,0,nan,0,nan,0,nan,0,nan,0,nan,0,nan,0
1597988506146680064,1597988506668999936,2020-08-21 13:41:46.669000,1944.0,1968.0,1929.5,1956.0,nan,1949.5,121666,23719056800.0,98064,1944.5,22,1944.0,59,nan,0,nan,0,nan,0,nan,0,nan,0,nan,0,nan,0,nan,0
1597988506642959872,1597988507240999936,2020-08-21 13:41:47.241000,1944.0,1968.0,1929.5,1956.0,nan,1949.5,121724,23730332000.0,98064,1944.0,6,1943.5,20,nan,0,nan,0,nan,0,nan,0,nan,0,nan,0,nan,0,nan,0
1597988507154209024,1597988507746000128,2020-08-21 13:41:47.746000,1944.0,1968.0,1929.5,1956.0,nan,1949.5,121733,23732081600.0,98061,1944.5,25,1944.0,21,nan,0,nan,0,nan,0,nan,0,nan,0,nan,0,nan,0,nan,0
1597988507639802880,1597988508209000192,2020-08-21 13:41:48.209000,1944.5,1968.0,1929.5,1956.0,nan,1949.5,121734,23732276050.0,98061,1944.5,23,1944.0,22,nan,0,nan,0,nan,0,nan,0,nan,0,nan,0,nan,0,nan,0
1597988508154554880,1597988508744999936,2020-08-21 13:41:48.745000,1944.5,1968.0,1929.5,1956.0,nan,1949.5,121734,23732276050.0,98061,1944.5,21,1944.0,22,nan,0,nan,0,nan,0,nan,0,nan,0,nan,0,nan,0,nan,0
1597988508639476992,1597988509236000000,2020-08-21 13:41:49.236000,1944.5,1968.0,1929.5,1956.0,nan,1949.5,121734,23732276050.0,98061,1944.5,23,1944.0,22,nan,0,nan,0,nan,0,nan,0,nan,0,nan,0,nan,0,nan,0
1597988509147496960,1597988509698999808,2020-08-21 13:41:49.699000,1944.5,1968.0,1929.5,1956.0,nan,1949.5,121735,23732470500.0,98062,1944.5,24,1944.0,22,nan,0,nan,0,nan,0,nan,0,nan,0,nan,0,nan,0,nan,0
1597988509639548928,1597988510201999872,2020-08-21 13:41:50.202000,1944.5,1968.0,1929.5,1956.0,nan,1949.5,121735,23732470500.0,98062,1944.5,25,1944.0,22,nan,0,nan,0,nan,0,nan,0,nan,0,nan,0,nan,0,nan,0
1597988510640655104,1597988511242000128,2020-08-21 13:41:51.242000,1944.0,1968.0,1929.5,1956.0,nan,1949.5,121736,23732664900.0,98062,1944.5,25,1944.0,22,nan,0,nan,0,nan,0,nan,0,nan,0,nan,0,nan,0,nan,0
1597988511189104896,1597988511724000000,2020-08-21 13:41:51.724000,1944.0,1968.0,1929.5,1956.0,nan,1949.5,121736,23732664900.0,98062,1944.5,25,1944.0,25,nan,0,nan,0,nan,0,nan,0,nan,0,nan,0,nan,0,nan,0
1597988512639031040,1597988513210000128,2020-08-21 13:41:53.210000,1944.0,1968.0,1929.5,1956.0,nan,1949.5,121737,23732859300.0,98061,1944.5,27,1944.0,24,nan,0,nan,0,nan,0,nan,0,nan,0,nan,0,nan,0,nan,0
1597988513152771072,1597988513727000064,2020-08-21 13:41:53.727000,1944.0,1968.0,1929.5,1956.0,nan,1949.5,121737,23732859300.0,98061,1944.5,33,1944.0,25,nan,0,nan,0,nan,0,nan,0,nan,0,nan,0,nan,0,nan,0
1597988514644250112,1597988515226000128,2020-08-21 13:41:55.226000,1944.0,1968.0,1929.5,1956.0,nan,1949.5,121740,23733442500.0,98060,1944.5,34,1944.0,22,nan,0,nan,0,nan,0,nan,0,nan,0,nan,0,nan,0,nan,0
1597988515639324928,1597988516210000128,2020-08-21 13:41:56.210000,1944.0,1968.0,1929.5,1956.0,nan,1949.5,121740,23733442500.0,98060,1944.5,33,1944.0,22,nan,0,nan,0,nan,0,nan,0,nan,0,nan,0,nan,0,nan,0
1597988516148155904,1597988516728000000,2020-08-21 13:41:56.728000,1944.5,1968.0,1929.5,1956.0,nan,1949.5,121749,23735192500.0,98054,1944.5,27,1944.0,21,nan,0,nan,0,nan,0,nan,0,nan,0,nan,0,nan,0,nan,0
1597988516642074112,1597988517155000064,2020-08-21 13:41:57.155000,1944.5,1968.0,1929.5,1956.0,nan,1949.5,121749,23735192500.0,98054,1944.5,27,1944.0,23,nan,0,nan,0,nan,0,nan,0,nan,0,nan,0,nan,0,nan,0
1597988517660462080,1597988518242000128,2020-08-21 13:41:58.242000,1944.5,1968.0,1929.5,1956.0,nan,1949.5,121749,23735192500.0,98054,1944.5,28,1944.0,23,nan,0,nan,0,nan,0,nan,0,nan,0,nan,0,nan,0,nan,0
1597988518172910080,1597988518726000128,2020-08-21 13:41:58.726000,1944.0,1968.0,1929.5,1956.0,nan,1949.5,121750,23735386900.0,98053,1944.5,28,1944.0,26,nan,0,nan,0,nan,0,nan,0,nan,0,nan,0,nan,0,nan,0
1597988518734917120,1597988519193000192,2020-08-21 13:41:59.193000,1944.0,1968.0,1929.5,1956.0,nan,1949.5,121750,23735386900.0,98053,1944.5,26,1944.0,27,nan,0,nan,0,nan,0,nan,0,nan,0,nan,0,nan,0,nan,0
1597988519161790976,1597988519712999936,2020-08-21 13:41:59.713000,1944.5,1968.0,1929.5,1956.0,nan,1949.5,121752,23735775800.0,98051,1944.5,24,1944.0,26,nan,0,nan,0,nan,0,nan,0,nan,0,nan,0,nan,0,nan,0
