local_nano_time,quote_nano_time,datetime,last_price,highest,lowest,open,close,average,volume,amount,open_interest,ask_price1,ask_volume1,bid_price1,bid_volume1,ask_price2,ask_volume2,bid_price2,bid_volume2,ask_price3,ask_volume3,bid_price3,bid_volume3,ask_price4,ask_volume4,bid_price4,bid_volume4,ask_price5,ask_volume5,bid_price5,bid_volume5
1597988245541703936,1597988245500000000,2020-08-21 13:37:25.500000,100.355,100.375,100.32,100.33,nan,100.343,2431,4878674500.0,11089,100.355,14,100.35,14,nan,0,nan,0,nan,0,nan,0,nan,0,nan,0,nan,0,nan,0
1597988246072381952,1597988246000000000,2020-08-21 13:37:26.000000,100.355,100.375,100.32,100.33,nan,100.343,2431,4878674500.0,11089,100.355,12,100.35,16,nan,0,nan,0,nan,0,nan,0,nan,0,nan,0,nan,0,nan,0
1597988246556680960,1597988246500000000,2020-08-21 13:37:26.500000,100.355,100.375,100.32,100.33,nan,100.343,2431,4878674500.0,11089,100.355,11,100.35,17,nan,0,nan,0,nan,0,nan,0,nan,0,nan,0,nan,0,nan,0
1597988247078525952,1597988247000000000,2020-08-21 13:37:27.000000,100.355,100.375,100.32,100.33,nan,100.343,2431,4878674500.0,11089,100.355,11,100.35,17,nan,0,nan,0,nan,0,nan,0,nan,0,nan,0,nan,0,nan,0
1597988247544188928,1597988247500000000,2020-08-21 13:37:27.500000,100.355,100.375,100.32,100.33,nan,100.343,2431,4878674500.0,11089,100.355,11,100.35,17,nan,0,nan,0,nan,0,nan,0,nan,0,nan,0,nan,0,nan,0
1597988248052536064,1597988248000000000,2020-08-21 13:37:28.000000,100.355,100.375,100.32,100.33,nan,100.343,2431,4878674500.0,11089,100.355,11,100.35,17,nan,0,nan,0,nan,0,nan,0,nan,0,nan,0,nan,0,nan,0
1597988248557851904,1597988248500000000,2020-08-21 13:37:28.500000,100.355,100.375,100.32,100.33,nan,100.343,2431,4878674500.0,11089,100.355,11,100.35,17,nan,0,nan,0,nan,0,nan,0,nan,0,nan,0,nan,0,nan,0
1597988249043041024,1597988249000000000,2020-08-21 13:37:29.000000,100.355,100.375,100.32,100.33,nan,100.343,2431,4878674500.0,11089,100.355,11,100.35,17,nan,0,nan,0,nan,0,nan,0,nan,0,nan,0,nan,0,nan,0
1597988249542171904,1597988249500000000,2020-08-21 13:37:29.500000,100.355,100.375,100.32,100.33,nan,100.343,2431,4878674500.0,11089,100.355,11,100.35,17,nan,0,nan,0,nan,0,nan,0,nan,0,nan,0,nan,0,nan,0
1597988250052130048,1597988250000000000,2020-08-21 13:37:30.000000,100.355,100.375,100.32,100.33,nan,100.343,2431,4878674500.0,11089,100.355,11,100.35,17,nan,0,nan,0,nan,0,nan,0,nan,0,nan,0,nan,0,nan,0
1597988250562446080,1597988250500000000,2020-08-21 13:37:30.500000,100.355,100.375,100.32,100.33,nan,100.343,2431,4878674500.0,11089,100.355,11,100.35,17,nan,0,nan,0,nan,0,nan,0,nan,0,nan,0,nan,0,nan,0
1597988251049602048,1597988251000000000,2020-08-21 13:37:31.000000,100.355,100.375,100.32,100.33,nan,100.343,2431,4878674500.0,11089,100.355,11,100.35,17,nan,0,nan,0,nan,0,nan,0,nan,0,nan,0,nan,0,nan,0
1597988251545062912,1597988251500000000,2020-08-21 13:37:31.500000,100.355,100.375,100.32,100.33,nan,100.343,2431,4878674500.0,11089,100.355,11,100.35,17,nan,0,nan,0,nan,0,nan,0,nan,0,nan,0,nan,0,nan,0
1597988254055712000,1597988254000000000,2020-08-21 13:37:34.000000,100.355,100.375,100.32,100.33,nan,100.343,2431,4878674500.0,11089,100.355,12,100.35,18,nan,0,nan,0,nan,0,nan,0,nan,0,nan,0,nan,0,nan,0
1597988257069454080,1597988257000000000,2020-08-21 13:37:37.000000,100.355,100.375,100.32,100.33,nan,100.343,2431,4878674500.0,11089,100.355,13,100.35,18,nan,0,nan,0,nan,0,nan,0,nan,0,nan,0,nan,0,nan,0
1597988261076296960,1597988261000000000,2020-08-21 13:37:41.000000,100.355,100.375,100.32,100.33,nan,100.343,2431,4878674500.0,11089,100.355,20,100.35,18,nan,0,nan,0,nan,0,nan,0,nan,0,nan,0,nan,0,nan,0
1597988265549430016,1597988265500000000,2020-08-21 13:37:45.500000,100.355,100.375,100.32,100.33,nan,100.343,2431,4878674500.0,11089,100.355,21,100.35,19,nan,0,nan,0,nan,0,nan,0,nan,0,nan,0,nan,0,nan,0
1597988266050874880,1597988266000000000,2020-08-21 13:37:46.000000,100.35,100.375,100.32,100.33,nan,100.343,2434,4884695500.0,11086,100.355,21,100.35,16,nan,0,nan,0,nan,0,nan,0,nan,0,nan,0,nan,0,nan,0
1597988266550445056,1597988266500000000,2020-08-21 13:37:46.500000,100.35,100.375,100.32,100.33,nan,100.343,2439,4894730500.0,11084,100.355,22,100.35,7,nan,0,nan,0,nan,0,nan,0,nan,0,nan,0,nan,0,nan,0
1597988267098555904,1597988267000000000,2020-08-21 13:37:47.000000,100.35,100.375,100.32,100.33,nan,100.343,2446,4908779500.0,11085,100.35,1,100.345,80,nan,0,nan,0,nan,0,nan,0,nan,0,nan,0,nan,0,nan,0
1597988267559924992,1597988267500000000,2020-08-21 13:37:47.500000,100.35,100.375,100.32,100.33,nan,100.343,2446,4908779500.0,11085,100.35,2,100.345,49,nan,0,nan,0,nan,0,nan,0,nan,0,nan,0,nan,0,nan,0
1597988268083644928,1597988268000000000,2020-08-21 13:37:48.000000,100.35,100.375,100.32,100.33,nan,100.343,2446,4908779500.0,11085,100.35,2,100.345,30,nan,0,nan,0,nan,0,nan,0,nan,0,nan,0,nan,0,nan,0
1597988268566838016,1597988268500000000,2020-08-21 13:37:48.500000,100.35,100.375,100.32,100.33,nan,100.343,2446,4908779500.0,11085,100.35,4,100.345,31,nan,0,nan,0,nan,0,nan,0,nan,0,nan,0,nan,0,nan,0
1597988269069366016,1597988269000000000,2020-08-21 13:37:49.000000,100.35,100.375,100.32,100.33,nan,100.343,2446,4908779500.0,11085,100.35,4,100.345,21,nan,0,nan,0,nan,0,nan,0,nan,0,nan,0,nan,0,nan,0
1597988269565227008,1597988269500000000,2020-08-21 13:37:49.500000,100.35,100.375,100.32,100.33,nan,100.343,2446,4908779500.0,11085,100.35,4,100.345,21,nan,0,nan,0,nan,0,nan,0,nan,0,nan,0,nan,0,nan,0
1597988270080272896,1597988270000000000,2020-08-21 13:37:50.000000,100.35,100.375,100.32,100.33,nan,100.343,2448,4912793500.0,11085,100.35,4,100.345,22,nan,0,nan,0,nan,0,nan,0,nan,0,nan,0,nan,0,nan,0
1597988271077808896,1597988271000000000,2020-08-21 13:37:51.000000,100.35,100.375,100.32,100.33,nan,100.343,2448,4912793500.0,11085,100.35,5,100.345,21,nan,0,nan,0,nan,0,nan,0,nan,0,nan,0,nan,0,nan,0
1597988281558586112,1597988281500000000,2020-08-21 13:38:01.500000,100.35,100.375,100.32,100.33,nan,100.343,2448,4912793500.0,11085,100.35,7,100.345,21,nan,0,nan,0,nan,0,nan,0,nan,0,nan,0,nan,0,nan,0
1597988287078863872,1597988287000000000,2020-08-21 13:38:07.000000,100.35,100.375,100.32,100.33,nan,100.343,2449,4914800500.0,11085,100.35,6,100.345,21,nan,0,nan,0,nan,0,nan,0,nan,0,nan,0,nan,0,nan,0
1597988288081918976,1597988288000000000,2020-08-21 13:38:08.000000,100.35,100.375,100.32,100.33,nan,100.343,2449,4914800500.0,11085,100.35,7,100.345,22,nan,0,nan,0,nan,0,nan,0,nan,0,nan,0,nan,0,nan,0
1597988291569027072,1597988291500000000,2020-08-21 13:38:11.500000,100.35,100.375,100.32,100.33,nan,100.343,2450,4916807500.0,11085,100.35,6,100.345,22,nan,0,nan,0,nan,0,nan,0,nan,0,nan,0,nan,0,nan,0
1597988292083574016,1597988292000000000,2020-08-21 13:38:12.000000,100.35,100.375,100.32,100.33,nan,100.343,2450,4916807500.0,11085,100.35,16,100.345,22,nan,0,nan,0,nan,0,nan,0,nan,0,nan,0,nan,0,nan,0
1597988293570690048,1597988293500000000,2020-08-21 13:38:13.500000,100.35,100.375,100.32,100.33,nan,100.343,2450,4916807500.0,11085,100.35,16,100.345,22,nan,0,nan,0,nan,0,nan,0,nan,0,nan,0,nan,0,nan,0
1597988300081336064,1597988300000000000,2020-08-21 13:38:20.000000,100.35,100.375,100.32,100.33,nan,100.343,2450,4916807500.0,11085,100.35,16,100.345,32,nan,0,nan,0,nan,0,nan,0,nan,0,nan,0,nan,0,nan,0
1597988301464066048,1597988301000000000,2020-08-21 13:38:21.000000,100.35,100.375,100.32,100.33,nan,100.343,2450,4916807500.0,11085,100.35,16,100.345,32,nan,0,nan,0,nan,0,nan,0,nan,0,nan,0,nan,0,nan,0
1597988314575351040,1597988314500000000,2020-08-21 13:38:34.500000,100.35,100.375,100.32,100.33,nan,100.343,2450,4916807500.0,11085,100.35,16,100.345,32,nan,0,nan,0,nan,0,nan,0,nan,0,nan,0,nan,0,nan,0
1597988339182852096,1597988339000000000,2020-08-21 13:38:59.000000,100.35,100.375,100.32,100.33,nan,100.343,2451,4918814500.0,11086,100.35,15,100.345,32,nan,0,nan,0,nan,0,nan,0,nan,0,nan,0,nan,0,nan,0
1597988339588156928,1597988339500000000,2020-08-21 13:38:59.500000,100.35,100.375,100.32,100.33,nan,100.343,2453,4922828500.0,11086,100.35,15,100.345,32,nan,0,nan,0,nan,0,nan,0,nan,0,nan,0,nan,0,nan,0
1597988341605016064,1597988341500000000,2020-08-21 13:39:01.500000,100.35,100.375,100.32,100.33,nan,100.343,2453,4922828500.0,11086,100.35,16,100.345,32,nan,0,nan,0,nan,0,nan,0,nan,0,nan,0,nan,0,nan,0
1597988355595781888,1597988355500000000,2020-08-21 13:39:15.500000,100.35,100.375,100.32,100.33,nan,100.343,2453,4922828500.0,11086,100.35,16,100.345,28,nan,0,nan,0,nan,0,nan,0,nan,0,nan,0,nan,0,nan,0
1597988377619425024,1597988377500000000,2020-08-21 13:39:37.500000,100.35,100.375,100.32,100.33,nan,100.343,2453,4922828500.0,11086,100.35,16,100.345,32,nan,0,nan,0,nan,0,nan,0,nan,0,nan,0,nan,0,nan,0
1597988380656592896,1597988380500000000,2020-08-21 13:39:40.500000,100.35,100.375,100.32,100.33,nan,100.343,2453,4922828500.0,11086,100.35,16,100.345,28,nan,0,nan,0,nan,0,nan,0,nan,0,nan,0,nan,0,nan,0
1597988381633608960,1597988381500000000,2020-08-21 13:39:41.500000,100.35,100.375,100.32,100.33,nan,100.343,2453,4922828500.0,11086,100.35,16,100.345,32,nan,0,nan,0,nan,0,nan,0,nan,0,nan,0,nan,0,nan,0
1597988387150112000,1597988387000000000,2020-08-21 13:39:47.000000,100.35,100.375,100.32,100.33,nan,100.343,2454,4924835500.0,11086,100.35,15,100.345,32,nan,0,nan,0,nan,0,nan,0,nan,0,nan,0,nan,0,nan,0
1597988387640668928,1597988387500000000,2020-08-21 13:39:47.500000,100.35,100.375,100.32,100.33,nan,100.343,2454,4924835500.0,11086,100.35,14,100.345,32,nan,0,nan,0,nan,0,nan,0,nan,0,nan,0,nan,0,nan,0
1597988389132701952,1597988389000000000,2020-08-21 13:39:49.000000,100.35,100.375,100.32,100.33,nan,100.343,2454,4924835500.0,11086,100.35,14,100.345,28,nan,0,nan,0,nan,0,nan,0,nan,0,nan,0,nan,0,nan,0
1597988390617572096,1597988390500000000,2020-08-21 13:39:50.500000,100.35,100.375,100.32,100.33,nan,100.343,2454,4924835500.0,11086,100.35,14,100.345,28,nan,0,nan,0,nan,0,nan,0,nan,0,nan,0,nan,0,nan,0
1597988391628486912,1597988391500000000,2020-08-21 13:39:51.500000,100.35,100.375,100.32,100.33,nan,100.343,2454,4924835500.0,11086,100.35,14,100.345,28,nan,0,nan,0,nan,0,nan,0,nan,0,nan,0,nan,0,nan,0
1597988393623723008,1597988393500000000,2020-08-21 13:39:53.500000,100.35,100.375,100.32,100.33,nan,100.343,2454,4924835500.0,11086,100.35,14,100.345,28,nan,0,nan,0,nan,0,nan,0,nan,0,nan,0,nan,0,nan,0
1597988394160345088,1597988394000000000,2020-08-21 13:39:54.000000,100.35,100.375,100.32,100.33,nan,100.343,2454,4924835500.0,11086,100.35,14,100.345,28,nan,0,nan,0,nan,0,nan,0,nan,0,nan,0,nan,0,nan,0
1597988400633588992,1597988400500000000,2020-08-21 13:40:00.500000,100.35,100.375,100.32,100.33,nan,100.343,2455,4926842500.0,11085,100.35,13,100.345,27,nan,0,nan,0,nan,0,nan,0,nan,0,nan,0,nan,0,nan,0
1597988402629358080,1597988402500000000,2020-08-21 13:40:02.500000,100.35,100.375,100.32,100.33,nan,100.343,2460,4936877500.0,11085,100.35,8,100.345,27,nan,0,nan,0,nan,0,nan,0,nan,0,nan,0,nan,0,nan,0
1597988408546049024,1597988408500000000,2020-08-21 13:40:08.500000,100.35,100.375,100.32,100.33,nan,100.343,2461,4938884500.0,11085,100.35,7,100.345,28,nan,0,nan,0,nan,0,nan,0,nan,0,nan,0,nan,0,nan,0
1597988409079386880,1597988409000000000,2020-08-21 13:40:09.000000,100.35,100.375,100.32,100.33,nan,100.343,2468,4952933500.0,11089,100.355,70,100.35,2,nan,0,nan,0,nan,0,nan,0,nan,0,nan,0,nan,0,nan,0
1597988409549125120,1597988409500000000,2020-08-21 13:40:09.500000,100.35,100.375,100.32,100.33,nan,100.343,2468,4952933500.0,11089,100.355,37,100.35,2,nan,0,nan,0,nan,0,nan,0,nan,0,nan,0,nan,0,nan,0
1597988410051384064,1597988410000000000,2020-08-21 13:40:10.000000,100.35,100.375,100.32,100.33,nan,100.343,2468,4952933500.0,11089,100.355,28,100.35,3,nan,0,nan,0,nan,0,nan,0,nan,0,nan,0,nan,0,nan,0
1597988410560666880,1597988410500000000,2020-08-21 13:40:10.500000,100.35,100.375,100.32,100.33,nan,100.343,2468,4952933500.0,11089,100.355,28,100.35,3,nan,0,nan,0,nan,0,nan,0,nan,0,nan,0,nan,0,nan,0
1597988411544582912,1597988411500000000,2020-08-21 13:40:11.500000,100.35,100.375,100.32,100.33,nan,100.343,2468,4952933500.0,11089,100.355,18,100.35,3,nan,0,nan,0,nan,0,nan,0,nan,0,nan,0,nan,0,nan,0
1597988412046686976,1597988412000000000,2020-08-21 13:40:12.000000,100.35,100.375,100.32,100.33,nan,100.343,2468,4952933500.0,11089,100.355,18,100.35,4,nan,0,nan,0,nan,0,nan,0,nan,0,nan,0,nan,0,nan,0
1597988413055051008,1597988413000000000,2020-08-21 13:40:13.000000,100.35,100.375,100.32,100.33,nan,100.343,2468,4952933500.0,11089,100.355,19,100.35,4,nan,0,nan,0,nan,0,nan,0,nan,0,nan,0,nan,0,nan,0
1597988414551727104,1597988414500000000,2020-08-21 13:40:14.500000,100.35,100.375,100.32,100.33,nan,100.343,2468,4952933500.0,11089,100.355,19,100.35,5,nan,0,nan,0,nan,0,nan,0,nan,0,nan,0,nan,0,nan,0
1597988426115287040,1597988426000000000,2020-08-21 13:40:26.000000,100.35,100.375,100.32,100.33,nan,100.343,2468,4952933500.0,11089,100.355,19,100.35,5,nan,0,nan,0,nan,0,nan,0,nan,0,nan,0,nan,0,nan,0
1597988433560416000,1597988433500000000,2020-08-21 13:40:33.500000,100.355,100.375,100.32,100.33,nan,100.343,2469,4954940600.0,11090,100.355,18,100.35,5,nan,0,nan,0,nan,0,nan,0,nan,0,nan,0,nan,0,nan,0
1597988434057882880,1597988434000000000,2020-08-21 13:40:34.000000,100.355,100.375,100.32,100.33,nan,100.343,2469,4954940600.0,11090,100.355,16,100.35,8,nan,0,nan,0,nan,0,nan,0,nan,0,nan,0,nan,0,nan,0
1597988438568664064,1597988438500000000,2020-08-21 13:40:38.500000,100.355,100.375,100.32,100.33,nan,100.343,2469,4954940600.0,11090,100.355,16,100.35,8,nan,0,nan,0,nan,0,nan,0,nan,0,nan,0,nan,0,nan,0
1597988442565488896,1597988442500000000,2020-08-21 13:40:42.500000,100.355,100.375,100.32,100.33,nan,100.343,2469,4954940600.0,11090,100.355,16,100.35,8,nan,0,nan,0,nan,0,nan,0,nan,0,nan,0,nan,0,nan,0
1597988443552772096,1597988443500000000,2020-08-21 13:40:43.500000,100.355,100.375,100.32,100.33,nan,100.343,2469,4954940600.0,11090,100.355,16,100.35,8,nan,0,nan,0,nan,0,nan,0,nan,0,nan,0,nan,0,nan,0
1597988449057753088,1597988449000000000,2020-08-21 13:40:49.000000,100.355,100.375,100.32,100.33,nan,100.343,2469,4954940600.0,11090,100.355,16,100.35,7,nan,0,nan,0,nan,0,nan,0,nan,0,nan,0,nan,0,nan,0
1597988450072088064,1597988450000000000,2020-08-21 13:40:50.000000,100.355,100.375,100.32,100.33,nan,100.343,2469,4954940600.0,11090,100.355,26,100.35,7,nan,0,nan,0,nan,0,nan,0,nan,0,nan,0,nan,0,nan,0
1597988466078624000,1597988466000000000,2020-08-21 13:41:06.000000,100.355,100.375,100.32,100.33,nan,100.343,2469,4954940600.0,11090,100.355,19,100.35,7,nan,0,nan,0,nan,0,nan,0,nan,0,nan,0,nan,0,nan,0
1597988470069713920,1597988470000000000,2020-08-21 13:41:10.000000,100.35,100.375,100.32,100.33,nan,100.343,2478,4973003600.0,11084,100.355,20,100.345,85,nan,0,nan,0,nan,0,nan,0,nan,0,nan,0,nan,0,nan,0
1597988470569090048,1597988470500000000,2020-08-21 13:41:10.500000,100.35,100.375,100.32,100.33,nan,100.343,2480,4977017600.0,11084,100.35,1,100.345,57,nan,0,nan,0,nan,0,nan,0,nan,0,nan,0,nan,0,nan,0
1597988471079201024,1597988471000000000,2020-08-21 13:41:11.000000,100.35,100.375,100.32,100.33,nan,100.343,2480,4977017600.0,11084,100.35,2,100.345,46,nan,0,nan,0,nan,0,nan,0,nan,0,nan,0,nan,0,nan,0
1597988471580829952,1597988471500000000,2020-08-21 13:41:11.500000,100.35,100.375,100.32,100.33,nan,100.343,2480,4977017600.0,11084,100.35,4,100.345,26,nan,0,nan,0,nan,0,nan,0,nan,0,nan,0,nan,0,nan,0
1597988472079699968,1597988472000000000,2020-08-21 13:41:12.000000,100.35,100.375,100.32,100.33,nan,100.343,2480,4977017600.0,11084,100.35,4,100.345,26,nan,0,nan,0,nan,0,nan,0,nan,0,nan,0,nan,0,nan,0
1597988480571343872,1597988480500000000,2020-08-21 13:41:20.500000,100.35,100.375,100.32,100.33,nan,100.343,2480,4977017600.0,11084,100.35,9,100.345,26,nan,0,nan,0,nan,0,nan,0,nan,0,nan,0,nan,0,nan,0
1597988481570927104,1597988481500000000,2020-08-21 13:41:21.500000,100.35,100.375,100.32,100.33,nan,100.343,2482,4981031600.0,11085,100.35,8,100.345,26,nan,0,nan,0,nan,0,nan,0,nan,0,nan,0,nan,0,nan,0
1597988483079095040,1597988483000000000,2020-08-21 13:41:23.000000,100.35,100.375,100.32,100.33,nan,100.343,2482,4981031600.0,11085,100.35,9,100.345,26,nan,0,nan,0,nan,0,nan,0,nan,0,nan,0,nan,0,nan,0
1597988504119751936,1597988504000000000,2020-08-21 13:41:44.000000,100.35,100.375,100.32,100.33,nan,100.343,2482,4981031600.0,11085,100.35,9,100.345,26,nan,0,nan,0,nan,0,nan,0,nan,0,nan,0,nan,0,nan,0
1597988505577637888,1597988505500000000,2020-08-21 13:41:45.500000,100.35,100.375,100.32,100.33,nan,100.343,2482,4981031600.0,11085,100.35,10,100.345,26,nan,0,nan,0,nan,0,nan,0,nan,0,nan,0,nan,0,nan,0
1597988506582828032,1597988506500000000,2020-08-21 13:41:46.500000,100.35,100.375,100.32,100.33,nan,100.343,2482,4981031600.0,11085,100.35,10,100.345,26,nan,0,nan,0,nan,0,nan,0,nan,0,nan,0,nan,0,nan,0
1597988511588916992,1597988511500000000,2020-08-21 13:41:51.500000,100.35,100.375,100.32,100.33,nan,100.343,2482,4981031600.0,11085,100.35,10,100.345,26,nan,0,nan,0,nan,0,nan,0,nan,0,nan,0,nan,0,nan,0
1597988513104603904,1597988513000000000,2020-08-21 13:41:53.000000,100.35,100.375,100.32,100.33,nan,100.343,2482,4981031600.0,11085,100.35,20,100.345,26,nan,0,nan,0,nan,0,nan,0,nan,0,nan,0,nan,0,nan,0
1597988514103748096,1597988514000000000,2020-08-21 13:41:54.000000,100.35,100.375,100.32,100.33,nan,100.343,2482,4981031600.0,11085,100.35,20,100.345,26,nan,0,nan,0,nan,0,nan,0,nan,0,nan,0,nan,0,nan,0
1597988527090467072,1597988527000000000,2020-08-21 13:42:07.000000,100.35,100.375,100.32,100.33,nan,100.343,2483,4983038600.0,11086,100.35,19,100.345,26,nan,0,nan,0,nan,0,nan,0,nan,0,nan,0,nan,0,nan,0
1597988527593400064,1597988527500000000,2020-08-21 13:42:07.500000,100.35,100.375,100.32,100.33,nan,100.343,2483,4983038600.0,11086,100.35,20,100.345,27,nan,0,nan,0,nan,0,nan,0,nan,0,nan,0,nan,0,nan,0
1597988528127500032,1597988528000000000,2020-08-21 13:42:08.000000,100.35,100.375,100.32,100.33,nan,100.343,2483,4983038600.0,11086,100.35,20,100.345,27,nan,0,nan,0,nan,0,nan,0,nan,0,nan,0,nan,0,nan,0
1597988536104257024,1597988536000000000,2020-08-21 13:42:16.000000,100.35,100.375,100.32,100.33,nan,100.343,2483,4983038600.0,11086,100.35,25,100.345,27,nan,0,nan,0,nan,0,nan,0,nan,0,nan,0,nan,0,nan,0
1597988573638187008,1597988573500000000,2020-08-21 13:42:53.500000,100.35,100.375,100.32,100.33,nan,100.343,2483,4983038600.0,11086,100.35,24,100.345,27,nan,0,nan,0,nan,0,nan,0,nan,0,nan,0,nan,0,nan,0
1597988575130562048,1597988575000000000,2020-08-21 13:42:55.000000,100.35,100.375,100.32,100.33,nan,100.343,2484,4985045600.0,11086,100.35,23,100.345,27,nan,0,nan,0,nan,0,nan,0,nan,0,nan,0,nan,0,nan,0
1597988602534637056,1597988602500000000,2020-08-21 13:43:22.500000,100.35,100.375,100.32,100.33,nan,100.343,2484,4985045600.0,11086,100.35,23,100.345,27,nan,0,nan,0,nan,0,nan,0,nan,0,nan,0,nan,0,nan,0
1597988603537819904,1597988603500000000,2020-08-21 13:43:23.500000,100.35,100.375,100.32,100.33,nan,100.343,2484,4985045600.0,11086,100.35,23,100.345,27,nan,0,nan,0,nan,0,nan,0,nan,0,nan,0,nan,0,nan,0
1597988615554855936,1597988615500000000,2020-08-21 13:43:35.500000,100.35,100.375,100.32,100.33,nan,100.343,2484,4985045600.0,11086,100.35,23,100.345,25,nan,0,nan,0,nan,0,nan,0,nan,0,nan,0,nan,0,nan,0
1597988618097201920,1597988618000000000,2020-08-21 13:43:38.000000,100.35,100.375,100.32,100.33,nan,100.343,2484,4985045600.0,11086,100.35,24,100.345,25,nan,0,nan,0,nan,0,nan,0,nan,0,nan,0,nan,0,nan,0
1597988623539367936,1597988623500000000,2020-08-21 13:43:43.500000,100.35,100.375,100.32,100.33,nan,100.343,2485,4987052600.0,11087,100.35,23,100.345,25,nan,0,nan,0,nan,0,nan,0,nan,0,nan,0,nan,0,nan,0
1597988624036862976,1597988624000000000,2020-08-21 13:43:44.000000,100.35,100.375,100.32,100.33,nan,100.343,2485,4987052600.0,11087,100.35,23,100.345,25,nan,0,nan,0,nan,0,nan,0,nan,0,nan,0,nan,0,nan,0
1597988645540734976,1597988645500000000,2020-08-21 13:44:05.500000,100.35,100.375,100.32,100.33,nan,100.343,2485,4987052600.0,11087,100.35,53,100.345,25,nan,0,nan,0,nan,0,nan,0,nan,0,nan,0,nan,0,nan,0
1597988646041266944,1597988646000000000,2020-08-21 13:44:06.000000,100.35,100.375,100.32,100.33,nan,100.343,2485,4987052600.0,11087,100.35,63,100.345,25,nan,0,nan,0,nan,0,nan,0,nan,0,nan,0,nan,0,nan,0
1597988647043458048,1597988647000000000,2020-08-21 13:44:07.000000,100.35,100.375,100.32,100.33,nan,100.343,2485,4987052600.0,11087,100.35,93,100.345,25,nan,0,nan,0,nan,0,nan,0,nan,0,nan,0,nan,0,nan,0
1597988651547151872,1597988651500000000,2020-08-21 13:44:11.500000,100.35,100.375,100.32,100.33,nan,100.343,2485,4987052600.0,11087,100.35,23,100.345,25,nan,0,nan,0,nan,0,nan,0,nan,0,nan,0,nan,0,nan,0
1597988652042042880,1597988652000000000,2020-08-21 13:44:12.000000,100.35,100.375,100.32,100.33,nan,100.343,2485,4987052600.0,11087,100.35,13,100.345,25,nan,0,nan,0,nan,0,nan,0,nan,0,nan,0,nan,0,nan,0
1597988652546387968,1597988652500000000,2020-08-21 13:44:12.500000,100.35,100.375,100.32,100.33,nan,100.343,2485,4987052600.0,11087,100.35,13,100.345,25,nan,0,nan,0,nan,0,nan,0,nan,0,nan,0,nan,0,nan,0
1597988660563532032,1597988660500000000,2020-08-21 13:44:20.500000,100.35,100.375,100.32,100.33,nan,100.343,2485,4987052600.0,11087,100.35,13,100.345,25,nan,0,nan,0,nan,0,nan,0,nan,0,nan,0,nan,0,nan,0
1597988661078932992,1597988661000000000,2020-08-21 13:44:21.000000,100.35,100.375,100.32,100.33,nan,100.343,2485,4987052600.0,11087,100.35,13,100.345,25,nan,0,nan,0,nan,0,nan,0,nan,0,nan,0,nan,0,nan,0
1597988661567969024,1597988661500000000,2020-08-21 13:44:21.500000,100.35,100.375,100.32,100.33,nan,100.343,2485,4987052600.0,11087,100.35,13,100.345,25,nan,0,nan,0,nan,0,nan,0,nan,0,nan,0,nan,0,nan,0
1597988662062223104,1597988662000000000,2020-08-21 13:44:22.000000,100.35,100.375,100.32,100.33,nan,100.343,2485,4987052600.0,11087,100.35,12,100.345,25,nan,0,nan,0,nan,0,nan,0,nan,0,nan,0,nan,0,nan,0
1597988669556290048,1597988669500000000,2020-08-21 13:44:29.500000,100.35,100.375,100.32,100.33,nan,100.343,2486,4989059600.0,11088,100.35,11,100.345,25,nan,0,nan,0,nan,0,nan,0,nan,0,nan,0,nan,0,nan,0
1597988704081044992,1597988704000000000,2020-08-21 13:45:04.000000,100.35,100.375,100.32,100.33,nan,100.343,2486,4989059600.0,11088,100.35,11,100.345,25,nan,0,nan,0,nan,0,nan,0,nan,0,nan,0,nan,0,nan,0
1597988705106897920,1597988705000000000,2020-08-21 13:45:05.000000,100.35,100.375,100.32,100.33,nan,100.343,2487,4991066600.0,11088,100.35,10,100.345,29,nan,0,nan,0,nan,0,nan,0,nan,0,nan,0,nan,0,nan,0
1597988705582065920,1597988705500000000,2020-08-21 13:45:05.500000,100.35,100.375,100.32,100.33,nan,100.343,2497,5011136600.0,11098,100.355,65,100.35,4,nan,0,nan,0,nan,0,nan,0,nan,0,nan,0,nan,0,nan,0
1597988706103745024,1597988706000000000,2020-08-21 13:45:06.000000,100.35,100.375,100.32,100.33,nan,100.343,2497,5011136600.0,11098,100.355,34,100.35,6,nan,0,nan,0,nan,0,nan,0,nan,0,nan,0,nan,0,nan,0
1597988706583987968,1597988706500000000,2020-08-21 13:45:06.500000,100.35,100.375,100.32,100.33,nan,100.343,2498,5013143600.0,11099,100.355,23,100.35,5,nan,0,nan,0,nan,0,nan,0,nan,0,nan,0,nan,0,nan,0
1597988707078899968,1597988707000000000,2020-08-21 13:45:07.000000,100.35,100.375,100.32,100.33,nan,100.343,2498,5013143600.0,11099,100.355,23,100.35,5,nan,0,nan,0,nan,0,nan,0,nan,0,nan,0,nan,0,nan,0
1597988707581169920,1597988707500000000,2020-08-21 13:45:07.500000,100.35,100.375,100.32,100.33,nan,100.343,2498,5013143600.0,11099,100.355,12,100.35,6,nan,0,nan,0,nan,0,nan,0,nan,0,nan,0,nan,0,nan,0
1597988709114329088,1597988709000000000,2020-08-21 13:45:09.000000,100.35,100.375,100.32,100.33,nan,100.343,2498,5013143600.0,11099,100.355,13,100.35,6,nan,0,nan,0,nan,0,nan,0,nan,0,nan,0,nan,0,nan,0
1597988717104932096,1597988717000000000,2020-08-21 13:45:17.000000,100.35,100.375,100.32,100.33,nan,100.343,2505,5027192600.0,11102,100.355,13,100.345,86,nan,0,nan,0,nan,0,nan,0,nan,0,nan,0,nan,0,nan,0
1597988717593480960,1597988717500000000,2020-08-21 13:45:17.500000,100.35,100.375,100.32,100.33,nan,100.343,2505,5027192600.0,11102,100.355,13,100.35,1,nan,0,nan,0,nan,0,nan,0,nan,0,nan,0,nan,0,nan,0
1597988718105582080,1597988718000000000,2020-08-21 13:45:18.000000,100.35,100.375,100.32,100.33,nan,100.343,2506,5029199600.0,11101,100.35,1,100.345,85,nan,0,nan,0,nan,0,nan,0,nan,0,nan,0,nan,0,nan,0
1597988718585018880,1597988718500000000,2020-08-21 13:45:18.500000,100.35,100.375,100.32,100.33,nan,100.343,2506,5029199600.0,11101,100.35,2,100.345,44,nan,0,nan,0,nan,0,nan,0,nan,0,nan,0,nan,0,nan,0
1597988719086164992,1597988719000000000,2020-08-21 13:45:19.000000,100.35,100.375,100.32,100.33,nan,100.343,2506,5029199600.0,11101,100.35,2,100.345,24,nan,0,nan,0,nan,0,nan,0,nan,0,nan,0,nan,0,nan,0
1597988719585638912,1597988719500000000,2020-08-21 13:45:19.500000,100.35,100.375,100.32,100.33,nan,100.343,2506,5029199600.0,11101,100.35,3,100.345,24,nan,0,nan,0,nan,0,nan,0,nan,0,nan,0,nan,0,nan,0
1597988725090674944,1597988725000000000,2020-08-21 13:45:25.000000,100.35,100.375,100.32,100.33,nan,100.343,2509,5035220600.0,11100,100.355,65,100.35,8,nan,0,nan,0,nan,0,nan,0,nan,0,nan,0,nan,0,nan,0
1597988725595496960,1597988725500000000,2020-08-21 13:45:25.500000,100.35,100.375,100.32,100.33,nan,100.343,2518,5053283600.0,11100,100.355,33,100.35,1,nan,0,nan,0,nan,0,nan,0,nan,0,nan,0,nan,0,nan,0
1597988726107838976,1597988726000000000,2020-08-21 13:45:26.000000,100.35,100.375,100.32,100.33,nan,100.343,2519,5055290600.0,11099,100.35,1,100.345,76,nan,0,nan,0,nan,0,nan,0,nan,0,nan,0,nan,0,nan,0
1597988726595547904,1597988726500000000,2020-08-21 13:45:26.500000,100.35,100.375,100.32,100.33,nan,100.343,2519,5055290600.0,11099,100.35,1,100.345,35,nan,0,nan,0,nan,0,nan,0,nan,0,nan,0,nan,0,nan,0
1597988727118455040,1597988727000000000,2020-08-21 13:45:27.000000,100.35,100.375,100.32,100.33,nan,100.343,2519,5055290600.0,11099,100.35,1,100.345,25,nan,0,nan,0,nan,0,nan,0,nan,0,nan,0,nan,0,nan,0
1597988727588583936,1597988727500000000,2020-08-21 13:45:27.500000,100.35,100.375,100.32,100.33,nan,100.343,2519,5055290600.0,11099,100.35,2,100.345,24,nan,0,nan,0,nan,0,nan,0,nan,0,nan,0,nan,0,nan,0
1597988728095097088,1597988728000000000,2020-08-21 13:45:28.000000,100.35,100.375,100.32,100.33,nan,100.343,2525,5067332600.0,11095,100.35,7,100.345,24,nan,0,nan,0,nan,0,nan,0,nan,0,nan,0,nan,0,nan,0
1597988729588897024,1597988729500000000,2020-08-21 13:45:29.500000,100.35,100.375,100.32,100.33,nan,100.343,2525,5067332600.0,11095,100.35,13,100.345,24,nan,0,nan,0,nan,0,nan,0,nan,0,nan,0,nan,0,nan,0
1597988752110505984,1597988752000000000,2020-08-21 13:45:52.000000,100.35,100.375,100.32,100.33,nan,100.343,2525,5067332600.0,11095,100.35,43,100.345,24,nan,0,nan,0,nan,0,nan,0,nan,0,nan,0,nan,0,nan,0
1597988752626078976,1597988752500000000,2020-08-21 13:45:52.500000,100.35,100.375,100.32,100.33,nan,100.343,2525,5067332600.0,11095,100.35,53,100.345,24,nan,0,nan,0,nan,0,nan,0,nan,0,nan,0,nan,0,nan,0
1597988753612454912,1597988753500000000,2020-08-21 13:45:53.500000,100.35,100.375,100.32,100.33,nan,100.343,2525,5067332600.0,11095,100.35,83,100.345,24,nan,0,nan,0,nan,0,nan,0,nan,0,nan,0,nan,0,nan,0
1597988757161455104,1597988757000000000,2020-08-21 13:45:57.000000,100.35,100.375,100.32,100.33,nan,100.343,2525,5067332600.0,11095,100.35,23,100.345,24,nan,0,nan,0,nan,0,nan,0,nan,0,nan,0,nan,0,nan,0
1597988757616174080,1597988757500000000,2020-08-21 13:45:57.500000,100.35,100.375,100.32,100.33,nan,100.343,2525,5067332600.0,11095,100.35,13,100.345,24,nan,0,nan,0,nan,0,nan,0,nan,0,nan,0,nan,0,nan,0
1597988758111432960,1597988758000000000,2020-08-21 13:45:58.000000,100.35,100.375,100.32,100.33,nan,100.343,2525,5067332600.0,11095,100.35,13,100.345,24,nan,0,nan,0,nan,0,nan,0,nan,0,nan,0,nan,0,nan,0
1597988762618450944,1597988762500000000,2020-08-21 13:46:02.500000,100.35,100.375,100.32,100.33,nan,100.343,2525,5067332600.0,11095,100.35,13,100.345,29,nan,0,nan,0,nan,0,nan,0,nan,0,nan,0,nan,0,nan,0
1597988763120815104,1597988763000000000,2020-08-21 13:46:03.000000,100.35,100.375,100.32,100.33,nan,100.343,2526,5069339600.0,11095,100.35,12,100.345,29,nan,0,nan,0,nan,0,nan,0,nan,0,nan,0,nan,0,nan,0
1597988778669935104,1597988778500000000,2020-08-21 13:46:18.500000,100.35,100.375,100.32,100.33,nan,100.343,2526,5069339600.0,11095,100.35,12,100.345,29,nan,0,nan,0,nan,0,nan,0,nan,0,nan,0,nan,0,nan,0
1597988785023781888,1597988785000000000,2020-08-21 13:46:25.000000,100.35,100.375,100.32,100.33,nan,100.343,2526,5069339600.0,11095,100.35,12,100.345,29,nan,0,nan,0,nan,0,nan,0,nan,0,nan,0,nan,0,nan,0
1597988805035205888,1597988805000000000,2020-08-21 13:46:45.000000,100.35,100.375,100.32,100.33,nan,100.343,2526,5069339600.0,11095,100.35,12,100.345,29,nan,0,nan,0,nan,0,nan,0,nan,0,nan,0,nan,0,nan,0
1597988811540566016,1597988811500000000,2020-08-21 13:46:51.500000,100.35,100.375,100.32,100.33,nan,100.343,2527,5071346600.0,11095,100.35,41,100.345,29,nan,0,nan,0,nan,0,nan,0,nan,0,nan,0,nan,0,nan,0
1597988812038585088,1597988812000000000,2020-08-21 13:46:52.000000,100.35,100.375,100.32,100.33,nan,100.343,2527,5071346600.0,11095,100.35,51,100.345,29,nan,0,nan,0,nan,0,nan,0,nan,0,nan,0,nan,0,nan,0
1597988853584156928,1597988853500000000,2020-08-21 13:47:33.500000,100.35,100.375,100.32,100.33,nan,100.343,2527,5071346600.0,11095,100.35,52,100.345,29,nan,0,nan,0,nan,0,nan,0,nan,0,nan,0,nan,0,nan,0
1597988854086505984,1597988854000000000,2020-08-21 13:47:34.000000,100.35,100.375,100.32,100.33,nan,100.343,2527,5071346600.0,11095,100.35,42,100.345,29,nan,0,nan,0,nan,0,nan,0,nan,0,nan,0,nan,0,nan,0
1597988854582778112,1597988854500000000,2020-08-21 13:47:34.500000,100.35,100.375,100.32,100.33,nan,100.343,2527,5071346600.0,11095,100.35,42,100.345,29,nan,0,nan,0,nan,0,nan,0,nan,0,nan,0,nan,0,nan,0
1597988855082822912,1597988855000000000,2020-08-21 13:47:35.000000,100.345,100.375,100.32,100.33,nan,100.343,2529,5075360400.0,11093,100.35,42,100.345,27,nan,0,nan,0,nan,0,nan,0,nan,0,nan,0,nan,0,nan,0
1597988855577185024,1597988855500000000,2020-08-21 13:47:35.500000,100.345,100.375,100.32,100.33,nan,100.343,2529,5075360400.0,11093,100.35,44,100.345,25,nan,0,nan,0,nan,0,nan,0,nan,0,nan,0,nan,0,nan,0
1597988856079045888,1597988856000000000,2020-08-21 13:47:36.000000,100.345,100.375,100.32,100.33,nan,100.343,2529,5075360400.0,11093,100.35,45,100.345,25,nan,0,nan,0,nan,0,nan,0,nan,0,nan,0,nan,0,nan,0
1597988856585656064,1597988856500000000,2020-08-21 13:47:36.500000,100.345,100.375,100.32,100.33,nan,100.343,2529,5075360400.0,11093,100.35,55,100.345,25,nan,0,nan,0,nan,0,nan,0,nan,0,nan,0,nan,0,nan,0
1597988857074618880,1597988857000000000,2020-08-21 13:47:37.000000,100.345,100.375,100.32,100.33,nan,100.343,2529,5075360400.0,11093,100.35,55,100.345,25,nan,0,nan,0,nan,0,nan,0,nan,0,nan,0,nan,0,nan,0
1597988857566259968,1597988857500000000,2020-08-21 13:47:37.500000,100.35,100.375,100.32,100.33,nan,100.343,2530,5077367400.0,11093,100.35,54,100.345,25,nan,0,nan,0,nan,0,nan,0,nan,0,nan,0,nan,0,nan,0
1597988858082085888,1597988858000000000,2020-08-21 13:47:38.000000,100.35,100.375,100.32,100.33,nan,100.343,2530,5077367400.0,11093,100.35,42,100.345,27,nan,0,nan,0,nan,0,nan,0,nan,0,nan,0,nan,0,nan,0
1597988858562765056,1597988858500000000,2020-08-21 13:47:38.500000,100.35,100.375,100.32,100.33,nan,100.343,2530,5077367400.0,11093,100.35,42,100.345,28,nan,0,nan,0,nan,0,nan,0,nan,0,nan,0,nan,0,nan,0
1597988859082870016,1597988859000000000,2020-08-21 13:47:39.000000,100.35,100.375,100.32,100.33,nan,100.343,2530,5077367400.0,11093,100.35,42,100.345,28,nan,0,nan,0,nan,0,nan,0,nan,0,nan,0,nan,0,nan,0
1597988859564785920,1597988859500000000,2020-08-21 13:47:39.500000,100.35,100.375,100.32,100.33,nan,100.343,2530,5077367400.0,11093,100.35,42,100.345,28,nan,0,nan,0,nan,0,nan,0,nan,0,nan,0,nan,0,nan,0
1597988860065547008,1597988860000000000,2020-08-21 13:47:40.000000,100.35,100.375,100.32,100.33,nan,100.343,2530,5077367400.0,11093,100.35,42,100.345,28,nan,0,nan,0,nan,0,nan,0,nan,0,nan,0,nan,0,nan,0
1597988860574363904,1597988860500000000,2020-08-21 13:47:40.500000,100.35,100.375,100.32,100.33,nan,100.343,2530,5077367400.0,11093,100.35,42,100.345,28,nan,0,nan,0,nan,0,nan,0,nan,0,nan,0,nan,0,nan,0
1597988861109560064,1597988861000000000,2020-08-21 13:47:41.000000,100.35,100.375,100.32,100.33,nan,100.343,2530,5077367400.0,11093,100.35,42,100.345,28,nan,0,nan,0,nan,0,nan,0,nan,0,nan,0,nan,0,nan,0
1597988861685927936,1597988861500000000,2020-08-21 13:47:41.500000,100.35,100.375,100.32,100.33,nan,100.343,2530,5077367400.0,11093,100.35,42,100.345,28,nan,0,nan,0,nan,0,nan,0,nan,0,nan,0,nan,0,nan,0
1597988862082174976,1597988862000000000,2020-08-21 13:47:42.000000,100.35,100.375,100.32,100.33,nan,100.343,2530,5077367400.0,11093,100.35,42,100.345,28,nan,0,nan,0,nan,0,nan,0,nan,0,nan,0,nan,0,nan,0
1597988862582179072,1597988862500000000,2020-08-21 13:47:42.500000,100.35,100.375,100.32,100.33,nan,100.343,2530,5077367400.0,11093,100.35,42,100.345,28,nan,0,nan,0,nan,0,nan,0,nan,0,nan,0,nan,0,nan,0
1597988863066876928,1597988863000000000,2020-08-21 13:47:43.000000,100.35,100.375,100.32,100.33,nan,100.343,2530,5077367400.0,11093,100.35,42,100.345,28,nan,0,nan,0,nan,0,nan,0,nan,0,nan,0,nan,0,nan,0
1597988863569609984,1597988863500000000,2020-08-21 13:47:43.500000,100.35,100.375,100.32,100.33,nan,100.343,2530,5077367400.0,11093,100.35,42,100.345,28,nan,0,nan,0,nan,0,nan,0,nan,0,nan,0,nan,0,nan,0
1597988864568499968,1597988864500000000,2020-08-21 13:47:44.500000,100.35,100.375,100.32,100.33,nan,100.343,2561,5139584400.0,11099,100.35,12,100.345,28,nan,0,nan,0,nan,0,nan,0,nan,0,nan,0,nan,0,nan,0
1597988865096562944,1597988865000000000,2020-08-21 13:47:45.000000,100.35,100.375,100.32,100.33,nan,100.343,2562,5141591400.0,11099,100.35,12,100.345,28,nan,0,nan,0,nan,0,nan,0,nan,0,nan,0,nan,0,nan,0
1597988869090030080,1597988869000000000,2020-08-21 13:47:49.000000,100.35,100.375,100.32,100.33,nan,100.343,2562,5141591400.0,11099,100.35,12,100.345,28,nan,0,nan,0,nan,0,nan,0,nan,0,nan,0,nan,0,nan,0
1597988872067753984,1597988872000000000,2020-08-21 13:47:52.000000,100.35,100.375,100.32,100.33,nan,100.343,2562,5141591400.0,11099,100.35,12,100.345,28,nan,0,nan,0,nan,0,nan,0,nan,0,nan,0,nan,0,nan,0
1597988876576680960,1597988876500000000,2020-08-21 13:47:56.500000,100.35,100.375,100.32,100.33,nan,100.343,2562,5141591400.0,11099,100.35,12,100.345,28,nan,0,nan,0,nan,0,nan,0,nan,0,nan,0,nan,0,nan,0
1597988877085427968,1597988877000000000,2020-08-21 13:47:57.000000,100.35,100.375,100.32,100.33,nan,100.343,2562,5141591400.0,11099,100.35,11,100.345,28,nan,0,nan,0,nan,0,nan,0,nan,0,nan,0,nan,0,nan,0
1597988878572125952,1597988878500000000,2020-08-21 13:47:58.500000,100.35,100.375,100.32,100.33,nan,100.343,2562,5141591400.0,11099,100.35,11,100.345,28,nan,0,nan,0,nan,0,nan,0,nan,0,nan,0,nan,0,nan,0
1597988879082252032,1597988879000000000,2020-08-21 13:47:59.000000,100.35,100.375,100.32,100.33,nan,100.343,2562,5141591400.0,11099,100.35,11,100.345,28,nan,0,nan,0,nan,0,nan,0,nan,0,nan,0,nan,0,nan,0
1597988883578184960,1597988883500000000,2020-08-21 13:48:03.500000,100.35,100.375,100.32,100.33,nan,100.343,2562,5141591400.0,11099,100.35,11,100.345,28,nan,0,nan,0,nan,0,nan,0,nan,0,nan,0,nan,0,nan,0
1597988884584065024,1597988884500000000,2020-08-21 13:48:04.500000,100.35,100.375,100.32,100.33,nan,100.343,2562,5141591400.0,11099,100.35,11,100.345,28,nan,0,nan,0,nan,0,nan,0,nan,0,nan,0,nan,0,nan,0
1597988886104545024,1597988886000000000,2020-08-21 13:48:06.000000,100.35,100.375,100.32,100.33,nan,100.343,2562,5141591400.0,11099,100.35,11,100.345,28,nan,0,nan,0,nan,0,nan,0,nan,0,nan,0,nan,0,nan,0
1597988888583549952,1597988888500000000,2020-08-21 13:48:08.500000,100.35,100.375,100.32,100.33,nan,100.343,2562,5141591400.0,11099,100.35,41,100.345,28,nan,0,nan,0,nan,0,nan,0,nan,0,nan,0,nan,0,nan,0
1597988889088911104,1597988889000000000,2020-08-21 13:48:09.000000,100.35,100.375,100.32,100.33,nan,100.343,2562,5141591400.0,11099,100.35,81,100.345,28,nan,0,nan,0,nan,0,nan,0,nan,0,nan,0,nan,0,nan,0
1597988905091488000,1597988905000000000,2020-08-21 13:48:25.000000,100.35,100.375,100.32,100.33,nan,100.343,2563,5143598400.0,11099,100.35,80,100.345,28,nan,0,nan,0,nan,0,nan,0,nan,0,nan,0,nan,0,nan,0
1597988905629555968,1597988905500000000,2020-08-21 13:48:25.500000,100.35,100.375,100.32,100.33,nan,100.343,2563,5143598400.0,11099,100.35,80,100.345,28,nan,0,nan,0,nan,0,nan,0,nan,0,nan,0,nan,0,nan,0
1597988906110787072,1597988906000000000,2020-08-21 13:48:26.000000,100.35,100.375,100.32,100.33,nan,100.343,2563,5143598400.0,11099,100.35,20,100.345,28,nan,0,nan,0,nan,0,nan,0,nan,0,nan,0,nan,0,nan,0
1597988906592716032,1597988906500000000,2020-08-21 13:48:26.500000,100.35,100.375,100.32,100.33,nan,100.343,2563,5143598400.0,11099,100.35,10,100.345,28,nan,0,nan,0,nan,0,nan,0,nan,0,nan,0,nan,0,nan,0
1597988907105415936,1597988907000000000,2020-08-21 13:48:27.000000,100.35,100.375,100.32,100.33,nan,100.343,2563,5143598400.0,11099,100.35,10,100.345,28,nan,0,nan,0,nan,0,nan,0,nan,0,nan,0,nan,0,nan,0
1597988914082831104,1597988914000000000,2020-08-21 13:48:34.000000,100.35,100.375,100.32,100.33,nan,100.343,2563,5143598400.0,11099,100.35,10,100.345,28,nan,0,nan,0,nan,0,nan,0,nan,0,nan,0,nan,0,nan,0
1597988914583298048,1597988914500000000,2020-08-21 13:48:34.500000,100.35,100.375,100.32,100.33,nan,100.343,2563,5143598400.0,11099,100.35,10,100.345,28,nan,0,nan,0,nan,0,nan,0,nan,0,nan,0,nan,0,nan,0
1597988916105489920,1597988916000000000,2020-08-21 13:48:36.000000,100.35,100.375,100.32,100.33,nan,100.343,2563,5143598400.0,11099,100.35,10,100.345,28,nan,0,nan,0,nan,0,nan,0,nan,0,nan,0,nan,0,nan,0
1597988921114841088,1597988921000000000,2020-08-21 13:48:41.000000,100.35,100.375,100.32,100.33,nan,100.343,2574,5165675400.0,11102,100.35,1,100.345,28,nan,0,nan,0,nan,0,nan,0,nan,0,nan,0,nan,0,nan,0
1597988922112393984,1597988922000000000,2020-08-21 13:48:42.000000,100.35,100.375,100.32,100.33,nan,100.343,2574,5165675400.0,11102,100.35,2,100.345,28,nan,0,nan,0,nan,0,nan,0,nan,0,nan,0,nan,0,nan,0
1597988923092423936,1597988923000000000,2020-08-21 13:48:43.000000,100.35,100.375,100.32,100.33,nan,100.343,2574,5165675400.0,11102,100.35,3,100.345,28,nan,0,nan,0,nan,0,nan,0,nan,0,nan,0,nan,0,nan,0
1597988923600289024,1597988923500000000,2020-08-21 13:48:43.500000,100.35,100.375,100.32,100.33,nan,100.343,2574,5165675400.0,11102,100.35,13,100.345,28,nan,0,nan,0,nan,0,nan,0,nan,0,nan,0,nan,0,nan,0
1597988936588201984,1597988936500000000,2020-08-21 13:48:56.500000,100.35,100.375,100.32,100.33,nan,100.343,2574,5165675400.0,11102,100.35,3,100.345,28,nan,0,nan,0,nan,0,nan,0,nan,0,nan,0,nan,0,nan,0
1597988941125360128,1597988941000000000,2020-08-21 13:49:01.000000,100.35,100.375,100.32,100.33,nan,100.343,2574,5165675400.0,11102,100.35,33,100.345,28,nan,0,nan,0,nan,0,nan,0,nan,0,nan,0,nan,0,nan,0
1597988941617954048,1597988941500000000,2020-08-21 13:49:01.500000,100.35,100.375,100.32,100.33,nan,100.343,2574,5165675400.0,11102,100.35,33,100.345,28,nan,0,nan,0,nan,0,nan,0,nan,0,nan,0,nan,0,nan,0
1597988943605754880,1597988943500000000,2020-08-21 13:49:03.500000,100.35,100.375,100.32,100.33,nan,100.343,2574,5165675400.0,11102,100.35,32,100.345,28,nan,0,nan,0,nan,0,nan,0,nan,0,nan,0,nan,0,nan,0
1597988950595761920,1597988950500000000,2020-08-21 13:49:10.500000,100.35,100.375,100.32,100.33,nan,100.343,2574,5165675400.0,11102,100.35,42,100.345,28,nan,0,nan,0,nan,0,nan,0,nan,0,nan,0,nan,0,nan,0
1597988951101982976,1597988951000000000,2020-08-21 13:49:11.000000,100.35,100.375,100.32,100.33,nan,100.343,2605,5227892400.0,11103,100.35,23,100.345,28,nan,0,nan,0,nan,0,nan,0,nan,0,nan,0,nan,0,nan,0
1597988951594179072,1597988951500000000,2020-08-21 13:49:11.500000,100.35,100.375,100.32,100.33,nan,100.343,2607,5231906400.0,11102,100.35,11,100.345,28,nan,0,nan,0,nan,0,nan,0,nan,0,nan,0,nan,0,nan,0
1597988952108278016,1597988952000000000,2020-08-21 13:49:12.000000,100.35,100.375,100.32,100.33,nan,100.343,2607,5231906400.0,11102,100.35,11,100.345,28,nan,0,nan,0,nan,0,nan,0,nan,0,nan,0,nan,0,nan,0
1597988953098321920,1597988953000000000,2020-08-21 13:49:13.000000,100.35,100.375,100.32,100.33,nan,100.343,2608,5233913400.0,11103,100.35,10,100.345,28,nan,0,nan,0,nan,0,nan,0,nan,0,nan,0,nan,0,nan,0
1597988953602595072,1597988953500000000,2020-08-21 13:49:13.500000,100.35,100.375,100.32,100.33,nan,100.343,2608,5233913400.0,11103,100.35,11,100.345,27,nan,0,nan,0,nan,0,nan,0,nan,0,nan,0,nan,0,nan,0
1597988954122520064,1597988954000000000,2020-08-21 13:49:14.000000,100.35,100.375,100.32,100.33,nan,100.343,2608,5233913400.0,11103,100.35,11,100.345,27,nan,0,nan,0,nan,0,nan,0,nan,0,nan,0,nan,0,nan,0
1597988954619308032,1597988954500000000,2020-08-21 13:49:14.500000,100.35,100.375,100.32,100.33,nan,100.343,2608,5233913400.0,11103,100.35,10,100.345,27,nan,0,nan,0,nan,0,nan,0,nan,0,nan,0,nan,0,nan,0
1597988955115388928,1597988955000000000,2020-08-21 13:49:15.000000,100.35,100.375,100.32,100.33,nan,100.343,2608,5233913400.0,11103,100.35,15,100.345,27,nan,0,nan,0,nan,0,nan,0,nan,0,nan,0,nan,0,nan,0
1597988967609644032,1597988967500000000,2020-08-21 13:49:27.500000,100.35,100.375,100.32,100.33,nan,100.343,2608,5233913400.0,11103,100.35,15,100.345,27,nan,0,nan,0,nan,0,nan,0,nan,0,nan,0,nan,0,nan,0
1597988999145902080,1597988999000000000,2020-08-21 13:49:59.000000,100.35,100.375,100.32,100.33,nan,100.343,2609,5235920400.0,11104,100.35,14,100.345,27,nan,0,nan,0,nan,0,nan,0,nan,0,nan,0,nan,0,nan,0
1597988999639271936,1597988999500000000,2020-08-21 13:49:59.500000,100.35,100.375,100.32,100.33,nan,100.343,2609,5235920400.0,11104,100.35,14,100.345,27,nan,0,nan,0,nan,0,nan,0,nan,0,nan,0,nan,0,nan,0
1597989002156549120,1597989002000000000,2020-08-21 13:50:02.000000,100.35,100.375,100.32,100.33,nan,100.343,2609,5235920400.0,11104,100.35,14,100.345,27,nan,0,nan,0,nan,0,nan,0,nan,0,nan,0,nan,0,nan,0
1597989002651292928,1597989002500000000,2020-08-21 13:50:02.500000,100.35,100.375,100.32,100.33,nan,100.343,2609,5235920400.0,11104,100.35,14,100.345,27,nan,0,nan,0,nan,0,nan,0,nan,0,nan,0,nan,0,nan,0
1597989003194766080,1597989003000000000,2020-08-21 13:50:03.000000,100.35,100.375,100.32,100.33,nan,100.343,2609,5235920400.0,11104,100.35,14,100.345,27,nan,0,nan,0,nan,0,nan,0,nan,0,nan,0,nan,0,nan,0
1597989008026137088,1597989008000000000,2020-08-21 13:50:08.000000,100.35,100.375,100.32,100.33,nan,100.343,2609,5235920400.0,11104,100.35,14,100.345,27,nan,0,nan,0,nan,0,nan,0,nan,0,nan,0,nan,0,nan,0
1597989009035206912,1597989009000000000,2020-08-21 13:50:09.000000,100.35,100.375,100.32,100.33,nan,100.343,2609,5235920400.0,11104,100.35,14,100.345,27,nan,0,nan,0,nan,0,nan,0,nan,0,nan,0,nan,0,nan,0
1597989009557139968,1597989009500000000,2020-08-21 13:50:09.500000,100.35,100.375,100.32,100.33,nan,100.343,2609,5235920400.0,11104,100.35,15,100.345,27,nan,0,nan,0,nan,0,nan,0,nan,0,nan,0,nan,0,nan,0
1597989010034501888,1597989010000000000,2020-08-21 13:50:10.000000,100.35,100.375,100.32,100.33,nan,100.343,2609,5235920400.0,11104,100.35,15,100.345,27,nan,0,nan,0,nan,0,nan,0,nan,0,nan,0,nan,0,nan,0
1597989011540357120,1597989011500000000,2020-08-21 13:50:11.500000,100.35,100.375,100.32,100.33,nan,100.343,2609,5235920400.0,11104,100.35,15,100.345,27,nan,0,nan,0,nan,0,nan,0,nan,0,nan,0,nan,0,nan,0
1597989039554916096,1597989039500000000,2020-08-21 13:50:39.500000,100.35,100.375,100.32,100.33,nan,100.343,2609,5235920400.0,11104,100.35,45,100.345,27,nan,0,nan,0,nan,0,nan,0,nan,0,nan,0,nan,0,nan,0
1597989040050501120,1597989040000000000,2020-08-21 13:50:40.000000,100.35,100.375,100.32,100.33,nan,100.343,2609,5235920400.0,11104,100.35,55,100.345,27,nan,0,nan,0,nan,0,nan,0,nan,0,nan,0,nan,0,nan,0
1597989041048281088,1597989041000000000,2020-08-21 13:50:41.000000,100.35,100.375,100.32,100.33,nan,100.343,2609,5235920400.0,11104,100.35,85,100.345,27,nan,0,nan,0,nan,0,nan,0,nan,0,nan,0,nan,0,nan,0
1597989047561652992,1597989047500000000,2020-08-21 13:50:47.500000,100.35,100.375,100.32,100.33,nan,100.343,2610,5237927400.0,11105,100.35,84,100.345,27,nan,0,nan,0,nan,0,nan,0,nan,0,nan,0,nan,0,nan,0
1597989048076574976,1597989048000000000,2020-08-21 13:50:48.000000,100.35,100.375,100.32,100.33,nan,100.343,2610,5237927400.0,11105,100.35,24,100.345,27,nan,0,nan,0,nan,0,nan,0,nan,0,nan,0,nan,0,nan,0
1597989048551249920,1597989048500000000,2020-08-21 13:50:48.500000,100.35,100.375,100.32,100.33,nan,100.343,2610,5237927400.0,11105,100.35,14,100.345,27,nan,0,nan,0,nan,0,nan,0,nan,0,nan,0,nan,0,nan,0
1597989049058670080,1597989049000000000,2020-08-21 13:50:49.000000,100.35,100.375,100.32,100.33,nan,100.343,2610,5237927400.0,11105,100.35,14,100.345,27,nan,0,nan,0,nan,0,nan,0,nan,0,nan,0,nan,0,nan,0
1597989050083386112,1597989050000000000,2020-08-21 13:50:50.000000,100.35,100.375,100.32,100.33,nan,100.343,2610,5237927400.0,11105,100.35,14,100.345,27,nan,0,nan,0,nan,0,nan,0,nan,0,nan,0,nan,0,nan,0
1597989050563314944,1597989050500000000,2020-08-21 13:50:50.500000,100.35,100.375,100.32,100.33,nan,100.343,2610,5237927400.0,11105,100.35,14,100.345,27,nan,0,nan,0,nan,0,nan,0,nan,0,nan,0,nan,0,nan,0
1597989059057379072,1597989059000000000,2020-08-21 13:50:59.000000,100.35,100.375,100.32,100.33,nan,100.343,2623,5264018400.0,11118,100.355,64,100.35,1,nan,0,nan,0,nan,0,nan,0,nan,0,nan,0,nan,0,nan,0
1597989059574099968,1597989059500000000,2020-08-21 13:50:59.500000,100.35,100.375,100.32,100.33,nan,100.343,2623,5264018400.0,11118,100.355,32,100.35,4,nan,0,nan,0,nan,0,nan,0,nan,0,nan,0,nan,0,nan,0
1597989060055636992,1597989060000000000,2020-08-21 13:51:00.000000,100.35,100.375,100.32,100.33,nan,100.343,2623,5264018400.0,11118,100.355,23,100.35,9,nan,0,nan,0,nan,0,nan,0,nan,0,nan,0,nan,0,nan,0
1597989060573912064,1597989060500000000,2020-08-21 13:51:00.500000,100.35,100.375,100.32,100.33,nan,100.343,2623,5264018400.0,11118,100.355,23,100.35,9,nan,0,nan,0,nan,0,nan,0,nan,0,nan,0,nan,0,nan,0
1597989061563723008,1597989061500000000,2020-08-21 13:51:01.500000,100.35,100.375,100.32,100.33,nan,100.343,2623,5264018400.0,11118,100.355,13,100.35,9,nan,0,nan,0,nan,0,nan,0,nan,0,nan,0,nan,0,nan,0
1597989062100762112,1597989062000000000,2020-08-21 13:51:02.000000,100.35,100.375,100.32,100.33,nan,100.343,2623,5264018400.0,11118,100.355,12,100.35,9,nan,0,nan,0,nan,0,nan,0,nan,0,nan,0,nan,0,nan,0
1597989072590210048,1597989072500000000,2020-08-21 13:51:12.500000,100.35,100.375,100.32,100.33,nan,100.343,2623,5264018400.0,11118,100.355,12,100.35,19,nan,0,nan,0,nan,0,nan,0,nan,0,nan,0,nan,0,nan,0
1597989074573462016,1597989074500000000,2020-08-21 13:51:14.500000,100.35,100.375,100.32,100.33,nan,100.343,2623,5264018400.0,11118,100.355,12,100.35,19,nan,0,nan,0,nan,0,nan,0,nan,0,nan,0,nan,0,nan,0
1597989075608731904,1597989075500000000,2020-08-21 13:51:15.500000,100.35,100.375,100.32,100.33,nan,100.343,2623,5264018400.0,11118,100.355,12,100.35,19,nan,0,nan,0,nan,0,nan,0,nan,0,nan,0,nan,0,nan,0
1597989093081627904,1597989093000000000,2020-08-21 13:51:33.000000,100.355,100.375,100.32,100.33,nan,100.343,2624,5266025500.0,11118,100.355,11,100.35,19,nan,0,nan,0,nan,0,nan,0,nan,0,nan,0,nan,0,nan,0
1597989093585851904,1597989093500000000,2020-08-21 13:51:33.500000,100.355,100.375,100.32,100.33,nan,100.343,2624,5266025500.0,11118,100.355,9,100.35,23,nan,0,nan,0,nan,0,nan,0,nan,0,nan,0,nan,0,nan,0
1597989094078137088,1597989094000000000,2020-08-21 13:51:34.000000,100.355,100.375,100.32,100.33,nan,100.343,2624,5266025500.0,11118,100.355,9,100.35,23,nan,0,nan,0,nan,0,nan,0,nan,0,nan,0,nan,0,nan,0
1597989094590127104,1597989094500000000,2020-08-21 13:51:34.500000,100.355,100.375,100.32,100.33,nan,100.343,2624,5266025500.0,11118,100.355,9,100.35,23,nan,0,nan,0,nan,0,nan,0,nan,0,nan,0,nan,0,nan,0
1597989095083243008,1597989095000000000,2020-08-21 13:51:35.000000,100.355,100.375,100.32,100.33,nan,100.343,2624,5266025500.0,11118,100.355,9,100.35,23,nan,0,nan,0,nan,0,nan,0,nan,0,nan,0,nan,0,nan,0
1597989095589501952,1597989095500000000,2020-08-21 13:51:35.500000,100.355,100.375,100.32,100.33,nan,100.343,2624,5266025500.0,11118,100.355,9,100.35,23,nan,0,nan,0,nan,0,nan,0,nan,0,nan,0,nan,0,nan,0
1597989096112314112,1597989096000000000,2020-08-21 13:51:36.000000,100.355,100.375,100.32,100.33,nan,100.343,2624,5266025500.0,11118,100.355,9,100.35,23,nan,0,nan,0,nan,0,nan,0,nan,0,nan,0,nan,0,nan,0
1597989096585584128,1597989096500000000,2020-08-21 13:51:36.500000,100.355,100.375,100.32,100.33,nan,100.343,2624,5266025500.0,11118,100.355,9,100.35,23,nan,0,nan,0,nan,0,nan,0,nan,0,nan,0,nan,0,nan,0
1597989097074934016,1597989097000000000,2020-08-21 13:51:37.000000,100.355,100.375,100.32,100.33,nan,100.343,2624,5266025500.0,11118,100.355,9,100.35,23,nan,0,nan,0,nan,0,nan,0,nan,0,nan,0,nan,0,nan,0
1597989097578232064,1597989097500000000,2020-08-21 13:51:37.500000,100.355,100.375,100.32,100.33,nan,100.343,2624,5266025500.0,11118,100.355,9,100.35,23,nan,0,nan,0,nan,0,nan,0,nan,0,nan,0,nan,0,nan,0
1597989098072516096,1597989098000000000,2020-08-21 13:51:38.000000,100.355,100.375,100.32,100.33,nan,100.343,2624,5266025500.0,11118,100.355,9,100.35,23,nan,0,nan,0,nan,0,nan,0,nan,0,nan,0,nan,0,nan,0
1597989098592823040,1597989098500000000,2020-08-21 13:51:38.500000,100.355,100.375,100.32,100.33,nan,100.343,2624,5266025500.0,11118,100.355,9,100.35,23,nan,0,nan,0,nan,0,nan,0,nan,0,nan,0,nan,0,nan,0
1597989099089677056,1597989099000000000,2020-08-21 13:51:39.000000,100.355,100.375,100.32,100.33,nan,100.343,2624,5266025500.0,11118,100.355,9,100.35,23,nan,0,nan,0,nan,0,nan,0,nan,0,nan,0,nan,0,nan,0
1597989100079123968,1597989100000000000,2020-08-21 13:51:40.000000,100.355,100.375,100.32,100.33,nan,100.343,2624,5266025500.0,11118,100.355,19,100.35,23,nan,0,nan,0,nan,0,nan,0,nan,0,nan,0,nan,0,nan,0
1597989105604609024,1597989105500000000,2020-08-21 13:51:45.500000,100.355,100.375,100.32,100.33,nan,100.343,2624,5266025500.0,11118,100.355,19,100.35,23,nan,0,nan,0,nan,0,nan,0,nan,0,nan,0,nan,0,nan,0
1597989126610974976,1597989126500000000,2020-08-21 13:52:06.500000,100.355,100.375,100.32,100.33,nan,100.343,2624,5266025500.0,11118,100.355,20,100.35,23,nan,0,nan,0,nan,0,nan,0,nan,0,nan,0,nan,0,nan,0
1597989127089853952,1597989127000000000,2020-08-21 13:52:07.000000,100.355,100.375,100.32,100.33,nan,100.343,2624,5266025500.0,11118,100.355,19,100.35,23,nan,0,nan,0,nan,0,nan,0,nan,0,nan,0,nan,0,nan,0
1597989127589682944,1597989127500000000,2020-08-21 13:52:07.500000,100.355,100.375,100.32,100.33,nan,100.343,2624,5266025500.0,11118,100.355,19,100.35,23,nan,0,nan,0,nan,0,nan,0,nan,0,nan,0,nan,0,nan,0
1597989129116756992,1597989129000000000,2020-08-21 13:52:09.000000,100.355,100.375,100.32,100.33,nan,100.343,2624,5266025500.0,11118,100.355,19,100.35,23,nan,0,nan,0,nan,0,nan,0,nan,0,nan,0,nan,0,nan,0
1597989130101270016,1597989130000000000,2020-08-21 13:52:10.000000,100.355,100.375,100.32,100.33,nan,100.343,2624,5266025500.0,11118,100.355,19,100.35,23,nan,0,nan,0,nan,0,nan,0,nan,0,nan,0,nan,0,nan,0
1597989132134486016,1597989132000000000,2020-08-21 13:52:12.000000,100.355,100.375,100.32,100.33,nan,100.343,2624,5266025500.0,11118,100.355,19,100.35,23,nan,0,nan,0,nan,0,nan,0,nan,0,nan,0,nan,0,nan,0
1597989132594989056,1597989132500000000,2020-08-21 13:52:12.500000,100.355,100.375,100.32,100.33,nan,100.343,2624,5266025500.0,11118,100.355,19,100.35,23,nan,0,nan,0,nan,0,nan,0,nan,0,nan,0,nan,0,nan,0
1597989133091649024,1597989133000000000,2020-08-21 13:52:13.000000,100.355,100.375,100.32,100.33,nan,100.343,2624,5266025500.0,11118,100.355,19,100.35,23,nan,0,nan,0,nan,0,nan,0,nan,0,nan,0,nan,0,nan,0
1597989141108748032,1597989141000000000,2020-08-21 13:52:21.000000,100.355,100.375,100.32,100.33,nan,100.343,2625,5268032600.0,11119,100.355,18,100.35,23,nan,0,nan,0,nan,0,nan,0,nan,0,nan,0,nan,0,nan,0
1597989141605139968,1597989141500000000,2020-08-21 13:52:21.500000,100.355,100.375,100.32,100.33,nan,100.343,2625,5268032600.0,11119,100.355,18,100.35,24,nan,0,nan,0,nan,0,nan,0,nan,0,nan,0,nan,0,nan,0
1597989153629772032,1597989153500000000,2020-08-21 13:52:33.500000,100.355,100.375,100.32,100.33,nan,100.343,2625,5268032600.0,11119,100.355,18,100.35,27,nan,0,nan,0,nan,0,nan,0,nan,0,nan,0,nan,0,nan,0
1597989189533318912,1597989189500000000,2020-08-21 13:53:09.500000,100.355,100.375,100.32,100.33,nan,100.343,2626,5270039700.0,11120,100.355,17,100.35,27,nan,0,nan,0,nan,0,nan,0,nan,0,nan,0,nan,0,nan,0
1597989235545591040,1597989235500000000,2020-08-21 13:53:55.500000,100.355,100.375,100.32,100.33,nan,100.343,2627,5272046800.0,11121,100.355,16,100.35,27,nan,0,nan,0,nan,0,nan,0,nan,0,nan,0,nan,0,nan,0
1597989242554551040,1597989242500000000,2020-08-21 13:54:02.500000,100.355,100.375,100.32,100.33,nan,100.343,2627,5272046800.0,11121,100.355,18,100.35,27,nan,0,nan,0,nan,0,nan,0,nan,0,nan,0,nan,0,nan,0
1597989243057498112,1597989243000000000,2020-08-21 13:54:03.000000,100.35,100.375,100.32,100.33,nan,100.343,2629,5276060800.0,11120,100.355,18,100.35,26,nan,0,nan,0,nan,0,nan,0,nan,0,nan,0,nan,0,nan,0
1597989243557998080,1597989243500000000,2020-08-21 13:54:03.500000,100.35,100.375,100.32,100.33,nan,100.343,2629,5276060800.0,11120,100.355,20,100.35,23,nan,0,nan,0,nan,0,nan,0,nan,0,nan,0,nan,0,nan,0
1597989244055796992,1597989244000000000,2020-08-21 13:54:04.000000,100.35,100.375,100.32,100.33,nan,100.343,2629,5276060800.0,11120,100.355,21,100.35,23,nan,0,nan,0,nan,0,nan,0,nan,0,nan,0,nan,0,nan,0
1597989244559283968,1597989244500000000,2020-08-21 13:54:04.500000,100.35,100.375,100.32,100.33,nan,100.343,2629,5276060800.0,11120,100.355,21,100.35,23,nan,0,nan,0,nan,0,nan,0,nan,0,nan,0,nan,0,nan,0
1597989245099214080,1597989245000000000,2020-08-21 13:54:05.000000,100.35,100.375,100.32,100.33,nan,100.343,2629,5276060800.0,11120,100.355,21,100.35,23,nan,0,nan,0,nan,0,nan,0,nan,0,nan,0,nan,0,nan,0
1597989245573907968,1597989245500000000,2020-08-21 13:54:05.500000,100.35,100.375,100.32,100.33,nan,100.343,2629,5276060800.0,11120,100.355,21,100.35,23,nan,0,nan,0,nan,0,nan,0,nan,0,nan,0,nan,0,nan,0
1597989246088665088,1597989246000000000,2020-08-21 13:54:06.000000,100.35,100.375,100.32,100.33,nan,100.343,2629,5276060800.0,11120,100.355,21,100.35,23,nan,0,nan,0,nan,0,nan,0,nan,0,nan,0,nan,0,nan,0
1597989250069520896,1597989250000000000,2020-08-21 13:54:10.000000,100.35,100.375,100.32,100.33,nan,100.343,2629,5276060800.0,11120,100.355,21,100.35,23,nan,0,nan,0,nan,0,nan,0,nan,0,nan,0,nan,0,nan,0
1597989251083407104,1597989251000000000,2020-08-21 13:54:11.000000,100.35,100.375,100.32,100.33,nan,100.343,2629,5276060800.0,11120,100.355,21,100.35,23,nan,0,nan,0,nan,0,nan,0,nan,0,nan,0,nan,0,nan,0
1597989253080506880,1597989253000000000,2020-08-21 13:54:13.000000,100.35,100.375,100.32,100.33,nan,100.343,2629,5276060800.0,11120,100.355,51,100.35,23,nan,0,nan,0,nan,0,nan,0,nan,0,nan,0,nan,0,nan,0
1597989253586834944,1597989253500000000,2020-08-21 13:54:13.500000,100.35,100.375,100.32,100.33,nan,100.343,2629,5276060800.0,11120,100.355,61,100.35,23,nan,0,nan,0,nan,0,nan,0,nan,0,nan,0,nan,0,nan,0
1597989255103271936,1597989255000000000,2020-08-21 13:54:15.000000,100.35,100.375,100.32,100.33,nan,100.343,2629,5276060800.0,11120,100.355,59,100.35,23,nan,0,nan,0,nan,0,nan,0,nan,0,nan,0,nan,0,nan,0
1597989255568922112,1597989255500000000,2020-08-21 13:54:15.500000,100.35,100.375,100.32,100.33,nan,100.343,2629,5276060800.0,11120,100.355,90,100.35,23,nan,0,nan,0,nan,0,nan,0,nan,0,nan,0,nan,0,nan,0
1597989260079379968,1597989260000000000,2020-08-21 13:54:20.000000,100.355,100.375,100.32,100.33,nan,100.344,2636,5290110500.0,11126,100.355,83,100.35,23,nan,0,nan,0,nan,0,nan,0,nan,0,nan,0,nan,0,nan,0
1597989260576419072,1597989260500000000,2020-08-21 13:54:20.500000,100.355,100.375,100.32,100.33,nan,100.344,2637,5292117600.0,11125,100.355,20,100.35,26,nan,0,nan,0,nan,0,nan,0,nan,0,nan,0,nan,0,nan,0
1597989261080227072,1597989261000000000,2020-08-21 13:54:21.000000,100.355,100.375,100.32,100.33,nan,100.344,2637,5292117600.0,11125,100.355,11,100.35,27,nan,0,nan,0,nan,0,nan,0,nan,0,nan,0,nan,0,nan,0
1597989261573649920,1597989261500000000,2020-08-21 13:54:21.500000,100.355,100.375,100.32,100.33,nan,100.344,2637,5292117600.0,11125,100.355,13,100.35,27,nan,0,nan,0,nan,0,nan,0,nan,0,nan,0,nan,0,nan,0
1597989264577156096,1597989264500000000,2020-08-21 13:54:24.500000,100.355,100.375,100.32,100.33,nan,100.344,2637,5292117600.0,11125,100.355,13,100.35,27,nan,0,nan,0,nan,0,nan,0,nan,0,nan,0,nan,0,nan,0
1597989271084857088,1597989271000000000,2020-08-21 13:54:31.000000,100.355,100.375,100.32,100.33,nan,100.344,2638,5294124700.0,11125,100.355,12,100.35,27,nan,0,nan,0,nan,0,nan,0,nan,0,nan,0,nan,0,nan,0
1597989283086091008,1597989283000000000,2020-08-21 13:54:43.000000,100.355,100.375,100.32,100.33,nan,100.344,2639,5296131800.0,11125,100.355,11,100.35,27,nan,0,nan,0,nan,0,nan,0,nan,0,nan,0,nan,0,nan,0
1597989289607069952,1597989289500000000,2020-08-21 13:54:49.500000,100.355,100.375,100.32,100.33,nan,100.344,2639,5296131800.0,11125,100.355,11,100.35,27,nan,0,nan,0,nan,0,nan,0,nan,0,nan,0,nan,0,nan,0
1597989302593093120,1597989302500000000,2020-08-21 13:55:02.500000,100.355,100.375,100.32,100.33,nan,100.344,2639,5296131800.0,11125,100.355,11,100.35,27,nan,0,nan,0,nan,0,nan,0,nan,0,nan,0,nan,0,nan,0
1597989307094120960,1597989307000000000,2020-08-21 13:55:07.000000,100.355,100.375,100.32,100.33,nan,100.344,2639,5296131800.0,11125,100.355,11,100.35,37,nan,0,nan,0,nan,0,nan,0,nan,0,nan,0,nan,0,nan,0
1597989322614019072,1597989322500000000,2020-08-21 13:55:22.500000,100.355,100.375,100.32,100.33,nan,100.344,2639,5296131800.0,11125,100.355,11,100.35,37,nan,0,nan,0,nan,0,nan,0,nan,0,nan,0,nan,0,nan,0
1597989327144454912,1597989327000000000,2020-08-21 13:55:27.000000,100.355,100.375,100.32,100.33,nan,100.344,2639,5296131800.0,11125,100.355,11,100.35,37,nan,0,nan,0,nan,0,nan,0,nan,0,nan,0,nan,0,nan,0
1597989327600417024,1597989327500000000,2020-08-21 13:55:27.500000,100.355,100.375,100.32,100.33,nan,100.344,2639,5296131800.0,11125,100.355,10,100.35,37,nan,0,nan,0,nan,0,nan,0,nan,0,nan,0,nan,0,nan,0
1597989329106465024,1597989329000000000,2020-08-21 13:55:29.000000,100.355,100.375,100.32,100.33,nan,100.344,2640,5298138900.0,11125,100.355,9,100.35,37,nan,0,nan,0,nan,0,nan,0,nan,0,nan,0,nan,0,nan,0
1597989329601829120,1597989329500000000,2020-08-21 13:55:29.500000,100.355,100.375,100.32,100.33,nan,100.344,2640,5298138900.0,11125,100.355,9,100.35,37,nan,0,nan,0,nan,0,nan,0,nan,0,nan,0,nan,0,nan,0
1597989334102334976,1597989334000000000,2020-08-21 13:55:34.000000,100.355,100.375,100.32,100.33,nan,100.344,2640,5298138900.0,11125,100.355,9,100.35,37,nan,0,nan,0,nan,0,nan,0,nan,0,nan,0,nan,0,nan,0
1597989335117199872,1597989335000000000,2020-08-21 13:55:35.000000,100.355,100.375,100.32,100.33,nan,100.344,2640,5298138900.0,11125,100.355,34,100.35,37,nan,0,nan,0,nan,0,nan,0,nan,0,nan,0,nan,0,nan,0
1597989348105640960,1597989348000000000,2020-08-21 13:55:48.000000,100.355,100.375,100.32,100.33,nan,100.344,2640,5298138900.0,11125,100.355,35,100.35,37,nan,0,nan,0,nan,0,nan,0,nan,0,nan,0,nan,0,nan,0
1597989353154499072,1597989353000000000,2020-08-21 13:55:53.000000,100.35,100.375,100.32,100.33,nan,100.344,2641,5300145900.0,11125,100.355,34,100.35,36,nan,0,nan,0,nan,0,nan,0,nan,0,nan,0,nan,0,nan,0
1597989353608771072,1597989353500000000,2020-08-21 13:55:53.500000,100.35,100.375,100.32,100.33,nan,100.344,2641,5300145900.0,11125,100.355,36,100.35,33,nan,0,nan,0,nan,0,nan,0,nan,0,nan,0,nan,0,nan,0
1597989354135707904,1597989354000000000,2020-08-21 13:55:54.000000,100.35,100.375,100.32,100.33,nan,100.344,2641,5300145900.0,11125,100.355,36,100.35,33,nan,0,nan,0,nan,0,nan,0,nan,0,nan,0,nan,0,nan,0
1597989361612641024,1597989361500000000,2020-08-21 13:56:01.500000,100.35,100.375,100.32,100.33,nan,100.344,2642,5302152900.0,11124,100.355,36,100.35,32,nan,0,nan,0,nan,0,nan,0,nan,0,nan,0,nan,0,nan,0
1597989363140424960,1597989363000000000,2020-08-21 13:56:03.000000,100.35,100.375,100.32,100.33,nan,100.344,2642,5302152900.0,11124,100.355,36,100.35,33,nan,0,nan,0,nan,0,nan,0,nan,0,nan,0,nan,0,nan,0
1597989370643179008,1597989370500000000,2020-08-21 13:56:10.500000,100.35,100.375,100.32,100.33,nan,100.344,2642,5302152900.0,11124,100.355,36,100.35,33,nan,0,nan,0,nan,0,nan,0,nan,0,nan,0,nan,0,nan,0
1597989371170202112,1597989371000000000,2020-08-21 13:56:11.000000,100.35,100.375,100.32,100.33,nan,100.344,2642,5302152900.0,11124,100.355,36,100.35,33,nan,0,nan,0,nan,0,nan,0,nan,0,nan,0,nan,0,nan,0
1597989371630704128,1597989371500000000,2020-08-21 13:56:11.500000,100.35,100.375,100.32,100.33,nan,100.344,2642,5302152900.0,11124,100.355,36,100.35,33,nan,0,nan,0,nan,0,nan,0,nan,0,nan,0,nan,0,nan,0
1597989377161748992,1597989377000000000,2020-08-21 13:56:17.000000,100.355,100.375,100.32,100.33,nan,100.344,2643,5304160000.0,11124,100.355,35,100.35,33,nan,0,nan,0,nan,0,nan,0,nan,0,nan,0,nan,0,nan,0
1597989377627534080,1597989377500000000,2020-08-21 13:56:17.500000,100.355,100.375,100.32,100.33,nan,100.344,2643,5304160000.0,11124,100.355,32,100.35,35,nan,0,nan,0,nan,0,nan,0,nan,0,nan,0,nan,0,nan,0
1597989378160280064,1597989378000000000,2020-08-21 13:56:18.000000,100.355,100.375,100.32,100.33,nan,100.344,2643,5304160000.0,11124,100.355,32,100.35,36,nan,0,nan,0,nan,0,nan,0,nan,0,nan,0,nan,0,nan,0
1597989378626430976,1597989378500000000,2020-08-21 13:56:18.500000,100.355,100.375,100.32,100.33,nan,100.344,2643,5304160000.0,11124,100.355,32,100.35,36,nan,0,nan,0,nan,0,nan,0,nan,0,nan,0,nan,0,nan,0
1597989379537330944,1597989379500000000,2020-08-21 13:56:19.500000,100.355,100.375,100.32,100.33,nan,100.344,2643,5304160000.0,11124,100.355,32,100.35,36,nan,0,nan,0,nan,0,nan,0,nan,0,nan,0,nan,0,nan,0
1597989383025040896,1597989383000000000,2020-08-21 13:56:23.000000,100.355,100.375,100.32,100.33,nan,100.344,2643,5304160000.0,11124,100.355,32,100.35,36,nan,0,nan,0,nan,0,nan,0,nan,0,nan,0,nan,0,nan,0
1597989383527045120,1597989383500000000,2020-08-21 13:56:23.500000,100.355,100.375,100.32,100.33,nan,100.344,2643,5304160000.0,11124,100.355,32,100.35,36,nan,0,nan,0,nan,0,nan,0,nan,0,nan,0,nan,0,nan,0
1597989384030062080,1597989384000000000,2020-08-21 13:56:24.000000,100.355,100.375,100.32,100.33,nan,100.344,2643,5304160000.0,11124,100.355,32,100.35,36,nan,0,nan,0,nan,0,nan,0,nan,0,nan,0,nan,0,nan,0
1597989387536468992,1597989387500000000,2020-08-21 13:56:27.500000,100.35,100.375,100.32,100.33,nan,100.344,2644,5306167000.0,11124,100.355,33,100.35,35,nan,0,nan,0,nan,0,nan,0,nan,0,nan,0,nan,0,nan,0
1597989388029731072,1597989388000000000,2020-08-21 13:56:28.000000,100.35,100.375,100.32,100.33,nan,100.344,2645,5308174000.0,11124,100.355,37,100.35,31,nan,0,nan,0,nan,0,nan,0,nan,0,nan,0,nan,0,nan,0
1597989388552139008,1597989388500000000,2020-08-21 13:56:28.500000,100.35,100.375,100.32,100.33,nan,100.344,2647,5312188000.0,11124,100.355,35,100.35,29,nan,0,nan,0,nan,0,nan,0,nan,0,nan,0,nan,0,nan,0
1597989389530459904,1597989389500000000,2020-08-21 13:56:29.500000,100.355,100.375,100.32,100.33,nan,100.344,2651,5320216400.0,11124,100.355,31,100.35,29,nan,0,nan,0,nan,0,nan,0,nan,0,nan,0,nan,0,nan,0
1597989390031732992,1597989390000000000,2020-08-21 13:56:30.000000,100.355,100.375,100.32,100.33,nan,100.344,2651,5320216400.0,11124,100.355,28,100.35,36,nan,0,nan,0,nan,0,nan,0,nan,0,nan,0,nan,0,nan,0
1597989390536236032,1597989390500000000,2020-08-21 13:56:30.500000,100.355,100.375,100.32,100.33,nan,100.344,2651,5320216400.0,11124,100.355,28,100.35,37,nan,0,nan,0,nan,0,nan,0,nan,0,nan,0,nan,0,nan,0
1597989395035001088,1597989395000000000,2020-08-21 13:56:35.000000,100.355,100.375,100.32,100.33,nan,100.344,2651,5320216400.0,11124,100.355,28,100.35,37,nan,0,nan,0,nan,0,nan,0,nan,0,nan,0,nan,0,nan,0
1597989395538707968,1597989395500000000,2020-08-21 13:56:35.500000,100.355,100.375,100.32,100.33,nan,100.344,2651,5320216400.0,11124,100.355,28,100.35,37,nan,0,nan,0,nan,0,nan,0,nan,0,nan,0,nan,0,nan,0
1597989396035734016,1597989396000000000,2020-08-21 13:56:36.000000,100.355,100.375,100.32,100.33,nan,100.344,2651,5320216400.0,11124,100.355,28,100.35,37,nan,0,nan,0,nan,0,nan,0,nan,0,nan,0,nan,0,nan,0
1597989406538300928,1597989406500000000,2020-08-21 13:56:46.500000,100.355,100.375,100.32,100.33,nan,100.344,2651,5320216400.0,11124,100.355,28,100.35,37,nan,0,nan,0,nan,0,nan,0,nan,0,nan,0,nan,0,nan,0
1597989407046615040,1597989407000000000,2020-08-21 13:56:47.000000,100.355,100.375,100.32,100.33,nan,100.344,2651,5320216400.0,11124,100.355,28,100.35,37,nan,0,nan,0,nan,0,nan,0,nan,0,nan,0,nan,0,nan,0
1597989407545095936,1597989407500000000,2020-08-21 13:56:47.500000,100.355,100.375,100.32,100.33,nan,100.344,2651,5320216400.0,11124,100.355,28,100.35,37,nan,0,nan,0,nan,0,nan,0,nan,0,nan,0,nan,0,nan,0
1597989408037509888,1597989408000000000,2020-08-21 13:56:48.000000,100.355,100.375,100.32,100.33,nan,100.344,2651,5320216400.0,11124,100.355,28,100.35,37,nan,0,nan,0,nan,0,nan,0,nan,0,nan,0,nan,0,nan,0
1597989413041785088,1597989413000000000,2020-08-21 13:56:53.000000,100.355,100.375,100.32,100.33,nan,100.344,2651,5320216400.0,11124,100.355,58,100.35,37,nan,0,nan,0,nan,0,nan,0,nan,0,nan,0,nan,0,nan,0
1597989413543462912,1597989413500000000,2020-08-21 13:56:53.500000,100.355,100.375,100.32,100.33,nan,100.344,2651,5320216400.0,11124,100.355,68,100.35,37,nan,0,nan,0,nan,0,nan,0,nan,0,nan,0,nan,0,nan,0
1597989414538582016,1597989414500000000,2020-08-21 13:56:54.500000,100.355,100.375,100.32,100.33,nan,100.344,2651,5320216400.0,11124,100.355,98,100.35,37,nan,0,nan,0,nan,0,nan,0,nan,0,nan,0,nan,0,nan,0
1597989419043424000,1597989419000000000,2020-08-21 13:56:59.000000,100.355,100.375,100.32,100.33,nan,100.344,2651,5320216400.0,11124,100.355,98,100.35,37,nan,0,nan,0,nan,0,nan,0,nan,0,nan,0,nan,0,nan,0
1597989419546200064,1597989419500000000,2020-08-21 13:56:59.500000,100.355,100.375,100.32,100.33,nan,100.344,2651,5320216400.0,11124,100.355,98,100.35,37,nan,0,nan,0,nan,0,nan,0,nan,0,nan,0,nan,0,nan,0
1597989420039879936,1597989420000000000,2020-08-21 13:57:00.000000,100.355,100.375,100.32,100.33,nan,100.344,2651,5320216400.0,11124,100.355,98,100.35,37,nan,0,nan,0,nan,0,nan,0,nan,0,nan,0,nan,0,nan,0
1597989422074736896,1597989422000000000,2020-08-21 13:57:02.000000,100.355,100.375,100.32,100.33,nan,100.344,2651,5320216400.0,11124,100.355,68,100.35,37,nan,0,nan,0,nan,0,nan,0,nan,0,nan,0,nan,0,nan,0
1597989422554771968,1597989422500000000,2020-08-21 13:57:02.500000,100.355,100.375,100.32,100.33,nan,100.344,2651,5320216400.0,11124,100.355,38,100.35,37,nan,0,nan,0,nan,0,nan,0,nan,0,nan,0,nan,0,nan,0
1597989423047264000,1597989423000000000,2020-08-21 13:57:03.000000,100.355,100.375,100.32,100.33,nan,100.344,2651,5320216400.0,11124,100.355,28,100.35,37,nan,0,nan,0,nan,0,nan,0,nan,0,nan,0,nan,0,nan,0
1597989423546835968,1597989423500000000,2020-08-21 13:57:03.500000,100.355,100.375,100.32,100.33,nan,100.344,2653,5324230600.0,11125,100.355,27,100.35,37,nan,0,nan,0,nan,0,nan,0,nan,0,nan,0,nan,0,nan,0
1597989425550093056,1597989425500000000,2020-08-21 13:57:05.500000,100.355,100.375,100.32,100.33,nan,100.344,2653,5324230600.0,11125,100.355,28,100.35,37,nan,0,nan,0,nan,0,nan,0,nan,0,nan,0,nan,0,nan,0
1597989431079645952,1597989431000000000,2020-08-21 13:57:11.000000,100.355,100.375,100.32,100.33,nan,100.344,2653,5324230600.0,11125,100.355,28,100.35,37,nan,0,nan,0,nan,0,nan,0,nan,0,nan,0,nan,0,nan,0
1597989431557049088,1597989431500000000,2020-08-21 13:57:11.500000,100.355,100.375,100.32,100.33,nan,100.344,2653,5324230600.0,11125,100.355,28,100.35,37,nan,0,nan,0,nan,0,nan,0,nan,0,nan,0,nan,0,nan,0
1597989432083663104,1597989432000000000,2020-08-21 13:57:12.000000,100.355,100.375,100.32,100.33,nan,100.344,2653,5324230600.0,11125,100.355,28,100.35,37,nan,0,nan,0,nan,0,nan,0,nan,0,nan,0,nan,0,nan,0
1597989443079916032,1597989443000000000,2020-08-21 13:57:23.000000,100.355,100.375,100.32,100.33,nan,100.344,2653,5324230600.0,11125,100.355,28,100.35,37,nan,0,nan,0,nan,0,nan,0,nan,0,nan,0,nan,0,nan,0
1597989443560058880,1597989443500000000,2020-08-21 13:57:23.500000,100.355,100.375,100.32,100.33,nan,100.344,2653,5324230600.0,11125,100.355,28,100.35,37,nan,0,nan,0,nan,0,nan,0,nan,0,nan,0,nan,0,nan,0
1597989444077662976,1597989444000000000,2020-08-21 13:57:24.000000,100.355,100.375,100.32,100.33,nan,100.344,2653,5324230600.0,11125,100.355,28,100.35,37,nan,0,nan,0,nan,0,nan,0,nan,0,nan,0,nan,0,nan,0
1597989451064120064,1597989451000000000,2020-08-21 13:57:31.000000,100.35,100.375,100.32,100.33,nan,100.344,2655,5328244600.0,11123,100.355,28,100.35,35,nan,0,nan,0,nan,0,nan,0,nan,0,nan,0,nan,0,nan,0
1597989451575898112,1597989451500000000,2020-08-21 13:57:31.500000,100.35,100.375,100.32,100.33,nan,100.344,2655,5328244600.0,11123,100.355,30,100.35,32,nan,0,nan,0,nan,0,nan,0,nan,0,nan,0,nan,0,nan,0
1597989452077413888,1597989452000000000,2020-08-21 13:57:32.000000,100.35,100.375,100.32,100.33,nan,100.344,2655,5328244600.0,11123,100.355,31,100.35,32,nan,0,nan,0,nan,0,nan,0,nan,0,nan,0,nan,0,nan,0
1597989455105408000,1597989455000000000,2020-08-21 13:57:35.000000,100.35,100.375,100.32,100.33,nan,100.344,2655,5328244600.0,11123,100.355,31,100.35,32,nan,0,nan,0,nan,0,nan,0,nan,0,nan,0,nan,0,nan,0
1597989455587367936,1597989455500000000,2020-08-21 13:57:35.500000,100.35,100.375,100.32,100.33,nan,100.344,2655,5328244600.0,11123,100.355,31,100.35,32,nan,0,nan,0,nan,0,nan,0,nan,0,nan,0,nan,0,nan,0
1597989462096333056,1597989462000000000,2020-08-21 13:57:42.000000,100.35,100.375,100.32,100.33,nan,100.344,2655,5328244600.0,11123,100.355,31,100.35,32,nan,0,nan,0,nan,0,nan,0,nan,0,nan,0,nan,0,nan,0
1597989464573426944,1597989464500000000,2020-08-21 13:57:44.500000,100.35,100.375,100.32,100.33,nan,100.344,2655,5328244600.0,11123,100.355,32,100.35,32,nan,0,nan,0,nan,0,nan,0,nan,0,nan,0,nan,0,nan,0
1597989467111173120,1597989467000000000,2020-08-21 13:57:47.000000,100.35,100.375,100.32,100.33,nan,100.344,2655,5328244600.0,11123,100.355,32,100.35,32,nan,0,nan,0,nan,0,nan,0,nan,0,nan,0,nan,0,nan,0
1597989467576605952,1597989467500000000,2020-08-21 13:57:47.500000,100.35,100.375,100.32,100.33,nan,100.344,2655,5328244600.0,11123,100.355,32,100.35,32,nan,0,nan,0,nan,0,nan,0,nan,0,nan,0,nan,0,nan,0
1597989468579982080,1597989468500000000,2020-08-21 13:57:48.500000,100.35,100.375,100.32,100.33,nan,100.344,2655,5328244600.0,11123,100.355,32,100.35,32,nan,0,nan,0,nan,0,nan,0,nan,0,nan,0,nan,0,nan,0
1597989471107195904,1597989471000000000,2020-08-21 13:57:51.000000,100.355,100.375,100.32,100.33,nan,100.344,2656,5330251700.0,11123,100.355,31,100.35,32,nan,0,nan,0,nan,0,nan,0,nan,0,nan,0,nan,0,nan,0
1597989471573602048,1597989471500000000,2020-08-21 13:57:51.500000,100.35,100.375,100.32,100.33,nan,100.344,2659,5336272700.0,11123,100.355,28,100.35,31,nan,0,nan,0,nan,0,nan,0,nan,0,nan,0,nan,0,nan,0
1597989472074412032,1597989472000000000,2020-08-21 13:57:52.000000,100.35,100.375,100.32,100.33,nan,100.344,2659,5336272700.0,11123,100.355,31,100.35,29,nan,0,nan,0,nan,0,nan,0,nan,0,nan,0,nan,0,nan,0
1597989472576310016,1597989472500000000,2020-08-21 13:57:52.500000,100.35,100.375,100.32,100.33,nan,100.344,2660,5338279700.0,11122,100.355,30,100.35,28,nan,0,nan,0,nan,0,nan,0,nan,0,nan,0,nan,0,nan,0
1597989473579239936,1597989473500000000,2020-08-21 13:57:53.500000,100.35,100.375,100.32,100.33,nan,100.344,2660,5338279700.0,11122,100.355,60,100.35,28,nan,0,nan,0,nan,0,nan,0,nan,0,nan,0,nan,0,nan,0
1597989474115582976,1597989474000000000,2020-08-21 13:57:54.000000,100.35,100.375,100.32,100.33,nan,100.344,2662,5342293700.0,11122,100.355,100,100.35,26,nan,0,nan,0,nan,0,nan,0,nan,0,nan,0,nan,0,nan,0
1597989474580459008,1597989474500000000,2020-08-21 13:57:54.500000,100.35,100.375,100.32,100.33,nan,100.344,2684,5386447700.0,11106,100.355,102,100.35,5,nan,0,nan,0,nan,0,nan,0,nan,0,nan,0,nan,0,nan,0
1597989475080947968,1597989475000000000,2020-08-21 13:57:55.000000,100.35,100.375,100.32,100.33,nan,100.344,2689,5396482700.0,11101,100.35,4,100.345,78,nan,0,nan,0,nan,0,nan,0,nan,0,nan,0,nan,0,nan,0
1597989475580276992,1597989475500000000,2020-08-21 13:57:55.500000,100.35,100.375,100.32,100.33,nan,100.344,2689,5396482700.0,11101,100.35,6,100.345,35,nan,0,nan,0,nan,0,nan,0,nan,0,nan,0,nan,0,nan,0
1597989476085853952,1597989476000000000,2020-08-21 13:57:56.000000,100.35,100.375,100.32,100.33,nan,100.344,2689,5396482700.0,11101,100.35,6,100.345,25,nan,0,nan,0,nan,0,nan,0,nan,0,nan,0,nan,0,nan,0
1597989476587994880,1597989476500000000,2020-08-21 13:57:56.500000,100.35,100.375,100.32,100.33,nan,100.344,2689,5396482700.0,11101,100.35,6,100.345,25,nan,0,nan,0,nan,0,nan,0,nan,0,nan,0,nan,0,nan,0
1597989477113633024,1597989477000000000,2020-08-21 13:57:57.000000,100.35,100.375,100.32,100.33,nan,100.344,2689,5396482700.0,11101,100.35,6,100.345,26,nan,0,nan,0,nan,0,nan,0,nan,0,nan,0,nan,0,nan,0
1597989477586365952,1597989477500000000,2020-08-21 13:57:57.500000,100.35,100.375,100.32,100.33,nan,100.344,2689,5396482700.0,11101,100.35,6,100.345,16,nan,0,nan,0,nan,0,nan,0,nan,0,nan,0,nan,0,nan,0
1597989478086384896,1597989478000000000,2020-08-21 13:57:58.000000,100.35,100.375,100.32,100.33,nan,100.344,2689,5396482700.0,11101,100.35,6,100.345,16,nan,0,nan,0,nan,0,nan,0,nan,0,nan,0,nan,0,nan,0
1597989479106734080,1597989479000000000,2020-08-21 13:57:59.000000,100.35,100.375,100.32,100.33,nan,100.344,2689,5396482700.0,11101,100.35,6,100.345,16,nan,0,nan,0,nan,0,nan,0,nan,0,nan,0,nan,0,nan,0
1597989479581213952,1597989479500000000,2020-08-21 13:57:59.500000,100.35,100.375,100.32,100.33,nan,100.344,2689,5396482700.0,11101,100.35,6,100.345,16,nan,0,nan,0,nan,0,nan,0,nan,0,nan,0,nan,0,nan,0
1597989486102580992,1597989486000000000,2020-08-21 13:58:06.000000,100.35,100.375,100.32,100.33,nan,100.344,2689,5396482700.0,11101,100.35,6,100.345,16,nan,0,nan,0,nan,0,nan,0,nan,0,nan,0,nan,0,nan,0
1597989486581729024,1597989486500000000,2020-08-21 13:58:06.500000,100.35,100.375,100.32,100.33,nan,100.344,2689,5396482700.0,11101,100.35,6,100.345,26,nan,0,nan,0,nan,0,nan,0,nan,0,nan,0,nan,0,nan,0
1597989487120086016,1597989487000000000,2020-08-21 13:58:07.000000,100.35,100.375,100.32,100.33,nan,100.344,2689,5396482700.0,11101,100.35,6,100.345,26,nan,0,nan,0,nan,0,nan,0,nan,0,nan,0,nan,0,nan,0
1597989488115680000,1597989488000000000,2020-08-21 13:58:08.000000,100.35,100.375,100.32,100.33,nan,100.344,2689,5396482700.0,11101,100.35,4,100.345,26,nan,0,nan,0,nan,0,nan,0,nan,0,nan,0,nan,0,nan,0
1597989491108346112,1597989491000000000,2020-08-21 13:58:11.000000,100.35,100.375,100.32,100.33,nan,100.344,2689,5396482700.0,11101,100.35,4,100.345,26,nan,0,nan,0,nan,0,nan,0,nan,0,nan,0,nan,0,nan,0
1597989491588736000,1597989491500000000,2020-08-21 13:58:11.500000,100.35,100.375,100.32,100.33,nan,100.344,2689,5396482700.0,11101,100.35,4,100.345,26,nan,0,nan,0,nan,0,nan,0,nan,0,nan,0,nan,0,nan,0
1597989503106884096,1597989503000000000,2020-08-21 13:58:23.000000,100.35,100.375,100.32,100.33,nan,100.344,2689,5396482700.0,11101,100.35,4,100.345,26,nan,0,nan,0,nan,0,nan,0,nan,0,nan,0,nan,0,nan,0
1597989503615603968,1597989503500000000,2020-08-21 13:58:23.500000,100.35,100.375,100.32,100.33,nan,100.344,2689,5396482700.0,11101,100.35,4,100.345,26,nan,0,nan,0,nan,0,nan,0,nan,0,nan,0,nan,0,nan,0
1597989515107141888,1597989515000000000,2020-08-21 13:58:35.000000,100.35,100.375,100.32,100.33,nan,100.344,2689,5396482700.0,11101,100.35,4,100.345,26,nan,0,nan,0,nan,0,nan,0,nan,0,nan,0,nan,0,nan,0
1597989515606595072,1597989515500000000,2020-08-21 13:58:35.500000,100.35,100.375,100.32,100.33,nan,100.344,2689,5396482700.0,11101,100.35,4,100.345,26,nan,0,nan,0,nan,0,nan,0,nan,0,nan,0,nan,0,nan,0
1597989519105391104,1597989519000000000,2020-08-21 13:58:39.000000,100.35,100.375,100.32,100.33,nan,100.344,2690,5398489700.0,11102,100.35,3,100.345,26,nan,0,nan,0,nan,0,nan,0,nan,0,nan,0,nan,0,nan,0
1597989519607156992,1597989519500000000,2020-08-21 13:58:39.500000,100.35,100.375,100.32,100.33,nan,100.344,2690,5398489700.0,11102,100.35,4,100.345,27,nan,0,nan,0,nan,0,nan,0,nan,0,nan,0,nan,0,nan,0
1597989527106692096,1597989527000000000,2020-08-21 13:58:47.000000,100.35,100.375,100.32,100.33,nan,100.344,2690,5398489700.0,11102,100.35,4,100.345,27,nan,0,nan,0,nan,0,nan,0,nan,0,nan,0,nan,0,nan,0
1597989527602959872,1597989527500000000,2020-08-21 13:58:47.500000,100.35,100.375,100.32,100.33,nan,100.344,2690,5398489700.0,11102,100.35,4,100.345,27,nan,0,nan,0,nan,0,nan,0,nan,0,nan,0,nan,0,nan,0
1597989538607766016,1597989538500000000,2020-08-21 13:58:58.500000,100.35,100.375,100.32,100.33,nan,100.344,2690,5398489700.0,11102,100.35,4,100.345,27,nan,0,nan,0,nan,0,nan,0,nan,0,nan,0,nan,0,nan,0
1597989539120008960,1597989539000000000,2020-08-21 13:58:59.000000,100.35,100.375,100.32,100.33,nan,100.344,2690,5398489700.0,11102,100.35,4,100.345,27,nan,0,nan,0,nan,0,nan,0,nan,0,nan,0,nan,0,nan,0
1597989539605854976,1597989539500000000,2020-08-21 13:58:59.500000,100.35,100.375,100.32,100.33,nan,100.344,2690,5398489700.0,11102,100.35,4,100.345,27,nan,0,nan,0,nan,0,nan,0,nan,0,nan,0,nan,0,nan,0
1597989544634106112,1597989544500000000,2020-08-21 13:59:04.500000,100.35,100.375,100.32,100.33,nan,100.344,2690,5398489700.0,11102,100.35,29,100.345,27,nan,0,nan,0,nan,0,nan,0,nan,0,nan,0,nan,0,nan,0
1597989550619280896,1597989550500000000,2020-08-21 13:59:10.500000,100.35,100.375,100.32,100.33,nan,100.344,2690,5398489700.0,11102,100.35,29,100.345,27,nan,0,nan,0,nan,0,nan,0,nan,0,nan,0,nan,0,nan,0
1597989551147816960,1597989551000000000,2020-08-21 13:59:11.000000,100.35,100.375,100.32,100.33,nan,100.344,2690,5398489700.0,11102,100.35,29,100.345,27,nan,0,nan,0,nan,0,nan,0,nan,0,nan,0,nan,0,nan,0
1597989551610215936,1597989551500000000,2020-08-21 13:59:11.500000,100.35,100.375,100.32,100.33,nan,100.344,2690,5398489700.0,11102,100.35,29,100.345,27,nan,0,nan,0,nan,0,nan,0,nan,0,nan,0,nan,0,nan,0
1597989563135429888,1597989563000000000,2020-08-21 13:59:23.000000,100.35,100.375,100.32,100.33,nan,100.344,2690,5398489700.0,11102,100.35,29,100.345,27,nan,0,nan,0,nan,0,nan,0,nan,0,nan,0,nan,0,nan,0
1597989563613314048,1597989563500000000,2020-08-21 13:59:23.500000,100.35,100.375,100.32,100.33,nan,100.344,2690,5398489700.0,11102,100.35,29,100.345,27,nan,0,nan,0,nan,0,nan,0,nan,0,nan,0,nan,0,nan,0
1597989565126437888,1597989565000000000,2020-08-21 13:59:25.000000,100.35,100.375,100.32,100.33,nan,100.344,2691,5400496700.0,11103,100.35,28,100.345,27,nan,0,nan,0,nan,0,nan,0,nan,0,nan,0,nan,0,nan,0
1597989565627348992,1597989565500000000,2020-08-21 13:59:25.500000,100.35,100.375,100.32,100.33,nan,100.344,2692,5402503700.0,11103,100.35,29,100.345,27,nan,0,nan,0,nan,0,nan,0,nan,0,nan,0,nan,0,nan,0
1597989566150145024,1597989566000000000,2020-08-21 13:59:26.000000,100.35,100.375,100.32,100.33,nan,100.344,2692,5402503700.0,11103,100.35,29,100.345,27,nan,0,nan,0,nan,0,nan,0,nan,0,nan,0,nan,0,nan,0
1597989574626029056,1597989574500000000,2020-08-21 13:59:34.500000,100.35,100.375,100.32,100.33,nan,100.344,2692,5402503700.0,11103,100.35,29,100.345,27,nan,0,nan,0,nan,0,nan,0,nan,0,nan,0,nan,0,nan,0
1597989575156556032,1597989575000000000,2020-08-21 13:59:35.000000,100.35,100.375,100.32,100.33,nan,100.344,2692,5402503700.0,11103,100.35,29,100.345,27,nan,0,nan,0,nan,0,nan,0,nan,0,nan,0,nan,0,nan,0
1597989575638189056,1597989575500000000,2020-08-21 13:59:35.500000,100.35,100.375,100.32,100.33,nan,100.344,2692,5402503700.0,11103,100.35,29,100.345,27,nan,0,nan,0,nan,0,nan,0,nan,0,nan,0,nan,0,nan,0
1597989587040477952,1597989587000000000,2020-08-21 13:59:47.000000,100.35,100.375,100.32,100.33,nan,100.344,2692,5402503700.0,11103,100.35,29,100.345,27,nan,0,nan,0,nan,0,nan,0,nan,0,nan,0,nan,0,nan,0
1597989587542914048,1597989587500000000,2020-08-21 13:59:47.500000,100.35,100.375,100.32,100.33,nan,100.344,2692,5402503700.0,11103,100.35,29,100.345,27,nan,0,nan,0,nan,0,nan,0,nan,0,nan,0,nan,0,nan,0
1597989588040635904,1597989588000000000,2020-08-21 13:59:48.000000,100.35,100.375,100.32,100.33,nan,100.344,2692,5402503700.0,11103,100.35,29,100.345,27,nan,0,nan,0,nan,0,nan,0,nan,0,nan,0,nan,0,nan,0
1597989599043547904,1597989599000000000,2020-08-21 13:59:59.000000,100.35,100.375,100.32,100.33,nan,100.344,2692,5402503700.0,11103,100.35,29,100.345,27,nan,0,nan,0,nan,0,nan,0,nan,0,nan,0,nan,0,nan,0
1597989599541833984,1597989599500000000,2020-08-21 13:59:59.500000,100.35,100.375,100.32,100.33,nan,100.344,2692,5402503700.0,11103,100.35,29,100.345,27,nan,0,nan,0,nan,0,nan,0,nan,0,nan,0,nan,0,nan,0
1597989600046876928,1597989600000000000,2020-08-21 14:00:00.000000,100.35,100.375,100.32,100.33,nan,100.344,2692,5402503700.0,11103,100.35,29,100.345,27,nan,0,nan,0,nan,0,nan,0,nan,0,nan,0,nan,0,nan,0
1597989600536104960,1597989600500000000,2020-08-21 14:00:00.500000,100.35,100.375,100.32,100.33,nan,100.344,2693,5404510700.0,11103,100.35,28,100.345,28,nan,0,nan,0,nan,0,nan,0,nan,0,nan,0,nan,0,nan,0
1597989610047476992,1597989610000000000,2020-08-21 14:00:10.000000,100.35,100.375,100.32,100.33,nan,100.344,2694,5406517700.0,11103,100.35,27,100.345,28,nan,0,nan,0,nan,0,nan,0,nan,0,nan,0,nan,0,nan,0
1597989610542788096,1597989610500000000,2020-08-21 14:00:10.500000,100.35,100.375,100.32,100.33,nan,100.344,2711,5440636700.0,11092,100.35,11,100.345,28,nan,0,nan,0,nan,0,nan,0,nan,0,nan,0,nan,0,nan,0
1597989611106614016,1597989611000000000,2020-08-21 14:00:11.000000,100.35,100.375,100.32,100.33,nan,100.344,2722,5462713700.0,11093,100.355,87,100.35,2,nan,0,nan,0,nan,0,nan,0,nan,0,nan,0,nan,0,nan,0
1597989611561817088,1597989611500000000,2020-08-21 14:00:11.500000,100.35,100.375,100.32,100.33,nan,100.344,2722,5462713700.0,11093,100.355,44,100.35,4,nan,0,nan,0,nan,0,nan,0,nan,0,nan,0,nan,0,nan,0
1597989612080480000,1597989612000000000,2020-08-21 14:00:12.000000,100.35,100.375,100.32,100.33,nan,100.344,2722,5462713700.0,11093,100.355,35,100.35,5,nan,0,nan,0,nan,0,nan,0,nan,0,nan,0,nan,0,nan,0
1597989612544779008,1597989612500000000,2020-08-21 14:00:12.500000,100.35,100.375,100.32,100.33,nan,100.344,2722,5462713700.0,11093,100.355,35,100.35,5,nan,0,nan,0,nan,0,nan,0,nan,0,nan,0,nan,0,nan,0
1597989613548029952,1597989613500000000,2020-08-21 14:00:13.500000,100.355,100.375,100.32,100.33,nan,100.344,2723,5464720800.0,11093,100.355,34,100.35,5,nan,0,nan,0,nan,0,nan,0,nan,0,nan,0,nan,0,nan,0
1597989614076325888,1597989614000000000,2020-08-21 14:00:14.000000,100.355,100.375,100.32,100.33,nan,100.344,2723,5464720800.0,11093,100.355,32,100.35,8,nan,0,nan,0,nan,0,nan,0,nan,0,nan,0,nan,0,nan,0
1597989615544752896,1597989615500000000,2020-08-21 14:00:15.500000,100.355,100.375,100.32,100.33,nan,100.344,2723,5464720800.0,11093,100.355,32,100.35,18,nan,0,nan,0,nan,0,nan,0,nan,0,nan,0,nan,0,nan,0
1597989623076384000,1597989623000000000,2020-08-21 14:00:23.000000,100.355,100.375,100.32,100.33,nan,100.344,2723,5464720800.0,11093,100.355,32,100.35,18,nan,0,nan,0,nan,0,nan,0,nan,0,nan,0,nan,0,nan,0
1597989623542392064,1597989623500000000,2020-08-21 14:00:23.500000,100.355,100.375,100.32,100.33,nan,100.344,2723,5464720800.0,11093,100.355,32,100.35,18,nan,0,nan,0,nan,0,nan,0,nan,0,nan,0,nan,0,nan,0
1597989624067238912,1597989624000000000,2020-08-21 14:00:24.000000,100.355,100.375,100.32,100.33,nan,100.344,2723,5464720800.0,11093,100.355,32,100.35,18,nan,0,nan,0,nan,0,nan,0,nan,0,nan,0,nan,0,nan,0
1597989632549469952,1597989632500000000,2020-08-21 14:00:32.500000,100.355,100.375,100.32,100.33,nan,100.344,2723,5464720800.0,11093,100.355,32,100.35,18,nan,0,nan,0,nan,0,nan,0,nan,0,nan,0,nan,0,nan,0
1597989633050054912,1597989633000000000,2020-08-21 14:00:33.000000,100.355,100.375,100.32,100.33,nan,100.344,2723,5464720800.0,11093,100.355,32,100.35,18,nan,0,nan,0,nan,0,nan,0,nan,0,nan,0,nan,0,nan,0
1597989635079630080,1597989635000000000,2020-08-21 14:00:35.000000,100.355,100.375,100.32,100.33,nan,100.344,2723,5464720800.0,11093,100.355,32,100.35,18,nan,0,nan,0,nan,0,nan,0,nan,0,nan,0,nan,0,nan,0
1597989635552513024,1597989635500000000,2020-08-21 14:00:35.500000,100.355,100.375,100.32,100.33,nan,100.344,2723,5464720800.0,11093,100.355,32,100.35,18,nan,0,nan,0,nan,0,nan,0,nan,0,nan,0,nan,0,nan,0
1597989636075646976,1597989636000000000,2020-08-21 14:00:36.000000,100.355,100.375,100.32,100.33,nan,100.344,2723,5464720800.0,11093,100.355,32,100.35,18,nan,0,nan,0,nan,0,nan,0,nan,0,nan,0,nan,0,nan,0
1597989636550168064,1597989636500000000,2020-08-21 14:00:36.500000,100.355,100.375,100.32,100.33,nan,100.344,2723,5464720800.0,11093,100.355,32,100.35,18,nan,0,nan,0,nan,0,nan,0,nan,0,nan,0,nan,0,nan,0
1597989637551660032,1597989637500000000,2020-08-21 14:00:37.500000,100.355,100.375,100.32,100.33,nan,100.344,2723,5464720800.0,11093,100.355,32,100.35,18,nan,0,nan,0,nan,0,nan,0,nan,0,nan,0,nan,0,nan,0
1597989638568614912,1597989638500000000,2020-08-21 14:00:38.500000,100.355,100.375,100.32,100.33,nan,100.344,2723,5464720800.0,11093,100.355,32,100.35,18,nan,0,nan,0,nan,0,nan,0,nan,0,nan,0,nan,0,nan,0
1597989639079877888,1597989639000000000,2020-08-21 14:00:39.000000,100.355,100.375,100.32,100.33,nan,100.344,2723,5464720800.0,11093,100.355,32,100.35,18,nan,0,nan,0,nan,0,nan,0,nan,0,nan,0,nan,0,nan,0
1597989640060019968,1597989640000000000,2020-08-21 14:00:40.000000,100.355,100.375,100.32,100.33,nan,100.344,2723,5464720800.0,11093,100.355,32,100.35,18,nan,0,nan,0,nan,0,nan,0,nan,0,nan,0,nan,0,nan,0
1597989641107444992,1597989641000000000,2020-08-21 14:00:41.000000,100.355,100.375,100.32,100.33,nan,100.344,2723,5464720800.0,11093,100.355,32,100.35,18,nan,0,nan,0,nan,0,nan,0,nan,0,nan,0,nan,0,nan,0
1597989647083090944,1597989647000000000,2020-08-21 14:00:47.000000,100.355,100.375,100.32,100.33,nan,100.344,2723,5464720800.0,11093,100.355,32,100.35,18,nan,0,nan,0,nan,0,nan,0,nan,0,nan,0,nan,0,nan,0
1597989647570536960,1597989647500000000,2020-08-21 14:00:47.500000,100.355,100.375,100.32,100.33,nan,100.344,2723,5464720800.0,11093,100.355,32,100.35,18,nan,0,nan,0,nan,0,nan,0,nan,0,nan,0,nan,0,nan,0
1597989648076859904,1597989648000000000,2020-08-21 14:00:48.000000,100.355,100.375,100.32,100.33,nan,100.344,2723,5464720800.0,11093,100.355,32,100.35,18,nan,0,nan,0,nan,0,nan,0,nan,0,nan,0,nan,0,nan,0
1597989650077588992,1597989650000000000,2020-08-21 14:00:50.000000,100.355,100.375,100.32,100.33,nan,100.344,2723,5464720800.0,11093,100.355,42,100.35,18,nan,0,nan,0,nan,0,nan,0,nan,0,nan,0,nan,0,nan,0
1597989650574651904,1597989650500000000,2020-08-21 14:00:50.500000,100.355,100.375,100.32,100.33,nan,100.344,2723,5464720800.0,11093,100.355,52,100.35,18,nan,0,nan,0,nan,0,nan,0,nan,0,nan,0,nan,0,nan,0
1597989653073731072,1597989653000000000,2020-08-21 14:00:53.000000,100.35,100.375,100.32,100.33,nan,100.344,2742,5502853800.0,11105,100.35,11,100.345,96,nan,0,nan,0,nan,0,nan,0,nan,0,nan,0,nan,0,nan,0
1597989653566121984,1597989653500000000,2020-08-21 14:00:53.500000,100.35,100.375,100.32,100.33,nan,100.344,2743,5504860800.0,11106,100.35,15,100.345,57,nan,0,nan,0,nan,0,nan,0,nan,0,nan,0,nan,0,nan,0
1597989654076961024,1597989654000000000,2020-08-21 14:00:54.000000,100.35,100.375,100.32,100.33,nan,100.344,2743,5504860800.0,11106,100.35,15,100.345,57,nan,0,nan,0,nan,0,nan,0,nan,0,nan,0,nan,0,nan,0
1597989655073886976,1597989655000000000,2020-08-21 14:00:55.000000,100.35,100.375,100.32,100.33,nan,100.344,2743,5504860800.0,11106,100.35,16,100.345,56,nan,0,nan,0,nan,0,nan,0,nan,0,nan,0,nan,0,nan,0
1597989655593555968,1597989655500000000,2020-08-21 14:00:55.500000,100.35,100.375,100.32,100.33,nan,100.344,2743,5504860800.0,11106,100.35,21,100.345,46,nan,0,nan,0,nan,0,nan,0,nan,0,nan,0,nan,0,nan,0
1597989656078168064,1597989656000000000,2020-08-21 14:00:56.000000,100.35,100.375,100.32,100.33,nan,100.344,2743,5504860800.0,11106,100.35,21,100.345,36,nan,0,nan,0,nan,0,nan,0,nan,0,nan,0,nan,0,nan,0
1597989656571337984,1597989656500000000,2020-08-21 14:00:56.500000,100.35,100.375,100.32,100.33,nan,100.344,2743,5504860800.0,11106,100.35,21,100.345,36,nan,0,nan,0,nan,0,nan,0,nan,0,nan,0,nan,0,nan,0
1597989659079842048,1597989659000000000,2020-08-21 14:00:59.000000,100.35,100.375,100.32,100.33,nan,100.344,2743,5504860800.0,11106,100.35,21,100.345,36,nan,0,nan,0,nan,0,nan,0,nan,0,nan,0,nan,0,nan,0
1597989659570511872,1597989659500000000,2020-08-21 14:00:59.500000,100.35,100.375,100.32,100.33,nan,100.344,2744,5506867800.0,11107,100.35,20,100.345,36,nan,0,nan,0,nan,0,nan,0,nan,0,nan,0,nan,0,nan,0
1597989660094636032,1597989660000000000,2020-08-21 14:01:00.000000,100.35,100.375,100.32,100.33,nan,100.344,2744,5506867800.0,11107,100.35,30,100.345,36,nan,0,nan,0,nan,0,nan,0,nan,0,nan,0,nan,0,nan,0
1597989662576304128,1597989662500000000,2020-08-21 14:01:02.500000,100.345,100.375,100.32,100.33,nan,100.344,2769,5557040300.0,11091,100.35,31,100.345,11,nan,0,nan,0,nan,0,nan,0,nan,0,nan,0,nan,0,nan,0
1597989663067744000,1597989663000000000,2020-08-21 14:01:03.000000,100.345,100.375,100.32,100.33,nan,100.344,2778,5575102400.0,11096,100.35,36,100.345,1,nan,0,nan,0,nan,0,nan,0,nan,0,nan,0,nan,0,nan,0
1597989663566597120,1597989663500000000,2020-08-21 14:01:03.500000,100.345,100.375,100.32,100.33,nan,100.344,2779,5577109300.0,11095,100.35,36,100.34,83,nan,0,nan,0,nan,0,nan,0,nan,0,nan,0,nan,0,nan,0
1597989664066290944,1597989664000000000,2020-08-21 14:01:04.000000,100.345,100.375,100.32,100.33,nan,100.344,2779,5577109300.0,11095,100.35,36,100.34,52,nan,0,nan,0,nan,0,nan,0,nan,0,nan,0,nan,0,nan,0
1597989664576951040,1597989664500000000,2020-08-21 14:01:04.500000,100.345,100.375,100.32,100.33,nan,100.344,2779,5577109300.0,11095,100.35,36,100.34,43,nan,0,nan,0,nan,0,nan,0,nan,0,nan,0,nan,0,nan,0
1597989665076879104,1597989665000000000,2020-08-21 14:01:05.000000,100.345,100.375,100.32,100.33,nan,100.344,2779,5577109300.0,11095,100.35,36,100.34,43,nan,0,nan,0,nan,0,nan,0,nan,0,nan,0,nan,0,nan,0
1597989665568043008,1597989665500000000,2020-08-21 14:01:05.500000,100.345,100.375,100.32,100.33,nan,100.344,2779,5577109300.0,11095,100.35,36,100.34,33,nan,0,nan,0,nan,0,nan,0,nan,0,nan,0,nan,0,nan,0
1597989666083181056,1597989666000000000,2020-08-21 14:01:06.000000,100.345,100.375,100.32,100.33,nan,100.344,2779,5577109300.0,11095,100.35,36,100.34,33,nan,0,nan,0,nan,0,nan,0,nan,0,nan,0,nan,0,nan,0
1597989666568808960,1597989666500000000,2020-08-21 14:01:06.500000,100.345,100.375,100.32,100.33,nan,100.344,2779,5577109300.0,11095,100.35,36,100.34,33,nan,0,nan,0,nan,0,nan,0,nan,0,nan,0,nan,0,nan,0
1597989667059151872,1597989667000000000,2020-08-21 14:01:07.000000,100.345,100.375,100.32,100.33,nan,100.344,2779,5577109300.0,11095,100.35,36,100.34,33,nan,0,nan,0,nan,0,nan,0,nan,0,nan,0,nan,0,nan,0
1597989667594699008,1597989667500000000,2020-08-21 14:01:07.500000,100.345,100.375,100.32,100.33,nan,100.344,2779,5577109300.0,11095,100.35,36,100.34,33,nan,0,nan,0,nan,0,nan,0,nan,0,nan,0,nan,0,nan,0
1597989668077836032,1597989668000000000,2020-08-21 14:01:08.000000,100.345,100.375,100.32,100.33,nan,100.344,2779,5577109300.0,11095,100.35,36,100.34,33,nan,0,nan,0,nan,0,nan,0,nan,0,nan,0,nan,0,nan,0
1597989668574441984,1597989668500000000,2020-08-21 14:01:08.500000,100.345,100.375,100.32,100.33,nan,100.344,2779,5577109300.0,11095,100.35,36,100.34,33,nan,0,nan,0,nan,0,nan,0,nan,0,nan,0,nan,0,nan,0
1597989669116244992,1597989669000000000,2020-08-21 14:01:09.000000,100.345,100.375,100.32,100.33,nan,100.344,2779,5577109300.0,11095,100.345,2,100.34,33,nan,0,nan,0,nan,0,nan,0,nan,0,nan,0,nan,0,nan,0
1597989669574874880,1597989669500000000,2020-08-21 14:01:09.500000,100.345,100.375,100.32,100.33,nan,100.344,2779,5577109300.0,11095,100.345,2,100.34,22,nan,0,nan,0,nan,0,nan,0,nan,0,nan,0,nan,0,nan,0
1597989670095104000,1597989670000000000,2020-08-21 14:01:10.000000,100.345,100.375,100.32,100.33,nan,100.344,2779,5577109300.0,11095,100.345,2,100.34,22,nan,0,nan,0,nan,0,nan,0,nan,0,nan,0,nan,0,nan,0
1597989671076582912,1597989671000000000,2020-08-21 14:01:11.000000,100.345,100.375,100.32,100.33,nan,100.344,2779,5577109300.0,11095,100.345,5,100.34,22,nan,0,nan,0,nan,0,nan,0,nan,0,nan,0,nan,0,nan,0
1597989671581189120,1597989671500000000,2020-08-21 14:01:11.500000,100.345,100.375,100.32,100.33,nan,100.344,2779,5577109300.0,11095,100.345,5,100.34,22,nan,0,nan,0,nan,0,nan,0,nan,0,nan,0,nan,0,nan,0
1597989672110462976,1597989672000000000,2020-08-21 14:01:12.000000,100.345,100.375,100.32,100.33,nan,100.344,2779,5577109300.0,11095,100.345,5,100.34,22,nan,0,nan,0,nan,0,nan,0,nan,0,nan,0,nan,0,nan,0
1597989683084486912,1597989683000000000,2020-08-21 14:01:23.000000,100.345,100.375,100.32,100.33,nan,100.344,2779,5577109300.0,11095,100.345,5,100.34,22,nan,0,nan,0,nan,0,nan,0,nan,0,nan,0,nan,0,nan,0
1597989683563868928,1597989683500000000,2020-08-21 14:01:23.500000,100.345,100.375,100.32,100.33,nan,100.344,2779,5577109300.0,11095,100.345,5,100.34,22,nan,0,nan,0,nan,0,nan,0,nan,0,nan,0,nan,0,nan,0
1597989684084670976,1597989684000000000,2020-08-21 14:01:24.000000,100.345,100.375,100.32,100.33,nan,100.344,2779,5577109300.0,11095,100.345,5,100.34,22,nan,0,nan,0,nan,0,nan,0,nan,0,nan,0,nan,0,nan,0
1597989691588457984,1597989691500000000,2020-08-21 14:01:31.500000,100.345,100.375,100.32,100.33,nan,100.344,2780,5579116200.0,11094,100.345,4,100.34,22,nan,0,nan,0,nan,0,nan,0,nan,0,nan,0,nan,0,nan,0
1597989695131323904,1597989695000000000,2020-08-21 14:01:35.000000,100.345,100.375,100.32,100.33,nan,100.344,2780,5579116200.0,11094,100.345,4,100.34,22,nan,0,nan,0,nan,0,nan,0,nan,0,nan,0,nan,0,nan,0
1597989695581809920,1597989695500000000,2020-08-21 14:01:35.500000,100.345,100.375,100.32,100.33,nan,100.344,2780,5579116200.0,11094,100.345,4,100.34,22,nan,0,nan,0,nan,0,nan,0,nan,0,nan,0,nan,0,nan,0
1597989700094219008,1597989700000000000,2020-08-21 14:01:40.000000,100.345,100.375,100.32,100.33,nan,100.344,2784,5587143800.0,11091,100.35,86,100.34,23,nan,0,nan,0,nan,0,nan,0,nan,0,nan,0,nan,0,nan,0
1597989700583895040,1597989700500000000,2020-08-21 14:01:40.500000,100.345,100.375,100.32,100.33,nan,100.344,2784,5587143800.0,11091,100.35,55,100.34,33,nan,0,nan,0,nan,0,nan,0,nan,0,nan,0,nan,0,nan,0
1597989701111439104,1597989701000000000,2020-08-21 14:01:41.000000,100.345,100.375,100.32,100.33,nan,100.344,2784,5587143800.0,11091,100.35,54,100.34,33,nan,0,nan,0,nan,0,nan,0,nan,0,nan,0,nan,0,nan,0
1597989701579514880,1597989701500000000,2020-08-21 14:01:41.500000,100.345,100.375,100.32,100.33,nan,100.344,2784,5587143800.0,11091,100.35,34,100.34,33,nan,0,nan,0,nan,0,nan,0,nan,0,nan,0,nan,0,nan,0
1597989702102338048,1597989702000000000,2020-08-21 14:01:42.000000,100.345,100.375,100.32,100.33,nan,100.344,2784,5587143800.0,11091,100.35,34,100.34,33,nan,0,nan,0,nan,0,nan,0,nan,0,nan,0,nan,0,nan,0
1597989704121310976,1597989704000000000,2020-08-21 14:01:44.000000,100.345,100.375,100.32,100.33,nan,100.344,2784,5587143800.0,11091,100.35,35,100.34,33,nan,0,nan,0,nan,0,nan,0,nan,0,nan,0,nan,0,nan,0
1597989706086351104,1597989706000000000,2020-08-21 14:01:46.000000,100.345,100.375,100.32,100.33,nan,100.344,2784,5587143800.0,11091,100.35,26,100.34,33,nan,0,nan,0,nan,0,nan,0,nan,0,nan,0,nan,0,nan,0
1597989707125583104,1597989707000000000,2020-08-21 14:01:47.000000,100.35,100.375,100.32,100.33,nan,100.344,2785,5589150800.0,11091,100.35,25,100.345,2,nan,0,nan,0,nan,0,nan,0,nan,0,nan,0,nan,0,nan,0
1597989707582385920,1597989707500000000,2020-08-21 14:01:47.500000,100.35,100.375,100.32,100.33,nan,100.344,2785,5589150800.0,11091,100.35,20,100.345,5,nan,0,nan,0,nan,0,nan,0,nan,0,nan,0,nan,0,nan,0
1597989708115419904,1597989708000000000,2020-08-21 14:01:48.000000,100.35,100.375,100.32,100.33,nan,100.344,2785,5589150800.0,11091,100.35,20,100.345,6,nan,0,nan,0,nan,0,nan,0,nan,0,nan,0,nan,0,nan,0
1597989708578216960,1597989708500000000,2020-08-21 14:01:48.500000,100.35,100.375,100.32,100.33,nan,100.344,2785,5589150800.0,11091,100.35,20,100.345,6,nan,0,nan,0,nan,0,nan,0,nan,0,nan,0,nan,0,nan,0
1597989709093714944,1597989709000000000,2020-08-21 14:01:49.000000,100.34,100.375,100.32,100.33,nan,100.344,2794,5607212700.0,11094,100.35,21,100.34,75,nan,0,nan,0,nan,0,nan,0,nan,0,nan,0,nan,0,nan,0
1597989709578252032,1597989709500000000,2020-08-21 14:01:49.500000,100.34,100.375,100.32,100.33,nan,100.344,2794,5607212700.0,11094,100.345,4,100.34,54,nan,0,nan,0,nan,0,nan,0,nan,0,nan,0,nan,0,nan,0
1597989710102192128,1597989710000000000,2020-08-21 14:01:50.000000,100.345,100.375,100.32,100.33,nan,100.344,2798,5615240300.0,11094,100.345,4,100.34,34,nan,0,nan,0,nan,0,nan,0,nan,0,nan,0,nan,0,nan,0
1597989710580794880,1597989710500000000,2020-08-21 14:01:50.500000,100.345,100.375,100.32,100.33,nan,100.344,2802,5623267900.0,11094,100.345,1,100.34,37,nan,0,nan,0,nan,0,nan,0,nan,0,nan,0,nan,0,nan,0
1597989711101403904,1597989711000000000,2020-08-21 14:01:51.000000,100.345,100.375,100.32,100.33,nan,100.344,2803,5625274800.0,11094,100.345,2,100.34,37,nan,0,nan,0,nan,0,nan,0,nan,0,nan,0,nan,0,nan,0
1597989711577780992,1597989711500000000,2020-08-21 14:01:51.500000,100.345,100.375,100.32,100.33,nan,100.344,2805,5629288600.0,11093,100.345,1,100.34,28,nan,0,nan,0,nan,0,nan,0,nan,0,nan,0,nan,0,nan,0
1597989712083575040,1597989712000000000,2020-08-21 14:01:52.000000,100.345,100.375,100.32,100.33,nan,100.344,2806,5631295500.0,11094,100.345,1,100.34,29,nan,0,nan,0,nan,0,nan,0,nan,0,nan,0,nan,0,nan,0
1597989712582536960,1597989712500000000,2020-08-21 14:01:52.500000,100.345,100.375,100.32,100.33,nan,100.344,2807,5633302400.0,11094,100.345,1,100.34,30,nan,0,nan,0,nan,0,nan,0,nan,0,nan,0,nan,0,nan,0
1597989713125608960,1597989713000000000,2020-08-21 14:01:53.000000,100.345,100.375,100.32,100.33,nan,100.344,2808,5635309300.0,11095,100.345,1,100.34,31,nan,0,nan,0,nan,0,nan,0,nan,0,nan,0,nan,0,nan,0
1597989713580664064,1597989713500000000,2020-08-21 14:01:53.500000,100.345,100.375,100.32,100.33,nan,100.344,2808,5635309300.0,11095,100.345,1,100.34,31,nan,0,nan,0,nan,0,nan,0,nan,0,nan,0,nan,0,nan,0
1597989714088037888,1597989714000000000,2020-08-21 14:01:54.000000,100.345,100.375,100.32,100.33,nan,100.344,2808,5635309300.0,11095,100.345,1,100.34,31,nan,0,nan,0,nan,0,nan,0,nan,0,nan,0,nan,0,nan,0
1597989714596584960,1597989714500000000,2020-08-21 14:01:54.500000,100.345,100.375,100.32,100.33,nan,100.344,2808,5635309300.0,11095,100.345,1,100.34,31,nan,0,nan,0,nan,0,nan,0,nan,0,nan,0,nan,0,nan,0
1597989715075920896,1597989715000000000,2020-08-21 14:01:55.000000,100.345,100.375,100.32,100.33,nan,100.344,2808,5635309300.0,11095,100.345,1,100.34,31,nan,0,nan,0,nan,0,nan,0,nan,0,nan,0,nan,0,nan,0
1597989715582931968,1597989715500000000,2020-08-21 14:01:55.500000,100.345,100.375,100.32,100.33,nan,100.344,2808,5635309300.0,11095,100.345,1,100.34,31,nan,0,nan,0,nan,0,nan,0,nan,0,nan,0,nan,0,nan,0
1597989716087467008,1597989716000000000,2020-08-21 14:01:56.000000,100.345,100.375,100.32,100.33,nan,100.344,2808,5635309300.0,11095,100.345,1,100.34,31,nan,0,nan,0,nan,0,nan,0,nan,0,nan,0,nan,0,nan,0
1597989719122573056,1597989719000000000,2020-08-21 14:01:59.000000,100.345,100.375,100.32,100.33,nan,100.344,2808,5635309300.0,11095,100.345,1,100.34,31,nan,0,nan,0,nan,0,nan,0,nan,0,nan,0,nan,0,nan,0
1597989719584165120,1597989719500000000,2020-08-21 14:01:59.500000,100.345,100.375,100.32,100.33,nan,100.344,2808,5635309300.0,11095,100.345,1,100.34,31,nan,0,nan,0,nan,0,nan,0,nan,0,nan,0,nan,0,nan,0
1597989721088592896,1597989721000000000,2020-08-21 14:02:01.000000,100.345,100.375,100.32,100.33,nan,100.344,2809,5637316200.0,11094,100.345,1,100.34,30,nan,0,nan,0,nan,0,nan,0,nan,0,nan,0,nan,0,nan,0
1597989721600979968,1597989721500000000,2020-08-21 14:02:01.500000,100.345,100.375,100.32,100.33,nan,100.344,2810,5639323100.0,11094,100.35,74,100.345,3,nan,0,nan,0,nan,0,nan,0,nan,0,nan,0,nan,0,nan,0
1597989722124549888,1597989722000000000,2020-08-21 14:02:02.000000,100.345,100.375,100.32,100.33,nan,100.344,2810,5639323100.0,11094,100.35,43,100.345,9,nan,0,nan,0,nan,0,nan,0,nan,0,nan,0,nan,0,nan,0
1597989722603651072,1597989722500000000,2020-08-21 14:02:02.500000,100.345,100.375,100.32,100.33,nan,100.344,2810,5639323100.0,11094,100.35,33,100.345,9,nan,0,nan,0,nan,0,nan,0,nan,0,nan,0,nan,0,nan,0
