local_nano_time,quote_nano_time,datetime,last_price,highest,lowest,open,close,average,volume,amount,open_interest,ask_price1,ask_volume1,bid_price1,bid_volume1,ask_price2,ask_volume2,bid_price2,bid_volume2,ask_price3,ask_volume3,bid_price3,bid_volume3,ask_price4,ask_volume4,bid_price4,bid_volume4,ask_price5,ask_volume5,bid_price5,bid_volume5
1597988229741899008,1597988230227000064,2020-08-21 13:37:10.227000,8625.0,8654.0,8490.0,8590.0,nan,8571.0,353531,30301142010.0,152741,8627.0,18,8626.0,4,nan,0,nan,0,nan,0,nan,0,nan,0,nan,0,nan,0,nan,0
1597988230239026944,1597988230713999872,2020-08-21 13:37:10.714000,8625.0,8654.0,8490.0,8590.0,nan,8571.0,353536,30301570560.0,152740,8626.0,16,8625.0,28,nan,0,nan,0,nan,0,nan,0,nan,0,nan,0,nan,0,nan,0
1597988231228292096,1597988231734999808,2020-08-21 13:37:11.735000,8625.0,8654.0,8490.0,8590.0,nan,8571.0,353536,30301570560.0,152740,8626.0,21,8625.0,23,nan,0,nan,0,nan,0,nan,0,nan,0,nan,0,nan,0,nan,0
1597988231725600000,1597988232226000128,2020-08-21 13:37:12.226000,8625.0,8654.0,8490.0,8590.0,nan,8571.0,353539,30301827690.0,152740,8626.0,21,8625.0,22,nan,0,nan,0,nan,0,nan,0,nan,0,nan,0,nan,0,nan,0
1597988232228930048,1597988232742000128,2020-08-21 13:37:12.742000,8626.0,8654.0,8490.0,8590.0,nan,8571.0,353540,30301913400.0,152740,8626.0,20,8625.0,22,nan,0,nan,0,nan,0,nan,0,nan,0,nan,0,nan,0,nan,0
1597988232722836992,1597988233224999936,2020-08-21 13:37:13.225000,8625.0,8654.0,8490.0,8590.0,nan,8571.0,353543,30302170530.0,152738,8626.0,18,8625.0,21,nan,0,nan,0,nan,0,nan,0,nan,0,nan,0,nan,0,nan,0
1597988233204855040,1597988233696999936,2020-08-21 13:37:13.697000,8626.0,8654.0,8490.0,8590.0,nan,8571.0,353545,30302341950.0,152739,8626.0,18,8625.0,20,nan,0,nan,0,nan,0,nan,0,nan,0,nan,0,nan,0,nan,0
1597988233719162880,1597988234216000000,2020-08-21 13:37:14.216000,8626.0,8654.0,8490.0,8590.0,nan,8571.0,353545,30302341950.0,152739,8626.0,19,8625.0,20,nan,0,nan,0,nan,0,nan,0,nan,0,nan,0,nan,0,nan,0
1597988234213731072,1597988234720999936,2020-08-21 13:37:14.721000,8625.0,8654.0,8490.0,8590.0,nan,8571.0,353565,30304056150.0,152728,8625.0,1,8624.0,18,nan,0,nan,0,nan,0,nan,0,nan,0,nan,0,nan,0,nan,0
1597988234725908992,1597988235193000192,2020-08-21 13:37:15.193000,8625.0,8654.0,8490.0,8590.0,nan,8571.0,353576,30304998960.0,152722,8626.0,18,8625.0,7,nan,0,nan,0,nan,0,nan,0,nan,0,nan,0,nan,0,nan,0
1597988235219272960,1597988235608000000,2020-08-21 13:37:15.608000,8625.0,8654.0,8490.0,8590.0,nan,8571.0,353579,30305256090.0,152721,8626.0,19,8625.0,6,nan,0,nan,0,nan,0,nan,0,nan,0,nan,0,nan,0,nan,0
1597988235742818048,1597988236221999872,2020-08-21 13:37:16.222000,8625.0,8654.0,8490.0,8590.0,nan,8571.0,353583,30305598930.0,152721,8626.0,19,8625.0,10,nan,0,nan,0,nan,0,nan,0,nan,0,nan,0,nan,0,nan,0
1597988236215083008,1597988236734999808,2020-08-21 13:37:16.735000,8626.0,8654.0,8490.0,8590.0,nan,8571.0,353585,30305770350.0,152722,8626.0,18,8625.0,9,nan,0,nan,0,nan,0,nan,0,nan,0,nan,0,nan,0,nan,0
1597988236705537024,1597988237232000000,2020-08-21 13:37:17.232000,8625.0,8654.0,8490.0,8590.0,nan,8571.0,353599,30306970290.0,152732,8625.0,17,8624.0,28,nan,0,nan,0,nan,0,nan,0,nan,0,nan,0,nan,0,nan,0
1597988237227283968,1597988237740000000,2020-08-21 13:37:17.740000,8625.0,8654.0,8490.0,8590.0,nan,8571.0,353599,30306970290.0,152732,8625.0,27,8624.0,31,nan,0,nan,0,nan,0,nan,0,nan,0,nan,0,nan,0,nan,0
1597988237729698048,1597988238211000064,2020-08-21 13:37:18.211000,8625.0,8654.0,8490.0,8590.0,nan,8571.0,353599,30306970290.0,152732,8625.0,29,8624.0,30,nan,0,nan,0,nan,0,nan,0,nan,0,nan,0,nan,0,nan,0
1597988238255475968,1597988238712000000,2020-08-21 13:37:18.712000,8625.0,8654.0,8490.0,8590.0,nan,8571.0,353600,30307056000.0,152733,8625.0,38,8624.0,30,nan,0,nan,0,nan,0,nan,0,nan,0,nan,0,nan,0,nan,0
1597988238738038016,1597988239240999936,2020-08-21 13:37:19.241000,8625.0,8654.0,8490.0,8590.0,nan,8571.0,353601,30307141710.0,152734,8625.0,37,8624.0,30,nan,0,nan,0,nan,0,nan,0,nan,0,nan,0,nan,0,nan,0
1597988239200794112,1597988239690000128,2020-08-21 13:37:19.690000,8624.0,8654.0,8490.0,8590.0,nan,8571.0,353607,30307655970.0,152730,8625.0,36,8624.0,25,nan,0,nan,0,nan,0,nan,0,nan,0,nan,0,nan,0,nan,0
1597988239722145024,1597988240232999936,2020-08-21 13:37:20.233000,8624.0,8654.0,8490.0,8590.0,nan,8571.0,353640,30310484400.0,152750,8625.0,24,8624.0,17,nan,0,nan,0,nan,0,nan,0,nan,0,nan,0,nan,0,nan,0
1597988240224442880,1597988240720999936,2020-08-21 13:37:20.721000,8624.0,8654.0,8490.0,8590.0,nan,8571.0,353642,30310655820.0,152751,8625.0,24,8624.0,15,nan,0,nan,0,nan,0,nan,0,nan,0,nan,0,nan,0,nan,0
1597988240718477056,1597988241204000000,2020-08-21 13:37:21.204000,8624.0,8654.0,8490.0,8590.0,nan,8571.0,353642,30310655820.0,152751,8625.0,24,8624.0,16,nan,0,nan,0,nan,0,nan,0,nan,0,nan,0,nan,0,nan,0
1597988241198607872,1597988241731000064,2020-08-21 13:37:21.731000,8624.0,8654.0,8490.0,8590.0,nan,8571.0,353649,30311255790.0,152751,8625.0,21,8624.0,15,nan,0,nan,0,nan,0,nan,0,nan,0,nan,0,nan,0,nan,0
1597988241726674944,1597988242229000192,2020-08-21 13:37:22.229000,8624.0,8654.0,8490.0,8590.0,nan,8571.0,353649,30311255790.0,152751,8625.0,21,8624.0,20,nan,0,nan,0,nan,0,nan,0,nan,0,nan,0,nan,0,nan,0
1597988242191265024,1597988242733999872,2020-08-21 13:37:22.734000,8625.0,8654.0,8490.0,8590.0,nan,8571.0,353654,30311684340.0,152751,8625.0,18,8624.0,22,nan,0,nan,0,nan,0,nan,0,nan,0,nan,0,nan,0,nan,0
1597988242732430080,1597988243240000000,2020-08-21 13:37:23.240000,8625.0,8654.0,8490.0,8590.0,nan,8571.0,353664,30312541440.0,152754,8625.0,10,8624.0,22,nan,0,nan,0,nan,0,nan,0,nan,0,nan,0,nan,0,nan,0
1597988243198684928,1597988243736999936,2020-08-21 13:37:23.737000,8624.0,8654.0,8490.0,8590.0,nan,8571.0,353665,30312627150.0,152754,8625.0,9,8624.0,21,nan,0,nan,0,nan,0,nan,0,nan,0,nan,0,nan,0,nan,0
1597988243715328000,1597988244160000000,2020-08-21 13:37:24.160000,8624.0,8654.0,8490.0,8590.0,nan,8571.0,353676,30313569960.0,152753,8625.0,8,8624.0,11,nan,0,nan,0,nan,0,nan,0,nan,0,nan,0,nan,0,nan,0
1597988244213947904,1597988244698999808,2020-08-21 13:37:24.699000,8624.0,8654.0,8490.0,8590.0,nan,8571.0,353690,30314769900.0,152757,8624.0,2,8623.0,26,nan,0,nan,0,nan,0,nan,0,nan,0,nan,0,nan,0,nan,0
1597988244739008000,1597988245219000064,2020-08-21 13:37:25.219000,8624.0,8654.0,8490.0,8590.0,nan,8571.0,353697,30315369870.0,152759,8624.0,13,8623.0,25,nan,0,nan,0,nan,0,nan,0,nan,0,nan,0,nan,0,nan,0
1597988245202834944,1597988245700000000,2020-08-21 13:37:25.700000,8623.0,8654.0,8490.0,8590.0,nan,8571.0,353707,30316226970.0,152759,8624.0,14,8623.0,15,nan,0,nan,0,nan,0,nan,0,nan,0,nan,0,nan,0,nan,0
1597988245722023936,1597988246232999936,2020-08-21 13:37:26.233000,8623.0,8654.0,8490.0,8590.0,nan,8571.0,353710,30316484100.0,152759,8624.0,15,8623.0,23,nan,0,nan,0,nan,0,nan,0,nan,0,nan,0,nan,0,nan,0
1597988246271526912,1597988246723000064,2020-08-21 13:37:26.723000,8624.0,8654.0,8490.0,8590.0,nan,8571.0,353730,30318198300.0,152750,8624.0,15,8623.0,4,nan,0,nan,0,nan,0,nan,0,nan,0,nan,0,nan,0,nan,0
1597988246755491072,1597988247234999808,2020-08-21 13:37:27.235000,8623.0,8654.0,8490.0,8590.0,nan,8571.0,353734,30318541140.0,152753,8624.0,20,8622.0,16,nan,0,nan,0,nan,0,nan,0,nan,0,nan,0,nan,0,nan,0
1597988247226091008,1597988247742000128,2020-08-21 13:37:27.742000,8624.0,8654.0,8490.0,8590.0,nan,8571.0,353752,30320083920.0,152761,8624.0,10,8622.0,24,nan,0,nan,0,nan,0,nan,0,nan,0,nan,0,nan,0,nan,0
1597988247732472064,1597988248221999872,2020-08-21 13:37:28.222000,8623.0,8654.0,8490.0,8590.0,nan,8571.0,353754,30320255340.0,152763,8624.0,20,8623.0,9,nan,0,nan,0,nan,0,nan,0,nan,0,nan,0,nan,0,nan,0
1597988248243362048,1597988248727000064,2020-08-21 13:37:28.727000,8623.0,8654.0,8490.0,8590.0,nan,8571.0,353758,30320598180.0,152765,8624.0,20,8623.0,10,nan,0,nan,0,nan,0,nan,0,nan,0,nan,0,nan,0,nan,0
1597988248697869056,1597988249240000000,2020-08-21 13:37:29.240000,8623.0,8654.0,8490.0,8590.0,nan,8571.0,353758,30320598180.0,152765,8624.0,21,8623.0,10,nan,0,nan,0,nan,0,nan,0,nan,0,nan,0,nan,0,nan,0
1597988249242323968,1597988249731000064,2020-08-21 13:37:29.731000,8623.0,8654.0,8490.0,8590.0,nan,8571.0,353760,30320769600.0,152763,8624.0,23,8623.0,9,nan,0,nan,0,nan,0,nan,0,nan,0,nan,0,nan,0,nan,0
1597988249704097024,1597988250240000000,2020-08-21 13:37:30.240000,8623.0,8654.0,8490.0,8590.0,nan,8571.0,353765,30321198150.0,152761,8624.0,25,8623.0,7,nan,0,nan,0,nan,0,nan,0,nan,0,nan,0,nan,0,nan,0
1597988250250066944,1597988250739000064,2020-08-21 13:37:30.739000,8623.0,8654.0,8490.0,8590.0,nan,8571.0,353765,30321198150.0,152761,8624.0,26,8623.0,7,nan,0,nan,0,nan,0,nan,0,nan,0,nan,0,nan,0,nan,0
1597988250743001088,1597988251240000000,2020-08-21 13:37:31.240000,8623.0,8654.0,8490.0,8590.0,nan,8571.0,353780,30322483800.0,152774,8623.0,12,8622.0,35,nan,0,nan,0,nan,0,nan,0,nan,0,nan,0,nan,0,nan,0
1597988251197502976,1597988251737999872,2020-08-21 13:37:31.738000,8622.0,8654.0,8490.0,8590.0,nan,8571.0,353786,30322998060.0,152777,8623.0,17,8622.0,32,nan,0,nan,0,nan,0,nan,0,nan,0,nan,0,nan,0,nan,0
1597988251709076992,1597988252190000128,2020-08-21 13:37:32.190000,8623.0,8654.0,8490.0,8590.0,nan,8571.0,353789,30323255190.0,152777,8623.0,15,8622.0,34,nan,0,nan,0,nan,0,nan,0,nan,0,nan,0,nan,0,nan,0
1597988252230745088,1597988252742000128,2020-08-21 13:37:32.742000,8623.0,8654.0,8490.0,8590.0,nan,8571.0,353790,30323340900.0,152777,8623.0,20,8622.0,34,nan,0,nan,0,nan,0,nan,0,nan,0,nan,0,nan,0,nan,0
1597988252736222976,1597988253240000000,2020-08-21 13:37:33.240000,8622.0,8654.0,8490.0,8590.0,nan,8571.0,353791,30323426610.0,152778,8623.0,20,8622.0,33,nan,0,nan,0,nan,0,nan,0,nan,0,nan,0,nan,0,nan,0
1597988253242927104,1597988253730000128,2020-08-21 13:37:33.730000,8622.0,8654.0,8490.0,8590.0,nan,8571.0,353794,30323683740.0,152781,8623.0,20,8622.0,38,nan,0,nan,0,nan,0,nan,0,nan,0,nan,0,nan,0,nan,0
1597988253729956096,1597988254240999936,2020-08-21 13:37:34.241000,8622.0,8654.0,8490.0,8590.0,nan,8571.0,353803,30324455130.0,152777,8623.0,18,8622.0,32,nan,0,nan,0,nan,0,nan,0,nan,0,nan,0,nan,0,nan,0
1597988254215217920,1597988254739000064,2020-08-21 13:37:34.739000,8622.0,8654.0,8490.0,8590.0,nan,8571.0,353811,30325140810.0,152777,8623.0,18,8622.0,24,nan,0,nan,0,nan,0,nan,0,nan,0,nan,0,nan,0,nan,0
1597988254759141888,1597988255228000000,2020-08-21 13:37:35.228000,8622.0,8654.0,8490.0,8590.0,nan,8571.0,353816,30325569360.0,152778,8623.0,17,8622.0,19,nan,0,nan,0,nan,0,nan,0,nan,0,nan,0,nan,0,nan,0
1597988255224094976,1597988255737999872,2020-08-21 13:37:35.738000,8622.0,8654.0,8490.0,8590.0,nan,8571.0,353816,30325569360.0,152778,8623.0,17,8622.0,27,nan,0,nan,0,nan,0,nan,0,nan,0,nan,0,nan,0,nan,0
1597988255729682944,1597988256232999936,2020-08-21 13:37:36.233000,8623.0,8654.0,8490.0,8590.0,nan,8571.0,353833,30327026430.0,152786,8624.0,26,8623.0,4,nan,0,nan,0,nan,0,nan,0,nan,0,nan,0,nan,0,nan,0
1597988256229069056,1597988256740999936,2020-08-21 13:37:36.741000,8623.0,8654.0,8490.0,8590.0,nan,8571.0,353837,30327369270.0,152785,8624.0,26,8623.0,8,nan,0,nan,0,nan,0,nan,0,nan,0,nan,0,nan,0,nan,0
1597988256741294080,1597988257223000064,2020-08-21 13:37:37.223000,8622.0,8654.0,8490.0,8590.0,nan,8571.0,353880,30331054800.0,152798,8622.0,8,8621.0,13,nan,0,nan,0,nan,0,nan,0,nan,0,nan,0,nan,0,nan,0
1597988257208995072,1597988257727000064,2020-08-21 13:37:37.727000,8622.0,8654.0,8490.0,8590.0,nan,8571.0,353899,30332683290.0,152799,8623.0,3,8622.0,1,nan,0,nan,0,nan,0,nan,0,nan,0,nan,0,nan,0,nan,0
1597988257731675904,1597988258237999872,2020-08-21 13:37:38.238000,8623.0,8654.0,8490.0,8590.0,nan,8571.0,353900,30332769000.0,152799,8623.0,13,8622.0,5,nan,0,nan,0,nan,0,nan,0,nan,0,nan,0,nan,0,nan,0
1597988258737416960,1597988259240000000,2020-08-21 13:37:39.240000,8622.0,8654.0,8490.0,8590.0,nan,8571.0,353907,30333368970.0,152794,8622.0,3,8621.0,15,nan,0,nan,0,nan,0,nan,0,nan,0,nan,0,nan,0,nan,0
1597988259235959040,1597988259724000000,2020-08-21 13:37:39.724000,8622.0,8654.0,8490.0,8590.0,nan,8571.0,353914,30333968940.0,152794,8623.0,15,8622.0,4,nan,0,nan,0,nan,0,nan,0,nan,0,nan,0,nan,0,nan,0
1597988259757189120,1597988260211000064,2020-08-21 13:37:40.211000,8622.0,8654.0,8490.0,8590.0,nan,8571.0,353917,30334226070.0,152794,8623.0,14,8622.0,2,nan,0,nan,0,nan,0,nan,0,nan,0,nan,0,nan,0,nan,0
1597988260217117952,1597988260736999936,2020-08-21 13:37:40.737000,8622.0,8654.0,8490.0,8590.0,nan,8571.0,353917,30334226070.0,152794,8623.0,14,8622.0,4,nan,0,nan,0,nan,0,nan,0,nan,0,nan,0,nan,0,nan,0
1597988260737841920,1597988261242000128,2020-08-21 13:37:41.242000,8622.0,8654.0,8490.0,8590.0,nan,8571.0,353922,30334654620.0,152790,8622.0,7,8621.0,16,nan,0,nan,0,nan,0,nan,0,nan,0,nan,0,nan,0,nan,0
1597988261251377920,1597988261736000000,2020-08-21 13:37:41.736000,8622.0,8654.0,8490.0,8590.0,nan,8571.0,353924,30334826040.0,152788,8622.0,10,8621.0,16,nan,0,nan,0,nan,0,nan,0,nan,0,nan,0,nan,0,nan,0
1597988261725325056,1597988262239000064,2020-08-21 13:37:42.239000,8622.0,8654.0,8490.0,8590.0,nan,8571.0,353933,30335597430.0,152783,8622.0,4,8621.0,16,nan,0,nan,0,nan,0,nan,0,nan,0,nan,0,nan,0,nan,0
1597988262267383040,1597988262742000128,2020-08-21 13:37:42.742000,8622.0,8654.0,8490.0,8590.0,nan,8571.0,353944,30336540240.0,152778,8623.0,11,8621.0,17,nan,0,nan,0,nan,0,nan,0,nan,0,nan,0,nan,0,nan,0
1597988262739813120,1597988263232999936,2020-08-21 13:37:43.233000,8622.0,8654.0,8490.0,8590.0,nan,8571.0,353948,30336883080.0,152778,8622.0,13,8621.0,17,nan,0,nan,0,nan,0,nan,0,nan,0,nan,0,nan,0,nan,0
1597988263200755968,1597988263740999936,2020-08-21 13:37:43.741000,8621.0,8654.0,8490.0,8590.0,nan,8571.0,353950,30337054500.0,152780,8622.0,13,8621.0,15,nan,0,nan,0,nan,0,nan,0,nan,0,nan,0,nan,0,nan,0
1597988263727536128,1597988264236999936,2020-08-21 13:37:44.237000,8622.0,8654.0,8490.0,8590.0,nan,8571.0,353953,30337311630.0,152783,8622.0,11,8621.0,15,nan,0,nan,0,nan,0,nan,0,nan,0,nan,0,nan,0,nan,0
1597988264249723904,1597988264740999936,2020-08-21 13:37:44.741000,8622.0,8654.0,8490.0,8590.0,nan,8571.0,353972,30338940120.0,152785,8622.0,6,8621.0,14,nan,0,nan,0,nan,0,nan,0,nan,0,nan,0,nan,0,nan,0
1597988264730392064,1597988265232000000,2020-08-21 13:37:45.232000,8622.0,8654.0,8490.0,8590.0,nan,8571.0,353991,30340568610.0,152781,8623.0,11,8621.0,11,nan,0,nan,0,nan,0,nan,0,nan,0,nan,0,nan,0,nan,0
1597988265213234944,1597988265709000192,2020-08-21 13:37:45.709000,8622.0,8654.0,8490.0,8590.0,nan,8571.0,353993,30340740030.0,152781,8622.0,1,8621.0,16,nan,0,nan,0,nan,0,nan,0,nan,0,nan,0,nan,0,nan,0
1597988265745786880,1597988266236000000,2020-08-21 13:37:46.236000,8622.0,8654.0,8490.0,8590.0,nan,8571.0,353995,30340911450.0,152781,8623.0,13,8622.0,3,nan,0,nan,0,nan,0,nan,0,nan,0,nan,0,nan,0,nan,0
1597988266217065984,1597988266729000192,2020-08-21 13:37:46.729000,8622.0,8654.0,8490.0,8590.0,nan,8571.0,353995,30340911450.0,152781,8623.0,12,8622.0,10,nan,0,nan,0,nan,0,nan,0,nan,0,nan,0,nan,0,nan,0
1597988266739268096,1597988267224000000,2020-08-21 13:37:47.224000,8622.0,8654.0,8490.0,8590.0,nan,8571.0,353998,30341168580.0,152779,8623.0,6,8622.0,8,nan,0,nan,0,nan,0,nan,0,nan,0,nan,0,nan,0,nan,0
1597988267235674880,1597988267736999936,2020-08-21 13:37:47.737000,8623.0,8654.0,8490.0,8590.0,nan,8571.0,354006,30341854260.0,152775,8624.0,38,8623.0,1,nan,0,nan,0,nan,0,nan,0,nan,0,nan,0,nan,0,nan,0
1597988267735546112,1597988268177999872,2020-08-21 13:37:48.178000,8622.0,8654.0,8490.0,8590.0,nan,8571.0,354028,30343739880.0,152788,8623.0,5,8622.0,14,nan,0,nan,0,nan,0,nan,0,nan,0,nan,0,nan,0,nan,0
1597988268229576960,1597988268732999936,2020-08-21 13:37:48.733000,8622.0,8654.0,8490.0,8590.0,nan,8571.0,354028,30343739880.0,152788,8623.0,11,8622.0,24,nan,0,nan,0,nan,0,nan,0,nan,0,nan,0,nan,0,nan,0
1597988268744335872,1597988269240000000,2020-08-21 13:37:49.240000,8622.0,8654.0,8490.0,8590.0,nan,8571.0,354028,30343739880.0,152788,8623.0,11,8622.0,25,nan,0,nan,0,nan,0,nan,0,nan,0,nan,0,nan,0,nan,0
1597988269205697024,1597988269740000000,2020-08-21 13:37:49.740000,8623.0,8654.0,8490.0,8590.0,nan,8571.0,354039,30344682690.0,152777,8624.0,51,8622.0,26,nan,0,nan,0,nan,0,nan,0,nan,0,nan,0,nan,0,nan,0
1597988269747081984,1597988270220000000,2020-08-21 13:37:50.220000,8623.0,8654.0,8490.0,8590.0,nan,8571.0,354039,30344682690.0,152777,8624.0,52,8622.0,22,nan,0,nan,0,nan,0,nan,0,nan,0,nan,0,nan,0,nan,0
1597988270233652992,1597988270731000064,2020-08-21 13:37:50.731000,8622.0,8654.0,8490.0,8590.0,nan,8571.0,354045,30345196950.0,152775,8624.0,53,8622.0,20,nan,0,nan,0,nan,0,nan,0,nan,0,nan,0,nan,0,nan,0
1597988271233957888,1597988271740000000,2020-08-21 13:37:51.740000,8622.0,8654.0,8490.0,8590.0,nan,8571.0,354045,30345196950.0,152775,8623.0,2,8622.0,20,nan,0,nan,0,nan,0,nan,0,nan,0,nan,0,nan,0,nan,0
1597988271741135104,1597988272233999872,2020-08-21 13:37:52.234000,8623.0,8654.0,8490.0,8590.0,nan,8571.0,354047,30345368370.0,152773,8624.0,54,8622.0,20,nan,0,nan,0,nan,0,nan,0,nan,0,nan,0,nan,0,nan,0
1597988272229785088,1597988272740000000,2020-08-21 13:37:52.740000,8623.0,8654.0,8490.0,8590.0,nan,8571.0,354048,30345454080.0,152773,8624.0,54,8622.0,20,nan,0,nan,0,nan,0,nan,0,nan,0,nan,0,nan,0,nan,0
1597988273738895104,1597988274236000000,2020-08-21 13:37:54.236000,8623.0,8654.0,8490.0,8590.0,nan,8571.0,354048,30345454080.0,152773,8623.0,1,8622.0,22,nan,0,nan,0,nan,0,nan,0,nan,0,nan,0,nan,0,nan,0
1597988274230846976,1597988274724999936,2020-08-21 13:37:54.725000,8623.0,8654.0,8490.0,8590.0,nan,8571.0,354053,30345882630.0,152773,8623.0,1,8622.0,23,nan,0,nan,0,nan,0,nan,0,nan,0,nan,0,nan,0,nan,0
1597988274745046016,1597988275239000064,2020-08-21 13:37:55.239000,8623.0,8654.0,8490.0,8590.0,nan,8571.0,354056,30346139760.0,152773,8624.0,53,8622.0,25,nan,0,nan,0,nan,0,nan,0,nan,0,nan,0,nan,0,nan,0
1597988275215486976,1597988275727000064,2020-08-21 13:37:55.727000,8624.0,8654.0,8490.0,8590.0,nan,8571.0,354069,30347253990.0,152768,8624.0,40,8622.0,26,nan,0,nan,0,nan,0,nan,0,nan,0,nan,0,nan,0,nan,0
1597988275759745024,1597988276240999936,2020-08-21 13:37:56.241000,8624.0,8654.0,8490.0,8590.0,nan,8571.0,354069,30347253990.0,152768,8624.0,40,8623.0,7,nan,0,nan,0,nan,0,nan,0,nan,0,nan,0,nan,0,nan,0
1597988276259032064,1597988276736999936,2020-08-21 13:37:56.737000,8624.0,8654.0,8490.0,8590.0,nan,8571.0,354069,30347253990.0,152768,8624.0,40,8623.0,8,nan,0,nan,0,nan,0,nan,0,nan,0,nan,0,nan,0,nan,0
1597988276818809088,1597988277226000128,2020-08-21 13:37:57.226000,8623.0,8654.0,8490.0,8590.0,nan,8571.0,354073,30347596830.0,152770,8624.0,38,8623.0,9,nan,0,nan,0,nan,0,nan,0,nan,0,nan,0,nan,0,nan,0
1597988277272238080,1597988277706000128,2020-08-21 13:37:57.706000,8620.0,8654.0,8490.0,8590.0,nan,8571.0,354173,30356167830.0,152715,8623.0,32,8621.0,8,nan,0,nan,0,nan,0,nan,0,nan,0,nan,0,nan,0,nan,0
1597988277753007104,1597988278236999936,2020-08-21 13:37:58.237000,8621.0,8654.0,8490.0,8590.0,nan,8571.0,354179,30356682090.0,152712,8622.0,9,8621.0,8,nan,0,nan,0,nan,0,nan,0,nan,0,nan,0,nan,0,nan,0
1597988278222216960,1597988278736000000,2020-08-21 13:37:58.736000,8621.0,8654.0,8490.0,8590.0,nan,8571.0,354191,30357710610.0,152719,8622.0,8,8621.0,4,nan,0,nan,0,nan,0,nan,0,nan,0,nan,0,nan,0,nan,0
1597988278742142976,1597988279236000000,2020-08-21 13:37:59.236000,8621.0,8654.0,8490.0,8590.0,nan,8571.0,354194,30357967740.0,152722,8622.0,9,8621.0,1,nan,0,nan,0,nan,0,nan,0,nan,0,nan,0,nan,0,nan,0
1597988279225804032,1597988279720000000,2020-08-21 13:37:59.720000,8621.0,8654.0,8490.0,8590.0,nan,8571.0,354197,30358224870.0,152724,8622.0,12,8621.0,3,nan,0,nan,0,nan,0,nan,0,nan,0,nan,0,nan,0,nan,0
1597988279742458112,1597988280161999872,2020-08-21 13:38:00.162000,8622.0,8654.0,8490.0,8590.0,nan,8571.0,354200,30358482000.0,152727,8622.0,10,8621.0,3,nan,0,nan,0,nan,0,nan,0,nan,0,nan,0,nan,0,nan,0
1597988280225989120,1597988280742000128,2020-08-21 13:38:00.742000,8621.0,8654.0,8490.0,8590.0,nan,8571.0,354205,30358910550.0,152729,8621.0,3,8620.0,69,nan,0,nan,0,nan,0,nan,0,nan,0,nan,0,nan,0,nan,0
1597988280715052032,1597988281236999936,2020-08-21 13:38:01.237000,8621.0,8654.0,8490.0,8590.0,nan,8571.0,354218,30360024780.0,152726,8622.0,5,8620.0,69,nan,0,nan,0,nan,0,nan,0,nan,0,nan,0,nan,0,nan,0
1597988281209406976,1597988281742000128,2020-08-21 13:38:01.742000,8621.0,8654.0,8490.0,8590.0,nan,8571.0,354230,30361053300.0,152729,8622.0,10,8621.0,5,nan,0,nan,0,nan,0,nan,0,nan,0,nan,0,nan,0,nan,0
1597988281717044992,1597988282193000192,2020-08-21 13:38:02.193000,8621.0,8654.0,8490.0,8590.0,nan,8571.0,354236,30361567560.0,152729,8622.0,10,8621.0,17,nan,0,nan,0,nan,0,nan,0,nan,0,nan,0,nan,0,nan,0
1597988282235855872,1597988282712999936,2020-08-21 13:38:02.713000,8621.0,8654.0,8490.0,8590.0,nan,8571.0,354237,30361653270.0,152729,8622.0,10,8621.0,17,nan,0,nan,0,nan,0,nan,0,nan,0,nan,0,nan,0,nan,0
1597988282742404096,1597988283233999872,2020-08-21 13:38:03.234000,8622.0,8654.0,8490.0,8590.0,nan,8571.0,354246,30362424660.0,152726,8622.0,2,8621.0,16,nan,0,nan,0,nan,0,nan,0,nan,0,nan,0,nan,0,nan,0
1597988283287401984,1597988283733999872,2020-08-21 13:38:03.734000,8621.0,8654.0,8490.0,8590.0,nan,8571.0,354259,30363538890.0,152716,8622.0,2,8621.0,6,nan,0,nan,0,nan,0,nan,0,nan,0,nan,0,nan,0,nan,0
1597988283714025984,1597988284237999872,2020-08-21 13:38:04.238000,8621.0,8654.0,8490.0,8590.0,nan,8571.0,354259,30363538890.0,152716,8622.0,9,8621.0,6,nan,0,nan,0,nan,0,nan,0,nan,0,nan,0,nan,0,nan,0
1597988284229913088,1597988284706000128,2020-08-21 13:38:04.706000,8621.0,8654.0,8490.0,8590.0,nan,8571.0,354275,30364910250.0,152714,8621.0,44,8620.0,61,nan,0,nan,0,nan,0,nan,0,nan,0,nan,0,nan,0,nan,0
1597988284739962880,1597988285234999808,2020-08-21 13:38:05.235000,8621.0,8654.0,8490.0,8590.0,nan,8571.0,354281,30365424510.0,152714,8621.0,42,8620.0,60,nan,0,nan,0,nan,0,nan,0,nan,0,nan,0,nan,0,nan,0
1597988285227531008,1597988285714999808,2020-08-21 13:38:05.715000,8621.0,8654.0,8490.0,8590.0,nan,8571.0,354290,30366195900.0,152717,8621.0,33,8620.0,59,nan,0,nan,0,nan,0,nan,0,nan,0,nan,0,nan,0,nan,0
1597988285746852096,1597988286236999936,2020-08-21 13:38:06.237000,8620.0,8654.0,8490.0,8590.0,nan,8571.0,354291,30366281610.0,152717,8621.0,36,8620.0,59,nan,0,nan,0,nan,0,nan,0,nan,0,nan,0,nan,0,nan,0
1597988286227770880,1597988286732999936,2020-08-21 13:38:06.733000,8620.0,8654.0,8490.0,8590.0,nan,8571.0,354293,30366453030.0,152716,8621.0,36,8620.0,57,nan,0,nan,0,nan,0,nan,0,nan,0,nan,0,nan,0,nan,0
1597988286740186112,1597988287240000000,2020-08-21 13:38:07.240000,8621.0,8654.0,8490.0,8590.0,nan,8571.0,354297,30366795870.0,152715,8621.0,36,8620.0,55,nan,0,nan,0,nan,0,nan,0,nan,0,nan,0,nan,0,nan,0
1597988287224207872,1597988287739000064,2020-08-21 13:38:07.739000,8621.0,8654.0,8490.0,8590.0,nan,8571.0,354298,30366881580.0,152715,8621.0,36,8620.0,57,nan,0,nan,0,nan,0,nan,0,nan,0,nan,0,nan,0,nan,0
1597988287751633920,1597988288242000128,2020-08-21 13:38:08.242000,8620.0,8654.0,8490.0,8590.0,nan,8571.0,354299,30366967290.0,152715,8621.0,36,8620.0,56,nan,0,nan,0,nan,0,nan,0,nan,0,nan,0,nan,0,nan,0
1597988288254535936,1597988288730000128,2020-08-21 13:38:08.730000,8621.0,8654.0,8490.0,8590.0,nan,8571.0,354302,30367224420.0,152717,8621.0,34,8620.0,56,nan,0,nan,0,nan,0,nan,0,nan,0,nan,0,nan,0,nan,0
1597988288742361088,1597988289240999936,2020-08-21 13:38:09.241000,8620.0,8654.0,8490.0,8590.0,nan,8571.0,354303,30367310130.0,152717,8621.0,34,8620.0,54,nan,0,nan,0,nan,0,nan,0,nan,0,nan,0,nan,0,nan,0
1597988289243024896,1597988289729000192,2020-08-21 13:38:09.729000,8620.0,8654.0,8490.0,8590.0,nan,8571.0,354304,30367395840.0,152718,8621.0,34,8620.0,57,nan,0,nan,0,nan,0,nan,0,nan,0,nan,0,nan,0,nan,0
1597988289746201088,1597988290232999936,2020-08-21 13:38:10.233000,8621.0,8654.0,8490.0,8590.0,nan,8571.0,354305,30367481550.0,152718,8621.0,33,8620.0,58,nan,0,nan,0,nan,0,nan,0,nan,0,nan,0,nan,0,nan,0
1597988290220335104,1597988290716999936,2020-08-21 13:38:10.717000,8621.0,8654.0,8490.0,8590.0,nan,8571.0,354309,30367824390.0,152720,8621.0,32,8620.0,55,nan,0,nan,0,nan,0,nan,0,nan,0,nan,0,nan,0,nan,0
1597988290741416960,1597988291242000128,2020-08-21 13:38:11.242000,8620.0,8654.0,8490.0,8590.0,nan,8571.0,354316,30368424360.0,152715,8621.0,30,8620.0,49,nan,0,nan,0,nan,0,nan,0,nan,0,nan,0,nan,0,nan,0
1597988291245073920,1597988291740999936,2020-08-21 13:38:11.741000,8621.0,8654.0,8490.0,8590.0,nan,8571.0,354330,30369624300.0,152705,8621.0,26,8620.0,41,nan,0,nan,0,nan,0,nan,0,nan,0,nan,0,nan,0,nan,0
1597988291720459008,1597988292223000064,2020-08-21 13:38:12.223000,8621.0,8654.0,8490.0,8590.0,nan,8571.0,354359,30372109890.0,152710,8622.0,13,8620.0,82,nan,0,nan,0,nan,0,nan,0,nan,0,nan,0,nan,0,nan,0
1597988292246995968,1597988292713999872,2020-08-21 13:38:12.714000,8621.0,8654.0,8490.0,8590.0,nan,8571.0,354363,30372452730.0,152714,8622.0,16,8621.0,9,nan,0,nan,0,nan,0,nan,0,nan,0,nan,0,nan,0,nan,0
1597988292752453120,1597988293236999936,2020-08-21 13:38:13.237000,8621.0,8654.0,8490.0,8590.0,nan,8571.0,354367,30372795570.0,152714,8622.0,16,8621.0,6,nan,0,nan,0,nan,0,nan,0,nan,0,nan,0,nan,0,nan,0
1597988293218727936,1597988293727000064,2020-08-21 13:38:13.727000,8621.0,8654.0,8490.0,8590.0,nan,8571.0,354367,30372795570.0,152714,8622.0,16,8621.0,18,nan,0,nan,0,nan,0,nan,0,nan,0,nan,0,nan,0,nan,0
1597988293747943936,1597988294223000064,2020-08-21 13:38:14.223000,8621.0,8654.0,8490.0,8590.0,nan,8571.0,354367,30372795570.0,152714,8622.0,16,8621.0,19,nan,0,nan,0,nan,0,nan,0,nan,0,nan,0,nan,0,nan,0
1597988294747867904,1597988295240000000,2020-08-21 13:38:15.240000,8622.0,8654.0,8490.0,8590.0,nan,8571.0,354368,30372881280.0,152714,8622.0,15,8621.0,21,nan,0,nan,0,nan,0,nan,0,nan,0,nan,0,nan,0,nan,0
1597988295257677056,1597988295724999936,2020-08-21 13:38:15.725000,8621.0,8654.0,8490.0,8590.0,nan,8571.0,354379,30373824090.0,152719,8622.0,14,8621.0,16,nan,0,nan,0,nan,0,nan,0,nan,0,nan,0,nan,0,nan,0
1597988295756340992,1597988296236999936,2020-08-21 13:38:16.237000,8621.0,8654.0,8490.0,8590.0,nan,8571.0,354391,30374852610.0,152724,8622.0,14,8621.0,5,nan,0,nan,0,nan,0,nan,0,nan,0,nan,0,nan,0,nan,0
1597988296234734080,1597988296737999872,2020-08-21 13:38:16.738000,8621.0,8654.0,8490.0,8590.0,nan,8571.0,354395,30375195450.0,152722,8622.0,13,8621.0,10,nan,0,nan,0,nan,0,nan,0,nan,0,nan,0,nan,0,nan,0
1597988296750017024,1597988297220000000,2020-08-21 13:38:17.220000,8621.0,8654.0,8490.0,8590.0,nan,8571.0,354395,30375195450.0,152722,8622.0,13,8621.0,12,nan,0,nan,0,nan,0,nan,0,nan,0,nan,0,nan,0,nan,0
1597988297252860928,1597988297716000000,2020-08-21 13:38:17.716000,8622.0,8654.0,8490.0,8590.0,nan,8571.0,354396,30375281160.0,152721,8622.0,12,8621.0,12,nan,0,nan,0,nan,0,nan,0,nan,0,nan,0,nan,0,nan,0
1597988297749773056,1597988298234999808,2020-08-21 13:38:18.235000,8621.0,8654.0,8490.0,8590.0,nan,8571.0,354400,30375624000.0,152719,8622.0,12,8621.0,8,nan,0,nan,0,nan,0,nan,0,nan,0,nan,0,nan,0,nan,0
1597988298247465984,1597988298739000064,2020-08-21 13:38:18.739000,8621.0,8654.0,8490.0,8590.0,nan,8571.0,354409,30376395390.0,152724,8621.0,52,8620.0,88,nan,0,nan,0,nan,0,nan,0,nan,0,nan,0,nan,0,nan,0
1597988298762021888,1597988299232999936,2020-08-21 13:38:19.233000,8621.0,8654.0,8490.0,8590.0,nan,8571.0,354411,30376566810.0,152723,8621.0,58,8620.0,88,nan,0,nan,0,nan,0,nan,0,nan,0,nan,0,nan,0,nan,0
1597988299221384960,1597988299731000064,2020-08-21 13:38:19.731000,8620.0,8654.0,8490.0,8590.0,nan,8571.0,354499,30384109290.0,152743,8620.0,39,8619.0,20,nan,0,nan,0,nan,0,nan,0,nan,0,nan,0,nan,0,nan,0
1597988299754772992,1597988300231000064,2020-08-21 13:38:20.231000,8618.0,8654.0,8490.0,8590.0,nan,8571.0,354530,30386766300.0,152757,8619.0,12,8618.0,66,nan,0,nan,0,nan,0,nan,0,nan,0,nan,0,nan,0,nan,0
1597988300250651904,1597988300739000064,2020-08-21 13:38:20.739000,8618.0,8654.0,8490.0,8590.0,nan,8571.0,354542,30387794820.0,152758,8619.0,12,8618.0,63,nan,0,nan,0,nan,0,nan,0,nan,0,nan,0,nan,0,nan,0
1597988300783375104,1597988301226000128,2020-08-21 13:38:21.226000,8619.0,8654.0,8490.0,8590.0,nan,8571.0,354546,30388137660.0,152758,8619.0,10,8618.0,64,nan,0,nan,0,nan,0,nan,0,nan,0,nan,0,nan,0,nan,0
1597988301769677056,1597988301740999936,2020-08-21 13:38:21.741000,8618.0,8654.0,8490.0,8590.0,nan,8571.0,354547,30388223370.0,152758,8619.0,14,8618.0,63,nan,0,nan,0,nan,0,nan,0,nan,0,nan,0,nan,0,nan,0
1597988302037666048,1597988302231000064,2020-08-21 13:38:22.231000,8619.0,8654.0,8490.0,8590.0,nan,8571.0,354552,30388651920.0,152754,8619.0,11,8618.0,61,nan,0,nan,0,nan,0,nan,0,nan,0,nan,0,nan,0,nan,0
1597988302218864128,1597988302743000064,2020-08-21 13:38:22.743000,8618.0,8654.0,8490.0,8590.0,nan,8571.0,354557,30389080470.0,152753,8619.0,8,8618.0,59,nan,0,nan,0,nan,0,nan,0,nan,0,nan,0,nan,0,nan,0
1597988302759379968,1597988303228000000,2020-08-21 13:38:23.228000,8619.0,8654.0,8490.0,8590.0,nan,8571.0,354562,30389509020.0,152754,8619.0,6,8618.0,62,nan,0,nan,0,nan,0,nan,0,nan,0,nan,0,nan,0,nan,0
1597988303225838080,1597988303732000000,2020-08-21 13:38:23.732000,8619.0,8654.0,8490.0,8590.0,nan,8571.0,354563,30389594730.0,152754,8619.0,5,8618.0,62,nan,0,nan,0,nan,0,nan,0,nan,0,nan,0,nan,0,nan,0
1597988303831712000,1597988304239000064,2020-08-21 13:38:24.239000,8619.0,8654.0,8490.0,8590.0,nan,8571.0,354570,30390194700.0,152756,8620.0,25,8619.0,3,nan,0,nan,0,nan,0,nan,0,nan,0,nan,0,nan,0,nan,0
1597988304270486016,1597988304743000064,2020-08-21 13:38:24.743000,8618.0,8654.0,8490.0,8590.0,nan,8571.0,354579,30390966090.0,152759,8619.0,29,8618.0,63,nan,0,nan,0,nan,0,nan,0,nan,0,nan,0,nan,0,nan,0
1597988304723572992,1597988305243000064,2020-08-21 13:38:25.243000,8619.0,8654.0,8490.0,8590.0,nan,8571.0,354589,30391823190.0,152755,8619.0,20,8618.0,65,nan,0,nan,0,nan,0,nan,0,nan,0,nan,0,nan,0,nan,0
1597988305219542016,1597988305742000128,2020-08-21 13:38:25.742000,8619.0,8654.0,8490.0,8590.0,nan,8571.0,354594,30392251740.0,152754,8619.0,44,8618.0,65,nan,0,nan,0,nan,0,nan,0,nan,0,nan,0,nan,0,nan,0
1597988305743311872,1597988306240999936,2020-08-21 13:38:26.241000,8619.0,8654.0,8490.0,8590.0,nan,8571.0,354598,30392594580.0,152754,8619.0,43,8618.0,62,nan,0,nan,0,nan,0,nan,0,nan,0,nan,0,nan,0,nan,0
1597988306261128960,1597988306742000128,2020-08-21 13:38:26.742000,8619.0,8654.0,8490.0,8590.0,nan,8571.0,354600,30392766000.0,152752,8619.0,42,8618.0,62,nan,0,nan,0,nan,0,nan,0,nan,0,nan,0,nan,0,nan,0
1597988306751036928,1597988307209000192,2020-08-21 13:38:27.209000,8618.0,8654.0,8490.0,8590.0,nan,8571.0,354602,30392937420.0,152754,8619.0,47,8618.0,60,nan,0,nan,0,nan,0,nan,0,nan,0,nan,0,nan,0,nan,0
1597988307231066880,1597988307742000128,2020-08-21 13:38:27.742000,8619.0,8654.0,8490.0,8590.0,nan,8571.0,354606,30393280260.0,152752,8619.0,46,8618.0,61,nan,0,nan,0,nan,0,nan,0,nan,0,nan,0,nan,0,nan,0
1597988307766629888,1597988308243000064,2020-08-21 13:38:28.243000,8619.0,8654.0,8490.0,8590.0,nan,8571.0,354608,30393451680.0,152751,8619.0,44,8618.0,61,nan,0,nan,0,nan,0,nan,0,nan,0,nan,0,nan,0,nan,0
1597988308228741888,1597988308734999808,2020-08-21 13:38:28.735000,8618.0,8654.0,8490.0,8590.0,nan,8571.0,354618,30394308780.0,152743,8619.0,35,8618.0,61,nan,0,nan,0,nan,0,nan,0,nan,0,nan,0,nan,0,nan,0
1597988308751271936,1597988309229000192,2020-08-21 13:38:29.229000,8618.0,8654.0,8490.0,8590.0,nan,8571.0,354620,30394480200.0,152744,8619.0,36,8618.0,62,nan,0,nan,0,nan,0,nan,0,nan,0,nan,0,nan,0,nan,0
1597988309255009024,1597988309736000000,2020-08-21 13:38:29.736000,8618.0,8654.0,8490.0,8590.0,nan,8571.0,354624,30394823040.0,152743,8619.0,35,8618.0,60,nan,0,nan,0,nan,0,nan,0,nan,0,nan,0,nan,0,nan,0
1597988309946743040,1597988310227000064,2020-08-21 13:38:30.227000,8618.0,8654.0,8490.0,8590.0,nan,8571.0,354629,30395251590.0,152744,8619.0,33,8618.0,57,nan,0,nan,0,nan,0,nan,0,nan,0,nan,0,nan,0,nan,0
1597988310322534912,1597988310736999936,2020-08-21 13:38:30.737000,8618.0,8654.0,8490.0,8590.0,nan,8571.0,354636,30395851560.0,152746,8619.0,32,8618.0,52,nan,0,nan,0,nan,0,nan,0,nan,0,nan,0,nan,0,nan,0
1597988310757861888,1597988311240999936,2020-08-21 13:38:31.241000,8618.0,8654.0,8490.0,8590.0,nan,8571.0,354638,30396022980.0,152747,8619.0,31,8618.0,52,nan,0,nan,0,nan,0,nan,0,nan,0,nan,0,nan,0,nan,0
1597988311231427072,1597988311724000000,2020-08-21 13:38:31.724000,8618.0,8654.0,8490.0,8590.0,nan,8571.0,354639,30396108690.0,152748,8619.0,31,8618.0,51,nan,0,nan,0,nan,0,nan,0,nan,0,nan,0,nan,0,nan,0
1597988311752163072,1597988312230000128,2020-08-21 13:38:32.230000,8618.0,8654.0,8490.0,8590.0,nan,8571.0,354690,30400479900.0,152762,8620.0,31,8619.0,1,nan,0,nan,0,nan,0,nan,0,nan,0,nan,0,nan,0,nan,0
1597988312249959936,1597988312696000000,2020-08-21 13:38:32.696000,8619.0,8654.0,8490.0,8590.0,nan,8571.0,354693,30400737030.0,152760,8619.0,19,8618.0,34,nan,0,nan,0,nan,0,nan,0,nan,0,nan,0,nan,0,nan,0
1597988312766169088,1597988313239000064,2020-08-21 13:38:33.239000,8619.0,8654.0,8490.0,8590.0,nan,8571.0,354696,30400994160.0,152762,8619.0,19,8618.0,31,nan,0,nan,0,nan,0,nan,0,nan,0,nan,0,nan,0,nan,0
1597988313236730880,1597988313744000000,2020-08-21 13:38:33.744000,8618.0,8654.0,8490.0,8590.0,nan,8571.0,354699,30401251290.0,152763,8619.0,17,8618.0,30,nan,0,nan,0,nan,0,nan,0,nan,0,nan,0,nan,0,nan,0
1597988313761132032,1597988314244000000,2020-08-21 13:38:34.244000,8619.0,8654.0,8490.0,8590.0,nan,8571.0,354700,30401337000.0,152763,8619.0,17,8618.0,33,nan,0,nan,0,nan,0,nan,0,nan,0,nan,0,nan,0,nan,0
1597988314227340032,1597988314734999808,2020-08-21 13:38:34.735000,8618.0,8654.0,8490.0,8590.0,nan,8571.0,354701,30401422710.0,152763,8619.0,18,8618.0,32,nan,0,nan,0,nan,0,nan,0,nan,0,nan,0,nan,0,nan,0
1597988314752348928,1597988315232999936,2020-08-21 13:38:35.233000,8618.0,8654.0,8490.0,8590.0,nan,8571.0,354733,30404165430.0,152770,8619.0,18,8617.0,72,nan,0,nan,0,nan,0,nan,0,nan,0,nan,0,nan,0,nan,0
1597988315251724032,1597988315729000192,2020-08-21 13:38:35.729000,8618.0,8654.0,8490.0,8590.0,nan,8571.0,354737,30404508270.0,152770,8618.0,1,8617.0,71,nan,0,nan,0,nan,0,nan,0,nan,0,nan,0,nan,0,nan,0
1597988315769869056,1597988316223000064,2020-08-21 13:38:36.223000,8618.0,8654.0,8490.0,8590.0,nan,8571.0,354750,30405622500.0,152766,8619.0,18,8617.0,72,nan,0,nan,0,nan,0,nan,0,nan,0,nan,0,nan,0,nan,0
1597988316241895936,1597988316742000128,2020-08-21 13:38:36.742000,8618.0,8654.0,8490.0,8590.0,nan,8571.0,354751,30405708210.0,152766,8618.0,4,8617.0,75,nan,0,nan,0,nan,0,nan,0,nan,0,nan,0,nan,0,nan,0
1597988316730695936,1597988317240999936,2020-08-21 13:38:37.241000,8617.0,8654.0,8490.0,8590.0,nan,8571.0,354759,30406393890.0,152768,8618.0,5,8617.0,68,nan,0,nan,0,nan,0,nan,0,nan,0,nan,0,nan,0,nan,0
1597988317234993920,1597988317716000000,2020-08-21 13:38:37.716000,8618.0,8654.0,8490.0,8590.0,nan,8571.0,354775,30407765250.0,152755,8618.0,3,8617.0,57,nan,0,nan,0,nan,0,nan,0,nan,0,nan,0,nan,0,nan,0
1597988317759564032,1597988318232000000,2020-08-21 13:38:38.232000,8617.0,8654.0,8490.0,8590.0,nan,8571.0,354776,30407850960.0,152755,8618.0,8,8617.0,55,nan,0,nan,0,nan,0,nan,0,nan,0,nan,0,nan,0,nan,0
1597988318256389120,1597988318716000000,2020-08-21 13:38:38.716000,8618.0,8654.0,8490.0,8590.0,nan,8571.0,354779,30408108090.0,152752,8618.0,9,8617.0,53,nan,0,nan,0,nan,0,nan,0,nan,0,nan,0,nan,0,nan,0
1597988318756324096,1597988319234999808,2020-08-21 13:38:39.235000,8617.0,8654.0,8490.0,8590.0,nan,8571.0,354787,30408793770.0,152747,8618.0,3,8617.0,53,nan,0,nan,0,nan,0,nan,0,nan,0,nan,0,nan,0,nan,0
1597988319269639936,1597988319726000128,2020-08-21 13:38:39.726000,8617.0,8654.0,8490.0,8590.0,nan,8571.0,354812,30410936520.0,152736,8618.0,9,8617.0,36,nan,0,nan,0,nan,0,nan,0,nan,0,nan,0,nan,0,nan,0
1597988319767630080,1597988320240999936,2020-08-21 13:38:40.241000,8618.0,8654.0,8490.0,8590.0,nan,8571.0,354816,30411279360.0,152733,8618.0,13,8617.0,34,nan,0,nan,0,nan,0,nan,0,nan,0,nan,0,nan,0,nan,0
1597988320232478976,1597988320740999936,2020-08-21 13:38:40.741000,8617.0,8654.0,8490.0,8590.0,nan,8571.0,354817,30411365070.0,152733,8618.0,13,8617.0,35,nan,0,nan,0,nan,0,nan,0,nan,0,nan,0,nan,0,nan,0
1597988320738380032,1597988321233999872,2020-08-21 13:38:41.234000,8617.0,8654.0,8490.0,8590.0,nan,8571.0,354832,30412650720.0,152734,8618.0,16,8617.0,19,nan,0,nan,0,nan,0,nan,0,nan,0,nan,0,nan,0,nan,0
1597988321249486080,1597988321743000064,2020-08-21 13:38:41.743000,8617.0,8654.0,8490.0,8590.0,nan,8571.0,354855,30414622050.0,152737,8617.0,6,8616.0,104,nan,0,nan,0,nan,0,nan,0,nan,0,nan,0,nan,0,nan,0
1597988321774021888,1597988322233999872,2020-08-21 13:38:42.234000,8616.0,8654.0,8490.0,8590.0,nan,8571.0,354861,30415136310.0,152735,8617.0,11,8616.0,102,nan,0,nan,0,nan,0,nan,0,nan,0,nan,0,nan,0,nan,0
1597988322267433984,1597988322726000128,2020-08-21 13:38:42.726000,8617.0,8654.0,8490.0,8590.0,nan,8571.0,354898,30418307580.0,152740,8617.0,1,8616.0,92,nan,0,nan,0,nan,0,nan,0,nan,0,nan,0,nan,0,nan,0
1597988322771601920,1597988323213999872,2020-08-21 13:38:43.214000,8617.0,8654.0,8490.0,8590.0,nan,8571.0,354901,30418564710.0,152740,8617.0,1,8616.0,91,nan,0,nan,0,nan,0,nan,0,nan,0,nan,0,nan,0,nan,0
1597988323223517952,1597988323732999936,2020-08-21 13:38:43.733000,8616.0,8654.0,8490.0,8590.0,nan,8571.0,354907,30419078970.0,152740,8618.0,28,8616.0,90,nan,0,nan,0,nan,0,nan,0,nan,0,nan,0,nan,0,nan,0
1597988323749445120,1597988324236999936,2020-08-21 13:38:44.237000,8616.0,8654.0,8490.0,8590.0,nan,8571.0,354940,30421907400.0,152734,8618.0,28,8616.0,59,nan,0,nan,0,nan,0,nan,0,nan,0,nan,0,nan,0,nan,0
1597988324242265088,1597988324729000192,2020-08-21 13:38:44.729000,8616.0,8654.0,8490.0,8590.0,nan,8571.0,354959,30423535890.0,152740,8617.0,11,8616.0,49,nan,0,nan,0,nan,0,nan,0,nan,0,nan,0,nan,0,nan,0
1597988324734676992,1597988325237999872,2020-08-21 13:38:45.238000,8617.0,8654.0,8490.0,8590.0,nan,8571.0,354963,30423878730.0,152741,8617.0,9,8616.0,45,nan,0,nan,0,nan,0,nan,0,nan,0,nan,0,nan,0,nan,0
1597988325333964032,1597988325742000128,2020-08-21 13:38:45.742000,8617.0,8654.0,8490.0,8590.0,nan,8571.0,354963,30423878730.0,152741,8617.0,12,8616.0,45,nan,0,nan,0,nan,0,nan,0,nan,0,nan,0,nan,0,nan,0
1597988325907232000,1597988326224000000,2020-08-21 13:38:46.224000,8618.0,8654.0,8490.0,8590.0,nan,8571.0,354976,30424992960.0,152737,8618.0,28,8617.0,4,nan,0,nan,0,nan,0,nan,0,nan,0,nan,0,nan,0,nan,0
1597988326370223104,1597988326737999872,2020-08-21 13:38:46.738000,8616.0,8654.0,8490.0,8590.0,nan,8571.0,354989,30426107190.0,152739,8618.0,28,8617.0,4,nan,0,nan,0,nan,0,nan,0,nan,0,nan,0,nan,0,nan,0
1597988326795547904,1597988327224999936,2020-08-21 13:38:47.225000,8616.0,8654.0,8490.0,8590.0,nan,8571.0,355001,30427135710.0,152738,8618.0,27,8616.0,48,nan,0,nan,0,nan,0,nan,0,nan,0,nan,0,nan,0,nan,0
1597988327429379072,1597988327712000000,2020-08-21 13:38:47.712000,8616.0,8654.0,8490.0,8590.0,nan,8571.0,355004,30427392840.0,152738,8617.0,3,8616.0,45,nan,0,nan,0,nan,0,nan,0,nan,0,nan,0,nan,0,nan,0
1597988327779248896,1597988328180000000,2020-08-21 13:38:48.180000,8616.0,8654.0,8490.0,8590.0,nan,8571.0,355017,30428507070.0,152737,8618.0,29,8616.0,43,nan,0,nan,0,nan,0,nan,0,nan,0,nan,0,nan,0,nan,0
1597988328398344960,1597988328732000000,2020-08-21 13:38:48.732000,8616.0,8654.0,8490.0,8590.0,nan,8571.0,355018,30428592780.0,152737,8618.0,31,8616.0,45,nan,0,nan,0,nan,0,nan,0,nan,0,nan,0,nan,0,nan,0
1597988328857880064,1597988329211000064,2020-08-21 13:38:49.211000,8617.0,8654.0,8490.0,8590.0,nan,8571.0,355026,30429278460.0,152734,8618.0,28,8617.0,2,nan,0,nan,0,nan,0,nan,0,nan,0,nan,0,nan,0,nan,0
1597988329443863040,1597988329716999936,2020-08-21 13:38:49.717000,8616.0,8654.0,8490.0,8590.0,nan,8571.0,355076,30433563960.0,152725,8616.0,15,8615.0,42,nan,0,nan,0,nan,0,nan,0,nan,0,nan,0,nan,0,nan,0
1597988329760131072,1597988330108999936,2020-08-21 13:38:50.109000,8615.0,8654.0,8490.0,8590.0,nan,8571.0,355082,30434078220.0,152729,8616.0,12,8615.0,41,nan,0,nan,0,nan,0,nan,0,nan,0,nan,0,nan,0,nan,0
1597988330315108096,1597988330712000000,2020-08-21 13:38:50.712000,8616.0,8654.0,8490.0,8590.0,nan,8571.0,355128,30438020880.0,152718,8616.0,5,8615.0,23,nan,0,nan,0,nan,0,nan,0,nan,0,nan,0,nan,0,nan,0
1597988330762200064,1597988331240000000,2020-08-21 13:38:51.240000,8615.0,8654.0,8490.0,8590.0,nan,8571.0,355140,30439049400.0,152711,8616.0,14,8615.0,8,nan,0,nan,0,nan,0,nan,0,nan,0,nan,0,nan,0,nan,0
1597988331246684928,1597988331743000064,2020-08-21 13:38:51.743000,8615.0,8654.0,8490.0,8590.0,nan,8571.0,355145,30439477950.0,152711,8616.0,13,8615.0,7,nan,0,nan,0,nan,0,nan,0,nan,0,nan,0,nan,0,nan,0
1597988331770319872,1597988332230000128,2020-08-21 13:38:52.230000,8616.0,8654.0,8490.0,8590.0,nan,8571.0,355149,30439820790.0,152711,8616.0,10,8615.0,17,nan,0,nan,0,nan,0,nan,0,nan,0,nan,0,nan,0,nan,0
1597988332277978880,1597988332740999936,2020-08-21 13:38:52.741000,8615.0,8654.0,8490.0,8590.0,nan,8571.0,355169,30441534990.0,152709,8615.0,12,8614.0,15,nan,0,nan,0,nan,0,nan,0,nan,0,nan,0,nan,0,nan,0
1597988332736939008,1597988333239000064,2020-08-21 13:38:53.239000,8615.0,8654.0,8490.0,8590.0,nan,8571.0,355179,30442392090.0,152706,8615.0,17,8614.0,12,nan,0,nan,0,nan,0,nan,0,nan,0,nan,0,nan,0,nan,0
1597988333249457920,1597988333742000128,2020-08-21 13:38:53.742000,8615.0,8654.0,8490.0,8590.0,nan,8571.0,355199,30444106290.0,152706,8615.0,34,8614.0,5,nan,0,nan,0,nan,0,nan,0,nan,0,nan,0,nan,0,nan,0
1597988333837541120,1597988334240999936,2020-08-21 13:38:54.241000,8615.0,8654.0,8490.0,8590.0,nan,8571.0,355205,30444620550.0,152707,8615.0,31,8614.0,5,nan,0,nan,0,nan,0,nan,0,nan,0,nan,0,nan,0,nan,0
1597988334269155072,1597988334691000064,2020-08-21 13:38:54.691000,8614.0,8654.0,8490.0,8590.0,nan,8571.0,355208,30444877680.0,152708,8615.0,30,8614.0,15,nan,0,nan,0,nan,0,nan,0,nan,0,nan,0,nan,0,nan,0
1597988334799152896,1597988335183000064,2020-08-21 13:38:55.183000,8614.0,8654.0,8490.0,8590.0,nan,8571.0,355226,30446420460.0,152719,8615.0,16,8614.0,20,nan,0,nan,0,nan,0,nan,0,nan,0,nan,0,nan,0,nan,0
1597988335238312960,1597988335736999936,2020-08-21 13:38:55.737000,8616.0,8654.0,8490.0,8590.0,nan,8571.0,355249,30448391790.0,152712,8616.0,14,8615.0,9,nan,0,nan,0,nan,0,nan,0,nan,0,nan,0,nan,0,nan,0
1597988335762739968,1597988336194000128,2020-08-21 13:38:56.194000,8616.0,8654.0,8490.0,8590.0,nan,8571.0,355253,30448734630.0,152713,8616.0,15,8615.0,20,nan,0,nan,0,nan,0,nan,0,nan,0,nan,0,nan,0,nan,0
1597988336284320000,1597988336742000128,2020-08-21 13:38:56.742000,8615.0,8654.0,8490.0,8590.0,nan,8571.0,355268,30450020280.0,152719,8616.0,14,8615.0,20,nan,0,nan,0,nan,0,nan,0,nan,0,nan,0,nan,0,nan,0
1597988336760517888,1597988337237999872,2020-08-21 13:38:57.238000,8616.0,8654.0,8490.0,8590.0,nan,8571.0,355278,30450877380.0,152709,8616.0,5,8615.0,28,nan,0,nan,0,nan,0,nan,0,nan,0,nan,0,nan,0,nan,0
1597988337283700992,1597988337703000064,2020-08-21 13:38:57.703000,8616.0,8654.0,8490.0,8590.0,nan,8571.0,355284,30451391640.0,152705,8617.0,50,8616.0,3,nan,0,nan,0,nan,0,nan,0,nan,0,nan,0,nan,0,nan,0
1597988337941351936,1597988338239000064,2020-08-21 13:38:58.239000,8616.0,8654.0,8490.0,8590.0,nan,8571.0,355290,30451905900.0,152707,8617.0,50,8615.0,36,nan,0,nan,0,nan,0,nan,0,nan,0,nan,0,nan,0,nan,0
1597988338240518912,1597988338732000000,2020-08-21 13:38:58.732000,8617.0,8654.0,8490.0,8590.0,nan,8571.0,355301,30452848710.0,152696,8617.0,49,8615.0,61,nan,0,nan,0,nan,0,nan,0,nan,0,nan,0,nan,0,nan,0
1597988338781464064,1597988339243000064,2020-08-21 13:38:59.243000,8616.0,8654.0,8490.0,8590.0,nan,8571.0,355306,30453277260.0,152695,8617.0,49,8616.0,22,nan,0,nan,0,nan,0,nan,0,nan,0,nan,0,nan,0,nan,0
1597988339344838912,1597988339732000000,2020-08-21 13:38:59.732000,8617.0,8654.0,8490.0,8590.0,nan,8571.0,355312,30453791520.0,152694,8617.0,45,8616.0,21,nan,0,nan,0,nan,0,nan,0,nan,0,nan,0,nan,0,nan,0
1597988339771086080,1597988340240999936,2020-08-21 13:39:00.241000,8615.0,8654.0,8490.0,8590.0,nan,8571.0,355347,30456791370.0,152674,8617.0,49,8615.0,51,nan,0,nan,0,nan,0,nan,0,nan,0,nan,0,nan,0,nan,0
1597988340287235072,1597988340736999936,2020-08-21 13:39:00.737000,8616.0,8654.0,8490.0,8590.0,nan,8571.0,355349,30456962790.0,152674,8617.0,49,8615.0,56,nan,0,nan,0,nan,0,nan,0,nan,0,nan,0,nan,0,nan,0
1597988340793542912,1597988341237999872,2020-08-21 13:39:01.238000,8616.0,8654.0,8490.0,8590.0,nan,8571.0,355357,30457648470.0,152676,8616.0,46,8615.0,54,nan,0,nan,0,nan,0,nan,0,nan,0,nan,0,nan,0,nan,0
1597988341251816960,1597988341742000128,2020-08-21 13:39:01.742000,8616.0,8654.0,8490.0,8590.0,nan,8571.0,355358,30457734180.0,152676,8616.0,48,8615.0,52,nan,0,nan,0,nan,0,nan,0,nan,0,nan,0,nan,0,nan,0
1597988342243441920,1597988342734999808,2020-08-21 13:39:02.735000,8616.0,8654.0,8490.0,8590.0,nan,8571.0,355409,30462105390.0,152674,8617.0,54,8616.0,12,nan,0,nan,0,nan,0,nan,0,nan,0,nan,0,nan,0,nan,0
1597988342783130112,1597988343236999936,2020-08-21 13:39:03.237000,8616.0,8654.0,8490.0,8590.0,nan,8571.0,355411,30462276810.0,152672,8617.0,54,8616.0,13,nan,0,nan,0,nan,0,nan,0,nan,0,nan,0,nan,0,nan,0
1597988343275392000,1597988343740000000,2020-08-21 13:39:03.740000,8617.0,8654.0,8490.0,8590.0,nan,8571.0,355416,30462705360.0,152672,8617.0,50,8616.0,28,nan,0,nan,0,nan,0,nan,0,nan,0,nan,0,nan,0,nan,0
1597988343741213952,1597988344221999872,2020-08-21 13:39:04.222000,8617.0,8654.0,8490.0,8590.0,nan,8571.0,355472,30467505120.0,152652,8618.0,22,8617.0,11,nan,0,nan,0,nan,0,nan,0,nan,0,nan,0,nan,0,nan,0
1597988344241331968,1597988344743000064,2020-08-21 13:39:04.743000,8617.0,8654.0,8490.0,8590.0,nan,8571.0,355474,30467676540.0,152653,8618.0,26,8617.0,12,nan,0,nan,0,nan,0,nan,0,nan,0,nan,0,nan,0,nan,0
1597988344778508032,1597988345236999936,2020-08-21 13:39:05.237000,8617.0,8654.0,8490.0,8590.0,nan,8571.0,355480,30468190800.0,152659,8618.0,27,8617.0,10,nan,0,nan,0,nan,0,nan,0,nan,0,nan,0,nan,0,nan,0
1597988345269319936,1597988345742000128,2020-08-21 13:39:05.742000,8617.0,8654.0,8490.0,8590.0,nan,8571.0,355490,30469047900.0,152658,8618.0,26,8617.0,2,nan,0,nan,0,nan,0,nan,0,nan,0,nan,0,nan,0,nan,0
1597988345783262976,1597988346233999872,2020-08-21 13:39:06.234000,8617.0,8654.0,8490.0,8590.0,nan,8571.0,355498,30469733580.0,152658,8617.0,11,8616.0,39,nan,0,nan,0,nan,0,nan,0,nan,0,nan,0,nan,0,nan,0
1597988346287286016,1597988346743000064,2020-08-21 13:39:06.743000,8617.0,8654.0,8490.0,8590.0,nan,8571.0,355510,30470762100.0,152654,8618.0,27,8616.0,41,nan,0,nan,0,nan,0,nan,0,nan,0,nan,0,nan,0,nan,0
1597988346813444096,1597988347239000064,2020-08-21 13:39:07.239000,8617.0,8654.0,8490.0,8590.0,nan,8571.0,355510,30470762100.0,152654,8618.0,27,8617.0,1,nan,0,nan,0,nan,0,nan,0,nan,0,nan,0,nan,0,nan,0
1597988347249360896,1597988347711000064,2020-08-21 13:39:07.711000,8617.0,8654.0,8490.0,8590.0,nan,8571.0,355516,30471276360.0,152655,8617.0,2,8616.0,41,nan,0,nan,0,nan,0,nan,0,nan,0,nan,0,nan,0,nan,0
1597988347778477056,1597988348233999872,2020-08-21 13:39:08.234000,8616.0,8654.0,8490.0,8590.0,nan,8571.0,355518,30471447780.0,152655,8617.0,14,8616.0,40,nan,0,nan,0,nan,0,nan,0,nan,0,nan,0,nan,0,nan,0
1597988348267621120,1597988348707000064,2020-08-21 13:39:08.707000,8616.0,8654.0,8490.0,8590.0,nan,8571.0,355520,30471619200.0,152654,8617.0,14,8616.0,44,nan,0,nan,0,nan,0,nan,0,nan,0,nan,0,nan,0,nan,0
1597988348771585024,1597988349219000064,2020-08-21 13:39:09.219000,8617.0,8654.0,8490.0,8590.0,nan,8571.0,355521,30471704910.0,152653,8617.0,13,8616.0,45,nan,0,nan,0,nan,0,nan,0,nan,0,nan,0,nan,0,nan,0
1597988349270466048,1597988349740000000,2020-08-21 13:39:09.740000,8617.0,8654.0,8490.0,8590.0,nan,8571.0,355521,30471704910.0,152653,8617.0,14,8616.0,45,nan,0,nan,0,nan,0,nan,0,nan,0,nan,0,nan,0,nan,0
1597988350270636032,1597988350743000064,2020-08-21 13:39:10.743000,8617.0,8654.0,8490.0,8590.0,nan,8571.0,355522,30471790620.0,152653,8617.0,13,8616.0,45,nan,0,nan,0,nan,0,nan,0,nan,0,nan,0,nan,0,nan,0
1597988350924684032,1597988351211000064,2020-08-21 13:39:11.211000,8617.0,8654.0,8490.0,8590.0,nan,8571.0,355528,30472304880.0,152647,8617.0,7,8616.0,45,nan,0,nan,0,nan,0,nan,0,nan,0,nan,0,nan,0,nan,0
1597988351259563008,1597988351736999936,2020-08-21 13:39:11.737000,8617.0,8654.0,8490.0,8590.0,nan,8571.0,355530,30472476300.0,152646,8617.0,4,8616.0,48,nan,0,nan,0,nan,0,nan,0,nan,0,nan,0,nan,0,nan,0
1597988351777857024,1597988352243000064,2020-08-21 13:39:12.243000,8617.0,8654.0,8490.0,8590.0,nan,8571.0,355545,30473761950.0,152638,8617.0,11,8616.0,33,nan,0,nan,0,nan,0,nan,0,nan,0,nan,0,nan,0,nan,0
1597988352258311936,1597988352734999808,2020-08-21 13:39:12.735000,8617.0,8654.0,8490.0,8590.0,nan,8571.0,355554,30474533340.0,152636,8617.0,9,8616.0,27,nan,0,nan,0,nan,0,nan,0,nan,0,nan,0,nan,0,nan,0
1597988352839226112,1597988353220999936,2020-08-21 13:39:13.221000,8617.0,8654.0,8490.0,8590.0,nan,8571.0,355557,30474790470.0,152638,8617.0,7,8616.0,26,nan,0,nan,0,nan,0,nan,0,nan,0,nan,0,nan,0,nan,0
1597988353245693952,1597988353730000128,2020-08-21 13:39:13.730000,8617.0,8654.0,8490.0,8590.0,nan,8571.0,355569,30475818990.0,152644,8618.0,38,8617.0,1,nan,0,nan,0,nan,0,nan,0,nan,0,nan,0,nan,0,nan,0
1597988353779495936,1597988354242000128,2020-08-21 13:39:14.242000,8617.0,8654.0,8490.0,8590.0,nan,8571.0,355572,30476076120.0,152642,8618.0,38,8617.0,7,nan,0,nan,0,nan,0,nan,0,nan,0,nan,0,nan,0,nan,0
1597988354248431104,1597988354724999936,2020-08-21 13:39:14.725000,8617.0,8654.0,8490.0,8590.0,nan,8571.0,355572,30476076120.0,152642,8618.0,40,8617.0,15,nan,0,nan,0,nan,0,nan,0,nan,0,nan,0,nan,0,nan,0
1597988354769914112,1597988355237999872,2020-08-21 13:39:15.238000,8617.0,8654.0,8490.0,8590.0,nan,8571.0,355587,30477361770.0,152646,8618.0,40,8617.0,2,nan,0,nan,0,nan,0,nan,0,nan,0,nan,0,nan,0,nan,0
1597988355251109888,1597988355742000128,2020-08-21 13:39:15.742000,8617.0,8654.0,8490.0,8590.0,nan,8571.0,355589,30477533190.0,152645,8617.0,1,8616.0,36,nan,0,nan,0,nan,0,nan,0,nan,0,nan,0,nan,0,nan,0
1597988355774024960,1597988356224999936,2020-08-21 13:39:16.225000,8617.0,8654.0,8490.0,8590.0,nan,8571.0,355593,30477876030.0,152645,8617.0,1,8616.0,65,nan,0,nan,0,nan,0,nan,0,nan,0,nan,0,nan,0,nan,0
1597988356240822016,1597988356732999936,2020-08-21 13:39:16.733000,8616.0,8654.0,8490.0,8590.0,nan,8571.0,355637,30481647270.0,152651,8618.0,23,8616.0,56,nan,0,nan,0,nan,0,nan,0,nan,0,nan,0,nan,0,nan,0
1597988356767681024,1597988357214999808,2020-08-21 13:39:17.215000,8616.0,8654.0,8490.0,8590.0,nan,8571.0,355637,30481647270.0,152651,8617.0,4,8616.0,60,nan,0,nan,0,nan,0,nan,0,nan,0,nan,0,nan,0,nan,0
1597988357258405888,1597988357663000064,2020-08-21 13:39:17.663000,8617.0,8654.0,8490.0,8590.0,nan,8571.0,355644,30482247240.0,152646,8618.0,23,8617.0,2,nan,0,nan,0,nan,0,nan,0,nan,0,nan,0,nan,0,nan,0
1597988357768425984,1597988358234999808,2020-08-21 13:39:18.235000,8617.0,8654.0,8490.0,8590.0,nan,8571.0,355645,30482332950.0,152645,8618.0,28,8617.0,1,nan,0,nan,0,nan,0,nan,0,nan,0,nan,0,nan,0,nan,0
1597988358261195008,1597988358742000128,2020-08-21 13:39:18.742000,8618.0,8654.0,8490.0,8590.0,nan,8571.0,355646,30482418660.0,152645,8618.0,27,8617.0,2,nan,0,nan,0,nan,0,nan,0,nan,0,nan,0,nan,0,nan,0
1597988358781948928,1597988359244000000,2020-08-21 13:39:19.244000,8617.0,8654.0,8490.0,8590.0,nan,8571.0,355650,30482761500.0,152644,8618.0,25,8617.0,6,nan,0,nan,0,nan,0,nan,0,nan,0,nan,0,nan,0,nan,0
1597988359245404928,1597988359740000000,2020-08-21 13:39:19.740000,8618.0,8654.0,8490.0,8590.0,nan,8571.0,355653,30483018630.0,152645,8618.0,24,8617.0,9,nan,0,nan,0,nan,0,nan,0,nan,0,nan,0,nan,0,nan,0
1597988359770926080,1597988360240000000,2020-08-21 13:39:20.240000,8617.0,8654.0,8490.0,8590.0,nan,8571.0,355663,30483875730.0,152644,8618.0,24,8617.0,1,nan,0,nan,0,nan,0,nan,0,nan,0,nan,0,nan,0,nan,0
1597988360255703040,1597988360740999936,2020-08-21 13:39:20.741000,8618.0,8654.0,8490.0,8590.0,nan,8571.0,355665,30484047150.0,152644,8618.0,23,8617.0,5,nan,0,nan,0,nan,0,nan,0,nan,0,nan,0,nan,0,nan,0
1597988360767352064,1597988361153000192,2020-08-21 13:39:21.153000,8617.0,8654.0,8490.0,8590.0,nan,8571.0,355667,30484218570.0,152645,8618.0,24,8617.0,4,nan,0,nan,0,nan,0,nan,0,nan,0,nan,0,nan,0,nan,0
1597988361265154048,1597988361737999872,2020-08-21 13:39:21.738000,8617.0,8654.0,8490.0,8590.0,nan,8571.0,355667,30484218570.0,152645,8618.0,24,8617.0,5,nan,0,nan,0,nan,0,nan,0,nan,0,nan,0,nan,0,nan,0
1597988362244744960,1597988362736000000,2020-08-21 13:39:22.736000,8617.0,8654.0,8490.0,8590.0,nan,8571.0,355667,30484218570.0,152645,8618.0,26,8617.0,7,nan,0,nan,0,nan,0,nan,0,nan,0,nan,0,nan,0,nan,0
1597988362747855104,1597988363240999936,2020-08-21 13:39:23.241000,8617.0,8654.0,8490.0,8590.0,nan,8571.0,355667,30484218570.0,152645,8618.0,27,8617.0,9,nan,0,nan,0,nan,0,nan,0,nan,0,nan,0,nan,0,nan,0
1597988363270817024,1597988363716000000,2020-08-21 13:39:23.716000,8617.0,8654.0,8490.0,8590.0,nan,8571.0,355669,30484389990.0,152645,8618.0,27,8617.0,11,nan,0,nan,0,nan,0,nan,0,nan,0,nan,0,nan,0,nan,0
1597988363775472128,1597988364230000128,2020-08-21 13:39:24.230000,8617.0,8654.0,8490.0,8590.0,nan,8571.0,355669,30484389990.0,152645,8618.0,29,8617.0,14,nan,0,nan,0,nan,0,nan,0,nan,0,nan,0,nan,0,nan,0
1597988364269458944,1597988364740000000,2020-08-21 13:39:24.740000,8618.0,8654.0,8490.0,8590.0,nan,8571.0,355692,30486361320.0,152636,8618.0,17,8617.0,5,nan,0,nan,0,nan,0,nan,0,nan,0,nan,0,nan,0,nan,0
1597988364796088064,1597988365242000128,2020-08-21 13:39:25.242000,8617.0,8654.0,8490.0,8590.0,nan,8571.0,355693,30486447030.0,152637,8618.0,18,8617.0,6,nan,0,nan,0,nan,0,nan,0,nan,0,nan,0,nan,0,nan,0
1597988365292152064,1597988365728000000,2020-08-21 13:39:25.728000,8617.0,8654.0,8490.0,8590.0,nan,8571.0,355695,30486618450.0,152639,8618.0,19,8617.0,6,nan,0,nan,0,nan,0,nan,0,nan,0,nan,0,nan,0,nan,0
1597988365779474944,1597988366243000064,2020-08-21 13:39:26.243000,8617.0,8654.0,8490.0,8590.0,nan,8571.0,355697,30486789870.0,152640,8618.0,19,8617.0,8,nan,0,nan,0,nan,0,nan,0,nan,0,nan,0,nan,0,nan,0
1597988366283235072,1597988366731000064,2020-08-21 13:39:26.731000,8618.0,8654.0,8490.0,8590.0,nan,8571.0,355698,30486875580.0,152640,8618.0,19,8617.0,9,nan,0,nan,0,nan,0,nan,0,nan,0,nan,0,nan,0,nan,0
1597988366801952000,1597988367232000000,2020-08-21 13:39:27.232000,8618.0,8654.0,8490.0,8590.0,nan,8571.0,355698,30486875580.0,152640,8618.0,19,8617.0,16,nan,0,nan,0,nan,0,nan,0,nan,0,nan,0,nan,0,nan,0
1597988367272003072,1597988367731000064,2020-08-21 13:39:27.731000,8618.0,8654.0,8490.0,8590.0,nan,8571.0,355698,30486875580.0,152640,8618.0,19,8617.0,18,nan,0,nan,0,nan,0,nan,0,nan,0,nan,0,nan,0,nan,0
1597988367781744128,1597988368209000192,2020-08-21 13:39:28.209000,8618.0,8654.0,8490.0,8590.0,nan,8571.0,355699,30486961290.0,152640,8618.0,18,8617.0,18,nan,0,nan,0,nan,0,nan,0,nan,0,nan,0,nan,0,nan,0
1597988368260983040,1597988368736999936,2020-08-21 13:39:28.737000,8617.0,8654.0,8490.0,8590.0,nan,8571.0,355704,30487389840.0,152641,8618.0,17,8617.0,17,nan,0,nan,0,nan,0,nan,0,nan,0,nan,0,nan,0,nan,0
1597988368773878016,1597988369236999936,2020-08-21 13:39:29.237000,8617.0,8654.0,8490.0,8590.0,nan,8571.0,355724,30489104040.0,152638,8617.0,50,8616.0,87,nan,0,nan,0,nan,0,nan,0,nan,0,nan,0,nan,0,nan,0
1597988369262628096,1597988369731000064,2020-08-21 13:39:29.731000,8617.0,8654.0,8490.0,8590.0,nan,8572.0,355809,30499947480.0,152675,8617.0,49,8616.0,4,nan,0,nan,0,nan,0,nan,0,nan,0,nan,0,nan,0,nan,0
1597988369789185024,1597988370196000000,2020-08-21 13:39:30.196000,8616.0,8654.0,8490.0,8590.0,nan,8572.0,355816,30500547520.0,152679,8616.0,20,8615.0,43,nan,0,nan,0,nan,0,nan,0,nan,0,nan,0,nan,0,nan,0
1597988370306240000,1597988370739000064,2020-08-21 13:39:30.739000,8616.0,8654.0,8490.0,8590.0,nan,8572.0,355821,30500976120.0,152679,8616.0,25,8615.0,42,nan,0,nan,0,nan,0,nan,0,nan,0,nan,0,nan,0,nan,0
1597988370781519872,1597988371223000064,2020-08-21 13:39:31.223000,8616.0,8654.0,8490.0,8590.0,nan,8572.0,355831,30501833320.0,152683,8616.0,15,8615.0,42,nan,0,nan,0,nan,0,nan,0,nan,0,nan,0,nan,0,nan,0
1597988371258149120,1597988371739000064,2020-08-21 13:39:31.739000,8616.0,8654.0,8490.0,8590.0,nan,8572.0,355833,30502004760.0,152681,8616.0,15,8615.0,42,nan,0,nan,0,nan,0,nan,0,nan,0,nan,0,nan,0,nan,0
1597988371758373120,1597988372240999936,2020-08-21 13:39:32.241000,8615.0,8654.0,8490.0,8590.0,nan,8572.0,355835,30502176200.0,152681,8616.0,15,8615.0,41,nan,0,nan,0,nan,0,nan,0,nan,0,nan,0,nan,0,nan,0
1597988372263847936,1597988372739000064,2020-08-21 13:39:32.739000,8615.0,8654.0,8490.0,8590.0,nan,8572.0,355835,30502176200.0,152681,8616.0,18,8615.0,44,nan,0,nan,0,nan,0,nan,0,nan,0,nan,0,nan,0,nan,0
1597988372774931968,1597988373240999936,2020-08-21 13:39:33.241000,8616.0,8654.0,8490.0,8590.0,nan,8572.0,355838,30502433360.0,152680,8616.0,16,8615.0,44,nan,0,nan,0,nan,0,nan,0,nan,0,nan,0,nan,0,nan,0
1597988373792525056,1597988374216999936,2020-08-21 13:39:34.217000,8616.0,8654.0,8490.0,8590.0,nan,8572.0,355842,30502776240.0,152679,8616.0,15,8615.0,42,nan,0,nan,0,nan,0,nan,0,nan,0,nan,0,nan,0,nan,0
1597988374260092928,1597988374736999936,2020-08-21 13:39:34.737000,8616.0,8654.0,8490.0,8590.0,nan,8572.0,355844,30502947680.0,152677,8616.0,25,8615.0,46,nan,0,nan,0,nan,0,nan,0,nan,0,nan,0,nan,0,nan,0
1597988374788344064,1597988375244000000,2020-08-21 13:39:35.244000,8615.0,8654.0,8490.0,8590.0,nan,8572.0,355846,30503119120.0,152677,8616.0,25,8615.0,44,nan,0,nan,0,nan,0,nan,0,nan,0,nan,0,nan,0,nan,0
1597988375779546112,1597988376240000000,2020-08-21 13:39:36.240000,8615.0,8654.0,8490.0,8590.0,nan,8572.0,355850,30503462000.0,152677,8616.0,26,8615.0,42,nan,0,nan,0,nan,0,nan,0,nan,0,nan,0,nan,0,nan,0
1597988376270438912,1597988376744000000,2020-08-21 13:39:36.744000,8615.0,8654.0,8490.0,8590.0,nan,8572.0,355861,30504404920.0,152671,8616.0,17,8615.0,43,nan,0,nan,0,nan,0,nan,0,nan,0,nan,0,nan,0,nan,0
1597988376791458048,1597988377236999936,2020-08-21 13:39:37.237000,8615.0,8654.0,8490.0,8590.0,nan,8572.0,355871,30505262120.0,152661,8616.0,18,8615.0,36,nan,0,nan,0,nan,0,nan,0,nan,0,nan,0,nan,0,nan,0
1597988377264545024,1597988377743000064,2020-08-21 13:39:37.743000,8615.0,8654.0,8490.0,8590.0,nan,8572.0,355871,30505262120.0,152661,8616.0,22,8615.0,36,nan,0,nan,0,nan,0,nan,0,nan,0,nan,0,nan,0,nan,0
1597988377785228032,1597988378224999936,2020-08-21 13:39:38.225000,8616.0,8654.0,8490.0,8590.0,nan,8572.0,355873,30505433560.0,152661,8616.0,20,8615.0,41,nan,0,nan,0,nan,0,nan,0,nan,0,nan,0,nan,0,nan,0
1597988378266377984,1597988378743000064,2020-08-21 13:39:38.743000,8616.0,8654.0,8490.0,8590.0,nan,8572.0,355883,30506290760.0,152656,8616.0,12,8615.0,46,nan,0,nan,0,nan,0,nan,0,nan,0,nan,0,nan,0,nan,0
1597988378774575104,1597988379204999936,2020-08-21 13:39:39.205000,8616.0,8654.0,8490.0,8590.0,nan,8572.0,355887,30506633640.0,152656,8616.0,12,8615.0,44,nan,0,nan,0,nan,0,nan,0,nan,0,nan,0,nan,0,nan,0
1597988379279198976,1597988379720999936,2020-08-21 13:39:39.721000,8615.0,8654.0,8490.0,8590.0,nan,8572.0,355904,30508090880.0,152649,8616.0,12,8615.0,26,nan,0,nan,0,nan,0,nan,0,nan,0,nan,0,nan,0,nan,0
1597988379785404928,1597988380232999936,2020-08-21 13:39:40.233000,8615.0,8654.0,8490.0,8590.0,nan,8572.0,355906,30508262320.0,152650,8616.0,11,8615.0,25,nan,0,nan,0,nan,0,nan,0,nan,0,nan,0,nan,0,nan,0
1597988380304155904,1597988380729000192,2020-08-21 13:39:40.729000,8615.0,8654.0,8490.0,8590.0,nan,8572.0,355909,30508519480.0,152653,8616.0,11,8615.0,24,nan,0,nan,0,nan,0,nan,0,nan,0,nan,0,nan,0,nan,0
1597988380781632000,1597988381234999808,2020-08-21 13:39:41.235000,8615.0,8654.0,8490.0,8590.0,nan,8572.0,355933,30510576760.0,152655,8616.0,18,8614.0,26,nan,0,nan,0,nan,0,nan,0,nan,0,nan,0,nan,0,nan,0
1597988381280664064,1597988381719000064,2020-08-21 13:39:41.719000,8615.0,8654.0,8490.0,8590.0,nan,8572.0,355944,30511519680.0,152646,8615.0,1,8614.0,27,nan,0,nan,0,nan,0,nan,0,nan,0,nan,0,nan,0,nan,0
1597988381798765056,1597988382240999936,2020-08-21 13:39:42.241000,8615.0,8654.0,8490.0,8590.0,nan,8572.0,355955,30512462600.0,152641,8616.0,7,8615.0,46,nan,0,nan,0,nan,0,nan,0,nan,0,nan,0,nan,0,nan,0
1597988382254793984,1597988382742000128,2020-08-21 13:39:42.742000,8616.0,8654.0,8490.0,8590.0,nan,8572.0,355956,30512548320.0,152641,8616.0,6,8615.0,56,nan,0,nan,0,nan,0,nan,0,nan,0,nan,0,nan,0,nan,0
1597988382778245888,1597988383234999808,2020-08-21 13:39:43.235000,8615.0,8654.0,8490.0,8590.0,nan,8572.0,355960,30512891200.0,152642,8616.0,9,8615.0,55,nan,0,nan,0,nan,0,nan,0,nan,0,nan,0,nan,0,nan,0
1597988383257327104,1597988383716999936,2020-08-21 13:39:43.717000,8615.0,8654.0,8490.0,8590.0,nan,8572.0,355983,30514862760.0,152626,8617.0,48,8615.0,65,nan,0,nan,0,nan,0,nan,0,nan,0,nan,0,nan,0,nan,0
1597988383781935104,1597988384208000000,2020-08-21 13:39:44.208000,8615.0,8654.0,8490.0,8590.0,nan,8572.0,355983,30514862760.0,152626,8616.0,3,8615.0,65,nan,0,nan,0,nan,0,nan,0,nan,0,nan,0,nan,0,nan,0
1597988384776615936,1597988385243000064,2020-08-21 13:39:45.243000,8615.0,8654.0,8490.0,8590.0,nan,8572.0,355985,30515034200.0,152626,8616.0,2,8615.0,65,nan,0,nan,0,nan,0,nan,0,nan,0,nan,0,nan,0,nan,0
1597988385282259968,1597988385733999872,2020-08-21 13:39:45.734000,8616.0,8654.0,8490.0,8590.0,nan,8572.0,355987,30515205640.0,152624,8617.0,48,8615.0,65,nan,0,nan,0,nan,0,nan,0,nan,0,nan,0,nan,0,nan,0
1597988385788420096,1597988386194000128,2020-08-21 13:39:46.194000,8615.0,8654.0,8490.0,8590.0,nan,8572.0,355990,30515462800.0,152623,8616.0,3,8615.0,63,nan,0,nan,0,nan,0,nan,0,nan,0,nan,0,nan,0,nan,0
1597988386257178880,1597988386704999936,2020-08-21 13:39:46.705000,8615.0,8654.0,8490.0,8590.0,nan,8572.0,355992,30515634240.0,152623,8616.0,3,8615.0,66,nan,0,nan,0,nan,0,nan,0,nan,0,nan,0,nan,0,nan,0
1597988386778874880,1597988387200999936,2020-08-21 13:39:47.201000,8615.0,8654.0,8490.0,8590.0,nan,8572.0,356002,30516491440.0,152613,8616.0,3,8615.0,52,nan,0,nan,0,nan,0,nan,0,nan,0,nan,0,nan,0,nan,0
1597988387257305088,1597988387728000000,2020-08-21 13:39:47.728000,8616.0,8654.0,8490.0,8590.0,nan,8572.0,356019,30517948680.0,152598,8616.0,7,8615.0,42,nan,0,nan,0,nan,0,nan,0,nan,0,nan,0,nan,0,nan,0
1597988387784058880,1597988388223000064,2020-08-21 13:39:48.223000,8615.0,8654.0,8490.0,8590.0,nan,8572.0,356020,30518034400.0,152597,8616.0,8,8615.0,43,nan,0,nan,0,nan,0,nan,0,nan,0,nan,0,nan,0,nan,0
1597988388264324096,1597988388739000064,2020-08-21 13:39:48.739000,8616.0,8654.0,8490.0,8590.0,nan,8572.0,356024,30518377280.0,152596,8616.0,7,8615.0,43,nan,0,nan,0,nan,0,nan,0,nan,0,nan,0,nan,0,nan,0
1597988388760496128,1597988389243000064,2020-08-21 13:39:49.243000,8616.0,8654.0,8490.0,8590.0,nan,8572.0,356026,30518548720.0,152596,8616.0,2,8615.0,47,nan,0,nan,0,nan,0,nan,0,nan,0,nan,0,nan,0,nan,0
1597988389260888064,1597988389707000064,2020-08-21 13:39:49.707000,8616.0,8654.0,8490.0,8590.0,nan,8572.0,356047,30520348840.0,152598,8616.0,6,8615.0,43,nan,0,nan,0,nan,0,nan,0,nan,0,nan,0,nan,0,nan,0
1597988389781664000,1597988390240000000,2020-08-21 13:39:50.240000,8616.0,8654.0,8490.0,8590.0,nan,8572.0,356047,30520348840.0,152598,8616.0,9,8615.0,44,nan,0,nan,0,nan,0,nan,0,nan,0,nan,0,nan,0,nan,0
1597988390275529984,1597988390744000000,2020-08-21 13:39:50.744000,8616.0,8654.0,8490.0,8590.0,nan,8572.0,356049,30520520280.0,152598,8616.0,7,8615.0,45,nan,0,nan,0,nan,0,nan,0,nan,0,nan,0,nan,0,nan,0
1597988390792067072,1597988391240999936,2020-08-21 13:39:51.241000,8616.0,8654.0,8490.0,8590.0,nan,8572.0,356057,30521206040.0,152599,8616.0,4,8615.0,41,nan,0,nan,0,nan,0,nan,0,nan,0,nan,0,nan,0,nan,0
1597988391275877888,1597988391742000128,2020-08-21 13:39:51.742000,8616.0,8654.0,8490.0,8590.0,nan,8572.0,356060,30521463200.0,152599,8617.0,50,8616.0,2,nan,0,nan,0,nan,0,nan,0,nan,0,nan,0,nan,0,nan,0
1597988391798720000,1597988392243000064,2020-08-21 13:39:52.243000,8616.0,8654.0,8490.0,8590.0,nan,8572.0,356061,30521548920.0,152599,8617.0,50,8616.0,1,nan,0,nan,0,nan,0,nan,0,nan,0,nan,0,nan,0,nan,0
1597988392265157120,1597988392736999936,2020-08-21 13:39:52.737000,8616.0,8654.0,8490.0,8590.0,nan,8572.0,356061,30521548920.0,152599,8617.0,50,8616.0,12,nan,0,nan,0,nan,0,nan,0,nan,0,nan,0,nan,0,nan,0
1597988392786100992,1597988393233999872,2020-08-21 13:39:53.234000,8616.0,8654.0,8490.0,8590.0,nan,8572.0,356064,30521806080.0,152601,8617.0,51,8616.0,23,nan,0,nan,0,nan,0,nan,0,nan,0,nan,0,nan,0,nan,0
1597988393267629056,1597988393729000192,2020-08-21 13:39:53.729000,8616.0,8654.0,8490.0,8590.0,nan,8572.0,356087,30523777640.0,152611,8616.0,70,8615.0,46,nan,0,nan,0,nan,0,nan,0,nan,0,nan,0,nan,0,nan,0
1597988393784508928,1597988394243000064,2020-08-21 13:39:54.243000,8615.0,8654.0,8490.0,8590.0,nan,8572.0,356089,30523949080.0,152613,8616.0,73,8615.0,48,nan,0,nan,0,nan,0,nan,0,nan,0,nan,0,nan,0,nan,0
1597988394270270976,1597988394743000064,2020-08-21 13:39:54.743000,8615.0,8654.0,8490.0,8590.0,nan,8572.0,356143,30528577960.0,152634,8616.0,28,8615.0,49,nan,0,nan,0,nan,0,nan,0,nan,0,nan,0,nan,0,nan,0
1597988394799417088,1597988395243000064,2020-08-21 13:39:55.243000,8616.0,8654.0,8490.0,8590.0,nan,8572.0,356180,30531749600.0,152635,8617.0,51,8616.0,1,nan,0,nan,0,nan,0,nan,0,nan,0,nan,0,nan,0,nan,0
1597988395304645120,1597988395743000064,2020-08-21 13:39:55.743000,8615.0,8654.0,8490.0,8590.0,nan,8572.0,356189,30532521080.0,152638,8617.0,55,8616.0,1,nan,0,nan,0,nan,0,nan,0,nan,0,nan,0,nan,0,nan,0
1597988395788762880,1597988396236000000,2020-08-21 13:39:56.236000,8616.0,8654.0,8490.0,8590.0,nan,8572.0,356191,30532692520.0,152640,8617.0,60,8616.0,2,nan,0,nan,0,nan,0,nan,0,nan,0,nan,0,nan,0,nan,0
1597988396280260096,1597988396729000192,2020-08-21 13:39:56.729000,8616.0,8654.0,8490.0,8590.0,nan,8572.0,356195,30533035400.0,152642,8616.0,9,8615.0,51,nan,0,nan,0,nan,0,nan,0,nan,0,nan,0,nan,0,nan,0
1597988396800974080,1597988397231000064,2020-08-21 13:39:57.231000,8616.0,8654.0,8490.0,8590.0,nan,8572.0,356196,30533121120.0,152641,8616.0,12,8615.0,31,nan,0,nan,0,nan,0,nan,0,nan,0,nan,0,nan,0,nan,0
1597988397324034048,1597988397743000064,2020-08-21 13:39:57.743000,8616.0,8654.0,8490.0,8590.0,nan,8572.0,356202,30533635440.0,152644,8616.0,11,8615.0,33,nan,0,nan,0,nan,0,nan,0,nan,0,nan,0,nan,0,nan,0
1597988397915126016,1597988398239000064,2020-08-21 13:39:58.239000,8615.0,8654.0,8490.0,8590.0,nan,8572.0,356205,30533892600.0,152645,8616.0,11,8615.0,30,nan,0,nan,0,nan,0,nan,0,nan,0,nan,0,nan,0,nan,0
1597988398271024128,1597988398740999936,2020-08-21 13:39:58.741000,8616.0,8654.0,8490.0,8590.0,nan,8572.0,356221,30535264120.0,152636,8616.0,10,8615.0,16,nan,0,nan,0,nan,0,nan,0,nan,0,nan,0,nan,0,nan,0
1597988398789252096,1597988399239000064,2020-08-21 13:39:59.239000,8615.0,8654.0,8490.0,8590.0,nan,8572.0,356239,30536807080.0,152627,8615.0,24,8614.0,42,nan,0,nan,0,nan,0,nan,0,nan,0,nan,0,nan,0,nan,0
1597988399273672960,1597988399743000064,2020-08-21 13:39:59.743000,8615.0,8654.0,8490.0,8590.0,nan,8572.0,356240,30536892800.0,152627,8615.0,25,8614.0,45,nan,0,nan,0,nan,0,nan,0,nan,0,nan,0,nan,0,nan,0
1597988399842056960,1597988400224000000,2020-08-21 13:40:00.224000,8614.0,8654.0,8490.0,8590.0,nan,8572.0,356249,30537664280.0,152626,8615.0,30,8614.0,38,nan,0,nan,0,nan,0,nan,0,nan,0,nan,0,nan,0,nan,0
1597988400283715072,1597988400744000000,2020-08-21 13:40:00.744000,8614.0,8654.0,8490.0,8590.0,nan,8572.0,356295,30541607400.0,152621,8615.0,30,8613.0,65,nan,0,nan,0,nan,0,nan,0,nan,0,nan,0,nan,0,nan,0
1597988400811960064,1597988401224999936,2020-08-21 13:40:01.225000,8614.0,8654.0,8490.0,8590.0,nan,8572.0,356299,30541950280.0,152620,8615.0,23,8614.0,2,nan,0,nan,0,nan,0,nan,0,nan,0,nan,0,nan,0,nan,0
1597988401271930880,1597988401703000064,2020-08-21 13:40:01.703000,8615.0,8654.0,8490.0,8590.0,nan,8572.0,356306,30542550320.0,152618,8615.0,21,8614.0,5,nan,0,nan,0,nan,0,nan,0,nan,0,nan,0,nan,0,nan,0
1597988401795970048,1597988402216999936,2020-08-21 13:40:02.217000,8615.0,8654.0,8490.0,8590.0,nan,8572.0,356315,30543321800.0,152617,8615.0,20,8614.0,8,nan,0,nan,0,nan,0,nan,0,nan,0,nan,0,nan,0,nan,0
1597988402278220032,1597988402742000128,2020-08-21 13:40:02.742000,8614.0,8654.0,8490.0,8590.0,nan,8572.0,356320,30543750400.0,152622,8615.0,33,8614.0,14,nan,0,nan,0,nan,0,nan,0,nan,0,nan,0,nan,0,nan,0
1597988402794116096,1597988403240999936,2020-08-21 13:40:03.241000,8615.0,8654.0,8490.0,8590.0,nan,8572.0,356322,30543921840.0,152622,8615.0,32,8614.0,17,nan,0,nan,0,nan,0,nan,0,nan,0,nan,0,nan,0,nan,0
1597988403313060096,1597988403719000064,2020-08-21 13:40:03.719000,8614.0,8654.0,8490.0,8590.0,nan,8572.0,356326,30544264720.0,152622,8615.0,31,8614.0,16,nan,0,nan,0,nan,0,nan,0,nan,0,nan,0,nan,0,nan,0
1597988403794725888,1597988404240000000,2020-08-21 13:40:04.240000,8614.0,8654.0,8490.0,8590.0,nan,8572.0,356334,30544950480.0,152622,8615.0,25,8614.0,19,nan,0,nan,0,nan,0,nan,0,nan,0,nan,0,nan,0,nan,0
1597988404267493888,1597988404734999808,2020-08-21 13:40:04.735000,8614.0,8654.0,8490.0,8590.0,nan,8572.0,356337,30545207640.0,152623,8615.0,23,8614.0,19,nan,0,nan,0,nan,0,nan,0,nan,0,nan,0,nan,0,nan,0
1597988404785198080,1597988405221999872,2020-08-21 13:40:05.222000,8614.0,8654.0,8490.0,8590.0,nan,8572.0,356362,30547350640.0,152621,8615.0,27,8614.0,4,nan,0,nan,0,nan,0,nan,0,nan,0,nan,0,nan,0,nan,0
1597988405274260992,1597988405729000192,2020-08-21 13:40:05.729000,8615.0,8654.0,8490.0,8590.0,nan,8572.0,356393,30550007960.0,152632,8615.0,29,8614.0,9,nan,0,nan,0,nan,0,nan,0,nan,0,nan,0,nan,0,nan,0
1597988405786245120,1597988406210000128,2020-08-21 13:40:06.210000,8615.0,8654.0,8490.0,8590.0,nan,8572.0,356393,30550007960.0,152632,8615.0,29,8614.0,13,nan,0,nan,0,nan,0,nan,0,nan,0,nan,0,nan,0,nan,0
1597988406272833024,1597988406744999936,2020-08-21 13:40:06.745000,8614.0,8654.0,8490.0,8590.0,nan,8572.0,356394,30550093680.0,152633,8615.0,42,8614.0,18,nan,0,nan,0,nan,0,nan,0,nan,0,nan,0,nan,0,nan,0
1597988406808559104,1597988407236999936,2020-08-21 13:40:07.237000,8615.0,8654.0,8490.0,8590.0,nan,8572.0,356407,30551208040.0,152627,8615.0,30,8614.0,38,nan,0,nan,0,nan,0,nan,0,nan,0,nan,0,nan,0,nan,0
1597988407271721984,1597988407719000064,2020-08-21 13:40:07.719000,8615.0,8654.0,8490.0,8590.0,nan,8572.0,356438,30553865360.0,152615,8616.0,21,8615.0,2,nan,0,nan,0,nan,0,nan,0,nan,0,nan,0,nan,0,nan,0
1597988407789916928,1597988408239000064,2020-08-21 13:40:08.239000,8615.0,8654.0,8490.0,8590.0,nan,8572.0,356444,30554379680.0,152614,8616.0,20,8615.0,18,nan,0,nan,0,nan,0,nan,0,nan,0,nan,0,nan,0,nan,0
1597988408268338944,1597988408740000000,2020-08-21 13:40:08.740000,8615.0,8654.0,8490.0,8590.0,nan,8572.0,356444,30554379680.0,152614,8616.0,21,8615.0,25,nan,0,nan,0,nan,0,nan,0,nan,0,nan,0,nan,0,nan,0
1597988408860587008,1597988409211000064,2020-08-21 13:40:09.211000,8615.0,8654.0,8490.0,8590.0,nan,8572.0,356445,30554465400.0,152614,8616.0,22,8615.0,24,nan,0,nan,0,nan,0,nan,0,nan,0,nan,0,nan,0,nan,0
1597988409285335040,1597988409736999936,2020-08-21 13:40:09.737000,8615.0,8654.0,8490.0,8590.0,nan,8572.0,356455,30555322600.0,152613,8616.0,22,8615.0,17,nan,0,nan,0,nan,0,nan,0,nan,0,nan,0,nan,0,nan,0
1597988409797314048,1597988410194999808,2020-08-21 13:40:10.195000,8615.0,8654.0,8490.0,8590.0,nan,8572.0,356507,30559780040.0,152616,8615.0,152,8614.0,56,nan,0,nan,0,nan,0,nan,0,nan,0,nan,0,nan,0,nan,0
1597988410268659968,1597988410712000000,2020-08-21 13:40:10.712000,8613.0,8654.0,8490.0,8590.0,nan,8572.0,356566,30564837520.0,152638,8614.0,29,8613.0,75,nan,0,nan,0,nan,0,nan,0,nan,0,nan,0,nan,0,nan,0
1597988410792406016,1597988411239000064,2020-08-21 13:40:11.239000,8614.0,8654.0,8490.0,8590.0,nan,8572.0,356583,30566294760.0,152628,8614.0,26,8613.0,64,nan,0,nan,0,nan,0,nan,0,nan,0,nan,0,nan,0,nan,0
1597988411272019968,1597988411730000128,2020-08-21 13:40:11.730000,8613.0,8654.0,8490.0,8590.0,nan,8572.0,356596,30567409120.0,152630,8614.0,26,8613.0,54,nan,0,nan,0,nan,0,nan,0,nan,0,nan,0,nan,0,nan,0
1597988411801974016,1597988412224999936,2020-08-21 13:40:12.225000,8614.0,8654.0,8490.0,8590.0,nan,8572.0,356600,30567752000.0,152630,8614.0,22,8613.0,55,nan,0,nan,0,nan,0,nan,0,nan,0,nan,0,nan,0,nan,0
1597988412269822976,1597988412708000000,2020-08-21 13:40:12.708000,8614.0,8654.0,8490.0,8590.0,nan,8572.0,356654,30572380880.0,152602,8614.0,12,8613.0,4,nan,0,nan,0,nan,0,nan,0,nan,0,nan,0,nan,0,nan,0
1597988412803891968,1597988413236999936,2020-08-21 13:40:13.237000,8613.0,8654.0,8490.0,8590.0,nan,8572.0,356660,30572895200.0,152606,8613.0,17,8612.0,84,nan,0,nan,0,nan,0,nan,0,nan,0,nan,0,nan,0,nan,0
1597988413269746944,1597988413709000192,2020-08-21 13:40:13.709000,8613.0,8654.0,8490.0,8590.0,nan,8572.0,356663,30573152360.0,152606,8613.0,16,8612.0,84,nan,0,nan,0,nan,0,nan,0,nan,0,nan,0,nan,0,nan,0
1597988413795408896,1597988414230000128,2020-08-21 13:40:14.230000,8613.0,8654.0,8490.0,8590.0,nan,8572.0,356751,30580695720.0,152621,8613.0,25,8612.0,3,nan,0,nan,0,nan,0,nan,0,nan,0,nan,0,nan,0,nan,0
1597988414269523968,1597988414728000000,2020-08-21 13:40:14.728000,8611.0,8654.0,8490.0,8590.0,nan,8572.0,356757,30581210040.0,152617,8612.0,16,8611.0,28,nan,0,nan,0,nan,0,nan,0,nan,0,nan,0,nan,0,nan,0
1597988414812589056,1597988415240999936,2020-08-21 13:40:15.241000,8612.0,8654.0,8490.0,8590.0,nan,8572.0,356815,30586181800.0,152591,8614.0,17,8613.0,1,nan,0,nan,0,nan,0,nan,0,nan,0,nan,0,nan,0,nan,0
1597988415286960128,1597988415740999936,2020-08-21 13:40:15.741000,8612.0,8654.0,8490.0,8590.0,nan,8572.0,356850,30589182000.0,152577,8613.0,3,8612.0,16,nan,0,nan,0,nan,0,nan,0,nan,0,nan,0,nan,0,nan,0
1597988415800642048,1597988416231000064,2020-08-21 13:40:16.231000,8612.0,8654.0,8490.0,8590.0,nan,8572.0,356856,30589696320.0,152575,8613.0,10,8612.0,14,nan,0,nan,0,nan,0,nan,0,nan,0,nan,0,nan,0,nan,0
1597988416277419008,1597988416740999936,2020-08-21 13:40:16.741000,8612.0,8654.0,8490.0,8590.0,nan,8572.0,356873,30591153560.0,152571,8613.0,5,8612.0,9,nan,0,nan,0,nan,0,nan,0,nan,0,nan,0,nan,0,nan,0
1597988416814513920,1597988417244000000,2020-08-21 13:40:17.244000,8612.0,8654.0,8490.0,8590.0,nan,8572.0,356875,30591325000.0,152573,8613.0,10,8612.0,10,nan,0,nan,0,nan,0,nan,0,nan,0,nan,0,nan,0,nan,0
1597988417272872960,1597988417744000000,2020-08-21 13:40:17.744000,8612.0,8654.0,8490.0,8590.0,nan,8572.0,356880,30591753600.0,152570,8613.0,7,8612.0,21,nan,0,nan,0,nan,0,nan,0,nan,0,nan,0,nan,0,nan,0
1597988417839267072,1597988418243000064,2020-08-21 13:40:18.243000,8613.0,8654.0,8490.0,8590.0,nan,8572.0,356884,30592096480.0,152570,8613.0,6,8612.0,30,nan,0,nan,0,nan,0,nan,0,nan,0,nan,0,nan,0,nan,0
1597988418274235904,1597988418734999808,2020-08-21 13:40:18.735000,8613.0,8654.0,8490.0,8590.0,nan,8572.0,356899,30593382280.0,152556,8614.0,18,8613.0,2,nan,0,nan,0,nan,0,nan,0,nan,0,nan,0,nan,0,nan,0
1597988418805463040,1597988419226000128,2020-08-21 13:40:19.226000,8613.0,8654.0,8490.0,8590.0,nan,8572.0,356921,30595268120.0,152551,8613.0,4,8612.0,30,nan,0,nan,0,nan,0,nan,0,nan,0,nan,0,nan,0,nan,0
1597988419316432896,1597988419665999872,2020-08-21 13:40:19.666000,8613.0,8654.0,8490.0,8590.0,nan,8572.0,356938,30596725360.0,152561,8614.0,19,8613.0,2,nan,0,nan,0,nan,0,nan,0,nan,0,nan,0,nan,0,nan,0
1597988419805088000,1597988420226000128,2020-08-21 13:40:20.226000,8614.0,8654.0,8490.0,8590.0,nan,8572.0,356957,30598354040.0,152571,8614.0,12,8613.0,4,nan,0,nan,0,nan,0,nan,0,nan,0,nan,0,nan,0,nan,0
1597988420291266048,1597988420744000000,2020-08-21 13:40:20.744000,8613.0,8654.0,8490.0,8590.0,nan,8572.0,356962,30598782640.0,152573,8614.0,13,8613.0,14,nan,0,nan,0,nan,0,nan,0,nan,0,nan,0,nan,0,nan,0
1597988420793105920,1597988421230000128,2020-08-21 13:40:21.230000,8614.0,8654.0,8490.0,8590.0,nan,8572.0,356974,30599811280.0,152574,8614.0,11,8613.0,11,nan,0,nan,0,nan,0,nan,0,nan,0,nan,0,nan,0,nan,0
1597988421275367936,1597988421740000000,2020-08-21 13:40:21.740000,8614.0,8654.0,8490.0,8590.0,nan,8572.0,356976,30599982720.0,152573,8614.0,10,8613.0,10,nan,0,nan,0,nan,0,nan,0,nan,0,nan,0,nan,0,nan,0
1597988421801187072,1597988422221999872,2020-08-21 13:40:22.222000,8613.0,8654.0,8490.0,8590.0,nan,8572.0,356978,30600154160.0,152573,8614.0,10,8613.0,23,nan,0,nan,0,nan,0,nan,0,nan,0,nan,0,nan,0,nan,0
1597988422269367040,1597988422721999872,2020-08-21 13:40:22.722000,8613.0,8654.0,8490.0,8590.0,nan,8572.0,357000,30602040000.0,152570,8614.0,13,8613.0,6,nan,0,nan,0,nan,0,nan,0,nan,0,nan,0,nan,0,nan,0
1597988422792288000,1597988423237999872,2020-08-21 13:40:23.238000,8613.0,8654.0,8490.0,8590.0,nan,8572.0,357013,30603154360.0,152564,8613.0,27,8612.0,30,nan,0,nan,0,nan,0,nan,0,nan,0,nan,0,nan,0,nan,0
1597988423281268992,1597988423736999936,2020-08-21 13:40:23.737000,8613.0,8654.0,8490.0,8590.0,nan,8572.0,357021,30603840120.0,152561,8613.0,20,8612.0,34,nan,0,nan,0,nan,0,nan,0,nan,0,nan,0,nan,0,nan,0
1597988423809221120,1597988424240000000,2020-08-21 13:40:24.240000,8612.0,8654.0,8490.0,8590.0,nan,8572.0,357024,30604097280.0,152561,8613.0,18,8612.0,45,nan,0,nan,0,nan,0,nan,0,nan,0,nan,0,nan,0,nan,0
1597988424278380032,1597988424730000128,2020-08-21 13:40:24.730000,8614.0,8654.0,8490.0,8590.0,nan,8572.0,357045,30605897400.0,152562,8614.0,32,8613.0,6,nan,0,nan,0,nan,0,nan,0,nan,0,nan,0,nan,0,nan,0
1597988424802192896,1597988425211000064,2020-08-21 13:40:25.211000,8613.0,8654.0,8490.0,8590.0,nan,8572.0,357053,30606583160.0,152557,8613.0,50,8612.0,47,nan,0,nan,0,nan,0,nan,0,nan,0,nan,0,nan,0,nan,0
1597988425269944064,1597988425719000064,2020-08-21 13:40:25.719000,8613.0,8654.0,8490.0,8590.0,nan,8572.0,357055,30606754600.0,152557,8613.0,48,8612.0,48,nan,0,nan,0,nan,0,nan,0,nan,0,nan,0,nan,0,nan,0
1597988425804146944,1597988426244999936,2020-08-21 13:40:26.245000,8613.0,8654.0,8490.0,8590.0,nan,8572.0,357057,30606926040.0,152557,8613.0,46,8612.0,49,nan,0,nan,0,nan,0,nan,0,nan,0,nan,0,nan,0,nan,0
1597988426316140032,1597988426712000000,2020-08-21 13:40:26.712000,8612.0,8654.0,8490.0,8590.0,nan,8572.0,357111,30611554920.0,152568,8612.0,4,8611.0,44,nan,0,nan,0,nan,0,nan,0,nan,0,nan,0,nan,0,nan,0
1597988426854569984,1597988427206000128,2020-08-21 13:40:27.206000,8612.0,8654.0,8490.0,8590.0,nan,8572.0,357116,30611983520.0,152571,8612.0,105,8611.0,44,nan,0,nan,0,nan,0,nan,0,nan,0,nan,0,nan,0,nan,0
1597988427275566080,1597988427740000000,2020-08-21 13:40:27.740000,8611.0,8654.0,8490.0,8590.0,nan,8572.0,357177,30617212440.0,152598,8611.0,10,8610.0,82,nan,0,nan,0,nan,0,nan,0,nan,0,nan,0,nan,0,nan,0
1597988427808122112,1597988428221999872,2020-08-21 13:40:28.222000,8611.0,8654.0,8490.0,8590.0,nan,8572.0,357197,30618926840.0,152601,8611.0,5,8610.0,72,nan,0,nan,0,nan,0,nan,0,nan,0,nan,0,nan,0,nan,0
1597988428279958016,1597988428744999936,2020-08-21 13:40:28.745000,8611.0,8654.0,8490.0,8590.0,nan,8572.0,357205,30619612600.0,152593,8611.0,3,8610.0,74,nan,0,nan,0,nan,0,nan,0,nan,0,nan,0,nan,0,nan,0
1597988428804428032,1597988429244999936,2020-08-21 13:40:29.245000,8611.0,8654.0,8490.0,8590.0,nan,8572.0,357211,30620126920.0,152593,8612.0,107,8611.0,5,nan,0,nan,0,nan,0,nan,0,nan,0,nan,0,nan,0,nan,0
1597988429278479872,1597988429729000192,2020-08-21 13:40:29.729000,8612.0,8654.0,8490.0,8590.0,nan,8572.0,357269,30625098680.0,152584,8612.0,101,8610.0,28,nan,0,nan,0,nan,0,nan,0,nan,0,nan,0,nan,0,nan,0
1597988429786761984,1597988430239000064,2020-08-21 13:40:30.239000,8610.0,8654.0,8490.0,8590.0,nan,8572.0,357306,30628270320.0,152582,8610.0,1,8609.0,28,nan,0,nan,0,nan,0,nan,0,nan,0,nan,0,nan,0,nan,0
1597988430323100928,1597988430742000128,2020-08-21 13:40:30.742000,8610.0,8654.0,8490.0,8590.0,nan,8572.0,357353,30632299160.0,152558,8612.0,85,8610.0,3,nan,0,nan,0,nan,0,nan,0,nan,0,nan,0,nan,0,nan,0
1597988430811962112,1597988431200999936,2020-08-21 13:40:31.201000,8610.0,8654.0,8490.0,8590.0,nan,8572.0,357359,30632813480.0,152557,8611.0,4,8610.0,12,nan,0,nan,0,nan,0,nan,0,nan,0,nan,0,nan,0,nan,0
1597988431314034944,1597988431661999872,2020-08-21 13:40:31.662000,8610.0,8654.0,8490.0,8590.0,nan,8572.0,357370,30633756400.0,152554,8611.0,3,8610.0,3,nan,0,nan,0,nan,0,nan,0,nan,0,nan,0,nan,0,nan,0
1597988431821317888,1597988432244999936,2020-08-21 13:40:32.245000,8611.0,8654.0,8490.0,8590.0,nan,8572.0,357383,30634870760.0,152546,8610.0,1,8609.0,21,nan,0,nan,0,nan,0,nan,0,nan,0,nan,0,nan,0,nan,0
1597988432292263936,1597988432740999936,2020-08-21 13:40:32.741000,8610.0,8654.0,8490.0,8590.0,nan,8572.0,357456,30641128320.0,152510,8610.0,94,8609.0,23,nan,0,nan,0,nan,0,nan,0,nan,0,nan,0,nan,0,nan,0
1597988432818522112,1597988433243000064,2020-08-21 13:40:33.243000,8609.0,8654.0,8490.0,8590.0,nan,8572.0,357490,30644042800.0,152527,8609.0,9,8608.0,57,nan,0,nan,0,nan,0,nan,0,nan,0,nan,0,nan,0,nan,0
1597988433283497984,1597988433737999872,2020-08-21 13:40:33.738000,8609.0,8654.0,8490.0,8590.0,nan,8572.0,357523,30646871560.0,152525,8610.0,100,8608.0,55,nan,0,nan,0,nan,0,nan,0,nan,0,nan,0,nan,0,nan,0
1597988433815810048,1597988434242000128,2020-08-21 13:40:34.242000,8609.0,8654.0,8490.0,8590.0,nan,8572.0,357545,30648757400.0,152516,8610.0,100,8608.0,55,nan,0,nan,0,nan,0,nan,0,nan,0,nan,0,nan,0,nan,0
1597988434286396928,1597988434737999872,2020-08-21 13:40:34.738000,8608.0,8654.0,8490.0,8590.0,nan,8572.0,357554,30649528880.0,152518,8610.0,98,8608.0,58,nan,0,nan,0,nan,0,nan,0,nan,0,nan,0,nan,0,nan,0
1597988434812165120,1597988435239000064,2020-08-21 13:40:35.239000,8608.0,8654.0,8490.0,8590.0,nan,8572.0,357586,30652271920.0,152514,8610.0,96,8608.0,36,nan,0,nan,0,nan,0,nan,0,nan,0,nan,0,nan,0,nan,0
1597988435300530944,1597988435726000128,2020-08-21 13:40:35.726000,8608.0,8654.0,8490.0,8590.0,nan,8572.0,357610,30654329200.0,152516,8610.0,96,8608.0,26,nan,0,nan,0,nan,0,nan,0,nan,0,nan,0,nan,0,nan,0
1597988435819924992,1597988436244000000,2020-08-21 13:40:36.244000,8608.0,8654.0,8490.0,8590.0,nan,8572.0,357640,30656900800.0,152514,8608.0,2,8607.0,33,nan,0,nan,0,nan,0,nan,0,nan,0,nan,0,nan,0,nan,0
1597988436297771008,1597988436740000000,2020-08-21 13:40:36.740000,8608.0,8654.0,8490.0,8590.0,nan,8572.0,357663,30658872360.0,152510,8609.0,3,8608.0,7,nan,0,nan,0,nan,0,nan,0,nan,0,nan,0,nan,0,nan,0
1597988436816660992,1597988437242000128,2020-08-21 13:40:37.242000,8609.0,8654.0,8490.0,8590.0,nan,8572.0,357665,30659043800.0,152510,8609.0,4,8608.0,19,nan,0,nan,0,nan,0,nan,0,nan,0,nan,0,nan,0,nan,0
1597988437338786048,1597988437720000000,2020-08-21 13:40:37.720000,8609.0,8654.0,8490.0,8590.0,nan,8572.0,357693,30661443960.0,152503,8609.0,6,8608.0,19,nan,0,nan,0,nan,0,nan,0,nan,0,nan,0,nan,0,nan,0
1597988437812239872,1597988438233999872,2020-08-21 13:40:38.234000,8609.0,8654.0,8490.0,8590.0,nan,8572.0,357699,30661958280.0,152503,8609.0,9,8608.0,27,nan,0,nan,0,nan,0,nan,0,nan,0,nan,0,nan,0,nan,0
1597988438298021120,1597988438724000000,2020-08-21 13:40:38.724000,8609.0,8654.0,8490.0,8590.0,nan,8572.0,357730,30664615600.0,152503,8610.0,94,8609.0,19,nan,0,nan,0,nan,0,nan,0,nan,0,nan,0,nan,0,nan,0
1597988438821467904,1597988439244999936,2020-08-21 13:40:39.245000,8609.0,8654.0,8490.0,8590.0,nan,8572.0,357741,30665558520.0,152500,8610.0,92,8609.0,15,nan,0,nan,0,nan,0,nan,0,nan,0,nan,0,nan,0,nan,0
1597988439308634112,1597988439734999808,2020-08-21 13:40:39.735000,8609.0,8654.0,8490.0,8590.0,nan,8572.0,357763,30667444360.0,152492,8610.0,93,8609.0,13,nan,0,nan,0,nan,0,nan,0,nan,0,nan,0,nan,0,nan,0
1597988439783854080,1597988440224000000,2020-08-21 13:40:40.224000,8609.0,8654.0,8490.0,8590.0,nan,8572.0,357768,30667872960.0,152494,8610.0,92,8609.0,11,nan,0,nan,0,nan,0,nan,0,nan,0,nan,0,nan,0,nan,0
1597988440286528000,1597988440744999936,2020-08-21 13:40:40.745000,8610.0,8654.0,8490.0,8590.0,nan,8572.0,357862,30675930640.0,152419,8611.0,5,8610.0,46,nan,0,nan,0,nan,0,nan,0,nan,0,nan,0,nan,0,nan,0
1597988440813818112,1597988441234999808,2020-08-21 13:40:41.235000,8611.0,8654.0,8490.0,8590.0,nan,8572.0,357880,30677473600.0,152415,8612.0,128,8611.0,4,nan,0,nan,0,nan,0,nan,0,nan,0,nan,0,nan,0,nan,0
1597988441294083072,1597988441744000000,2020-08-21 13:40:41.744000,8611.0,8654.0,8490.0,8590.0,nan,8572.0,357886,30677987920.0,152410,8611.0,1,8610.0,23,nan,0,nan,0,nan,0,nan,0,nan,0,nan,0,nan,0,nan,0
1597988441804276992,1597988442187000064,2020-08-21 13:40:42.187000,8610.0,8654.0,8490.0,8590.0,nan,8572.0,357890,30678330800.0,152409,8611.0,8,8610.0,23,nan,0,nan,0,nan,0,nan,0,nan,0,nan,0,nan,0,nan,0
1597988442307191040,1597988442744999936,2020-08-21 13:40:42.745000,8611.0,8654.0,8490.0,8590.0,nan,8572.0,357892,30678502240.0,152410,8611.0,15,8610.0,24,nan,0,nan,0,nan,0,nan,0,nan,0,nan,0,nan,0,nan,0
1597988442792833024,1597988443239000064,2020-08-21 13:40:43.239000,8611.0,8654.0,8490.0,8590.0,nan,8572.0,357895,30678759400.0,152411,8611.0,18,8610.0,24,nan,0,nan,0,nan,0,nan,0,nan,0,nan,0,nan,0,nan,0
1597988443289473024,1597988443744999936,2020-08-21 13:40:43.745000,8610.0,8654.0,8490.0,8590.0,nan,8572.0,357946,30683131120.0,152409,8610.0,6,8609.0,101,nan,0,nan,0,nan,0,nan,0,nan,0,nan,0,nan,0,nan,0
1597988443808026112,1597988444208000000,2020-08-21 13:40:44.208000,8610.0,8654.0,8490.0,8590.0,nan,8572.0,357953,30683731160.0,152409,8611.0,1,8610.0,17,nan,0,nan,0,nan,0,nan,0,nan,0,nan,0,nan,0,nan,0
1597988444333455104,1597988444746000128,2020-08-21 13:40:44.746000,8611.0,8654.0,8490.0,8590.0,nan,8572.0,357956,30683988320.0,152408,8612.0,131,8610.0,23,nan,0,nan,0,nan,0,nan,0,nan,0,nan,0,nan,0,nan,0
1597988444806397952,1597988445216999936,2020-08-21 13:40:45.217000,8610.0,8654.0,8490.0,8590.0,nan,8572.0,357975,30685617000.0,152403,8611.0,11,8610.0,6,nan,0,nan,0,nan,0,nan,0,nan,0,nan,0,nan,0,nan,0
1597988445297349888,1597988445717999872,2020-08-21 13:40:45.718000,8610.0,8654.0,8490.0,8590.0,nan,8572.0,357992,30687074240.0,152406,8611.0,21,8610.0,4,nan,0,nan,0,nan,0,nan,0,nan,0,nan,0,nan,0,nan,0
1597988445816323072,1597988446243000064,2020-08-21 13:40:46.243000,8610.0,8654.0,8490.0,8590.0,nan,8572.0,357999,30687674280.0,152410,8610.0,16,8609.0,103,nan,0,nan,0,nan,0,nan,0,nan,0,nan,0,nan,0,nan,0
1597988446784446976,1597988447240000000,2020-08-21 13:40:47.240000,8610.0,8654.0,8490.0,8590.0,nan,8572.0,358005,30688188600.0,152408,8610.0,11,8609.0,103,nan,0,nan,0,nan,0,nan,0,nan,0,nan,0,nan,0,nan,0
1597988447283969024,1597988447744999936,2020-08-21 13:40:47.745000,8609.0,8654.0,8490.0,8590.0,nan,8572.0,358013,30688874360.0,152410,8610.0,5,8609.0,101,nan,0,nan,0,nan,0,nan,0,nan,0,nan,0,nan,0,nan,0
1597988447810575872,1597988448232000000,2020-08-21 13:40:48.232000,8610.0,8654.0,8490.0,8590.0,nan,8572.0,358017,30689217240.0,152408,8610.0,3,8609.0,101,nan,0,nan,0,nan,0,nan,0,nan,0,nan,0,nan,0,nan,0
1597988448290201088,1597988448746000128,2020-08-21 13:40:48.746000,8610.0,8654.0,8490.0,8590.0,nan,8572.0,358030,30690331600.0,152417,8610.0,1,8609.0,101,nan,0,nan,0,nan,0,nan,0,nan,0,nan,0,nan,0,nan,0
1597988448870969088,1597988449244999936,2020-08-21 13:40:49.245000,8610.0,8654.0,8490.0,8590.0,nan,8572.0,358037,30690931640.0,152413,8611.0,33,8610.0,7,nan,0,nan,0,nan,0,nan,0,nan,0,nan,0,nan,0,nan,0
1597988449322548992,1597988449632999936,2020-08-21 13:40:49.633000,8610.0,8654.0,8490.0,8590.0,nan,8572.0,358055,30692474600.0,152418,8611.0,38,8609.0,97,nan,0,nan,0,nan,0,nan,0,nan,0,nan,0,nan,0,nan,0
1597988449814603008,1597988450244000000,2020-08-21 13:40:50.244000,8610.0,8654.0,8490.0,8590.0,nan,8572.0,358078,30694446160.0,152437,8610.0,7,8609.0,83,nan,0,nan,0,nan,0,nan,0,nan,0,nan,0,nan,0,nan,0
1597988450289766912,1597988450732000000,2020-08-21 13:40:50.732000,8610.0,8654.0,8490.0,8590.0,nan,8572.0,358079,30694531880.0,152437,8610.0,6,8609.0,84,nan,0,nan,0,nan,0,nan,0,nan,0,nan,0,nan,0,nan,0
1597988450786508032,1597988451224000000,2020-08-21 13:40:51.224000,8610.0,8654.0,8490.0,8590.0,nan,8572.0,358079,30694531880.0,152437,8610.0,6,8609.0,85,nan,0,nan,0,nan,0,nan,0,nan,0,nan,0,nan,0,nan,0
1597988451292573952,1597988451743000064,2020-08-21 13:40:51.743000,8609.0,8654.0,8490.0,8590.0,nan,8572.0,358164,30701818080.0,152514,8609.0,35,8608.0,33,nan,0,nan,0,nan,0,nan,0,nan,0,nan,0,nan,0,nan,0
1597988451825116928,1597988452242000128,2020-08-21 13:40:52.242000,8608.0,8654.0,8490.0,8590.0,nan,8572.0,358183,30703446760.0,152517,8609.0,32,8608.0,21,nan,0,nan,0,nan,0,nan,0,nan,0,nan,0,nan,0,nan,0
1597988452289876992,1597988452732999936,2020-08-21 13:40:52.733000,8609.0,8654.0,8490.0,8590.0,nan,8572.0,358196,30704561120.0,152516,8609.0,31,8608.0,15,nan,0,nan,0,nan,0,nan,0,nan,0,nan,0,nan,0,nan,0
1597988452820240896,1597988453180999936,2020-08-21 13:40:53.181000,8609.0,8654.0,8490.0,8590.0,nan,8572.0,358226,30707132720.0,152510,8609.0,2,8608.0,15,nan,0,nan,0,nan,0,nan,0,nan,0,nan,0,nan,0,nan,0
1597988453300758016,1597988453731000064,2020-08-21 13:40:53.731000,8609.0,8654.0,8490.0,8590.0,nan,8572.0,358242,30708504240.0,152503,8610.0,49,8609.0,13,nan,0,nan,0,nan,0,nan,0,nan,0,nan,0,nan,0,nan,0
1597988453805996032,1597988454232999936,2020-08-21 13:40:54.233000,8609.0,8654.0,8490.0,8590.0,nan,8572.0,358248,30709018560.0,152501,8610.0,49,8609.0,10,nan,0,nan,0,nan,0,nan,0,nan,0,nan,0,nan,0,nan,0
1597988454285377024,1597988454709000192,2020-08-21 13:40:54.709000,8609.0,8654.0,8490.0,8590.0,nan,8572.0,358250,30709190000.0,152501,8610.0,50,8609.0,11,nan,0,nan,0,nan,0,nan,0,nan,0,nan,0,nan,0,nan,0
1597988454810928896,1597988455242000128,2020-08-21 13:40:55.242000,8610.0,8654.0,8490.0,8590.0,nan,8572.0,358251,30709275720.0,152501,8610.0,50,8609.0,26,nan,0,nan,0,nan,0,nan,0,nan,0,nan,0,nan,0,nan,0
1597988455329101056,1597988455744000000,2020-08-21 13:40:55.744000,8609.0,8654.0,8490.0,8590.0,nan,8572.0,358311,30714418920.0,152529,8610.0,45,8609.0,4,nan,0,nan,0,nan,0,nan,0,nan,0,nan,0,nan,0,nan,0
1597988455783187968,1597988456220999936,2020-08-21 13:40:56.221000,8610.0,8654.0,8490.0,8590.0,nan,8572.0,358315,30714761800.0,152528,8609.0,1,8608.0,21,nan,0,nan,0,nan,0,nan,0,nan,0,nan,0,nan,0,nan,0
1597988456288335872,1597988456736000000,2020-08-21 13:40:56.736000,8610.0,8654.0,8490.0,8590.0,nan,8572.0,358315,30714761800.0,152528,8609.0,1,8608.0,23,nan,0,nan,0,nan,0,nan,0,nan,0,nan,0,nan,0,nan,0
1597988456788090880,1597988457240000000,2020-08-21 13:40:57.240000,8609.0,8654.0,8490.0,8590.0,nan,8572.0,358316,30714847520.0,152528,8609.0,13,8608.0,24,nan,0,nan,0,nan,0,nan,0,nan,0,nan,0,nan,0,nan,0
1597988457281505024,1597988457743000064,2020-08-21 13:40:57.743000,8609.0,8654.0,8490.0,8590.0,nan,8572.0,358326,30715704720.0,152525,8609.0,13,8608.0,29,nan,0,nan,0,nan,0,nan,0,nan,0,nan,0,nan,0,nan,0
1597988457810906880,1597988458244000000,2020-08-21 13:40:58.244000,8609.0,8654.0,8490.0,8590.0,nan,8572.0,358338,30716733360.0,152528,8609.0,8,8608.0,25,nan,0,nan,0,nan,0,nan,0,nan,0,nan,0,nan,0,nan,0
1597988458292911104,1597988458742000128,2020-08-21 13:40:58.742000,8609.0,8654.0,8490.0,8590.0,nan,8572.0,358348,30717590560.0,152527,8609.0,7,8608.0,24,nan,0,nan,0,nan,0,nan,0,nan,0,nan,0,nan,0,nan,0
1597988458785351936,1597988459173000192,2020-08-21 13:40:59.173000,8609.0,8654.0,8490.0,8590.0,nan,8572.0,358349,30717676280.0,152527,8609.0,9,8608.0,26,nan,0,nan,0,nan,0,nan,0,nan,0,nan,0,nan,0,nan,0
1597988459298187008,1597988459730000128,2020-08-21 13:40:59.730000,8609.0,8654.0,8490.0,8590.0,nan,8572.0,358351,30717847720.0,152528,8609.0,4,8608.0,29,nan,0,nan,0,nan,0,nan,0,nan,0,nan,0,nan,0,nan,0
1597988459806262016,1597988460242000128,2020-08-21 13:41:00.242000,8609.0,8654.0,8490.0,8590.0,nan,8572.0,358351,30717847720.0,152528,8609.0,4,8608.0,30,nan,0,nan,0,nan,0,nan,0,nan,0,nan,0,nan,0,nan,0
1597988460297961984,1597988460742000128,2020-08-21 13:41:00.742000,8608.0,8654.0,8490.0,8590.0,nan,8572.0,358352,30717933440.0,152528,8609.0,5,8608.0,35,nan,0,nan,0,nan,0,nan,0,nan,0,nan,0,nan,0,nan,0
1597988460815693056,1597988461244000000,2020-08-21 13:41:01.244000,8609.0,8654.0,8490.0,8590.0,nan,8572.0,358367,30719219240.0,152532,8609.0,18,8608.0,24,nan,0,nan,0,nan,0,nan,0,nan,0,nan,0,nan,0,nan,0
1597988461302598912,1597988461696999936,2020-08-21 13:41:01.697000,8609.0,8654.0,8490.0,8590.0,nan,8572.0,358395,30721619400.0,152548,8608.0,2,8607.0,54,nan,0,nan,0,nan,0,nan,0,nan,0,nan,0,nan,0,nan,0
1597988461820225024,1597988462244999936,2020-08-21 13:41:02.245000,8608.0,8654.0,8490.0,8590.0,nan,8572.0,358403,30722305160.0,152547,8608.0,24,8607.0,53,nan,0,nan,0,nan,0,nan,0,nan,0,nan,0,nan,0,nan,0
1597988462298972928,1597988462739000064,2020-08-21 13:41:02.739000,8607.0,8654.0,8490.0,8590.0,nan,8572.0,358410,30722905200.0,152546,8608.0,24,8607.0,52,nan,0,nan,0,nan,0,nan,0,nan,0,nan,0,nan,0,nan,0
1597988462833878016,1597988463236000000,2020-08-21 13:41:03.236000,8608.0,8654.0,8490.0,8590.0,nan,8572.0,358443,30725733960.0,152550,8608.0,15,8607.0,31,nan,0,nan,0,nan,0,nan,0,nan,0,nan,0,nan,0,nan,0
1597988463304669952,1597988463732999936,2020-08-21 13:41:03.733000,8607.0,8654.0,8490.0,8590.0,nan,8572.0,358460,30727191200.0,152554,8608.0,1,8607.0,34,nan,0,nan,0,nan,0,nan,0,nan,0,nan,0,nan,0,nan,0
1597988463830362880,1597988464237999872,2020-08-21 13:41:04.238000,8607.0,8654.0,8490.0,8590.0,nan,8572.0,358467,30727791240.0,152552,8608.0,4,8607.0,31,nan,0,nan,0,nan,0,nan,0,nan,0,nan,0,nan,0,nan,0
1597988464289393920,1597988464740000000,2020-08-21 13:41:04.740000,8608.0,8654.0,8490.0,8590.0,nan,8572.0,358495,30730191400.0,152546,8608.0,9,8607.0,5,nan,0,nan,0,nan,0,nan,0,nan,0,nan,0,nan,0,nan,0
1597988464819572992,1597988465236999936,2020-08-21 13:41:05.237000,8609.0,8654.0,8490.0,8590.0,nan,8572.0,358534,30733534480.0,152562,8609.0,18,8607.0,42,nan,0,nan,0,nan,0,nan,0,nan,0,nan,0,nan,0,nan,0
1597988465289250048,1597988465744999936,2020-08-21 13:41:05.745000,8608.0,8654.0,8490.0,8590.0,nan,8572.0,358536,30733705920.0,152562,8608.0,5,8607.0,44,nan,0,nan,0,nan,0,nan,0,nan,0,nan,0,nan,0,nan,0
1597988465826211072,1597988466186000128,2020-08-21 13:41:06.186000,8608.0,8654.0,8490.0,8590.0,nan,8572.0,358561,30735848920.0,152553,8609.0,21,8607.0,37,nan,0,nan,0,nan,0,nan,0,nan,0,nan,0,nan,0,nan,0
1597988466296112128,1597988466744999936,2020-08-21 13:41:06.745000,8607.0,8654.0,8490.0,8590.0,nan,8572.0,358583,30737734760.0,152552,8609.0,21,8607.0,45,nan,0,nan,0,nan,0,nan,0,nan,0,nan,0,nan,0,nan,0
1597988466823236096,1597988467242000128,2020-08-21 13:41:07.242000,8608.0,8654.0,8490.0,8590.0,nan,8572.0,358587,30738077640.0,152553,8609.0,16,8608.0,12,nan,0,nan,0,nan,0,nan,0,nan,0,nan,0,nan,0,nan,0
1597988467296611072,1597988467708000000,2020-08-21 13:41:07.708000,8608.0,8654.0,8490.0,8590.0,nan,8572.0,358589,30738249080.0,152553,8609.0,16,8608.0,11,nan,0,nan,0,nan,0,nan,0,nan,0,nan,0,nan,0,nan,0
1597988467816535040,1597988468187000064,2020-08-21 13:41:08.187000,8608.0,8654.0,8490.0,8590.0,nan,8572.0,358596,30738849120.0,152558,8609.0,18,8608.0,14,nan,0,nan,0,nan,0,nan,0,nan,0,nan,0,nan,0,nan,0
1597988468293882112,1597988468670000128,2020-08-21 13:41:08.670000,8608.0,8654.0,8490.0,8590.0,nan,8572.0,358618,30740734960.0,152572,8609.0,24,8608.0,3,nan,0,nan,0,nan,0,nan,0,nan,0,nan,0,nan,0,nan,0
1597988468831835904,1597988469217999872,2020-08-21 13:41:09.218000,8607.0,8654.0,8490.0,8590.0,nan,8572.0,358658,30744163760.0,152590,8608.0,1,8606.0,50,nan,0,nan,0,nan,0,nan,0,nan,0,nan,0,nan,0,nan,0
1597988469314354944,1597988469713999872,2020-08-21 13:41:09.714000,8607.0,8654.0,8490.0,8590.0,nan,8572.0,358678,30745878160.0,152596,8608.0,16,8606.0,48,nan,0,nan,0,nan,0,nan,0,nan,0,nan,0,nan,0,nan,0
1597988469833110016,1597988470233999872,2020-08-21 13:41:10.234000,8607.0,8654.0,8490.0,8590.0,nan,8572.0,358685,30746478200.0,152595,8607.0,1,8606.0,48,nan,0,nan,0,nan,0,nan,0,nan,0,nan,0,nan,0,nan,0
1597988470317818112,1597988470730000128,2020-08-21 13:41:10.730000,8607.0,8654.0,8490.0,8590.0,nan,8572.0,358691,30746992520.0,152597,8607.0,1,8606.0,48,nan,0,nan,0,nan,0,nan,0,nan,0,nan,0,nan,0,nan,0
1597988470823130112,1597988471236000000,2020-08-21 13:41:11.236000,8606.0,8654.0,8490.0,8590.0,nan,8572.0,358699,30747678280.0,152598,8607.0,6,8606.0,50,nan,0,nan,0,nan,0,nan,0,nan,0,nan,0,nan,0,nan,0
1597988471323437056,1597988471719000064,2020-08-21 13:41:11.719000,8607.0,8654.0,8490.0,8590.0,nan,8572.0,358712,30748792640.0,152593,8608.0,19,8607.0,3,nan,0,nan,0,nan,0,nan,0,nan,0,nan,0,nan,0,nan,0
1597988471833187072,1597988472231000064,2020-08-21 13:41:12.231000,8607.0,8654.0,8490.0,8590.0,nan,8572.0,358717,30749221240.0,152593,8608.0,19,8607.0,11,nan,0,nan,0,nan,0,nan,0,nan,0,nan,0,nan,0,nan,0
1597988472303216896,1597988472744000000,2020-08-21 13:41:12.744000,8608.0,8654.0,8490.0,8590.0,nan,8572.0,358727,30750078440.0,152588,8608.0,17,8607.0,4,nan,0,nan,0,nan,0,nan,0,nan,0,nan,0,nan,0,nan,0
1597988472833280000,1597988473236000000,2020-08-21 13:41:13.236000,8608.0,8654.0,8490.0,8590.0,nan,8572.0,358733,30750592760.0,152590,8608.0,13,8607.0,6,nan,0,nan,0,nan,0,nan,0,nan,0,nan,0,nan,0,nan,0
1597988473319259904,1597988473736999936,2020-08-21 13:41:13.737000,8609.0,8654.0,8490.0,8590.0,nan,8572.0,358787,30755221640.0,152641,8609.0,31,8606.0,65,nan,0,nan,0,nan,0,nan,0,nan,0,nan,0,nan,0,nan,0
1597988473820477952,1597988474236000000,2020-08-21 13:41:14.236000,8608.0,8654.0,8490.0,8590.0,nan,8572.0,358799,30756250280.0,152635,8609.0,31,8608.0,7,nan,0,nan,0,nan,0,nan,0,nan,0,nan,0,nan,0,nan,0
1597988474294929920,1597988474733999872,2020-08-21 13:41:14.734000,8608.0,8654.0,8490.0,8590.0,nan,8572.0,358803,30756593160.0,152631,8609.0,30,8608.0,3,nan,0,nan,0,nan,0,nan,0,nan,0,nan,0,nan,0,nan,0
1597988474788984064,1597988475232000000,2020-08-21 13:41:15.232000,8608.0,8654.0,8490.0,8590.0,nan,8572.0,358809,30757107480.0,152632,8609.0,30,8608.0,2,nan,0,nan,0,nan,0,nan,0,nan,0,nan,0,nan,0,nan,0
1597988475295168000,1597988475724999936,2020-08-21 13:41:15.725000,8607.0,8654.0,8490.0,8590.0,nan,8572.0,358863,30761736360.0,152634,8608.0,13,8607.0,39,nan,0,nan,0,nan,0,nan,0,nan,0,nan,0,nan,0,nan,0
1597988475818917888,1597988476232000000,2020-08-21 13:41:16.232000,8607.0,8654.0,8490.0,8590.0,nan,8572.0,358876,30762850720.0,152637,8608.0,19,8607.0,28,nan,0,nan,0,nan,0,nan,0,nan,0,nan,0,nan,0,nan,0
1597988476300296960,1597988476743000064,2020-08-21 13:41:16.743000,8608.0,8654.0,8490.0,8590.0,nan,8572.0,358877,30762936440.0,152637,8608.0,18,8607.0,31,nan,0,nan,0,nan,0,nan,0,nan,0,nan,0,nan,0,nan,0
1597988476832389120,1597988477193000192,2020-08-21 13:41:17.193000,8608.0,8654.0,8490.0,8590.0,nan,8572.0,358887,30763793640.0,152638,8609.0,31,8608.0,1,nan,0,nan,0,nan,0,nan,0,nan,0,nan,0,nan,0,nan,0
1597988477295621120,1597988477734999808,2020-08-21 13:41:17.735000,8609.0,8654.0,8490.0,8590.0,nan,8572.0,358889,30763965080.0,152636,8609.0,33,8608.0,11,nan,0,nan,0,nan,0,nan,0,nan,0,nan,0,nan,0,nan,0
1597988477833612032,1597988478232000000,2020-08-21 13:41:18.232000,8608.0,8654.0,8490.0,8590.0,nan,8572.0,358890,30764050800.0,152636,8609.0,33,8608.0,12,nan,0,nan,0,nan,0,nan,0,nan,0,nan,0,nan,0,nan,0
1597988478311333120,1597988478742000128,2020-08-21 13:41:18.742000,8608.0,8654.0,8490.0,8590.0,nan,8572.0,358893,30764307960.0,152636,8609.0,32,8608.0,10,nan,0,nan,0,nan,0,nan,0,nan,0,nan,0,nan,0,nan,0
1597988478825331968,1597988479240999936,2020-08-21 13:41:19.241000,8609.0,8654.0,8490.0,8590.0,nan,8572.0,358901,30764993720.0,152631,8609.0,25,8608.0,9,nan,0,nan,0,nan,0,nan,0,nan,0,nan,0,nan,0,nan,0
1597988479322472960,1597988479746000128,2020-08-21 13:41:19.746000,8609.0,8654.0,8490.0,8590.0,nan,8572.0,358904,30765250880.0,152628,8609.0,22,8608.0,11,nan,0,nan,0,nan,0,nan,0,nan,0,nan,0,nan,0,nan,0
1597988479817097984,1597988480232000000,2020-08-21 13:41:20.232000,8609.0,8654.0,8490.0,8590.0,nan,8572.0,358912,30765936640.0,152623,8609.0,18,8608.0,10,nan,0,nan,0,nan,0,nan,0,nan,0,nan,0,nan,0,nan,0
1597988480299056128,1597988480733999872,2020-08-21 13:41:20.734000,8609.0,8654.0,8490.0,8590.0,nan,8572.0,358914,30766108080.0,152623,8609.0,16,8608.0,14,nan,0,nan,0,nan,0,nan,0,nan,0,nan,0,nan,0,nan,0
1597988480818767104,1597988481242000128,2020-08-21 13:41:21.242000,8609.0,8654.0,8490.0,8590.0,nan,8572.0,358923,30766879560.0,152624,8609.0,17,8608.0,8,nan,0,nan,0,nan,0,nan,0,nan,0,nan,0,nan,0,nan,0
1597988481297880064,1597988481740999936,2020-08-21 13:41:21.741000,8609.0,8654.0,8490.0,8590.0,nan,8572.0,358927,30767222440.0,152622,8609.0,17,8608.0,7,nan,0,nan,0,nan,0,nan,0,nan,0,nan,0,nan,0,nan,0
