local_nano_time,quote_nano_time,datetime,last_price,highest,lowest,open,close,average,volume,amount,open_interest,ask_price1,ask_volume1,bid_price1,bid_volume1,ask_price2,ask_volume2,bid_price2,bid_volume2,ask_price3,ask_volume3,bid_price3,bid_volume3,ask_price4,ask_volume4,bid_price4,bid_volume4,ask_price5,ask_volume5,bid_price5,bid_volume5
1597988226613591040,1597988226913000192,2020-08-21 13:37:06.913000,9420.0,9420.0,9250.0,9355.0,nan,9336.112,8388,783113050.0,19363,9420.0,18,9415.0,1,9425.0,81,9410.0,23,9430.0,2,9405.0,81,9440.0,26,9400.0,9,9450.0,18,9395.0,7
1597988227106187008,1597988227436000000,2020-08-21 13:37:07.436000,9420.0,9420.0,9250.0,9355.0,nan,9336.112,8388,783113050.0,19363,9420.0,18,9415.0,1,9425.0,89,9410.0,23,9430.0,2,9405.0,89,9440.0,26,9400.0,9,9450.0,18,9395.0,7
1597988232623197952,1597988232932000000,2020-08-21 13:37:12.932000,9420.0,9420.0,9250.0,9355.0,nan,9336.112,8388,783113050.0,19363,9420.0,18,9415.0,1,9425.0,81,9410.0,23,9430.0,3,9405.0,81,9440.0,26,9400.0,9,9450.0,18,9395.0,7
1597988233124246016,1597988233405999872,2020-08-21 13:37:13.406000,9420.0,9420.0,9250.0,9355.0,nan,9336.112,8388,783113050.0,19363,9420.0,18,9415.0,1,9425.0,89,9410.0,23,9430.0,3,9405.0,89,9440.0,26,9400.0,9,9450.0,18,9395.0,7
1597988234627574016,1597988234937999872,2020-08-21 13:37:14.938000,9420.0,9420.0,9250.0,9355.0,nan,9336.122,8389,783207250.0,19364,9420.0,15,9415.0,1,9425.0,83,9410.0,15,9430.0,3,9405.0,89,9440.0,26,9400.0,9,9450.0,18,9395.0,7
1597988235135223040,1597988235413000192,2020-08-21 13:37:15.413000,9420.0,9420.0,9250.0,9355.0,nan,9336.122,8389,783207250.0,19364,9420.0,17,9415.0,1,9425.0,89,9410.0,23,9430.0,3,9405.0,89,9440.0,26,9400.0,9,9450.0,18,9395.0,7
1597988238115987968,1597988238430000128,2020-08-21 13:37:18.430000,9420.0,9420.0,9250.0,9355.0,nan,9336.122,8389,783207250.0,19364,9420.0,17,9415.0,1,9425.0,89,9410.0,22,9430.0,3,9405.0,89,9440.0,26,9400.0,9,9450.0,18,9395.0,7
1597988238636622080,1597988238932000000,2020-08-21 13:37:18.932000,9415.0,9420.0,9250.0,9355.0,nan,9336.131,8390,783301400.0,19365,9415.0,1,9410.0,14,9420.0,9,9405.0,74,9425.0,73,9400.0,9,9430.0,3,9395.0,7,9440.0,26,9390.0,7
1597988239133156096,1597988239420999936,2020-08-21 13:37:19.421000,9415.0,9420.0,9250.0,9355.0,nan,9336.141,8391,783395550.0,19364,9420.0,20,9410.0,5,9425.0,51,9405.0,58,9430.0,3,9400.0,25,9440.0,26,9395.0,7,9450.0,18,9390.0,7
1597988239616139008,1597988239932000000,2020-08-21 13:37:19.932000,9415.0,9420.0,9250.0,9355.0,nan,9336.141,8391,783395550.0,19364,9420.0,18,9410.0,11,9425.0,78,9405.0,91,9430.0,3,9400.0,9,9440.0,26,9395.0,7,9450.0,18,9390.0,7
1597988240127187968,1597988240416999936,2020-08-21 13:37:20.417000,9415.0,9420.0,9250.0,9355.0,nan,9336.141,8391,783395550.0,19364,9420.0,15,9410.0,13,9425.0,82,9405.0,90,9430.0,3,9400.0,9,9440.0,26,9395.0,7,9450.0,18,9390.0,7
1597988240613447936,1597988240916000000,2020-08-21 13:37:20.916000,9415.0,9420.0,9250.0,9355.0,nan,9336.141,8391,783395550.0,19364,9420.0,18,9410.0,18,9425.0,88,9405.0,96,9430.0,3,9400.0,9,9440.0,26,9395.0,7,9450.0,18,9390.0,7
1597988241131792896,1597988241423000064,2020-08-21 13:37:21.423000,9415.0,9420.0,9250.0,9355.0,nan,9336.141,8391,783395550.0,19364,9420.0,17,9410.0,19,9425.0,89,9405.0,95,9430.0,3,9400.0,9,9440.0,26,9395.0,7,9450.0,18,9390.0,7
1597988244630761984,1597988244932000000,2020-08-21 13:37:24.932000,9415.0,9420.0,9250.0,9355.0,nan,9336.141,8391,783395550.0,19364,9420.0,17,9410.0,19,9425.0,81,9405.0,87,9430.0,3,9400.0,9,9440.0,26,9395.0,7,9450.0,18,9390.0,7
1597988245121701888,1597988245427000064,2020-08-21 13:37:25.427000,9415.0,9420.0,9250.0,9355.0,nan,9336.141,8391,783395550.0,19364,9420.0,17,9410.0,17,9425.0,89,9405.0,95,9430.0,3,9400.0,9,9440.0,26,9395.0,7,9450.0,18,9390.0,7
1597988249115675904,1597988249420000000,2020-08-21 13:37:29.420000,9415.0,9420.0,9250.0,9355.0,nan,9336.141,8391,783395550.0,19364,9420.0,17,9410.0,17,9425.0,89,9405.0,95,9430.0,3,9400.0,9,9440.0,27,9395.0,7,9450.0,18,9390.0,7
1597988250140419072,1597988250435000064,2020-08-21 13:37:30.435000,9420.0,9420.0,9250.0,9355.0,nan,9336.15,8392,783489750.0,19364,9420.0,16,9410.0,17,9425.0,89,9405.0,95,9430.0,3,9400.0,9,9440.0,27,9395.0,7,9450.0,18,9390.0,7
1597988250633996032,1597988250933000192,2020-08-21 13:37:30.933000,9420.0,9420.0,9250.0,9355.0,nan,9336.15,8392,783489750.0,19364,9420.0,14,9410.0,17,9425.0,81,9405.0,87,9430.0,3,9400.0,9,9440.0,27,9395.0,7,9450.0,18,9390.0,7
1597988251133014016,1597988251436000000,2020-08-21 13:37:31.436000,9420.0,9420.0,9250.0,9355.0,nan,9336.15,8392,783489750.0,19364,9420.0,14,9410.0,17,9425.0,89,9405.0,95,9430.0,3,9400.0,9,9440.0,27,9395.0,7,9450.0,18,9390.0,7
1597988253612642048,1597988253898999808,2020-08-21 13:37:33.899000,9420.0,9420.0,9250.0,9355.0,nan,9336.15,8392,783489750.0,19364,9420.0,13,9410.0,17,9425.0,89,9405.0,95,9430.0,3,9400.0,9,9440.0,27,9395.0,7,9450.0,18,9390.0,7
1597988256619027968,1597988256924999936,2020-08-21 13:37:36.925000,9420.0,9420.0,9250.0,9355.0,nan,9336.15,8392,783489750.0,19364,9420.0,13,9410.0,17,9425.0,81,9405.0,87,9430.0,3,9400.0,9,9440.0,27,9395.0,7,9450.0,18,9390.0,7
1597988257118437888,1597988257427000064,2020-08-21 13:37:37.427000,9420.0,9420.0,9250.0,9355.0,nan,9336.15,8392,783489750.0,19364,9420.0,13,9410.0,17,9425.0,89,9405.0,95,9430.0,3,9400.0,9,9440.0,27,9395.0,7,9450.0,18,9390.0,7
1597988262631361024,1597988262910000128,2020-08-21 13:37:42.910000,9420.0,9420.0,9250.0,9355.0,nan,9336.15,8392,783489750.0,19364,9420.0,13,9410.0,17,9425.0,81,9405.0,87,9430.0,3,9400.0,9,9440.0,27,9395.0,7,9450.0,18,9390.0,7
1597988263110771968,1597988263379000064,2020-08-21 13:37:43.379000,9420.0,9420.0,9250.0,9355.0,nan,9336.15,8392,783489750.0,19364,9420.0,13,9410.0,17,9425.0,89,9405.0,95,9430.0,3,9400.0,9,9440.0,27,9395.0,7,9450.0,18,9390.0,7
1597988264625126912,1597988264935000064,2020-08-21 13:37:44.935000,9420.0,9420.0,9250.0,9355.0,nan,9336.15,8392,783489750.0,19364,9420.0,17,9410.0,17,9425.0,89,9405.0,95,9430.0,3,9400.0,9,9440.0,27,9395.0,7,9450.0,18,9390.0,7
1597988265137020928,1597988265413000192,2020-08-21 13:37:45.413000,9420.0,9420.0,9250.0,9355.0,nan,9336.15,8392,783489750.0,19364,9420.0,18,9410.0,17,9425.0,89,9405.0,95,9430.0,3,9400.0,9,9440.0,27,9395.0,7,9450.0,18,9390.0,7
1597988265613145088,1597988265935000064,2020-08-21 13:37:45.935000,9420.0,9420.0,9250.0,9355.0,nan,9336.15,8392,783489750.0,19364,9420.0,19,9410.0,16,9425.0,88,9405.0,96,9430.0,3,9400.0,9,9440.0,27,9395.0,7,9450.0,18,9390.0,7
1597988267607016960,1597988267938999808,2020-08-21 13:37:47.939000,9420.0,9420.0,9250.0,9355.0,nan,9336.15,8392,783489750.0,19364,9420.0,19,9410.0,16,9425.0,89,9405.0,96,9430.0,3,9400.0,9,9440.0,27,9395.0,7,9450.0,18,9390.0,7
1597988273611173888,1597988273932000000,2020-08-21 13:37:53.932000,9420.0,9420.0,9250.0,9355.0,nan,9336.15,8392,783489750.0,19364,9415.0,2,9410.0,16,9420.0,19,9405.0,96,9425.0,89,9400.0,9,9430.0,3,9395.0,7,9440.0,27,9390.0,7
1597988274106552064,1597988274432000000,2020-08-21 13:37:54.432000,9420.0,9420.0,9250.0,9355.0,nan,9336.15,8392,783489750.0,19364,9415.0,3,9410.0,14,9420.0,22,9405.0,74,9425.0,67,9400.0,17,9430.0,3,9395.0,7,9440.0,27,9390.0,7
1597988274625743104,1597988274931000064,2020-08-21 13:37:54.931000,9420.0,9420.0,9250.0,9355.0,nan,9336.15,8392,783489750.0,19364,9415.0,3,9410.0,16,9420.0,38,9405.0,72,9425.0,59,9400.0,25,9430.0,3,9395.0,7,9440.0,27,9390.0,7
1597988275133250048,1597988275411000064,2020-08-21 13:37:55.411000,9420.0,9420.0,9250.0,9355.0,nan,9336.15,8392,783489750.0,19364,9415.0,3,9410.0,16,9420.0,46,9405.0,72,9425.0,59,9400.0,33,9430.0,3,9395.0,7,9440.0,27,9390.0,7
1597988280616877056,1597988280933000192,2020-08-21 13:38:00.933000,9415.0,9420.0,9250.0,9355.0,nan,9336.179,8395,783772200.0,19362,9420.0,29,9415.0,1,9425.0,52,9410.0,8,9430.0,3,9405.0,64,9440.0,27,9400.0,25,9450.0,18,9395.0,7
1597988281131931904,1597988281405999872,2020-08-21 13:38:01.406000,9415.0,9420.0,9250.0,9355.0,nan,9336.179,8395,783772200.0,19362,9420.0,3,9415.0,1,9425.0,68,9410.0,5,9430.0,3,9405.0,74,9440.0,27,9400.0,9,9450.0,18,9395.0,7
1597988281621891072,1597988281924999936,2020-08-21 13:38:01.925000,9415.0,9420.0,9250.0,9355.0,nan,9336.179,8395,783772200.0,19362,9420.0,11,9415.0,2,9425.0,84,9410.0,29,9430.0,11,9405.0,81,9440.0,27,9400.0,9,9450.0,18,9395.0,7
1597988282133982976,1597988282423000064,2020-08-21 13:38:02.423000,9415.0,9420.0,9250.0,9355.0,nan,9336.179,8395,783772200.0,19362,9420.0,12,9415.0,2,9425.0,84,9410.0,14,9430.0,3,9405.0,89,9440.0,27,9400.0,9,9450.0,18,9395.0,7
1597988282637408000,1597988282935000064,2020-08-21 13:38:02.935000,9415.0,9420.0,9250.0,9355.0,nan,9336.179,8395,783772200.0,19362,9420.0,14,9415.0,2,9425.0,90,9410.0,22,9430.0,3,9405.0,89,9440.0,27,9400.0,9,9450.0,18,9395.0,7
1597988289113504000,1597988289432000000,2020-08-21 13:38:09.432000,9415.0,9420.0,9250.0,9355.0,nan,9336.188,8396,783866350.0,19362,9420.0,14,9415.0,1,9425.0,90,9410.0,22,9430.0,3,9405.0,89,9440.0,27,9400.0,9,9450.0,18,9395.0,7
1597988289620930048,1597988289911000064,2020-08-21 13:38:09.911000,9415.0,9420.0,9250.0,9355.0,nan,9336.197,8397,783960500.0,19362,9415.0,1,9410.0,14,9420.0,6,9405.0,82,9425.0,82,9400.0,9,9430.0,3,9395.0,7,9440.0,27,9390.0,7
1597988290124059904,1597988290417999872,2020-08-21 13:38:10.418000,9415.0,9420.0,9250.0,9355.0,nan,9336.197,8397,783960500.0,19362,9415.0,1,9410.0,5,9420.0,10,9405.0,66,9425.0,60,9400.0,17,9430.0,3,9395.0,7,9440.0,27,9390.0,7
1597988290618642944,1597988290931000064,2020-08-21 13:38:10.931000,9415.0,9420.0,9250.0,9355.0,nan,9336.197,8397,783960500.0,19362,9415.0,3,9410.0,17,9420.0,35,9405.0,75,9425.0,59,9400.0,25,9430.0,3,9395.0,7,9440.0,27,9390.0,7
1597988291119384064,1597988291432000000,2020-08-21 13:38:11.432000,9415.0,9420.0,9250.0,9355.0,nan,9336.197,8397,783960500.0,19362,9415.0,3,9410.0,17,9420.0,34,9405.0,66,9425.0,59,9400.0,33,9430.0,3,9395.0,7,9440.0,27,9390.0,7
1597988291628509952,1597988291936000000,2020-08-21 13:38:11.936000,9415.0,9420.0,9250.0,9355.0,nan,9336.197,8397,783960500.0,19362,9415.0,3,9410.0,20,9420.0,43,9405.0,72,9425.0,59,9400.0,33,9430.0,3,9395.0,7,9440.0,27,9390.0,7
1597988292117401088,1597988292436999936,2020-08-21 13:38:12.437000,9415.0,9420.0,9250.0,9355.0,nan,9336.226,8400,784242950.0,19360,9420.0,35,9415.0,1,9425.0,52,9410.0,12,9430.0,3,9405.0,64,9440.0,27,9400.0,33,9445.0,14,9395.0,7
1597988292617494016,1597988292936000000,2020-08-21 13:38:12.936000,9415.0,9420.0,9250.0,9355.0,nan,9336.226,8400,784242950.0,19360,9420.0,4,9415.0,1,9425.0,68,9410.0,10,9430.0,3,9405.0,74,9440.0,27,9400.0,9,9445.0,14,9395.0,7
1597988293114544128,1597988293428000000,2020-08-21 13:38:13.428000,9415.0,9420.0,9250.0,9355.0,nan,9336.226,8400,784242950.0,19360,9420.0,11,9415.0,2,9425.0,84,9410.0,33,9430.0,11,9405.0,81,9440.0,27,9400.0,9,9450.0,18,9395.0,7
1597988293600360960,1597988293931000064,2020-08-21 13:38:13.931000,9415.0,9420.0,9250.0,9355.0,nan,9336.226,8400,784242950.0,19360,9420.0,12,9415.0,2,9425.0,76,9410.0,26,9430.0,11,9405.0,81,9440.0,27,9400.0,9,9450.0,18,9395.0,7
1597988294131310080,1597988294430000128,2020-08-21 13:38:14.430000,9415.0,9420.0,9250.0,9355.0,nan,9336.226,8400,784242950.0,19360,9420.0,14,9415.0,2,9425.0,90,9410.0,26,9430.0,3,9405.0,89,9440.0,27,9400.0,9,9450.0,18,9395.0,7
1597988296113848064,1597988296431000064,2020-08-21 13:38:16.431000,9415.0,9420.0,9250.0,9355.0,nan,9336.235,8401,784337100.0,19360,9420.0,14,9415.0,1,9425.0,90,9410.0,26,9430.0,3,9405.0,89,9440.0,27,9400.0,9,9450.0,18,9395.0,7
1597988296640652032,1597988296903000064,2020-08-21 13:38:16.903000,9415.0,9420.0,9250.0,9355.0,nan,9336.244,8402,784431250.0,19361,9415.0,1,9410.0,18,9420.0,6,9405.0,82,9425.0,82,9400.0,9,9430.0,3,9395.0,7,9440.0,27,9390.0,7
1597988297148879104,1597988297424999936,2020-08-21 13:38:17.425000,9415.0,9420.0,9250.0,9355.0,nan,9336.254,8403,784525400.0,19361,9415.0,1,9410.0,9,9420.0,10,9405.0,66,9425.0,60,9400.0,17,9430.0,3,9395.0,7,9440.0,27,9390.0,7
1597988297632332032,1597988297937999872,2020-08-21 13:38:17.938000,9415.0,9420.0,9250.0,9355.0,nan,9336.254,8403,784525400.0,19361,9415.0,2,9410.0,17,9420.0,35,9405.0,75,9425.0,59,9400.0,25,9430.0,3,9395.0,7,9440.0,27,9390.0,7
1597988298121184000,1597988298433000192,2020-08-21 13:38:18.433000,9415.0,9420.0,9250.0,9355.0,nan,9336.254,8403,784525400.0,19361,9415.0,2,9410.0,17,9420.0,34,9405.0,66,9425.0,59,9400.0,33,9430.0,3,9395.0,7,9440.0,27,9390.0,7
1597988298615792128,1597988298876000000,2020-08-21 13:38:18.876000,9415.0,9420.0,9250.0,9355.0,nan,9336.272,8405,784713700.0,19363,9420.0,35,9415.0,1,9425.0,52,9410.0,12,9430.0,3,9405.0,64,9440.0,27,9400.0,33,9445.0,14,9395.0,7
1597988299119854080,1597988299417999872,2020-08-21 13:38:19.418000,9415.0,9420.0,9250.0,9355.0,nan,9336.272,8405,784713700.0,19363,9420.0,3,9415.0,1,9425.0,68,9410.0,10,9430.0,3,9405.0,74,9440.0,27,9400.0,9,9445.0,14,9395.0,7
1597988299631851008,1597988299933000192,2020-08-21 13:38:19.933000,9415.0,9420.0,9250.0,9355.0,nan,9336.282,8406,784807850.0,19362,9420.0,10,9415.0,1,9425.0,84,9410.0,33,9430.0,11,9405.0,81,9440.0,27,9400.0,9,9450.0,18,9395.0,7
1597988300117032960,1597988300418999808,2020-08-21 13:38:20.419000,9415.0,9420.0,9250.0,9355.0,nan,9336.282,8406,784807850.0,19362,9420.0,11,9415.0,1,9425.0,76,9410.0,26,9430.0,11,9405.0,81,9440.0,27,9400.0,9,9450.0,18,9395.0,7
1597988300625861888,1597988300936999936,2020-08-21 13:38:20.937000,9415.0,9420.0,9250.0,9355.0,nan,9336.282,8406,784807850.0,19362,9420.0,13,9415.0,1,9425.0,90,9410.0,26,9430.0,3,9405.0,89,9440.0,27,9400.0,9,9450.0,18,9395.0,7
1597988304647528960,1597988304928999936,2020-08-21 13:38:24.929000,9415.0,9420.0,9250.0,9355.0,nan,9336.282,8406,784807850.0,19362,9420.0,13,9415.0,1,9425.0,82,9410.0,26,9430.0,3,9405.0,81,9440.0,27,9400.0,9,9450.0,18,9395.0,7
1597988305126661888,1597988305433000192,2020-08-21 13:38:25.433000,9415.0,9420.0,9250.0,9355.0,nan,9336.282,8406,784807850.0,19362,9420.0,13,9415.0,1,9425.0,90,9410.0,26,9430.0,3,9405.0,89,9440.0,27,9400.0,9,9450.0,18,9395.0,7
1597988305631048960,1597988305936999936,2020-08-21 13:38:25.937000,9415.0,9420.0,9250.0,9355.0,nan,9336.291,8407,784902000.0,19362,9415.0,2,9410.0,18,9420.0,5,9405.0,82,9425.0,82,9400.0,9,9430.0,3,9395.0,7,9440.0,27,9390.0,7
1597988306124784128,1597988306417999872,2020-08-21 13:38:26.418000,9415.0,9420.0,9250.0,9355.0,nan,9336.291,8407,784902000.0,19362,9415.0,2,9410.0,9,9420.0,10,9405.0,66,9425.0,60,9400.0,17,9430.0,3,9395.0,7,9440.0,27,9390.0,7
1597988306627289088,1597988306932000000,2020-08-21 13:38:26.932000,9415.0,9420.0,9250.0,9355.0,nan,9336.319,8410,785184450.0,19360,9420.0,27,9415.0,3,9425.0,60,9410.0,9,9430.0,3,9405.0,75,9440.0,27,9400.0,25,9450.0,18,9395.0,7
1597988307117216000,1597988307413000192,2020-08-21 13:38:27.413000,9415.0,9420.0,9250.0,9355.0,nan,9336.319,8410,785184450.0,19360,9420.0,2,9415.0,7,9425.0,68,9410.0,9,9430.0,3,9405.0,74,9440.0,27,9400.0,9,9450.0,18,9395.0,7
1597988307623145984,1597988307923000064,2020-08-21 13:38:27.923000,9415.0,9420.0,9250.0,9355.0,nan,9336.319,8410,785184450.0,19360,9420.0,2,9415.0,7,9425.0,69,9410.0,34,9430.0,19,9405.0,66,9440.0,27,9400.0,9,9450.0,18,9395.0,7
1597988308128166912,1597988308432000000,2020-08-21 13:38:28.432000,9415.0,9420.0,9250.0,9355.0,nan,9336.319,8410,785184450.0,19360,9420.0,3,9415.0,15,9425.0,69,9410.0,50,9430.0,34,9405.0,58,9440.0,27,9400.0,9,9450.0,18,9395.0,7
1597988308638626048,1597988308936999936,2020-08-21 13:38:28.937000,9415.0,9420.0,9250.0,9355.0,nan,9336.319,8410,785184450.0,19360,9420.0,3,9415.0,15,9425.0,42,9410.0,47,9430.0,42,9405.0,42,9440.0,27,9400.0,9,9450.0,18,9395.0,7
1597988309132524032,1597988309437999872,2020-08-21 13:38:29.438000,9415.0,9420.0,9250.0,9355.0,nan,9336.319,8410,785184450.0,19360,9420.0,3,9415.0,20,9425.0,51,9410.0,53,9430.0,44,9405.0,42,9440.0,27,9400.0,9,9450.0,18,9395.0,7
1597988309943576064,1597988309937999872,2020-08-21 13:38:29.938000,9415.0,9420.0,9250.0,9355.0,nan,9336.319,8410,785184450.0,19360,9420.0,3,9415.0,20,9425.0,51,9410.0,61,9430.0,52,9405.0,42,9440.0,27,9400.0,9,9450.0,18,9395.0,7
1597988314619016960,1597988314897000192,2020-08-21 13:38:34.897000,9415.0,9420.0,9250.0,9355.0,nan,9336.319,8410,785184450.0,19360,9420.0,3,9415.0,20,9425.0,51,9410.0,61,9430.0,51,9405.0,42,9440.0,27,9400.0,9,9450.0,18,9395.0,7
1597988316615867904,1597988316920999936,2020-08-21 13:38:36.921000,9415.0,9420.0,9250.0,9355.0,nan,9336.319,8410,785184450.0,19360,9420.0,3,9415.0,25,9425.0,51,9410.0,61,9430.0,51,9405.0,42,9440.0,27,9400.0,9,9450.0,18,9395.0,7
1597988317132093952,1597988317431000064,2020-08-21 13:38:37.431000,9415.0,9420.0,9250.0,9355.0,nan,9336.319,8410,785184450.0,19360,9420.0,4,9415.0,25,9425.0,51,9410.0,61,9430.0,51,9405.0,42,9440.0,27,9400.0,9,9450.0,18,9395.0,7
1597988321127666944,1597988321436999936,2020-08-21 13:38:41.437000,9415.0,9420.0,9250.0,9355.0,nan,9336.319,8410,785184450.0,19360,9420.0,4,9415.0,25,9425.0,51,9410.0,60,9430.0,51,9405.0,42,9440.0,27,9400.0,9,9450.0,18,9395.0,7
1597988321628496896,1597988321938999808,2020-08-21 13:38:41.939000,9425.0,9425.0,9250.0,9355.0,nan,9336.422,8420,786126750.0,19361,9425.0,34,9420.0,1,9430.0,44,9415.0,17,9440.0,27,9410.0,52,9450.0,18,9405.0,34,9455.0,1,9400.0,9
1597988322131674112,1597988322426000128,2020-08-21 13:38:42.426000,9420.0,9425.0,9250.0,9355.0,nan,9336.443,8422,786315200.0,19361,9420.0,1,9415.0,23,9425.0,3,9410.0,55,9430.0,52,9405.0,10,9435.0,8,9400.0,9,9440.0,13,9395.0,7
1597988322612483072,1597988322928999936,2020-08-21 13:38:42.929000,9420.0,9425.0,9250.0,9355.0,nan,9336.462,8424,786503600.0,19360,9425.0,26,9415.0,16,9430.0,35,9410.0,45,9440.0,13,9405.0,30,9450.0,18,9400.0,9,9455.0,15,9395.0,7
1597988323134199040,1597988323428999936,2020-08-21 13:38:43.429000,9420.0,9425.0,9250.0,9355.0,nan,9336.462,8424,786503600.0,19360,9425.0,4,9420.0,1,9430.0,52,9415.0,17,9440.0,13,9410.0,55,9450.0,18,9405.0,14,9455.0,15,9400.0,9
1597988323628726016,1597988323924999936,2020-08-21 13:38:43.925000,9420.0,9425.0,9250.0,9355.0,nan,9336.462,8424,786503600.0,19360,9425.0,3,9420.0,1,9430.0,52,9415.0,32,9435.0,8,9410.0,47,9440.0,13,9405.0,14,9450.0,18,9400.0,9
1597988324110905088,1597988324424999936,2020-08-21 13:38:44.425000,9420.0,9425.0,9250.0,9355.0,nan,9336.462,8424,786503600.0,19360,9425.0,11,9420.0,2,9430.0,59,9415.0,47,9435.0,16,9410.0,53,9440.0,13,9405.0,14,9450.0,18,9400.0,9
1597988324633702912,1597988324895000064,2020-08-21 13:38:44.895000,9420.0,9425.0,9250.0,9355.0,nan,9336.462,8424,786503600.0,19360,9425.0,11,9420.0,2,9430.0,76,9415.0,32,9435.0,8,9410.0,77,9440.0,13,9405.0,14,9450.0,18,9400.0,9
1597988325140964096,1597988325424000000,2020-08-21 13:38:45.424000,9420.0,9425.0,9250.0,9355.0,nan,9336.462,8424,786503600.0,19360,9425.0,14,9420.0,2,9430.0,82,9415.0,41,9435.0,8,9410.0,77,9440.0,13,9405.0,14,9450.0,18,9400.0,9
1597988327637878016,1597988327936999936,2020-08-21 13:38:47.937000,9420.0,9425.0,9250.0,9355.0,nan,9336.462,8424,786503600.0,19360,9425.0,14,9420.0,2,9430.0,74,9415.0,41,9435.0,8,9410.0,69,9440.0,13,9405.0,14,9450.0,18,9400.0,9
1597988328136139008,1597988328431000064,2020-08-21 13:38:48.431000,9420.0,9425.0,9250.0,9355.0,nan,9336.462,8424,786503600.0,19360,9425.0,14,9420.0,2,9430.0,82,9415.0,41,9435.0,8,9410.0,77,9440.0,13,9405.0,14,9450.0,18,9400.0,9
1597988329268193024,1597988329400000000,2020-08-21 13:38:49.400000,9420.0,9425.0,9250.0,9355.0,nan,9336.472,8425,786597800.0,19359,9425.0,14,9420.0,1,9430.0,82,9415.0,41,9435.0,8,9410.0,77,9440.0,13,9405.0,14,9450.0,18,9400.0,9
1597988333614011904,1597988333913000192,2020-08-21 13:38:53.913000,9420.0,9425.0,9250.0,9355.0,nan,9336.482,8426,786692000.0,19359,9420.0,1,9415.0,33,9425.0,6,9410.0,62,9430.0,66,9405.0,14,9435.0,8,9400.0,9,9440.0,13,9395.0,7
1597988334153244928,1597988334436000000,2020-08-21 13:38:54.436000,9420.0,9425.0,9250.0,9355.0,nan,9336.492,8427,786786200.0,19358,9420.0,1,9415.0,24,9425.0,17,9410.0,46,9430.0,44,9405.0,31,9435.0,8,9400.0,9,9440.0,13,9395.0,7
1597988334658164992,1597988334927000064,2020-08-21 13:38:54.927000,9420.0,9425.0,9250.0,9355.0,nan,9336.492,8427,786786200.0,19358,9420.0,2,9415.0,27,9425.0,42,9410.0,52,9430.0,43,9405.0,39,9440.0,13,9400.0,9,9450.0,18,9395.0,7
1597988335167186944,1597988335376000000,2020-08-21 13:38:55.376000,9420.0,9425.0,9250.0,9355.0,nan,9336.492,8427,786786200.0,19358,9420.0,2,9415.0,27,9425.0,42,9410.0,68,9430.0,59,9405.0,39,9440.0,13,9400.0,9,9450.0,18,9395.0,7
1597988335678810112,1597988335924999936,2020-08-21 13:38:55.925000,9420.0,9425.0,9250.0,9355.0,nan,9336.502,8428,786880400.0,19358,9420.0,1,9415.0,27,9425.0,42,9410.0,68,9430.0,59,9405.0,39,9440.0,13,9400.0,9,9450.0,18,9395.0,7
1597988337154353920,1597988337416999936,2020-08-21 13:38:57.417000,9420.0,9425.0,9250.0,9355.0,nan,9336.512,8429,786974600.0,19359,9425.0,34,9420.0,1,9430.0,52,9415.0,19,9440.0,13,9410.0,60,9450.0,18,9405.0,39,9455.0,15,9400.0,9
1597988337623321088,1597988337934000128,2020-08-21 13:38:57.934000,9420.0,9425.0,9250.0,9355.0,nan,9336.512,8429,786974600.0,19359,9425.0,4,9420.0,1,9430.0,68,9415.0,17,9440.0,13,9410.0,70,9450.0,18,9405.0,15,9455.0,15,9400.0,9
1597988338122628096,1597988338428000000,2020-08-21 13:38:58.428000,9420.0,9425.0,9250.0,9355.0,nan,9336.512,8429,786974600.0,19359,9425.0,11,9420.0,2,9430.0,84,9415.0,40,9435.0,8,9410.0,77,9440.0,13,9405.0,15,9450.0,18,9400.0,9
1597988338613552896,1597988338928999936,2020-08-21 13:38:58.929000,9420.0,9425.0,9250.0,9355.0,nan,9336.512,8429,786974600.0,19359,9425.0,12,9420.0,2,9430.0,76,9415.0,33,9435.0,8,9410.0,77,9440.0,13,9405.0,15,9450.0,18,9400.0,9
1597988339317484032,1597988339424000000,2020-08-21 13:38:59.424000,9420.0,9425.0,9250.0,9355.0,nan,9336.512,8429,786974600.0,19359,9425.0,14,9420.0,2,9430.0,82,9415.0,41,9435.0,8,9410.0,77,9440.0,13,9405.0,15,9450.0,18,9400.0,9
1597988342731514880,1597988342924999936,2020-08-21 13:39:02.925000,9420.0,9425.0,9250.0,9355.0,nan,9336.512,8429,786974600.0,19359,9425.0,14,9420.0,4,9430.0,74,9415.0,41,9435.0,8,9410.0,69,9440.0,13,9405.0,15,9450.0,18,9400.0,9
1597988343142308096,1597988343435000064,2020-08-21 13:39:03.435000,9420.0,9425.0,9250.0,9355.0,nan,9336.512,8429,786974600.0,19359,9425.0,14,9420.0,8,9430.0,82,9415.0,41,9435.0,8,9410.0,77,9440.0,13,9405.0,15,9450.0,18,9400.0,9
1597988343676184064,1597988343936999936,2020-08-21 13:39:03.937000,9420.0,9425.0,9250.0,9355.0,nan,9336.512,8429,786974600.0,19359,9425.0,14,9420.0,8,9430.0,80,9415.0,39,9435.0,8,9410.0,77,9440.0,13,9405.0,15,9450.0,18,9400.0,9
1597988344158298112,1597988344374000128,2020-08-21 13:39:04.374000,9420.0,9425.0,9250.0,9355.0,nan,9336.512,8429,786974600.0,19359,9425.0,14,9420.0,10,9430.0,80,9415.0,39,9435.0,10,9410.0,77,9440.0,13,9405.0,15,9450.0,18,9400.0,9
1597988344635589120,1597988344918999808,2020-08-21 13:39:04.919000,9420.0,9425.0,9250.0,9355.0,nan,9336.512,8429,786974600.0,19359,9425.0,11,9420.0,10,9430.0,66,9415.0,30,9435.0,10,9410.0,69,9440.0,13,9405.0,15,9450.0,18,9400.0,9
1597988345148608000,1597988345416999936,2020-08-21 13:39:05.417000,9420.0,9425.0,9250.0,9355.0,nan,9336.512,8429,786974600.0,19359,9425.0,14,9420.0,13,9430.0,72,9415.0,44,9435.0,18,9410.0,69,9440.0,13,9405.0,15,9450.0,18,9400.0,9
1597988345646226944,1597988345923000064,2020-08-21 13:39:05.923000,9420.0,9425.0,9250.0,9355.0,nan,9336.512,8429,786974600.0,19359,9425.0,14,9420.0,13,9430.0,64,9415.0,44,9435.0,18,9410.0,61,9440.0,13,9405.0,15,9450.0,18,9400.0,4
1597988346123905024,1597988346420999936,2020-08-21 13:39:06.421000,9420.0,9425.0,9250.0,9355.0,nan,9336.512,8429,786974600.0,19359,9425.0,14,9420.0,13,9430.0,64,9415.0,52,9435.0,26,9410.0,61,9440.0,13,9405.0,10,9450.0,18,9400.0,4
1597988346654660096,1597988346920000000,2020-08-21 13:39:06.920000,9420.0,9425.0,9250.0,9355.0,nan,9336.512,8429,786974600.0,19359,9425.0,14,9420.0,13,9430.0,64,9415.0,52,9435.0,26,9410.0,53,9440.0,13,9405.0,10,9450.0,18,9400.0,4
1597988347385233920,1597988347420999936,2020-08-21 13:39:07.421000,9420.0,9425.0,9250.0,9355.0,nan,9336.512,8429,786974600.0,19359,9425.0,14,9420.0,13,9430.0,64,9415.0,52,9435.0,26,9410.0,61,9440.0,13,9405.0,10,9450.0,18,9400.0,4
1597988348643976960,1597988348932000000,2020-08-21 13:39:08.932000,9420.0,9425.0,9250.0,9355.0,nan,9336.512,8429,786974600.0,19359,9425.0,14,9420.0,13,9430.0,56,9415.0,52,9435.0,26,9410.0,53,9440.0,13,9405.0,10,9450.0,18,9400.0,4
1597988349125606912,1597988349437999872,2020-08-21 13:39:09.438000,9420.0,9425.0,9250.0,9355.0,nan,9336.512,8429,786974600.0,19359,9425.0,14,9420.0,13,9430.0,64,9415.0,52,9435.0,26,9410.0,61,9440.0,13,9405.0,10,9450.0,18,9400.0,4
1597988354638522112,1597988354903000064,2020-08-21 13:39:14.903000,9420.0,9425.0,9250.0,9355.0,nan,9336.512,8429,786974600.0,19359,9425.0,14,9420.0,13,9430.0,56,9415.0,52,9435.0,26,9410.0,53,9440.0,13,9405.0,10,9450.0,18,9400.0,4
1597988355126057984,1597988355434000128,2020-08-21 13:39:15.434000,9420.0,9425.0,9250.0,9355.0,nan,9336.512,8429,786974600.0,19359,9425.0,14,9420.0,18,9430.0,64,9415.0,52,9435.0,26,9410.0,61,9440.0,13,9405.0,10,9450.0,18,9400.0,4
1597988355634660096,1597988355934000128,2020-08-21 13:39:15.934000,9420.0,9425.0,9250.0,9355.0,nan,9336.512,8429,786974600.0,19359,9425.0,7,9420.0,25,9430.0,40,9415.0,76,9435.0,57,9410.0,30,9440.0,13,9405.0,10,9450.0,18,9400.0,4
1597988356143097088,1597988356436000000,2020-08-21 13:39:16.436000,9420.0,9425.0,9250.0,9355.0,nan,9336.512,8429,786974600.0,19359,9425.0,4,9420.0,22,9430.0,34,9415.0,70,9435.0,57,9410.0,30,9440.0,13,9405.0,10,9450.0,18,9400.0,4
1597988356612651008,1597988356924999936,2020-08-21 13:39:16.925000,9420.0,9425.0,9250.0,9355.0,nan,9336.512,8429,786974600.0,19359,9425.0,4,9420.0,25,9430.0,43,9415.0,76,9435.0,57,9410.0,30,9440.0,13,9405.0,10,9450.0,18,9400.0,4
1597988358614714112,1597988358920000000,2020-08-21 13:39:18.920000,9425.0,9425.0,9250.0,9355.0,nan,9336.523,8430,787068850.0,19360,9425.0,4,9420.0,25,9430.0,43,9415.0,76,9435.0,57,9410.0,30,9440.0,13,9405.0,10,9450.0,18,9400.0,4
1597988361132527104,1597988361430000128,2020-08-21 13:39:21.430000,9425.0,9425.0,9250.0,9355.0,nan,9336.523,8430,787068850.0,19360,9425.0,6,9420.0,25,9430.0,43,9415.0,76,9435.0,57,9410.0,30,9440.0,13,9405.0,10,9450.0,18,9400.0,4
1597988363631436032,1597988363923000064,2020-08-21 13:39:23.923000,9425.0,9425.0,9250.0,9355.0,nan,9336.554,8433,787351600.0,19361,9430.0,35,9425.0,1,9435.0,50,9420.0,17,9440.0,13,9415.0,68,9450.0,18,9410.0,30,9455.0,15,9405.0,10
1597988364118507008,1597988364416000000,2020-08-21 13:39:24.416000,9425.0,9425.0,9250.0,9355.0,nan,9336.554,8433,787351600.0,19361,9430.0,5,9425.0,1,9435.0,66,9420.0,15,9440.0,13,9415.0,78,9450.0,17,9410.0,6,9455.0,15,9405.0,10
1597988364639139072,1597988364924999936,2020-08-21 13:39:24.925000,9425.0,9425.0,9250.0,9355.0,nan,9336.575,8435,787540100.0,19362,9425.0,1,9420.0,30,9430.0,6,9415.0,78,9435.0,74,9410.0,6,9440.0,21,9405.0,6,9450.0,3,9400.0,4
1597988365135610880,1597988365427000064,2020-08-21 13:39:25.427000,9425.0,9425.0,9250.0,9355.0,nan,9336.606,8438,787822850.0,19364,9425.0,1,9420.0,15,9430.0,11,9415.0,70,9435.0,59,9410.0,14,9440.0,13,9405.0,6,9450.0,3,9400.0,4
1597988365632858112,1597988365927000064,2020-08-21 13:39:25.927000,9425.0,9425.0,9250.0,9355.0,nan,9336.617,8439,787917100.0,19364,9425.0,1,9420.0,22,9430.0,34,9415.0,86,9435.0,65,9410.0,22,9440.0,13,9405.0,7,9450.0,3,9400.0,4
1597988366206159872,1597988366421999872,2020-08-21 13:39:26.422000,9425.0,9425.0,9250.0,9355.0,nan,9336.627,8440,788011350.0,19364,9430.0,19,9425.0,1,9435.0,58,9420.0,15,9440.0,13,9415.0,70,9450.0,3,9410.0,22,9455.0,15,9405.0,7
1597988366713957888,1597988366920000000,2020-08-21 13:39:26.920000,9425.0,9425.0,9250.0,9355.0,nan,9336.627,8440,788011350.0,19364,9430.0,5,9425.0,1,9435.0,72,9420.0,23,9440.0,13,9415.0,78,9450.0,3,9410.0,6,9455.0,15,9405.0,7
1597988367136820992,1597988367416000000,2020-08-21 13:39:27.416000,9425.0,9425.0,9250.0,9355.0,nan,9336.627,8440,788011350.0,19364,9430.0,11,9425.0,2,9435.0,74,9420.0,30,9440.0,21,9415.0,85,9450.0,3,9410.0,6,9455.0,15,9405.0,7
1597988367676785920,1597988367901999872,2020-08-21 13:39:27.902000,9425.0,9425.0,9250.0,9355.0,nan,9336.627,8440,788011350.0,19364,9430.0,14,9425.0,2,9435.0,80,9420.0,39,9440.0,21,9415.0,85,9450.0,3,9410.0,6,9455.0,15,9405.0,7
1597988369611224064,1597988369829999872,2020-08-21 13:39:29.830000,9425.0,9425.0,9250.0,9355.0,nan,9336.627,8440,788011350.0,19364,9430.0,14,9425.0,2,9435.0,72,9420.0,39,9440.0,21,9415.0,77,9450.0,3,9410.0,6,9455.0,15,9405.0,7
1597988370124783104,1597988370428999936,2020-08-21 13:39:30.429000,9425.0,9425.0,9250.0,9355.0,nan,9336.627,8440,788011350.0,19364,9430.0,14,9425.0,2,9435.0,80,9420.0,39,9440.0,21,9415.0,85,9450.0,3,9410.0,6,9455.0,15,9405.0,7
1597988371640578048,1597988371914000128,2020-08-21 13:39:31.914000,9425.0,9425.0,9250.0,9355.0,nan,9336.648,8442,788199850.0,19363,9425.0,1,9420.0,31,9430.0,8,9415.0,78,9435.0,72,9410.0,6,9440.0,21,9405.0,7,9450.0,3,9400.0,4
1597988372133053952,1597988372426000128,2020-08-21 13:39:32.426000,9425.0,9425.0,9250.0,9355.0,nan,9336.648,8442,788199850.0,19363,9425.0,3,9420.0,14,9430.0,12,9415.0,70,9435.0,58,9410.0,14,9440.0,13,9405.0,7,9450.0,3,9400.0,4
1597988372637664000,1597988372927000064,2020-08-21 13:39:32.927000,9425.0,9425.0,9250.0,9355.0,nan,9336.648,8442,788199850.0,19363,9425.0,5,9420.0,23,9430.0,37,9415.0,86,9435.0,65,9410.0,22,9440.0,13,9405.0,7,9450.0,3,9400.0,4
1597988373136929024,1597988373426000128,2020-08-21 13:39:33.426000,9425.0,9425.0,9250.0,9355.0,nan,9336.648,8442,788199850.0,19363,9425.0,5,9420.0,23,9430.0,29,9415.0,78,9435.0,65,9410.0,22,9440.0,13,9405.0,7,9450.0,3,9400.0,4
1597988373613912064,1597988373934000128,2020-08-21 13:39:33.934000,9425.0,9425.0,9250.0,9355.0,nan,9336.648,8442,788199850.0,19363,9425.0,5,9420.0,25,9430.0,37,9415.0,84,9435.0,65,9410.0,22,9440.0,13,9405.0,7,9450.0,3,9400.0,4
1597988375618599936,1597988375897000192,2020-08-21 13:39:35.897000,9425.0,9425.0,9250.0,9355.0,nan,9336.648,8442,788199850.0,19363,9425.0,5,9420.0,25,9430.0,37,9415.0,61,9435.0,57,9410.0,22,9440.0,13,9405.0,7,9450.0,3,9400.0,4
1597988376109592064,1597988376411000064,2020-08-21 13:39:36.411000,9425.0,9425.0,9250.0,9355.0,nan,9336.648,8442,788199850.0,19363,9425.0,5,9420.0,23,9430.0,45,9415.0,69,9435.0,57,9410.0,30,9440.0,13,9405.0,7,9450.0,3,9400.0,4
1597988380624337920,1597988380934000128,2020-08-21 13:39:40.934000,9425.0,9425.0,9250.0,9355.0,nan,9336.648,8442,788199850.0,19363,9425.0,12,9420.0,23,9430.0,38,9415.0,69,9435.0,57,9410.0,30,9440.0,13,9405.0,7,9450.0,3,9400.0,4
1597988381152433920,1597988381404000000,2020-08-21 13:39:41.404000,9425.0,9425.0,9250.0,9355.0,nan,9336.659,8443,788294100.0,19363,9425.0,11,9420.0,20,9430.0,29,9415.0,63,9435.0,57,9410.0,30,9440.0,13,9405.0,7,9450.0,3,9400.0,4
1597988381623150080,1597988381904999936,2020-08-21 13:39:41.905000,9425.0,9425.0,9250.0,9355.0,nan,9336.659,8443,788294100.0,19363,9425.0,14,9420.0,23,9430.0,27,9415.0,69,9435.0,57,9410.0,22,9440.0,13,9405.0,7,9450.0,3,9400.0,4
1597988382126394880,1597988382435000064,2020-08-21 13:39:42.435000,9425.0,9425.0,9250.0,9355.0,nan,9336.659,8443,788294100.0,19363,9425.0,14,9420.0,23,9430.0,35,9415.0,69,9435.0,57,9410.0,30,9440.0,13,9405.0,7,9450.0,3,9400.0,4
1597988382645956096,1597988382921999872,2020-08-21 13:39:42.922000,9425.0,9425.0,9250.0,9355.0,nan,9336.669,8444,788388350.0,19364,9425.0,12,9420.0,23,9430.0,35,9415.0,69,9435.0,57,9410.0,30,9440.0,13,9405.0,7,9450.0,3,9400.0,4
1597988383625212928,1597988383916000000,2020-08-21 13:39:43.916000,9420.0,9425.0,9250.0,9355.0,nan,9336.679,8445,788482550.0,19363,9425.0,12,9420.0,22,9430.0,35,9415.0,69,9435.0,57,9410.0,30,9440.0,13,9405.0,7,9450.0,3,9400.0,4
1597988387634682880,1597988387872000000,2020-08-21 13:39:47.872000,9425.0,9425.0,9250.0,9355.0,nan,9336.69,8446,788576800.0,19364,9425.0,11,9420.0,22,9430.0,27,9415.0,69,9435.0,57,9410.0,22,9440.0,13,9405.0,7,9450.0,3,9400.0,4
1597988388127058944,1597988388436999936,2020-08-21 13:39:48.437000,9425.0,9425.0,9250.0,9355.0,nan,9336.69,8446,788576800.0,19364,9425.0,11,9420.0,23,9430.0,35,9415.0,69,9435.0,57,9410.0,30,9440.0,13,9405.0,7,9450.0,3,9400.0,4
1597988390164841984,1597988390432000000,2020-08-21 13:39:50.432000,9425.0,9425.0,9250.0,9355.0,nan,9336.69,8446,788576800.0,19364,9425.0,11,9420.0,23,9430.0,36,9415.0,69,9435.0,57,9410.0,30,9440.0,13,9405.0,7,9450.0,3,9400.0,4
1597988393624791040,1597988393904999936,2020-08-21 13:39:53.905000,9425.0,9425.0,9250.0,9355.0,nan,9336.69,8446,788576800.0,19364,9425.0,11,9420.0,23,9430.0,28,9415.0,69,9435.0,57,9410.0,22,9440.0,13,9405.0,7,9450.0,3,9400.0,4
1597988394120668928,1597988394424999936,2020-08-21 13:39:54.425000,9425.0,9425.0,9250.0,9355.0,nan,9336.69,8446,788576800.0,19364,9425.0,11,9420.0,23,9430.0,36,9415.0,69,9435.0,57,9410.0,30,9440.0,13,9405.0,7,9450.0,3,9400.0,4
1597988403635171072,1597988403924000000,2020-08-21 13:40:03.924000,9425.0,9425.0,9250.0,9355.0,nan,9336.804,8457,789613550.0,19374,9430.0,29,9425.0,9,9435.0,50,9420.0,14,9440.0,13,9415.0,55,9450.0,3,9410.0,30,9455.0,16,9405.0,7
1597988404139383040,1597988404411000064,2020-08-21 13:40:04.411000,9425.0,9425.0,9250.0,9355.0,nan,9336.804,8457,789613550.0,19374,9430.0,7,9425.0,11,9435.0,64,9420.0,18,9440.0,13,9415.0,64,9450.0,3,9410.0,6,9455.0,16,9405.0,7
1597988404631746048,1597988404903000064,2020-08-21 13:40:04.903000,9425.0,9425.0,9250.0,9355.0,nan,9336.804,8457,789613550.0,19374,9430.0,5,9425.0,9,9435.0,49,9420.0,34,9440.0,36,9415.0,56,9450.0,3,9410.0,6,9455.0,16,9405.0,7
1597988405161852928,1597988405420000000,2020-08-21 13:40:05.420000,9430.0,9430.0,9250.0,9355.0,nan,9336.815,8458,789707850.0,19374,9430.0,4,9425.0,11,9435.0,41,9420.0,43,9440.0,38,9415.0,39,9450.0,3,9410.0,6,9455.0,16,9405.0,7
1597988405634667008,1597988405897000192,2020-08-21 13:40:05.897000,9425.0,9430.0,9250.0,9355.0,nan,9336.826,8459,789802100.0,19373,9430.0,12,9425.0,18,9435.0,25,9420.0,35,9440.0,38,9415.0,31,9450.0,3,9410.0,6,9455.0,16,9405.0,7
1597988406136905984,1597988406427000064,2020-08-21 13:40:06.427000,9425.0,9430.0,9250.0,9355.0,nan,9336.826,8459,789802100.0,19373,9430.0,14,9425.0,21,9435.0,31,9420.0,49,9440.0,47,9415.0,31,9450.0,3,9410.0,6,9455.0,16,9405.0,7
1597988406635040000,1597988406927000064,2020-08-21 13:40:06.927000,9425.0,9430.0,9250.0,9355.0,nan,9336.826,8459,789802100.0,19373,9430.0,12,9425.0,21,9435.0,31,9420.0,65,9440.0,63,9415.0,31,9450.0,3,9410.0,6,9455.0,16,9405.0,7
1597988408158951936,1597988408431000064,2020-08-21 13:40:08.431000,9425.0,9430.0,9250.0,9355.0,nan,9336.836,8460,789896350.0,19373,9430.0,12,9425.0,20,9435.0,31,9420.0,65,9440.0,63,9415.0,31,9450.0,3,9410.0,6,9455.0,16,9405.0,7
1597988409645341952,1597988409904999936,2020-08-21 13:40:09.905000,9425.0,9430.0,9250.0,9355.0,nan,9336.836,8460,789896350.0,19373,9430.0,13,9425.0,20,9435.0,23,9420.0,65,9440.0,63,9415.0,23,9450.0,3,9410.0,6,9455.0,16,9405.0,7
1597988410129324032,1597988410403000064,2020-08-21 13:40:10.403000,9425.0,9430.0,9250.0,9355.0,nan,9336.836,8460,789896350.0,19373,9430.0,13,9425.0,19,9435.0,31,9420.0,65,9440.0,62,9415.0,31,9450.0,3,9410.0,6,9455.0,16,9405.0,7
1597988410637879040,1597988410931000064,2020-08-21 13:40:10.931000,9425.0,9430.0,9250.0,9355.0,nan,9336.836,8460,789896350.0,19373,9430.0,14,9425.0,20,9435.0,31,9420.0,65,9440.0,62,9415.0,31,9450.0,3,9410.0,6,9455.0,16,9405.0,7
1597988411138338048,1597988411436000000,2020-08-21 13:40:11.436000,9425.0,9430.0,9250.0,9355.0,nan,9336.836,8460,789896350.0,19373,9430.0,16,9425.0,20,9435.0,31,9420.0,65,9440.0,62,9415.0,31,9450.0,3,9410.0,6,9455.0,16,9405.0,7
1597988413633613056,1597988413916000000,2020-08-21 13:40:13.916000,9425.0,9430.0,9250.0,9355.0,nan,9336.836,8460,789896350.0,19373,9430.0,14,9425.0,20,9435.0,31,9420.0,65,9440.0,62,9415.0,31,9450.0,3,9410.0,6,9455.0,16,9405.0,7
1597988414128247040,1597988414356000000,2020-08-21 13:40:14.356000,9425.0,9430.0,9250.0,9355.0,nan,9336.836,8460,789896350.0,19373,9430.0,16,9425.0,20,9435.0,31,9420.0,65,9440.0,62,9415.0,31,9450.0,3,9410.0,6,9455.0,16,9405.0,7
1597988415146710016,1597988415437999872,2020-08-21 13:40:15.438000,9425.0,9430.0,9250.0,9355.0,nan,9337.044,8480,791781350.0,19363,9425.0,11,9420.0,51,9430.0,7,9415.0,31,9435.0,24,9410.0,6,9440.0,55,9405.0,7,9450.0,3,9400.0,4
1597988415723058944,1597988415935000064,2020-08-21 13:40:15.935000,9425.0,9430.0,9250.0,9355.0,nan,9337.044,8480,791781350.0,19363,9425.0,15,9420.0,13,9430.0,18,9415.0,29,9435.0,16,9410.0,15,9440.0,13,9405.0,6,9450.0,3,9400.0,4
1597988416214636032,1597988416325999872,2020-08-21 13:40:16.326000,9425.0,9430.0,9250.0,9355.0,nan,9337.044,8480,791781350.0,19363,9425.0,15,9420.0,12,9430.0,60,9415.0,25,9435.0,8,9410.0,54,9440.0,13,9405.0,6,9450.0,3,9400.0,4
1597988416611513088,1597988416935000064,2020-08-21 13:40:16.935000,9425.0,9430.0,9250.0,9355.0,nan,9337.044,8480,791781350.0,19363,9425.0,15,9420.0,12,9430.0,76,9415.0,25,9435.0,8,9410.0,70,9440.0,13,9405.0,6,9450.0,3,9400.0,4
1597988417134125056,1597988417420999936,2020-08-21 13:40:17.421000,9425.0,9430.0,9250.0,9355.0,nan,9337.044,8480,791781350.0,19363,9425.0,23,9420.0,16,9430.0,76,9415.0,25,9435.0,8,9410.0,70,9440.0,13,9405.0,6,9450.0,3,9400.0,4
1597988421620203008,1597988421928000000,2020-08-21 13:40:21.928000,9425.0,9430.0,9250.0,9355.0,nan,9337.044,8480,791781350.0,19363,9425.0,23,9420.0,16,9430.0,68,9415.0,25,9435.0,8,9410.0,62,9440.0,13,9405.0,6,9450.0,3,9400.0,4
1597988422122449920,1597988422401999872,2020-08-21 13:40:22.402000,9425.0,9430.0,9250.0,9355.0,nan,9337.044,8480,791781350.0,19363,9425.0,22,9420.0,16,9430.0,76,9415.0,25,9435.0,8,9410.0,69,9440.0,13,9405.0,6,9450.0,3,9400.0,4
1597988422684697088,1597988422921999872,2020-08-21 13:40:22.922000,9425.0,9430.0,9250.0,9355.0,nan,9337.044,8480,791781350.0,19363,9425.0,23,9420.0,17,9430.0,76,9415.0,25,9435.0,8,9410.0,69,9440.0,13,9405.0,6,9450.0,3,9400.0,4
1597988427626142976,1597988427918999808,2020-08-21 13:40:27.919000,9425.0,9430.0,9250.0,9355.0,nan,9337.044,8480,791781350.0,19363,9425.0,23,9420.0,17,9430.0,68,9415.0,25,9435.0,8,9410.0,61,9440.0,13,9405.0,6,9450.0,3,9400.0,4
1597988428124862976,1597988428412000000,2020-08-21 13:40:28.412000,9425.0,9430.0,9250.0,9355.0,nan,9337.044,8480,791781350.0,19363,9425.0,23,9420.0,17,9430.0,76,9415.0,25,9435.0,8,9410.0,69,9440.0,13,9405.0,6,9450.0,3,9400.0,4
1597988433633062912,1597988433934000128,2020-08-21 13:40:33.934000,9425.0,9430.0,9250.0,9355.0,nan,9337.044,8480,791781350.0,19363,9425.0,23,9420.0,17,9430.0,68,9415.0,25,9435.0,8,9410.0,61,9440.0,13,9405.0,6,9450.0,3,9400.0,4
1597988434123155968,1597988434405999872,2020-08-21 13:40:34.406000,9425.0,9430.0,9250.0,9355.0,nan,9337.044,8480,791781350.0,19363,9425.0,23,9420.0,17,9430.0,76,9415.0,25,9435.0,8,9410.0,69,9440.0,13,9405.0,6,9450.0,3,9400.0,4
1597988439625018880,1597988439926000128,2020-08-21 13:40:39.926000,9425.0,9430.0,9250.0,9355.0,nan,9337.044,8480,791781350.0,19363,9425.0,23,9420.0,17,9430.0,68,9415.0,25,9435.0,8,9410.0,61,9440.0,13,9405.0,6,9450.0,3,9400.0,4
1597988440132803072,1597988440408000000,2020-08-21 13:40:40.408000,9425.0,9430.0,9250.0,9355.0,nan,9337.044,8480,791781350.0,19363,9425.0,23,9420.0,17,9430.0,76,9415.0,25,9435.0,8,9410.0,69,9440.0,13,9405.0,6,9450.0,3,9400.0,4
1597988445110988032,1597988445427000064,2020-08-21 13:40:45.427000,9425.0,9430.0,9250.0,9355.0,nan,9337.044,8480,791781350.0,19363,9425.0,23,9420.0,17,9430.0,75,9415.0,25,9435.0,8,9410.0,69,9440.0,13,9405.0,6,9450.0,3,9400.0,4
1597988445614434048,1597988445926000128,2020-08-21 13:40:45.926000,9425.0,9430.0,9250.0,9355.0,nan,9337.044,8480,791781350.0,19363,9425.0,23,9420.0,17,9430.0,67,9415.0,25,9435.0,8,9410.0,61,9440.0,13,9405.0,6,9450.0,3,9400.0,4
1597988446138746880,1597988446435000064,2020-08-21 13:40:46.435000,9425.0,9430.0,9250.0,9355.0,nan,9337.044,8480,791781350.0,19363,9425.0,23,9420.0,17,9430.0,75,9415.0,25,9435.0,8,9410.0,69,9440.0,13,9405.0,6,9450.0,3,9400.0,4
1597988461268282880,1597988461427000064,2020-08-21 13:41:01.427000,9415.0,9430.0,9250.0,9355.0,nan,9337.219,8498,793476900.0,19379,9420.0,9,9415.0,17,9425.0,11,9410.0,62,9430.0,61,9405.0,6,9435.0,8,9400.0,4,9440.0,13,9395.0,8
1597988461629121024,1597988461891000064,2020-08-21 13:41:01.891000,9420.0,9430.0,9250.0,9355.0,nan,9337.229,8499,793571100.0,19379,9420.0,10,9415.0,6,9425.0,27,9410.0,53,9430.0,43,9405.0,14,9440.0,13,9400.0,4,9450.0,3,9395.0,8
1597988462146908928,1597988462420999936,2020-08-21 13:41:02.421000,9420.0,9430.0,9250.0,9355.0,nan,9337.229,8499,793571100.0,19379,9420.0,8,9415.0,4,9425.0,55,9410.0,34,9430.0,27,9405.0,45,9440.0,13,9400.0,4,9450.0,3,9395.0,8
1597988462635668992,1597988462911000064,2020-08-21 13:41:02.911000,9420.0,9430.0,9250.0,9355.0,nan,9337.229,8499,793571100.0,19379,9420.0,8,9415.0,4,9425.0,55,9410.0,42,9430.0,27,9405.0,37,9440.0,13,9400.0,4,9450.0,17,9395.0,8
1597988463127601920,1597988463430000128,2020-08-21 13:41:03.430000,9420.0,9430.0,9250.0,9355.0,nan,9337.229,8499,793571100.0,19379,9420.0,16,9415.0,12,9425.0,63,9410.0,42,9430.0,27,9405.0,45,9440.0,13,9400.0,4,9450.0,17,9395.0,8
1597988463616560128,1597988463935000064,2020-08-21 13:41:03.935000,9420.0,9430.0,9250.0,9355.0,nan,9337.229,8499,793571100.0,19379,9420.0,9,9415.0,4,9425.0,71,9410.0,18,9430.0,11,9405.0,62,9440.0,13,9400.0,4,9450.0,17,9395.0,8
1597988464134066944,1597988464432000000,2020-08-21 13:41:04.432000,9420.0,9430.0,9250.0,9355.0,nan,9337.229,8499,793571100.0,19379,9420.0,10,9415.0,4,9425.0,85,9410.0,33,9430.0,19,9405.0,69,9440.0,13,9400.0,4,9450.0,17,9395.0,8
1597988464637142016,1597988464926000128,2020-08-21 13:41:04.926000,9420.0,9430.0,9250.0,9355.0,nan,9337.229,8499,793571100.0,19379,9420.0,8,9415.0,4,9425.0,79,9410.0,25,9430.0,19,9405.0,69,9440.0,13,9400.0,4,9450.0,17,9395.0,8
1597988465145716992,1597988465426000128,2020-08-21 13:41:05.426000,9420.0,9430.0,9250.0,9355.0,nan,9337.229,8499,793571100.0,19379,9420.0,8,9415.0,4,9425.0,87,9410.0,33,9430.0,19,9405.0,69,9440.0,13,9400.0,4,9450.0,17,9395.0,8
1597988465619479040,1597988465921999872,2020-08-21 13:41:05.922000,9420.0,9430.0,9250.0,9355.0,nan,9337.229,8499,793571100.0,19379,9420.0,8,9415.0,4,9425.0,79,9410.0,41,9430.0,27,9405.0,61,9440.0,13,9400.0,4,9450.0,17,9395.0,8
1597988469615613952,1597988469934000128,2020-08-21 13:41:09.934000,9420.0,9430.0,9250.0,9355.0,nan,9337.229,8499,793571100.0,19379,9420.0,8,9415.0,4,9425.0,71,9410.0,41,9430.0,26,9405.0,53,9440.0,13,9400.0,4,9450.0,17,9395.0,8
1597988470109586944,1597988470438999808,2020-08-21 13:41:10.439000,9420.0,9430.0,9250.0,9355.0,nan,9337.229,8499,793571100.0,19379,9420.0,8,9415.0,4,9425.0,80,9410.0,42,9430.0,26,9405.0,61,9440.0,13,9400.0,4,9450.0,17,9395.0,8
1597988472604260096,1597988472932000000,2020-08-21 13:41:12.932000,9420.0,9430.0,9250.0,9355.0,nan,9337.239,8500,793665300.0,19379,9420.0,7,9415.0,4,9425.0,80,9410.0,42,9430.0,26,9405.0,61,9440.0,13,9400.0,4,9450.0,17,9395.0,8
1597988474692347904,1597988474933000192,2020-08-21 13:41:14.933000,9420.0,9430.0,9250.0,9355.0,nan,9337.239,8500,793665300.0,19379,9420.0,7,9415.0,4,9425.0,82,9410.0,42,9430.0,26,9405.0,61,9440.0,13,9400.0,4,9450.0,17,9395.0,8
1597988475629817088,1597988475930000128,2020-08-21 13:41:15.930000,9420.0,9430.0,9250.0,9355.0,nan,9337.239,8500,793665300.0,19379,9420.0,7,9410.0,42,9425.0,74,9405.0,53,9430.0,26,9400.0,4,9440.0,13,9395.0,8,9450.0,17,9390.0,22
1597988476134035968,1597988476435000064,2020-08-21 13:41:16.435000,9420.0,9430.0,9250.0,9355.0,nan,9337.239,8500,793665300.0,19379,9420.0,7,9415.0,30,9425.0,74,9410.0,26,9430.0,18,9405.0,61,9440.0,13,9400.0,4,9450.0,17,9395.0,8
1597988476644210944,1597988476930000128,2020-08-21 13:41:16.930000,9420.0,9430.0,9250.0,9355.0,nan,9337.239,8500,793665300.0,19379,9420.0,7,9415.0,32,9425.0,58,9410.0,54,9430.0,41,9405.0,38,9440.0,13,9400.0,4,9450.0,17,9395.0,8
1597988477119386880,1597988477436000000,2020-08-21 13:41:17.436000,9420.0,9430.0,9250.0,9355.0,nan,9337.239,8500,793665300.0,19379,9420.0,7,9415.0,33,9425.0,51,9410.0,70,9430.0,57,9405.0,30,9440.0,13,9400.0,4,9450.0,17,9395.0,8
1597988477632392960,1597988477934000128,2020-08-21 13:41:17.934000,9420.0,9430.0,9250.0,9355.0,nan,9337.239,8500,793665300.0,19379,9420.0,7,9415.0,33,9425.0,51,9410.0,70,9430.0,57,9405.0,30,9440.0,13,9400.0,4,9450.0,17,9395.0,7
1597988478659782912,1597988478927000064,2020-08-21 13:41:18.927000,9415.0,9430.0,9250.0,9355.0,nan,9337.257,8502,793853600.0,19379,9420.0,13,9415.0,31,9425.0,51,9410.0,70,9430.0,57,9405.0,30,9440.0,13,9400.0,4,9450.0,17,9395.0,7
1597988479145064960,1597988479433000192,2020-08-21 13:41:19.433000,9415.0,9430.0,9250.0,9355.0,nan,9337.257,8502,793853600.0,19379,9420.0,13,9415.0,28,9425.0,42,9410.0,64,9430.0,57,9405.0,30,9440.0,13,9400.0,4,9450.0,17,9395.0,7
1597988479636108032,1597988479936000000,2020-08-21 13:41:19.936000,9415.0,9430.0,9250.0,9355.0,nan,9337.257,8502,793853600.0,19379,9420.0,16,9415.0,31,9425.0,48,9410.0,70,9430.0,57,9405.0,30,9440.0,13,9400.0,4,9450.0,17,9395.0,7
1597988480124051968,1597988480416999936,2020-08-21 13:41:20.417000,9405.0,9430.0,9250.0,9355.0,nan,9337.772,8563,799593450.0,19355,9410.0,8,9405.0,22,9415.0,3,9400.0,4,9420.0,13,9395.0,7,9425.0,41,9390.0,22,9430.0,10,9385.0,6
1597988480645625088,1597988480903000064,2020-08-21 13:41:20.903000,9405.0,9430.0,9250.0,9355.0,nan,9337.855,8573,800534350.0,19346,9415.0,17,9400.0,20,9420.0,26,9395.0,15,9425.0,15,9390.0,22,9430.0,2,9385.0,6,9440.0,13,9380.0,15
1597988481108389120,1597988481438999808,2020-08-21 13:41:21.439000,9405.0,9430.0,9250.0,9355.0,nan,9337.855,8573,800534350.0,19346,9410.0,1,9400.0,28,9415.0,23,9395.0,15,9420.0,34,9390.0,8,9425.0,15,9385.0,6,9430.0,2,9380.0,15
1597988481626457088,1597988481937999872,2020-08-21 13:41:21.938000,9405.0,9430.0,9250.0,9355.0,nan,9337.855,8573,800534350.0,19346,9410.0,9,9405.0,3,9415.0,39,9400.0,18,9420.0,18,9395.0,39,9425.0,15,9390.0,8,9430.0,2,9385.0,6
1597988482117225984,1597988482430000128,2020-08-21 13:41:22.430000,9405.0,9430.0,9250.0,9355.0,nan,9337.855,8573,800534350.0,19346,9410.0,9,9405.0,12,9415.0,37,9400.0,14,9420.0,26,9395.0,39,9425.0,15,9390.0,8,9430.0,2,9385.0,6
1597988482646515968,1597988482936000000,2020-08-21 13:41:22.936000,9405.0,9430.0,9250.0,9355.0,nan,9337.855,8573,800534350.0,19346,9410.0,9,9405.0,12,9415.0,31,9400.0,24,9420.0,34,9395.0,31,9425.0,15,9390.0,8,9430.0,2,9385.0,6
1597988483116104960,1597988483434000128,2020-08-21 13:41:23.434000,9405.0,9430.0,9250.0,9355.0,nan,9337.855,8573,800534350.0,19346,9410.0,11,9405.0,14,9415.0,38,9400.0,46,9420.0,49,9395.0,31,9425.0,15,9390.0,8,9430.0,2,9385.0,6
1597988483615181056,1597988483932000000,2020-08-21 13:41:23.932000,9405.0,9430.0,9250.0,9355.0,nan,9337.855,8573,800534350.0,19346,9410.0,11,9405.0,14,9415.0,38,9400.0,46,9420.0,49,9395.0,31,9425.0,15,9390.0,8,9430.0,2,9385.0,7
1597988484135468032,1597988484434000128,2020-08-21 13:41:24.434000,9405.0,9430.0,9250.0,9355.0,nan,9337.855,8573,800534350.0,19346,9410.0,11,9405.0,14,9415.0,38,9400.0,54,9420.0,57,9395.0,31,9425.0,15,9390.0,8,9430.0,2,9385.0,7
1597988485642662912,1597988485936000000,2020-08-21 13:41:25.936000,9405.0,9430.0,9250.0,9355.0,nan,9337.965,8587,801851050.0,19346,9405.0,6,9400.0,40,9410.0,1,9395.0,31,9415.0,31,9390.0,8,9420.0,50,9385.0,7,9425.0,15,9380.0,15
1597988486122689024,1597988486437999872,2020-08-21 13:41:26.438000,9405.0,9430.0,9250.0,9355.0,nan,9338.012,8593,802415350.0,19340,9405.0,6,9400.0,9,9410.0,11,9395.0,39,9415.0,30,9390.0,17,9420.0,18,9385.0,7,9425.0,15,9380.0,15
1597988486634843904,1597988486928000000,2020-08-21 13:41:26.928000,9405.0,9430.0,9250.0,9355.0,nan,9338.058,8599,802979650.0,19346,9410.0,22,9400.0,8,9415.0,36,9395.0,49,9420.0,18,9390.0,25,9425.0,15,9385.0,7,9430.0,2,9380.0,15
1597988487121432064,1597988487435000064,2020-08-21 13:41:27.435000,9405.0,9430.0,9250.0,9355.0,nan,9338.058,8599,802979650.0,19346,9410.0,5,9400.0,8,9415.0,60,9395.0,66,9420.0,18,9390.0,9,9425.0,15,9385.0,7,9430.0,2,9380.0,15
1597988487616374016,1597988487936999936,2020-08-21 13:41:27.937000,9405.0,9430.0,9250.0,9355.0,nan,9338.058,8599,802979650.0,19346,9410.0,11,9400.0,17,9415.0,85,9395.0,88,9420.0,18,9390.0,9,9425.0,15,9385.0,7,9430.0,2,9380.0,15
1597988488126450944,1597988488431000064,2020-08-21 13:41:28.431000,9405.0,9430.0,9250.0,9355.0,nan,9338.058,8599,802979650.0,19346,9410.0,12,9400.0,18,9415.0,77,9395.0,80,9420.0,18,9390.0,9,9425.0,15,9385.0,7,9430.0,2,9380.0,15
1597988488651639040,1597988488936999936,2020-08-21 13:41:28.937000,9405.0,9430.0,9250.0,9355.0,nan,9338.058,8599,802979650.0,19346,9410.0,14,9400.0,20,9415.0,91,9395.0,94,9420.0,18,9390.0,9,9425.0,15,9385.0,7,9430.0,2,9380.0,15
1597988489153667072,1597988489436000000,2020-08-21 13:41:29.436000,9405.0,9430.0,9250.0,9355.0,nan,9338.058,8599,802979650.0,19346,9410.0,14,9400.0,20,9415.0,91,9395.0,94,9420.0,18,9390.0,9,9425.0,15,9385.0,6,9430.0,2,9380.0,15
1597988489630174976,1597988489936999936,2020-08-21 13:41:29.937000,9405.0,9430.0,9250.0,9355.0,nan,9338.058,8599,802979650.0,19346,9405.0,3,9400.0,20,9410.0,14,9395.0,94,9415.0,91,9390.0,7,9420.0,18,9385.0,6,9425.0,15,9380.0,15
1597988490130496000,1597988490401999872,2020-08-21 13:41:30.402000,9405.0,9430.0,9250.0,9355.0,nan,9338.058,8599,802979650.0,19346,9405.0,11,9400.0,17,9410.0,13,9395.0,73,9415.0,68,9390.0,15,9420.0,18,9385.0,6,9425.0,15,9380.0,15
1597988490642689024,1597988490935000064,2020-08-21 13:41:30.935000,9405.0,9430.0,9250.0,9355.0,nan,9338.058,8599,802979650.0,19346,9405.0,13,9400.0,18,9410.0,26,9395.0,79,9415.0,68,9390.0,23,9420.0,18,9385.0,6,9425.0,15,9380.0,15
1597988491129906944,1597988491427000064,2020-08-21 13:41:31.427000,9405.0,9430.0,9250.0,9355.0,nan,9338.058,8599,802979650.0,19346,9405.0,14,9400.0,19,9410.0,26,9395.0,79,9415.0,68,9390.0,23,9420.0,18,9385.0,6,9425.0,15,9380.0,15
1597988492663771904,1597988492917999872,2020-08-21 13:41:32.918000,9405.0,9430.0,9250.0,9355.0,nan,9338.058,8599,802979650.0,19346,9405.0,14,9400.0,19,9410.0,26,9395.0,71,9415.0,60,9390.0,23,9420.0,18,9385.0,6,9425.0,15,9380.0,15
1597988493126839040,1597988493436999936,2020-08-21 13:41:33.437000,9405.0,9430.0,9250.0,9355.0,nan,9338.058,8599,802979650.0,19346,9405.0,14,9400.0,19,9410.0,34,9395.0,71,9415.0,60,9390.0,31,9420.0,10,9385.0,6,9425.0,15,9380.0,15
1597988493623141120,1597988493933000192,2020-08-21 13:41:33.933000,9405.0,9430.0,9250.0,9355.0,nan,9338.058,8599,802979650.0,19346,9405.0,44,9400.0,19,9410.0,34,9395.0,71,9415.0,60,9390.0,31,9420.0,10,9385.0,6,9425.0,15,9380.0,15
1597988494113447936,1597988494396000000,2020-08-21 13:41:34.396000,9405.0,9430.0,9250.0,9355.0,nan,9338.058,8599,802979650.0,19346,9405.0,44,9400.0,17,9410.0,63,9395.0,30,9415.0,29,9390.0,70,9420.0,10,9385.0,6,9425.0,15,9380.0,15
1597988494635654912,1597988494912000000,2020-08-21 13:41:34.912000,9410.0,9430.0,9250.0,9355.0,nan,9338.301,8629,805802000.0,19342,9410.0,40,9405.0,16,9415.0,13,9400.0,6,9420.0,10,9395.0,16,9425.0,14,9390.0,64,9430.0,2,9385.0,6
1597988495132367872,1597988495416000000,2020-08-21 13:41:35.416000,9410.0,9430.0,9250.0,9355.0,nan,9338.301,8629,805802000.0,19342,9415.0,53,9405.0,25,9420.0,11,9400.0,4,9425.0,14,9395.0,55,9430.0,2,9390.0,7,9440.0,41,9385.0,6
1597988495646476032,1597988495935000064,2020-08-21 13:41:35.935000,9410.0,9430.0,9250.0,9355.0,nan,9338.301,8629,805802000.0,19342,9410.0,1,9405.0,18,9415.0,3,9400.0,36,9420.0,36,9395.0,7,9425.0,14,9390.0,8,9430.0,2,9385.0,6
1597988496125061120,1597988496431000064,2020-08-21 13:41:36.431000,9410.0,9430.0,9250.0,9355.0,nan,9338.301,8629,805802000.0,19342,9415.0,28,9405.0,26,9420.0,51,9400.0,44,9425.0,14,9395.0,23,9430.0,2,9390.0,8,9440.0,41,9385.0,6
1597988496614363904,1597988496937999872,2020-08-21 13:41:36.938000,9410.0,9430.0,9250.0,9355.0,nan,9338.301,8629,805802000.0,19342,9415.0,12,9405.0,26,9420.0,75,9400.0,68,9425.0,14,9395.0,7,9430.0,2,9390.0,8,9440.0,41,9385.0,6
1597988497113570048,1597988497436000000,2020-08-21 13:41:37.436000,9410.0,9430.0,9250.0,9355.0,nan,9338.301,8629,805802000.0,19342,9415.0,9,9405.0,35,9420.0,100,9400.0,83,9425.0,14,9395.0,7,9430.0,2,9390.0,8,9440.0,41,9385.0,6
1597988497620020992,1597988497903000064,2020-08-21 13:41:37.903000,9410.0,9430.0,9250.0,9355.0,nan,9338.301,8629,805802000.0,19342,9415.0,9,9410.0,5,9420.0,84,9405.0,55,9425.0,30,9400.0,67,9430.0,2,9395.0,7,9440.0,41,9390.0,8
1597988498132272896,1597988498437999872,2020-08-21 13:41:38.438000,9415.0,9430.0,9250.0,9355.0,nan,9338.372,8637,806555200.0,19342,9420.0,67,9415.0,7,9425.0,22,9410.0,5,9430.0,2,9405.0,20,9440.0,41,9400.0,60,9450.0,3,9395.0,7
1597988498624183040,1597988498930000128,2020-08-21 13:41:38.930000,9420.0,9430.0,9250.0,9355.0,nan,9338.457,8646,807403000.0,19342,9420.0,25,9415.0,7,9425.0,46,9410.0,5,9430.0,2,9405.0,34,9440.0,41,9400.0,28,9450.0,3,9395.0,7
1597988499133455872,1597988499424000000,2020-08-21 13:41:39.424000,9415.0,9430.0,9250.0,9355.0,nan,9338.484,8649,807685450.0,19339,9420.0,1,9415.0,4,9425.0,64,9410.0,16,9430.0,10,9405.0,57,9440.0,27,9400.0,4,9450.0,17,9395.0,7
1597988499620179968,1597988499934000128,2020-08-21 13:41:39.934000,9415.0,9430.0,9250.0,9355.0,nan,9338.484,8649,807685450.0,19339,9420.0,2,9415.0,9,9425.0,73,9410.0,39,9430.0,25,9405.0,58,9440.0,27,9400.0,4,9450.0,17,9395.0,7
1597988500177159936,1597988500435000064,2020-08-21 13:41:40.435000,9415.0,9430.0,9250.0,9355.0,nan,9338.484,8649,807685450.0,19339,9420.0,10,9415.0,17,9425.0,58,9410.0,48,9430.0,41,9405.0,50,9440.0,27,9400.0,4,9450.0,17,9395.0,7
1597988500619293952,1597988500921999872,2020-08-21 13:41:40.922000,9415.0,9430.0,9250.0,9355.0,nan,9338.484,8649,807685450.0,19339,9420.0,12,9415.0,19,9425.0,47,9410.0,61,9430.0,49,9405.0,34,9440.0,27,9400.0,4,9450.0,17,9395.0,7
1597988501135640064,1597988501435000064,2020-08-21 13:41:41.435000,9415.0,9430.0,9250.0,9355.0,nan,9338.484,8649,807685450.0,19339,9420.0,13,9415.0,20,9425.0,47,9410.0,69,9430.0,57,9405.0,34,9440.0,27,9400.0,4,9450.0,17,9395.0,7
1597988502615185920,1597988502908999936,2020-08-21 13:41:42.909000,9415.0,9430.0,9250.0,9355.0,nan,9338.484,8649,807685450.0,19339,9420.0,13,9415.0,20,9425.0,48,9410.0,69,9430.0,57,9405.0,34,9440.0,27,9400.0,4,9450.0,17,9395.0,7
1597988503691002880,1597988503921999872,2020-08-21 13:41:43.922000,9415.0,9430.0,9250.0,9355.0,nan,9338.484,8649,807685450.0,19339,9420.0,13,9415.0,20,9425.0,40,9410.0,69,9430.0,57,9405.0,26,9440.0,27,9400.0,4,9450.0,17,9395.0,7
1597988504122849024,1597988504430000128,2020-08-21 13:41:44.430000,9415.0,9430.0,9250.0,9355.0,nan,9338.554,8657,808438650.0,19335,9420.0,13,9415.0,12,9425.0,48,9410.0,69,9430.0,57,9405.0,34,9440.0,27,9400.0,4,9450.0,17,9395.0,7
1597988504635213056,1597988504926000128,2020-08-21 13:41:44.926000,9415.0,9430.0,9250.0,9355.0,nan,9338.554,8657,808438650.0,19335,9420.0,13,9415.0,12,9425.0,71,9410.0,46,9430.0,34,9405.0,57,9440.0,27,9400.0,4,9450.0,17,9395.0,7
1597988505125005056,1597988505408999936,2020-08-21 13:41:45.409000,9415.0,9430.0,9250.0,9355.0,nan,9338.554,8657,808438650.0,19335,9420.0,13,9415.0,12,9425.0,79,9410.0,38,9430.0,26,9405.0,65,9440.0,27,9400.0,4,9450.0,17,9395.0,7
1597988505624872960,1597988505936999936,2020-08-21 13:41:45.937000,9415.0,9430.0,9250.0,9355.0,nan,9338.554,8657,808438650.0,19335,9420.0,13,9415.0,12,9425.0,79,9410.0,30,9430.0,18,9405.0,65,9440.0,27,9400.0,4,9450.0,17,9395.0,7
1597988506127409920,1597988506427000064,2020-08-21 13:41:46.427000,9415.0,9430.0,9250.0,9355.0,nan,9338.554,8657,808438650.0,19335,9420.0,13,9415.0,12,9425.0,87,9410.0,30,9430.0,18,9405.0,73,9440.0,27,9400.0,4,9450.0,17,9395.0,7
1597988507621880064,1597988507912000000,2020-08-21 13:41:47.912000,9415.0,9430.0,9250.0,9355.0,nan,9338.554,8657,808438650.0,19335,9420.0,13,9415.0,12,9425.0,86,9410.0,30,9430.0,18,9405.0,73,9440.0,27,9400.0,4,9450.0,17,9395.0,7
1597988509118396928,1597988509432000000,2020-08-21 13:41:49.432000,9415.0,9430.0,9250.0,9355.0,nan,9338.554,8657,808438650.0,19335,9420.0,13,9415.0,12,9425.0,87,9410.0,30,9430.0,18,9405.0,73,9440.0,27,9400.0,4,9450.0,17,9395.0,7
1597988509612527104,1597988509934000128,2020-08-21 13:41:49.934000,9415.0,9430.0,9250.0,9355.0,nan,9338.554,8657,808438650.0,19335,9420.0,13,9415.0,12,9425.0,79,9410.0,30,9430.0,18,9405.0,65,9440.0,27,9400.0,4,9450.0,17,9395.0,7
1597988510108056064,1597988510437999872,2020-08-21 13:41:50.438000,9415.0,9430.0,9250.0,9355.0,nan,9338.554,8657,808438650.0,19335,9420.0,13,9415.0,12,9425.0,87,9410.0,30,9430.0,18,9405.0,73,9440.0,27,9400.0,4,9450.0,17,9395.0,7
1597988512625249024,1597988512914000128,2020-08-21 13:41:52.914000,9415.0,9430.0,9250.0,9355.0,nan,9338.563,8658,808532800.0,19335,9420.0,13,9415.0,11,9425.0,87,9410.0,30,9430.0,18,9405.0,73,9440.0,27,9400.0,4,9450.0,17,9395.0,7
1597988515628850944,1597988515927000064,2020-08-21 13:41:55.927000,9415.0,9430.0,9250.0,9355.0,nan,9338.563,8658,808532800.0,19335,9420.0,13,9415.0,11,9425.0,79,9410.0,30,9430.0,18,9405.0,65,9440.0,27,9400.0,4,9450.0,17,9395.0,7
1597988516123796992,1597988516435000064,2020-08-21 13:41:56.435000,9415.0,9430.0,9250.0,9355.0,nan,9338.563,8658,808532800.0,19335,9420.0,13,9415.0,11,9425.0,87,9410.0,30,9430.0,18,9405.0,73,9440.0,27,9400.0,4,9450.0,17,9395.0,7
1597988517125248000,1597988517398999808,2020-08-21 13:41:57.399000,9415.0,9430.0,9250.0,9355.0,nan,9338.563,8658,808532800.0,19335,9420.0,14,9415.0,11,9425.0,87,9410.0,30,9430.0,18,9405.0,73,9440.0,27,9400.0,4,9450.0,17,9395.0,7
1597988518118095104,1597988518431000064,2020-08-21 13:41:58.431000,9415.0,9430.0,9250.0,9355.0,nan,9338.563,8658,808532800.0,19335,9420.0,14,9415.0,18,9425.0,87,9410.0,30,9430.0,18,9405.0,73,9440.0,27,9400.0,4,9450.0,17,9395.0,7
1597988518743374080,1597988518930000128,2020-08-21 13:41:58.930000,9415.0,9430.0,9250.0,9355.0,nan,9338.563,8658,808532800.0,19335,9420.0,14,9415.0,18,9425.0,64,9410.0,53,9430.0,41,9405.0,50,9440.0,27,9400.0,4,9450.0,17,9395.0,7
1597988519149675008,1597988519436000000,2020-08-21 13:41:59.436000,9415.0,9430.0,9250.0,9355.0,nan,9338.563,8658,808532800.0,19335,9420.0,14,9415.0,18,9425.0,48,9410.0,61,9430.0,49,9405.0,34,9440.0,27,9400.0,4,9450.0,17,9395.0,7
1597988519627622912,1597988519936999936,2020-08-21 13:41:59.937000,9415.0,9430.0,9250.0,9355.0,nan,9338.563,8658,808532800.0,19335,9420.0,15,9415.0,18,9425.0,48,9410.0,70,9430.0,57,9405.0,34,9440.0,27,9400.0,4,9450.0,17,9395.0,7
1597988520622343936,1597988520937999872,2020-08-21 13:42:00.938000,9415.0,9430.0,9250.0,9355.0,nan,9338.563,8658,808532800.0,19335,9420.0,13,9415.0,16,9425.0,42,9410.0,64,9430.0,57,9405.0,34,9440.0,27,9400.0,4,9450.0,17,9395.0,7
1597988521137985024,1597988521368000000,2020-08-21 13:42:01.368000,9415.0,9430.0,9250.0,9355.0,nan,9338.563,8658,808532800.0,19335,9420.0,15,9415.0,18,9425.0,48,9410.0,70,9430.0,57,9405.0,34,9440.0,27,9400.0,4,9450.0,17,9395.0,7
1597988521617906944,1597988521926000128,2020-08-21 13:42:01.926000,9415.0,9430.0,9250.0,9355.0,nan,9338.563,8658,808532800.0,19335,9420.0,15,9415.0,18,9425.0,40,9410.0,70,9430.0,57,9405.0,26,9440.0,27,9400.0,4,9450.0,17,9395.0,7
1597988522119358976,1597988522437999872,2020-08-21 13:42:02.438000,9415.0,9430.0,9250.0,9355.0,nan,9338.563,8658,808532800.0,19335,9420.0,15,9415.0,18,9425.0,48,9410.0,70,9430.0,57,9405.0,34,9440.0,27,9400.0,4,9450.0,17,9395.0,7
1597988525614977024,1597988525935000064,2020-08-21 13:42:05.935000,9415.0,9430.0,9250.0,9355.0,nan,9338.563,8658,808532800.0,19335,9420.0,15,9415.0,19,9425.0,48,9410.0,70,9430.0,57,9405.0,34,9440.0,27,9400.0,4,9450.0,17,9395.0,7
1597988527627122944,1597988527927000064,2020-08-21 13:42:07.927000,9415.0,9430.0,9250.0,9355.0,nan,9338.563,8658,808532800.0,19335,9420.0,15,9415.0,19,9425.0,40,9410.0,70,9430.0,57,9405.0,26,9440.0,27,9400.0,4,9450.0,17,9395.0,7
1597988528108581120,1597988528432000000,2020-08-21 13:42:08.432000,9415.0,9430.0,9250.0,9355.0,nan,9338.563,8658,808532800.0,19335,9420.0,15,9415.0,19,9425.0,48,9410.0,70,9430.0,57,9405.0,34,9440.0,27,9400.0,4,9450.0,17,9395.0,7
1597988533604261888,1597988533936999936,2020-08-21 13:42:13.937000,9415.0,9430.0,9250.0,9355.0,nan,9338.563,8658,808532800.0,19335,9420.0,15,9415.0,19,9425.0,40,9410.0,70,9430.0,57,9405.0,26,9440.0,27,9400.0,4,9450.0,17,9395.0,7
1597988534105767936,1597988534424000000,2020-08-21 13:42:14.424000,9415.0,9430.0,9250.0,9355.0,nan,9338.563,8658,808532800.0,19335,9420.0,15,9415.0,19,9425.0,48,9410.0,70,9430.0,57,9405.0,34,9440.0,27,9400.0,4,9450.0,17,9395.0,7
1597988539633192960,1597988539931000064,2020-08-21 13:42:19.931000,9415.0,9430.0,9250.0,9355.0,nan,9338.563,8658,808532800.0,19335,9420.0,15,9415.0,19,9425.0,40,9410.0,70,9430.0,57,9405.0,26,9440.0,27,9400.0,4,9450.0,17,9395.0,7
1597988540120033024,1597988540433000192,2020-08-21 13:42:20.433000,9415.0,9430.0,9250.0,9355.0,nan,9338.563,8658,808532800.0,19335,9420.0,15,9415.0,19,9425.0,48,9410.0,70,9430.0,57,9405.0,34,9440.0,27,9400.0,4,9450.0,17,9395.0,7
1597988545638272000,1597988545928999936,2020-08-21 13:42:25.929000,9415.0,9430.0,9250.0,9355.0,nan,9338.563,8658,808532800.0,19335,9420.0,7,9415.0,11,9425.0,48,9410.0,70,9430.0,57,9405.0,34,9440.0,27,9400.0,4,9450.0,17,9395.0,7
1597988546144325120,1597988546427000064,2020-08-21 13:42:26.427000,9415.0,9430.0,9250.0,9355.0,nan,9338.563,8658,808532800.0,19335,9420.0,8,9415.0,8,9425.0,42,9410.0,64,9430.0,57,9405.0,34,9440.0,27,9400.0,4,9450.0,17,9395.0,7
1597988546607469056,1597988546937999872,2020-08-21 13:42:26.938000,9415.0,9430.0,9250.0,9355.0,nan,9338.563,8658,808532800.0,19335,9420.0,8,9415.0,8,9425.0,51,9410.0,73,9430.0,57,9405.0,34,9440.0,27,9400.0,4,9450.0,17,9395.0,7
1597988557650356992,1597988557924999936,2020-08-21 13:42:37.925000,9415.0,9430.0,9250.0,9355.0,nan,9338.563,8658,808532800.0,19335,9420.0,8,9415.0,8,9425.0,43,9410.0,73,9430.0,57,9405.0,26,9440.0,27,9400.0,4,9450.0,17,9395.0,7
1597988558150778880,1597988558426000128,2020-08-21 13:42:38.426000,9415.0,9430.0,9250.0,9355.0,nan,9338.563,8658,808532800.0,19335,9420.0,16,9415.0,16,9425.0,51,9410.0,73,9430.0,57,9405.0,34,9440.0,27,9400.0,4,9450.0,17,9395.0,7
1597988558626974976,1597988558931000064,2020-08-21 13:42:38.931000,9415.0,9430.0,9250.0,9355.0,nan,9338.563,8658,808532800.0,19335,9420.0,16,9415.0,16,9425.0,50,9410.0,56,9430.0,49,9405.0,42,9440.0,27,9400.0,4,9450.0,17,9395.0,7
1597988559152051968,1597988559437999872,2020-08-21 13:42:39.438000,9415.0,9430.0,9250.0,9355.0,nan,9338.563,8658,808532800.0,19335,9420.0,19,9415.0,19,9425.0,56,9410.0,62,9430.0,49,9405.0,42,9440.0,27,9400.0,4,9450.0,17,9395.0,7
1597988562172317952,1597988562428000000,2020-08-21 13:42:42.428000,9415.0,9430.0,9250.0,9355.0,nan,9338.634,8666,809286000.0,19342,9420.0,19,9415.0,11,9425.0,56,9410.0,62,9430.0,49,9405.0,42,9440.0,27,9400.0,4,9450.0,17,9395.0,7
1597988562678939904,1597988562928000000,2020-08-21 13:42:42.928000,9415.0,9430.0,9250.0,9355.0,nan,9338.731,8677,810321650.0,19342,9415.0,14,9410.0,32,9420.0,14,9405.0,58,9425.0,65,9400.0,4,9430.0,26,9395.0,7,9440.0,27,9390.0,7
1597988563126511104,1597988563430000128,2020-08-21 13:42:43.430000,9415.0,9430.0,9250.0,9355.0,nan,9338.731,8677,810321650.0,19342,9415.0,17,9410.0,4,9420.0,24,9405.0,48,9425.0,47,9400.0,13,9430.0,2,9395.0,7,9440.0,27,9390.0,7
1597988563621740032,1597988563936999936,2020-08-21 13:42:43.937000,9410.0,9430.0,9250.0,9355.0,nan,9338.763,8681,810698050.0,19345,9415.0,12,9405.0,21,9420.0,52,9400.0,43,9425.0,23,9395.0,7,9430.0,2,9390.0,7,9440.0,27,9385.0,20
1597988564121516032,1597988564436000000,2020-08-21 13:42:44.436000,9410.0,9430.0,9250.0,9355.0,nan,9338.763,8681,810698050.0,19345,9415.0,14,9405.0,15,9420.0,82,9400.0,73,9425.0,15,9395.0,7,9430.0,2,9390.0,7,9440.0,27,9385.0,20
1597988564629523968,1597988564935000064,2020-08-21 13:42:44.935000,9410.0,9430.0,9250.0,9355.0,nan,9338.763,8681,810698050.0,19345,9415.0,22,9405.0,23,9420.0,90,9400.0,81,9425.0,15,9395.0,7,9430.0,2,9390.0,7,9440.0,27,9385.0,6
1597988565643016960,1597988565936999936,2020-08-21 13:42:45.937000,9410.0,9430.0,9250.0,9355.0,nan,9338.763,8681,810698050.0,19345,9415.0,23,9405.0,23,9420.0,90,9400.0,81,9425.0,15,9395.0,7,9430.0,2,9390.0,7,9440.0,27,9385.0,6
1597988566136081920,1597988566436999936,2020-08-21 13:42:46.437000,9410.0,9430.0,9250.0,9355.0,nan,9338.763,8681,810698050.0,19345,9415.0,23,9405.0,23,9420.0,98,9400.0,89,9425.0,15,9395.0,7,9430.0,2,9390.0,7,9440.0,27,9385.0,6
1597988571127271936,1597988571435000064,2020-08-21 13:42:51.435000,9410.0,9430.0,9250.0,9355.0,nan,9338.763,8681,810698050.0,19345,9415.0,23,9405.0,23,9420.0,98,9400.0,89,9425.0,13,9395.0,7,9430.0,2,9390.0,7,9440.0,27,9385.0,6
1597988571612307968,1597988571936999936,2020-08-21 13:42:51.937000,9410.0,9430.0,9250.0,9355.0,nan,9338.763,8681,810698050.0,19345,9415.0,24,9405.0,24,9420.0,98,9400.0,89,9425.0,13,9395.0,7,9430.0,2,9390.0,7,9440.0,27,9385.0,6
1597988577646292992,1597988577927000064,2020-08-21 13:42:57.927000,9410.0,9430.0,9250.0,9355.0,nan,9338.763,8681,810698050.0,19345,9415.0,24,9405.0,24,9420.0,100,9400.0,89,9425.0,13,9395.0,7,9430.0,2,9390.0,7,9440.0,27,9385.0,6
1597988579150565120,1597988579436000000,2020-08-21 13:42:59.436000,9410.0,9430.0,9250.0,9355.0,nan,9338.763,8681,810698050.0,19345,9415.0,24,9405.0,24,9420.0,99,9400.0,89,9425.0,13,9395.0,7,9430.0,2,9390.0,7,9440.0,27,9385.0,6
1597988580622682880,1597988580936999936,2020-08-21 13:43:00.937000,9410.0,9430.0,9250.0,9355.0,nan,9338.763,8681,810698050.0,19345,9415.0,25,9405.0,24,9420.0,99,9400.0,89,9425.0,13,9395.0,7,9430.0,2,9390.0,7,9440.0,27,9385.0,6
1597988581109935104,1597988581411000064,2020-08-21 13:43:01.411000,9410.0,9430.0,9250.0,9355.0,nan,9338.763,8681,810698050.0,19345,9415.0,26,9405.0,21,9420.0,96,9400.0,90,9425.0,13,9395.0,7,9430.0,2,9390.0,7,9440.0,27,9385.0,6
1597988581626947072,1597988581927000064,2020-08-21 13:43:01.927000,9410.0,9430.0,9250.0,9355.0,nan,9338.763,8681,810698050.0,19345,9415.0,28,9405.0,21,9420.0,96,9400.0,93,9425.0,13,9395.0,7,9430.0,2,9390.0,7,9440.0,27,9385.0,6
1597988583145067008,1597988583432000000,2020-08-21 13:43:03.432000,9410.0,9430.0,9250.0,9355.0,nan,9338.763,8681,810698050.0,19345,9415.0,28,9405.0,22,9420.0,96,9400.0,93,9425.0,13,9395.0,7,9430.0,2,9390.0,7,9440.0,27,9385.0,6
1597988587645733120,1597988587937999872,2020-08-21 13:43:07.938000,9410.0,9430.0,9250.0,9355.0,nan,9339.171,8731,815403050.0,19295,9415.0,28,9405.0,22,9420.0,96,9400.0,93,9425.0,13,9395.0,7,9430.0,2,9390.0,7,9440.0,27,9385.0,6
1597988588112989952,1597988588329999872,2020-08-21 13:43:08.330000,9410.0,9430.0,9250.0,9355.0,nan,9339.171,8731,815403050.0,19295,9415.0,26,9405.0,20,9420.0,82,9400.0,79,9425.0,13,9395.0,7,9430.0,2,9390.0,7,9440.0,27,9385.0,6
1597988591137093888,1597988591432000000,2020-08-21 13:43:11.432000,9410.0,9430.0,9250.0,9355.0,nan,9339.171,8731,815403050.0,19295,9410.0,1,9405.0,20,9415.0,26,9400.0,79,9420.0,81,9395.0,7,9425.0,13,9390.0,7,9430.0,2,9385.0,7
1597988591654661120,1597988592196999936,2020-08-21 13:43:12.197000,9410.0,9430.0,9250.0,9355.0,nan,9339.171,8731,815403050.0,19295,9410.0,9,9405.0,20,9415.0,34,9400.0,63,9420.0,65,9395.0,23,9425.0,13,9390.0,7,9430.0,2,9385.0,7
1597988592138411008,1597988592433000192,2020-08-21 13:43:12.433000,9410.0,9430.0,9250.0,9355.0,nan,9339.171,8731,815403050.0,19295,9410.0,9,9405.0,20,9415.0,42,9400.0,63,9420.0,65,9395.0,31,9425.0,13,9390.0,7,9430.0,2,9385.0,7
1597988601628360960,1597988602000000000,2020-08-21 13:43:22.000000,9410.0,9430.0,9250.0,9355.0,nan,9339.171,8731,815403050.0,19295,9410.0,9,9405.0,18,9415.0,42,9400.0,63,9420.0,65,9395.0,31,9425.0,13,9390.0,7,9430.0,2,9385.0,7
1597988602613526016,1597988602934000128,2020-08-21 13:43:22.934000,9410.0,9430.0,9250.0,9355.0,nan,9339.171,8731,815403050.0,19295,9410.0,9,9405.0,18,9415.0,34,9400.0,63,9420.0,65,9395.0,23,9425.0,13,9390.0,7,9430.0,2,9385.0,7
1597988603108780032,1597988603435000064,2020-08-21 13:43:23.435000,9410.0,9430.0,9250.0,9355.0,nan,9339.171,8731,815403050.0,19295,9410.0,9,9405.0,18,9415.0,42,9400.0,63,9420.0,65,9395.0,31,9425.0,13,9390.0,7,9430.0,2,9385.0,7
1597988607136883968,1597988607428999936,2020-08-21 13:43:27.429000,9410.0,9430.0,9250.0,9355.0,nan,9339.171,8731,815403050.0,19295,9410.0,9,9405.0,18,9415.0,42,9400.0,55,9420.0,57,9395.0,31,9425.0,13,9390.0,7,9430.0,2,9385.0,7
1597988607626116096,1597988607935000064,2020-08-21 13:43:27.935000,9410.0,9430.0,9250.0,9355.0,nan,9339.171,8731,815403050.0,19295,9410.0,9,9405.0,18,9415.0,42,9400.0,63,9420.0,65,9395.0,31,9425.0,13,9390.0,7,9430.0,2,9385.0,7
1597988608122066944,1597988608414000128,2020-08-21 13:43:28.414000,9410.0,9430.0,9250.0,9355.0,nan,9339.171,8731,815403050.0,19295,9410.0,9,9405.0,18,9415.0,41,9400.0,63,9420.0,65,9395.0,31,9425.0,13,9390.0,7,9430.0,2,9385.0,7
1597988608629884928,1597988608931000064,2020-08-21 13:43:28.931000,9410.0,9430.0,9250.0,9355.0,nan,9339.171,8731,815403050.0,19295,9410.0,9,9405.0,18,9415.0,33,9400.0,63,9420.0,65,9395.0,23,9425.0,13,9390.0,7,9430.0,2,9385.0,7
1597988609129815040,1597988609418999808,2020-08-21 13:43:29.419000,9410.0,9430.0,9250.0,9355.0,nan,9339.171,8731,815403050.0,19295,9410.0,9,9405.0,18,9415.0,41,9400.0,63,9420.0,65,9395.0,31,9425.0,13,9390.0,7,9430.0,2,9385.0,7
1597988610623535104,1597988611000000000,2020-08-21 13:43:31.000000,9410.0,9430.0,9250.0,9355.0,nan,9339.171,8731,815403050.0,19295,9410.0,10,9405.0,18,9415.0,40,9400.0,63,9420.0,65,9395.0,31,9425.0,13,9390.0,7,9430.0,2,9385.0,7
1597988611125934080,1597988611417999872,2020-08-21 13:43:31.418000,9410.0,9430.0,9250.0,9355.0,nan,9339.171,8731,815403050.0,19295,9410.0,10,9405.0,17,9415.0,39,9400.0,63,9420.0,65,9395.0,31,9425.0,13,9390.0,7,9430.0,2,9385.0,7
1597988611621146112,1597988612000000000,2020-08-21 13:43:32.000000,9410.0,9430.0,9250.0,9355.0,nan,9339.171,8731,815403050.0,19295,9410.0,10,9405.0,18,9415.0,39,9400.0,63,9420.0,65,9395.0,31,9425.0,13,9390.0,7,9430.0,2,9385.0,7
1597988612142353920,1597988612430000128,2020-08-21 13:43:32.430000,9410.0,9430.0,9250.0,9355.0,nan,9339.171,8731,815403050.0,19295,9410.0,8,9405.0,17,9415.0,39,9400.0,63,9420.0,65,9395.0,31,9425.0,13,9390.0,7,9430.0,2,9385.0,7
1597988612609366016,1597988612936000000,2020-08-21 13:43:32.936000,9410.0,9430.0,9250.0,9355.0,nan,9339.171,8731,815403050.0,19295,9410.0,8,9405.0,18,9415.0,40,9400.0,63,9420.0,65,9395.0,31,9425.0,13,9390.0,7,9430.0,2,9385.0,7
1597988613647877888,1597988614000000000,2020-08-21 13:43:34.000000,9410.0,9430.0,9250.0,9355.0,nan,9339.236,8739,816155850.0,19299,9415.0,39,9410.0,9,9420.0,58,9405.0,14,9425.0,13,9400.0,55,9430.0,2,9395.0,31,9440.0,41,9390.0,7
1597988614129633024,1597988614426000128,2020-08-21 13:43:34.426000,9410.0,9430.0,9250.0,9355.0,nan,9339.236,8739,816155850.0,19299,9415.0,20,9410.0,11,9420.0,66,9405.0,12,9425.0,13,9400.0,61,9430.0,2,9395.0,15,9440.0,41,9390.0,7
1597988614619374080,1597988614844000000,2020-08-21 13:43:34.844000,9410.0,9430.0,9250.0,9355.0,nan,9339.236,8739,816155850.0,19299,9415.0,11,9410.0,11,9420.0,92,9405.0,14,9425.0,13,9400.0,84,9430.0,2,9395.0,7,9440.0,41,9390.0,7
1597988615128860928,1597988615423000064,2020-08-21 13:43:35.423000,9410.0,9430.0,9250.0,9355.0,nan,9339.244,8740,816249950.0,19299,9415.0,12,9410.0,9,9420.0,69,9405.0,37,9425.0,36,9400.0,61,9430.0,2,9395.0,7,9440.0,41,9390.0,7
1597988615632676096,1597988616000000000,2020-08-21 13:43:36.000000,9410.0,9430.0,9250.0,9355.0,nan,9339.382,8757,817849650.0,19302,9410.0,9,9405.0,13,9415.0,12,9400.0,77,9420.0,84,9395.0,7,9425.0,13,9390.0,7,9430.0,2,9385.0,7
1597988616125133056,1597988616423000064,2020-08-21 13:43:36.423000,9410.0,9430.0,9250.0,9355.0,nan,9339.382,8757,817849650.0,19302,9410.0,11,9405.0,13,9415.0,26,9400.0,59,9420.0,58,9395.0,15,9425.0,13,9390.0,7,9430.0,2,9385.0,7
1597988616647545088,1597988617000000000,2020-08-21 13:43:37.000000,9410.0,9430.0,9250.0,9355.0,nan,9339.478,8769,818978850.0,19301,9415.0,30,9405.0,11,9420.0,65,9400.0,63,9425.0,13,9395.0,23,9430.0,2,9390.0,7,9440.0,41,9385.0,7
1597988617132459008,1597988617436999936,2020-08-21 13:43:37.437000,9410.0,9430.0,9250.0,9355.0,nan,9339.478,8769,818978850.0,19301,9415.0,16,9410.0,6,9420.0,79,9405.0,13,9425.0,13,9400.0,77,9430.0,2,9395.0,7,9440.0,41,9390.0,7
1597988617716832000,1597988617926000128,2020-08-21 13:43:37.926000,9410.0,9430.0,9250.0,9355.0,nan,9339.478,8769,818978850.0,19301,9415.0,18,9410.0,15,9420.0,82,9405.0,12,9425.0,13,9400.0,76,9430.0,2,9395.0,7,9440.0,41,9390.0,7
1597988618121039104,1597988618381999872,2020-08-21 13:43:38.382000,9410.0,9430.0,9250.0,9355.0,nan,9339.478,8769,818978850.0,19301,9415.0,20,9410.0,18,9420.0,90,9405.0,20,9425.0,14,9400.0,76,9430.0,2,9395.0,7,9440.0,41,9390.0,7
1597988620024301056,1597988619932000000,2020-08-21 13:43:39.932000,9410.0,9430.0,9250.0,9355.0,nan,9339.478,8769,818978850.0,19301,9415.0,20,9410.0,16,9420.0,90,9405.0,20,9425.0,14,9400.0,76,9430.0,2,9395.0,7,9440.0,41,9390.0,7
1597988620134534912,1597988620438999808,2020-08-21 13:43:40.439000,9410.0,9430.0,9250.0,9355.0,nan,9339.478,8769,818978850.0,19301,9415.0,20,9410.0,15,9420.0,98,9405.0,20,9425.0,14,9400.0,84,9430.0,2,9395.0,7,9440.0,41,9390.0,7
1597988625641300992,1597988626000000000,2020-08-21 13:43:46.000000,9410.0,9430.0,9250.0,9355.0,nan,9339.478,8769,818978850.0,19301,9415.0,20,9410.0,15,9420.0,90,9405.0,20,9425.0,14,9400.0,76,9430.0,2,9395.0,7,9440.0,41,9390.0,7
1597988626143027968,1597988626420999936,2020-08-21 13:43:46.421000,9410.0,9430.0,9250.0,9355.0,nan,9339.478,8769,818978850.0,19301,9415.0,20,9410.0,14,9420.0,98,9405.0,20,9425.0,13,9400.0,84,9430.0,2,9395.0,7,9440.0,41,9390.0,7
1597988626638682112,1597988627000000000,2020-08-21 13:43:47.000000,9410.0,9430.0,9250.0,9355.0,nan,9339.478,8769,818978850.0,19301,9415.0,21,9410.0,15,9420.0,98,9405.0,20,9425.0,13,9400.0,84,9430.0,2,9395.0,7,9440.0,41,9390.0,7
1597988629116820992,1597988629436999936,2020-08-21 13:43:49.437000,9410.0,9430.0,9250.0,9355.0,nan,9339.478,8769,818978850.0,19301,9415.0,21,9410.0,11,9420.0,98,9405.0,20,9425.0,13,9400.0,84,9430.0,2,9395.0,7,9440.0,41,9390.0,7
1597988629613079040,1597988630000000000,2020-08-21 13:43:50.000000,9410.0,9430.0,9250.0,9355.0,nan,9339.567,8780,820013950.0,19311,9410.0,9,9405.0,13,9415.0,11,9400.0,77,9420.0,84,9395.0,7,9425.0,13,9390.0,7,9430.0,2,9385.0,7
1597988630140806912,1597988630428000000,2020-08-21 13:43:50.428000,9410.0,9430.0,9250.0,9355.0,nan,9339.567,8780,820013950.0,19311,9410.0,11,9405.0,11,9415.0,25,9400.0,61,9420.0,58,9395.0,15,9425.0,13,9390.0,7,9430.0,2,9385.0,7
1597988630634256896,1597988631000000000,2020-08-21 13:43:51.000000,9410.0,9430.0,9250.0,9355.0,nan,9339.567,8780,820013950.0,19311,9410.0,10,9405.0,11,9415.0,30,9400.0,63,9420.0,65,9395.0,24,9425.0,13,9390.0,7,9430.0,2,9385.0,7
1597988631121389056,1597988631376000000,2020-08-21 13:43:51.376000,9410.0,9430.0,9250.0,9355.0,nan,9339.567,8780,820013950.0,19311,9410.0,9,9405.0,13,9415.0,38,9400.0,69,9420.0,65,9395.0,23,9425.0,13,9390.0,7,9430.0,2,9385.0,7
1597988631620055040,1597988632000000000,2020-08-21 13:43:52.000000,9410.0,9430.0,9250.0,9355.0,nan,9339.567,8780,820013950.0,19311,9410.0,17,9405.0,19,9415.0,30,9400.0,55,9420.0,57,9395.0,23,9425.0,13,9390.0,7,9430.0,2,9385.0,7
1597988632119227904,1597988632417999872,2020-08-21 13:43:52.418000,9410.0,9430.0,9250.0,9355.0,nan,9339.567,8780,820013950.0,19311,9410.0,20,9405.0,21,9415.0,44,9400.0,69,9420.0,65,9395.0,32,9425.0,13,9390.0,7,9430.0,2,9385.0,7
1597988659623364096,1597988660000000000,2020-08-21 13:44:20.000000,9410.0,9430.0,9250.0,9355.0,nan,9339.567,8780,820013950.0,19311,9410.0,20,9405.0,21,9415.0,43,9400.0,69,9420.0,65,9395.0,32,9425.0,13,9390.0,7,9430.0,2,9385.0,7
1597988660122619904,1597988660434000128,2020-08-21 13:44:20.434000,9410.0,9430.0,9250.0,9355.0,nan,9339.567,8780,820013950.0,19311,9410.0,19,9405.0,21,9415.0,43,9400.0,69,9420.0,65,9395.0,31,9425.0,13,9390.0,7,9430.0,2,9385.0,7
1597988660619676928,1597988661000000000,2020-08-21 13:44:21.000000,9410.0,9430.0,9250.0,9355.0,nan,9339.567,8780,820013950.0,19311,9410.0,20,9405.0,22,9415.0,43,9400.0,69,9420.0,65,9395.0,31,9425.0,13,9390.0,7,9430.0,2,9385.0,7
1597988673623753984,1597988674000000000,2020-08-21 13:44:34.000000,9410.0,9430.0,9250.0,9355.0,nan,9339.567,8780,820013950.0,19311,9410.0,12,9405.0,14,9415.0,43,9400.0,69,9420.0,65,9395.0,31,9425.0,13,9390.0,7,9430.0,2,9385.0,7
1597988679604761088,1597988680000000000,2020-08-21 13:44:40.000000,9410.0,9430.0,9250.0,9355.0,nan,9339.567,8780,820013950.0,19311,9410.0,12,9405.0,14,9415.0,35,9400.0,69,9420.0,65,9395.0,23,9425.0,13,9390.0,7,9430.0,2,9385.0,7
1597988680107469056,1597988680432000000,2020-08-21 13:44:40.432000,9410.0,9430.0,9250.0,9355.0,nan,9339.567,8780,820013950.0,19311,9410.0,12,9405.0,14,9415.0,43,9400.0,69,9420.0,65,9395.0,31,9425.0,13,9390.0,7,9430.0,2,9385.0,7
1597988685623207936,1597988686000000000,2020-08-21 13:44:46.000000,9410.0,9430.0,9250.0,9355.0,nan,9339.567,8780,820013950.0,19311,9410.0,12,9405.0,14,9415.0,35,9400.0,69,9420.0,65,9395.0,23,9425.0,13,9390.0,7,9430.0,2,9385.0,7
1597988686109248000,1597988686431000064,2020-08-21 13:44:46.431000,9410.0,9430.0,9250.0,9355.0,nan,9339.567,8780,820013950.0,19311,9410.0,12,9405.0,14,9415.0,43,9400.0,69,9420.0,65,9395.0,31,9425.0,13,9390.0,7,9430.0,2,9385.0,7
1597988691707941888,1597988692000000000,2020-08-21 13:44:52.000000,9405.0,9430.0,9250.0,9355.0,nan,9339.656,8792,821142550.0,19312,9405.0,1,9400.0,63,9410.0,12,9395.0,23,9415.0,29,9390.0,7,9420.0,65,9385.0,7,9425.0,13,9380.0,16
1597988692121019904,1597988692411000064,2020-08-21 13:44:52.411000,9405.0,9430.0,9250.0,9355.0,nan,9339.656,8792,821142550.0,19312,9405.0,12,9400.0,15,9410.0,23,9395.0,47,9415.0,41,9390.0,15,9420.0,18,9385.0,7,9425.0,13,9380.0,16
1597988692635141888,1597988693000000000,2020-08-21 13:44:53.000000,9405.0,9430.0,9250.0,9355.0,nan,9339.656,8792,821142550.0,19312,9405.0,13,9400.0,3,9410.0,33,9395.0,57,9415.0,49,9390.0,24,9420.0,10,9385.0,7,9425.0,13,9380.0,16
1597988693134753024,1597988693438999808,2020-08-21 13:44:53.439000,9405.0,9430.0,9250.0,9355.0,nan,9339.656,8792,821142550.0,19312,9405.0,12,9400.0,3,9410.0,56,9395.0,42,9415.0,34,9390.0,46,9420.0,10,9385.0,7,9425.0,13,9380.0,16
1597988693635687936,1597988694000000000,2020-08-21 13:44:54.000000,9405.0,9430.0,9250.0,9355.0,nan,9339.656,8792,821142550.0,19312,9405.0,12,9400.0,3,9410.0,64,9395.0,34,9415.0,26,9390.0,54,9420.0,10,9385.0,7,9425.0,13,9380.0,16
1597988694109039104,1597988694428999936,2020-08-21 13:44:54.429000,9405.0,9430.0,9250.0,9355.0,nan,9339.656,8792,821142550.0,19312,9405.0,12,9400.0,3,9410.0,80,9395.0,34,9415.0,26,9390.0,70,9420.0,10,9385.0,7,9425.0,13,9380.0,16
1597988695119486976,1597988695421999872,2020-08-21 13:44:55.422000,9405.0,9430.0,9250.0,9355.0,nan,9339.656,8792,821142550.0,19312,9405.0,6,9400.0,3,9410.0,78,9395.0,26,9415.0,26,9390.0,70,9420.0,10,9385.0,7,9425.0,13,9380.0,16
1597988695641046016,1597988696000000000,2020-08-21 13:44:56.000000,9400.0,9430.0,9250.0,9355.0,nan,9339.683,8796,821518550.0,19313,9400.0,2,9395.0,42,9405.0,8,9390.0,62,9410.0,70,9385.0,7,9415.0,34,9380.0,16,9420.0,10,9375.0,18
1597988696139404032,1597988696431000064,2020-08-21 13:44:56.431000,9395.0,9430.0,9250.0,9355.0,nan,9339.703,8799,821800500.0,19313,9405.0,23,9395.0,12,9410.0,51,9390.0,47,9415.0,18,9385.0,23,9420.0,10,9380.0,2,9425.0,11,9375.0,18
1597988696625403904,1597988697000000000,2020-08-21 13:44:57.000000,9395.0,9430.0,9250.0,9355.0,nan,9339.703,8799,821800500.0,19313,9405.0,11,9395.0,4,9410.0,89,9390.0,89,9415.0,10,9385.0,7,9420.0,10,9380.0,2,9425.0,11,9375.0,4
1597988697125146880,1597988697436999936,2020-08-21 13:44:57.437000,9395.0,9430.0,9250.0,9355.0,nan,9339.703,8799,821800500.0,19313,9405.0,12,9395.0,4,9410.0,97,9390.0,98,9415.0,10,9385.0,7,9420.0,10,9380.0,2,9425.0,11,9375.0,4
1597988698113404928,1597988698437999872,2020-08-21 13:44:58.438000,9395.0,9430.0,9250.0,9355.0,nan,9339.703,8799,821800500.0,19313,9405.0,12,9395.0,4,9410.0,98,9390.0,98,9415.0,10,9385.0,7,9420.0,10,9380.0,2,9425.0,11,9375.0,4
1597988700624965888,1597988701000000000,2020-08-21 13:45:01.000000,9395.0,9430.0,9250.0,9355.0,nan,9339.703,8799,821800500.0,19313,9405.0,20,9395.0,12,9410.0,98,9390.0,98,9415.0,10,9385.0,7,9420.0,10,9380.0,2,9425.0,11,9375.0,4
1597988701125948928,1597988701404999936,2020-08-21 13:45:01.405000,9395.0,9430.0,9250.0,9355.0,nan,9339.703,8799,821800500.0,19313,9405.0,17,9395.0,12,9410.0,92,9390.0,89,9415.0,10,9385.0,7,9420.0,10,9380.0,2,9425.0,11,9375.0,4
1597988701616932096,1597988702000000000,2020-08-21 13:45:02.000000,9395.0,9430.0,9250.0,9355.0,nan,9339.703,8799,821800500.0,19313,9405.0,20,9395.0,15,9410.0,90,9390.0,87,9415.0,10,9385.0,8,9420.0,10,9380.0,2,9425.0,11,9375.0,4
1597988702107719936,1597988702436999936,2020-08-21 13:45:02.437000,9395.0,9430.0,9250.0,9355.0,nan,9339.703,8799,821800500.0,19313,9405.0,20,9395.0,15,9410.0,98,9390.0,95,9415.0,10,9385.0,8,9420.0,10,9380.0,2,9425.0,11,9375.0,4
1597988702613938944,1597988703000000000,2020-08-21 13:45:03.000000,9395.0,9430.0,9250.0,9355.0,nan,9339.703,8799,821800500.0,19313,9405.0,20,9400.0,1,9410.0,98,9395.0,15,9415.0,10,9390.0,95,9420.0,10,9385.0,8,9425.0,11,9380.0,2
1597988703129816064,1597988703435000064,2020-08-21 13:45:03.435000,9395.0,9430.0,9250.0,9355.0,nan,9339.703,8799,821800500.0,19313,9405.0,15,9400.0,9,9410.0,92,9395.0,8,9415.0,10,9390.0,86,9420.0,10,9385.0,8,9425.0,11,9380.0,2
1597988703647697920,1597988704000000000,2020-08-21 13:45:04.000000,9395.0,9430.0,9250.0,9355.0,nan,9339.703,8799,821800500.0,19313,9405.0,17,9400.0,11,9410.0,100,9395.0,16,9415.0,10,9390.0,86,9420.0,10,9385.0,8,9425.0,11,9380.0,2
1597988704173509120,1597988704437999872,2020-08-21 13:45:04.438000,9395.0,9430.0,9250.0,9355.0,nan,9339.703,8799,821800500.0,19313,9405.0,16,9400.0,11,9410.0,100,9395.0,15,9415.0,10,9390.0,86,9420.0,10,9385.0,8,9425.0,11,9380.0,2
1597988704624468992,1597988705000000000,2020-08-21 13:45:05.000000,9395.0,9430.0,9250.0,9355.0,nan,9339.703,8799,821800500.0,19313,9405.0,17,9400.0,12,9410.0,100,9395.0,15,9415.0,10,9390.0,86,9420.0,10,9385.0,8,9425.0,11,9380.0,2
1597988707140855040,1597988707427000064,2020-08-21 13:45:07.427000,9395.0,9430.0,9250.0,9355.0,nan,9339.703,8799,821800500.0,19313,9405.0,17,9400.0,5,9410.0,100,9395.0,22,9415.0,11,9390.0,86,9420.0,10,9385.0,8,9425.0,11,9380.0,2
1597988707628793088,1597988708000000000,2020-08-21 13:45:08.000000,9395.0,9430.0,9250.0,9355.0,nan,9339.703,8799,821800500.0,19313,9405.0,14,9400.0,2,9410.0,86,9395.0,16,9415.0,11,9390.0,78,9420.0,10,9385.0,8,9425.0,11,9380.0,2
1597988708129006080,1597988708436000000,2020-08-21 13:45:08.436000,9395.0,9430.0,9250.0,9355.0,nan,9339.703,8799,821800500.0,19313,9405.0,17,9400.0,2,9410.0,100,9395.0,25,9415.0,11,9390.0,86,9420.0,10,9385.0,8,9425.0,11,9380.0,2
1597988709125661952,1597988709436000000,2020-08-21 13:45:09.436000,9395.0,9430.0,9250.0,9355.0,nan,9339.703,8799,821800500.0,19313,9405.0,17,9400.0,2,9410.0,100,9395.0,26,9415.0,11,9390.0,86,9420.0,10,9385.0,8,9425.0,11,9380.0,2
1597988713622286080,1597988714000000000,2020-08-21 13:45:14.000000,9395.0,9430.0,9250.0,9355.0,nan,9339.703,8799,821800500.0,19313,9405.0,17,9400.0,2,9410.0,92,9395.0,26,9415.0,11,9390.0,78,9420.0,10,9385.0,8,9425.0,11,9380.0,2
1597988714176179968,1597988714428000000,2020-08-21 13:45:14.428000,9395.0,9430.0,9250.0,9355.0,nan,9339.703,8799,821800500.0,19313,9405.0,17,9400.0,2,9410.0,100,9395.0,26,9415.0,11,9390.0,86,9420.0,10,9385.0,8,9425.0,11,9380.0,2
1597988719618170880,1597988720000000000,2020-08-21 13:45:20.000000,9395.0,9430.0,9250.0,9355.0,nan,9339.703,8799,821800500.0,19313,9405.0,17,9400.0,2,9410.0,92,9395.0,26,9415.0,11,9390.0,78,9420.0,10,9385.0,8,9425.0,11,9380.0,2
1597988720142153984,1597988720438999808,2020-08-21 13:45:20.439000,9395.0,9430.0,9250.0,9355.0,nan,9339.703,8799,821800500.0,19313,9405.0,17,9400.0,2,9410.0,100,9395.0,26,9415.0,11,9390.0,86,9420.0,10,9385.0,8,9425.0,11,9380.0,2
1597988721643133952,1597988722000000000,2020-08-21 13:45:22.000000,9395.0,9430.0,9250.0,9355.0,nan,9339.703,8799,821800500.0,19313,9405.0,17,9400.0,2,9410.0,99,9395.0,26,9415.0,11,9390.0,86,9420.0,10,9385.0,8,9425.0,11,9380.0,2
1597988724634089984,1597988725000000000,2020-08-21 13:45:25.000000,9395.0,9430.0,9250.0,9355.0,nan,9339.703,8799,821800500.0,19313,9405.0,17,9400.0,4,9410.0,99,9395.0,26,9415.0,11,9390.0,86,9420.0,10,9385.0,8,9425.0,11,9380.0,2
1597988725687542016,1597988726000000000,2020-08-21 13:45:26.000000,9395.0,9430.0,9250.0,9355.0,nan,9339.703,8799,821800500.0,19313,9405.0,12,9400.0,8,9410.0,91,9395.0,26,9415.0,11,9390.0,78,9420.0,10,9385.0,8,9425.0,11,9380.0,2
1597988726135732992,1597988726433000192,2020-08-21 13:45:26.433000,9395.0,9430.0,9250.0,9355.0,nan,9339.703,8799,821800500.0,19313,9405.0,12,9400.0,8,9410.0,99,9395.0,26,9415.0,11,9390.0,86,9420.0,10,9385.0,8,9425.0,11,9380.0,2
1597988731623720960,1597988732000000000,2020-08-21 13:45:32.000000,9395.0,9430.0,9250.0,9355.0,nan,9339.703,8799,821800500.0,19313,9405.0,12,9400.0,8,9410.0,91,9395.0,26,9415.0,11,9390.0,78,9420.0,10,9385.0,8,9425.0,11,9380.0,2
1597988732147208960,1597988732424000000,2020-08-21 13:45:32.424000,9395.0,9430.0,9250.0,9355.0,nan,9339.703,8799,821800500.0,19313,9405.0,12,9400.0,8,9410.0,99,9395.0,26,9415.0,11,9390.0,86,9420.0,10,9385.0,8,9425.0,11,9380.0,2
1597988733664480000,1597988734000000000,2020-08-21 13:45:34.000000,9395.0,9430.0,9250.0,9355.0,nan,9339.703,8799,821800500.0,19313,9405.0,11,9400.0,8,9410.0,93,9395.0,18,9415.0,11,9390.0,86,9420.0,10,9385.0,8,9425.0,11,9380.0,2
1597988734113551104,1597988734407000064,2020-08-21 13:45:34.407000,9395.0,9430.0,9250.0,9355.0,nan,9339.703,8799,821800500.0,19313,9405.0,13,9400.0,8,9410.0,99,9395.0,26,9415.0,11,9390.0,86,9420.0,10,9385.0,8,9425.0,11,9380.0,2
1597988737636152064,1597988738000000000,2020-08-21 13:45:38.000000,9395.0,9430.0,9250.0,9355.0,nan,9339.703,8799,821800500.0,19313,9405.0,13,9400.0,8,9410.0,91,9395.0,26,9415.0,11,9390.0,78,9420.0,10,9385.0,8,9425.0,11,9380.0,2
1597988738135347968,1597988738431000064,2020-08-21 13:45:38.431000,9395.0,9430.0,9250.0,9355.0,nan,9339.703,8799,821800500.0,19313,9405.0,13,9400.0,8,9410.0,99,9395.0,26,9415.0,11,9390.0,86,9420.0,10,9385.0,8,9425.0,11,9380.0,2
1597988742637543936,1597988743000000000,2020-08-21 13:45:43.000000,9395.0,9430.0,9250.0,9355.0,nan,9339.703,8799,821800500.0,19313,9405.0,13,9400.0,4,9410.0,99,9395.0,26,9415.0,11,9390.0,86,9420.0,10,9385.0,8,9425.0,11,9380.0,2
1597988743659331072,1597988744000000000,2020-08-21 13:45:44.000000,9395.0,9430.0,9250.0,9355.0,nan,9339.703,8799,821800500.0,19313,9405.0,13,9400.0,4,9410.0,91,9395.0,26,9415.0,11,9390.0,78,9420.0,10,9385.0,8,9425.0,11,9380.0,2
1597988744156177920,1597988744438999808,2020-08-21 13:45:44.439000,9395.0,9430.0,9250.0,9355.0,nan,9339.703,8799,821800500.0,19313,9405.0,13,9400.0,4,9410.0,99,9395.0,26,9415.0,11,9390.0,86,9420.0,10,9385.0,8,9425.0,11,9380.0,2
1597988749611410944,1597988750000000000,2020-08-21 13:45:50.000000,9395.0,9430.0,9250.0,9355.0,nan,9339.703,8799,821800500.0,19313,9405.0,13,9400.0,4,9410.0,91,9395.0,26,9415.0,11,9390.0,78,9420.0,10,9385.0,8,9425.0,11,9380.0,2
1597988750119927040,1597988750438999808,2020-08-21 13:45:50.439000,9395.0,9430.0,9250.0,9355.0,nan,9339.703,8799,821800500.0,19313,9405.0,13,9400.0,4,9410.0,99,9395.0,26,9415.0,11,9390.0,86,9420.0,10,9385.0,8,9425.0,11,9380.0,2
1597988752629277952,1597988753000000000,2020-08-21 13:45:53.000000,9395.0,9430.0,9250.0,9355.0,nan,9339.703,8799,821800500.0,19313,9405.0,13,9400.0,4,9410.0,100,9395.0,26,9415.0,10,9390.0,86,9420.0,10,9385.0,8,9425.0,11,9380.0,2
1597988755126000896,1597988755431000064,2020-08-21 13:45:55.431000,9405.0,9430.0,9250.0,9355.0,nan,9339.8,8812,823023150.0,19311,9410.0,85,9405.0,8,9415.0,10,9400.0,3,9420.0,10,9395.0,9,9425.0,11,9390.0,79,9430.0,2,9385.0,8
1597988755691130880,1597988756000000000,2020-08-21 13:45:56.000000,9405.0,9430.0,9250.0,9355.0,nan,9339.859,8820,823775550.0,19310,9410.0,27,9400.0,10,9415.0,48,9395.0,39,9420.0,10,9390.0,23,9425.0,11,9385.0,8,9430.0,2,9380.0,2
1597988756133238016,1597988756437999872,2020-08-21 13:45:56.438000,9405.0,9430.0,9250.0,9355.0,nan,9339.859,8820,823775550.0,19310,9405.0,1,9400.0,3,9410.0,12,9395.0,65,9415.0,65,9390.0,7,9420.0,10,9385.0,8,9425.0,11,9380.0,2
1597988756641174016,1597988757000000000,2020-08-21 13:45:57.000000,9405.0,9430.0,9250.0,9355.0,nan,9339.859,8820,823775550.0,19310,9405.0,1,9400.0,9,9410.0,28,9395.0,73,9415.0,65,9390.0,15,9420.0,10,9385.0,8,9425.0,11,9380.0,2
1597988757111749888,1597988757438999808,2020-08-21 13:45:57.439000,9405.0,9430.0,9250.0,9355.0,nan,9339.859,8820,823775550.0,19310,9405.0,2,9400.0,17,9410.0,35,9395.0,65,9415.0,65,9390.0,23,9420.0,10,9385.0,8,9425.0,11,9380.0,2
1597988757649697024,1597988758000000000,2020-08-21 13:45:58.000000,9405.0,9430.0,9250.0,9355.0,nan,9339.859,8820,823775550.0,19310,9405.0,1,9400.0,19,9410.0,43,9395.0,79,9415.0,73,9390.0,23,9420.0,10,9385.0,8,9425.0,11,9380.0,2
1597988760622201088,1597988761000000000,2020-08-21 13:46:01.000000,9405.0,9430.0,9250.0,9355.0,nan,9339.866,8821,823869600.0,19310,9410.0,35,9405.0,1,9415.0,58,9400.0,11,9420.0,10,9395.0,63,9425.0,11,9390.0,23,9430.0,2,9385.0,8
1597988761114430976,1597988761428999936,2020-08-21 13:46:01.429000,9405.0,9430.0,9250.0,9355.0,nan,9339.866,8821,823869600.0,19310,9410.0,18,9405.0,1,9415.0,66,9400.0,9,9420.0,10,9395.0,63,9425.0,11,9390.0,15,9430.0,2,9385.0,8
1597988761621737984,1597988762000000000,2020-08-21 13:46:02.000000,9405.0,9430.0,9250.0,9355.0,nan,9339.866,8821,823869600.0,19310,9410.0,20,9405.0,2,9415.0,98,9400.0,27,9420.0,10,9395.0,86,9425.0,11,9390.0,7,9430.0,2,9385.0,8
1597988766611604992,1597988767000000000,2020-08-21 13:46:07.000000,9405.0,9430.0,9250.0,9355.0,nan,9339.866,8821,823869600.0,19310,9410.0,20,9405.0,2,9415.0,90,9400.0,27,9420.0,10,9395.0,78,9425.0,11,9390.0,7,9430.0,2,9385.0,8
1597988767120252928,1597988767415000064,2020-08-21 13:46:07.415000,9405.0,9430.0,9250.0,9355.0,nan,9339.866,8821,823869600.0,19310,9410.0,20,9405.0,2,9415.0,98,9400.0,27,9420.0,10,9395.0,86,9425.0,11,9390.0,7,9430.0,2,9385.0,8
1597988772657698048,1597988773084999936,2020-08-21 13:46:13.085000,9405.0,9430.0,9250.0,9355.0,nan,9339.866,8821,823869600.0,19310,9410.0,20,9405.0,2,9415.0,90,9400.0,27,9420.0,10,9395.0,78,9425.0,11,9390.0,7,9430.0,2,9385.0,8
1597988773153882112,1597988773428999936,2020-08-21 13:46:13.429000,9405.0,9430.0,9250.0,9355.0,nan,9339.866,8821,823869600.0,19310,9410.0,20,9405.0,2,9415.0,98,9400.0,27,9420.0,10,9395.0,86,9425.0,11,9390.0,7,9430.0,2,9385.0,8
1597988784633403904,1597988785000000000,2020-08-21 13:46:25.000000,9405.0,9430.0,9250.0,9355.0,nan,9339.866,8821,823869600.0,19310,9410.0,20,9405.0,6,9415.0,98,9400.0,27,9420.0,10,9395.0,86,9425.0,11,9390.0,7,9430.0,2,9385.0,8
1597988790626170880,1597988791000000000,2020-08-21 13:46:31.000000,9405.0,9430.0,9250.0,9355.0,nan,9339.866,8821,823869600.0,19310,9410.0,20,9405.0,6,9415.0,90,9400.0,27,9420.0,10,9395.0,78,9425.0,11,9390.0,7,9430.0,2,9385.0,8
1597988791129099008,1597988791408000000,2020-08-21 13:46:31.408000,9405.0,9430.0,9250.0,9355.0,nan,9339.866,8821,823869600.0,19310,9410.0,20,9405.0,6,9415.0,98,9400.0,27,9420.0,10,9395.0,86,9425.0,11,9390.0,7,9430.0,2,9385.0,8
1597988796633754880,1597988797000000000,2020-08-21 13:46:37.000000,9405.0,9430.0,9250.0,9355.0,nan,9339.866,8821,823869600.0,19310,9410.0,20,9405.0,6,9415.0,90,9400.0,27,9420.0,10,9395.0,78,9425.0,11,9390.0,7,9430.0,2,9385.0,8
1597988797132561920,1597988797415000064,2020-08-21 13:46:37.415000,9405.0,9430.0,9250.0,9355.0,nan,9339.866,8821,823869600.0,19310,9410.0,20,9405.0,6,9415.0,98,9400.0,27,9420.0,10,9395.0,86,9425.0,11,9390.0,7,9430.0,2,9385.0,8
1597988802626807040,1597988803000000000,2020-08-21 13:46:43.000000,9405.0,9430.0,9250.0,9355.0,nan,9339.866,8821,823869600.0,19310,9410.0,20,9405.0,6,9415.0,90,9400.0,27,9420.0,10,9395.0,78,9425.0,11,9390.0,7,9430.0,2,9385.0,8
1597988803115952896,1597988803438999808,2020-08-21 13:46:43.439000,9405.0,9430.0,9250.0,9355.0,nan,9339.866,8821,823869600.0,19310,9410.0,20,9405.0,6,9415.0,98,9400.0,27,9420.0,10,9395.0,86,9425.0,11,9390.0,7,9430.0,2,9385.0,8
1597988804130702080,1597988804432000000,2020-08-21 13:46:44.432000,9405.0,9430.0,9250.0,9355.0,nan,9339.866,8821,823869600.0,19310,9410.0,20,9405.0,2,9415.0,98,9400.0,27,9420.0,10,9395.0,86,9425.0,11,9390.0,7,9430.0,2,9385.0,8
1597988808614977024,1597988809000000000,2020-08-21 13:46:49.000000,9405.0,9430.0,9250.0,9355.0,nan,9339.866,8821,823869600.0,19310,9410.0,20,9405.0,2,9415.0,90,9400.0,27,9420.0,10,9395.0,78,9425.0,11,9390.0,7,9430.0,2,9385.0,8
1597988809116294912,1597988809438999808,2020-08-21 13:46:49.439000,9405.0,9430.0,9250.0,9355.0,nan,9339.866,8821,823869600.0,19310,9410.0,20,9405.0,2,9415.0,98,9400.0,27,9420.0,10,9395.0,86,9425.0,11,9390.0,7,9430.0,2,9385.0,8
1597988814622300928,1597988815000000000,2020-08-21 13:46:55.000000,9405.0,9430.0,9250.0,9355.0,nan,9339.866,8821,823869600.0,19310,9410.0,20,9405.0,2,9415.0,90,9400.0,27,9420.0,8,9395.0,78,9425.0,11,9390.0,7,9430.0,2,9385.0,8
1597988815106785024,1597988815416000000,2020-08-21 13:46:55.416000,9405.0,9430.0,9250.0,9355.0,nan,9339.866,8821,823869600.0,19310,9410.0,20,9405.0,2,9415.0,98,9400.0,27,9420.0,8,9395.0,86,9425.0,11,9390.0,7,9430.0,2,9385.0,8
1597988820635779072,1597988821000000000,2020-08-21 13:47:01.000000,9405.0,9430.0,9250.0,9355.0,nan,9339.866,8821,823869600.0,19310,9410.0,20,9405.0,2,9415.0,90,9400.0,27,9420.0,8,9395.0,78,9425.0,11,9390.0,7,9430.0,2,9385.0,8
1597988821134396928,1597988821434000128,2020-08-21 13:47:01.434000,9405.0,9430.0,9250.0,9355.0,nan,9339.866,8821,823869600.0,19310,9410.0,20,9405.0,2,9415.0,98,9400.0,27,9420.0,8,9395.0,86,9425.0,11,9390.0,7,9430.0,2,9385.0,8
1597988821629447936,1597988822000000000,2020-08-21 13:47:02.000000,9405.0,9430.0,9250.0,9355.0,nan,9339.866,8821,823869600.0,19310,9410.0,18,9405.0,2,9415.0,92,9400.0,19,9420.0,8,9395.0,86,9425.0,11,9390.0,7,9430.0,2,9385.0,8
1597988822118749952,1597988822423000064,2020-08-21 13:47:02.423000,9405.0,9430.0,9250.0,9355.0,nan,9339.866,8821,823869600.0,19310,9410.0,20,9405.0,2,9415.0,98,9400.0,27,9420.0,8,9395.0,86,9425.0,11,9390.0,7,9430.0,2,9385.0,8
1597988825104538112,1597988825438999808,2020-08-21 13:47:05.439000,9405.0,9430.0,9250.0,9355.0,nan,9339.866,8821,823869600.0,19310,9410.0,21,9405.0,2,9415.0,98,9400.0,27,9420.0,8,9395.0,86,9425.0,11,9390.0,7,9430.0,2,9385.0,8
1597988826617019904,1597988827000000000,2020-08-21 13:47:07.000000,9405.0,9430.0,9250.0,9355.0,nan,9339.866,8821,823869600.0,19310,9410.0,21,9405.0,2,9415.0,98,9400.0,27,9420.0,8,9395.0,78,9425.0,11,9390.0,7,9430.0,2,9385.0,8
1597988827105243904,1597988827428000000,2020-08-21 13:47:07.428000,9405.0,9430.0,9250.0,9355.0,nan,9339.866,8821,823869600.0,19310,9410.0,21,9405.0,2,9415.0,98,9400.0,27,9420.0,8,9395.0,86,9425.0,11,9390.0,7,9430.0,2,9385.0,8
1597988832621863936,1597988833000000000,2020-08-21 13:47:13.000000,9405.0,9430.0,9250.0,9355.0,nan,9339.866,8821,823869600.0,19310,9410.0,21,9405.0,2,9415.0,90,9400.0,27,9420.0,8,9395.0,78,9425.0,11,9390.0,7,9430.0,2,9385.0,8
1597988833127520000,1597988833432000000,2020-08-21 13:47:13.432000,9405.0,9430.0,9250.0,9355.0,nan,9339.866,8821,823869600.0,19310,9410.0,21,9405.0,2,9415.0,98,9400.0,27,9420.0,8,9395.0,86,9425.0,11,9390.0,7,9430.0,2,9385.0,8
1597988838612193024,1597988839000000000,2020-08-21 13:47:19.000000,9405.0,9430.0,9250.0,9355.0,nan,9339.866,8821,823869600.0,19310,9410.0,21,9405.0,2,9415.0,90,9400.0,27,9420.0,8,9395.0,78,9425.0,11,9390.0,7,9430.0,2,9385.0,8
1597988839142966016,1597988839433000192,2020-08-21 13:47:19.433000,9405.0,9430.0,9250.0,9355.0,nan,9339.881,8823,824057700.0,19309,9405.0,1,9400.0,19,9410.0,13,9395.0,79,9415.0,90,9390.0,7,9420.0,8,9385.0,8,9425.0,11,9380.0,2
1597988839619493888,1597988840000000000,2020-08-21 13:47:20.000000,9405.0,9430.0,9250.0,9355.0,nan,9339.881,8823,824057700.0,19309,9405.0,1,9400.0,12,9410.0,19,9395.0,63,9415.0,68,9390.0,15,9420.0,8,9385.0,8,9425.0,11,9380.0,2
1597988840119766016,1597988840436999936,2020-08-21 13:47:20.437000,9405.0,9430.0,9250.0,9355.0,nan,9339.881,8823,824057700.0,19309,9405.0,2,9400.0,18,9410.0,43,9395.0,79,9415.0,73,9390.0,23,9420.0,8,9385.0,8,9425.0,11,9380.0,2
1597988840624568064,1597988841000000000,2020-08-21 13:47:21.000000,9405.0,9430.0,9250.0,9355.0,nan,9339.881,8823,824057700.0,19309,9405.0,2,9400.0,18,9410.0,37,9395.0,73,9415.0,73,9390.0,23,9420.0,8,9385.0,8,9425.0,11,9380.0,2
1597988841103622912,1597988841420999936,2020-08-21 13:47:21.421000,9405.0,9430.0,9250.0,9355.0,nan,9339.881,8823,824057700.0,19309,9405.0,2,9400.0,20,9410.0,45,9395.0,79,9415.0,73,9390.0,23,9420.0,8,9385.0,8,9425.0,11,9380.0,2
1597988844619290112,1597988845000000000,2020-08-21 13:47:25.000000,9405.0,9430.0,9250.0,9355.0,nan,9339.881,8823,824057700.0,19309,9405.0,2,9400.0,20,9410.0,45,9395.0,71,9415.0,65,9390.0,23,9420.0,8,9385.0,8,9425.0,11,9380.0,2
1597988845116947968,1597988845432000000,2020-08-21 13:47:25.432000,9405.0,9430.0,9250.0,9355.0,nan,9339.881,8823,824057700.0,19309,9405.0,2,9400.0,20,9410.0,53,9395.0,71,9415.0,65,9390.0,31,9420.0,8,9385.0,8,9425.0,11,9380.0,2
1597988850627728896,1597988851000000000,2020-08-21 13:47:31.000000,9405.0,9430.0,9250.0,9355.0,nan,9339.881,8823,824057700.0,19309,9405.0,2,9400.0,20,9410.0,45,9395.0,71,9415.0,65,9390.0,23,9420.0,8,9385.0,8,9425.0,11,9380.0,2
1597988851118970880,1597988851436999936,2020-08-21 13:47:31.437000,9405.0,9430.0,9250.0,9355.0,nan,9339.881,8823,824057700.0,19309,9405.0,2,9400.0,20,9410.0,53,9395.0,71,9415.0,65,9390.0,31,9420.0,8,9385.0,8,9425.0,11,9380.0,2
1597988856618265088,1597988857000000000,2020-08-21 13:47:37.000000,9405.0,9430.0,9250.0,9355.0,nan,9339.881,8823,824057700.0,19309,9405.0,2,9400.0,20,9410.0,45,9395.0,71,9415.0,65,9390.0,23,9420.0,8,9385.0,8,9425.0,11,9380.0,2
1597988857123738880,1597988857437999872,2020-08-21 13:47:37.438000,9405.0,9430.0,9250.0,9355.0,nan,9339.881,8823,824057700.0,19309,9405.0,2,9400.0,20,9410.0,53,9395.0,71,9415.0,65,9390.0,31,9420.0,8,9385.0,8,9425.0,11,9380.0,2
1597988862654256896,1597988863000000000,2020-08-21 13:47:43.000000,9405.0,9430.0,9250.0,9355.0,nan,9339.881,8823,824057700.0,19309,9405.0,2,9400.0,20,9410.0,45,9395.0,71,9415.0,65,9390.0,23,9420.0,8,9385.0,8,9425.0,11,9380.0,2
1597988863117760000,1597988863437999872,2020-08-21 13:47:43.438000,9405.0,9430.0,9250.0,9355.0,nan,9339.881,8823,824057700.0,19309,9405.0,2,9400.0,20,9410.0,53,9395.0,71,9415.0,65,9390.0,31,9420.0,8,9385.0,8,9425.0,11,9380.0,2
1597988868619657984,1597988869000000000,2020-08-21 13:47:49.000000,9405.0,9430.0,9250.0,9355.0,nan,9339.881,8823,824057700.0,19309,9405.0,6,9400.0,20,9410.0,45,9395.0,71,9415.0,65,9390.0,23,9420.0,8,9385.0,8,9425.0,11,9380.0,2
1597988869124660992,1597988869434000128,2020-08-21 13:47:49.434000,9405.0,9430.0,9250.0,9355.0,nan,9339.881,8823,824057700.0,19309,9405.0,6,9400.0,16,9410.0,53,9395.0,71,9415.0,65,9390.0,31,9420.0,8,9385.0,8,9425.0,11,9380.0,2
1597988869617189888,1597988870000000000,2020-08-21 13:47:50.000000,9405.0,9430.0,9250.0,9355.0,nan,9339.881,8823,824057700.0,19309,9405.0,6,9400.0,15,9410.0,53,9395.0,71,9415.0,65,9390.0,31,9420.0,8,9385.0,8,9425.0,11,9380.0,2
1597988874670220032,1597988875000000000,2020-08-21 13:47:55.000000,9405.0,9430.0,9250.0,9355.0,nan,9339.881,8823,824057700.0,19309,9405.0,6,9400.0,15,9410.0,45,9395.0,71,9415.0,65,9390.0,23,9420.0,8,9385.0,8,9425.0,11,9380.0,2
1597988875127458048,1597988875430000128,2020-08-21 13:47:55.430000,9405.0,9430.0,9250.0,9355.0,nan,9339.881,8823,824057700.0,19309,9405.0,6,9400.0,15,9410.0,53,9395.0,71,9415.0,65,9390.0,31,9420.0,8,9385.0,8,9425.0,11,9380.0,2
1597988880607645952,1597988881000000000,2020-08-21 13:48:01.000000,9405.0,9430.0,9250.0,9355.0,nan,9339.881,8823,824057700.0,19309,9405.0,6,9400.0,15,9410.0,45,9395.0,71,9415.0,65,9390.0,23,9420.0,8,9385.0,8,9425.0,11,9380.0,2
1597988881125263104,1597988881436999936,2020-08-21 13:48:01.437000,9405.0,9430.0,9250.0,9355.0,nan,9339.881,8823,824057700.0,19309,9405.0,6,9400.0,15,9410.0,53,9395.0,71,9415.0,65,9390.0,31,9420.0,8,9385.0,8,9425.0,11,9380.0,2
