local_nano_time,quote_nano_time,datetime,last_price,highest,lowest,open,close,average,volume,amount,open_interest,ask_price1,ask_volume1,bid_price1,bid_volume1,ask_price2,ask_volume2,bid_price2,bid_volume2,ask_price3,ask_volume3,bid_price3,bid_volume3,ask_price4,ask_volume4,bid_price4,bid_volume4,ask_price5,ask_volume5,bid_price5,bid_volume5
1597988230147880960,1597988230000000000,2020-08-21 13:37:10.000000,4608.0,4610.0,4540.0,4540.0,nan,4570.991241,87448,3997240420.0,122894,4610.0,810,4608.0,93,4612.0,408,4606.0,240,4614.0,20,4604.0,335,4616.0,115,4602.0,229,4618.0,977,4600.0,283
1597988230611610112,1597988230500000000,2020-08-21 13:37:10.500000,4608.0,4610.0,4540.0,4540.0,nan,4570.991241,87448,3997240420.0,122894,4610.0,811,4608.0,94,4612.0,408,4606.0,241,4614.0,20,4604.0,335,4616.0,115,4602.0,229,4618.0,977,4600.0,283
1597988231151471104,1597988231000000000,2020-08-21 13:37:11.000000,4608.0,4610.0,4540.0,4540.0,nan,4571.002241,87474,3998438500.0,122896,4610.0,812,4608.0,66,4612.0,408,4606.0,241,4614.0,20,4604.0,335,4616.0,115,4602.0,229,4618.0,977,4600.0,284
1597988231622178048,1597988231500000000,2020-08-21 13:37:11.500000,4610.0,4610.0,4540.0,4540.0,nan,4571.007967,87487,3999037740.0,122905,4610.0,801,4608.0,56,4612.0,408,4606.0,242,4614.0,20,4604.0,335,4616.0,115,4602.0,229,4618.0,977,4600.0,284
1597988232136890112,1597988232000000000,2020-08-21 13:37:12.000000,4610.0,4610.0,4540.0,4540.0,nan,4571.007967,87487,3999037740.0,122905,4610.0,803,4608.0,56,4612.0,408,4606.0,242,4614.0,20,4604.0,335,4616.0,115,4602.0,229,4618.0,977,4600.0,284
1597988232621485056,1597988232500000000,2020-08-21 13:37:12.500000,4610.0,4610.0,4540.0,4540.0,nan,4571.008858,87489,3999129940.0,122907,4610.0,812,4608.0,58,4612.0,408,4606.0,242,4614.0,20,4604.0,335,4616.0,115,4602.0,229,4618.0,977,4600.0,284
1597988233115987968,1597988233000000000,2020-08-21 13:37:13.000000,4608.0,4610.0,4540.0,4540.0,nan,4571.009281,87490,3999176020.0,122906,4610.0,813,4608.0,62,4612.0,407,4606.0,242,4614.0,21,4604.0,335,4616.0,115,4602.0,229,4618.0,977,4600.0,278
1597988233628883968,1597988233500000000,2020-08-21 13:37:13.500000,4608.0,4610.0,4540.0,4540.0,nan,4571.009704,87491,3999222100.0,122905,4610.0,812,4608.0,64,4612.0,407,4606.0,235,4614.0,21,4604.0,335,4616.0,115,4602.0,229,4618.0,977,4600.0,278
1597988234130078976,1597988234000000000,2020-08-21 13:37:14.000000,4608.0,4610.0,4540.0,4540.0,nan,4571.009704,87491,3999222100.0,122905,4610.0,814,4608.0,72,4612.0,407,4606.0,230,4614.0,21,4604.0,335,4616.0,115,4602.0,228,4618.0,977,4600.0,278
1597988234617615872,1597988234500000000,2020-08-21 13:37:14.500000,4608.0,4610.0,4540.0,4540.0,nan,4571.020693,87517,4000420180.0,122918,4610.0,797,4608.0,79,4612.0,407,4606.0,230,4614.0,21,4604.0,315,4616.0,115,4602.0,228,4618.0,958,4600.0,259
1597988235130226944,1597988235000000000,2020-08-21 13:37:15.000000,4608.0,4610.0,4540.0,4540.0,nan,4571.021538,87519,4000512340.0,122918,4610.0,796,4608.0,75,4612.0,386,4606.0,230,4614.0,21,4604.0,296,4616.0,115,4602.0,228,4618.0,958,4600.0,259
1597988235623008000,1597988235500000000,2020-08-21 13:37:15.500000,4608.0,4610.0,4540.0,4540.0,nan,4571.021961,87520,4000558420.0,122918,4610.0,797,4608.0,75,4612.0,386,4606.0,230,4614.0,21,4604.0,296,4616.0,115,4602.0,228,4618.0,977,4600.0,278
1597988236114941952,1597988236000000000,2020-08-21 13:37:16.000000,4610.0,4610.0,4540.0,4540.0,nan,4571.022406,87521,4000604520.0,122918,4610.0,798,4608.0,77,4612.0,406,4606.0,230,4614.0,21,4604.0,315,4616.0,115,4602.0,228,4618.0,977,4600.0,278
1597988236612976128,1597988236500000000,2020-08-21 13:37:16.500000,4610.0,4610.0,4540.0,4540.0,nan,4571.022406,87521,4000604520.0,122918,4610.0,796,4608.0,79,4612.0,406,4606.0,225,4614.0,21,4604.0,315,4616.0,114,4602.0,241,4618.0,978,4600.0,278
1597988237135439104,1597988237000000000,2020-08-21 13:37:17.000000,4608.0,4610.0,4540.0,4540.0,nan,4571.024941,87527,4000881000.0,122924,4610.0,818,4608.0,82,4612.0,406,4606.0,223,4614.0,21,4604.0,335,4616.0,114,4602.0,255,4618.0,978,4600.0,278
1597988237622300928,1597988237500000000,2020-08-21 13:37:17.500000,4610.0,4610.0,4540.0,4540.0,nan,4571.027076,87532,4001111420.0,122925,4610.0,815,4608.0,77,4612.0,406,4606.0,223,4614.0,21,4604.0,335,4616.0,114,4602.0,255,4618.0,978,4600.0,278
1597988238139919872,1597988238000000000,2020-08-21 13:37:18.000000,4608.0,4610.0,4540.0,4540.0,nan,4571.030032,87539,4001433980.0,122924,4610.0,811,4608.0,70,4612.0,405,4606.0,223,4614.0,22,4604.0,335,4616.0,114,4602.0,255,4618.0,978,4600.0,278
1597988239114216960,1597988239000000000,2020-08-21 13:37:19.000000,4610.0,4610.0,4540.0,4540.0,nan,4571.030923,87541,4001526180.0,122926,4610.0,825,4608.0,77,4612.0,405,4606.0,223,4614.0,22,4604.0,335,4616.0,114,4602.0,255,4618.0,978,4600.0,278
1597988239620570880,1597988239500000000,2020-08-21 13:37:19.500000,4608.0,4610.0,4540.0,4540.0,nan,4571.037256,87556,4002217380.0,122933,4610.0,824,4608.0,61,4612.0,405,4606.0,223,4614.0,22,4604.0,335,4616.0,114,4602.0,255,4618.0,978,4600.0,278
1597988240152032000,1597988240000000000,2020-08-21 13:37:20.000000,4608.0,4610.0,4540.0,4540.0,nan,4571.04401,87572,4002954660.0,122929,4610.0,804,4608.0,67,4612.0,385,4606.0,223,4614.0,42,4604.0,315,4616.0,134,4602.0,255,4618.0,978,4600.0,278
1597988240616755968,1597988240500000000,2020-08-21 13:37:20.500000,4608.0,4610.0,4540.0,4540.0,nan,4571.04401,87572,4002954660.0,122929,4610.0,826,4608.0,69,4612.0,385,4606.0,223,4614.0,42,4604.0,335,4616.0,134,4602.0,255,4618.0,978,4600.0,278
1597988241147769088,1597988241000000000,2020-08-21 13:37:21.000000,4608.0,4610.0,4540.0,4540.0,nan,4571.077011,87650,4006549000.0,122971,4608.0,36,4606.0,223,4610.0,797,4604.0,315,4612.0,385,4602.0,255,4614.0,42,4600.0,259,4616.0,134,4598.0,78
1597988241626874880,1597988241500000000,2020-08-21 13:37:21.500000,4608.0,4610.0,4540.0,4540.0,nan,4571.077853,87652,4006641160.0,122973,4608.0,77,4606.0,243,4610.0,817,4604.0,256,4612.0,344,4602.0,255,4614.0,22,4600.0,259,4616.0,134,4598.0,78
1597988242124740096,1597988242000000000,2020-08-21 13:37:22.000000,4608.0,4610.0,4540.0,4540.0,nan,4571.078275,87653,4006687240.0,122974,4608.0,82,4606.0,248,4610.0,838,4604.0,258,4612.0,344,4602.0,275,4614.0,22,4600.0,260,4616.0,153,4598.0,97
1597988242643493888,1597988242500000000,2020-08-21 13:37:22.500000,4608.0,4610.0,4540.0,4540.0,nan,4571.078275,87653,4006687240.0,122974,4608.0,81,4606.0,251,4610.0,838,4604.0,256,4612.0,344,4602.0,275,4614.0,22,4600.0,260,4616.0,153,4598.0,97
1597988243118308096,1597988243000000000,2020-08-21 13:37:23.000000,4608.0,4610.0,4540.0,4540.0,nan,4571.078275,87653,4006687240.0,122974,4608.0,82,4606.0,251,4610.0,838,4604.0,276,4612.0,363,4602.0,275,4614.0,22,4600.0,260,4616.0,153,4598.0,97
1597988243627611904,1597988243500000000,2020-08-21 13:37:23.500000,4608.0,4610.0,4540.0,4540.0,nan,4571.082486,87663,4007148040.0,122984,4608.0,75,4606.0,255,4610.0,858,4604.0,297,4612.0,365,4602.0,275,4614.0,23,4600.0,260,4616.0,153,4598.0,97
1597988244116510976,1597988244000000000,2020-08-21 13:37:24.000000,4608.0,4610.0,4540.0,4540.0,nan,4571.082907,87664,4007194120.0,122985,4608.0,74,4606.0,255,4610.0,858,4604.0,297,4612.0,365,4602.0,275,4614.0,23,4600.0,261,4616.0,153,4598.0,97
1597988244624666880,1597988244500000000,2020-08-21 13:37:24.500000,4608.0,4610.0,4540.0,4540.0,nan,4571.083329,87665,4007240200.0,122986,4608.0,73,4606.0,255,4610.0,858,4604.0,297,4612.0,365,4602.0,275,4614.0,23,4600.0,262,4616.0,153,4598.0,97
1597988245121071104,1597988245000000000,2020-08-21 13:37:25.000000,4608.0,4610.0,4540.0,4540.0,nan,4571.109449,87730,4010234320.0,122977,4608.0,62,4606.0,201,4610.0,858,4604.0,297,4612.0,365,4602.0,275,4614.0,23,4600.0,262,4616.0,153,4598.0,97
1597988245623297024,1597988245500000000,2020-08-21 13:37:25.500000,4608.0,4610.0,4540.0,4540.0,nan,4571.113654,87740,4010695120.0,122978,4608.0,48,4606.0,197,4610.0,859,4604.0,298,4612.0,365,4602.0,275,4614.0,23,4600.0,262,4616.0,153,4598.0,97
1597988246153220096,1597988246000000000,2020-08-21 13:37:26.000000,4608.0,4610.0,4540.0,4540.0,nan,4571.113654,87740,4010695120.0,122978,4608.0,53,4606.0,197,4610.0,859,4604.0,298,4612.0,365,4602.0,275,4614.0,23,4600.0,262,4616.0,153,4598.0,97
1597988246635283968,1597988246500000000,2020-08-21 13:37:26.500000,4606.0,4610.0,4540.0,4540.0,nan,4571.115244,87744,4010879360.0,122976,4608.0,63,4606.0,196,4610.0,858,4604.0,296,4612.0,365,4602.0,275,4614.0,23,4600.0,262,4616.0,153,4598.0,97
1597988247131044096,1597988247000000000,2020-08-21 13:37:27.000000,4608.0,4610.0,4540.0,4540.0,nan,4571.115665,87745,4010925440.0,122977,4608.0,99,4606.0,206,4610.0,858,4604.0,296,4612.0,362,4602.0,275,4614.0,23,4600.0,262,4616.0,153,4598.0,97
1597988247607025920,1597988247500000000,2020-08-21 13:37:27.500000,4608.0,4610.0,4540.0,4540.0,nan,4571.115665,87745,4010925440.0,122977,4608.0,110,4606.0,211,4610.0,858,4604.0,297,4612.0,362,4602.0,275,4614.0,23,4600.0,262,4616.0,153,4598.0,97
1597988248140261120,1597988248000000000,2020-08-21 13:37:28.000000,4608.0,4610.0,4540.0,4540.0,nan,4571.135411,87792,4013091200.0,123009,4608.0,64,4606.0,205,4610.0,838,4604.0,257,4612.0,342,4602.0,275,4614.0,23,4600.0,262,4616.0,134,4598.0,78
1597988248627648000,1597988248500000000,2020-08-21 13:37:28.500000,4608.0,4610.0,4540.0,4540.0,nan,4571.139473,87802,4013551880.0,123013,4608.0,62,4606.0,179,4610.0,838,4604.0,257,4612.0,323,4602.0,275,4614.0,23,4600.0,262,4616.0,134,4598.0,78
1597988249132376064,1597988249000000000,2020-08-21 13:37:29.000000,4606.0,4610.0,4540.0,4540.0,nan,4571.13987,87803,4013597940.0,123012,4608.0,67,4606.0,185,4610.0,838,4604.0,276,4612.0,343,4602.0,275,4614.0,23,4600.0,262,4616.0,153,4598.0,97
1597988249609351936,1597988249500000000,2020-08-21 13:37:29.500000,4606.0,4610.0,4540.0,4540.0,nan,4571.13987,87803,4013597940.0,123012,4608.0,75,4606.0,185,4610.0,888,4604.0,276,4612.0,343,4602.0,281,4614.0,23,4600.0,262,4616.0,153,4598.0,97
1597988250151106048,1597988250000000000,2020-08-21 13:37:30.000000,4608.0,4610.0,4540.0,4540.0,nan,4571.140687,87805,4013690080.0,123011,4608.0,76,4606.0,184,4610.0,888,4604.0,296,4612.0,362,4602.0,281,4614.0,23,4600.0,262,4616.0,153,4598.0,97
1597988250620753920,1597988250500000000,2020-08-21 13:37:30.500000,4608.0,4610.0,4540.0,4540.0,nan,4571.144884,87815,4014150880.0,123018,4608.0,70,4606.0,185,4610.0,908,4604.0,297,4612.0,362,4602.0,301,4614.0,23,4600.0,262,4616.0,153,4598.0,97
1597988251119616000,1597988251000000000,2020-08-21 13:37:31.000000,4606.0,4610.0,4540.0,4540.0,nan,4571.145281,87816,4014196940.0,123017,4608.0,73,4606.0,186,4610.0,908,4604.0,297,4612.0,362,4602.0,301,4614.0,23,4600.0,262,4616.0,153,4598.0,107
1597988251634473984,1597988251500000000,2020-08-21 13:37:31.500000,4606.0,4610.0,4540.0,4540.0,nan,4571.145281,87816,4014196940.0,123017,4608.0,72,4606.0,185,4610.0,910,4604.0,297,4612.0,362,4602.0,301,4614.0,23,4600.0,262,4616.0,153,4598.0,107
1597988252145824000,1597988252000000000,2020-08-21 13:37:32.000000,4606.0,4610.0,4540.0,4540.0,nan,4571.146098,87818,4014289080.0,123016,4608.0,83,4606.0,187,4610.0,910,4604.0,297,4612.0,362,4602.0,301,4614.0,23,4600.0,262,4616.0,153,4598.0,107
1597988252631689984,1597988252500000000,2020-08-21 13:37:32.500000,4608.0,4610.0,4540.0,4540.0,nan,4571.146517,87819,4014335160.0,123015,4608.0,84,4606.0,187,4610.0,910,4604.0,297,4612.0,362,4602.0,301,4614.0,23,4600.0,262,4616.0,153,4598.0,107
1597988253160353024,1597988253000000000,2020-08-21 13:37:33.000000,4608.0,4610.0,4540.0,4540.0,nan,4571.146517,87819,4014335160.0,123015,4608.0,87,4606.0,185,4610.0,910,4604.0,297,4612.0,362,4602.0,301,4614.0,23,4600.0,262,4616.0,153,4598.0,107
1597988253623022080,1597988253500000000,2020-08-21 13:37:33.500000,4608.0,4610.0,4540.0,4540.0,nan,4571.146517,87819,4014335160.0,123015,4608.0,105,4606.0,146,4610.0,950,4604.0,335,4612.0,323,4602.0,301,4614.0,23,4600.0,261,4616.0,153,4598.0,108
1597988254119866112,1597988254000000000,2020-08-21 13:37:34.000000,4608.0,4610.0,4540.0,4540.0,nan,4571.147357,87821,4014427320.0,123015,4608.0,103,4606.0,146,4610.0,970,4604.0,335,4612.0,303,4602.0,301,4614.0,23,4600.0,261,4616.0,153,4598.0,108
1597988254617768960,1597988254500000000,2020-08-21 13:37:34.500000,4606.0,4610.0,4540.0,4540.0,nan,4571.148173,87823,4014519460.0,123014,4608.0,105,4606.0,145,4610.0,971,4604.0,335,4612.0,301,4602.0,301,4614.0,23,4600.0,261,4616.0,153,4598.0,108
1597988255108113920,1597988255000000000,2020-08-21 13:37:35.000000,4606.0,4610.0,4540.0,4540.0,nan,4571.148173,87823,4014519460.0,123014,4608.0,105,4606.0,144,4610.0,971,4604.0,335,4612.0,301,4602.0,301,4614.0,23,4600.0,261,4616.0,153,4598.0,108
1597988255613465088,1597988255500000000,2020-08-21 13:37:35.500000,4606.0,4610.0,4540.0,4540.0,nan,4571.15298,87835,4015072220.0,123015,4608.0,116,4606.0,136,4610.0,971,4604.0,335,4612.0,301,4602.0,301,4614.0,23,4600.0,261,4616.0,153,4598.0,108
1597988256639941888,1597988256500000000,2020-08-21 13:37:36.500000,4606.0,4610.0,4540.0,4540.0,nan,4571.157457,87846,4015578980.0,123021,4608.0,113,4606.0,130,4610.0,971,4604.0,335,4612.0,301,4602.0,302,4614.0,24,4600.0,261,4616.0,153,4598.0,109
1597988257131265024,1597988257000000000,2020-08-21 13:37:37.000000,4608.0,4610.0,4540.0,4540.0,nan,4571.159974,87852,4015855460.0,123021,4608.0,113,4606.0,135,4610.0,971,4604.0,335,4612.0,301,4602.0,302,4614.0,24,4600.0,261,4616.0,155,4598.0,109
1597988257612655104,1597988257500000000,2020-08-21 13:37:37.500000,4608.0,4610.0,4540.0,4540.0,nan,4571.159974,87852,4015855460.0,123021,4608.0,112,4606.0,133,4610.0,971,4604.0,335,4612.0,301,4602.0,302,4614.0,24,4600.0,261,4616.0,155,4598.0,109
1597988258111118080,1597988258000000000,2020-08-21 13:37:38.000000,4606.0,4610.0,4540.0,4540.0,nan,4571.16037,87853,4015901520.0,123021,4608.0,114,4606.0,134,4610.0,971,4604.0,335,4612.0,301,4602.0,302,4614.0,24,4600.0,261,4616.0,155,4598.0,109
1597988258602755072,1597988258500000000,2020-08-21 13:37:38.500000,4608.0,4610.0,4540.0,4540.0,nan,4571.162467,87858,4016131920.0,123021,4608.0,110,4606.0,132,4610.0,971,4604.0,335,4612.0,301,4602.0,302,4614.0,24,4600.0,261,4616.0,155,4598.0,109
1597988259135718912,1597988259000000000,2020-08-21 13:37:39.000000,4606.0,4610.0,4540.0,4540.0,nan,4571.170395,87878,4017053120.0,123019,4608.0,111,4606.0,129,4610.0,1009,4604.0,335,4612.0,301,4602.0,302,4614.0,24,4600.0,261,4616.0,155,4598.0,109
1597988259620310016,1597988259500000000,2020-08-21 13:37:39.500000,4606.0,4610.0,4540.0,4540.0,nan,4571.170395,87878,4017053120.0,123019,4608.0,117,4606.0,130,4610.0,1009,4604.0,335,4612.0,301,4602.0,302,4614.0,24,4600.0,261,4616.0,155,4598.0,109
1597988260118774016,1597988260000000000,2020-08-21 13:37:40.000000,4608.0,4610.0,4540.0,4540.0,nan,4571.171653,87881,4017191360.0,123019,4608.0,114,4606.0,130,4610.0,1009,4604.0,335,4612.0,301,4602.0,302,4614.0,24,4600.0,261,4616.0,155,4598.0,109
1597988260621496064,1597988260500000000,2020-08-21 13:37:40.500000,4608.0,4610.0,4540.0,4540.0,nan,4571.172072,87882,4017237440.0,123019,4608.0,113,4606.0,130,4610.0,1009,4604.0,336,4612.0,301,4602.0,302,4614.0,24,4600.0,261,4616.0,155,4598.0,109
1597988261146884096,1597988261000000000,2020-08-21 13:37:41.000000,4608.0,4610.0,4540.0,4540.0,nan,4571.172491,87883,4017283520.0,123019,4608.0,117,4606.0,131,4610.0,1009,4604.0,336,4612.0,301,4602.0,302,4614.0,24,4600.0,261,4616.0,155,4598.0,109
1597988261615123968,1597988261500000000,2020-08-21 13:37:41.500000,4608.0,4610.0,4540.0,4540.0,nan,4571.17291,87884,4017329600.0,123019,4608.0,116,4606.0,131,4610.0,1009,4604.0,336,4612.0,301,4602.0,302,4614.0,24,4600.0,261,4616.0,155,4598.0,109
1597988262634242048,1597988262500000000,2020-08-21 13:37:42.500000,4608.0,4610.0,4540.0,4540.0,nan,4571.173329,87885,4017375680.0,123019,4608.0,125,4606.0,171,4610.0,969,4604.0,296,4612.0,320,4602.0,302,4614.0,44,4600.0,261,4616.0,155,4598.0,109
1597988263107854080,1597988263000000000,2020-08-21 13:37:43.000000,4608.0,4610.0,4540.0,4540.0,nan,4571.177519,87895,4017836480.0,123021,4608.0,117,4606.0,132,4610.0,1009,4604.0,315,4612.0,301,4602.0,322,4614.0,24,4600.0,261,4616.0,155,4598.0,109
1597988263616794880,1597988263500000000,2020-08-21 13:37:43.500000,4608.0,4610.0,4540.0,4540.0,nan,4571.177938,87896,4017882560.0,123021,4608.0,117,4606.0,131,4610.0,1009,4604.0,316,4612.0,301,4602.0,322,4614.0,24,4600.0,261,4616.0,155,4598.0,109
1597988264122363904,1597988264000000000,2020-08-21 13:37:44.000000,4608.0,4610.0,4540.0,4540.0,nan,4571.178775,87898,4017974720.0,123021,4608.0,114,4606.0,131,4610.0,1009,4604.0,316,4612.0,301,4602.0,322,4614.0,24,4600.0,261,4616.0,155,4598.0,109
1597988264618908928,1597988264500000000,2020-08-21 13:37:44.500000,4608.0,4610.0,4540.0,4540.0,nan,4571.178775,87898,4017974720.0,123021,4608.0,114,4606.0,131,4610.0,1007,4604.0,316,4612.0,301,4602.0,322,4614.0,24,4600.0,261,4616.0,155,4598.0,109
1597988265138379008,1597988265000000000,2020-08-21 13:37:45.000000,4608.0,4610.0,4540.0,4540.0,nan,4571.181175,87904,4018251100.0,123021,4608.0,114,4606.0,126,4610.0,1007,4604.0,316,4612.0,301,4602.0,322,4614.0,24,4600.0,261,4616.0,155,4598.0,109
1597988265613235968,1597988265500000000,2020-08-21 13:37:45.500000,4606.0,4610.0,4540.0,4540.0,nan,4571.18199,87906,4018343240.0,123021,4608.0,113,4606.0,125,4610.0,1007,4604.0,316,4612.0,301,4602.0,322,4614.0,24,4600.0,261,4616.0,155,4598.0,109
1597988266137067008,1597988266000000000,2020-08-21 13:37:46.000000,4606.0,4610.0,4540.0,4540.0,nan,4571.182782,87908,4018435360.0,123023,4608.0,113,4606.0,122,4610.0,1007,4604.0,316,4612.0,301,4602.0,322,4614.0,24,4600.0,261,4616.0,155,4598.0,109
1597988266616792064,1597988266500000000,2020-08-21 13:37:46.500000,4606.0,4610.0,4540.0,4540.0,nan,4571.182782,87908,4018435360.0,123023,4608.0,119,4606.0,124,4610.0,1007,4604.0,316,4612.0,301,4602.0,322,4614.0,24,4600.0,261,4616.0,155,4598.0,109
1597988267136741888,1597988267000000000,2020-08-21 13:37:47.000000,4608.0,4610.0,4540.0,4540.0,nan,4571.183201,87909,4018481440.0,123023,4608.0,116,4606.0,124,4610.0,1009,4604.0,316,4612.0,301,4602.0,322,4614.0,24,4600.0,261,4616.0,155,4598.0,109
1597988267614812928,1597988267500000000,2020-08-21 13:37:47.500000,4608.0,4610.0,4540.0,4540.0,nan,4571.183201,87909,4018481440.0,123023,4608.0,114,4606.0,127,4610.0,1010,4604.0,316,4612.0,301,4602.0,322,4614.0,24,4600.0,261,4616.0,155,4598.0,109
1597988268149263104,1597988268000000000,2020-08-21 13:37:48.000000,4608.0,4610.0,4540.0,4540.0,nan,4571.183201,87909,4018481440.0,123023,4608.0,120,4606.0,130,4610.0,1010,4604.0,316,4612.0,301,4602.0,322,4614.0,24,4600.0,261,4616.0,155,4598.0,109
1597988268620423936,1597988268500000000,2020-08-21 13:37:48.500000,4608.0,4610.0,4540.0,4540.0,nan,4571.183201,87909,4018481440.0,123023,4608.0,120,4606.0,131,4610.0,1011,4604.0,315,4612.0,300,4602.0,322,4614.0,24,4600.0,261,4616.0,155,4598.0,109
1597988269113368064,1597988269000000000,2020-08-21 13:37:49.000000,4606.0,4610.0,4540.0,4540.0,nan,4571.183597,87910,4018527500.0,123024,4608.0,120,4606.0,130,4610.0,1011,4604.0,315,4612.0,300,4602.0,322,4614.0,24,4600.0,261,4616.0,155,4598.0,109
1597988269626790912,1597988269500000000,2020-08-21 13:37:49.500000,4606.0,4610.0,4540.0,4540.0,nan,4571.185181,87914,4018711740.0,123024,4608.0,123,4606.0,125,4610.0,1012,4604.0,315,4612.0,300,4602.0,322,4614.0,24,4600.0,261,4616.0,155,4598.0,109
1597988270147002880,1597988270000000000,2020-08-21 13:37:50.000000,4606.0,4610.0,4540.0,4540.0,nan,4571.185181,87914,4018711740.0,123024,4608.0,124,4606.0,124,4610.0,1012,4604.0,315,4612.0,300,4602.0,322,4614.0,24,4600.0,261,4616.0,155,4598.0,109
1597988270609018880,1597988270500000000,2020-08-21 13:37:50.500000,4606.0,4610.0,4540.0,4540.0,nan,4571.185973,87916,4018803860.0,123026,4608.0,124,4606.0,122,4610.0,1012,4604.0,315,4612.0,300,4602.0,322,4614.0,24,4600.0,262,4616.0,155,4598.0,109
1597988271145086976,1597988271000000000,2020-08-21 13:37:51.000000,4606.0,4610.0,4540.0,4540.0,nan,4571.185973,87916,4018803860.0,123026,4608.0,160,4606.0,122,4610.0,1048,4604.0,275,4612.0,264,4602.0,362,4614.0,24,4600.0,262,4616.0,155,4598.0,109
1597988271603726080,1597988271500000000,2020-08-21 13:37:51.500000,4606.0,4610.0,4540.0,4540.0,nan,4571.234612,88039,4024469240.0,123048,4606.0,32,4604.0,256,4608.0,153,4602.0,342,4610.0,1007,4600.0,262,4612.0,264,4598.0,90,4614.0,24,4596.0,57
1597988272135394048,1597988272000000000,2020-08-21 13:37:52.000000,4606.0,4610.0,4540.0,4540.0,nan,4571.235007,88040,4024515300.0,123048,4606.0,46,4604.0,223,4608.0,143,4602.0,342,4610.0,986,4600.0,262,4612.0,244,4598.0,90,4614.0,24,4596.0,57
1597988272617165056,1597988272500000000,2020-08-21 13:37:52.500000,4604.0,4610.0,4540.0,4540.0,nan,4571.253999,88091,4026863360.0,123082,4606.0,83,4604.0,180,4608.0,167,4602.0,407,4610.0,1029,4600.0,262,4612.0,244,4598.0,90,4614.0,43,4596.0,76
1597988273111602944,1597988273000000000,2020-08-21 13:37:53.000000,4606.0,4610.0,4540.0,4540.0,nan,4571.255182,88094,4027001540.0,123082,4606.0,96,4604.0,144,4608.0,177,4602.0,404,4610.0,984,4600.0,262,4612.0,244,4598.0,90,4614.0,43,4596.0,76
1597988273603534080,1597988273500000000,2020-08-21 13:37:53.500000,4606.0,4610.0,4540.0,4540.0,nan,4571.255182,88094,4027001540.0,123082,4606.0,105,4604.0,123,4608.0,199,4602.0,446,4610.0,935,4600.0,262,4612.0,244,4598.0,90,4614.0,43,4596.0,76
1597988274144914944,1597988274000000000,2020-08-21 13:37:54.000000,4606.0,4610.0,4540.0,4540.0,nan,4571.26701,88124,4028383340.0,123088,4606.0,79,4604.0,128,4608.0,198,4602.0,442,4610.0,935,4600.0,262,4612.0,244,4598.0,90,4614.0,43,4596.0,76
1597988274647716096,1597988274500000000,2020-08-21 13:37:54.500000,4606.0,4610.0,4540.0,4540.0,nan,4571.26701,88124,4028383340.0,123088,4606.0,84,4604.0,160,4608.0,199,4602.0,438,4610.0,935,4600.0,262,4612.0,244,4598.0,90,4614.0,43,4596.0,76
1597988275133767936,1597988275000000000,2020-08-21 13:37:55.000000,4604.0,4610.0,4540.0,4540.0,nan,4571.268519,88128,4028567520.0,123085,4606.0,81,4604.0,158,4608.0,206,4602.0,438,4610.0,936,4600.0,262,4612.0,244,4598.0,90,4614.0,46,4596.0,76
1597988275711375872,1597988275500000000,2020-08-21 13:37:55.500000,4604.0,4610.0,4540.0,4540.0,nan,4571.274831,88145,4029350200.0,123080,4606.0,86,4604.0,189,4608.0,186,4602.0,418,4610.0,976,4600.0,262,4612.0,244,4598.0,90,4614.0,43,4596.0,76
1597988276143414016,1597988276000000000,2020-08-21 13:37:56.000000,4604.0,4610.0,4540.0,4540.0,nan,4571.275945,88148,4029488320.0,123077,4606.0,83,4604.0,146,4608.0,226,4602.0,459,4610.0,937,4600.0,262,4612.0,244,4598.0,90,4614.0,43,4596.0,76
1597988276812710912,1597988276500000000,2020-08-21 13:37:56.500000,4606.0,4610.0,4540.0,4540.0,nan,4571.278263,88154,4029764640.0,123075,4606.0,81,4604.0,144,4608.0,227,4602.0,459,4610.0,937,4600.0,262,4612.0,244,4598.0,90,4614.0,43,4596.0,76
1597988277225133056,1597988277000000000,2020-08-21 13:37:57.000000,4606.0,4610.0,4540.0,4540.0,nan,4571.279051,88156,4029856760.0,123073,4606.0,90,4604.0,150,4608.0,227,4602.0,479,4610.0,956,4600.0,262,4612.0,244,4598.0,90,4614.0,43,4596.0,76
1597988277624634112,1597988277500000000,2020-08-21 13:37:57.500000,4606.0,4610.0,4540.0,4540.0,nan,4571.281414,88162,4030133120.0,123069,4606.0,84,4604.0,146,4608.0,229,4602.0,460,4610.0,934,4600.0,262,4612.0,244,4598.0,90,4614.0,24,4596.0,57
1597988278132591104,1597988278000000000,2020-08-21 13:37:58.000000,4606.0,4610.0,4540.0,4540.0,nan,4571.281414,88162,4030133120.0,123069,4606.0,86,4604.0,186,4608.0,190,4602.0,420,4610.0,974,4600.0,262,4612.0,244,4598.0,90,4614.0,24,4596.0,57
1597988278620567040,1597988278500000000,2020-08-21 13:37:58.500000,4606.0,4610.0,4540.0,4540.0,nan,4571.281414,88162,4030133120.0,123069,4606.0,90,4604.0,193,4608.0,191,4602.0,440,4610.0,994,4600.0,262,4612.0,244,4598.0,90,4614.0,43,4596.0,76
1597988279152409088,1597988279000000000,2020-08-21 13:37:59.000000,4604.0,4610.0,4540.0,4540.0,nan,4571.281785,88163,4030179160.0,123069,4606.0,90,4604.0,192,4608.0,191,4602.0,440,4610.0,994,4600.0,262,4612.0,245,4598.0,90,4614.0,43,4596.0,76
1597988279642947072,1597988279500000000,2020-08-21 13:37:59.500000,4606.0,4610.0,4540.0,4540.0,nan,4571.291536,88188,4031330580.0,123069,4606.0,90,4604.0,146,4608.0,211,4602.0,460,4610.0,945,4600.0,282,4612.0,245,4598.0,90,4614.0,43,4596.0,76
1597988280165251072,1597988280000000000,2020-08-21 13:38:00.000000,4606.0,4610.0,4540.0,4540.0,nan,4571.291536,88188,4031330580.0,123069,4606.0,143,4604.0,146,4608.0,211,4602.0,460,4610.0,945,4600.0,282,4612.0,245,4598.0,90,4614.0,43,4596.0,76
1597988280618416896,1597988280500000000,2020-08-21 13:38:00.500000,4604.0,4610.0,4540.0,4540.0,nan,4571.293391,88193,4031560780.0,123068,4606.0,122,4604.0,143,4608.0,236,4602.0,479,4610.0,945,4600.0,262,4612.0,245,4598.0,90,4614.0,43,4596.0,76
1597988281146540032,1597988281000000000,2020-08-21 13:38:01.000000,4604.0,4610.0,4540.0,4540.0,nan,4571.305079,88223,4032942480.0,123068,4606.0,96,4604.0,137,4608.0,235,4602.0,479,4610.0,945,4600.0,262,4612.0,245,4598.0,90,4614.0,43,4596.0,76
1597988281616580096,1597988281500000000,2020-08-21 13:38:01.500000,4604.0,4610.0,4540.0,4540.0,nan,4571.30545,88224,4032988520.0,123068,4606.0,96,4604.0,136,4608.0,235,4602.0,480,4610.0,944,4600.0,262,4612.0,245,4598.0,90,4614.0,43,4596.0,76
1597988282150159104,1597988282000000000,2020-08-21 13:38:02.000000,4604.0,4610.0,4540.0,4540.0,nan,4571.306191,88226,4033080600.0,123069,4606.0,97,4604.0,134,4608.0,235,4602.0,481,4610.0,944,4600.0,262,4612.0,245,4598.0,90,4614.0,43,4596.0,76
1597988282641027072,1597988282500000000,2020-08-21 13:38:02.500000,4604.0,4610.0,4540.0,4540.0,nan,4571.306561,88227,4033126640.0,123070,4606.0,110,4604.0,138,4608.0,236,4602.0,481,4610.0,945,4600.0,262,4612.0,245,4598.0,90,4614.0,43,4596.0,76
1597988283122245120,1597988283000000000,2020-08-21 13:38:03.000000,4604.0,4610.0,4540.0,4540.0,nan,4571.306932,88228,4033172680.0,123070,4606.0,112,4604.0,135,4608.0,237,4602.0,481,4610.0,945,4600.0,262,4612.0,245,4598.0,90,4614.0,43,4596.0,76
1597988283619756032,1597988283500000000,2020-08-21 13:38:03.500000,4604.0,4610.0,4540.0,4540.0,nan,4571.307673,88230,4033264760.0,123070,4606.0,147,4604.0,133,4608.0,247,4602.0,480,4610.0,945,4600.0,262,4612.0,245,4598.0,90,4614.0,43,4596.0,76
1597988284144455936,1597988284000000000,2020-08-21 13:38:04.000000,4604.0,4610.0,4540.0,4540.0,nan,4571.308414,88232,4033356840.0,123071,4606.0,147,4604.0,132,4608.0,286,4602.0,439,4610.0,910,4600.0,302,4612.0,245,4598.0,90,4614.0,43,4596.0,76
1597988284617867008,1597988284500000000,2020-08-21 13:38:04.500000,4604.0,4610.0,4540.0,4540.0,nan,4571.309526,88235,4033494960.0,123074,4606.0,147,4604.0,129,4608.0,307,4602.0,399,4610.0,890,4600.0,342,4612.0,245,4598.0,90,4614.0,43,4596.0,76
1597988285124709888,1597988285000000000,2020-08-21 13:38:05.000000,4604.0,4610.0,4540.0,4540.0,nan,4571.311378,88240,4033725160.0,123078,4606.0,149,4604.0,125,4608.0,307,4602.0,399,4610.0,890,4600.0,342,4612.0,245,4598.0,90,4614.0,43,4596.0,76
1597988285623508992,1597988285500000000,2020-08-21 13:38:05.500000,4604.0,4610.0,4540.0,4540.0,nan,4571.321377,88267,4034968240.0,123089,4606.0,179,4604.0,84,4608.0,267,4602.0,356,4610.0,890,4600.0,362,4612.0,250,4598.0,90,4614.0,43,4596.0,76
1597988286145858048,1597988286000000000,2020-08-21 13:38:06.000000,4604.0,4610.0,4540.0,4540.0,nan,4571.353902,88355,4039019740.0,123125,4604.0,68,4602.0,335,4606.0,170,4600.0,342,4608.0,292,4598.0,90,4610.0,830,4596.0,57,4612.0,250,4594.0,131
1597988286630823936,1597988286500000000,2020-08-21 13:38:06.500000,4604.0,4610.0,4540.0,4540.0,nan,4571.355704,88360,4039249900.0,123125,4604.0,74,4602.0,345,4606.0,186,4600.0,323,4608.0,251,4598.0,90,4610.0,830,4596.0,57,4612.0,250,4594.0,131
1597988287127909888,1597988287000000000,2020-08-21 13:38:07.000000,4604.0,4610.0,4540.0,4540.0,nan,4571.355704,88360,4039249900.0,123125,4604.0,78,4602.0,337,4606.0,207,4600.0,385,4608.0,271,4598.0,90,4610.0,850,4596.0,57,4612.0,269,4594.0,150
1597988287620649984,1597988287500000000,2020-08-21 13:38:07.500000,4604.0,4610.0,4540.0,4540.0,nan,4571.356073,88361,4039295940.0,123126,4604.0,84,4602.0,321,4606.0,206,4600.0,383,4608.0,271,4598.0,90,4610.0,830,4596.0,57,4612.0,269,4594.0,150
1597988288148119040,1597988288000000000,2020-08-21 13:38:08.000000,4602.0,4610.0,4540.0,4540.0,nan,4571.35642,88362,4039341960.0,123125,4604.0,85,4602.0,336,4606.0,206,4600.0,423,4608.0,309,4598.0,90,4610.0,830,4596.0,57,4612.0,269,4594.0,150
1597988288606913024,1597988288500000000,2020-08-21 13:38:08.500000,4602.0,4610.0,4540.0,4540.0,nan,4571.356767,88363,4039387980.0,123124,4604.0,87,4602.0,358,4606.0,206,4600.0,424,4608.0,329,4598.0,90,4610.0,829,4596.0,57,4612.0,269,4594.0,150
1597988289129554944,1597988289000000000,2020-08-21 13:38:09.000000,4602.0,4610.0,4540.0,4540.0,nan,4571.358177,88367,4039572080.0,123125,4604.0,88,4602.0,358,4606.0,207,4600.0,424,4608.0,329,4598.0,90,4610.0,826,4596.0,57,4612.0,269,4594.0,150
1597988289633989888,1597988289500000000,2020-08-21 13:38:09.500000,4604.0,4610.0,4540.0,4540.0,nan,4571.358546,88368,4039618120.0,123125,4604.0,91,4602.0,378,4606.0,196,4600.0,424,4608.0,328,4598.0,90,4610.0,825,4596.0,57,4612.0,269,4594.0,150
1597988290116974080,1597988290000000000,2020-08-21 13:38:10.000000,4602.0,4610.0,4540.0,4540.0,nan,4571.358893,88369,4039664140.0,123125,4604.0,102,4602.0,377,4606.0,195,4600.0,424,4608.0,328,4598.0,90,4610.0,824,4596.0,57,4612.0,269,4594.0,150
1597988290614643968,1597988290500000000,2020-08-21 13:38:10.500000,4602.0,4610.0,4540.0,4540.0,nan,4571.35924,88370,4039710160.0,123125,4604.0,103,4602.0,376,4606.0,230,4600.0,424,4608.0,326,4598.0,90,4610.0,824,4596.0,57,4612.0,269,4594.0,150
1597988291120846080,1597988291000000000,2020-08-21 13:38:11.000000,4602.0,4610.0,4540.0,4540.0,nan,4571.366173,88390,4040630560.0,123116,4604.0,105,4602.0,357,4606.0,230,4600.0,424,4608.0,326,4598.0,90,4610.0,824,4596.0,57,4612.0,269,4594.0,150
1597988291622450944,1597988291500000000,2020-08-21 13:38:11.500000,4602.0,4610.0,4540.0,4540.0,nan,4571.366173,88390,4040630560.0,123116,4604.0,103,4602.0,356,4606.0,230,4600.0,425,4608.0,326,4598.0,90,4610.0,824,4596.0,57,4612.0,269,4594.0,150
1597988292156576000,1597988292000000000,2020-08-21 13:38:12.000000,4604.0,4610.0,4540.0,4540.0,nan,4571.366542,88391,4040676600.0,123117,4604.0,104,4602.0,358,4606.0,230,4600.0,425,4608.0,326,4598.0,90,4610.0,824,4596.0,57,4612.0,269,4594.0,150
1597988292612787968,1597988292500000000,2020-08-21 13:38:12.500000,4604.0,4610.0,4540.0,4540.0,nan,4571.368388,88396,4040906800.0,123122,4604.0,98,4602.0,359,4606.0,230,4600.0,425,4608.0,326,4598.0,90,4610.0,824,4596.0,57,4612.0,268,4594.0,150
1597988293124861952,1597988293000000000,2020-08-21 13:38:13.000000,4602.0,4610.0,4540.0,4540.0,nan,4571.371853,88406,4041367000.0,123122,4604.0,99,4602.0,350,4606.0,230,4600.0,425,4608.0,326,4598.0,90,4610.0,824,4596.0,57,4612.0,268,4594.0,150
1597988293602663936,1597988293500000000,2020-08-21 13:38:13.500000,4602.0,4610.0,4540.0,4540.0,nan,4571.375498,88416,4041827360.0,123129,4604.0,90,4602.0,348,4606.0,232,4600.0,425,4608.0,326,4598.0,90,4610.0,824,4596.0,57,4612.0,268,4594.0,150
1597988294144619008,1597988294000000000,2020-08-21 13:38:14.000000,4602.0,4610.0,4540.0,4540.0,nan,4571.376951,88420,4042011500.0,123128,4604.0,88,4602.0,329,4606.0,242,4600.0,445,4608.0,326,4598.0,90,4610.0,824,4596.0,57,4612.0,268,4594.0,150
1597988294623249920,1597988294500000000,2020-08-21 13:38:14.500000,4602.0,4610.0,4540.0,4540.0,nan,4571.376951,88420,4042011500.0,123128,4604.0,88,4602.0,329,4606.0,242,4600.0,445,4608.0,326,4598.0,90,4610.0,819,4596.0,57,4612.0,267,4594.0,150
1597988295160986112,1597988295000000000,2020-08-21 13:38:15.000000,4602.0,4610.0,4540.0,4540.0,nan,4571.376951,88420,4042011500.0,123128,4604.0,90,4602.0,329,4606.0,242,4600.0,445,4608.0,326,4598.0,90,4610.0,819,4596.0,57,4612.0,267,4594.0,150
1597988295618537984,1597988295500000000,2020-08-21 13:38:15.500000,4602.0,4610.0,4540.0,4540.0,nan,4571.378682,88425,4042241600.0,123123,4604.0,91,4602.0,324,4606.0,242,4600.0,445,4608.0,326,4598.0,90,4610.0,819,4596.0,57,4612.0,267,4594.0,150
1597988296115621888,1597988296000000000,2020-08-21 13:38:16.000000,4602.0,4610.0,4540.0,4540.0,nan,4571.407766,88509,4046107300.0,123100,4604.0,91,4602.0,240,4606.0,241,4600.0,444,4608.0,326,4598.0,90,4610.0,819,4596.0,57,4612.0,267,4594.0,150
1597988296647444992,1597988296500000000,2020-08-21 13:38:16.500000,4602.0,4610.0,4540.0,4540.0,nan,4571.408112,88510,4046153320.0,123100,4604.0,118,4602.0,231,4606.0,241,4600.0,426,4608.0,302,4598.0,90,4610.0,819,4596.0,57,4612.0,267,4594.0,150
1597988297154086912,1597988297000000000,2020-08-21 13:38:17.000000,4602.0,4610.0,4540.0,4540.0,nan,4571.408112,88510,4046153320.0,123100,4604.0,136,4602.0,236,4606.0,241,4600.0,446,4608.0,322,4598.0,90,4610.0,819,4596.0,57,4612.0,267,4594.0,150
1597988297626206976,1597988297500000000,2020-08-21 13:38:17.500000,4604.0,4610.0,4540.0,4540.0,nan,4571.410689,88517,4046475600.0,123100,4604.0,130,4602.0,238,4606.0,238,4600.0,443,4608.0,333,4598.0,90,4610.0,819,4596.0,57,4612.0,267,4594.0,150
1597988298136657920,1597988298000000000,2020-08-21 13:38:18.000000,4604.0,4610.0,4540.0,4540.0,nan,4571.410689,88517,4046475600.0,123100,4604.0,132,4602.0,238,4606.0,238,4600.0,443,4608.0,333,4598.0,90,4610.0,821,4596.0,59,4612.0,267,4594.0,150
1597988298625807872,1597988298500000000,2020-08-21 13:38:18.500000,4602.0,4610.0,4540.0,4540.0,nan,4571.411035,88518,4046521620.0,123100,4604.0,134,4602.0,244,4606.0,238,4600.0,443,4608.0,333,4598.0,90,4610.0,821,4596.0,59,4612.0,267,4594.0,150
1597988299133989888,1597988299000000000,2020-08-21 13:38:19.000000,4602.0,4610.0,4540.0,4540.0,nan,4571.411035,88518,4046521620.0,123100,4604.0,133,4602.0,254,4606.0,238,4600.0,444,4608.0,332,4598.0,90,4610.0,821,4596.0,59,4612.0,267,4594.0,150
1597988299624678912,1597988299500000000,2020-08-21 13:38:19.500000,4602.0,4610.0,4540.0,4540.0,nan,4571.411035,88518,4046521620.0,123100,4604.0,135,4602.0,255,4606.0,238,4600.0,444,4608.0,332,4598.0,91,4610.0,821,4596.0,63,4612.0,267,4594.0,150
1597988300149966080,1597988300000000000,2020-08-21 13:38:20.000000,4602.0,4610.0,4540.0,4540.0,nan,4571.411035,88518,4046521620.0,123100,4604.0,141,4602.0,255,4606.0,238,4600.0,444,4608.0,332,4598.0,91,4610.0,820,4596.0,63,4612.0,267,4594.0,150
1597988300620096000,1597988300500000000,2020-08-21 13:38:20.500000,4602.0,4610.0,4540.0,4540.0,nan,4571.411035,88518,4046521620.0,123100,4604.0,141,4602.0,256,4606.0,238,4600.0,444,4608.0,332,4598.0,91,4610.0,820,4596.0,63,4612.0,267,4594.0,150
1597988301464626944,1597988301000000000,2020-08-21 13:38:21.000000,4602.0,4610.0,4540.0,4540.0,nan,4571.411381,88519,4046567640.0,123100,4604.0,140,4602.0,255,4606.0,238,4600.0,444,4608.0,333,4598.0,91,4610.0,820,4596.0,63,4612.0,267,4594.0,150
1597988301840747008,1597988301500000000,2020-08-21 13:38:21.500000,4602.0,4610.0,4540.0,4540.0,nan,4571.411726,88520,4046613660.0,123100,4604.0,144,4602.0,255,4606.0,239,4600.0,446,4608.0,329,4598.0,91,4610.0,820,4596.0,64,4612.0,267,4594.0,150
1597988302142575104,1597988302000000000,2020-08-21 13:38:22.000000,4602.0,4610.0,4540.0,4540.0,nan,4571.412072,88521,4046659680.0,123100,4604.0,145,4602.0,254,4606.0,239,4600.0,446,4608.0,329,4598.0,91,4610.0,820,4596.0,64,4612.0,267,4594.0,150
1597988302627768064,1597988302500000000,2020-08-21 13:38:22.500000,4602.0,4610.0,4540.0,4540.0,nan,4571.413108,88524,4046797740.0,123102,4604.0,145,4602.0,251,4606.0,239,4600.0,446,4608.0,329,4598.0,91,4610.0,820,4596.0,64,4612.0,267,4594.0,150
1597988303121336064,1597988303000000000,2020-08-21 13:38:23.000000,4602.0,4610.0,4540.0,4540.0,nan,4571.413454,88525,4046843760.0,123102,4604.0,145,4602.0,250,4606.0,229,4600.0,446,4608.0,339,4598.0,91,4610.0,820,4596.0,64,4612.0,267,4594.0,150
1597988303618520064,1597988303500000000,2020-08-21 13:38:23.500000,4602.0,4610.0,4540.0,4540.0,nan,4571.414145,88527,4046935800.0,123102,4604.0,157,4602.0,248,4606.0,229,4600.0,446,4608.0,339,4598.0,91,4610.0,820,4596.0,64,4612.0,267,4594.0,150
1597988304159685888,1597988304000000000,2020-08-21 13:38:24.000000,4602.0,4610.0,4540.0,4540.0,nan,4571.414145,88527,4046935800.0,123102,4604.0,177,4602.0,248,4606.0,229,4600.0,446,4608.0,339,4598.0,91,4610.0,814,4596.0,64,4612.0,267,4594.0,150
1597988304623927040,1597988304500000000,2020-08-21 13:38:24.500000,4602.0,4610.0,4540.0,4540.0,nan,4571.414145,88527,4046935800.0,123102,4604.0,177,4602.0,249,4606.0,230,4600.0,446,4608.0,338,4598.0,91,4610.0,813,4596.0,64,4612.0,267,4594.0,150
1597988305112901888,1597988305000000000,2020-08-21 13:38:25.000000,4602.0,4610.0,4540.0,4540.0,nan,4571.41449,88528,4046981820.0,123102,4604.0,178,4602.0,248,4606.0,230,4600.0,446,4608.0,338,4598.0,91,4610.0,813,4596.0,64,4612.0,267,4594.0,150
1597988305635517952,1597988305500000000,2020-08-21 13:38:25.500000,4602.0,4610.0,4540.0,4540.0,nan,4571.414836,88529,4047027840.0,123102,4604.0,183,4602.0,247,4606.0,230,4600.0,446,4608.0,339,4598.0,91,4610.0,813,4596.0,64,4612.0,267,4594.0,150
1597988306147659008,1597988306000000000,2020-08-21 13:38:26.000000,4602.0,4610.0,4540.0,4540.0,nan,4571.414836,88529,4047027840.0,123102,4604.0,183,4602.0,247,4606.0,231,4600.0,446,4608.0,339,4598.0,91,4610.0,813,4596.0,64,4612.0,267,4594.0,150
1597988306615311104,1597988306500000000,2020-08-21 13:38:26.500000,4602.0,4610.0,4540.0,4540.0,nan,4571.414836,88529,4047027840.0,123102,4604.0,183,4602.0,249,4606.0,231,4600.0,446,4608.0,329,4598.0,91,4610.0,813,4596.0,64,4612.0,267,4594.0,150
1597988307112240128,1597988307000000000,2020-08-21 13:38:27.000000,4602.0,4610.0,4540.0,4540.0,nan,4571.414836,88529,4047027840.0,123102,4604.0,183,4602.0,249,4606.0,231,4600.0,446,4608.0,329,4598.0,91,4610.0,814,4596.0,64,4612.0,267,4594.0,150
1597988307623834880,1597988307500000000,2020-08-21 13:38:27.500000,4602.0,4610.0,4540.0,4540.0,nan,4571.415917,88532,4047165940.0,123103,4604.0,182,4602.0,248,4606.0,234,4600.0,446,4608.0,329,4598.0,90,4610.0,814,4596.0,65,4612.0,267,4594.0,150
1597988308122790912,1597988308000000000,2020-08-21 13:38:28.000000,4602.0,4610.0,4540.0,4540.0,nan,4571.415917,88532,4047165940.0,123103,4604.0,182,4602.0,257,4606.0,234,4600.0,446,4608.0,329,4598.0,90,4610.0,814,4596.0,65,4612.0,267,4594.0,151
1597988308631266048,1597988308500000000,2020-08-21 13:38:28.500000,4602.0,4610.0,4540.0,4540.0,nan,4571.415917,88532,4047165940.0,123103,4604.0,182,4602.0,257,4606.0,234,4600.0,443,4608.0,329,4598.0,90,4610.0,814,4596.0,68,4612.0,267,4594.0,151
1597988309159684096,1597988309000000000,2020-08-21 13:38:29.000000,4602.0,4610.0,4540.0,4540.0,nan,4571.416263,88533,4047211960.0,123104,4604.0,182,4602.0,258,4606.0,234,4600.0,443,4608.0,329,4598.0,90,4610.0,814,4596.0,68,4612.0,267,4594.0,151
1597988309702232064,1597988309500000000,2020-08-21 13:38:29.500000,4602.0,4610.0,4540.0,4540.0,nan,4571.416263,88533,4047211960.0,123104,4604.0,182,4602.0,258,4606.0,234,4600.0,444,4608.0,329,4598.0,90,4610.0,813,4596.0,68,4612.0,267,4594.0,151
1597988310210603008,1597988310000000000,2020-08-21 13:38:30.000000,4602.0,4610.0,4540.0,4540.0,nan,4571.416608,88534,4047257980.0,123104,4604.0,182,4602.0,259,4606.0,234,4600.0,444,4608.0,329,4598.0,90,4610.0,813,4596.0,68,4612.0,267,4594.0,151
1597988310617928960,1597988310500000000,2020-08-21 13:38:30.500000,4602.0,4610.0,4540.0,4540.0,nan,4571.416608,88534,4047257980.0,123104,4604.0,182,4602.0,260,4606.0,234,4600.0,444,4608.0,329,4598.0,90,4610.0,813,4596.0,68,4612.0,267,4594.0,151
1597988311110836992,1597988311000000000,2020-08-21 13:38:31.000000,4602.0,4610.0,4540.0,4540.0,nan,4571.416608,88534,4047257980.0,123104,4604.0,182,4602.0,260,4606.0,235,4600.0,446,4608.0,329,4598.0,90,4610.0,813,4596.0,68,4612.0,267,4594.0,151
1597988311608210944,1597988311500000000,2020-08-21 13:38:31.500000,4602.0,4610.0,4540.0,4540.0,nan,4571.416608,88534,4047257980.0,123104,4604.0,179,4602.0,260,4606.0,235,4600.0,446,4608.0,329,4598.0,91,4610.0,813,4596.0,68,4612.0,267,4594.0,151
1597988312146508032,1597988312000000000,2020-08-21 13:38:32.000000,4602.0,4610.0,4540.0,4540.0,nan,4571.416608,88534,4047257980.0,123104,4604.0,180,4602.0,260,4606.0,235,4600.0,446,4608.0,329,4598.0,91,4610.0,813,4596.0,68,4612.0,267,4594.0,151
1597988312625700096,1597988312500000000,2020-08-21 13:38:32.500000,4602.0,4610.0,4540.0,4540.0,nan,4571.420408,88545,4047764200.0,123097,4604.0,179,4602.0,268,4606.0,236,4600.0,447,4608.0,319,4598.0,91,4610.0,813,4596.0,68,4612.0,267,4594.0,151
1597988313125235968,1597988313000000000,2020-08-21 13:38:33.000000,4602.0,4610.0,4540.0,4540.0,nan,4571.424206,88556,4048270420.0,123097,4604.0,180,4602.0,257,4606.0,246,4600.0,447,4608.0,319,4598.0,92,4610.0,813,4596.0,69,4612.0,267,4594.0,151
1597988313620769024,1597988313500000000,2020-08-21 13:38:33.500000,4602.0,4610.0,4540.0,4540.0,nan,4571.424206,88556,4048270420.0,123097,4604.0,180,4602.0,257,4606.0,246,4600.0,447,4608.0,319,4598.0,92,4610.0,815,4596.0,69,4612.0,267,4594.0,151
1597988314137760000,1597988314000000000,2020-08-21 13:38:34.000000,4602.0,4610.0,4540.0,4540.0,nan,4571.443297,88611,4050801620.0,123140,4604.0,175,4602.0,207,4606.0,246,4600.0,447,4608.0,319,4598.0,93,4610.0,815,4596.0,69,4612.0,267,4594.0,151
1597988314623674112,1597988314500000000,2020-08-21 13:38:34.500000,4602.0,4610.0,4540.0,4540.0,nan,4571.443297,88611,4050801620.0,123140,4604.0,173,4602.0,201,4606.0,246,4600.0,449,4608.0,319,4598.0,93,4610.0,815,4596.0,69,4612.0,267,4594.0,151
1597988315160651008,1597988315000000000,2020-08-21 13:38:35.000000,4602.0,4610.0,4540.0,4540.0,nan,4571.443297,88611,4050801620.0,123140,4604.0,170,4602.0,201,4606.0,246,4600.0,451,4608.0,322,4598.0,93,4610.0,814,4596.0,69,4612.0,267,4594.0,151
1597988315696388096,1597988315500000000,2020-08-21 13:38:35.500000,4604.0,4610.0,4540.0,4540.0,nan,4571.443665,88612,4050847660.0,123141,4604.0,171,4602.0,207,4606.0,246,4600.0,447,4608.0,322,4598.0,93,4610.0,814,4596.0,69,4612.0,267,4594.0,151
1597988316144143872,1597988316000000000,2020-08-21 13:38:36.000000,4602.0,4610.0,4540.0,4540.0,nan,4571.454718,88644,4052320320.0,123129,4604.0,168,4602.0,174,4606.0,246,4600.0,447,4608.0,324,4598.0,93,4610.0,814,4596.0,70,4612.0,267,4594.0,151
1597988316619351040,1597988316500000000,2020-08-21 13:38:36.500000,4602.0,4610.0,4540.0,4540.0,nan,4571.458163,88654,4052780520.0,123119,4604.0,169,4602.0,167,4606.0,246,4600.0,446,4608.0,324,4598.0,93,4610.0,814,4596.0,70,4612.0,267,4594.0,151
1597988317143516928,1597988317000000000,2020-08-21 13:38:37.000000,4602.0,4610.0,4540.0,4540.0,nan,4571.458163,88654,4052780520.0,123119,4604.0,189,4602.0,161,4606.0,285,4600.0,408,4608.0,267,4598.0,132,4610.0,814,4596.0,70,4612.0,267,4594.0,151
1597988317642483968,1597988317500000000,2020-08-21 13:38:37.500000,4602.0,4610.0,4540.0,4540.0,nan,4571.458163,88654,4052780520.0,123119,4604.0,189,4602.0,161,4606.0,326,4600.0,388,4608.0,227,4598.0,154,4610.0,814,4596.0,70,4612.0,267,4594.0,151
1597988318184008960,1597988318000000000,2020-08-21 13:38:38.000000,4602.0,4610.0,4540.0,4540.0,nan,4571.458852,88656,4052872560.0,123119,4604.0,189,4602.0,179,4606.0,327,4600.0,388,4608.0,207,4598.0,154,4610.0,814,4596.0,70,4612.0,267,4594.0,151
1597988318613296128,1597988318500000000,2020-08-21 13:38:38.500000,4602.0,4610.0,4540.0,4540.0,nan,4571.472281,88695,4054667340.0,123099,4604.0,184,4602.0,135,4606.0,307,4600.0,388,4608.0,207,4598.0,136,4610.0,794,4596.0,70,4612.0,248,4594.0,132
1597988319137679872,1597988319000000000,2020-08-21 13:38:39.000000,4602.0,4610.0,4540.0,4540.0,nan,4571.521078,88837,4061202180.0,123164,4602.0,1,4600.0,348,4604.0,178,4598.0,137,4606.0,267,4596.0,70,4608.0,207,4594.0,132,4610.0,794,4592.0,111
1597988319624321024,1597988319500000000,2020-08-21 13:38:39.500000,4602.0,4610.0,4540.0,4540.0,nan,4571.521421,88838,4061248200.0,123165,4602.0,77,4600.0,311,4604.0,151,4598.0,177,4606.0,305,4596.0,69,4608.0,167,4594.0,132,4610.0,794,4592.0,112
1597988320125390080,1597988320000000000,2020-08-21 13:38:40.000000,4600.0,4610.0,4540.0,4540.0,nan,4571.521742,88839,4061294200.0,123165,4602.0,87,4600.0,298,4604.0,195,4598.0,237,4606.0,322,4596.0,93,4608.0,167,4594.0,132,4610.0,813,4592.0,131
1597988320609342976,1597988320500000000,2020-08-21 13:38:40.500000,4600.0,4610.0,4540.0,4540.0,nan,4571.523665,88845,4061570200.0,123165,4602.0,93,4600.0,292,4604.0,188,4598.0,237,4606.0,301,4596.0,70,4608.0,167,4594.0,133,4610.0,813,4592.0,131
1597988321135930880,1597988321000000000,2020-08-21 13:38:41.000000,4600.0,4610.0,4540.0,4540.0,nan,4571.523985,88846,4061616200.0,123165,4602.0,95,4600.0,293,4604.0,208,4598.0,237,4606.0,301,4596.0,90,4608.0,167,4594.0,133,4610.0,813,4592.0,131
1597988321623749120,1597988321500000000,2020-08-21 13:38:41.500000,4600.0,4610.0,4540.0,4540.0,nan,4571.523985,88846,4061616200.0,123165,4602.0,98,4600.0,313,4604.0,208,4598.0,238,4606.0,321,4596.0,90,4608.0,167,4594.0,133,4610.0,813,4592.0,131
1597988322157465088,1597988322000000000,2020-08-21 13:38:42.000000,4600.0,4610.0,4540.0,4540.0,nan,4571.524306,88847,4061662200.0,123165,4602.0,103,4600.0,313,4604.0,204,4598.0,238,4606.0,321,4596.0,90,4608.0,167,4594.0,133,4610.0,813,4592.0,131
1597988322620721920,1597988322500000000,2020-08-21 13:38:42.500000,4602.0,4610.0,4540.0,4540.0,nan,4571.524649,88848,4061708220.0,123166,4602.0,102,4600.0,313,4604.0,224,4598.0,258,4606.0,321,4596.0,90,4608.0,167,4594.0,133,4610.0,813,4592.0,136
1597988323137844992,1597988323000000000,2020-08-21 13:38:43.000000,4600.0,4610.0,4540.0,4540.0,nan,4571.531057,88868,4062628220.0,123166,4602.0,103,4600.0,291,4604.0,224,4598.0,258,4606.0,321,4596.0,90,4608.0,167,4594.0,133,4610.0,813,4592.0,136
1597988323624750080,1597988323500000000,2020-08-21 13:38:43.500000,4600.0,4610.0,4540.0,4540.0,nan,4571.531057,88868,4062628220.0,123166,4602.0,103,4600.0,292,4604.0,224,4598.0,258,4606.0,321,4596.0,90,4608.0,167,4594.0,133,4610.0,813,4592.0,136
1597988324137185024,1597988324000000000,2020-08-21 13:38:44.000000,4600.0,4610.0,4540.0,4540.0,nan,4571.533665,88876,4062996260.0,123174,4602.0,101,4600.0,287,4604.0,224,4598.0,258,4606.0,321,4596.0,109,4608.0,167,4594.0,133,4610.0,813,4592.0,136
1597988324625027072,1597988324500000000,2020-08-21 13:38:44.500000,4602.0,4610.0,4540.0,4540.0,nan,4571.534648,88879,4063134280.0,123174,4602.0,105,4600.0,288,4604.0,224,4598.0,258,4606.0,321,4596.0,109,4608.0,166,4594.0,141,4610.0,813,4592.0,136
1597988325138352128,1597988325000000000,2020-08-21 13:38:45.000000,4600.0,4610.0,4540.0,4540.0,nan,4571.535609,88882,4063272280.0,123174,4602.0,104,4600.0,286,4604.0,224,4598.0,258,4606.0,321,4596.0,109,4608.0,166,4594.0,141,4610.0,813,4592.0,136
1597988325679985920,1597988325500000000,2020-08-21 13:38:45.500000,4600.0,4610.0,4540.0,4540.0,nan,4571.53689,88886,4063456280.0,123174,4602.0,107,4600.0,285,4604.0,224,4598.0,258,4606.0,321,4596.0,109,4608.0,166,4594.0,143,4610.0,813,4592.0,136
1597988326151342080,1597988326000000000,2020-08-21 13:38:46.000000,4602.0,4610.0,4540.0,4540.0,nan,4571.542445,88903,4064238380.0,123177,4602.0,104,4600.0,274,4604.0,224,4598.0,277,4606.0,321,4596.0,109,4608.0,165,4594.0,143,4610.0,813,4592.0,136
1597988326648474112,1597988326500000000,2020-08-21 13:38:46.500000,4602.0,4610.0,4540.0,4540.0,nan,4571.545988,88914,4064744400.0,123178,4602.0,102,4600.0,246,4604.0,204,4598.0,296,4606.0,321,4596.0,87,4608.0,165,4594.0,154,4610.0,813,4592.0,136
1597988327286128128,1597988327000000000,2020-08-21 13:38:47.000000,4602.0,4610.0,4540.0,4540.0,nan,4571.545988,88914,4064744400.0,123178,4602.0,112,4600.0,252,4604.0,204,4598.0,316,4606.0,341,4596.0,87,4608.0,165,4594.0,154,4610.0,813,4592.0,136
1597988327615940096,1597988327500000000,2020-08-21 13:38:47.500000,4602.0,4610.0,4540.0,4540.0,nan,4571.545988,88914,4064744400.0,123178,4602.0,113,4600.0,256,4604.0,205,4598.0,317,4606.0,341,4596.0,87,4608.0,165,4594.0,154,4610.0,813,4592.0,138
1597988328185457920,1597988328000000000,2020-08-21 13:38:48.000000,4600.0,4610.0,4540.0,4540.0,nan,4571.553986,88939,4065894400.0,123178,4602.0,113,4600.0,234,4604.0,206,4598.0,317,4606.0,341,4596.0,87,4608.0,165,4594.0,154,4610.0,813,4592.0,138
1597988328651542016,1597988328500000000,2020-08-21 13:38:48.500000,4600.0,4610.0,4540.0,4540.0,nan,4571.553986,88939,4065894400.0,123178,4602.0,112,4600.0,233,4604.0,206,4598.0,317,4606.0,341,4596.0,87,4608.0,176,4594.0,154,4610.0,813,4592.0,138
1597988329166533120,1597988329000000000,2020-08-21 13:38:49.000000,4600.0,4610.0,4540.0,4540.0,nan,4571.582104,89027,4069942400.0,123235,4602.0,114,4600.0,147,4604.0,206,4598.0,317,4606.0,341,4596.0,87,4608.0,176,4594.0,154,4610.0,813,4592.0,138
1597988329639034112,1597988329500000000,2020-08-21 13:38:49.500000,4600.0,4610.0,4540.0,4540.0,nan,4571.632745,89186,4077256380.0,123358,4600.0,1,4598.0,234,4602.0,168,4596.0,87,4604.0,206,4594.0,154,4606.0,260,4592.0,119,4608.0,176,4590.0,94
1597988330134063104,1597988330000000000,2020-08-21 13:38:50.000000,4600.0,4610.0,4540.0,4540.0,nan,4571.632745,89186,4077256380.0,123358,4600.0,98,4598.0,142,4602.0,150,4596.0,147,4604.0,244,4594.0,154,4606.0,203,4592.0,119,4608.0,166,4590.0,96
1597988330649038080,1597988330500000000,2020-08-21 13:38:50.500000,4600.0,4610.0,4540.0,4540.0,nan,4571.633063,89187,4077302380.0,123359,4600.0,124,4598.0,133,4602.0,188,4596.0,209,4604.0,244,4594.0,177,4606.0,203,4592.0,119,4608.0,185,4590.0,115
1597988331129655040,1597988331000000000,2020-08-21 13:38:51.000000,4600.0,4610.0,4540.0,4540.0,nan,4571.633063,89187,4077302380.0,123359,4600.0,147,4598.0,141,4602.0,165,4596.0,207,4604.0,244,4594.0,154,4606.0,203,4592.0,119,4608.0,185,4590.0,115
1597988331639646976,1597988331500000000,2020-08-21 13:38:51.500000,4600.0,4610.0,4540.0,4540.0,nan,4571.633063,89187,4077302380.0,123359,4600.0,152,4598.0,142,4602.0,225,4596.0,168,4604.0,205,4594.0,213,4606.0,203,4592.0,119,4608.0,185,4590.0,115
1597988332162607104,1597988332000000000,2020-08-21 13:38:52.000000,4600.0,4610.0,4540.0,4540.0,nan,4571.633063,89187,4077302380.0,123359,4600.0,156,4598.0,148,4602.0,245,4596.0,128,4604.0,184,4594.0,253,4606.0,203,4592.0,119,4608.0,185,4590.0,115
1597988332691970048,1597988332500000000,2020-08-21 13:38:52.500000,4600.0,4610.0,4540.0,4540.0,nan,4571.634268,89191,4077486320.0,123359,4600.0,157,4598.0,145,4602.0,265,4596.0,128,4604.0,184,4594.0,273,4606.0,203,4592.0,119,4608.0,185,4590.0,115
1597988333160790016,1597988333000000000,2020-08-21 13:38:53.000000,4600.0,4610.0,4540.0,4540.0,nan,4571.634586,89192,4077532320.0,123359,4600.0,158,4598.0,145,4602.0,261,4596.0,128,4604.0,184,4594.0,273,4606.0,203,4592.0,119,4608.0,185,4590.0,115
1597988333630249984,1597988333500000000,2020-08-21 13:38:53.500000,4598.0,4610.0,4540.0,4540.0,nan,4571.63636,89198,4077808200.0,123359,4600.0,179,4598.0,143,4602.0,261,4596.0,128,4604.0,184,4594.0,293,4606.0,204,4592.0,119,4608.0,185,4590.0,115
1597988334136539904,1597988334000000000,2020-08-21 13:38:54.000000,4598.0,4610.0,4540.0,4540.0,nan,4571.64611,89231,4079325540.0,123348,4600.0,158,4598.0,76,4602.0,261,4596.0,128,4604.0,189,4594.0,273,4606.0,204,4592.0,119,4608.0,185,4590.0,115
1597988334616915968,1597988334500000000,2020-08-21 13:38:54.500000,4596.0,4610.0,4540.0,4540.0,nan,4571.67244,89321,4083463540.0,123321,4598.0,15,4596.0,99,4600.0,146,4594.0,233,4602.0,200,4592.0,119,4604.0,189,4590.0,98,4606.0,204,4588.0,125
1597988335138430976,1597988335000000000,2020-08-21 13:38:55.000000,4596.0,4610.0,4540.0,4540.0,nan,4571.680739,89350,4084796740.0,123303,4598.0,48,4596.0,129,4600.0,162,4594.0,257,4602.0,204,4592.0,119,4604.0,143,4590.0,99,4606.0,204,4588.0,125
1597988335672037120,1597988335500000000,2020-08-21 13:38:55.500000,4598.0,4610.0,4540.0,4540.0,nan,4571.685451,89366,4085532420.0,123303,4598.0,33,4596.0,134,4600.0,159,4594.0,276,4602.0,218,4592.0,119,4604.0,143,4590.0,99,4606.0,223,4588.0,144
1597988336185729024,1597988336000000000,2020-08-21 13:38:56.000000,4598.0,4610.0,4540.0,4540.0,nan,4571.696047,89402,4087187700.0,123290,4600.0,159,4598.0,9,4602.0,237,4596.0,149,4604.0,142,4594.0,294,4606.0,178,4592.0,119,4608.0,174,4590.0,99
1597988336613604096,1597988336500000000,2020-08-21 13:38:56.500000,4596.0,4610.0,4540.0,4540.0,nan,4571.702023,89423,4088153100.0,123302,4598.0,12,4596.0,143,4600.0,127,4594.0,254,4602.0,238,4592.0,119,4604.0,117,4590.0,99,4606.0,178,4588.0,125
1597988337167629056,1597988337000000000,2020-08-21 13:38:57.000000,4598.0,4610.0,4540.0,4540.0,nan,4571.707609,89442,4089026720.0,123295,4600.0,153,4598.0,2,4602.0,198,4596.0,154,4604.0,137,4594.0,274,4606.0,178,4592.0,119,4608.0,174,4590.0,99
1597988337650531072,1597988337500000000,2020-08-21 13:38:57.500000,4598.0,4610.0,4540.0,4540.0,nan,4571.708197,89444,4089118680.0,123294,4598.0,35,4596.0,156,4600.0,148,4594.0,295,4602.0,246,4592.0,119,4604.0,112,4590.0,89,4606.0,174,4588.0,125
1597988338137142016,1597988338000000000,2020-08-21 13:38:58.000000,4598.0,4610.0,4540.0,4540.0,nan,4571.718775,89480,4090773960.0,123290,4600.0,143,4598.0,8,4602.0,244,4596.0,154,4604.0,112,4594.0,295,4606.0,174,4592.0,119,4608.0,174,4590.0,89
1597988338621005056,1597988338500000000,2020-08-21 13:38:58.500000,4596.0,4610.0,4540.0,4540.0,nan,4571.725959,89505,4091923320.0,123286,4598.0,3,4596.0,147,4600.0,143,4594.0,276,4602.0,225,4592.0,120,4604.0,113,4590.0,89,4606.0,174,4588.0,125
1597988339289818112,1597988339000000000,2020-08-21 13:38:59.000000,4598.0,4610.0,4540.0,4540.0,nan,4571.727743,89511,4092199220.0,123283,4600.0,146,4598.0,22,4602.0,205,4596.0,146,4604.0,138,4594.0,276,4606.0,174,4592.0,120,4608.0,172,4590.0,89
1597988339623831040,1597988339500000000,2020-08-21 13:38:59.500000,4596.0,4610.0,4540.0,4540.0,nan,4571.73885,89550,4093992140.0,123294,4598.0,2,4596.0,132,4600.0,145,4594.0,276,4602.0,225,4592.0,120,4604.0,118,4590.0,89,4606.0,174,4588.0,125
1597988340139037952,1597988340000000000,2020-08-21 13:39:00.000000,4598.0,4610.0,4540.0,4540.0,nan,4571.742368,89562,4094543900.0,123294,4598.0,64,4596.0,136,4600.0,146,4594.0,317,4602.0,245,4592.0,120,4604.0,138,4590.0,89,4606.0,174,4588.0,125
1597988340628890112,1597988340500000000,2020-08-21 13:39:00.500000,4598.0,4610.0,4540.0,4540.0,nan,4571.742368,89562,4094543900.0,123294,4598.0,72,4596.0,136,4600.0,164,4594.0,336,4602.0,264,4592.0,120,4604.0,118,4590.0,89,4606.0,193,4588.0,144
1597988341121491968,1597988341000000000,2020-08-21 13:39:01.000000,4598.0,4610.0,4540.0,4540.0,nan,4571.742368,89562,4094543900.0,123294,4598.0,74,4596.0,135,4600.0,162,4594.0,336,4602.0,244,4592.0,120,4604.0,118,4590.0,89,4606.0,158,4588.0,144
1597988341643705088,1597988341500000000,2020-08-21 13:39:01.500000,4598.0,4610.0,4540.0,4540.0,nan,4571.742368,89562,4094543900.0,123294,4598.0,81,4596.0,141,4600.0,140,4594.0,342,4602.0,266,4592.0,120,4604.0,118,4590.0,89,4606.0,158,4588.0,144
1597988342159516928,1597988342000000000,2020-08-21 13:39:02.000000,4596.0,4610.0,4540.0,4540.0,nan,4571.751325,89595,4096060600.0,123290,4598.0,85,4596.0,109,4600.0,117,4594.0,319,4602.0,243,4592.0,120,4604.0,118,4590.0,89,4606.0,158,4588.0,144
1597988342649377024,1597988342500000000,2020-08-21 13:39:02.500000,4598.0,4610.0,4540.0,4540.0,nan,4571.751911,89597,4096152560.0,123291,4598.0,87,4596.0,125,4600.0,117,4594.0,343,4602.0,263,4592.0,120,4604.0,118,4590.0,89,4606.0,158,4588.0,144
1597988343158616064,1597988343000000000,2020-08-21 13:39:03.000000,4598.0,4610.0,4540.0,4540.0,nan,4571.751911,89597,4096152560.0,123291,4598.0,88,4596.0,126,4600.0,117,4594.0,343,4602.0,262,4592.0,120,4604.0,118,4590.0,89,4606.0,158,4588.0,144
1597988343655406080,1597988343500000000,2020-08-21 13:39:03.500000,4598.0,4610.0,4540.0,4540.0,nan,4571.753083,89601,4096336480.0,123291,4598.0,96,4596.0,128,4600.0,117,4594.0,332,4602.0,262,4592.0,120,4604.0,118,4590.0,89,4606.0,158,4588.0,144
1597988344127976960,1597988344000000000,2020-08-21 13:39:04.000000,4598.0,4610.0,4540.0,4540.0,nan,4571.753376,89602,4096382460.0,123292,4598.0,95,4596.0,129,4600.0,117,4594.0,330,4602.0,262,4592.0,120,4604.0,118,4590.0,89,4606.0,158,4588.0,144
1597988344616175104,1597988344500000000,2020-08-21 13:39:04.500000,4596.0,4610.0,4540.0,4540.0,nan,4571.754729,89607,4096612260.0,123293,4598.0,96,4596.0,125,4600.0,117,4594.0,330,4602.0,262,4592.0,120,4604.0,118,4590.0,89,4606.0,158,4588.0,144
1597988345169936896,1597988345000000000,2020-08-21 13:39:05.000000,4596.0,4610.0,4540.0,4540.0,nan,4571.757705,89618,4097117820.0,123282,4598.0,94,4596.0,122,4600.0,117,4594.0,331,4602.0,262,4592.0,120,4604.0,118,4590.0,87,4606.0,158,4588.0,139
1597988345629989120,1597988345500000000,2020-08-21 13:39:05.500000,4598.0,4610.0,4540.0,4540.0,nan,4571.757998,89619,4097163800.0,123283,4598.0,96,4596.0,125,4600.0,120,4594.0,331,4602.0,272,4592.0,124,4604.0,118,4590.0,87,4606.0,158,4588.0,139
1597988346152956928,1597988346000000000,2020-08-21 13:39:06.000000,4598.0,4610.0,4540.0,4540.0,nan,4571.757998,89619,4097163800.0,123283,4598.0,95,4596.0,135,4600.0,120,4594.0,332,4602.0,272,4592.0,124,4604.0,118,4590.0,87,4606.0,158,4588.0,139
1597988346636558080,1597988346500000000,2020-08-21 13:39:06.500000,4598.0,4610.0,4540.0,4540.0,nan,4571.757998,89619,4097163800.0,123283,4598.0,96,4596.0,146,4600.0,120,4594.0,333,4602.0,272,4592.0,124,4604.0,118,4590.0,87,4606.0,158,4588.0,139
1597988347190309120,1597988347000000000,2020-08-21 13:39:07.000000,4598.0,4610.0,4540.0,4540.0,nan,4571.766966,89652,4098680520.0,123263,4598.0,95,4596.0,117,4600.0,120,4594.0,333,4602.0,273,4592.0,135,4604.0,113,4590.0,87,4606.0,159,4588.0,139
1597988347628929024,1597988347500000000,2020-08-21 13:39:07.500000,4596.0,4610.0,4540.0,4540.0,nan,4571.777773,89692,4100518920.0,123248,4598.0,88,4596.0,82,4600.0,120,4594.0,293,4602.0,233,4592.0,135,4604.0,113,4590.0,87,4606.0,140,4588.0,120
1597988348160132096,1597988348000000000,2020-08-21 13:39:08.000000,4598.0,4610.0,4540.0,4540.0,nan,4571.778358,89694,4100610880.0,123250,4598.0,85,4596.0,83,4600.0,158,4594.0,253,4602.0,196,4592.0,174,4604.0,113,4590.0,87,4606.0,140,4588.0,120
1597988348620656128,1597988348500000000,2020-08-21 13:39:08.500000,4598.0,4610.0,4540.0,4540.0,nan,4571.792144,89745,4102954860.0,123290,4598.0,82,4596.0,36,4600.0,197,4594.0,254,4602.0,153,4592.0,174,4604.0,113,4590.0,87,4606.0,140,4588.0,120
1597988349174286080,1597988349000000000,2020-08-21 13:39:09.000000,4598.0,4610.0,4540.0,4540.0,nan,4571.792144,89745,4102954860.0,123290,4598.0,121,4596.0,65,4600.0,197,4594.0,197,4602.0,153,4592.0,234,4604.0,113,4590.0,87,4606.0,159,4588.0,141
1597988349613926912,1597988349500000000,2020-08-21 13:39:09.500000,4598.0,4610.0,4540.0,4540.0,nan,4571.792144,89745,4102954860.0,123290,4598.0,120,4596.0,65,4600.0,221,4594.0,216,4602.0,153,4592.0,237,4604.0,113,4590.0,89,4606.0,159,4588.0,141
1597988350101562112,1597988350000000000,2020-08-21 13:39:10.000000,4598.0,4610.0,4540.0,4540.0,nan,4571.792144,89745,4102954860.0,123290,4598.0,127,4596.0,74,4600.0,242,4594.0,214,4602.0,133,4592.0,234,4604.0,113,4590.0,89,4606.0,159,4588.0,141
1597988350632320000,1597988350500000000,2020-08-21 13:39:10.500000,4598.0,4610.0,4540.0,4540.0,nan,4571.792144,89745,4102954860.0,123290,4598.0,128,4596.0,85,4600.0,274,4594.0,215,4602.0,133,4592.0,254,4604.0,111,4590.0,89,4606.0,159,4588.0,141
1597988351128517888,1597988351000000000,2020-08-21 13:39:11.000000,4598.0,4610.0,4540.0,4540.0,nan,4571.792144,89745,4102954860.0,123290,4598.0,128,4596.0,88,4600.0,274,4594.0,235,4602.0,133,4592.0,234,4604.0,111,4590.0,89,4606.0,159,4588.0,144
1597988351680366080,1597988351500000000,2020-08-21 13:39:11.500000,4598.0,4610.0,4540.0,4540.0,nan,4571.794772,89754,4103368680.0,123298,4598.0,119,4596.0,91,4600.0,274,4594.0,256,4602.0,133,4592.0,215,4604.0,111,4590.0,89,4606.0,159,4588.0,144
1597988352156427008,1597988352000000000,2020-08-21 13:39:12.000000,4598.0,4610.0,4540.0,4540.0,nan,4571.794772,89754,4103368680.0,123298,4598.0,119,4596.0,153,4600.0,276,4594.0,256,4602.0,133,4592.0,215,4604.0,111,4590.0,89,4606.0,158,4588.0,144
1597988352632708096,1597988352500000000,2020-08-21 13:39:12.500000,4598.0,4610.0,4540.0,4540.0,nan,4571.820732,89843,4107460900.0,123239,4600.0,159,4598.0,12,4602.0,171,4596.0,207,4604.0,111,4594.0,275,4606.0,139,4592.0,149,4608.0,180,4590.0,89
1597988353152921088,1597988353000000000,2020-08-21 13:39:13.000000,4598.0,4610.0,4540.0,4540.0,nan,4571.827723,89867,4108564420.0,123224,4600.0,121,4598.0,38,4602.0,191,4596.0,308,4604.0,111,4594.0,239,4606.0,139,4592.0,149,4608.0,180,4590.0,90
1597988353616676096,1597988353500000000,2020-08-21 13:39:13.500000,4598.0,4610.0,4540.0,4540.0,nan,4571.827723,89867,4108564420.0,123224,4600.0,124,4598.0,71,4602.0,234,4596.0,352,4604.0,131,4594.0,262,4606.0,139,4592.0,149,4608.0,199,4590.0,109
1597988354141225984,1597988354000000000,2020-08-21 13:39:14.000000,4598.0,4610.0,4540.0,4540.0,nan,4571.828597,89870,4108702360.0,123221,4600.0,128,4598.0,115,4602.0,231,4596.0,367,4604.0,131,4594.0,238,4606.0,139,4592.0,149,4608.0,199,4590.0,109
1597988354626049024,1597988354500000000,2020-08-21 13:39:14.500000,4598.0,4610.0,4540.0,4540.0,nan,4571.829179,89872,4108794320.0,123219,4600.0,117,4598.0,116,4602.0,231,4596.0,407,4604.0,151,4594.0,218,4606.0,139,4592.0,149,4608.0,199,4590.0,109
1597988355132913920,1597988355000000000,2020-08-21 13:39:15.000000,4598.0,4610.0,4540.0,4540.0,nan,4571.829179,89872,4108794320.0,123219,4600.0,117,4598.0,116,4602.0,231,4596.0,426,4604.0,151,4594.0,218,4606.0,139,4592.0,149,4608.0,199,4590.0,109
1597988355615341056,1597988355500000000,2020-08-21 13:39:15.500000,4600.0,4610.0,4540.0,4540.0,nan,4571.829493,89873,4108840320.0,123220,4600.0,118,4598.0,127,4602.0,251,4596.0,453,4604.0,151,4594.0,218,4606.0,139,4592.0,149,4608.0,199,4590.0,109
1597988356124077056,1597988356000000000,2020-08-21 13:39:16.000000,4600.0,4610.0,4540.0,4540.0,nan,4571.829493,89873,4108840320.0,123220,4600.0,83,4598.0,126,4602.0,213,4596.0,492,4604.0,188,4594.0,178,4606.0,139,4592.0,149,4608.0,199,4590.0,111
1597988356608542976,1597988356500000000,2020-08-21 13:39:16.500000,4600.0,4610.0,4540.0,4540.0,nan,4571.856111,89958,4112750320.0,123266,4602.0,164,4600.0,17,4604.0,190,4598.0,113,4606.0,139,4596.0,471,4608.0,180,4594.0,158,4610.0,806,4592.0,149
1597988357135134976,1597988357000000000,2020-08-21 13:39:17.000000,4600.0,4610.0,4540.0,4540.0,nan,4571.864243,89984,4113946320.0,123265,4600.0,41,4598.0,136,4602.0,108,4596.0,412,4604.0,210,4594.0,158,4606.0,139,4592.0,149,4608.0,180,4590.0,92
1597988357603390976,1597988357500000000,2020-08-21 13:39:17.500000,4600.0,4610.0,4540.0,4540.0,nan,4571.878931,90031,4116108320.0,123264,4602.0,128,4600.0,38,4604.0,213,4598.0,139,4606.0,159,4596.0,295,4608.0,180,4594.0,158,4610.0,806,4592.0,149
1597988358144166912,1597988358000000000,2020-08-21 13:39:18.000000,4602.0,4610.0,4540.0,4540.0,nan,4571.881764,90040,4116522340.0,123273,4602.0,111,4600.0,53,4604.0,230,4598.0,159,4606.0,159,4596.0,269,4608.0,180,4594.0,158,4610.0,806,4592.0,149
1597988358617669888,1597988358500000000,2020-08-21 13:39:18.500000,4600.0,4610.0,4540.0,4540.0,nan,4571.8827,90043,4116660340.0,123273,4602.0,115,4600.0,53,4604.0,270,4598.0,159,4606.0,159,4596.0,309,4608.0,180,4594.0,158,4610.0,825,4592.0,168
1597988359123597056,1597988359000000000,2020-08-21 13:39:19.000000,4600.0,4610.0,4540.0,4540.0,nan,4571.8827,90043,4116660340.0,123273,4602.0,115,4600.0,53,4604.0,272,4598.0,160,4606.0,159,4596.0,310,4608.0,180,4594.0,139,4610.0,825,4592.0,168
1597988359618140928,1597988359500000000,2020-08-21 13:39:19.500000,4600.0,4610.0,4540.0,4540.0,nan,4571.8827,90043,4116660340.0,123273,4602.0,125,4600.0,59,4604.0,292,4598.0,162,4606.0,159,4596.0,326,4608.0,180,4594.0,139,4610.0,826,4592.0,168
1597988360143821056,1597988360000000000,2020-08-21 13:39:20.000000,4602.0,4610.0,4540.0,4540.0,nan,4571.883035,90044,4116706360.0,123274,4602.0,124,4600.0,57,4604.0,292,4598.0,163,4606.0,159,4596.0,326,4608.0,180,4594.0,140,4610.0,826,4592.0,168
1597988360607558912,1597988360500000000,2020-08-21 13:39:20.500000,4600.0,4610.0,4540.0,4540.0,nan,4571.883347,90045,4116752360.0,123275,4602.0,144,4600.0,92,4604.0,292,4598.0,163,4606.0,159,4596.0,346,4608.0,180,4594.0,140,4610.0,826,4592.0,168
1597988361128190976,1597988361000000000,2020-08-21 13:39:21.000000,4600.0,4610.0,4540.0,4540.0,nan,4571.883659,90046,4116798360.0,123276,4602.0,143,4600.0,94,4604.0,292,4598.0,201,4606.0,159,4596.0,306,4608.0,180,4594.0,140,4610.0,826,4592.0,168
1597988361614216960,1597988361500000000,2020-08-21 13:39:21.500000,4600.0,4610.0,4540.0,4540.0,nan,4571.883659,90046,4116798360.0,123276,4602.0,151,4600.0,96,4604.0,292,4598.0,201,4606.0,159,4596.0,306,4608.0,180,4594.0,140,4610.0,826,4592.0,168
1597988362133367040,1597988362000000000,2020-08-21 13:39:22.000000,4600.0,4610.0,4540.0,4540.0,nan,4571.883659,90046,4116798360.0,123276,4602.0,147,4600.0,96,4604.0,292,4598.0,201,4606.0,159,4596.0,306,4608.0,180,4594.0,140,4610.0,826,4592.0,168
1597988362621004032,1597988362500000000,2020-08-21 13:39:22.500000,4600.0,4610.0,4540.0,4540.0,nan,4571.883659,90046,4116798360.0,123276,4602.0,148,4600.0,97,4604.0,293,4598.0,202,4606.0,159,4596.0,306,4608.0,181,4594.0,140,4610.0,826,4592.0,168
1597988363127249920,1597988363000000000,2020-08-21 13:39:23.000000,4600.0,4610.0,4540.0,4540.0,nan,4571.883659,90046,4116798360.0,123276,4602.0,149,4600.0,97,4604.0,294,4598.0,202,4606.0,159,4596.0,306,4608.0,181,4594.0,140,4610.0,826,4592.0,168
1597988363626553088,1597988363500000000,2020-08-21 13:39:23.500000,4600.0,4610.0,4540.0,4540.0,nan,4571.883659,90046,4116798360.0,123276,4602.0,149,4600.0,98,4604.0,294,4598.0,202,4606.0,159,4596.0,306,4608.0,181,4594.0,140,4610.0,826,4592.0,168
1597988364137068032,1597988364000000000,2020-08-21 13:39:24.000000,4600.0,4610.0,4540.0,4540.0,nan,4571.883659,90046,4116798360.0,123276,4602.0,149,4600.0,99,4604.0,294,4598.0,203,4606.0,159,4596.0,306,4608.0,181,4594.0,140,4610.0,826,4592.0,187
1597988364615887872,1597988364500000000,2020-08-21 13:39:24.500000,4600.0,4610.0,4540.0,4540.0,nan,4571.883659,90046,4116798360.0,123276,4602.0,149,4600.0,99,4604.0,294,4598.0,203,4606.0,160,4596.0,306,4608.0,181,4594.0,140,4610.0,826,4592.0,187
1597988365141827072,1597988365000000000,2020-08-21 13:39:25.000000,4602.0,4610.0,4540.0,4540.0,nan,4571.883994,90047,4116844380.0,123276,4602.0,148,4600.0,102,4604.0,294,4598.0,203,4606.0,160,4596.0,310,4608.0,191,4594.0,140,4610.0,826,4592.0,187
1597988365615313920,1597988365500000000,2020-08-21 13:39:25.500000,4602.0,4610.0,4540.0,4540.0,nan,4571.884328,90048,4116890400.0,123277,4602.0,146,4600.0,123,4604.0,294,4598.0,203,4606.0,160,4596.0,311,4608.0,191,4594.0,140,4610.0,826,4592.0,189
1597988366155465984,1597988366000000000,2020-08-21 13:39:26.000000,4600.0,4610.0,4540.0,4540.0,nan,4571.884953,90050,4116982400.0,123277,4602.0,149,4600.0,123,4604.0,294,4598.0,203,4606.0,160,4596.0,311,4608.0,190,4594.0,140,4610.0,820,4592.0,189
1597988366638202112,1597988366500000000,2020-08-21 13:39:26.500000,4600.0,4610.0,4540.0,4540.0,nan,4571.884953,90050,4116982400.0,123277,4602.0,148,4600.0,129,4604.0,295,4598.0,203,4606.0,160,4596.0,311,4608.0,190,4594.0,140,4610.0,830,4592.0,189
1597988367134704128,1597988367000000000,2020-08-21 13:39:27.000000,4600.0,4610.0,4540.0,4540.0,nan,4571.885912,90053,4117120420.0,123278,4602.0,147,4600.0,127,4604.0,297,4598.0,205,4606.0,160,4596.0,311,4608.0,190,4594.0,140,4610.0,830,4592.0,189
1597988367619123968,1597988367500000000,2020-08-21 13:39:27.500000,4602.0,4610.0,4540.0,4540.0,nan,4571.88658,90055,4117212460.0,123278,4602.0,145,4600.0,131,4604.0,297,4598.0,205,4606.0,160,4596.0,311,4608.0,190,4594.0,140,4610.0,830,4592.0,189
1597988368123987968,1597988368000000000,2020-08-21 13:39:28.000000,4602.0,4610.0,4540.0,4540.0,nan,4571.889924,90065,4117672660.0,123279,4602.0,136,4600.0,161,4604.0,297,4598.0,206,4606.0,160,4596.0,311,4608.0,190,4594.0,140,4610.0,830,4592.0,189
1597988368622469120,1597988368500000000,2020-08-21 13:39:28.500000,4602.0,4610.0,4540.0,4540.0,nan,4571.889924,90065,4117672660.0,123279,4602.0,99,4600.0,161,4604.0,238,4598.0,265,4606.0,218,4596.0,252,4608.0,190,4594.0,140,4610.0,830,4592.0,190
1597988369138029056,1597988369000000000,2020-08-21 13:39:29.000000,4602.0,4610.0,4540.0,4540.0,nan,4571.893267,90075,4118132860.0,123286,4602.0,59,4600.0,162,4604.0,218,4598.0,285,4606.0,239,4596.0,232,4608.0,191,4594.0,140,4610.0,831,4592.0,190
1597988369606141952,1597988369500000000,2020-08-21 13:39:29.500000,4604.0,4610.0,4540.0,4540.0,nan,4571.91333,90135,4120894080.0,123315,4604.0,177,4602.0,56,4606.0,219,4600.0,148,4608.0,191,4598.0,245,4610.0,812,4596.0,212,4612.0,244,4594.0,140
1597988370162093056,1597988370000000000,2020-08-21 13:39:30.000000,4604.0,4610.0,4540.0,4540.0,nan,4571.917713,90148,4121492380.0,123316,4604.0,133,4602.0,74,4606.0,259,4600.0,190,4608.0,190,4598.0,201,4610.0,812,4596.0,192,4612.0,244,4594.0,140
1597988370627770880,1597988370500000000,2020-08-21 13:39:30.500000,4604.0,4610.0,4540.0,4540.0,nan,4571.917713,90148,4121492380.0,123316,4604.0,136,4602.0,73,4606.0,301,4600.0,212,4608.0,190,4598.0,221,4610.0,812,4596.0,202,4612.0,263,4594.0,159
1597988371121285888,1597988371000000000,2020-08-21 13:39:31.000000,4604.0,4610.0,4540.0,4540.0,nan,4571.917713,90148,4121492380.0,123316,4604.0,140,4602.0,103,4606.0,299,4600.0,212,4608.0,190,4598.0,221,4610.0,812,4596.0,202,4612.0,263,4594.0,159
1597988371630411008,1597988371500000000,2020-08-21 13:39:31.500000,4604.0,4610.0,4540.0,4540.0,nan,4571.918069,90149,4121538420.0,123317,4604.0,143,4602.0,106,4606.0,319,4600.0,233,4608.0,191,4598.0,225,4610.0,813,4596.0,202,4612.0,263,4594.0,159
1597988372153624064,1597988372000000000,2020-08-21 13:39:32.000000,4604.0,4610.0,4540.0,4540.0,nan,4571.918425,90150,4121584460.0,123318,4604.0,142,4602.0,106,4606.0,319,4600.0,254,4608.0,191,4598.0,205,4610.0,823,4596.0,202,4612.0,263,4594.0,159
1597988372632899072,1597988372500000000,2020-08-21 13:39:32.500000,4604.0,4610.0,4540.0,4540.0,nan,4571.918425,90150,4121584460.0,123318,4604.0,142,4602.0,108,4606.0,319,4600.0,254,4608.0,191,4598.0,205,4610.0,824,4596.0,201,4612.0,263,4594.0,159
1597988373161735936,1597988373000000000,2020-08-21 13:39:33.000000,4604.0,4610.0,4540.0,4540.0,nan,4571.919137,90152,4121676540.0,123320,4604.0,141,4602.0,109,4606.0,329,4600.0,254,4608.0,191,4598.0,205,4610.0,824,4596.0,201,4612.0,263,4594.0,159
1597988373611224064,1597988373500000000,2020-08-21 13:39:33.500000,4604.0,4610.0,4540.0,4540.0,nan,4571.919137,90152,4121676540.0,123320,4604.0,143,4602.0,109,4606.0,329,4600.0,254,4608.0,191,4598.0,205,4610.0,824,4596.0,201,4612.0,263,4594.0,159
1597988374128546048,1597988374000000000,2020-08-21 13:39:34.000000,4604.0,4610.0,4540.0,4540.0,nan,4571.920204,90155,4121814660.0,123323,4604.0,143,4602.0,110,4606.0,329,4600.0,254,4608.0,190,4598.0,205,4610.0,824,4596.0,201,4612.0,263,4594.0,159
1597988374675362048,1597988374500000000,2020-08-21 13:39:34.500000,4604.0,4610.0,4540.0,4540.0,nan,4571.920204,90155,4121814660.0,123323,4604.0,143,4602.0,115,4606.0,329,4600.0,254,4608.0,190,4598.0,205,4610.0,824,4596.0,201,4612.0,263,4594.0,159
1597988375127640064,1597988375000000000,2020-08-21 13:39:35.000000,4604.0,4610.0,4540.0,4540.0,nan,4571.920916,90157,4121906740.0,123324,4604.0,164,4602.0,120,4606.0,329,4600.0,255,4608.0,190,4598.0,205,4610.0,824,4596.0,206,4612.0,263,4594.0,158
1597988375620107008,1597988375500000000,2020-08-21 13:39:35.500000,4604.0,4610.0,4540.0,4540.0,nan,4571.920916,90157,4121906740.0,123324,4604.0,166,4602.0,122,4606.0,329,4600.0,255,4608.0,190,4598.0,206,4610.0,824,4596.0,206,4612.0,263,4594.0,158
1597988376126985984,1597988376000000000,2020-08-21 13:39:36.000000,4604.0,4610.0,4540.0,4540.0,nan,4571.921272,90158,4121952780.0,123324,4604.0,165,4602.0,122,4606.0,329,4600.0,255,4608.0,190,4598.0,206,4610.0,824,4596.0,206,4612.0,263,4594.0,157
1597988376647404032,1597988376500000000,2020-08-21 13:39:36.500000,4604.0,4610.0,4540.0,4540.0,nan,4571.921272,90158,4121952780.0,123324,4604.0,165,4602.0,122,4606.0,329,4600.0,255,4608.0,190,4598.0,206,4610.0,824,4596.0,200,4612.0,263,4594.0,160
1597988377105648128,1597988377000000000,2020-08-21 13:39:37.000000,4604.0,4610.0,4540.0,4540.0,nan,4571.921272,90158,4121952780.0,123324,4604.0,165,4602.0,124,4606.0,329,4600.0,255,4608.0,194,4598.0,206,4610.0,824,4596.0,200,4612.0,263,4594.0,160
1597988377636977920,1597988377500000000,2020-08-21 13:39:37.500000,4604.0,4610.0,4540.0,4540.0,nan,4571.928386,90178,4122873580.0,123325,4604.0,145,4602.0,125,4606.0,332,4600.0,255,4608.0,194,4598.0,207,4610.0,824,4596.0,200,4612.0,262,4594.0,160
1597988378157594880,1597988378000000000,2020-08-21 13:39:38.000000,4604.0,4610.0,4540.0,4540.0,nan,4571.928386,90178,4122873580.0,123325,4604.0,144,4602.0,129,4606.0,332,4600.0,255,4608.0,194,4598.0,207,4610.0,824,4596.0,199,4612.0,262,4594.0,160
1597988378612814080,1597988378500000000,2020-08-21 13:39:38.500000,4604.0,4610.0,4540.0,4540.0,nan,4571.928386,90178,4122873580.0,123325,4604.0,144,4602.0,130,4606.0,332,4600.0,255,4608.0,194,4598.0,207,4610.0,824,4596.0,199,4612.0,262,4594.0,160
1597988379134983936,1597988379000000000,2020-08-21 13:39:39.000000,4604.0,4610.0,4540.0,4540.0,nan,4571.928386,90178,4122873580.0,123325,4604.0,144,4602.0,135,4606.0,334,4600.0,256,4608.0,194,4598.0,207,4610.0,824,4596.0,199,4612.0,262,4594.0,160
1597988379616919040,1597988379500000000,2020-08-21 13:39:39.500000,4604.0,4610.0,4540.0,4540.0,nan,4571.928386,90178,4122873580.0,123325,4604.0,144,4602.0,136,4606.0,334,4600.0,256,4608.0,194,4598.0,207,4610.0,824,4596.0,199,4612.0,262,4594.0,160
1597988380142153984,1597988380000000000,2020-08-21 13:39:40.000000,4604.0,4610.0,4540.0,4540.0,nan,4571.928742,90179,4122919620.0,123325,4604.0,143,4602.0,136,4606.0,334,4600.0,256,4608.0,194,4598.0,207,4610.0,824,4596.0,200,4612.0,262,4594.0,160
1597988380618204928,1597988380500000000,2020-08-21 13:39:40.500000,4604.0,4610.0,4540.0,4540.0,nan,4571.928742,90179,4122919620.0,123325,4604.0,143,4602.0,136,4606.0,334,4600.0,256,4608.0,193,4598.0,207,4610.0,823,4596.0,200,4612.0,262,4594.0,160
1597988381160766976,1597988381000000000,2020-08-21 13:39:41.000000,4604.0,4610.0,4540.0,4540.0,nan,4571.929786,90182,4123057720.0,123325,4604.0,141,4602.0,135,4606.0,334,4600.0,256,4608.0,195,4598.0,206,4610.0,823,4596.0,201,4612.0,262,4594.0,160
1597988381616836096,1597988381500000000,2020-08-21 13:39:41.500000,4604.0,4610.0,4540.0,4540.0,nan,4571.929786,90182,4123057720.0,123325,4604.0,140,4602.0,135,4606.0,334,4600.0,256,4608.0,195,4598.0,206,4610.0,822,4596.0,202,4612.0,262,4594.0,160
1597988382148148992,1597988382000000000,2020-08-21 13:39:42.000000,4602.0,4610.0,4540.0,4540.0,nan,4571.93012,90183,4123103740.0,123325,4604.0,142,4602.0,134,4606.0,334,4600.0,256,4608.0,195,4598.0,206,4610.0,822,4596.0,202,4612.0,262,4594.0,160
1597988382621492992,1597988382500000000,2020-08-21 13:39:42.500000,4602.0,4610.0,4540.0,4540.0,nan,4571.930809,90185,4123195800.0,123325,4604.0,121,4602.0,135,4606.0,354,4600.0,256,4608.0,195,4598.0,226,4610.0,822,4596.0,182,4612.0,262,4594.0,158
1597988383111494912,1597988383000000000,2020-08-21 13:39:43.000000,4602.0,4610.0,4540.0,4540.0,nan,4571.933231,90192,4123518020.0,123325,4604.0,117,4602.0,133,4606.0,315,4600.0,295,4608.0,233,4598.0,186,4610.0,822,4596.0,182,4612.0,262,4594.0,158
1597988383633462016,1597988383500000000,2020-08-21 13:39:43.500000,4604.0,4610.0,4540.0,4540.0,nan,4571.933587,90193,4123564060.0,123325,4604.0,97,4602.0,155,4606.0,293,4600.0,295,4608.0,253,4598.0,166,4610.0,842,4596.0,181,4612.0,262,4594.0,158
1597988384138889984,1597988384000000000,2020-08-21 13:39:44.000000,4604.0,4610.0,4540.0,4540.0,nan,4571.935364,90198,4123794260.0,123325,4604.0,124,4602.0,141,4606.0,293,4600.0,295,4608.0,253,4598.0,167,4610.0,822,4596.0,181,4612.0,262,4594.0,158
1597988384614424064,1597988384500000000,2020-08-21 13:39:44.500000,4602.0,4610.0,4540.0,4540.0,nan,4571.937364,90204,4124070380.0,123325,4604.0,126,4602.0,133,4606.0,293,4600.0,295,4608.0,252,4598.0,167,4610.0,822,4596.0,181,4612.0,262,4594.0,158
1597988385136083968,1597988385000000000,2020-08-21 13:39:45.000000,4604.0,4610.0,4540.0,4540.0,nan,4571.941052,90215,4124576620.0,123325,4604.0,145,4602.0,123,4606.0,293,4600.0,316,4608.0,252,4598.0,167,4610.0,820,4596.0,181,4612.0,262,4594.0,163
1597988385610247936,1597988385500000000,2020-08-21 13:39:45.500000,4604.0,4610.0,4540.0,4540.0,nan,4571.941052,90215,4124576620.0,123325,4604.0,162,4602.0,123,4606.0,352,4600.0,257,4608.0,194,4598.0,226,4610.0,820,4596.0,181,4612.0,262,4594.0,162
1597988386126789120,1597988386000000000,2020-08-21 13:39:46.000000,4602.0,4610.0,4540.0,4540.0,nan,4571.94174,90217,4124668680.0,123327,4604.0,161,4602.0,122,4606.0,352,4600.0,257,4608.0,194,4598.0,226,4610.0,820,4596.0,181,4612.0,262,4594.0,162
1597988386612259072,1597988386500000000,2020-08-21 13:39:46.500000,4602.0,4610.0,4540.0,4540.0,nan,4571.942074,90218,4124714700.0,123328,4604.0,172,4602.0,121,4606.0,352,4600.0,257,4608.0,194,4598.0,226,4610.0,820,4596.0,181,4612.0,262,4594.0,162
1597988387150437120,1597988387000000000,2020-08-21 13:39:47.000000,4604.0,4610.0,4540.0,4540.0,nan,4571.942429,90219,4124760740.0,123329,4604.0,171,4602.0,126,4606.0,352,4600.0,256,4608.0,194,4598.0,203,4610.0,820,4596.0,155,4612.0,262,4594.0,162
1597988387625799936,1597988387500000000,2020-08-21 13:39:47.500000,4602.0,4610.0,4540.0,4540.0,nan,4571.97737,90324,4129592840.0,123408,4604.0,162,4602.0,22,4606.0,292,4600.0,236,4608.0,194,4598.0,163,4610.0,827,4596.0,155,4612.0,243,4594.0,143
1597988388150092032,1597988388000000000,2020-08-21 13:39:48.000000,4602.0,4610.0,4540.0,4540.0,nan,4571.985013,90347,4130651300.0,123401,4602.0,95,4600.0,178,4604.0,179,4598.0,207,4606.0,272,4596.0,155,4608.0,194,4594.0,143,4610.0,827,4592.0,173
1597988388626458112,1597988388500000000,2020-08-21 13:39:48.500000,4602.0,4610.0,4540.0,4540.0,nan,4571.985346,90348,4130697320.0,123402,4602.0,132,4600.0,161,4604.0,200,4598.0,224,4606.0,229,4596.0,155,4608.0,194,4594.0,143,4610.0,846,4592.0,192
1597988389117327104,1597988389000000000,2020-08-21 13:39:49.000000,4602.0,4610.0,4540.0,4540.0,nan,4571.98601,90350,4130789360.0,123404,4602.0,138,4600.0,157,4604.0,215,4598.0,268,4606.0,251,4596.0,155,4608.0,194,4594.0,143,4610.0,846,4592.0,192
1597988389612317952,1597988389500000000,2020-08-21 13:39:49.500000,4602.0,4610.0,4540.0,4540.0,nan,4571.98601,90350,4130789360.0,123404,4602.0,143,4600.0,174,4604.0,214,4598.0,243,4606.0,228,4596.0,155,4608.0,194,4594.0,143,4610.0,845,4592.0,192
1597988390167874048,1597988390000000000,2020-08-21 13:39:50.000000,4602.0,4610.0,4540.0,4540.0,nan,4571.996636,90382,4132262000.0,123436,4602.0,113,4600.0,176,4604.0,215,4598.0,283,4606.0,268,4596.0,155,4608.0,194,4594.0,143,4610.0,845,4592.0,192
1597988390632192000,1597988390500000000,2020-08-21 13:39:50.500000,4602.0,4610.0,4540.0,4540.0,nan,4571.996636,90382,4132262000.0,123436,4602.0,91,4600.0,175,4604.0,216,4598.0,283,4606.0,268,4596.0,155,4608.0,194,4594.0,143,4610.0,845,4592.0,192
1597988391132147968,1597988391000000000,2020-08-21 13:39:51.000000,4602.0,4610.0,4540.0,4540.0,nan,4571.996636,90382,4132262000.0,123436,4602.0,91,4600.0,175,4604.0,216,4598.0,282,4606.0,268,4596.0,155,4608.0,194,4594.0,143,4610.0,845,4592.0,192
1597988391612688896,1597988391500000000,2020-08-21 13:39:51.500000,4602.0,4610.0,4540.0,4540.0,nan,4571.9973,90384,4132354040.0,123438,4602.0,91,4600.0,177,4604.0,236,4598.0,302,4606.0,268,4596.0,155,4608.0,194,4594.0,143,4610.0,845,4592.0,192
1597988392126104064,1597988392000000000,2020-08-21 13:39:52.000000,4602.0,4610.0,4540.0,4540.0,nan,4571.997632,90385,4132400060.0,123439,4602.0,92,4600.0,179,4604.0,236,4598.0,302,4606.0,269,4596.0,155,4608.0,194,4594.0,143,4610.0,845,4592.0,192
1597988392608244992,1597988392500000000,2020-08-21 13:39:52.500000,4602.0,4610.0,4540.0,4540.0,nan,4571.997632,90385,4132400060.0,123439,4602.0,92,4600.0,180,4604.0,236,4598.0,302,4606.0,269,4596.0,155,4608.0,194,4594.0,143,4610.0,845,4592.0,192
1597988393157338880,1597988393000000000,2020-08-21 13:39:53.000000,4602.0,4610.0,4540.0,4540.0,nan,4571.997632,90385,4132400060.0,123439,4602.0,92,4600.0,181,4604.0,236,4598.0,302,4606.0,269,4596.0,174,4608.0,194,4594.0,143,4610.0,845,4592.0,192
1597988393609753088,1597988393500000000,2020-08-21 13:39:53.500000,4602.0,4610.0,4540.0,4540.0,nan,4571.997632,90385,4132400060.0,123439,4602.0,92,4600.0,181,4604.0,235,4598.0,302,4606.0,269,4596.0,174,4608.0,195,4594.0,143,4610.0,845,4592.0,192
1597988394112312064,1597988394000000000,2020-08-21 13:39:54.000000,4602.0,4610.0,4540.0,4540.0,nan,4571.997964,90386,4132446080.0,123440,4602.0,92,4600.0,180,4604.0,235,4598.0,302,4606.0,269,4596.0,174,4608.0,203,4594.0,143,4610.0,845,4592.0,192
1597988394617899008,1597988394500000000,2020-08-21 13:39:54.500000,4602.0,4610.0,4540.0,4540.0,nan,4571.998296,90387,4132492100.0,123441,4602.0,91,4600.0,187,4604.0,235,4598.0,302,4606.0,269,4596.0,174,4608.0,203,4594.0,143,4610.0,851,4592.0,192
1597988395615549952,1597988395500000000,2020-08-21 13:39:55.500000,4602.0,4610.0,4540.0,4540.0,nan,4571.99896,90389,4132584140.0,123441,4602.0,89,4600.0,187,4604.0,235,4598.0,301,4606.0,269,4596.0,173,4608.0,203,4594.0,143,4610.0,851,4592.0,192
1597988396159865088,1597988396000000000,2020-08-21 13:39:56.000000,4602.0,4610.0,4540.0,4540.0,nan,4572.000951,90395,4132860260.0,123441,4602.0,85,4600.0,187,4604.0,235,4598.0,301,4606.0,269,4596.0,173,4608.0,203,4594.0,143,4610.0,851,4592.0,192
1597988396646589952,1597988396500000000,2020-08-21 13:39:56.500000,4602.0,4610.0,4540.0,4540.0,nan,4572.043808,90531,4139116980.0,123506,4602.0,22,4600.0,85,4604.0,236,4598.0,281,4606.0,249,4596.0,173,4608.0,203,4594.0,143,4610.0,832,4592.0,173
1597988397173617920,1597988397000000000,2020-08-21 13:39:57.000000,4602.0,4610.0,4540.0,4540.0,nan,4572.04844,90545,4139761260.0,123507,4602.0,40,4600.0,105,4604.0,199,4598.0,221,4606.0,229,4596.0,154,4608.0,203,4594.0,143,4610.0,832,4592.0,173
1597988397652017920,1597988397500000000,2020-08-21 13:39:57.500000,4602.0,4610.0,4540.0,4540.0,nan,4572.04844,90545,4139761260.0,123507,4602.0,45,4600.0,124,4604.0,199,4598.0,222,4606.0,230,4596.0,154,4608.0,203,4594.0,143,4610.0,832,4592.0,173
1597988398169501952,1597988398000000000,2020-08-21 13:39:58.000000,4602.0,4610.0,4540.0,4540.0,nan,4572.04844,90545,4139761260.0,123507,4602.0,53,4600.0,129,4604.0,216,4598.0,245,4606.0,233,4596.0,159,4608.0,203,4594.0,143,4610.0,851,4592.0,192
1597988398620258048,1597988398500000000,2020-08-21 13:39:58.500000,4602.0,4610.0,4540.0,4540.0,nan,4572.04844,90545,4139761260.0,123507,4602.0,56,4600.0,130,4604.0,216,4598.0,222,4606.0,210,4596.0,160,4608.0,203,4594.0,143,4610.0,851,4592.0,192
1597988399150814976,1597988399000000000,2020-08-21 13:39:59.000000,4602.0,4610.0,4540.0,4540.0,nan,4572.04844,90545,4139761260.0,123507,4602.0,57,4600.0,130,4604.0,235,4598.0,242,4606.0,229,4596.0,180,4608.0,203,4594.0,143,4610.0,851,4592.0,192
1597988399613818112,1597988399500000000,2020-08-21 13:39:59.500000,4602.0,4610.0,4540.0,4540.0,nan,4572.050094,90550,4139991360.0,123507,4602.0,55,4600.0,132,4604.0,255,4598.0,262,4606.0,229,4596.0,180,4608.0,203,4594.0,143,4610.0,851,4592.0,192
1597988400147473920,1597988400000000000,2020-08-21 13:40:00.000000,4602.0,4610.0,4540.0,4540.0,nan,4572.050094,90550,4139991360.0,123507,4602.0,55,4600.0,140,4604.0,255,4598.0,262,4606.0,229,4596.0,180,4608.0,203,4594.0,143,4610.0,851,4592.0,192
1597988400613947904,1597988400500000000,2020-08-21 13:40:00.500000,4600.0,4610.0,4540.0,4540.0,nan,4572.05102,90553,4140129360.0,123506,4602.0,53,4600.0,137,4604.0,274,4598.0,282,4606.0,229,4596.0,180,4608.0,203,4594.0,143,4610.0,851,4592.0,182
1597988401108773120,1597988401000000000,2020-08-21 13:40:01.000000,4600.0,4610.0,4540.0,4540.0,nan,4572.05102,90553,4140129360.0,123506,4602.0,52,4600.0,138,4604.0,274,4598.0,282,4606.0,230,4596.0,180,4608.0,203,4594.0,143,4610.0,851,4592.0,181
1597988401609412096,1597988401500000000,2020-08-21 13:40:01.500000,4600.0,4610.0,4540.0,4540.0,nan,4572.054415,90564,4140635360.0,123512,4602.0,54,4600.0,128,4604.0,274,4598.0,283,4606.0,230,4596.0,180,4608.0,203,4594.0,142,4610.0,851,4592.0,181
1597988402155143936,1597988402000000000,2020-08-21 13:40:02.000000,4602.0,4610.0,4540.0,4540.0,nan,4572.055076,90566,4140727400.0,123512,4602.0,72,4600.0,128,4604.0,274,4598.0,283,4606.0,230,4596.0,180,4608.0,203,4594.0,142,4610.0,851,4592.0,181
1597988402614689024,1597988402500000000,2020-08-21 13:40:02.500000,4602.0,4610.0,4540.0,4540.0,nan,4572.055076,90566,4140727400.0,123512,4602.0,71,4600.0,128,4604.0,224,4598.0,283,4606.0,230,4596.0,180,4608.0,203,4594.0,142,4610.0,851,4592.0,181
1597988403143619072,1597988403000000000,2020-08-21 13:40:03.000000,4602.0,4610.0,4540.0,4540.0,nan,4572.055076,90566,4140727400.0,123512,4602.0,122,4600.0,129,4604.0,182,4598.0,283,4606.0,251,4596.0,163,4608.0,202,4594.0,142,4610.0,847,4592.0,178
1597988403648900096,1597988403500000000,2020-08-21 13:40:03.500000,4602.0,4610.0,4540.0,4540.0,nan,4572.061687,90586,4141647800.0,123512,4602.0,128,4600.0,127,4604.0,182,4598.0,303,4606.0,271,4596.0,163,4608.0,202,4594.0,141,4610.0,847,4592.0,178
1597988404165638912,1597988404000000000,2020-08-21 13:40:04.000000,4602.0,4610.0,4540.0,4540.0,nan,4572.061687,90586,4141647800.0,123512,4602.0,128,4600.0,131,4604.0,221,4598.0,263,4606.0,232,4596.0,203,4608.0,202,4594.0,141,4610.0,847,4592.0,178
1597988404651848960,1597988404500000000,2020-08-21 13:40:04.500000,4602.0,4610.0,4540.0,4540.0,nan,4572.061687,90586,4141647800.0,123512,4602.0,128,4600.0,131,4604.0,182,4598.0,303,4606.0,271,4596.0,163,4608.0,202,4594.0,141,4610.0,848,4592.0,178
1597988405160532992,1597988405000000000,2020-08-21 13:40:05.000000,4602.0,4610.0,4540.0,4540.0,nan,4572.062348,90588,4141739840.0,123512,4602.0,128,4600.0,133,4604.0,182,4598.0,303,4606.0,271,4596.0,163,4608.0,202,4594.0,141,4610.0,848,4592.0,178
1597988405631396096,1597988405500000000,2020-08-21 13:40:05.500000,4602.0,4610.0,4540.0,4540.0,nan,4572.062348,90588,4141739840.0,123512,4602.0,128,4600.0,135,4604.0,182,4598.0,303,4606.0,271,4596.0,163,4608.0,202,4594.0,141,4610.0,848,4592.0,178
1597988406153904896,1597988406000000000,2020-08-21 13:40:06.000000,4602.0,4610.0,4540.0,4540.0,nan,4572.062348,90588,4141739840.0,123512,4602.0,129,4600.0,206,4604.0,192,4598.0,303,4606.0,271,4596.0,163,4608.0,202,4594.0,141,4610.0,848,4592.0,178
1597988406638319104,1597988406500000000,2020-08-21 13:40:06.500000,4602.0,4610.0,4540.0,4540.0,nan,4572.062348,90588,4141739840.0,123512,4602.0,127,4600.0,207,4604.0,192,4598.0,303,4606.0,271,4596.0,163,4608.0,202,4594.0,141,4610.0,848,4592.0,178
1597988408184509952,1597988408000000000,2020-08-21 13:40:08.000000,4602.0,4610.0,4540.0,4540.0,nan,4572.062348,90588,4141739840.0,123512,4602.0,127,4600.0,207,4604.0,192,4598.0,303,4606.0,280,4596.0,163,4608.0,202,4594.0,141,4610.0,848,4592.0,178
1597988408647700992,1597988408500000000,2020-08-21 13:40:08.500000,4600.0,4610.0,4540.0,4540.0,nan,4572.06389,90593,4141969840.0,123512,4602.0,127,4600.0,202,4604.0,192,4598.0,303,4606.0,280,4596.0,162,4608.0,201,4594.0,141,4610.0,848,4592.0,178
1597988409140137984,1597988409000000000,2020-08-21 13:40:09.000000,4600.0,4610.0,4540.0,4540.0,nan,4572.06389,90593,4141969840.0,123512,4602.0,125,4600.0,206,4604.0,191,4598.0,303,4606.0,280,4596.0,162,4608.0,201,4594.0,141,4610.0,848,4592.0,178
1597988409633277952,1597988409500000000,2020-08-21 13:40:09.500000,4600.0,4610.0,4540.0,4540.0,nan,4572.06389,90593,4141969840.0,123512,4602.0,126,4600.0,208,4604.0,191,4598.0,303,4606.0,280,4596.0,162,4608.0,201,4594.0,141,4610.0,848,4592.0,178
1597988410111976960,1597988410000000000,2020-08-21 13:40:10.000000,4600.0,4610.0,4540.0,4540.0,nan,4572.06389,90593,4141969840.0,123512,4602.0,131,4600.0,208,4604.0,191,4598.0,303,4606.0,280,4596.0,157,4608.0,201,4594.0,141,4610.0,848,4592.0,178
1597988411145246976,1597988411000000000,2020-08-21 13:40:11.000000,4600.0,4610.0,4540.0,4540.0,nan,4572.06389,90593,4141969840.0,123512,4602.0,131,4600.0,209,4604.0,191,4598.0,303,4606.0,280,4596.0,157,4608.0,201,4594.0,141,4610.0,848,4592.0,178
1597988411632870912,1597988411500000000,2020-08-21 13:40:11.500000,4600.0,4610.0,4540.0,4540.0,nan,4572.064859,90596,4142107880.0,123510,4602.0,129,4600.0,208,4604.0,190,4598.0,303,4606.0,280,4596.0,157,4608.0,201,4594.0,141,4610.0,848,4592.0,178
1597988412136435968,1597988412000000000,2020-08-21 13:40:12.000000,4600.0,4610.0,4540.0,4540.0,nan,4572.064859,90596,4142107880.0,123510,4602.0,129,4600.0,213,4604.0,190,4598.0,303,4606.0,280,4596.0,157,4608.0,201,4594.0,141,4610.0,848,4592.0,178
1597988412666099968,1597988412500000000,2020-08-21 13:40:12.500000,4600.0,4610.0,4540.0,4540.0,nan,4572.064859,90596,4142107880.0,123510,4602.0,129,4600.0,213,4604.0,190,4598.0,303,4606.0,279,4596.0,157,4608.0,201,4594.0,141,4610.0,848,4592.0,178
1597988413654432000,1597988413500000000,2020-08-21 13:40:13.500000,4602.0,4610.0,4540.0,4540.0,nan,4572.07708,90633,4143810620.0,123525,4602.0,92,4600.0,202,4604.0,190,4598.0,243,4606.0,219,4596.0,157,4608.0,201,4594.0,141,4610.0,829,4592.0,159
1597988414155155968,1597988414000000000,2020-08-21 13:40:14.000000,4602.0,4610.0,4540.0,4540.0,nan,4572.07741,90634,4143856640.0,123524,4602.0,72,4600.0,208,4604.0,190,4598.0,223,4606.0,200,4596.0,157,4608.0,201,4594.0,141,4610.0,834,4592.0,159
1597988414644291072,1597988414500000000,2020-08-21 13:40:14.500000,4600.0,4610.0,4540.0,4540.0,nan,4572.078973,90639,4144086660.0,123523,4602.0,76,4600.0,229,4604.0,190,4598.0,223,4606.0,240,4596.0,176,4608.0,197,4594.0,141,4610.0,853,4592.0,178
1597988415138865920,1597988415000000000,2020-08-21 13:40:15.000000,4602.0,4610.0,4540.0,4540.0,nan,4572.079303,90640,4144132680.0,123522,4602.0,79,4600.0,232,4604.0,170,4598.0,243,4606.0,259,4596.0,176,4608.0,217,4594.0,141,4610.0,853,4592.0,178
1597988415700008960,1597988415500000000,2020-08-21 13:40:15.500000,4602.0,4610.0,4540.0,4540.0,nan,4572.079633,90641,4144178700.0,123521,4602.0,78,4600.0,213,4604.0,170,4598.0,243,4606.0,239,4596.0,156,4608.0,197,4594.0,141,4610.0,853,4592.0,178
1597988416197868032,1597988416000000000,2020-08-21 13:40:16.000000,4602.0,4610.0,4540.0,4540.0,nan,4572.079633,90641,4144178700.0,123521,4602.0,81,4600.0,237,4604.0,170,4598.0,283,4606.0,279,4596.0,156,4608.0,217,4594.0,141,4610.0,853,4592.0,178
1597988416625733120,1597988416500000000,2020-08-21 13:40:16.500000,4600.0,4610.0,4540.0,4540.0,nan,4572.081173,90646,4144408700.0,123521,4602.0,81,4600.0,230,4604.0,170,4598.0,283,4606.0,299,4596.0,156,4608.0,197,4594.0,141,4610.0,853,4592.0,178
1597988417188547072,1597988417000000000,2020-08-21 13:40:17.000000,4600.0,4610.0,4540.0,4540.0,nan,4572.081173,90646,4144408700.0,123521,4602.0,80,4600.0,232,4604.0,170,4598.0,283,4606.0,299,4596.0,156,4608.0,197,4594.0,141,4610.0,853,4592.0,178
1597988417646153984,1597988417500000000,2020-08-21 13:40:17.500000,4602.0,4610.0,4540.0,4540.0,nan,4572.081503,90647,4144454720.0,123521,4602.0,80,4600.0,234,4604.0,170,4598.0,283,4606.0,299,4596.0,156,4608.0,198,4594.0,141,4610.0,853,4592.0,178
1597988418147907072,1597988418000000000,2020-08-21 13:40:18.000000,4602.0,4610.0,4540.0,4540.0,nan,4572.081503,90647,4144454720.0,123521,4602.0,79,4600.0,234,4604.0,170,4598.0,283,4606.0,299,4596.0,156,4608.0,198,4594.0,141,4610.0,853,4592.0,178
1597988418631184896,1597988418500000000,2020-08-21 13:40:18.500000,4602.0,4610.0,4540.0,4540.0,nan,4572.081503,90647,4144454720.0,123521,4602.0,80,4600.0,235,4604.0,170,4598.0,283,4606.0,299,4596.0,156,4608.0,198,4594.0,149,4610.0,853,4592.0,178
1597988419141721088,1597988419000000000,2020-08-21 13:40:19.000000,4602.0,4610.0,4540.0,4540.0,nan,4572.081503,90647,4144454720.0,123521,4602.0,81,4600.0,235,4604.0,170,4598.0,283,4606.0,318,4596.0,156,4608.0,198,4594.0,149,4610.0,853,4592.0,178
1597988419647077120,1597988419500000000,2020-08-21 13:40:19.500000,4602.0,4610.0,4540.0,4540.0,nan,4572.081503,90647,4144454720.0,123521,4602.0,81,4600.0,235,4604.0,170,4598.0,283,4606.0,318,4596.0,156,4608.0,198,4594.0,149,4610.0,853,4592.0,128
1597988420108393984,1597988420000000000,2020-08-21 13:40:20.000000,4602.0,4610.0,4540.0,4540.0,nan,4572.083153,90652,4144684820.0,123521,4602.0,76,4600.0,235,4604.0,170,4598.0,283,4606.0,318,4596.0,156,4608.0,198,4594.0,149,4610.0,853,4592.0,128
1597988420616934912,1597988420500000000,2020-08-21 13:40:20.500000,4602.0,4610.0,4540.0,4540.0,nan,4572.083813,90654,4144776860.0,123519,4602.0,73,4600.0,239,4604.0,170,4598.0,282,4606.0,318,4596.0,156,4608.0,198,4594.0,149,4610.0,853,4592.0,128
1597988421151248896,1597988421000000000,2020-08-21 13:40:21.000000,4602.0,4610.0,4540.0,4540.0,nan,4572.083813,90654,4144776860.0,123519,4602.0,73,4600.0,239,4604.0,170,4598.0,282,4606.0,319,4596.0,156,4608.0,214,4594.0,149,4610.0,853,4592.0,128
1597988421615332096,1597988421500000000,2020-08-21 13:40:21.500000,4602.0,4610.0,4540.0,4540.0,nan,4572.083813,90654,4144776860.0,123519,4602.0,73,4600.0,239,4604.0,170,4598.0,282,4606.0,320,4596.0,156,4608.0,214,4594.0,149,4610.0,853,4592.0,128
1597988422117064960,1597988422000000000,2020-08-21 13:40:22.000000,4602.0,4610.0,4540.0,4540.0,nan,4572.086783,90663,4145191040.0,123519,4602.0,64,4600.0,239,4604.0,170,4598.0,282,4606.0,320,4596.0,156,4608.0,214,4594.0,149,4610.0,853,4592.0,128
1597988422666530048,1597988422500000000,2020-08-21 13:40:22.500000,4602.0,4610.0,4540.0,4540.0,nan,4572.107884,90727,4148136320.0,123473,4604.0,130,4602.0,28,4606.0,281,4600.0,230,4608.0,234,4598.0,222,4610.0,834,4596.0,156,4612.0,244,4594.0,145
1597988423144520960,1597988423000000000,2020-08-21 13:40:23.000000,4602.0,4610.0,4540.0,4540.0,nan,4572.146076,90843,4153474660.0,123519,4604.0,129,4602.0,9,4606.0,285,4600.0,135,4608.0,253,4598.0,225,4610.0,834,4596.0,156,4612.0,244,4594.0,147
1597988423627698944,1597988423500000000,2020-08-21 13:40:23.500000,4602.0,4610.0,4540.0,4540.0,nan,4572.151005,90858,4154164960.0,123519,4602.0,37,4600.0,136,4604.0,146,4598.0,162,4606.0,242,4596.0,156,4608.0,214,4594.0,147,4610.0,835,4592.0,109
1597988424213594880,1597988424000000000,2020-08-21 13:40:24.000000,4602.0,4610.0,4540.0,4540.0,nan,4572.153304,90865,4154487100.0,123518,4602.0,1,4600.0,162,4604.0,164,4598.0,202,4606.0,261,4596.0,156,4608.0,214,4594.0,147,4610.0,835,4592.0,109
1597988424643852032,1597988424500000000,2020-08-21 13:40:24.500000,4602.0,4610.0,4540.0,4540.0,nan,4572.159872,90885,4155407500.0,123521,4602.0,3,4600.0,198,4604.0,125,4598.0,205,4606.0,282,4596.0,153,4608.0,213,4594.0,147,4610.0,854,4592.0,128
1597988425117152000,1597988425000000000,2020-08-21 13:40:25.000000,4604.0,4610.0,4540.0,4540.0,nan,4572.161208,90889,4155591600.0,123523,4604.0,126,4602.0,41,4606.0,262,4600.0,179,4608.0,213,4598.0,205,4610.0,835,4596.0,155,4612.0,244,4594.0,147
1597988425615735040,1597988425500000000,2020-08-21 13:40:25.500000,4602.0,4610.0,4540.0,4540.0,nan,4572.163506,90896,4155913740.0,123528,4604.0,125,4602.0,65,4606.0,305,4600.0,174,4608.0,213,4598.0,228,4610.0,835,4596.0,155,4612.0,244,4594.0,147
1597988426188969984,1597988426000000000,2020-08-21 13:40:26.000000,4604.0,4610.0,4540.0,4540.0,nan,4572.163856,90897,4155959780.0,123528,4604.0,129,4602.0,77,4606.0,302,4600.0,172,4608.0,233,4598.0,244,4610.0,835,4596.0,155,4612.0,263,4594.0,166
1597988426696815104,1597988426500000000,2020-08-21 13:40:26.500000,4604.0,4610.0,4540.0,4540.0,nan,4572.163856,90897,4155959780.0,123528,4604.0,129,4602.0,78,4606.0,342,4600.0,212,4608.0,233,4598.0,246,4610.0,835,4596.0,155,4612.0,263,4594.0,166
1597988427136012032,1597988427000000000,2020-08-21 13:40:27.000000,4604.0,4610.0,4540.0,4540.0,nan,4572.163856,90897,4155959780.0,123528,4604.0,130,4602.0,80,4606.0,342,4600.0,212,4608.0,233,4598.0,247,4610.0,835,4596.0,155,4612.0,268,4594.0,166
1597988427619387904,1597988427500000000,2020-08-21 13:40:27.500000,4602.0,4610.0,4540.0,4540.0,nan,4572.164184,90898,4156005800.0,123528,4604.0,120,4602.0,84,4606.0,342,4600.0,212,4608.0,233,4598.0,247,4610.0,835,4596.0,155,4612.0,268,4594.0,166
1597988428120039936,1597988428000000000,2020-08-21 13:40:28.000000,4602.0,4610.0,4540.0,4540.0,nan,4572.16484,90900,4156097840.0,123529,4604.0,119,4602.0,82,4606.0,343,4600.0,234,4608.0,233,4598.0,227,4610.0,835,4596.0,155,4612.0,268,4594.0,166
1597988428612157952,1597988428500000000,2020-08-21 13:40:28.500000,4602.0,4610.0,4540.0,4540.0,nan,4572.165847,90903,4156235920.0,123529,4604.0,119,4602.0,83,4606.0,343,4600.0,252,4608.0,233,4598.0,207,4610.0,835,4596.0,155,4612.0,268,4594.0,166
1597988429130137088,1597988429000000000,2020-08-21 13:40:29.000000,4604.0,4610.0,4540.0,4540.0,nan,4572.166898,90906,4156374040.0,123532,4604.0,116,4602.0,82,4606.0,343,4600.0,252,4608.0,233,4598.0,207,4610.0,835,4596.0,155,4612.0,268,4594.0,166
1597988429604660992,1597988429500000000,2020-08-21 13:40:29.500000,4604.0,4610.0,4540.0,4540.0,nan,4572.166898,90906,4156374040.0,123532,4604.0,115,4602.0,87,4606.0,343,4600.0,252,4608.0,233,4598.0,207,4610.0,835,4596.0,155,4612.0,268,4594.0,166
1597988430130808064,1597988430000000000,2020-08-21 13:40:30.000000,4604.0,4610.0,4540.0,4540.0,nan,4572.166898,90906,4156374040.0,123532,4604.0,117,4602.0,89,4606.0,343,4600.0,253,4608.0,252,4598.0,207,4610.0,835,4596.0,155,4612.0,268,4594.0,166
1597988430629413888,1597988430500000000,2020-08-21 13:40:30.500000,4602.0,4610.0,4540.0,4540.0,nan,4572.173788,90927,4157340460.0,123532,4604.0,118,4602.0,100,4606.0,343,4600.0,251,4608.0,252,4598.0,207,4610.0,835,4596.0,155,4612.0,268,4594.0,166
1597988431110000128,1597988431000000000,2020-08-21 13:40:31.000000,4602.0,4610.0,4540.0,4540.0,nan,4572.189874,90976,4159595460.0,123501,4604.0,106,4602.0,57,4606.0,283,4600.0,231,4608.0,252,4598.0,167,4610.0,835,4596.0,155,4612.0,249,4594.0,147
1597988431635325952,1597988431500000000,2020-08-21 13:40:31.500000,4604.0,4610.0,4540.0,4540.0,nan,4572.190224,90977,4159641500.0,123502,4604.0,162,4602.0,60,4606.0,283,4600.0,211,4608.0,213,4598.0,168,4610.0,835,4596.0,155,4612.0,249,4594.0,147
1597988432127308032,1597988432000000000,2020-08-21 13:40:32.000000,4604.0,4610.0,4540.0,4540.0,nan,4572.190224,90977,4159641500.0,123502,4604.0,169,4602.0,65,4606.0,323,4600.0,191,4608.0,213,4598.0,228,4610.0,835,4596.0,155,4612.0,249,4594.0,147
1597988432611415040,1597988432500000000,2020-08-21 13:40:32.500000,4604.0,4610.0,4540.0,4540.0,nan,4572.190574,90978,4159687540.0,123503,4604.0,170,4602.0,88,4606.0,323,4600.0,191,4608.0,213,4598.0,228,4610.0,835,4596.0,155,4612.0,268,4594.0,166
1597988433134804992,1597988433000000000,2020-08-21 13:40:33.000000,4602.0,4610.0,4540.0,4540.0,nan,4572.190901,90979,4159733560.0,123503,4604.0,169,4602.0,90,4606.0,343,4600.0,211,4608.0,213,4598.0,227,4610.0,835,4596.0,155,4612.0,268,4594.0,166
1597988433616585984,1597988433500000000,2020-08-21 13:40:33.500000,4602.0,4610.0,4540.0,4540.0,nan,4572.197453,90999,4160653960.0,123494,4604.0,169,4602.0,71,4606.0,363,4600.0,211,4608.0,213,4598.0,247,4610.0,835,4596.0,155,4612.0,268,4594.0,166
1597988434112218112,1597988434000000000,2020-08-21 13:40:34.000000,4604.0,4610.0,4540.0,4540.0,nan,4572.198152,91001,4160746040.0,123496,4604.0,168,4602.0,77,4606.0,363,4600.0,211,4608.0,212,4598.0,247,4610.0,834,4596.0,155,4612.0,268,4594.0,166
1597988434615435008,1597988434500000000,2020-08-21 13:40:34.500000,4604.0,4610.0,4540.0,4540.0,nan,4572.198152,91001,4160746040.0,123496,4604.0,171,4602.0,79,4606.0,363,4600.0,211,4608.0,212,4598.0,247,4610.0,834,4596.0,155,4612.0,268,4594.0,166
1597988435127643904,1597988435000000000,2020-08-21 13:40:35.000000,4604.0,4610.0,4540.0,4540.0,nan,4572.198152,91001,4160746040.0,123496,4604.0,174,4602.0,81,4606.0,363,4600.0,211,4608.0,212,4598.0,247,4610.0,834,4596.0,155,4612.0,268,4594.0,166
1597988435614222080,1597988435500000000,2020-08-21 13:40:35.500000,4604.0,4610.0,4540.0,4540.0,nan,4572.198501,91002,4160792080.0,123497,4604.0,173,4602.0,82,4606.0,364,4600.0,211,4608.0,212,4598.0,247,4610.0,834,4596.0,155,4612.0,268,4594.0,166
