local_nano_time,quote_nano_time,datetime,last_price,highest,lowest,open,close,average,volume,amount,open_interest,ask_price1,ask_volume1,bid_price1,bid_volume1,ask_price2,ask_volume2,bid_price2,bid_volume2,ask_price3,ask_volume3,bid_price3,bid_volume3,ask_price4,ask_volume4,bid_price4,bid_volume4,ask_price5,ask_volume5,bid_price5,bid_volume5
1597988226229777920,1597988226727000064,2020-08-21 13:37:06.727000,1922.0,1926.0,1898.0,1907.0,nan,1913.0,709052,13564164760.0,900416,1923.0,1348,1922.0,434,nan,0,nan,0,nan,0,nan,0,nan,0,nan,0,nan,0,nan,0
1597988226685596928,1597988227224000000,2020-08-21 13:37:07.224000,1922.0,1926.0,1898.0,1907.0,nan,1913.0,709083,13564757790.0,900431,1923.0,1359,1922.0,403,nan,0,nan,0,nan,0,nan,0,nan,0,nan,0,nan,0,nan,0
1597988227191437056,1597988227728000000,2020-08-21 13:37:07.728000,1922.0,1926.0,1898.0,1907.0,nan,1913.0,709083,13564757790.0,900431,1923.0,1367,1922.0,413,nan,0,nan,0,nan,0,nan,0,nan,0,nan,0,nan,0,nan,0
1597988227690859008,1597988228239000064,2020-08-21 13:37:08.239000,1922.0,1926.0,1898.0,1907.0,nan,1913.0,709086,13564815180.0,900432,1923.0,1368,1922.0,410,nan,0,nan,0,nan,0,nan,0,nan,0,nan,0,nan,0,nan,0
1597988228688910080,1597988229198999808,2020-08-21 13:37:09.199000,1922.0,1926.0,1898.0,1907.0,nan,1913.0,709086,13564815180.0,900432,1923.0,1377,1922.0,410,nan,0,nan,0,nan,0,nan,0,nan,0,nan,0,nan,0,nan,0
1597988229191030016,1597988229670000128,2020-08-21 13:37:09.670000,1923.0,1926.0,1898.0,1907.0,nan,1913.0,709088,13564853440.0,900432,1923.0,1375,1922.0,388,nan,0,nan,0,nan,0,nan,0,nan,0,nan,0,nan,0,nan,0
1597988229694694912,1597988230227000064,2020-08-21 13:37:10.227000,1922.0,1926.0,1898.0,1907.0,nan,1913.0,709089,13564872570.0,900433,1923.0,1375,1922.0,397,nan,0,nan,0,nan,0,nan,0,nan,0,nan,0,nan,0,nan,0
1597988230247261952,1597988230713999872,2020-08-21 13:37:10.714000,1922.0,1926.0,1898.0,1907.0,nan,1913.0,709092,13564929960.0,900436,1923.0,1375,1922.0,394,nan,0,nan,0,nan,0,nan,0,nan,0,nan,0,nan,0,nan,0
1597988230696439040,1597988231226000128,2020-08-21 13:37:11.226000,1922.0,1926.0,1898.0,1907.0,nan,1913.0,709096,13565006480.0,900436,1923.0,1374,1922.0,391,nan,0,nan,0,nan,0,nan,0,nan,0,nan,0,nan,0,nan,0
1597988231206930944,1597988231734999808,2020-08-21 13:37:11.735000,1922.0,1926.0,1898.0,1907.0,nan,1913.0,709101,13565102130.0,900436,1923.0,1375,1922.0,383,nan,0,nan,0,nan,0,nan,0,nan,0,nan,0,nan,0,nan,0
1597988231714743040,1597988232226000128,2020-08-21 13:37:12.226000,1922.0,1926.0,1898.0,1907.0,nan,1913.0,709102,13565121260.0,900436,1923.0,1377,1922.0,433,nan,0,nan,0,nan,0,nan,0,nan,0,nan,0,nan,0,nan,0
1597988232201388032,1597988232742000128,2020-08-21 13:37:12.742000,1922.0,1926.0,1898.0,1907.0,nan,1913.0,709105,13565178650.0,900436,1923.0,1376,1922.0,433,nan,0,nan,0,nan,0,nan,0,nan,0,nan,0,nan,0,nan,0
1597988232706827008,1597988233224999936,2020-08-21 13:37:13.225000,1922.0,1926.0,1898.0,1907.0,nan,1913.0,709107,13565216910.0,900436,1923.0,1375,1922.0,432,nan,0,nan,0,nan,0,nan,0,nan,0,nan,0,nan,0,nan,0
1597988233205498880,1597988233696999936,2020-08-21 13:37:13.697000,1922.0,1926.0,1898.0,1907.0,nan,1913.0,709112,13565312560.0,900436,1923.0,1375,1922.0,427,nan,0,nan,0,nan,0,nan,0,nan,0,nan,0,nan,0,nan,0
1597988233697683968,1597988234216000000,2020-08-21 13:37:14.216000,1922.0,1926.0,1898.0,1907.0,nan,1913.0,709112,13565312560.0,900436,1923.0,1375,1922.0,428,nan,0,nan,0,nan,0,nan,0,nan,0,nan,0,nan,0,nan,0
1597988234205878016,1597988234720999936,2020-08-21 13:37:14.721000,1922.0,1926.0,1898.0,1907.0,nan,1913.0,709112,13565312560.0,900436,1923.0,1367,1922.0,428,nan,0,nan,0,nan,0,nan,0,nan,0,nan,0,nan,0,nan,0
1597988234698203904,1597988235193000192,2020-08-21 13:37:15.193000,1922.0,1926.0,1898.0,1907.0,nan,1913.0,709113,13565331690.0,900437,1923.0,1369,1922.0,428,nan,0,nan,0,nan,0,nan,0,nan,0,nan,0,nan,0,nan,0
1597988235200676096,1597988235608000000,2020-08-21 13:37:15.608000,1922.0,1926.0,1898.0,1907.0,nan,1913.0,709115,13565369950.0,900437,1923.0,1268,1922.0,426,nan,0,nan,0,nan,0,nan,0,nan,0,nan,0,nan,0,nan,0
1597988235862277120,1597988236221999872,2020-08-21 13:37:16.222000,1922.0,1926.0,1898.0,1907.0,nan,1913.0,709123,13565522990.0,900437,1923.0,1280,1922.0,419,nan,0,nan,0,nan,0,nan,0,nan,0,nan,0,nan,0,nan,0
1597988236216638976,1597988236734999808,2020-08-21 13:37:16.735000,1923.0,1926.0,1898.0,1907.0,nan,1913.0,709250,13567952500.0,900376,1923.0,1237,1922.0,309,nan,0,nan,0,nan,0,nan,0,nan,0,nan,0,nan,0,nan,0
1597988236706177024,1597988237232000000,2020-08-21 13:37:17.232000,1923.0,1926.0,1898.0,1907.0,nan,1913.0,709273,13568392490.0,900376,1923.0,1229,1922.0,316,nan,0,nan,0,nan,0,nan,0,nan,0,nan,0,nan,0,nan,0
1597988237220465920,1597988237740000000,2020-08-21 13:37:17.740000,1922.0,1926.0,1898.0,1907.0,nan,1913.0,709282,13568564660.0,900377,1923.0,1250,1922.0,320,nan,0,nan,0,nan,0,nan,0,nan,0,nan,0,nan,0,nan,0
1597988237701702912,1597988238211000064,2020-08-21 13:37:18.211000,1922.0,1926.0,1898.0,1907.0,nan,1913.0,709283,13568583790.0,900378,1923.0,1250,1922.0,316,nan,0,nan,0,nan,0,nan,0,nan,0,nan,0,nan,0,nan,0
1597988238212812032,1597988238712000000,2020-08-21 13:37:18.712000,1923.0,1926.0,1898.0,1907.0,nan,1913.0,709284,13568602920.0,900377,1923.0,1250,1922.0,315,nan,0,nan,0,nan,0,nan,0,nan,0,nan,0,nan,0,nan,0
1597988238711250944,1597988239240999936,2020-08-21 13:37:19.241000,1923.0,1926.0,1898.0,1907.0,nan,1913.0,709285,13568622050.0,900377,1923.0,1252,1922.0,315,nan,0,nan,0,nan,0,nan,0,nan,0,nan,0,nan,0,nan,0
1597988239186958080,1597988239690000128,2020-08-21 13:37:19.690000,1923.0,1926.0,1898.0,1907.0,nan,1913.0,709293,13568775090.0,900377,1923.0,1243,1922.0,316,nan,0,nan,0,nan,0,nan,0,nan,0,nan,0,nan,0,nan,0
1597988239693125120,1597988240232999936,2020-08-21 13:37:20.233000,1923.0,1926.0,1898.0,1907.0,nan,1913.0,709329,13569463770.0,900410,1923.0,1233,1922.0,289,nan,0,nan,0,nan,0,nan,0,nan,0,nan,0,nan,0,nan,0
1597988240203504896,1597988240720999936,2020-08-21 13:37:20.721000,1922.0,1926.0,1898.0,1907.0,nan,1913.0,709331,13569502030.0,900412,1923.0,1244,1922.0,294,nan,0,nan,0,nan,0,nan,0,nan,0,nan,0,nan,0,nan,0
1597988240695886080,1597988241204000000,2020-08-21 13:37:21.204000,1922.0,1926.0,1898.0,1907.0,nan,1913.0,709332,13569521160.0,900413,1923.0,1254,1922.0,313,nan,0,nan,0,nan,0,nan,0,nan,0,nan,0,nan,0,nan,0
1597988241193575936,1597988241731000064,2020-08-21 13:37:21.731000,1922.0,1926.0,1898.0,1907.0,nan,1913.0,709536,13573423680.0,900473,1923.0,1252,1922.0,111,nan,0,nan,0,nan,0,nan,0,nan,0,nan,0,nan,0,nan,0
1597988241697615872,1597988242229000192,2020-08-21 13:37:22.229000,1922.0,1926.0,1898.0,1907.0,nan,1913.0,709647,13575547110.0,900440,1922.0,185,1921.0,732,nan,0,nan,0,nan,0,nan,0,nan,0,nan,0,nan,0,nan,0
1597988242192225024,1597988242733999872,2020-08-21 13:37:22.734000,1922.0,1926.0,1898.0,1907.0,nan,1913.0,709647,13575547110.0,900440,1922.0,196,1921.0,732,nan,0,nan,0,nan,0,nan,0,nan,0,nan,0,nan,0,nan,0
1597988242704893952,1597988243240000000,2020-08-21 13:37:23.240000,1922.0,1926.0,1898.0,1907.0,nan,1913.0,709647,13575547110.0,900440,1922.0,277,1921.0,732,nan,0,nan,0,nan,0,nan,0,nan,0,nan,0,nan,0,nan,0
1597988243192843008,1597988243736999936,2020-08-21 13:37:23.737000,1922.0,1926.0,1898.0,1907.0,nan,1913.0,709647,13575547110.0,900440,1922.0,279,1921.0,732,nan,0,nan,0,nan,0,nan,0,nan,0,nan,0,nan,0,nan,0
1597988243694519040,1597988244160000000,2020-08-21 13:37:24.160000,1922.0,1926.0,1898.0,1907.0,nan,1913.0,709648,13575566240.0,900440,1922.0,278,1921.0,732,nan,0,nan,0,nan,0,nan,0,nan,0,nan,0,nan,0,nan,0
1597988244203574016,1597988244698999808,2020-08-21 13:37:24.699000,1921.0,1926.0,1898.0,1907.0,nan,1913.0,709649,13575585370.0,900441,1922.0,280,1921.0,791,nan,0,nan,0,nan,0,nan,0,nan,0,nan,0,nan,0,nan,0
1597988244699979008,1597988245219000064,2020-08-21 13:37:25.219000,1922.0,1926.0,1898.0,1907.0,nan,1913.0,709739,13577307070.0,900419,1922.0,192,1921.0,790,nan,0,nan,0,nan,0,nan,0,nan,0,nan,0,nan,0,nan,0
1597988245205540096,1597988245700000000,2020-08-21 13:37:25.700000,1922.0,1926.0,1898.0,1907.0,nan,1913.0,709739,13577307070.0,900419,1922.0,233,1921.0,790,nan,0,nan,0,nan,0,nan,0,nan,0,nan,0,nan,0,nan,0
1597988246239172096,1597988246723000064,2020-08-21 13:37:26.723000,1922.0,1926.0,1898.0,1907.0,nan,1913.0,709743,13577383590.0,900418,1922.0,230,1921.0,790,nan,0,nan,0,nan,0,nan,0,nan,0,nan,0,nan,0,nan,0
1597988246720271872,1597988247234999808,2020-08-21 13:37:27.235000,1922.0,1926.0,1898.0,1907.0,nan,1913.0,709743,13577383590.0,900418,1922.0,233,1921.0,781,nan,0,nan,0,nan,0,nan,0,nan,0,nan,0,nan,0,nan,0
1597988247196611072,1597988247742000128,2020-08-21 13:37:27.742000,1921.0,1926.0,1898.0,1907.0,nan,1913.0,709744,13577402720.0,900419,1922.0,233,1921.0,780,nan,0,nan,0,nan,0,nan,0,nan,0,nan,0,nan,0,nan,0
1597988247700637952,1597988248221999872,2020-08-21 13:37:28.222000,1922.0,1926.0,1898.0,1907.0,nan,1913.0,709745,13577421850.0,900418,1922.0,233,1921.0,790,nan,0,nan,0,nan,0,nan,0,nan,0,nan,0,nan,0,nan,0
1597988248249952000,1597988248727000064,2020-08-21 13:37:28.727000,1921.0,1926.0,1898.0,1907.0,nan,1913.0,709750,13577517500.0,900421,1922.0,231,1921.0,787,nan,0,nan,0,nan,0,nan,0,nan,0,nan,0,nan,0,nan,0
1597988248698784000,1597988249240000000,2020-08-21 13:37:29.240000,1922.0,1926.0,1898.0,1907.0,nan,1913.0,709805,13578569650.0,900415,1922.0,89,1921.0,786,nan,0,nan,0,nan,0,nan,0,nan,0,nan,0,nan,0,nan,0
1597988249348743936,1597988249731000064,2020-08-21 13:37:29.731000,1921.0,1926.0,1898.0,1907.0,nan,1913.0,709941,13581171330.0,900468,1922.0,49,1921.0,784,nan,0,nan,0,nan,0,nan,0,nan,0,nan,0,nan,0,nan,0
1597988249705041920,1597988250240000000,2020-08-21 13:37:30.240000,1922.0,1926.0,1898.0,1907.0,nan,1913.0,709946,13581266980.0,900465,1922.0,50,1921.0,784,nan,0,nan,0,nan,0,nan,0,nan,0,nan,0,nan,0,nan,0
1597988250216016896,1597988250739000064,2020-08-21 13:37:30.739000,1922.0,1926.0,1898.0,1907.0,nan,1913.0,709946,13581266980.0,900465,1922.0,56,1921.0,808,nan,0,nan,0,nan,0,nan,0,nan,0,nan,0,nan,0,nan,0
1597988250712233984,1597988251240000000,2020-08-21 13:37:31.240000,1922.0,1926.0,1898.0,1907.0,nan,1913.0,709955,13581439150.0,900456,1922.0,47,1921.0,810,nan,0,nan,0,nan,0,nan,0,nan,0,nan,0,nan,0,nan,0
1597988251203108096,1597988251737999872,2020-08-21 13:37:31.738000,1922.0,1926.0,1898.0,1907.0,nan,1913.0,709958,13581496540.0,900456,1922.0,56,1921.0,811,nan,0,nan,0,nan,0,nan,0,nan,0,nan,0,nan,0,nan,0
1597988251705502976,1597988252190000128,2020-08-21 13:37:32.190000,1922.0,1926.0,1898.0,1907.0,nan,1913.0,709959,13581515670.0,900456,1922.0,60,1921.0,812,nan,0,nan,0,nan,0,nan,0,nan,0,nan,0,nan,0,nan,0
1597988252204547072,1597988252742000128,2020-08-21 13:37:32.742000,1922.0,1926.0,1898.0,1907.0,nan,1913.0,709962,13581573060.0,900456,1922.0,129,1921.0,811,nan,0,nan,0,nan,0,nan,0,nan,0,nan,0,nan,0,nan,0
1597988252704120064,1597988253240000000,2020-08-21 13:37:33.240000,1922.0,1926.0,1898.0,1907.0,nan,1913.0,709966,13581649580.0,900456,1922.0,129,1921.0,810,nan,0,nan,0,nan,0,nan,0,nan,0,nan,0,nan,0,nan,0
1597988253206429952,1597988253730000128,2020-08-21 13:37:33.730000,1922.0,1926.0,1898.0,1907.0,nan,1913.0,709967,13581668710.0,900456,1922.0,330,1921.0,810,nan,0,nan,0,nan,0,nan,0,nan,0,nan,0,nan,0,nan,0
1597988253704179968,1597988254240999936,2020-08-21 13:37:34.241000,1922.0,1926.0,1898.0,1907.0,nan,1913.0,709968,13581687840.0,900456,1922.0,527,1921.0,506,nan,0,nan,0,nan,0,nan,0,nan,0,nan,0,nan,0,nan,0
1597988254209182976,1597988254739000064,2020-08-21 13:37:34.739000,1922.0,1926.0,1898.0,1907.0,nan,1913.0,709971,13581745230.0,900455,1922.0,590,1921.0,507,nan,0,nan,0,nan,0,nan,0,nan,0,nan,0,nan,0,nan,0
1597988254747313920,1597988255228000000,2020-08-21 13:37:35.228000,1922.0,1926.0,1898.0,1907.0,nan,1913.0,709972,13581764360.0,900454,1922.0,593,1921.0,507,nan,0,nan,0,nan,0,nan,0,nan,0,nan,0,nan,0,nan,0
1597988255207805952,1597988255737999872,2020-08-21 13:37:35.738000,1921.0,1926.0,1898.0,1907.0,nan,1913.0,709978,13581879140.0,900454,1922.0,621,1921.0,503,nan,0,nan,0,nan,0,nan,0,nan,0,nan,0,nan,0,nan,0
1597988255704355072,1597988256232999936,2020-08-21 13:37:36.233000,1921.0,1926.0,1898.0,1907.0,nan,1913.0,709989,13582089570.0,900455,1922.0,621,1921.0,492,nan,0,nan,0,nan,0,nan,0,nan,0,nan,0,nan,0,nan,0
1597988256212847104,1597988256740999936,2020-08-21 13:37:36.741000,1921.0,1926.0,1898.0,1907.0,nan,1913.0,709989,13582089570.0,900455,1922.0,621,1921.0,451,nan,0,nan,0,nan,0,nan,0,nan,0,nan,0,nan,0,nan,0
1597988256704376064,1597988257223000064,2020-08-21 13:37:37.223000,1921.0,1926.0,1898.0,1907.0,nan,1913.0,709989,13582089570.0,900455,1922.0,629,1921.0,451,nan,0,nan,0,nan,0,nan,0,nan,0,nan,0,nan,0,nan,0
1597988257718565120,1597988258237999872,2020-08-21 13:37:38.238000,1922.0,1926.0,1898.0,1907.0,nan,1913.0,709990,13582108700.0,900454,1922.0,629,1921.0,451,nan,0,nan,0,nan,0,nan,0,nan,0,nan,0,nan,0,nan,0
1597988258220280064,1597988258734999808,2020-08-21 13:37:38.735000,1922.0,1926.0,1898.0,1907.0,nan,1913.0,709990,13582108700.0,900454,1922.0,629,1921.0,461,nan,0,nan,0,nan,0,nan,0,nan,0,nan,0,nan,0,nan,0
1597988258723880960,1597988259240000000,2020-08-21 13:37:39.240000,1922.0,1926.0,1898.0,1907.0,nan,1913.0,709990,13582108700.0,900454,1922.0,631,1921.0,461,nan,0,nan,0,nan,0,nan,0,nan,0,nan,0,nan,0,nan,0
1597988259219651072,1597988259724000000,2020-08-21 13:37:39.724000,1922.0,1926.0,1898.0,1907.0,nan,1913.0,709991,13582127830.0,900453,1922.0,630,1921.0,461,nan,0,nan,0,nan,0,nan,0,nan,0,nan,0,nan,0,nan,0
1597988259716751872,1597988260211000064,2020-08-21 13:37:40.211000,1922.0,1926.0,1898.0,1907.0,nan,1913.0,709991,13582127830.0,900453,1922.0,654,1921.0,462,nan,0,nan,0,nan,0,nan,0,nan,0,nan,0,nan,0,nan,0
1597988260217018112,1597988260736999936,2020-08-21 13:37:40.737000,1921.0,1926.0,1898.0,1907.0,nan,1913.0,709992,13582146960.0,900454,1922.0,656,1921.0,461,nan,0,nan,0,nan,0,nan,0,nan,0,nan,0,nan,0,nan,0
1597988260721657088,1597988261242000128,2020-08-21 13:37:41.242000,1921.0,1926.0,1898.0,1907.0,nan,1913.0,709992,13582146960.0,900454,1922.0,667,1921.0,461,nan,0,nan,0,nan,0,nan,0,nan,0,nan,0,nan,0,nan,0
1597988261197650944,1597988261736000000,2020-08-21 13:37:41.736000,1921.0,1926.0,1898.0,1907.0,nan,1913.0,709992,13582146960.0,900454,1922.0,667,1921.0,462,nan,0,nan,0,nan,0,nan,0,nan,0,nan,0,nan,0,nan,0
1597988261700524032,1597988262239000064,2020-08-21 13:37:42.239000,1921.0,1926.0,1898.0,1907.0,nan,1913.0,709994,13582185220.0,900453,1922.0,667,1921.0,461,nan,0,nan,0,nan,0,nan,0,nan,0,nan,0,nan,0,nan,0
1597988262199418880,1597988262742000128,2020-08-21 13:37:42.742000,1921.0,1926.0,1898.0,1907.0,nan,1913.0,709995,13582204350.0,900453,1922.0,675,1921.0,460,nan,0,nan,0,nan,0,nan,0,nan,0,nan,0,nan,0,nan,0
1597988262705625088,1597988263232999936,2020-08-21 13:37:43.233000,1921.0,1926.0,1898.0,1907.0,nan,1913.0,709995,13582204350.0,900453,1922.0,679,1921.0,463,nan,0,nan,0,nan,0,nan,0,nan,0,nan,0,nan,0,nan,0
1597988263201841920,1597988263740999936,2020-08-21 13:37:43.741000,1922.0,1926.0,1898.0,1907.0,nan,1913.0,709997,13582242610.0,900453,1922.0,679,1921.0,464,nan,0,nan,0,nan,0,nan,0,nan,0,nan,0,nan,0,nan,0
1597988263700588032,1597988264236999936,2020-08-21 13:37:44.237000,1922.0,1926.0,1898.0,1907.0,nan,1913.0,709997,13582242610.0,900453,1922.0,681,1921.0,464,nan,0,nan,0,nan,0,nan,0,nan,0,nan,0,nan,0,nan,0
1597988264719603968,1597988265232000000,2020-08-21 13:37:45.232000,1922.0,1926.0,1898.0,1907.0,nan,1913.0,709998,13582261740.0,900453,1922.0,680,1921.0,464,nan,0,nan,0,nan,0,nan,0,nan,0,nan,0,nan,0,nan,0
1597988265719005952,1597988266236000000,2020-08-21 13:37:46.236000,1921.0,1926.0,1898.0,1907.0,nan,1913.0,710000,13582300000.0,900455,1922.0,680,1921.0,461,nan,0,nan,0,nan,0,nan,0,nan,0,nan,0,nan,0,nan,0
1597988266225979904,1597988266729000192,2020-08-21 13:37:46.729000,1921.0,1926.0,1898.0,1907.0,nan,1913.0,710000,13582300000.0,900455,1922.0,681,1921.0,461,nan,0,nan,0,nan,0,nan,0,nan,0,nan,0,nan,0,nan,0
1597988266703956992,1597988267224000000,2020-08-21 13:37:47.224000,1921.0,1926.0,1898.0,1907.0,nan,1913.0,710001,13582319130.0,900455,1922.0,681,1921.0,460,nan,0,nan,0,nan,0,nan,0,nan,0,nan,0,nan,0,nan,0
1597988267232923904,1597988267736999936,2020-08-21 13:37:47.737000,1921.0,1926.0,1898.0,1907.0,nan,1913.0,710001,13582319130.0,900455,1922.0,681,1921.0,470,nan,0,nan,0,nan,0,nan,0,nan,0,nan,0,nan,0,nan,0
1597988267727877888,1597988268177999872,2020-08-21 13:37:48.178000,1921.0,1926.0,1898.0,1907.0,nan,1913.0,710003,13582357390.0,900456,1922.0,681,1921.0,468,nan,0,nan,0,nan,0,nan,0,nan,0,nan,0,nan,0,nan,0
1597988268222164992,1597988268732999936,2020-08-21 13:37:48.733000,1921.0,1926.0,1898.0,1907.0,nan,1913.0,710004,13582376520.0,900457,1922.0,681,1921.0,467,nan,0,nan,0,nan,0,nan,0,nan,0,nan,0,nan,0,nan,0
1597988268710769920,1597988269240000000,2020-08-21 13:37:49.240000,1922.0,1926.0,1898.0,1907.0,nan,1913.0,710006,13582414780.0,900456,1922.0,682,1921.0,469,nan,0,nan,0,nan,0,nan,0,nan,0,nan,0,nan,0,nan,0
1597988270208135936,1597988270731000064,2020-08-21 13:37:50.731000,1922.0,1926.0,1898.0,1907.0,nan,1913.0,710006,13582414780.0,900456,1922.0,688,1921.0,473,nan,0,nan,0,nan,0,nan,0,nan,0,nan,0,nan,0,nan,0
1597988270711100928,1597988271228000000,2020-08-21 13:37:51.228000,1921.0,1926.0,1898.0,1907.0,nan,1913.0,710015,13582586950.0,900451,1922.0,688,1921.0,464,nan,0,nan,0,nan,0,nan,0,nan,0,nan,0,nan,0,nan,0
1597988271208282880,1597988271740000000,2020-08-21 13:37:51.740000,1921.0,1926.0,1898.0,1907.0,nan,1913.0,710017,13582625210.0,900451,1922.0,679,1921.0,462,nan,0,nan,0,nan,0,nan,0,nan,0,nan,0,nan,0,nan,0
1597988271709809920,1597988272233999872,2020-08-21 13:37:52.234000,1921.0,1926.0,1898.0,1907.0,nan,1913.0,710053,13583313890.0,900442,1922.0,679,1921.0,426,nan,0,nan,0,nan,0,nan,0,nan,0,nan,0,nan,0,nan,0
1597988272229842944,1597988272740000000,2020-08-21 13:37:52.740000,1921.0,1926.0,1898.0,1907.0,nan,1913.0,710082,13583868660.0,900462,1922.0,662,1921.0,397,nan,0,nan,0,nan,0,nan,0,nan,0,nan,0,nan,0,nan,0
1597988272725344000,1597988273233999872,2020-08-21 13:37:53.234000,1921.0,1926.0,1898.0,1907.0,nan,1913.0,710082,13583868660.0,900462,1922.0,662,1921.0,396,nan,0,nan,0,nan,0,nan,0,nan,0,nan,0,nan,0,nan,0
1597988274210458112,1597988274724999936,2020-08-21 13:37:54.725000,1921.0,1926.0,1898.0,1907.0,nan,1913.0,710084,13583906920.0,900464,1922.0,662,1921.0,398,nan,0,nan,0,nan,0,nan,0,nan,0,nan,0,nan,0,nan,0
1597988274710036992,1597988275239000064,2020-08-21 13:37:55.239000,1922.0,1926.0,1898.0,1907.0,nan,1913.0,710085,13583926050.0,900465,1922.0,661,1921.0,399,nan,0,nan,0,nan,0,nan,0,nan,0,nan,0,nan,0,nan,0
1597988275216680960,1597988275727000064,2020-08-21 13:37:55.727000,1922.0,1926.0,1898.0,1907.0,nan,1913.0,710085,13583926050.0,900465,1922.0,664,1921.0,399,nan,0,nan,0,nan,0,nan,0,nan,0,nan,0,nan,0,nan,0
1597988275711482880,1597988276240999936,2020-08-21 13:37:56.241000,1922.0,1926.0,1898.0,1907.0,nan,1913.0,710085,13583926050.0,900465,1922.0,670,1921.0,399,nan,0,nan,0,nan,0,nan,0,nan,0,nan,0,nan,0,nan,0
1597988276216600064,1597988276736999936,2020-08-21 13:37:56.737000,1922.0,1926.0,1898.0,1907.0,nan,1913.0,710086,13583945180.0,900466,1922.0,674,1921.0,399,nan,0,nan,0,nan,0,nan,0,nan,0,nan,0,nan,0,nan,0
1597988276806735104,1597988277226000128,2020-08-21 13:37:57.226000,1922.0,1926.0,1898.0,1907.0,nan,1913.0,710088,13583983440.0,900468,1922.0,673,1921.0,399,nan,0,nan,0,nan,0,nan,0,nan,0,nan,0,nan,0,nan,0
1597988277270225920,1597988277706000128,2020-08-21 13:37:57.706000,1921.0,1926.0,1898.0,1907.0,nan,1913.0,710089,13584002570.0,900468,1922.0,673,1921.0,408,nan,0,nan,0,nan,0,nan,0,nan,0,nan,0,nan,0,nan,0
1597988277719656960,1597988278236999936,2020-08-21 13:37:58.237000,1921.0,1926.0,1898.0,1907.0,nan,1913.0,710089,13584002570.0,900468,1922.0,673,1921.0,410,nan,0,nan,0,nan,0,nan,0,nan,0,nan,0,nan,0,nan,0
1597988278217335040,1597988278736000000,2020-08-21 13:37:58.736000,1921.0,1926.0,1898.0,1907.0,nan,1913.0,710089,13584002570.0,900468,1922.0,674,1921.0,411,nan,0,nan,0,nan,0,nan,0,nan,0,nan,0,nan,0,nan,0
1597988278718318080,1597988279236000000,2020-08-21 13:37:59.236000,1922.0,1926.0,1898.0,1907.0,nan,1913.0,710094,13584098220.0,900473,1922.0,680,1921.0,411,nan,0,nan,0,nan,0,nan,0,nan,0,nan,0,nan,0,nan,0
1597988279216307968,1597988279720000000,2020-08-21 13:37:59.720000,1921.0,1926.0,1898.0,1907.0,nan,1913.0,710095,13584117350.0,900473,1922.0,690,1921.0,410,nan,0,nan,0,nan,0,nan,0,nan,0,nan,0,nan,0,nan,0
1597988279715545088,1597988280161999872,2020-08-21 13:38:00.162000,1922.0,1926.0,1898.0,1907.0,nan,1913.0,710096,13584136480.0,900474,1922.0,687,1921.0,410,nan,0,nan,0,nan,0,nan,0,nan,0,nan,0,nan,0,nan,0
1597988280225896960,1597988280742000128,2020-08-21 13:38:00.742000,1922.0,1926.0,1898.0,1907.0,nan,1913.0,710096,13584136480.0,900474,1922.0,688,1921.0,414,nan,0,nan,0,nan,0,nan,0,nan,0,nan,0,nan,0,nan,0
1597988280715281920,1597988281236999936,2020-08-21 13:38:01.237000,1922.0,1926.0,1898.0,1907.0,nan,1913.0,710098,13584174740.0,900475,1922.0,687,1921.0,428,nan,0,nan,0,nan,0,nan,0,nan,0,nan,0,nan,0,nan,0
1597988281210646016,1597988281742000128,2020-08-21 13:38:01.742000,1921.0,1926.0,1898.0,1907.0,nan,1913.0,710100,13584213000.0,900475,1922.0,688,1921.0,426,nan,0,nan,0,nan,0,nan,0,nan,0,nan,0,nan,0,nan,0
1597988281717914880,1597988282193000192,2020-08-21 13:38:02.193000,1921.0,1926.0,1898.0,1907.0,nan,1913.0,710100,13584213000.0,900475,1922.0,689,1921.0,429,nan,0,nan,0,nan,0,nan,0,nan,0,nan,0,nan,0,nan,0
1597988282217326080,1597988282712999936,2020-08-21 13:38:02.713000,1921.0,1926.0,1898.0,1907.0,nan,1913.0,710100,13584213000.0,900475,1922.0,689,1921.0,465,nan,0,nan,0,nan,0,nan,0,nan,0,nan,0,nan,0,nan,0
1597988282719467008,1597988283233999872,2020-08-21 13:38:03.234000,1921.0,1926.0,1898.0,1907.0,nan,1913.0,710101,13584232130.0,900475,1922.0,694,1921.0,578,nan,0,nan,0,nan,0,nan,0,nan,0,nan,0,nan,0,nan,0
1597988283213357056,1597988283733999872,2020-08-21 13:38:03.734000,1921.0,1926.0,1898.0,1907.0,nan,1913.0,710101,13584232130.0,900475,1922.0,698,1921.0,578,nan,0,nan,0,nan,0,nan,0,nan,0,nan,0,nan,0,nan,0
1597988283716166912,1597988284237999872,2020-08-21 13:38:04.238000,1922.0,1926.0,1898.0,1907.0,nan,1913.0,710102,13584251260.0,900475,1922.0,697,1921.0,578,nan,0,nan,0,nan,0,nan,0,nan,0,nan,0,nan,0,nan,0
1597988284230801920,1597988284706000128,2020-08-21 13:38:04.706000,1921.0,1926.0,1898.0,1907.0,nan,1913.0,710124,13584672120.0,900477,1922.0,716,1921.0,553,nan,0,nan,0,nan,0,nan,0,nan,0,nan,0,nan,0,nan,0
1597988284714724096,1597988285234999808,2020-08-21 13:38:05.235000,1921.0,1926.0,1898.0,1907.0,nan,1913.0,710142,13585016460.0,900487,1922.0,763,1921.0,425,nan,0,nan,0,nan,0,nan,0,nan,0,nan,0,nan,0,nan,0
1597988285212280064,1597988285714999808,2020-08-21 13:38:05.715000,1921.0,1926.0,1898.0,1907.0,nan,1913.0,710144,13585054720.0,900487,1922.0,765,1921.0,432,nan,0,nan,0,nan,0,nan,0,nan,0,nan,0,nan,0,nan,0
1597988285712135936,1597988286236999936,2020-08-21 13:38:06.237000,1921.0,1926.0,1898.0,1907.0,nan,1913.0,710144,13585054720.0,900487,1922.0,765,1921.0,433,nan,0,nan,0,nan,0,nan,0,nan,0,nan,0,nan,0,nan,0
1597988287725648896,1597988288242000128,2020-08-21 13:38:08.242000,1921.0,1926.0,1898.0,1907.0,nan,1913.0,710145,13585073850.0,900488,1922.0,765,1921.0,433,nan,0,nan,0,nan,0,nan,0,nan,0,nan,0,nan,0,nan,0
1597988288215011072,1597988288730000128,2020-08-21 13:38:08.730000,1921.0,1926.0,1898.0,1907.0,nan,1913.0,710145,13585073850.0,900488,1922.0,765,1921.0,447,nan,0,nan,0,nan,0,nan,0,nan,0,nan,0,nan,0,nan,0
1597988288730286080,1597988289240999936,2020-08-21 13:38:09.241000,1921.0,1926.0,1898.0,1907.0,nan,1913.0,710146,13585092980.0,900488,1922.0,765,1921.0,447,nan,0,nan,0,nan,0,nan,0,nan,0,nan,0,nan,0,nan,0
1597988289224980992,1597988289729000192,2020-08-21 13:38:09.729000,1921.0,1926.0,1898.0,1907.0,nan,1913.0,710148,13585131240.0,900490,1922.0,767,1921.0,445,nan,0,nan,0,nan,0,nan,0,nan,0,nan,0,nan,0,nan,0
1597988289801922048,1597988290232999936,2020-08-21 13:38:10.233000,1921.0,1926.0,1898.0,1907.0,nan,1913.0,710148,13585131240.0,900490,1922.0,785,1921.0,445,nan,0,nan,0,nan,0,nan,0,nan,0,nan,0,nan,0,nan,0
1597988290226267904,1597988290716999936,2020-08-21 13:38:10.717000,1921.0,1926.0,1898.0,1907.0,nan,1913.0,710150,13585169500.0,900491,1922.0,784,1921.0,444,nan,0,nan,0,nan,0,nan,0,nan,0,nan,0,nan,0,nan,0
1597988290717472000,1597988291242000128,2020-08-21 13:38:11.242000,1921.0,1926.0,1898.0,1907.0,nan,1913.0,710159,13585341670.0,900492,1922.0,783,1921.0,436,nan,0,nan,0,nan,0,nan,0,nan,0,nan,0,nan,0,nan,0
1597988291214993920,1597988291740999936,2020-08-21 13:38:11.741000,1921.0,1926.0,1898.0,1907.0,nan,1913.0,710160,13585360800.0,900493,1922.0,783,1921.0,477,nan,0,nan,0,nan,0,nan,0,nan,0,nan,0,nan,0,nan,0
1597988291720915968,1597988292223000064,2020-08-21 13:38:12.223000,1921.0,1926.0,1898.0,1907.0,nan,1913.0,710161,13585379930.0,900493,1922.0,783,1921.0,476,nan,0,nan,0,nan,0,nan,0,nan,0,nan,0,nan,0,nan,0
1597988292228434944,1597988292713999872,2020-08-21 13:38:12.714000,1921.0,1926.0,1898.0,1907.0,nan,1913.0,710161,13585379930.0,900493,1922.0,785,1921.0,477,nan,0,nan,0,nan,0,nan,0,nan,0,nan,0,nan,0,nan,0
1597988292717285888,1597988293236999936,2020-08-21 13:38:13.237000,1921.0,1926.0,1898.0,1907.0,nan,1913.0,710164,13585437320.0,900493,1922.0,788,1921.0,474,nan,0,nan,0,nan,0,nan,0,nan,0,nan,0,nan,0,nan,0
1597988293219421952,1597988293727000064,2020-08-21 13:38:13.727000,1921.0,1926.0,1898.0,1907.0,nan,1913.0,710179,13585724270.0,900504,1922.0,778,1921.0,469,nan,0,nan,0,nan,0,nan,0,nan,0,nan,0,nan,0,nan,0
1597988293735248896,1597988294223000064,2020-08-21 13:38:14.223000,1921.0,1926.0,1898.0,1907.0,nan,1913.0,710179,13585724270.0,900504,1922.0,778,1921.0,470,nan,0,nan,0,nan,0,nan,0,nan,0,nan,0,nan,0,nan,0
1597988294233136896,1597988294740000000,2020-08-21 13:38:14.740000,1921.0,1926.0,1898.0,1907.0,nan,1913.0,710179,13585724270.0,900504,1922.0,776,1921.0,470,nan,0,nan,0,nan,0,nan,0,nan,0,nan,0,nan,0,nan,0
1597988294722509056,1597988295240000000,2020-08-21 13:38:15.240000,1921.0,1926.0,1898.0,1907.0,nan,1913.0,710183,13585800790.0,900507,1922.0,782,1921.0,468,nan,0,nan,0,nan,0,nan,0,nan,0,nan,0,nan,0,nan,0
1597988295241696000,1597988295724999936,2020-08-21 13:38:15.725000,1921.0,1926.0,1898.0,1907.0,nan,1913.0,710212,13586355560.0,900513,1922.0,779,1921.0,460,nan,0,nan,0,nan,0,nan,0,nan,0,nan,0,nan,0,nan,0
1597988295725395968,1597988296236999936,2020-08-21 13:38:16.237000,1921.0,1926.0,1898.0,1907.0,nan,1913.0,710226,13586623380.0,900517,1922.0,784,1921.0,447,nan,0,nan,0,nan,0,nan,0,nan,0,nan,0,nan,0,nan,0
1597988296219798016,1597988296737999872,2020-08-21 13:38:16.738000,1922.0,1926.0,1898.0,1907.0,nan,1913.0,710227,13586642510.0,900517,1922.0,787,1921.0,459,nan,0,nan,0,nan,0,nan,0,nan,0,nan,0,nan,0,nan,0
1597988296748225024,1597988297220000000,2020-08-21 13:38:17.220000,1922.0,1926.0,1898.0,1907.0,nan,1913.0,710227,13586642510.0,900517,1922.0,787,1921.0,479,nan,0,nan,0,nan,0,nan,0,nan,0,nan,0,nan,0,nan,0
1597988297246568960,1597988297716000000,2020-08-21 13:38:17.716000,1922.0,1926.0,1898.0,1907.0,nan,1913.0,710228,13586661640.0,900518,1922.0,786,1921.0,480,nan,0,nan,0,nan,0,nan,0,nan,0,nan,0,nan,0,nan,0
1597988297744233984,1597988298234999808,2020-08-21 13:38:18.235000,1922.0,1926.0,1898.0,1907.0,nan,1913.0,710228,13586661640.0,900518,1922.0,787,1921.0,541,nan,0,nan,0,nan,0,nan,0,nan,0,nan,0,nan,0,nan,0
1597988298226112000,1597988298739000064,2020-08-21 13:38:18.739000,1922.0,1926.0,1898.0,1907.0,nan,1913.0,710228,13586661640.0,900518,1922.0,788,1921.0,543,nan,0,nan,0,nan,0,nan,0,nan,0,nan,0,nan,0,nan,0
1597988298730670080,1597988299232999936,2020-08-21 13:38:19.233000,1922.0,1926.0,1898.0,1907.0,nan,1913.0,710228,13586661640.0,900518,1922.0,828,1921.0,546,nan,0,nan,0,nan,0,nan,0,nan,0,nan,0,nan,0,nan,0
1597988299223104000,1597988299731000064,2020-08-21 13:38:19.731000,1921.0,1926.0,1898.0,1907.0,nan,1913.0,710235,13586795550.0,900519,1922.0,830,1921.0,540,nan,0,nan,0,nan,0,nan,0,nan,0,nan,0,nan,0,nan,0
1597988299722578944,1597988300231000064,2020-08-21 13:38:20.231000,1921.0,1926.0,1898.0,1907.0,nan,1913.0,710246,13587005980.0,900519,1922.0,837,1921.0,530,nan,0,nan,0,nan,0,nan,0,nan,0,nan,0,nan,0,nan,0
1597988300227312896,1597988300739000064,2020-08-21 13:38:20.739000,1921.0,1926.0,1898.0,1907.0,nan,1913.0,710246,13587005980.0,900519,1922.0,837,1921.0,481,nan,0,nan,0,nan,0,nan,0,nan,0,nan,0,nan,0,nan,0
1597988300771800064,1597988301226000128,2020-08-21 13:38:21.226000,1922.0,1926.0,1898.0,1907.0,nan,1913.0,710247,13587025110.0,900519,1922.0,857,1921.0,482,nan,0,nan,0,nan,0,nan,0,nan,0,nan,0,nan,0,nan,0
1597988301544988928,1597988301740999936,2020-08-21 13:38:21.741000,1921.0,1926.0,1898.0,1907.0,nan,1913.0,710249,13587063370.0,900519,1922.0,862,1921.0,420,nan,0,nan,0,nan,0,nan,0,nan,0,nan,0,nan,0,nan,0
1597988301972474880,1597988302231000064,2020-08-21 13:38:22.231000,1921.0,1926.0,1898.0,1907.0,nan,1913.0,710252,13587120760.0,900519,1922.0,866,1921.0,425,nan,0,nan,0,nan,0,nan,0,nan,0,nan,0,nan,0,nan,0
1597988302717229056,1597988303228000000,2020-08-21 13:38:23.228000,1921.0,1926.0,1898.0,1907.0,nan,1913.0,710252,13587120760.0,900519,1922.0,870,1921.0,425,nan,0,nan,0,nan,0,nan,0,nan,0,nan,0,nan,0,nan,0
1597988303218587904,1597988303732000000,2020-08-21 13:38:23.732000,1921.0,1926.0,1898.0,1907.0,nan,1913.0,710252,13587120760.0,900519,1922.0,879,1921.0,435,nan,0,nan,0,nan,0,nan,0,nan,0,nan,0,nan,0,nan,0
1597988303857594112,1597988304239000064,2020-08-21 13:38:24.239000,1922.0,1926.0,1898.0,1907.0,nan,1913.0,710262,13587312060.0,900529,1922.0,879,1921.0,435,nan,0,nan,0,nan,0,nan,0,nan,0,nan,0,nan,0,nan,0
1597988304234088960,1597988304743000064,2020-08-21 13:38:24.743000,1922.0,1926.0,1898.0,1907.0,nan,1913.0,710262,13587312060.0,900529,1922.0,898,1921.0,438,nan,0,nan,0,nan,0,nan,0,nan,0,nan,0,nan,0,nan,0
1597988304722224128,1597988305243000064,2020-08-21 13:38:25.243000,1922.0,1926.0,1898.0,1907.0,nan,1913.0,710262,13587312060.0,900529,1922.0,898,1921.0,435,nan,0,nan,0,nan,0,nan,0,nan,0,nan,0,nan,0,nan,0
1597988305722535936,1597988306240999936,2020-08-21 13:38:26.241000,1921.0,1926.0,1898.0,1907.0,nan,1913.0,710264,13587350320.0,900530,1922.0,895,1921.0,434,nan,0,nan,0,nan,0,nan,0,nan,0,nan,0,nan,0,nan,0
1597988306235439104,1597988306742000128,2020-08-21 13:38:26.742000,1921.0,1926.0,1898.0,1907.0,nan,1913.0,710269,13587445970.0,900535,1922.0,897,1921.0,431,nan,0,nan,0,nan,0,nan,0,nan,0,nan,0,nan,0,nan,0
1597988306721210880,1597988307209000192,2020-08-21 13:38:27.209000,1921.0,1926.0,1898.0,1907.0,nan,1913.0,710269,13587445970.0,900535,1922.0,900,1921.0,430,nan,0,nan,0,nan,0,nan,0,nan,0,nan,0,nan,0,nan,0
1597988307224035072,1597988307742000128,2020-08-21 13:38:27.742000,1922.0,1926.0,1898.0,1907.0,nan,1913.0,710270,13587465100.0,900536,1922.0,900,1921.0,452,nan,0,nan,0,nan,0,nan,0,nan,0,nan,0,nan,0,nan,0
1597988307723582976,1597988308243000064,2020-08-21 13:38:28.243000,1922.0,1926.0,1898.0,1907.0,nan,1913.0,710270,13587465100.0,900536,1922.0,895,1921.0,462,nan,0,nan,0,nan,0,nan,0,nan,0,nan,0,nan,0,nan,0
1597988308227001088,1597988308734999808,2020-08-21 13:38:28.735000,1922.0,1926.0,1898.0,1907.0,nan,1913.0,710273,13587522490.0,900536,1922.0,892,1921.0,473,nan,0,nan,0,nan,0,nan,0,nan,0,nan,0,nan,0,nan,0
1597988308737053952,1597988309229000192,2020-08-21 13:38:29.229000,1922.0,1926.0,1898.0,1907.0,nan,1913.0,710273,13587522490.0,900536,1922.0,893,1921.0,509,nan,0,nan,0,nan,0,nan,0,nan,0,nan,0,nan,0,nan,0
1597988309232776960,1597988309736000000,2020-08-21 13:38:29.736000,1922.0,1926.0,1898.0,1907.0,nan,1913.0,710273,13587522490.0,900536,1922.0,894,1921.0,566,nan,0,nan,0,nan,0,nan,0,nan,0,nan,0,nan,0,nan,0
1597988309991128064,1597988310227000064,2020-08-21 13:38:30.227000,1921.0,1926.0,1898.0,1907.0,nan,1913.0,710277,13587599010.0,900540,1922.0,894,1921.0,562,nan,0,nan,0,nan,0,nan,0,nan,0,nan,0,nan,0,nan,0
1597988310257044992,1597988310736999936,2020-08-21 13:38:30.737000,1921.0,1926.0,1898.0,1907.0,nan,1913.0,710277,13587599010.0,900540,1922.0,894,1921.0,569,nan,0,nan,0,nan,0,nan,0,nan,0,nan,0,nan,0,nan,0
1597988310730000896,1597988311240999936,2020-08-21 13:38:31.241000,1921.0,1926.0,1898.0,1907.0,nan,1913.0,710277,13587599010.0,900540,1922.0,899,1921.0,575,nan,0,nan,0,nan,0,nan,0,nan,0,nan,0,nan,0,nan,0
1597988311239035904,1597988311724000000,2020-08-21 13:38:31.724000,1921.0,1926.0,1898.0,1907.0,nan,1913.0,710277,13587599010.0,900540,1922.0,899,1921.0,577,nan,0,nan,0,nan,0,nan,0,nan,0,nan,0,nan,0,nan,0
1597988311742556928,1597988312230000128,2020-08-21 13:38:32.230000,1921.0,1926.0,1898.0,1907.0,nan,1913.0,710277,13587599010.0,900540,1922.0,900,1921.0,583,nan,0,nan,0,nan,0,nan,0,nan,0,nan,0,nan,0,nan,0
1597988312225306112,1597988312696000000,2020-08-21 13:38:32.696000,1921.0,1926.0,1898.0,1907.0,nan,1913.0,710278,13587618140.0,900540,1922.0,900,1921.0,583,nan,0,nan,0,nan,0,nan,0,nan,0,nan,0,nan,0,nan,0
1597988312727632896,1597988313239000064,2020-08-21 13:38:33.239000,1921.0,1926.0,1898.0,1907.0,nan,1913.0,710282,13587694660.0,900540,1922.0,901,1921.0,579,nan,0,nan,0,nan,0,nan,0,nan,0,nan,0,nan,0,nan,0
1597988314227450880,1597988314734999808,2020-08-21 13:38:34.735000,1921.0,1926.0,1898.0,1907.0,nan,1913.0,710282,13587694660.0,900540,1922.0,903,1921.0,579,nan,0,nan,0,nan,0,nan,0,nan,0,nan,0,nan,0,nan,0
1597988314727930112,1597988315232999936,2020-08-21 13:38:35.233000,1921.0,1926.0,1898.0,1907.0,nan,1913.0,710284,13587732920.0,900542,1922.0,903,1921.0,577,nan,0,nan,0,nan,0,nan,0,nan,0,nan,0,nan,0,nan,0
1597988315232773120,1597988315729000192,2020-08-21 13:38:35.729000,1921.0,1926.0,1898.0,1907.0,nan,1913.0,710285,13587752050.0,900543,1922.0,904,1921.0,586,nan,0,nan,0,nan,0,nan,0,nan,0,nan,0,nan,0,nan,0
1597988315745347072,1597988316223000064,2020-08-21 13:38:36.223000,1921.0,1926.0,1898.0,1907.0,nan,1913.0,710291,13587866830.0,900549,1922.0,904,1921.0,580,nan,0,nan,0,nan,0,nan,0,nan,0,nan,0,nan,0,nan,0
1597988316229393920,1597988316742000128,2020-08-21 13:38:36.742000,1921.0,1926.0,1898.0,1907.0,nan,1913.0,710296,13587962480.0,900549,1922.0,906,1921.0,578,nan,0,nan,0,nan,0,nan,0,nan,0,nan,0,nan,0,nan,0
1597988316733822976,1597988317240999936,2020-08-21 13:38:37.241000,1921.0,1926.0,1898.0,1907.0,nan,1913.0,710296,13587962480.0,900549,1922.0,906,1921.0,579,nan,0,nan,0,nan,0,nan,0,nan,0,nan,0,nan,0,nan,0
1597988317241124096,1597988317716000000,2020-08-21 13:38:37.716000,1921.0,1926.0,1898.0,1907.0,nan,1913.0,710357,13589129410.0,900589,1922.0,846,1921.0,578,nan,0,nan,0,nan,0,nan,0,nan,0,nan,0,nan,0,nan,0
1597988317732158976,1597988318232000000,2020-08-21 13:38:38.232000,1921.0,1926.0,1898.0,1907.0,nan,1913.0,710360,13589186800.0,900589,1922.0,849,1921.0,602,nan,0,nan,0,nan,0,nan,0,nan,0,nan,0,nan,0,nan,0
1597988318246136064,1597988318716000000,2020-08-21 13:38:38.716000,1922.0,1926.0,1898.0,1907.0,nan,1913.0,710362,13589225060.0,900591,1922.0,852,1921.0,602,nan,0,nan,0,nan,0,nan,0,nan,0,nan,0,nan,0,nan,0
1597988318732372992,1597988319234999808,2020-08-21 13:38:39.235000,1922.0,1926.0,1898.0,1907.0,nan,1913.0,710466,13591214580.0,900687,1922.0,854,1921.0,502,nan,0,nan,0,nan,0,nan,0,nan,0,nan,0,nan,0,nan,0
1597988319236580096,1597988319726000128,2020-08-21 13:38:39.726000,1922.0,1926.0,1898.0,1907.0,nan,1913.0,710576,13593318880.0,900686,1922.0,744,1921.0,459,nan,0,nan,0,nan,0,nan,0,nan,0,nan,0,nan,0,nan,0
1597988319737899008,1597988320240999936,2020-08-21 13:38:40.241000,1922.0,1926.0,1898.0,1907.0,nan,1913.0,710577,13593338010.0,900687,1922.0,743,1921.0,470,nan,0,nan,0,nan,0,nan,0,nan,0,nan,0,nan,0,nan,0
1597988320233297920,1597988320740999936,2020-08-21 13:38:40.741000,1922.0,1926.0,1898.0,1907.0,nan,1913.0,710577,13593338010.0,900687,1922.0,749,1921.0,470,nan,0,nan,0,nan,0,nan,0,nan,0,nan,0,nan,0,nan,0
1597988320743452928,1597988321233999872,2020-08-21 13:38:41.234000,1922.0,1926.0,1898.0,1907.0,nan,1913.0,710588,13593548440.0,900698,1922.0,739,1921.0,490,nan,0,nan,0,nan,0,nan,0,nan,0,nan,0,nan,0,nan,0
1597988321239426048,1597988321743000064,2020-08-21 13:38:41.743000,1921.0,1926.0,1898.0,1907.0,nan,1913.0,710594,13593663220.0,900698,1922.0,735,1921.0,535,nan,0,nan,0,nan,0,nan,0,nan,0,nan,0,nan,0,nan,0
1597988321751851008,1597988322233999872,2020-08-21 13:38:42.234000,1921.0,1926.0,1898.0,1907.0,nan,1913.0,710600,13593778000.0,900703,1922.0,735,1921.0,529,nan,0,nan,0,nan,0,nan,0,nan,0,nan,0,nan,0,nan,0
1597988322238045952,1597988322726000128,2020-08-21 13:38:42.726000,1921.0,1926.0,1898.0,1907.0,nan,1913.0,710600,13593778000.0,900703,1922.0,736,1921.0,529,nan,0,nan,0,nan,0,nan,0,nan,0,nan,0,nan,0,nan,0
1597988322735032064,1597988323213999872,2020-08-21 13:38:43.214000,1921.0,1926.0,1898.0,1907.0,nan,1913.0,710600,13593778000.0,900703,1922.0,738,1921.0,530,nan,0,nan,0,nan,0,nan,0,nan,0,nan,0,nan,0,nan,0
1597988323223771904,1597988323732999936,2020-08-21 13:38:43.733000,1921.0,1926.0,1898.0,1907.0,nan,1913.0,710601,13593797130.0,900704,1922.0,739,1921.0,550,nan,0,nan,0,nan,0,nan,0,nan,0,nan,0,nan,0,nan,0
1597988323727343104,1597988324236999936,2020-08-21 13:38:44.237000,1921.0,1926.0,1898.0,1907.0,nan,1913.0,710601,13593797130.0,900704,1922.0,744,1921.0,551,nan,0,nan,0,nan,0,nan,0,nan,0,nan,0,nan,0,nan,0
1597988324238071040,1597988324729000192,2020-08-21 13:38:44.729000,1921.0,1926.0,1898.0,1907.0,nan,1913.0,710612,13594007560.0,900704,1922.0,744,1921.0,540,nan,0,nan,0,nan,0,nan,0,nan,0,nan,0,nan,0,nan,0
1597988324813422080,1597988325237999872,2020-08-21 13:38:45.238000,1922.0,1926.0,1898.0,1907.0,nan,1913.0,710613,13594026690.0,900704,1922.0,743,1921.0,541,nan,0,nan,0,nan,0,nan,0,nan,0,nan,0,nan,0,nan,0
1597988325294095104,1597988325742000128,2020-08-21 13:38:45.742000,1922.0,1926.0,1898.0,1907.0,nan,1913.0,710613,13594026690.0,900704,1922.0,744,1921.0,541,nan,0,nan,0,nan,0,nan,0,nan,0,nan,0,nan,0,nan,0
1597988325864943104,1597988326224000000,2020-08-21 13:38:46.224000,1922.0,1926.0,1898.0,1907.0,nan,1913.0,710613,13594026690.0,900704,1922.0,745,1921.0,541,nan,0,nan,0,nan,0,nan,0,nan,0,nan,0,nan,0,nan,0
1597988326362243072,1597988326737999872,2020-08-21 13:38:46.738000,1922.0,1926.0,1898.0,1907.0,nan,1913.0,710613,13594026690.0,900704,1922.0,740,1921.0,541,nan,0,nan,0,nan,0,nan,0,nan,0,nan,0,nan,0,nan,0
1597988327279721984,1597988327712000000,2020-08-21 13:38:47.712000,1921.0,1926.0,1898.0,1907.0,nan,1913.0,710614,13594045820.0,900704,1922.0,740,1921.0,540,nan,0,nan,0,nan,0,nan,0,nan,0,nan,0,nan,0,nan,0
1597988327735984896,1597988328180000000,2020-08-21 13:38:48.180000,1921.0,1926.0,1898.0,1907.0,nan,1913.0,710616,13594084080.0,900704,1922.0,744,1921.0,548,nan,0,nan,0,nan,0,nan,0,nan,0,nan,0,nan,0,nan,0
1597988328326503936,1597988328732000000,2020-08-21 13:38:48.732000,1921.0,1926.0,1898.0,1907.0,nan,1913.0,710616,13594084080.0,900704,1922.0,744,1921.0,551,nan,0,nan,0,nan,0,nan,0,nan,0,nan,0,nan,0,nan,0
1597988329344633088,1597988329716999936,2020-08-21 13:38:49.717000,1921.0,1926.0,1898.0,1907.0,nan,1913.0,710617,13594103210.0,900703,1922.0,744,1921.0,550,nan,0,nan,0,nan,0,nan,0,nan,0,nan,0,nan,0,nan,0
1597988329739097088,1597988330108999936,2020-08-21 13:38:50.109000,1921.0,1926.0,1898.0,1907.0,nan,1913.0,710618,13594122340.0,900702,1922.0,744,1921.0,549,nan,0,nan,0,nan,0,nan,0,nan,0,nan,0,nan,0,nan,0
1597988330237490944,1597988330712000000,2020-08-21 13:38:50.712000,1921.0,1926.0,1898.0,1907.0,nan,1913.0,710619,13594141470.0,900701,1922.0,744,1921.0,548,nan,0,nan,0,nan,0,nan,0,nan,0,nan,0,nan,0,nan,0
1597988331243462912,1597988331743000064,2020-08-21 13:38:51.743000,1921.0,1926.0,1898.0,1907.0,nan,1913.0,710627,13594294510.0,900706,1922.0,736,1921.0,546,nan,0,nan,0,nan,0,nan,0,nan,0,nan,0,nan,0,nan,0
1597988331742754048,1597988332230000128,2020-08-21 13:38:52.230000,1921.0,1926.0,1898.0,1907.0,nan,1913.0,710627,13594294510.0,900706,1922.0,740,1921.0,546,nan,0,nan,0,nan,0,nan,0,nan,0,nan,0,nan,0,nan,0
1597988332749317120,1597988333239000064,2020-08-21 13:38:53.239000,1921.0,1926.0,1898.0,1907.0,nan,1913.0,710629,13594332770.0,900706,1922.0,740,1921.0,544,nan,0,nan,0,nan,0,nan,0,nan,0,nan,0,nan,0,nan,0
1597988333269544960,1597988333742000128,2020-08-21 13:38:53.742000,1921.0,1926.0,1898.0,1907.0,nan,1913.0,710629,13594332770.0,900706,1922.0,755,1921.0,511,nan,0,nan,0,nan,0,nan,0,nan,0,nan,0,nan,0,nan,0
1597988333850998016,1597988334240999936,2020-08-21 13:38:54.241000,1921.0,1926.0,1898.0,1907.0,nan,1913.0,710630,13594351900.0,900706,1922.0,756,1921.0,510,nan,0,nan,0,nan,0,nan,0,nan,0,nan,0,nan,0,nan,0
1597988334252987904,1597988334691000064,2020-08-21 13:38:54.691000,1921.0,1926.0,1898.0,1907.0,nan,1913.0,710630,13594351900.0,900706,1922.0,777,1921.0,510,nan,0,nan,0,nan,0,nan,0,nan,0,nan,0,nan,0,nan,0
1597988334755963904,1597988335183000064,2020-08-21 13:38:55.183000,1921.0,1926.0,1898.0,1907.0,nan,1913.0,710641,13594562330.0,900717,1922.0,777,1921.0,498,nan,0,nan,0,nan,0,nan,0,nan,0,nan,0,nan,0,nan,0
1597988335242290944,1597988335736999936,2020-08-21 13:38:55.737000,1921.0,1926.0,1898.0,1907.0,nan,1913.0,710671,13595136230.0,900714,1922.0,776,1921.0,471,nan,0,nan,0,nan,0,nan,0,nan,0,nan,0,nan,0,nan,0
1597988335741348096,1597988336194000128,2020-08-21 13:38:56.194000,1921.0,1926.0,1898.0,1907.0,nan,1913.0,710673,13595174490.0,900714,1922.0,776,1921.0,469,nan,0,nan,0,nan,0,nan,0,nan,0,nan,0,nan,0,nan,0
1597988336240928000,1597988336742000128,2020-08-21 13:38:56.742000,1921.0,1926.0,1898.0,1907.0,nan,1913.0,710693,13595557090.0,900714,1922.0,778,1921.0,449,nan,0,nan,0,nan,0,nan,0,nan,0,nan,0,nan,0,nan,0
1597988336791062016,1597988337237999872,2020-08-21 13:38:57.238000,1921.0,1926.0,1898.0,1907.0,nan,1913.0,710694,13595576220.0,900714,1922.0,778,1921.0,448,nan,0,nan,0,nan,0,nan,0,nan,0,nan,0,nan,0,nan,0
1597988337270593024,1597988337703000064,2020-08-21 13:38:57.703000,1921.0,1926.0,1898.0,1907.0,nan,1913.0,710694,13595576220.0,900714,1922.0,780,1921.0,453,nan,0,nan,0,nan,0,nan,0,nan,0,nan,0,nan,0,nan,0
1597988337951783936,1597988338239000064,2020-08-21 13:38:58.239000,1921.0,1926.0,1898.0,1907.0,nan,1913.0,710694,13595576220.0,900714,1922.0,781,1921.0,453,nan,0,nan,0,nan,0,nan,0,nan,0,nan,0,nan,0,nan,0
1597988338239031040,1597988338732000000,2020-08-21 13:38:58.732000,1921.0,1926.0,1898.0,1907.0,nan,1913.0,710695,13595595350.0,900715,1922.0,783,1921.0,456,nan,0,nan,0,nan,0,nan,0,nan,0,nan,0,nan,0,nan,0
1597988339369742080,1597988339732000000,2020-08-21 13:38:59.732000,1921.0,1926.0,1898.0,1907.0,nan,1913.0,710695,13595595350.0,900715,1922.0,788,1921.0,456,nan,0,nan,0,nan,0,nan,0,nan,0,nan,0,nan,0,nan,0
1597988339750383104,1597988340240999936,2020-08-21 13:39:00.241000,1921.0,1926.0,1898.0,1907.0,nan,1913.0,710700,13595691000.0,900720,1922.0,788,1921.0,444,nan,0,nan,0,nan,0,nan,0,nan,0,nan,0,nan,0,nan,0
1597988340246404096,1597988340736999936,2020-08-21 13:39:00.737000,1921.0,1926.0,1898.0,1907.0,nan,1913.0,710854,13598637020.0,900806,1922.0,787,1921.0,300,nan,0,nan,0,nan,0,nan,0,nan,0,nan,0,nan,0,nan,0
1597988340832081920,1597988341237999872,2020-08-21 13:39:01.238000,1921.0,1926.0,1898.0,1907.0,nan,1913.0,710854,13598637020.0,900806,1922.0,787,1921.0,279,nan,0,nan,0,nan,0,nan,0,nan,0,nan,0,nan,0,nan,0
1597988341251356928,1597988341742000128,2020-08-21 13:39:01.742000,1922.0,1926.0,1898.0,1907.0,nan,1913.0,710862,13598790060.0,900809,1922.0,787,1921.0,272,nan,0,nan,0,nan,0,nan,0,nan,0,nan,0,nan,0,nan,0
1597988341788595968,1597988342244000000,2020-08-21 13:39:02.244000,1922.0,1926.0,1898.0,1907.0,nan,1913.0,710862,13598790060.0,900809,1922.0,817,1921.0,306,nan,0,nan,0,nan,0,nan,0,nan,0,nan,0,nan,0,nan,0
1597988342240430080,1597988342734999808,2020-08-21 13:39:02.735000,1921.0,1926.0,1898.0,1907.0,nan,1913.0,710864,13598828320.0,900809,1922.0,825,1921.0,307,nan,0,nan,0,nan,0,nan,0,nan,0,nan,0,nan,0,nan,0
1597988342749995008,1597988343236999936,2020-08-21 13:39:03.237000,1921.0,1926.0,1898.0,1907.0,nan,1913.0,710864,13598828320.0,900809,1922.0,831,1921.0,309,nan,0,nan,0,nan,0,nan,0,nan,0,nan,0,nan,0,nan,0
1597988343250968064,1597988343740000000,2020-08-21 13:39:03.740000,1921.0,1926.0,1898.0,1907.0,nan,1913.0,710869,13598923970.0,900814,1922.0,881,1921.0,390,nan,0,nan,0,nan,0,nan,0,nan,0,nan,0,nan,0,nan,0
1597988344242532096,1597988344743000064,2020-08-21 13:39:04.743000,1921.0,1926.0,1898.0,1907.0,nan,1913.0,710893,13599383090.0,900811,1922.0,882,1921.0,366,nan,0,nan,0,nan,0,nan,0,nan,0,nan,0,nan,0,nan,0
1597988344749910016,1597988345236999936,2020-08-21 13:39:05.237000,1921.0,1926.0,1898.0,1907.0,nan,1913.0,710893,13599383090.0,900811,1922.0,882,1921.0,367,nan,0,nan,0,nan,0,nan,0,nan,0,nan,0,nan,0,nan,0
1597988345297416960,1597988345742000128,2020-08-21 13:39:05.742000,1921.0,1926.0,1898.0,1907.0,nan,1913.0,710893,13599383090.0,900811,1922.0,882,1921.0,377,nan,0,nan,0,nan,0,nan,0,nan,0,nan,0,nan,0,nan,0
1597988345790081024,1597988346233999872,2020-08-21 13:39:06.234000,1921.0,1926.0,1898.0,1907.0,nan,1913.0,710894,13599402220.0,900811,1922.0,882,1921.0,377,nan,0,nan,0,nan,0,nan,0,nan,0,nan,0,nan,0,nan,0
1597988346259974912,1597988346743000064,2020-08-21 13:39:06.743000,1921.0,1926.0,1898.0,1907.0,nan,1913.0,710894,13599402220.0,900811,1922.0,882,1921.0,389,nan,0,nan,0,nan,0,nan,0,nan,0,nan,0,nan,0,nan,0
1597988347478132992,1597988347711000064,2020-08-21 13:39:07.711000,1921.0,1926.0,1898.0,1907.0,nan,1913.0,710894,13599402220.0,900811,1922.0,882,1921.0,390,nan,0,nan,0,nan,0,nan,0,nan,0,nan,0,nan,0,nan,0
1597988347745038080,1597988348233999872,2020-08-21 13:39:08.234000,1921.0,1926.0,1898.0,1907.0,nan,1913.0,710914,13599784820.0,900811,1922.0,882,1921.0,370,nan,0,nan,0,nan,0,nan,0,nan,0,nan,0,nan,0,nan,0
1597988348742256896,1597988349219000064,2020-08-21 13:39:09.219000,1921.0,1926.0,1898.0,1907.0,nan,1913.0,710922,13599937860.0,900816,1922.0,881,1921.0,362,nan,0,nan,0,nan,0,nan,0,nan,0,nan,0,nan,0,nan,0
1597988349332246016,1597988349740000000,2020-08-21 13:39:09.740000,1921.0,1926.0,1898.0,1907.0,nan,1913.0,710923,13599956990.0,900816,1922.0,890,1921.0,361,nan,0,nan,0,nan,0,nan,0,nan,0,nan,0,nan,0,nan,0
1597988349744990976,1597988350240999936,2020-08-21 13:39:10.241000,1921.0,1926.0,1898.0,1907.0,nan,1913.0,710933,13600148290.0,900816,1922.0,890,1921.0,352,nan,0,nan,0,nan,0,nan,0,nan,0,nan,0,nan,0,nan,0
1597988350892282112,1597988351211000064,2020-08-21 13:39:11.211000,1921.0,1926.0,1898.0,1907.0,nan,1913.0,710934,13600167420.0,900816,1922.0,890,1921.0,353,nan,0,nan,0,nan,0,nan,0,nan,0,nan,0,nan,0,nan,0
1597988351247547904,1597988351736999936,2020-08-21 13:39:11.737000,1921.0,1926.0,1898.0,1907.0,nan,1913.0,710934,13600167420.0,900816,1922.0,896,1921.0,410,nan,0,nan,0,nan,0,nan,0,nan,0,nan,0,nan,0,nan,0
1597988351787706112,1597988352243000064,2020-08-21 13:39:12.243000,1921.0,1926.0,1898.0,1907.0,nan,1913.0,710935,13600186550.0,900816,1922.0,893,1921.0,405,nan,0,nan,0,nan,0,nan,0,nan,0,nan,0,nan,0,nan,0
1597988352347898112,1597988352734999808,2020-08-21 13:39:12.735000,1921.0,1926.0,1898.0,1907.0,nan,1913.0,710941,13600301330.0,900818,1922.0,893,1921.0,399,nan,0,nan,0,nan,0,nan,0,nan,0,nan,0,nan,0,nan,0
1597988352796887040,1597988353220999936,2020-08-21 13:39:13.221000,1921.0,1926.0,1898.0,1907.0,nan,1913.0,710945,13600377850.0,900818,1922.0,893,1921.0,395,nan,0,nan,0,nan,0,nan,0,nan,0,nan,0,nan,0,nan,0
1597988353246804992,1597988353730000128,2020-08-21 13:39:13.730000,1921.0,1926.0,1898.0,1907.0,nan,1913.0,710946,13600396980.0,900819,1922.0,903,1921.0,408,nan,0,nan,0,nan,0,nan,0,nan,0,nan,0,nan,0,nan,0
1597988353762332928,1597988354242000128,2020-08-21 13:39:14.242000,1921.0,1926.0,1898.0,1907.0,nan,1913.0,710947,13600416110.0,900819,1922.0,903,1921.0,417,nan,0,nan,0,nan,0,nan,0,nan,0,nan,0,nan,0,nan,0
1597988354244292096,1597988354724999936,2020-08-21 13:39:14.725000,1922.0,1926.0,1898.0,1907.0,nan,1913.0,710949,13600454370.0,900821,1922.0,911,1921.0,417,nan,0,nan,0,nan,0,nan,0,nan,0,nan,0,nan,0,nan,0
1597988354741414912,1597988355237999872,2020-08-21 13:39:15.238000,1922.0,1926.0,1898.0,1907.0,nan,1913.0,710950,13600473500.0,900821,1922.0,911,1921.0,418,nan,0,nan,0,nan,0,nan,0,nan,0,nan,0,nan,0,nan,0
1597988355244751872,1597988355742000128,2020-08-21 13:39:15.742000,1921.0,1926.0,1898.0,1907.0,nan,1913.0,710956,13600588280.0,900820,1922.0,901,1921.0,414,nan,0,nan,0,nan,0,nan,0,nan,0,nan,0,nan,0,nan,0
1597988355741641984,1597988356224999936,2020-08-21 13:39:16.225000,1921.0,1926.0,1898.0,1907.0,nan,1913.0,710957,13600607410.0,900820,1922.0,902,1921.0,413,nan,0,nan,0,nan,0,nan,0,nan,0,nan,0,nan,0,nan,0
1597988356241561088,1597988356732999936,2020-08-21 13:39:16.733000,1921.0,1926.0,1898.0,1907.0,nan,1913.0,710957,13600607410.0,900820,1922.0,902,1921.0,403,nan,0,nan,0,nan,0,nan,0,nan,0,nan,0,nan,0,nan,0
1597988356742561024,1597988357214999808,2020-08-21 13:39:17.215000,1921.0,1926.0,1898.0,1907.0,nan,1913.0,710957,13600607410.0,900820,1922.0,904,1921.0,413,nan,0,nan,0,nan,0,nan,0,nan,0,nan,0,nan,0,nan,0
1597988357247921920,1597988357663000064,2020-08-21 13:39:17.663000,1921.0,1926.0,1898.0,1907.0,nan,1913.0,710987,13601181310.0,900850,1922.0,906,1921.0,384,nan,0,nan,0,nan,0,nan,0,nan,0,nan,0,nan,0,nan,0
1597988357744986880,1597988358234999808,2020-08-21 13:39:18.235000,1921.0,1926.0,1898.0,1907.0,nan,1913.0,710987,13601181310.0,900850,1922.0,909,1921.0,384,nan,0,nan,0,nan,0,nan,0,nan,0,nan,0,nan,0,nan,0
1597988358246910976,1597988358742000128,2020-08-21 13:39:18.742000,1921.0,1926.0,1898.0,1907.0,nan,1913.0,710987,13601181310.0,900850,1922.0,910,1921.0,384,nan,0,nan,0,nan,0,nan,0,nan,0,nan,0,nan,0,nan,0
1597988359247804928,1597988359740000000,2020-08-21 13:39:19.740000,1921.0,1926.0,1898.0,1907.0,nan,1913.0,710995,13601334350.0,900858,1922.0,909,1921.0,378,nan,0,nan,0,nan,0,nan,0,nan,0,nan,0,nan,0,nan,0
1597988359742918912,1597988360240000000,2020-08-21 13:39:20.240000,1921.0,1926.0,1898.0,1907.0,nan,1913.0,710995,13601334350.0,900858,1922.0,915,1921.0,378,nan,0,nan,0,nan,0,nan,0,nan,0,nan,0,nan,0,nan,0
1597988360247888896,1597988360740999936,2020-08-21 13:39:20.741000,1921.0,1926.0,1898.0,1907.0,nan,1913.0,711000,13601430000.0,900858,1922.0,915,1921.0,373,nan,0,nan,0,nan,0,nan,0,nan,0,nan,0,nan,0,nan,0
1597988361246296064,1597988361737999872,2020-08-21 13:39:21.738000,1921.0,1926.0,1898.0,1907.0,nan,1913.0,711003,13601487390.0,900861,1922.0,915,1921.0,372,nan,0,nan,0,nan,0,nan,0,nan,0,nan,0,nan,0,nan,0
1597988361749157888,1597988362233999872,2020-08-21 13:39:22.234000,1921.0,1926.0,1898.0,1907.0,nan,1913.0,711005,13601525650.0,900862,1922.0,920,1921.0,370,nan,0,nan,0,nan,0,nan,0,nan,0,nan,0,nan,0,nan,0
1597988362245091072,1597988362736000000,2020-08-21 13:39:22.736000,1921.0,1926.0,1898.0,1907.0,nan,1913.0,711046,13602309980.0,900885,1922.0,920,1921.0,329,nan,0,nan,0,nan,0,nan,0,nan,0,nan,0,nan,0,nan,0
1597988362776029952,1597988363240999936,2020-08-21 13:39:23.241000,1921.0,1926.0,1898.0,1907.0,nan,1913.0,711049,13602367370.0,900888,1922.0,926,1921.0,326,nan,0,nan,0,nan,0,nan,0,nan,0,nan,0,nan,0,nan,0
1597988363263602944,1597988363716000000,2020-08-21 13:39:23.716000,1921.0,1926.0,1898.0,1907.0,nan,1913.0,711052,13602424760.0,900888,1922.0,925,1921.0,324,nan,0,nan,0,nan,0,nan,0,nan,0,nan,0,nan,0,nan,0
1597988363749817088,1597988364230000128,2020-08-21 13:39:24.230000,1921.0,1926.0,1898.0,1907.0,nan,1913.0,711076,13602883880.0,900889,1922.0,927,1921.0,310,nan,0,nan,0,nan,0,nan,0,nan,0,nan,0,nan,0,nan,0
1597988364252619008,1597988364740000000,2020-08-21 13:39:24.740000,1921.0,1926.0,1898.0,1907.0,nan,1913.0,711076,13602883880.0,900889,1922.0,929,1921.0,310,nan,0,nan,0,nan,0,nan,0,nan,0,nan,0,nan,0,nan,0
1597988364754131968,1597988365242000128,2020-08-21 13:39:25.242000,1921.0,1926.0,1898.0,1907.0,nan,1913.0,711077,13602903010.0,900890,1922.0,949,1921.0,327,nan,0,nan,0,nan,0,nan,0,nan,0,nan,0,nan,0,nan,0
1597988365253118976,1597988365728000000,2020-08-21 13:39:25.728000,1921.0,1926.0,1898.0,1907.0,nan,1913.0,711144,13604184720.0,900904,1922.0,948,1921.0,260,nan,0,nan,0,nan,0,nan,0,nan,0,nan,0,nan,0,nan,0
1597988365748602880,1597988366243000064,2020-08-21 13:39:26.243000,1922.0,1926.0,1898.0,1907.0,nan,1913.0,711164,13604567320.0,900909,1922.0,952,1921.0,281,nan,0,nan,0,nan,0,nan,0,nan,0,nan,0,nan,0,nan,0
1597988366250139904,1597988366731000064,2020-08-21 13:39:26.731000,1921.0,1926.0,1898.0,1907.0,nan,1913.0,711202,13605294260.0,900920,1922.0,944,1921.0,243,nan,0,nan,0,nan,0,nan,0,nan,0,nan,0,nan,0,nan,0
1597988366764412928,1597988367232000000,2020-08-21 13:39:27.232000,1921.0,1926.0,1898.0,1907.0,nan,1913.0,711209,13605428170.0,900913,1922.0,943,1921.0,248,nan,0,nan,0,nan,0,nan,0,nan,0,nan,0,nan,0,nan,0
1597988367258641920,1597988367731000064,2020-08-21 13:39:27.731000,1921.0,1926.0,1898.0,1907.0,nan,1913.0,711214,13605523820.0,900913,1922.0,943,1921.0,245,nan,0,nan,0,nan,0,nan,0,nan,0,nan,0,nan,0,nan,0
1597988367750947072,1597988368209000192,2020-08-21 13:39:28.209000,1921.0,1926.0,1898.0,1907.0,nan,1913.0,711215,13605542950.0,900913,1922.0,943,1921.0,244,nan,0,nan,0,nan,0,nan,0,nan,0,nan,0,nan,0,nan,0
1597988368265114880,1597988368736999936,2020-08-21 13:39:28.737000,1921.0,1926.0,1898.0,1907.0,nan,1913.0,711216,13605562080.0,900913,1922.0,943,1921.0,243,nan,0,nan,0,nan,0,nan,0,nan,0,nan,0,nan,0,nan,0
1597988368751853056,1597988369236999936,2020-08-21 13:39:29.237000,1921.0,1926.0,1898.0,1907.0,nan,1913.0,711217,13605581210.0,900912,1922.0,945,1921.0,242,nan,0,nan,0,nan,0,nan,0,nan,0,nan,0,nan,0,nan,0
1597988369758904064,1597988370196000000,2020-08-21 13:39:30.196000,1922.0,1926.0,1898.0,1907.0,nan,1913.0,711227,13605772510.0,900922,1922.0,935,1921.0,242,nan,0,nan,0,nan,0,nan,0,nan,0,nan,0,nan,0,nan,0
1597988370268940032,1597988370739000064,2020-08-21 13:39:30.739000,1922.0,1926.0,1898.0,1907.0,nan,1913.0,711227,13605772510.0,900922,1922.0,935,1921.0,241,nan,0,nan,0,nan,0,nan,0,nan,0,nan,0,nan,0,nan,0
1597988370760001024,1597988371223000064,2020-08-21 13:39:31.223000,1921.0,1926.0,1898.0,1907.0,nan,1913.0,711228,13605791640.0,900922,1922.0,935,1921.0,240,nan,0,nan,0,nan,0,nan,0,nan,0,nan,0,nan,0,nan,0
1597988371258541056,1597988371739000064,2020-08-21 13:39:31.739000,1921.0,1926.0,1898.0,1907.0,nan,1913.0,711229,13605810770.0,900921,1922.0,943,1921.0,239,nan,0,nan,0,nan,0,nan,0,nan,0,nan,0,nan,0,nan,0
1597988372253998080,1597988372739000064,2020-08-21 13:39:32.739000,1921.0,1926.0,1898.0,1907.0,nan,1913.0,711231,13605849030.0,900920,1922.0,923,1921.0,237,nan,0,nan,0,nan,0,nan,0,nan,0,nan,0,nan,0,nan,0
1597988372781969920,1597988373240999936,2020-08-21 13:39:33.241000,1921.0,1926.0,1898.0,1907.0,nan,1913.0,711240,13606021200.0,900916,1922.0,923,1921.0,228,nan,0,nan,0,nan,0,nan,0,nan,0,nan,0,nan,0,nan,0
1597988373252336128,1597988373724999936,2020-08-21 13:39:33.725000,1921.0,1926.0,1898.0,1907.0,nan,1913.0,711240,13606021200.0,900916,1922.0,932,1921.0,255,nan,0,nan,0,nan,0,nan,0,nan,0,nan,0,nan,0,nan,0
1597988373762167040,1597988374216999936,2020-08-21 13:39:34.217000,1921.0,1926.0,1898.0,1907.0,nan,1913.0,711243,13606078590.0,900915,1922.0,931,1921.0,252,nan,0,nan,0,nan,0,nan,0,nan,0,nan,0,nan,0,nan,0
1597988374260914944,1597988374736999936,2020-08-21 13:39:34.737000,1921.0,1926.0,1898.0,1907.0,nan,1913.0,711245,13606116850.0,900915,1922.0,930,1921.0,276,nan,0,nan,0,nan,0,nan,0,nan,0,nan,0,nan,0,nan,0
1597988374771827968,1597988375244000000,2020-08-21 13:39:35.244000,1921.0,1926.0,1898.0,1907.0,nan,1913.0,711276,13606709880.0,900902,1922.0,926,1921.0,245,nan,0,nan,0,nan,0,nan,0,nan,0,nan,0,nan,0,nan,0
1597988375255724032,1597988375732000000,2020-08-21 13:39:35.732000,1921.0,1926.0,1898.0,1907.0,nan,1913.0,711276,13606709880.0,900902,1922.0,926,1921.0,247,nan,0,nan,0,nan,0,nan,0,nan,0,nan,0,nan,0,nan,0
1597988375759138048,1597988376240000000,2020-08-21 13:39:36.240000,1922.0,1926.0,1898.0,1907.0,nan,1913.0,711281,13606805530.0,900902,1922.0,921,1921.0,247,nan,0,nan,0,nan,0,nan,0,nan,0,nan,0,nan,0,nan,0
1597988376255734016,1597988376744000000,2020-08-21 13:39:36.744000,1921.0,1926.0,1898.0,1907.0,nan,1913.0,711291,13606996830.0,900912,1922.0,920,1921.0,229,nan,0,nan,0,nan,0,nan,0,nan,0,nan,0,nan,0,nan,0
1597988376766246912,1597988377236999936,2020-08-21 13:39:37.237000,1922.0,1926.0,1898.0,1907.0,nan,1913.0,711301,13607188130.0,900912,1922.0,910,1921.0,233,nan,0,nan,0,nan,0,nan,0,nan,0,nan,0,nan,0,nan,0
1597988377264695040,1597988377743000064,2020-08-21 13:39:37.743000,1921.0,1926.0,1898.0,1907.0,nan,1913.0,711352,13608163760.0,900961,1922.0,910,1921.0,222,nan,0,nan,0,nan,0,nan,0,nan,0,nan,0,nan,0,nan,0
1597988377766193920,1597988378224999936,2020-08-21 13:39:38.225000,1921.0,1926.0,1898.0,1907.0,nan,1913.0,711353,13608182890.0,900961,1922.0,909,1921.0,221,nan,0,nan,0,nan,0,nan,0,nan,0,nan,0,nan,0,nan,0
1597988378374738944,1597988378743000064,2020-08-21 13:39:38.743000,1921.0,1926.0,1898.0,1907.0,nan,1913.0,711353,13608182890.0,900961,1922.0,1010,1921.0,221,nan,0,nan,0,nan,0,nan,0,nan,0,nan,0,nan,0,nan,0
1597988378748349952,1597988379204999936,2020-08-21 13:39:39.205000,1922.0,1926.0,1898.0,1907.0,nan,1913.0,711357,13608259410.0,900963,1922.0,1011,1921.0,219,nan,0,nan,0,nan,0,nan,0,nan,0,nan,0,nan,0,nan,0
1597988379275896064,1597988379720999936,2020-08-21 13:39:39.721000,1922.0,1926.0,1898.0,1907.0,nan,1913.0,711357,13608259410.0,900963,1922.0,1016,1921.0,219,nan,0,nan,0,nan,0,nan,0,nan,0,nan,0,nan,0,nan,0
1597988379750414080,1597988380232999936,2020-08-21 13:39:40.233000,1922.0,1926.0,1898.0,1907.0,nan,1913.0,711364,13608393320.0,900969,1922.0,1013,1921.0,217,nan,0,nan,0,nan,0,nan,0,nan,0,nan,0,nan,0,nan,0
1597988380273850112,1597988380729000192,2020-08-21 13:39:40.729000,1921.0,1926.0,1898.0,1907.0,nan,1913.0,711376,13608622880.0,900975,1922.0,1013,1921.0,238,nan,0,nan,0,nan,0,nan,0,nan,0,nan,0,nan,0,nan,0
1597988380761335040,1597988381234999808,2020-08-21 13:39:41.235000,1921.0,1926.0,1898.0,1907.0,nan,1913.0,711377,13608642010.0,900976,1922.0,1013,1921.0,237,nan,0,nan,0,nan,0,nan,0,nan,0,nan,0,nan,0,nan,0
1597988381253075968,1597988381719000064,2020-08-21 13:39:41.719000,1921.0,1926.0,1898.0,1907.0,nan,1913.0,711382,13608737660.0,900976,1922.0,1013,1921.0,232,nan,0,nan,0,nan,0,nan,0,nan,0,nan,0,nan,0,nan,0
1597988381757940992,1597988382240999936,2020-08-21 13:39:42.241000,1921.0,1926.0,1898.0,1907.0,nan,1913.0,711383,13608756790.0,900977,1922.0,1014,1921.0,237,nan,0,nan,0,nan,0,nan,0,nan,0,nan,0,nan,0,nan,0
1597988382254371072,1597988382742000128,2020-08-21 13:39:42.742000,1921.0,1926.0,1898.0,1907.0,nan,1913.0,711389,13608871570.0,900978,1922.0,1013,1921.0,250,nan,0,nan,0,nan,0,nan,0,nan,0,nan,0,nan,0,nan,0
1597988382755965952,1597988383234999808,2020-08-21 13:39:43.235000,1921.0,1926.0,1898.0,1907.0,nan,1913.0,711394,13608967220.0,900978,1922.0,1013,1921.0,245,nan,0,nan,0,nan,0,nan,0,nan,0,nan,0,nan,0,nan,0
1597988383257350912,1597988383716999936,2020-08-21 13:39:43.717000,1921.0,1926.0,1898.0,1907.0,nan,1913.0,711397,13609024610.0,900981,1922.0,1013,1921.0,244,nan,0,nan,0,nan,0,nan,0,nan,0,nan,0,nan,0,nan,0
1597988383774296064,1597988384208000000,2020-08-21 13:39:44.208000,1921.0,1926.0,1898.0,1907.0,nan,1913.0,711398,13609043740.0,900982,1922.0,1013,1921.0,266,nan,0,nan,0,nan,0,nan,0,nan,0,nan,0,nan,0,nan,0
1597988384256357888,1597988384744000000,2020-08-21 13:39:44.744000,1921.0,1926.0,1898.0,1907.0,nan,1913.0,711398,13609043740.0,900982,1922.0,1015,1921.0,266,nan,0,nan,0,nan,0,nan,0,nan,0,nan,0,nan,0,nan,0
1597988384755787008,1597988385243000064,2020-08-21 13:39:45.243000,1921.0,1926.0,1898.0,1907.0,nan,1913.0,711398,13609043740.0,900982,1922.0,1015,1921.0,276,nan,0,nan,0,nan,0,nan,0,nan,0,nan,0,nan,0,nan,0
1597988385278806016,1597988385733999872,2020-08-21 13:39:45.734000,1921.0,1926.0,1898.0,1907.0,nan,1913.0,711399,13609062870.0,900983,1922.0,1015,1921.0,275,nan,0,nan,0,nan,0,nan,0,nan,0,nan,0,nan,0,nan,0
1597988385756999936,1597988386194000128,2020-08-21 13:39:46.194000,1921.0,1926.0,1898.0,1907.0,nan,1913.0,711404,13609158520.0,900983,1922.0,1056,1921.0,270,nan,0,nan,0,nan,0,nan,0,nan,0,nan,0,nan,0,nan,0
1597988386260029952,1597988386704999936,2020-08-21 13:39:46.705000,1921.0,1926.0,1898.0,1907.0,nan,1913.0,711407,13609215910.0,900986,1922.0,1056,1921.0,267,nan,0,nan,0,nan,0,nan,0,nan,0,nan,0,nan,0,nan,0
1597988387257288960,1597988387728000000,2020-08-21 13:39:47.728000,1921.0,1926.0,1898.0,1907.0,nan,1913.0,711417,13609407210.0,900986,1922.0,1058,1921.0,257,nan,0,nan,0,nan,0,nan,0,nan,0,nan,0,nan,0,nan,0
1597988387754780928,1597988388223000064,2020-08-21 13:39:48.223000,1921.0,1926.0,1898.0,1907.0,nan,1913.0,711423,13609521990.0,900991,1922.0,1058,1921.0,251,nan,0,nan,0,nan,0,nan,0,nan,0,nan,0,nan,0,nan,0
1597988388261724928,1597988388739000064,2020-08-21 13:39:48.739000,1921.0,1926.0,1898.0,1907.0,nan,1913.0,711425,13609560250.0,900991,1922.0,1060,1921.0,249,nan,0,nan,0,nan,0,nan,0,nan,0,nan,0,nan,0,nan,0
1597988388760948992,1597988389243000064,2020-08-21 13:39:49.243000,1921.0,1926.0,1898.0,1907.0,nan,1913.0,711430,13609655900.0,900991,1922.0,1062,1921.0,244,nan,0,nan,0,nan,0,nan,0,nan,0,nan,0,nan,0,nan,0
1597988390256897024,1597988390744000000,2020-08-21 13:39:50.744000,1921.0,1926.0,1898.0,1907.0,nan,1913.0,711434,13609732420.0,900992,1922.0,1060,1921.0,242,nan,0,nan,0,nan,0,nan,0,nan,0,nan,0,nan,0,nan,0
1597988390767508992,1597988391240999936,2020-08-21 13:39:51.241000,1921.0,1926.0,1898.0,1907.0,nan,1913.0,711534,13611645420.0,901047,1922.0,1060,1921.0,156,nan,0,nan,0,nan,0,nan,0,nan,0,nan,0,nan,0,nan,0
1597988391270167040,1597988391742000128,2020-08-21 13:39:51.742000,1921.0,1926.0,1898.0,1907.0,nan,1913.0,711779,13616332270.0,900878,1921.0,94,1920.0,908,nan,0,nan,0,nan,0,nan,0,nan,0,nan,0,nan,0,nan,0
1597988391773790976,1597988392243000064,2020-08-21 13:39:52.243000,1920.0,1926.0,1898.0,1907.0,nan,1913.0,711795,13616638350.0,900873,1921.0,98,1920.0,905,nan,0,nan,0,nan,0,nan,0,nan,0,nan,0,nan,0,nan,0
1597988392264709120,1597988392736999936,2020-08-21 13:39:52.737000,1920.0,1926.0,1898.0,1907.0,nan,1913.0,711802,13616772260.0,900867,1921.0,121,1920.0,901,nan,0,nan,0,nan,0,nan,0,nan,0,nan,0,nan,0,nan,0
1597988392761123072,1597988393233999872,2020-08-21 13:39:53.234000,1920.0,1926.0,1898.0,1907.0,nan,1913.0,711802,13616772260.0,900867,1921.0,132,1920.0,907,nan,0,nan,0,nan,0,nan,0,nan,0,nan,0,nan,0,nan,0
1597988393280187904,1597988393729000192,2020-08-21 13:39:53.729000,1921.0,1926.0,1898.0,1907.0,nan,1913.0,711898,13618608740.0,900866,1921.0,34,1920.0,907,nan,0,nan,0,nan,0,nan,0,nan,0,nan,0,nan,0,nan,0
1597988393761047040,1597988394243000064,2020-08-21 13:39:54.243000,1920.0,1926.0,1898.0,1907.0,nan,1913.0,711899,13618627870.0,900866,1921.0,34,1920.0,916,nan,0,nan,0,nan,0,nan,0,nan,0,nan,0,nan,0,nan,0
1597988394261044992,1597988394743000064,2020-08-21 13:39:54.743000,1920.0,1926.0,1898.0,1907.0,nan,1913.0,711901,13618666130.0,900864,1921.0,36,1920.0,914,nan,0,nan,0,nan,0,nan,0,nan,0,nan,0,nan,0,nan,0
1597988394767500032,1597988395243000064,2020-08-21 13:39:55.243000,1920.0,1926.0,1898.0,1907.0,nan,1913.0,711901,13618666130.0,900864,1921.0,38,1920.0,914,nan,0,nan,0,nan,0,nan,0,nan,0,nan,0,nan,0,nan,0
1597988395262193920,1597988395743000064,2020-08-21 13:39:55.743000,1920.0,1926.0,1898.0,1907.0,nan,1913.0,711901,13618666130.0,900864,1921.0,47,1920.0,914,nan,0,nan,0,nan,0,nan,0,nan,0,nan,0,nan,0,nan,0
1597988395777456896,1597988396236000000,2020-08-21 13:39:56.236000,1920.0,1926.0,1898.0,1907.0,nan,1913.0,711902,13618685260.0,900863,1921.0,48,1920.0,913,nan,0,nan,0,nan,0,nan,0,nan,0,nan,0,nan,0,nan,0
1597988396268489984,1597988396729000192,2020-08-21 13:39:56.729000,1920.0,1926.0,1898.0,1907.0,nan,1913.0,711902,13618685260.0,900863,1921.0,79,1920.0,915,nan,0,nan,0,nan,0,nan,0,nan,0,nan,0,nan,0,nan,0
1597988396774641920,1597988397231000064,2020-08-21 13:39:57.231000,1920.0,1926.0,1898.0,1907.0,nan,1913.0,711902,13618685260.0,900863,1921.0,51,1920.0,923,nan,0,nan,0,nan,0,nan,0,nan,0,nan,0,nan,0,nan,0
1597988397277331968,1597988397743000064,2020-08-21 13:39:57.743000,1920.0,1926.0,1898.0,1907.0,nan,1913.0,711903,13618704390.0,900862,1921.0,66,1920.0,922,nan,0,nan,0,nan,0,nan,0,nan,0,nan,0,nan,0,nan,0
1597988397768608000,1597988398239000064,2020-08-21 13:39:58.239000,1921.0,1926.0,1898.0,1907.0,nan,1913.0,711923,13619086990.0,900862,1921.0,46,1920.0,920,nan,0,nan,0,nan,0,nan,0,nan,0,nan,0,nan,0,nan,0
1597988398277936896,1597988398740999936,2020-08-21 13:39:58.741000,1921.0,1926.0,1898.0,1907.0,nan,1913.0,711924,13619106120.0,900862,1921.0,45,1920.0,921,nan,0,nan,0,nan,0,nan,0,nan,0,nan,0,nan,0,nan,0
1597988398764734976,1597988399239000064,2020-08-21 13:39:59.239000,1921.0,1926.0,1898.0,1907.0,nan,1913.0,711969,13619966970.0,900876,1921.0,2,1920.0,931,nan,0,nan,0,nan,0,nan,0,nan,0,nan,0,nan,0,nan,0
1597988399277157120,1597988399743000064,2020-08-21 13:39:59.743000,1921.0,1926.0,1898.0,1907.0,nan,1913.0,711973,13620043490.0,900875,1921.0,92,1920.0,938,nan,0,nan,0,nan,0,nan,0,nan,0,nan,0,nan,0,nan,0
1597988399840198912,1597988400224000000,2020-08-21 13:40:00.224000,1921.0,1926.0,1898.0,1907.0,nan,1913.0,711977,13620120010.0,900876,1921.0,89,1920.0,948,nan,0,nan,0,nan,0,nan,0,nan,0,nan,0,nan,0,nan,0
1597988400269534976,1597988400744000000,2020-08-21 13:40:00.744000,1920.0,1926.0,1898.0,1907.0,nan,1913.0,712029,13621114770.0,900836,1921.0,94,1920.0,896,nan,0,nan,0,nan,0,nan,0,nan,0,nan,0,nan,0,nan,0
1597988400768788992,1597988401224999936,2020-08-21 13:40:01.225000,1920.0,1926.0,1898.0,1907.0,nan,1913.0,712031,13621153030.0,900834,1921.0,71,1920.0,895,nan,0,nan,0,nan,0,nan,0,nan,0,nan,0,nan,0,nan,0
1597988401274279936,1597988401703000064,2020-08-21 13:40:01.703000,1921.0,1926.0,1898.0,1907.0,nan,1913.0,712045,13621420850.0,900828,1921.0,66,1920.0,890,nan,0,nan,0,nan,0,nan,0,nan,0,nan,0,nan,0,nan,0
1597988401786938880,1597988402216999936,2020-08-21 13:40:02.217000,1920.0,1926.0,1898.0,1907.0,nan,1913.0,712046,13621439980.0,900827,1921.0,154,1920.0,891,nan,0,nan,0,nan,0,nan,0,nan,0,nan,0,nan,0,nan,0
1597988402274129920,1597988402742000128,2020-08-21 13:40:02.742000,1921.0,1926.0,1898.0,1907.0,nan,1913.0,712047,13621459110.0,900828,1921.0,249,1920.0,923,nan,0,nan,0,nan,0,nan,0,nan,0,nan,0,nan,0,nan,0
1597988402770983936,1597988403240999936,2020-08-21 13:40:03.241000,1920.0,1926.0,1898.0,1907.0,nan,1913.0,712048,13621478240.0,900828,1921.0,191,1920.0,924,nan,0,nan,0,nan,0,nan,0,nan,0,nan,0,nan,0,nan,0
1597988403274923008,1597988403719000064,2020-08-21 13:40:03.719000,1920.0,1926.0,1898.0,1907.0,nan,1913.0,712048,13621478240.0,900828,1921.0,231,1920.0,924,nan,0,nan,0,nan,0,nan,0,nan,0,nan,0,nan,0,nan,0
1597988403766913024,1597988404240000000,2020-08-21 13:40:04.240000,1921.0,1926.0,1898.0,1907.0,nan,1913.0,712053,13621573890.0,900829,1921.0,349,1920.0,924,nan,0,nan,0,nan,0,nan,0,nan,0,nan,0,nan,0,nan,0
1597988404271078912,1597988404734999808,2020-08-21 13:40:04.735000,1920.0,1926.0,1898.0,1907.0,nan,1913.0,712054,13621593020.0,900828,1921.0,495,1920.0,874,nan,0,nan,0,nan,0,nan,0,nan,0,nan,0,nan,0,nan,0
1597988404762555904,1597988405221999872,2020-08-21 13:40:05.222000,1921.0,1926.0,1898.0,1907.0,nan,1913.0,712055,13621612150.0,900829,1921.0,496,1920.0,876,nan,0,nan,0,nan,0,nan,0,nan,0,nan,0,nan,0,nan,0
1597988405267508992,1597988405729000192,2020-08-21 13:40:05.729000,1920.0,1926.0,1898.0,1907.0,nan,1913.0,712088,13622243440.0,900831,1921.0,493,1920.0,846,nan,0,nan,0,nan,0,nan,0,nan,0,nan,0,nan,0,nan,0
1597988405765925888,1597988406210000128,2020-08-21 13:40:06.210000,1920.0,1926.0,1898.0,1907.0,nan,1913.0,712093,13622339090.0,900826,1921.0,512,1920.0,846,nan,0,nan,0,nan,0,nan,0,nan,0,nan,0,nan,0,nan,0
1597988406272227072,1597988406744999936,2020-08-21 13:40:06.745000,1920.0,1926.0,1898.0,1907.0,nan,1913.0,712094,13622358220.0,900826,1921.0,515,1920.0,845,nan,0,nan,0,nan,0,nan,0,nan,0,nan,0,nan,0,nan,0
1597988406772633088,1597988407236999936,2020-08-21 13:40:07.237000,1920.0,1926.0,1898.0,1907.0,nan,1913.0,712094,13622358220.0,900826,1921.0,516,1920.0,845,nan,0,nan,0,nan,0,nan,0,nan,0,nan,0,nan,0,nan,0
1597988407321486080,1597988407719000064,2020-08-21 13:40:07.719000,1920.0,1926.0,1898.0,1907.0,nan,1913.0,712095,13622377350.0,900826,1921.0,525,1920.0,847,nan,0,nan,0,nan,0,nan,0,nan,0,nan,0,nan,0,nan,0
1597988407770934016,1597988408239000064,2020-08-21 13:40:08.239000,1920.0,1926.0,1898.0,1907.0,nan,1913.0,712096,13622396480.0,900826,1921.0,528,1920.0,846,nan,0,nan,0,nan,0,nan,0,nan,0,nan,0,nan,0,nan,0
1597988408285500928,1597988408740000000,2020-08-21 13:40:08.740000,1920.0,1926.0,1898.0,1907.0,nan,1913.0,712096,13622396480.0,900826,1921.0,529,1920.0,846,nan,0,nan,0,nan,0,nan,0,nan,0,nan,0,nan,0,nan,0
1597988408817441024,1597988409211000064,2020-08-21 13:40:09.211000,1920.0,1926.0,1898.0,1907.0,nan,1913.0,712100,13622473000.0,900824,1921.0,534,1920.0,841,nan,0,nan,0,nan,0,nan,0,nan,0,nan,0,nan,0,nan,0
1597988409280413952,1597988409736999936,2020-08-21 13:40:09.737000,1920.0,1926.0,1898.0,1907.0,nan,1913.0,712101,13622492130.0,900823,1921.0,542,1920.0,856,nan,0,nan,0,nan,0,nan,0,nan,0,nan,0,nan,0,nan,0
1597988409772205056,1597988410194999808,2020-08-21 13:40:10.195000,1920.0,1926.0,1898.0,1907.0,nan,1913.0,712102,13622511260.0,900822,1921.0,562,1920.0,855,nan,0,nan,0,nan,0,nan,0,nan,0,nan,0,nan,0,nan,0
1597988410268630016,1597988410712000000,2020-08-21 13:40:10.712000,1920.0,1926.0,1898.0,1907.0,nan,1913.0,712102,13622511260.0,900822,1921.0,569,1920.0,855,nan,0,nan,0,nan,0,nan,0,nan,0,nan,0,nan,0,nan,0
1597988410767448064,1597988411239000064,2020-08-21 13:40:11.239000,1921.0,1926.0,1898.0,1907.0,nan,1913.0,712121,13622874730.0,900841,1921.0,551,1920.0,929,nan,0,nan,0,nan,0,nan,0,nan,0,nan,0,nan,0,nan,0
1597988411272122880,1597988411730000128,2020-08-21 13:40:11.730000,1920.0,1926.0,1898.0,1907.0,nan,1913.0,712122,13622893860.0,900840,1921.0,551,1920.0,928,nan,0,nan,0,nan,0,nan,0,nan,0,nan,0,nan,0,nan,0
1597988411775589120,1597988412224999936,2020-08-21 13:40:12.225000,1921.0,1926.0,1898.0,1907.0,nan,1913.0,712123,13622912990.0,900841,1921.0,558,1920.0,928,nan,0,nan,0,nan,0,nan,0,nan,0,nan,0,nan,0,nan,0
1597988412270622976,1597988412708000000,2020-08-21 13:40:12.708000,1920.0,1926.0,1898.0,1907.0,nan,1913.0,712124,13622932120.0,900840,1921.0,562,1920.0,929,nan,0,nan,0,nan,0,nan,0,nan,0,nan,0,nan,0,nan,0
1597988412777927936,1597988413236999936,2020-08-21 13:40:13.237000,1921.0,1926.0,1898.0,1907.0,nan,1913.0,712132,13623085160.0,900840,1921.0,557,1920.0,929,nan,0,nan,0,nan,0,nan,0,nan,0,nan,0,nan,0,nan,0
1597988413270524928,1597988413709000192,2020-08-21 13:40:13.709000,1921.0,1926.0,1898.0,1907.0,nan,1913.0,712134,13623123420.0,900841,1921.0,557,1920.0,929,nan,0,nan,0,nan,0,nan,0,nan,0,nan,0,nan,0,nan,0
1597988413767887104,1597988414230000128,2020-08-21 13:40:14.230000,1920.0,1926.0,1898.0,1907.0,nan,1913.0,712139,13623219070.0,900840,1921.0,575,1920.0,937,nan,0,nan,0,nan,0,nan,0,nan,0,nan,0,nan,0,nan,0
1597988414270353920,1597988414728000000,2020-08-21 13:40:14.728000,1920.0,1926.0,1898.0,1907.0,nan,1913.0,712139,13623219070.0,900840,1921.0,575,1920.0,939,nan,0,nan,0,nan,0,nan,0,nan,0,nan,0,nan,0,nan,0
1597988414781925888,1597988415240999936,2020-08-21 13:40:15.241000,1920.0,1926.0,1898.0,1907.0,nan,1913.0,712139,13623219070.0,900840,1921.0,595,1920.0,939,nan,0,nan,0,nan,0,nan,0,nan,0,nan,0,nan,0,nan,0
1597988415274868992,1597988415740999936,2020-08-21 13:40:15.741000,1920.0,1926.0,1898.0,1907.0,nan,1913.0,712139,13623219070.0,900840,1921.0,620,1920.0,940,nan,0,nan,0,nan,0,nan,0,nan,0,nan,0,nan,0,nan,0
1597988415777776896,1597988416231000064,2020-08-21 13:40:16.231000,1920.0,1926.0,1898.0,1907.0,nan,1913.0,712141,13623257330.0,900840,1921.0,620,1920.0,939,nan,0,nan,0,nan,0,nan,0,nan,0,nan,0,nan,0,nan,0
1597988416272820992,1597988416740999936,2020-08-21 13:40:16.741000,1920.0,1926.0,1898.0,1907.0,nan,1913.0,712187,13624137310.0,900880,1921.0,576,1920.0,927,nan,0,nan,0,nan,0,nan,0,nan,0,nan,0,nan,0,nan,0
1597988416772407040,1597988417244000000,2020-08-21 13:40:17.244000,1920.0,1926.0,1898.0,1907.0,nan,1913.0,712189,13624175570.0,900879,1921.0,577,1920.0,923,nan,0,nan,0,nan,0,nan,0,nan,0,nan,0,nan,0,nan,0
1597988417273274880,1597988417744000000,2020-08-21 13:40:17.744000,1920.0,1926.0,1898.0,1907.0,nan,1913.0,712189,13624175570.0,900879,1921.0,579,1920.0,924,nan,0,nan,0,nan,0,nan,0,nan,0,nan,0,nan,0,nan,0
1597988417810937088,1597988418243000064,2020-08-21 13:40:18.243000,1920.0,1926.0,1898.0,1907.0,nan,1913.0,712189,13624175570.0,900879,1921.0,579,1920.0,923,nan,0,nan,0,nan,0,nan,0,nan,0,nan,0,nan,0,nan,0
1597988418274589952,1597988418734999808,2020-08-21 13:40:18.735000,1920.0,1926.0,1898.0,1907.0,nan,1913.0,712195,13624290350.0,900878,1921.0,581,1920.0,918,nan,0,nan,0,nan,0,nan,0,nan,0,nan,0,nan,0,nan,0
1597988418781289984,1597988419226000128,2020-08-21 13:40:19.226000,1921.0,1926.0,1898.0,1907.0,nan,1913.0,712197,13624328610.0,900878,1921.0,584,1920.0,918,nan,0,nan,0,nan,0,nan,0,nan,0,nan,0,nan,0,nan,0
1597988419296509952,1597988419665999872,2020-08-21 13:40:19.666000,1921.0,1926.0,1898.0,1907.0,nan,1913.0,712202,13624424260.0,900883,1921.0,597,1920.0,928,nan,0,nan,0,nan,0,nan,0,nan,0,nan,0,nan,0,nan,0
1597988419795632128,1597988420226000128,2020-08-21 13:40:20.226000,1921.0,1926.0,1898.0,1907.0,nan,1913.0,712202,13624424260.0,900883,1921.0,592,1920.0,928,nan,0,nan,0,nan,0,nan,0,nan,0,nan,0,nan,0,nan,0
1597988420289916928,1597988420744000000,2020-08-21 13:40:20.744000,1920.0,1926.0,1898.0,1907.0,nan,1913.0,712207,13624519910.0,900878,1921.0,593,1920.0,974,nan,0,nan,0,nan,0,nan,0,nan,0,nan,0,nan,0,nan,0
1597988420771588096,1597988421230000128,2020-08-21 13:40:21.230000,1920.0,1926.0,1898.0,1907.0,nan,1913.0,712230,13624959900.0,900869,1921.0,614,1920.0,952,nan,0,nan,0,nan,0,nan,0,nan,0,nan,0,nan,0,nan,0
1597988421274411008,1597988421740000000,2020-08-21 13:40:21.740000,1920.0,1926.0,1898.0,1907.0,nan,1913.0,712230,13624959900.0,900869,1921.0,612,1920.0,922,nan,0,nan,0,nan,0,nan,0,nan,0,nan,0,nan,0,nan,0
1597988421769724928,1597988422221999872,2020-08-21 13:40:22.222000,1920.0,1926.0,1898.0,1907.0,nan,1913.0,712230,13624959900.0,900869,1921.0,629,1920.0,926,nan,0,nan,0,nan,0,nan,0,nan,0,nan,0,nan,0,nan,0
1597988422270368000,1597988422721999872,2020-08-21 13:40:22.722000,1920.0,1926.0,1898.0,1907.0,nan,1913.0,712241,13625170330.0,900872,1921.0,626,1920.0,928,nan,0,nan,0,nan,0,nan,0,nan,0,nan,0,nan,0,nan,0
1597988423281571072,1597988423736999936,2020-08-21 13:40:23.737000,1920.0,1926.0,1898.0,1907.0,nan,1913.0,712242,13625189460.0,900872,1921.0,596,1920.0,967,nan,0,nan,0,nan,0,nan,0,nan,0,nan,0,nan,0,nan,0
1597988423804005120,1597988424240000000,2020-08-21 13:40:24.240000,1920.0,1926.0,1898.0,1907.0,nan,1913.0,712277,13625859010.0,900898,1921.0,594,1920.0,945,nan,0,nan,0,nan,0,nan,0,nan,0,nan,0,nan,0,nan,0
1597988424282106112,1597988424730000128,2020-08-21 13:40:24.730000,1920.0,1926.0,1898.0,1907.0,nan,1913.0,712278,13625878140.0,900898,1921.0,603,1920.0,948,nan,0,nan,0,nan,0,nan,0,nan,0,nan,0,nan,0,nan,0
1597988424774355968,1597988425211000064,2020-08-21 13:40:25.211000,1920.0,1926.0,1898.0,1907.0,nan,1913.0,712278,13625878140.0,900898,1921.0,613,1920.0,948,nan,0,nan,0,nan,0,nan,0,nan,0,nan,0,nan,0,nan,0
1597988425276087040,1597988425719000064,2020-08-21 13:40:25.719000,1921.0,1926.0,1898.0,1907.0,nan,1913.0,712279,13625897270.0,900899,1921.0,613,1920.0,949,nan,0,nan,0,nan,0,nan,0,nan,0,nan,0,nan,0,nan,0
1597988425777463040,1597988426244999936,2020-08-21 13:40:26.245000,1921.0,1926.0,1898.0,1907.0,nan,1913.0,712281,13625935530.0,900901,1921.0,612,1920.0,950,nan,0,nan,0,nan,0,nan,0,nan,0,nan,0,nan,0,nan,0
1597988426294191104,1597988426712000000,2020-08-21 13:40:26.712000,1921.0,1926.0,1898.0,1907.0,nan,1913.0,712287,13626050310.0,900907,1921.0,612,1920.0,950,nan,0,nan,0,nan,0,nan,0,nan,0,nan,0,nan,0,nan,0
1597988426857517056,1597988427206000128,2020-08-21 13:40:27.206000,1920.0,1926.0,1898.0,1907.0,nan,1913.0,712301,13626318130.0,900904,1921.0,609,1920.0,947,nan,0,nan,0,nan,0,nan,0,nan,0,nan,0,nan,0,nan,0
1597988427278714112,1597988427740000000,2020-08-21 13:40:27.740000,1920.0,1926.0,1898.0,1907.0,nan,1913.0,712310,13626490300.0,900907,1921.0,610,1920.0,940,nan,0,nan,0,nan,0,nan,0,nan,0,nan,0,nan,0,nan,0
1597988427787899904,1597988428221999872,2020-08-21 13:40:28.222000,1920.0,1926.0,1898.0,1907.0,nan,1913.0,712317,13626624210.0,900907,1921.0,611,1920.0,934,nan,0,nan,0,nan,0,nan,0,nan,0,nan,0,nan,0,nan,0
1597988428281153024,1597988428744999936,2020-08-21 13:40:28.745000,1920.0,1926.0,1898.0,1907.0,nan,1913.0,712317,13626624210.0,900907,1921.0,713,1920.0,936,nan,0,nan,0,nan,0,nan,0,nan,0,nan,0,nan,0,nan,0
1597988428780124928,1597988429244999936,2020-08-21 13:40:29.245000,1921.0,1926.0,1898.0,1907.0,nan,1913.0,712318,13626643340.0,900908,1921.0,712,1920.0,966,nan,0,nan,0,nan,0,nan,0,nan,0,nan,0,nan,0,nan,0
1597988429282563072,1597988429729000192,2020-08-21 13:40:29.729000,1921.0,1926.0,1898.0,1907.0,nan,1913.0,712324,13626758120.0,900913,1921.0,714,1920.0,971,nan,0,nan,0,nan,0,nan,0,nan,0,nan,0,nan,0,nan,0
1597988430318405888,1597988430742000128,2020-08-21 13:40:30.742000,1920.0,1926.0,1898.0,1907.0,nan,1913.0,712326,13626796380.0,900913,1921.0,726,1920.0,970,nan,0,nan,0,nan,0,nan,0,nan,0,nan,0,nan,0,nan,0
1597988430783746048,1597988431200999936,2020-08-21 13:40:31.201000,1921.0,1926.0,1898.0,1907.0,nan,1913.0,712327,13626815510.0,900913,1921.0,725,1920.0,970,nan,0,nan,0,nan,0,nan,0,nan,0,nan,0,nan,0,nan,0
1597988431312852992,1597988431661999872,2020-08-21 13:40:31.662000,1921.0,1926.0,1898.0,1907.0,nan,1913.0,712328,13626834640.0,900914,1921.0,729,1920.0,971,nan,0,nan,0,nan,0,nan,0,nan,0,nan,0,nan,0,nan,0
1597988431798159104,1597988432244999936,2020-08-21 13:40:32.245000,1921.0,1926.0,1898.0,1907.0,nan,1913.0,712334,13626949420.0,900919,1921.0,729,1920.0,966,nan,0,nan,0,nan,0,nan,0,nan,0,nan,0,nan,0,nan,0
1597988432278799872,1597988432740999936,2020-08-21 13:40:32.741000,1920.0,1926.0,1898.0,1907.0,nan,1913.0,712336,13626987680.0,900921,1921.0,734,1920.0,964,nan,0,nan,0,nan,0,nan,0,nan,0,nan,0,nan,0,nan,0
1597988432785307904,1597988433243000064,2020-08-21 13:40:33.243000,1921.0,1926.0,1898.0,1907.0,nan,1913.0,712337,13627006810.0,900922,1921.0,736,1920.0,962,nan,0,nan,0,nan,0,nan,0,nan,0,nan,0,nan,0,nan,0
1597988433282224128,1597988433737999872,2020-08-21 13:40:33.738000,1920.0,1926.0,1898.0,1907.0,nan,1913.0,712339,13627045070.0,900922,1921.0,739,1920.0,961,nan,0,nan,0,nan,0,nan,0,nan,0,nan,0,nan,0,nan,0
1597988433839045888,1597988434242000128,2020-08-21 13:40:34.242000,1921.0,1926.0,1898.0,1907.0,nan,1913.0,712343,13627121590.0,900923,1921.0,745,1920.0,966,nan,0,nan,0,nan,0,nan,0,nan,0,nan,0,nan,0,nan,0
1597988434286560000,1597988434737999872,2020-08-21 13:40:34.738000,1921.0,1926.0,1898.0,1907.0,nan,1913.0,712343,13627121590.0,900923,1921.0,747,1920.0,966,nan,0,nan,0,nan,0,nan,0,nan,0,nan,0,nan,0,nan,0
1597988434787924992,1597988435239000064,2020-08-21 13:40:35.239000,1920.0,1926.0,1898.0,1907.0,nan,1913.0,712344,13627140720.0,900923,1921.0,747,1920.0,965,nan,0,nan,0,nan,0,nan,0,nan,0,nan,0,nan,0,nan,0
1597988435300884992,1597988435726000128,2020-08-21 13:40:35.726000,1920.0,1926.0,1898.0,1907.0,nan,1913.0,712344,13627140720.0,900923,1921.0,771,1920.0,965,nan,0,nan,0,nan,0,nan,0,nan,0,nan,0,nan,0,nan,0
1597988435780928000,1597988436244000000,2020-08-21 13:40:36.244000,1920.0,1926.0,1898.0,1907.0,nan,1913.0,712346,13627178980.0,900923,1921.0,780,1920.0,963,nan,0,nan,0,nan,0,nan,0,nan,0,nan,0,nan,0,nan,0
1597988436298412032,1597988436740000000,2020-08-21 13:40:36.740000,1920.0,1926.0,1898.0,1907.0,nan,1913.0,712346,13627178980.0,900923,1921.0,781,1920.0,964,nan,0,nan,0,nan,0,nan,0,nan,0,nan,0,nan,0,nan,0
1597988436798021120,1597988437242000128,2020-08-21 13:40:37.242000,1921.0,1926.0,1898.0,1907.0,nan,1913.0,712347,13627198110.0,900924,1921.0,782,1920.0,964,nan,0,nan,0,nan,0,nan,0,nan,0,nan,0,nan,0,nan,0
1597988437309821952,1597988437720000000,2020-08-21 13:40:37.720000,1920.0,1926.0,1898.0,1907.0,nan,1913.0,712354,13627332020.0,900928,1921.0,779,1920.0,962,nan,0,nan,0,nan,0,nan,0,nan,0,nan,0,nan,0,nan,0
1597988437812030976,1597988438233999872,2020-08-21 13:40:38.234000,1921.0,1926.0,1898.0,1907.0,nan,1913.0,712355,13627351150.0,900929,1921.0,778,1920.0,962,nan,0,nan,0,nan,0,nan,0,nan,0,nan,0,nan,0,nan,0
1597988438291673088,1597988438724000000,2020-08-21 13:40:38.724000,1921.0,1926.0,1898.0,1907.0,nan,1913.0,712356,13627370280.0,900929,1921.0,705,1920.0,962,nan,0,nan,0,nan,0,nan,0,nan,0,nan,0,nan,0,nan,0
1597988438797577984,1597988439244999936,2020-08-21 13:40:39.245000,1921.0,1926.0,1898.0,1907.0,nan,1913.0,712356,13627370280.0,900929,1921.0,585,1920.0,962,nan,0,nan,0,nan,0,nan,0,nan,0,nan,0,nan,0,nan,0
1597988439283532032,1597988439734999808,2020-08-21 13:40:39.735000,1921.0,1926.0,1898.0,1907.0,nan,1913.0,712356,13627370280.0,900929,1921.0,597,1920.0,961,nan,0,nan,0,nan,0,nan,0,nan,0,nan,0,nan,0,nan,0
1597988439785470976,1597988440224000000,2020-08-21 13:40:40.224000,1921.0,1926.0,1898.0,1907.0,nan,1913.0,712356,13627370280.0,900929,1921.0,603,1920.0,961,nan,0,nan,0,nan,0,nan,0,nan,0,nan,0,nan,0,nan,0
1597988440287070976,1597988440744999936,2020-08-21 13:40:40.745000,1920.0,1926.0,1898.0,1907.0,nan,1913.0,712357,13627389410.0,900929,1921.0,605,1920.0,960,nan,0,nan,0,nan,0,nan,0,nan,0,nan,0,nan,0,nan,0
1597988441290789120,1597988441744000000,2020-08-21 13:40:41.744000,1920.0,1926.0,1898.0,1907.0,nan,1913.0,712359,13627427670.0,900930,1921.0,650,1920.0,958,nan,0,nan,0,nan,0,nan,0,nan,0,nan,0,nan,0,nan,0
1597988441788577024,1597988442187000064,2020-08-21 13:40:42.187000,1920.0,1926.0,1898.0,1907.0,nan,1913.0,712362,13627485060.0,900930,1921.0,646,1920.0,955,nan,0,nan,0,nan,0,nan,0,nan,0,nan,0,nan,0,nan,0
1597988442305623040,1597988442744999936,2020-08-21 13:40:42.745000,1920.0,1926.0,1898.0,1907.0,nan,1913.0,712362,13627485060.0,900930,1921.0,649,1920.0,957,nan,0,nan,0,nan,0,nan,0,nan,0,nan,0,nan,0,nan,0
1597988442777710080,1597988443239000064,2020-08-21 13:40:43.239000,1921.0,1926.0,1898.0,1907.0,nan,1913.0,712363,13627504190.0,900931,1921.0,649,1920.0,958,nan,0,nan,0,nan,0,nan,0,nan,0,nan,0,nan,0,nan,0
1597988443289006080,1597988443744999936,2020-08-21 13:40:43.745000,1920.0,1926.0,1898.0,1907.0,nan,1913.0,712367,13627580710.0,900932,1921.0,657,1920.0,962,nan,0,nan,0,nan,0,nan,0,nan,0,nan,0,nan,0,nan,0
1597988443781683968,1597988444208000000,2020-08-21 13:40:44.208000,1921.0,1926.0,1898.0,1907.0,nan,1913.0,712370,13627638100.0,900932,1921.0,685,1920.0,961,nan,0,nan,0,nan,0,nan,0,nan,0,nan,0,nan,0,nan,0
1597988444784637952,1597988445216999936,2020-08-21 13:40:45.217000,1920.0,1926.0,1898.0,1907.0,nan,1913.0,712371,13627657230.0,900933,1921.0,686,1920.0,960,nan,0,nan,0,nan,0,nan,0,nan,0,nan,0,nan,0,nan,0
1597988445283578112,1597988445717999872,2020-08-21 13:40:45.718000,1920.0,1926.0,1898.0,1907.0,nan,1913.0,712373,13627695490.0,900934,1921.0,685,1920.0,960,nan,0,nan,0,nan,0,nan,0,nan,0,nan,0,nan,0,nan,0
1597988445783411968,1597988446243000064,2020-08-21 13:40:46.243000,1920.0,1926.0,1898.0,1907.0,nan,1913.0,712373,13627695490.0,900934,1921.0,725,1920.0,971,nan,0,nan,0,nan,0,nan,0,nan,0,nan,0,nan,0,nan,0
1597988446277326080,1597988446740999936,2020-08-21 13:40:46.741000,1920.0,1926.0,1898.0,1907.0,nan,1913.0,712375,13627733750.0,900936,1921.0,725,1920.0,969,nan,0,nan,0,nan,0,nan,0,nan,0,nan,0,nan,0,nan,0
1597988446788958976,1597988447240000000,2020-08-21 13:40:47.240000,1920.0,1926.0,1898.0,1907.0,nan,1913.0,712375,13627733750.0,900936,1921.0,725,1920.0,970,nan,0,nan,0,nan,0,nan,0,nan,0,nan,0,nan,0,nan,0
1597988447337107968,1597988447744999936,2020-08-21 13:40:47.745000,1920.0,1926.0,1898.0,1907.0,nan,1913.0,713344,13646270720.0,901015,1920.0,138,1919.0,770,nan,0,nan,0,nan,0,nan,0,nan,0,nan,0,nan,0,nan,0
1597988447796337920,1597988448232000000,2020-08-21 13:40:48.232000,1920.0,1926.0,1898.0,1907.0,nan,1913.0,713461,13648508930.0,900995,1920.0,143,1919.0,814,nan,0,nan,0,nan,0,nan,0,nan,0,nan,0,nan,0,nan,0
1597988448283788032,1597988448746000128,2020-08-21 13:40:48.746000,1919.0,1926.0,1898.0,1907.0,nan,1913.0,713469,13648661970.0,900997,1920.0,173,1919.0,843,nan,0,nan,0,nan,0,nan,0,nan,0,nan,0,nan,0,nan,0
1597988448792485120,1597988449244999936,2020-08-21 13:40:49.245000,1919.0,1926.0,1898.0,1907.0,nan,1913.0,713475,13648776750.0,900999,1920.0,175,1919.0,851,nan,0,nan,0,nan,0,nan,0,nan,0,nan,0,nan,0,nan,0
1597988449285306880,1597988449632999936,2020-08-21 13:40:49.633000,1919.0,1926.0,1898.0,1907.0,nan,1913.0,713475,13648776750.0,900999,1920.0,175,1919.0,853,nan,0,nan,0,nan,0,nan,0,nan,0,nan,0,nan,0,nan,0
1597988449797611008,1597988450244000000,2020-08-21 13:40:50.244000,1920.0,1926.0,1898.0,1907.0,nan,1913.0,713476,13648795880.0,901000,1920.0,175,1919.0,843,nan,0,nan,0,nan,0,nan,0,nan,0,nan,0,nan,0,nan,0
1597988450291072000,1597988450732000000,2020-08-21 13:40:50.732000,1920.0,1926.0,1898.0,1907.0,nan,1913.0,713477,13648815010.0,901001,1920.0,174,1919.0,840,nan,0,nan,0,nan,0,nan,0,nan,0,nan,0,nan,0,nan,0
1597988450787889920,1597988451224000000,2020-08-21 13:40:51.224000,1920.0,1926.0,1898.0,1907.0,nan,1913.0,713487,13649006310.0,901001,1920.0,165,1919.0,848,nan,0,nan,0,nan,0,nan,0,nan,0,nan,0,nan,0,nan,0
1597988451292061952,1597988451743000064,2020-08-21 13:40:51.743000,1920.0,1926.0,1898.0,1907.0,nan,1913.0,713488,13649025440.0,901002,1920.0,169,1919.0,848,nan,0,nan,0,nan,0,nan,0,nan,0,nan,0,nan,0,nan,0
1597988451793805056,1597988452242000128,2020-08-21 13:40:52.242000,1920.0,1926.0,1898.0,1907.0,nan,1913.0,713489,13649044570.0,901003,1920.0,173,1919.0,852,nan,0,nan,0,nan,0,nan,0,nan,0,nan,0,nan,0,nan,0
1597988452290243072,1597988452732999936,2020-08-21 13:40:52.733000,1920.0,1926.0,1898.0,1907.0,nan,1913.0,713492,13649101960.0,901006,1920.0,174,1919.0,855,nan,0,nan,0,nan,0,nan,0,nan,0,nan,0,nan,0,nan,0
1597988452807244032,1597988453180999936,2020-08-21 13:40:53.181000,1920.0,1926.0,1898.0,1907.0,nan,1913.0,713684,13652774920.0,900865,1921.0,711,1920.0,112,nan,0,nan,0,nan,0,nan,0,nan,0,nan,0,nan,0,nan,0
1597988453292403968,1597988453731000064,2020-08-21 13:40:53.731000,1920.0,1926.0,1898.0,1907.0,nan,1913.0,713686,13652813180.0,900866,1921.0,708,1920.0,311,nan,0,nan,0,nan,0,nan,0,nan,0,nan,0,nan,0,nan,0
1597988453791963904,1597988454232999936,2020-08-21 13:40:54.233000,1920.0,1926.0,1898.0,1907.0,nan,1913.0,713690,13652889700.0,900866,1921.0,710,1920.0,312,nan,0,nan,0,nan,0,nan,0,nan,0,nan,0,nan,0,nan,0
1597988454300054016,1597988454709000192,2020-08-21 13:40:54.709000,1920.0,1926.0,1898.0,1907.0,nan,1913.0,713692,13652927960.0,900868,1921.0,703,1920.0,311,nan,0,nan,0,nan,0,nan,0,nan,0,nan,0,nan,0,nan,0
1597988454782945024,1597988455242000128,2020-08-21 13:40:55.242000,1920.0,1926.0,1898.0,1907.0,nan,1913.0,713693,13652947090.0,900868,1921.0,711,1920.0,310,nan,0,nan,0,nan,0,nan,0,nan,0,nan,0,nan,0,nan,0
1597988455281878016,1597988455744000000,2020-08-21 13:40:55.744000,1920.0,1926.0,1898.0,1907.0,nan,1913.0,713695,13652985350.0,900870,1921.0,711,1920.0,309,nan,0,nan,0,nan,0,nan,0,nan,0,nan,0,nan,0,nan,0
1597988455784129024,1597988456220999936,2020-08-21 13:40:56.221000,1920.0,1926.0,1898.0,1907.0,nan,1913.0,713731,13653674030.0,900881,1921.0,711,1920.0,213,nan,0,nan,0,nan,0,nan,0,nan,0,nan,0,nan,0,nan,0
1597988456289374976,1597988456736000000,2020-08-21 13:40:56.736000,1920.0,1926.0,1898.0,1907.0,nan,1913.0,713732,13653693160.0,900882,1921.0,743,1920.0,220,nan,0,nan,0,nan,0,nan,0,nan,0,nan,0,nan,0,nan,0
1597988456793003008,1597988457240000000,2020-08-21 13:40:57.240000,1920.0,1926.0,1898.0,1907.0,nan,1913.0,713736,13653769680.0,900883,1921.0,738,1920.0,216,nan,0,nan,0,nan,0,nan,0,nan,0,nan,0,nan,0,nan,0
1597988457284606976,1597988457743000064,2020-08-21 13:40:57.743000,1920.0,1926.0,1898.0,1907.0,nan,1913.0,713742,13653884460.0,900883,1921.0,637,1920.0,210,nan,0,nan,0,nan,0,nan,0,nan,0,nan,0,nan,0,nan,0
1597988457788045056,1597988458244000000,2020-08-21 13:40:58.244000,1921.0,1926.0,1898.0,1907.0,nan,1913.0,713759,13654209670.0,900888,1921.0,638,1920.0,202,nan,0,nan,0,nan,0,nan,0,nan,0,nan,0,nan,0,nan,0
1597988458298095104,1597988458742000128,2020-08-21 13:40:58.742000,1920.0,1926.0,1898.0,1907.0,nan,1913.0,713769,13654400970.0,900888,1921.0,638,1920.0,310,nan,0,nan,0,nan,0,nan,0,nan,0,nan,0,nan,0,nan,0
1597988458788848896,1597988459173000192,2020-08-21 13:40:59.173000,1920.0,1926.0,1898.0,1907.0,nan,1913.0,713771,13654439230.0,900889,1921.0,648,1920.0,371,nan,0,nan,0,nan,0,nan,0,nan,0,nan,0,nan,0,nan,0
1597988459285355008,1597988459730000128,2020-08-21 13:40:59.730000,1921.0,1926.0,1898.0,1907.0,nan,1913.0,713795,13654898350.0,900905,1921.0,622,1920.0,425,nan,0,nan,0,nan,0,nan,0,nan,0,nan,0,nan,0,nan,0
1597988459798432000,1597988460242000128,2020-08-21 13:41:00.242000,1920.0,1926.0,1898.0,1907.0,nan,1913.0,713800,13654994000.0,900906,1921.0,625,1920.0,447,nan,0,nan,0,nan,0,nan,0,nan,0,nan,0,nan,0,nan,0
1597988460292687872,1597988460742000128,2020-08-21 13:41:00.742000,1920.0,1926.0,1898.0,1907.0,nan,1913.0,713800,13654994000.0,900906,1921.0,626,1920.0,457,nan,0,nan,0,nan,0,nan,0,nan,0,nan,0,nan,0,nan,0
1597988460788349952,1597988461244000000,2020-08-21 13:41:01.244000,1920.0,1926.0,1898.0,1907.0,nan,1913.0,714281,13664195530.0,900731,1921.0,624,1919.0,847,nan,0,nan,0,nan,0,nan,0,nan,0,nan,0,nan,0,nan,0
1597988461390253056,1597988461696999936,2020-08-21 13:41:01.697000,1920.0,1926.0,1898.0,1907.0,nan,1913.0,714334,13665209420.0,900784,1920.0,392,1919.0,847,nan,0,nan,0,nan,0,nan,0,nan,0,nan,0,nan,0,nan,0
1597988461798137088,1597988462244999936,2020-08-21 13:41:02.245000,1920.0,1926.0,1898.0,1907.0,nan,1913.0,714437,13667179810.0,900887,1920.0,275,1919.0,883,nan,0,nan,0,nan,0,nan,0,nan,0,nan,0,nan,0,nan,0
1597988462799826944,1597988463236000000,2020-08-21 13:41:03.236000,1920.0,1926.0,1898.0,1907.0,nan,1913.0,714439,13667218070.0,900889,1920.0,278,1919.0,871,nan,0,nan,0,nan,0,nan,0,nan,0,nan,0,nan,0,nan,0
1597988463295856896,1597988463732999936,2020-08-21 13:41:03.733000,1919.0,1926.0,1898.0,1907.0,nan,1913.0,714440,13667237200.0,900890,1920.0,279,1919.0,881,nan,0,nan,0,nan,0,nan,0,nan,0,nan,0,nan,0,nan,0
1597988463801061888,1597988464237999872,2020-08-21 13:41:04.238000,1920.0,1926.0,1898.0,1907.0,nan,1913.0,714446,13667351980.0,900893,1920.0,274,1919.0,886,nan,0,nan,0,nan,0,nan,0,nan,0,nan,0,nan,0,nan,0
1597988464290771968,1597988464740000000,2020-08-21 13:41:04.740000,1919.0,1926.0,1898.0,1907.0,nan,1913.0,714447,13667371110.0,900893,1920.0,295,1919.0,888,nan,0,nan,0,nan,0,nan,0,nan,0,nan,0,nan,0,nan,0
1597988464797016064,1597988465236999936,2020-08-21 13:41:05.237000,1919.0,1926.0,1898.0,1907.0,nan,1913.0,714447,13667371110.0,900893,1920.0,295,1919.0,889,nan,0,nan,0,nan,0,nan,0,nan,0,nan,0,nan,0,nan,0
1597988465292464896,1597988465744999936,2020-08-21 13:41:05.745000,1920.0,1926.0,1898.0,1907.0,nan,1913.0,714448,13667390240.0,900894,1920.0,334,1919.0,890,nan,0,nan,0,nan,0,nan,0,nan,0,nan,0,nan,0,nan,0
1597988466299368960,1597988466744999936,2020-08-21 13:41:06.745000,1920.0,1926.0,1898.0,1907.0,nan,1913.0,714448,13667390240.0,900894,1920.0,390,1919.0,891,nan,0,nan,0,nan,0,nan,0,nan,0,nan,0,nan,0,nan,0
1597988466791354112,1597988467242000128,2020-08-21 13:41:07.242000,1919.0,1926.0,1898.0,1907.0,nan,1913.0,714449,13667409370.0,900895,1920.0,390,1919.0,882,nan,0,nan,0,nan,0,nan,0,nan,0,nan,0,nan,0,nan,0
1597988467296207104,1597988467708000000,2020-08-21 13:41:07.708000,1920.0,1926.0,1898.0,1907.0,nan,1913.0,714451,13667447630.0,900896,1920.0,340,1919.0,846,nan,0,nan,0,nan,0,nan,0,nan,0,nan,0,nan,0,nan,0
1597988468294556928,1597988468670000128,2020-08-21 13:41:08.670000,1920.0,1926.0,1898.0,1907.0,nan,1913.0,714451,13667447630.0,900896,1920.0,513,1919.0,846,nan,0,nan,0,nan,0,nan,0,nan,0,nan,0,nan,0,nan,0
1597988468801088000,1597988469217999872,2020-08-21 13:41:09.218000,1920.0,1926.0,1898.0,1907.0,nan,1913.0,714456,13667543280.0,900896,1920.0,635,1919.0,671,nan,0,nan,0,nan,0,nan,0,nan,0,nan,0,nan,0,nan,0
1597988469297231104,1597988469713999872,2020-08-21 13:41:09.714000,1920.0,1926.0,1898.0,1907.0,nan,1913.0,714459,13667600670.0,900898,1920.0,637,1919.0,579,nan,0,nan,0,nan,0,nan,0,nan,0,nan,0,nan,0,nan,0
1597988470296436992,1597988470730000128,2020-08-21 13:41:10.730000,1920.0,1926.0,1898.0,1907.0,nan,1913.0,714459,13667600670.0,900898,1920.0,637,1919.0,581,nan,0,nan,0,nan,0,nan,0,nan,0,nan,0,nan,0,nan,0
1597988470810334976,1597988471236000000,2020-08-21 13:41:11.236000,1920.0,1926.0,1898.0,1907.0,nan,1913.0,714459,13667600670.0,900898,1920.0,638,1919.0,583,nan,0,nan,0,nan,0,nan,0,nan,0,nan,0,nan,0,nan,0
1597988471320193024,1597988471719000064,2020-08-21 13:41:11.719000,1920.0,1926.0,1898.0,1907.0,nan,1913.0,714463,13667677190.0,900902,1920.0,634,1919.0,583,nan,0,nan,0,nan,0,nan,0,nan,0,nan,0,nan,0,nan,0
1597988471799260928,1597988472231000064,2020-08-21 13:41:12.231000,1919.0,1926.0,1898.0,1907.0,nan,1913.0,714471,13667830230.0,900902,1920.0,635,1919.0,588,nan,0,nan,0,nan,0,nan,0,nan,0,nan,0,nan,0,nan,0
1597988472304335872,1597988472744000000,2020-08-21 13:41:12.744000,1920.0,1926.0,1898.0,1907.0,nan,1913.0,714472,13667849360.0,900903,1920.0,634,1919.0,589,nan,0,nan,0,nan,0,nan,0,nan,0,nan,0,nan,0,nan,0
1597988472803742976,1597988473236000000,2020-08-21 13:41:13.236000,1919.0,1926.0,1898.0,1907.0,nan,1913.0,714474,13667887620.0,900903,1920.0,635,1919.0,589,nan,0,nan,0,nan,0,nan,0,nan,0,nan,0,nan,0,nan,0
1597988473299346944,1597988473736999936,2020-08-21 13:41:13.737000,1919.0,1926.0,1898.0,1907.0,nan,1913.0,714475,13667906750.0,900903,1920.0,635,1919.0,588,nan,0,nan,0,nan,0,nan,0,nan,0,nan,0,nan,0,nan,0
1597988473797588992,1597988474236000000,2020-08-21 13:41:14.236000,1920.0,1926.0,1898.0,1907.0,nan,1913.0,714479,13667983270.0,900904,1920.0,636,1919.0,589,nan,0,nan,0,nan,0,nan,0,nan,0,nan,0,nan,0,nan,0
1597988474308624896,1597988474733999872,2020-08-21 13:41:14.734000,1919.0,1926.0,1898.0,1907.0,nan,1913.0,714480,13668002400.0,900904,1920.0,637,1919.0,588,nan,0,nan,0,nan,0,nan,0,nan,0,nan,0,nan,0,nan,0
1597988474806980096,1597988475232000000,2020-08-21 13:41:15.232000,1919.0,1926.0,1898.0,1907.0,nan,1913.0,714480,13668002400.0,900904,1920.0,638,1919.0,588,nan,0,nan,0,nan,0,nan,0,nan,0,nan,0,nan,0,nan,0
1597988475306446080,1597988475724999936,2020-08-21 13:41:15.725000,1919.0,1926.0,1898.0,1907.0,nan,1913.0,714480,13668002400.0,900904,1920.0,639,1919.0,590,nan,0,nan,0,nan,0,nan,0,nan,0,nan,0,nan,0,nan,0
1597988475791685888,1597988476232000000,2020-08-21 13:41:16.232000,1919.0,1926.0,1898.0,1907.0,nan,1913.0,714480,13668002400.0,900904,1920.0,656,1919.0,588,nan,0,nan,0,nan,0,nan,0,nan,0,nan,0,nan,0,nan,0
1597988476297196032,1597988476743000064,2020-08-21 13:41:16.743000,1919.0,1926.0,1898.0,1907.0,nan,1913.0,714544,13669226720.0,900967,1920.0,662,1919.0,524,nan,0,nan,0,nan,0,nan,0,nan,0,nan,0,nan,0,nan,0
1597988476799500032,1597988477193000192,2020-08-21 13:41:17.193000,1919.0,1926.0,1898.0,1907.0,nan,1913.0,714544,13669226720.0,900967,1920.0,663,1919.0,525,nan,0,nan,0,nan,0,nan,0,nan,0,nan,0,nan,0,nan,0
1597988477296133888,1597988477734999808,2020-08-21 13:41:17.735000,1919.0,1926.0,1898.0,1907.0,nan,1913.0,714554,13669418020.0,900977,1920.0,664,1919.0,520,nan,0,nan,0,nan,0,nan,0,nan,0,nan,0,nan,0,nan,0
1597988477798583040,1597988478232000000,2020-08-21 13:41:18.232000,1919.0,1926.0,1898.0,1907.0,nan,1913.0,714554,13669418020.0,900977,1920.0,705,1919.0,520,nan,0,nan,0,nan,0,nan,0,nan,0,nan,0,nan,0,nan,0
1597988478321604096,1597988478742000128,2020-08-21 13:41:18.742000,1919.0,1926.0,1898.0,1907.0,nan,1913.0,714557,13669475410.0,900977,1920.0,705,1919.0,519,nan,0,nan,0,nan,0,nan,0,nan,0,nan,0,nan,0,nan,0
1597988478792790016,1597988479240999936,2020-08-21 13:41:19.241000,1920.0,1926.0,1898.0,1907.0,nan,1913.0,714569,13669704970.0,900987,1920.0,695,1919.0,467,nan,0,nan,0,nan,0,nan,0,nan,0,nan,0,nan,0,nan,0
1597988479301110016,1597988479746000128,2020-08-21 13:41:19.746000,1920.0,1926.0,1898.0,1907.0,nan,1913.0,714572,13669762360.0,900989,1920.0,694,1919.0,467,nan,0,nan,0,nan,0,nan,0,nan,0,nan,0,nan,0,nan,0
1597988479795161088,1597988480232000000,2020-08-21 13:41:20.232000,1920.0,1926.0,1898.0,1907.0,nan,1913.0,714574,13669800620.0,900991,1920.0,693,1919.0,465,nan,0,nan,0,nan,0,nan,0,nan,0,nan,0,nan,0,nan,0
1597988480315571968,1597988480733999872,2020-08-21 13:41:20.734000,1919.0,1926.0,1898.0,1907.0,nan,1913.0,714577,13669858010.0,900991,1920.0,694,1919.0,472,nan,0,nan,0,nan,0,nan,0,nan,0,nan,0,nan,0,nan,0
1597988480805778944,1597988481242000128,2020-08-21 13:41:21.242000,1919.0,1926.0,1898.0,1907.0,nan,1913.0,714634,13670948420.0,900977,1920.0,696,1919.0,415,nan,0,nan,0,nan,0,nan,0,nan,0,nan,0,nan,0,nan,0
1597988481803734016,1597988482243000064,2020-08-21 13:41:22.243000,1919.0,1926.0,1898.0,1907.0,nan,1913.0,714635,13670967550.0,900978,1920.0,698,1919.0,416,nan,0,nan,0,nan,0,nan,0,nan,0,nan,0,nan,0,nan,0
1597988482298665984,1597988482739000064,2020-08-21 13:41:22.739000,1919.0,1926.0,1898.0,1907.0,nan,1913.0,714640,13671063200.0,900978,1920.0,701,1919.0,407,nan,0,nan,0,nan,0,nan,0,nan,0,nan,0,nan,0,nan,0
1597988482805114880,1597988483240000000,2020-08-21 13:41:23.240000,1919.0,1926.0,1898.0,1907.0,nan,1913.0,714646,13671177980.0,900978,1920.0,702,1919.0,402,nan,0,nan,0,nan,0,nan,0,nan,0,nan,0,nan,0,nan,0
1597988483314772992,1597988483746000128,2020-08-21 13:41:23.746000,1919.0,1926.0,1898.0,1907.0,nan,1913.0,714675,13671732750.0,900985,1920.0,702,1919.0,379,nan,0,nan,0,nan,0,nan,0,nan,0,nan,0,nan,0,nan,0
1597988483804024064,1597988484239000064,2020-08-21 13:41:24.239000,1920.0,1926.0,1898.0,1907.0,nan,1913.0,714680,13671828400.0,900986,1920.0,698,1919.0,379,nan,0,nan,0,nan,0,nan,0,nan,0,nan,0,nan,0,nan,0
1597988484304899072,1597988484732000000,2020-08-21 13:41:24.732000,1920.0,1926.0,1898.0,1907.0,nan,1913.0,714680,13671828400.0,900986,1920.0,699,1919.0,378,nan,0,nan,0,nan,0,nan,0,nan,0,nan,0,nan,0,nan,0
1597988484809518080,1597988485237999872,2020-08-21 13:41:25.238000,1920.0,1926.0,1898.0,1907.0,nan,1913.0,714682,13671866660.0,900987,1920.0,693,1919.0,377,nan,0,nan,0,nan,0,nan,0,nan,0,nan,0,nan,0,nan,0
1597988485304688896,1597988485655000064,2020-08-21 13:41:25.655000,1919.0,1926.0,1898.0,1907.0,nan,1913.0,714693,13672077090.0,900986,1920.0,694,1919.0,367,nan,0,nan,0,nan,0,nan,0,nan,0,nan,0,nan,0,nan,0
1597988485798681088,1597988486210000128,2020-08-21 13:41:26.210000,1919.0,1926.0,1898.0,1907.0,nan,1913.0,714693,13672077090.0,900986,1920.0,701,1919.0,367,nan,0,nan,0,nan,0,nan,0,nan,0,nan,0,nan,0,nan,0
1597988486801579008,1597988487246000128,2020-08-21 13:41:27.246000,1919.0,1926.0,1898.0,1907.0,nan,1913.0,714694,13672096220.0,900986,1920.0,726,1919.0,367,nan,0,nan,0,nan,0,nan,0,nan,0,nan,0,nan,0,nan,0
1597988487305167872,1597988487737999872,2020-08-21 13:41:27.738000,1919.0,1926.0,1898.0,1907.0,nan,1913.0,714694,13672096220.0,900986,1920.0,725,1919.0,367,nan,0,nan,0,nan,0,nan,0,nan,0,nan,0,nan,0,nan,0
1597988487808886016,1597988488209000192,2020-08-21 13:41:28.209000,1920.0,1926.0,1898.0,1907.0,nan,1913.0,714695,13672115350.0,900986,1920.0,727,1919.0,368,nan,0,nan,0,nan,0,nan,0,nan,0,nan,0,nan,0,nan,0
1597988488301649920,1597988488746000128,2020-08-21 13:41:28.746000,1919.0,1926.0,1898.0,1907.0,nan,1913.0,714697,13672153610.0,900986,1920.0,726,1919.0,367,nan,0,nan,0,nan,0,nan,0,nan,0,nan,0,nan,0,nan,0
1597988488814680064,1597988489240999936,2020-08-21 13:41:29.241000,1919.0,1926.0,1898.0,1907.0,nan,1913.0,714699,13672191870.0,900988,1920.0,730,1919.0,390,nan,0,nan,0,nan,0,nan,0,nan,0,nan,0,nan,0,nan,0
1597988489324581888,1597988489736999936,2020-08-21 13:41:29.737000,1919.0,1926.0,1898.0,1907.0,nan,1913.0,714706,13672325780.0,900995,1920.0,730,1919.0,383,nan,0,nan,0,nan,0,nan,0,nan,0,nan,0,nan,0,nan,0
