local_nano_time,quote_nano_time,datetime,last_price,highest,lowest,open,close,average,volume,amount,open_interest,ask_price1,ask_volume1,bid_price1,bid_volume1,ask_price2,ask_volume2,bid_price2,bid_volume2,ask_price3,ask_volume3,bid_price3,bid_volume3,ask_price4,ask_volume4,bid_price4,bid_volume4,ask_price5,ask_volume5,bid_price5,bid_volume5
1597988230138402048,1597988230000000000,2020-08-21 13:37:10.000000,3787.0,3800.0,3764.0,3765.0,nan,3781.307384,434161,16416961950.0,793684,3787.0,211,3786.0,260,3788.0,579,3785.0,695,3789.0,400,3784.0,263,3790.0,595,3783.0,358,3791.0,483,3782.0,682
1597988230609497088,1597988230500000000,2020-08-21 13:37:10.500000,3787.0,3800.0,3764.0,3765.0,nan,3781.307384,434161,16416961950.0,793684,3787.0,211,3786.0,261,3788.0,579,3785.0,695,3789.0,400,3784.0,263,3790.0,595,3783.0,358,3791.0,483,3782.0,682
1597988231148358912,1597988231000000000,2020-08-21 13:37:11.000000,3787.0,3800.0,3764.0,3765.0,nan,3781.307384,434161,16416961950.0,793684,3787.0,211,3786.0,262,3788.0,579,3785.0,695,3789.0,400,3784.0,263,3790.0,595,3783.0,358,3791.0,483,3782.0,682
1597988231617348096,1597988231500000000,2020-08-21 13:37:11.500000,3787.0,3800.0,3764.0,3765.0,nan,3781.307384,434161,16416961950.0,793684,3787.0,212,3786.0,262,3788.0,579,3785.0,695,3789.0,400,3784.0,253,3790.0,595,3783.0,358,3791.0,483,3782.0,682
1597988232135307008,1597988232000000000,2020-08-21 13:37:12.000000,3787.0,3800.0,3764.0,3765.0,nan,3781.307384,434161,16416961950.0,793684,3787.0,212,3786.0,262,3788.0,580,3785.0,695,3789.0,400,3784.0,253,3790.0,595,3783.0,366,3791.0,483,3782.0,682
1597988232619549952,1597988232500000000,2020-08-21 13:37:12.500000,3786.0,3800.0,3764.0,3765.0,nan,3781.307416,434164,16417075530.0,793681,3787.0,213,3786.0,259,3788.0,580,3785.0,695,3789.0,400,3784.0,253,3790.0,595,3783.0,366,3791.0,483,3782.0,682
1597988233113359872,1597988233000000000,2020-08-21 13:37:13.000000,3786.0,3800.0,3764.0,3765.0,nan,3781.307416,434164,16417075530.0,793681,3787.0,215,3786.0,259,3788.0,580,3785.0,695,3789.0,400,3784.0,253,3790.0,594,3783.0,366,3791.0,483,3782.0,682
1597988233627883008,1597988233500000000,2020-08-21 13:37:13.500000,3786.0,3800.0,3764.0,3765.0,nan,3781.307416,434164,16417075530.0,793681,3787.0,215,3786.0,260,3788.0,580,3785.0,695,3789.0,400,3784.0,253,3790.0,594,3783.0,366,3791.0,483,3782.0,682
1597988234127342080,1597988234000000000,2020-08-21 13:37:14.000000,3786.0,3800.0,3764.0,3765.0,nan,3781.307416,434164,16417075530.0,793681,3787.0,214,3786.0,261,3788.0,580,3785.0,695,3789.0,400,3784.0,253,3790.0,594,3783.0,366,3791.0,483,3782.0,682
1597988234614590976,1597988234500000000,2020-08-21 13:37:14.500000,3786.0,3800.0,3764.0,3765.0,nan,3781.307416,434164,16417075530.0,793681,3787.0,265,3786.0,261,3788.0,581,3785.0,695,3789.0,400,3784.0,253,3790.0,594,3783.0,366,3791.0,483,3782.0,682
1597988235127080960,1597988235000000000,2020-08-21 13:37:15.000000,3786.0,3800.0,3764.0,3765.0,nan,3781.30744,434166,16417151260.0,793679,3787.0,265,3786.0,241,3788.0,581,3785.0,695,3789.0,400,3784.0,253,3790.0,594,3783.0,366,3791.0,483,3782.0,682
1597988236112080896,1597988236000000000,2020-08-21 13:37:16.000000,3786.0,3800.0,3764.0,3765.0,nan,3781.30744,434166,16417151260.0,793679,3787.0,265,3786.0,241,3788.0,581,3785.0,694,3789.0,400,3784.0,253,3790.0,594,3783.0,366,3791.0,483,3782.0,682
1597988236609963008,1597988236500000000,2020-08-21 13:37:16.500000,3786.0,3800.0,3764.0,3765.0,nan,3781.30744,434166,16417151260.0,793679,3787.0,265,3786.0,241,3788.0,581,3785.0,694,3789.0,400,3784.0,253,3790.0,594,3783.0,371,3791.0,483,3782.0,682
1597988237130322944,1597988237000000000,2020-08-21 13:37:17.000000,3786.0,3800.0,3764.0,3765.0,nan,3781.30744,434166,16417151260.0,793679,3787.0,265,3786.0,182,3788.0,581,3785.0,694,3789.0,400,3784.0,253,3790.0,594,3783.0,371,3791.0,483,3782.0,682
1597988237619273984,1597988237500000000,2020-08-21 13:37:17.500000,3786.0,3800.0,3764.0,3765.0,nan,3781.30744,434166,16417151260.0,793679,3787.0,265,3786.0,182,3788.0,581,3785.0,694,3789.0,399,3784.0,253,3790.0,594,3783.0,371,3791.0,483,3782.0,682
1597988238134472960,1597988238000000000,2020-08-21 13:37:18.000000,3786.0,3800.0,3764.0,3765.0,nan,3781.30744,434166,16417151260.0,793679,3787.0,265,3786.0,183,3788.0,581,3785.0,696,3789.0,399,3784.0,253,3790.0,595,3783.0,371,3791.0,483,3782.0,682
1597988239112710912,1597988239000000000,2020-08-21 13:37:19.000000,3786.0,3800.0,3764.0,3765.0,nan,3781.30744,434166,16417151260.0,793679,3787.0,371,3786.0,183,3788.0,582,3785.0,696,3789.0,399,3784.0,253,3790.0,595,3783.0,371,3791.0,483,3782.0,682
1597988239618542080,1597988239500000000,2020-08-21 13:37:19.500000,3786.0,3800.0,3764.0,3765.0,nan,3781.30744,434166,16417151260.0,793679,3787.0,401,3786.0,127,3788.0,582,3785.0,694,3789.0,399,3784.0,254,3790.0,595,3783.0,371,3791.0,483,3782.0,682
1597988240147930112,1597988240000000000,2020-08-21 13:37:20.000000,3786.0,3800.0,3764.0,3765.0,nan,3781.30744,434166,16417151260.0,793679,3787.0,401,3786.0,83,3788.0,582,3785.0,694,3789.0,402,3784.0,254,3790.0,595,3783.0,371,3791.0,483,3782.0,682
1597988240612577024,1597988240500000000,2020-08-21 13:37:20.500000,3786.0,3800.0,3764.0,3765.0,nan,3781.30744,434166,16417151260.0,793679,3787.0,401,3786.0,75,3788.0,582,3785.0,694,3789.0,402,3784.0,254,3790.0,595,3783.0,371,3791.0,483,3782.0,682
1597988241143012096,1597988241000000000,2020-08-21 13:37:21.000000,3787.0,3800.0,3764.0,3765.0,nan,3781.307453,434167,16417189130.0,793678,3787.0,400,3786.0,75,3788.0,582,3785.0,694,3789.0,402,3784.0,254,3790.0,595,3783.0,371,3791.0,483,3782.0,682
1597988241618228992,1597988241500000000,2020-08-21 13:37:21.500000,3786.0,3800.0,3764.0,3765.0,nan,3781.307475,434169,16417264850.0,793676,3787.0,400,3786.0,73,3788.0,582,3785.0,694,3789.0,402,3784.0,262,3790.0,595,3783.0,371,3791.0,483,3782.0,682
1597988242121731072,1597988242000000000,2020-08-21 13:37:22.000000,3786.0,3800.0,3764.0,3765.0,nan,3781.307486,434170,16417302710.0,793676,3787.0,401,3786.0,72,3788.0,572,3785.0,694,3789.0,402,3784.0,262,3790.0,595,3783.0,371,3791.0,483,3782.0,682
1597988243115599872,1597988243000000000,2020-08-21 13:37:23.000000,3786.0,3800.0,3764.0,3765.0,nan,3781.307486,434170,16417302710.0,793676,3787.0,401,3786.0,75,3788.0,572,3785.0,694,3789.0,402,3784.0,262,3790.0,595,3783.0,371,3791.0,483,3782.0,682
1597988243625216000,1597988243500000000,2020-08-21 13:37:23.500000,3786.0,3800.0,3764.0,3765.0,nan,3781.307486,434170,16417302710.0,793676,3787.0,407,3786.0,76,3788.0,572,3785.0,694,3789.0,402,3784.0,262,3790.0,595,3783.0,371,3791.0,483,3782.0,682
1597988244622801920,1597988244500000000,2020-08-21 13:37:24.500000,3786.0,3800.0,3764.0,3765.0,nan,3781.307486,434170,16417302710.0,793676,3787.0,407,3786.0,76,3788.0,573,3785.0,694,3789.0,402,3784.0,262,3790.0,595,3783.0,371,3791.0,483,3782.0,682
1597988245119383040,1597988245000000000,2020-08-21 13:37:25.000000,3786.0,3800.0,3764.0,3765.0,nan,3781.307507,434172,16417378430.0,793676,3787.0,409,3786.0,72,3788.0,557,3785.0,694,3789.0,402,3784.0,262,3790.0,595,3783.0,371,3791.0,483,3782.0,682
1597988245620803072,1597988245500000000,2020-08-21 13:37:25.500000,3786.0,3800.0,3764.0,3765.0,nan,3781.307507,434172,16417378430.0,793676,3787.0,426,3786.0,78,3788.0,557,3785.0,682,3789.0,402,3784.0,262,3790.0,595,3783.0,371,3791.0,483,3782.0,682
1597988246143427072,1597988246000000000,2020-08-21 13:37:26.000000,3786.0,3800.0,3764.0,3765.0,nan,3781.307518,434173,16417416290.0,793675,3787.0,426,3786.0,77,3788.0,557,3785.0,682,3789.0,402,3784.0,262,3790.0,595,3783.0,371,3791.0,483,3782.0,682
1597988246624748032,1597988246500000000,2020-08-21 13:37:26.500000,3786.0,3800.0,3764.0,3765.0,nan,3781.307518,434173,16417416290.0,793675,3787.0,436,3786.0,79,3788.0,557,3785.0,682,3789.0,402,3784.0,262,3790.0,595,3783.0,371,3791.0,483,3782.0,682
1597988247128573952,1597988247000000000,2020-08-21 13:37:27.000000,3786.0,3800.0,3764.0,3765.0,nan,3781.307529,434174,16417454150.0,793675,3787.0,437,3786.0,94,3788.0,557,3785.0,682,3789.0,402,3784.0,262,3790.0,595,3783.0,371,3791.0,483,3782.0,682
1597988247605177088,1597988247500000000,2020-08-21 13:37:27.500000,3786.0,3800.0,3764.0,3765.0,nan,3781.30755,434176,16417529870.0,793675,3787.0,437,3786.0,92,3788.0,557,3785.0,682,3789.0,402,3784.0,262,3790.0,595,3783.0,371,3791.0,483,3782.0,682
1597988248125622016,1597988248000000000,2020-08-21 13:37:28.000000,3786.0,3800.0,3764.0,3765.0,nan,3781.307561,434177,16417567730.0,793675,3787.0,438,3786.0,91,3788.0,556,3785.0,682,3789.0,402,3784.0,262,3790.0,595,3783.0,371,3791.0,483,3782.0,682
1597988248624523008,1597988248500000000,2020-08-21 13:37:28.500000,3786.0,3800.0,3764.0,3765.0,nan,3781.307561,434177,16417567730.0,793675,3787.0,439,3786.0,91,3788.0,556,3785.0,682,3789.0,402,3784.0,262,3790.0,595,3783.0,371,3791.0,483,3782.0,682
1597988249605464064,1597988249500000000,2020-08-21 13:37:29.500000,3786.0,3800.0,3764.0,3765.0,nan,3781.307561,434177,16417567730.0,793675,3787.0,440,3786.0,91,3788.0,556,3785.0,687,3789.0,402,3784.0,262,3790.0,595,3783.0,371,3791.0,483,3782.0,682
1597988250140186112,1597988250000000000,2020-08-21 13:37:30.000000,3786.0,3800.0,3764.0,3765.0,nan,3781.307572,434178,16417605590.0,793674,3787.0,440,3786.0,88,3788.0,556,3785.0,687,3789.0,402,3784.0,262,3790.0,595,3783.0,371,3791.0,483,3782.0,682
1597988250611400960,1597988250500000000,2020-08-21 13:37:30.500000,3786.0,3800.0,3764.0,3765.0,nan,3781.307594,434180,16417681310.0,793672,3787.0,438,3786.0,86,3788.0,556,3785.0,687,3789.0,402,3784.0,262,3790.0,595,3783.0,371,3791.0,483,3782.0,682
1597988251114490112,1597988251000000000,2020-08-21 13:37:31.000000,3786.0,3800.0,3764.0,3765.0,nan,3781.307615,434182,16417757030.0,793670,3787.0,438,3786.0,84,3788.0,556,3785.0,687,3789.0,402,3784.0,262,3790.0,595,3783.0,371,3791.0,483,3782.0,682
1597988251628152064,1597988251500000000,2020-08-21 13:37:31.500000,3786.0,3800.0,3764.0,3765.0,nan,3781.307637,434184,16417832750.0,793670,3787.0,440,3786.0,82,3788.0,556,3785.0,687,3789.0,403,3784.0,262,3790.0,595,3783.0,371,3791.0,483,3782.0,682
1597988252625053952,1597988252500000000,2020-08-21 13:37:32.500000,3786.0,3800.0,3764.0,3765.0,nan,3781.307648,434185,16417870610.0,793670,3787.0,440,3786.0,88,3788.0,557,3785.0,687,3789.0,403,3784.0,261,3790.0,595,3783.0,371,3791.0,483,3782.0,682
1597988253608841984,1597988253500000000,2020-08-21 13:37:33.500000,3786.0,3800.0,3764.0,3765.0,nan,3781.307702,434190,16418059910.0,793665,3787.0,440,3786.0,83,3788.0,557,3785.0,687,3789.0,403,3784.0,261,3790.0,595,3783.0,371,3791.0,483,3782.0,682
1597988254117942016,1597988254000000000,2020-08-21 13:37:34.000000,3786.0,3800.0,3764.0,3765.0,nan,3781.307702,434190,16418059910.0,793665,3787.0,440,3786.0,83,3788.0,562,3785.0,687,3789.0,403,3784.0,261,3790.0,595,3783.0,371,3791.0,483,3782.0,682
1597988254615599104,1597988254500000000,2020-08-21 13:37:34.500000,3786.0,3800.0,3764.0,3765.0,nan,3781.307723,434192,16418135630.0,793664,3787.0,440,3786.0,81,3788.0,562,3785.0,687,3789.0,403,3784.0,261,3790.0,595,3783.0,371,3791.0,483,3782.0,682
1597988255106166016,1597988255000000000,2020-08-21 13:37:35.000000,3786.0,3800.0,3764.0,3765.0,nan,3781.307723,434192,16418135630.0,793664,3787.0,440,3786.0,82,3788.0,557,3785.0,687,3789.0,403,3784.0,261,3790.0,595,3783.0,371,3791.0,483,3782.0,682
1597988255611077888,1597988255500000000,2020-08-21 13:37:35.500000,3786.0,3800.0,3764.0,3765.0,nan,3781.307734,434193,16418173490.0,793663,3787.0,450,3786.0,81,3788.0,557,3785.0,687,3789.0,403,3784.0,261,3790.0,595,3783.0,371,3791.0,484,3782.0,682
1597988256128558080,1597988256000000000,2020-08-21 13:37:36.000000,3787.0,3800.0,3764.0,3765.0,nan,3781.307747,434194,16418211360.0,793662,3787.0,449,3786.0,79,3788.0,557,3785.0,687,3789.0,403,3784.0,261,3790.0,595,3783.0,371,3791.0,484,3782.0,682
1597988256629306112,1597988256500000000,2020-08-21 13:37:36.500000,3787.0,3800.0,3764.0,3765.0,nan,3781.307747,434194,16418211360.0,793662,3787.0,450,3786.0,79,3788.0,557,3785.0,687,3789.0,403,3784.0,261,3790.0,594,3783.0,371,3791.0,484,3782.0,682
1597988257112972032,1597988257000000000,2020-08-21 13:37:37.000000,3787.0,3800.0,3764.0,3765.0,nan,3781.307747,434194,16418211360.0,793662,3787.0,450,3786.0,79,3788.0,557,3785.0,692,3789.0,403,3784.0,261,3790.0,594,3783.0,371,3791.0,484,3782.0,682
1597988257610251008,1597988257500000000,2020-08-21 13:37:37.500000,3787.0,3800.0,3764.0,3765.0,nan,3781.307747,434194,16418211360.0,793662,3787.0,450,3786.0,88,3788.0,557,3785.0,692,3789.0,403,3784.0,261,3790.0,596,3783.0,371,3791.0,484,3782.0,682
1597988258108503040,1597988258000000000,2020-08-21 13:37:38.000000,3786.0,3800.0,3764.0,3765.0,nan,3781.307758,434195,16418249220.0,793662,3787.0,450,3786.0,89,3788.0,557,3785.0,690,3789.0,403,3784.0,261,3790.0,596,3783.0,371,3791.0,484,3782.0,682
1597988258599887104,1597988258500000000,2020-08-21 13:37:38.500000,3786.0,3800.0,3764.0,3765.0,nan,3781.307812,434200,16418438520.0,793657,3787.0,450,3786.0,84,3788.0,559,3785.0,690,3789.0,403,3784.0,261,3790.0,596,3783.0,371,3791.0,484,3782.0,682
1597988259133502976,1597988259000000000,2020-08-21 13:37:39.000000,3786.0,3800.0,3764.0,3765.0,nan,3781.307866,434205,16418627820.0,793654,3787.0,450,3786.0,79,3788.0,559,3785.0,690,3789.0,403,3784.0,261,3790.0,596,3783.0,371,3791.0,484,3782.0,682
1597988259613368064,1597988259500000000,2020-08-21 13:37:39.500000,3787.0,3800.0,3764.0,3765.0,nan,3781.307879,434206,16418665690.0,793654,3787.0,448,3786.0,79,3788.0,558,3785.0,691,3789.0,403,3784.0,261,3790.0,596,3783.0,371,3791.0,484,3782.0,682
1597988260115532032,1597988260000000000,2020-08-21 13:37:40.000000,3786.0,3800.0,3764.0,3765.0,nan,3781.308063,434223,16419309310.0,793658,3787.0,448,3786.0,62,3788.0,558,3785.0,691,3789.0,403,3784.0,261,3790.0,596,3783.0,371,3791.0,484,3782.0,682
1597988260618725120,1597988260500000000,2020-08-21 13:37:40.500000,3786.0,3800.0,3764.0,3765.0,nan,3781.308063,434223,16419309310.0,793658,3787.0,449,3786.0,65,3788.0,558,3785.0,691,3789.0,403,3784.0,261,3790.0,596,3783.0,371,3791.0,479,3782.0,682
1597988261144136960,1597988261000000000,2020-08-21 13:37:41.000000,3786.0,3800.0,3764.0,3765.0,nan,3781.308063,434223,16419309310.0,793658,3787.0,449,3786.0,71,3788.0,559,3785.0,691,3789.0,403,3784.0,261,3790.0,596,3783.0,371,3791.0,479,3782.0,682
1597988262117139968,1597988262000000000,2020-08-21 13:37:42.000000,3786.0,3800.0,3764.0,3765.0,nan,3781.308063,434223,16419309310.0,793658,3787.0,450,3786.0,71,3788.0,559,3785.0,691,3789.0,403,3784.0,261,3790.0,596,3783.0,371,3791.0,479,3782.0,682
1597988262631288064,1597988262500000000,2020-08-21 13:37:42.500000,3786.0,3800.0,3764.0,3765.0,nan,3781.308063,434223,16419309310.0,793658,3787.0,450,3786.0,70,3788.0,559,3785.0,691,3789.0,403,3784.0,261,3790.0,596,3783.0,371,3791.0,479,3782.0,682
1597988263103653120,1597988263000000000,2020-08-21 13:37:43.000000,3786.0,3800.0,3764.0,3765.0,nan,3781.308063,434223,16419309310.0,793658,3787.0,450,3786.0,71,3788.0,555,3785.0,691,3789.0,403,3784.0,261,3790.0,594,3783.0,371,3791.0,479,3782.0,682
1597988263614949888,1597988263500000000,2020-08-21 13:37:43.500000,3786.0,3800.0,3764.0,3765.0,nan,3781.308063,434223,16419309310.0,793658,3787.0,450,3786.0,72,3788.0,555,3785.0,691,3789.0,401,3784.0,261,3790.0,594,3783.0,371,3791.0,479,3782.0,682
1597988264119069952,1597988264000000000,2020-08-21 13:37:44.000000,3786.0,3800.0,3764.0,3765.0,nan,3781.308085,434225,16419385030.0,793656,3787.0,450,3786.0,71,3788.0,555,3785.0,691,3789.0,401,3784.0,261,3790.0,594,3783.0,371,3791.0,459,3782.0,682
1597988265134473984,1597988265000000000,2020-08-21 13:37:45.000000,3786.0,3800.0,3764.0,3765.0,nan,3781.308139,434230,16419574330.0,793656,3787.0,450,3786.0,66,3788.0,555,3785.0,691,3789.0,400,3784.0,261,3790.0,594,3783.0,371,3791.0,459,3782.0,682
1597988265609851904,1597988265500000000,2020-08-21 13:37:45.500000,3786.0,3800.0,3764.0,3765.0,nan,3781.308149,434231,16419612190.0,793656,3787.0,447,3786.0,65,3788.0,555,3785.0,691,3789.0,400,3784.0,261,3790.0,595,3783.0,371,3791.0,459,3782.0,682
1597988266133221888,1597988266000000000,2020-08-21 13:37:46.000000,3786.0,3800.0,3764.0,3765.0,nan,3781.308149,434231,16419612190.0,793656,3787.0,448,3786.0,65,3788.0,555,3785.0,691,3789.0,400,3784.0,261,3790.0,595,3783.0,371,3791.0,459,3782.0,682
1597988266615243008,1597988266500000000,2020-08-21 13:37:46.500000,3786.0,3800.0,3764.0,3765.0,nan,3781.308149,434231,16419612190.0,793656,3787.0,448,3786.0,65,3788.0,555,3785.0,691,3789.0,400,3784.0,262,3790.0,595,3783.0,371,3791.0,459,3782.0,682
1597988267134252032,1597988267000000000,2020-08-21 13:37:47.000000,3787.0,3800.0,3764.0,3765.0,nan,3781.308162,434232,16419650060.0,793656,3787.0,447,3786.0,65,3788.0,555,3785.0,692,3789.0,400,3784.0,262,3790.0,595,3783.0,371,3791.0,459,3782.0,682
1597988268618668032,1597988268500000000,2020-08-21 13:37:48.500000,3787.0,3800.0,3764.0,3765.0,nan,3781.308176,434233,16419687930.0,793655,3787.0,446,3786.0,65,3788.0,560,3785.0,692,3789.0,400,3784.0,262,3790.0,595,3783.0,371,3791.0,459,3782.0,682
1597988269109396992,1597988269000000000,2020-08-21 13:37:49.000000,3787.0,3800.0,3764.0,3765.0,nan,3781.308277,434242,16420028690.0,793652,3787.0,444,3786.0,58,3788.0,560,3785.0,692,3789.0,400,3784.0,262,3790.0,595,3783.0,371,3791.0,459,3782.0,682
1597988269619660032,1597988269500000000,2020-08-21 13:37:49.500000,3787.0,3800.0,3764.0,3765.0,nan,3781.308291,434243,16420066560.0,793652,3787.0,453,3786.0,59,3788.0,560,3785.0,694,3789.0,400,3784.0,262,3790.0,595,3783.0,371,3791.0,459,3782.0,682
1597988270143641088,1597988270000000000,2020-08-21 13:37:50.000000,3787.0,3800.0,3764.0,3765.0,nan,3781.308317,434245,16420142300.0,793652,3787.0,451,3786.0,59,3788.0,560,3785.0,694,3789.0,400,3784.0,262,3790.0,595,3783.0,371,3791.0,459,3782.0,682
1597988271142579968,1597988271000000000,2020-08-21 13:37:51.000000,3787.0,3800.0,3764.0,3765.0,nan,3781.308317,434245,16420142300.0,793652,3787.0,451,3786.0,58,3788.0,560,3785.0,694,3789.0,400,3784.0,262,3790.0,595,3783.0,371,3791.0,459,3782.0,682
1597988271601694976,1597988271500000000,2020-08-21 13:37:51.500000,3787.0,3800.0,3764.0,3765.0,nan,3781.30833,434246,16420180170.0,793651,3787.0,450,3786.0,58,3788.0,560,3785.0,694,3789.0,400,3784.0,262,3790.0,595,3783.0,371,3791.0,459,3782.0,682
1597988273600795904,1597988273500000000,2020-08-21 13:37:53.500000,3786.0,3800.0,3764.0,3765.0,nan,3781.308341,434247,16420218030.0,793652,3787.0,450,3786.0,57,3788.0,560,3785.0,694,3789.0,400,3784.0,263,3790.0,595,3783.0,371,3791.0,459,3782.0,682
1597988274645297920,1597988274500000000,2020-08-21 13:37:54.500000,3786.0,3800.0,3764.0,3765.0,nan,3781.308341,434247,16420218030.0,793652,3787.0,450,3786.0,58,3788.0,560,3785.0,694,3789.0,400,3784.0,263,3790.0,595,3783.0,371,3791.0,459,3782.0,682
1597988275130993920,1597988275000000000,2020-08-21 13:37:55.000000,3786.0,3800.0,3764.0,3765.0,nan,3781.308341,434247,16420218030.0,793652,3787.0,450,3786.0,58,3788.0,559,3785.0,694,3789.0,400,3784.0,262,3790.0,595,3783.0,371,3791.0,459,3782.0,682
1597988275708517888,1597988275500000000,2020-08-21 13:37:55.500000,3786.0,3800.0,3764.0,3765.0,nan,3781.308341,434247,16420218030.0,793652,3787.0,451,3786.0,58,3788.0,559,3785.0,694,3789.0,400,3784.0,262,3790.0,595,3783.0,371,3791.0,459,3782.0,682
1597988276139459072,1597988276000000000,2020-08-21 13:37:56.000000,3786.0,3800.0,3764.0,3765.0,nan,3781.308351,434248,16420255890.0,793651,3787.0,451,3786.0,57,3788.0,559,3785.0,694,3789.0,400,3784.0,262,3790.0,595,3783.0,371,3791.0,459,3782.0,682
1597988276805786880,1597988276500000000,2020-08-21 13:37:56.500000,3787.0,3800.0,3764.0,3765.0,nan,3781.308667,434277,16421353840.0,793648,3787.0,450,3786.0,28,3788.0,559,3785.0,690,3789.0,400,3784.0,262,3790.0,595,3783.0,371,3791.0,459,3782.0,682
1597988277220702976,1597988277000000000,2020-08-21 13:37:57.000000,3786.0,3800.0,3764.0,3765.0,nan,3781.309013,434309,16422565360.0,793634,3786.0,61,3785.0,690,3787.0,451,3784.0,262,3788.0,559,3783.0,371,3789.0,390,3782.0,682,3790.0,595,3781.0,435
1597988277622167040,1597988277500000000,2020-08-21 13:37:57.500000,3786.0,3800.0,3764.0,3765.0,nan,3781.309024,434310,16422603220.0,793635,3786.0,121,3785.0,687,3787.0,412,3784.0,262,3788.0,569,3783.0,373,3789.0,389,3782.0,693,3790.0,595,3781.0,335
1597988278130675968,1597988278000000000,2020-08-21 13:37:58.000000,3786.0,3800.0,3764.0,3765.0,nan,3781.309024,434310,16422603220.0,793635,3786.0,131,3785.0,684,3787.0,428,3784.0,262,3788.0,569,3783.0,373,3789.0,389,3782.0,693,3790.0,595,3781.0,335
1597988278618508032,1597988278500000000,2020-08-21 13:37:58.500000,3786.0,3800.0,3764.0,3765.0,nan,3781.309024,434310,16422603220.0,793635,3786.0,123,3785.0,684,3787.0,429,3784.0,262,3788.0,569,3783.0,373,3789.0,389,3782.0,693,3790.0,595,3781.0,335
1597988279147618048,1597988279000000000,2020-08-21 13:37:59.000000,3786.0,3800.0,3764.0,3765.0,nan,3781.309034,434311,16422641080.0,793634,3786.0,122,3785.0,684,3787.0,429,3784.0,262,3788.0,569,3783.0,373,3789.0,389,3782.0,693,3790.0,595,3781.0,335
1597988280161156096,1597988280000000000,2020-08-21 13:38:00.000000,3786.0,3800.0,3764.0,3765.0,nan,3781.309045,434312,16422678940.0,793633,3786.0,122,3785.0,684,3787.0,429,3784.0,262,3788.0,569,3783.0,373,3789.0,389,3782.0,693,3790.0,595,3781.0,335
1597988280615406080,1597988280500000000,2020-08-21 13:38:00.500000,3786.0,3800.0,3764.0,3765.0,nan,3781.309098,434318,16422906050.0,793630,3786.0,124,3785.0,679,3787.0,429,3784.0,262,3788.0,569,3783.0,373,3789.0,389,3782.0,693,3790.0,595,3781.0,335
1597988281130618112,1597988281000000000,2020-08-21 13:38:01.000000,3786.0,3800.0,3764.0,3765.0,nan,3781.309098,434318,16422906050.0,793630,3786.0,177,3785.0,672,3787.0,429,3784.0,262,3788.0,569,3783.0,373,3789.0,389,3782.0,693,3790.0,595,3781.0,335
1597988281612652032,1597988281500000000,2020-08-21 13:38:01.500000,3786.0,3800.0,3764.0,3765.0,nan,3781.309109,434319,16422943910.0,793630,3786.0,176,3785.0,673,3787.0,429,3784.0,262,3788.0,569,3783.0,373,3789.0,389,3782.0,693,3790.0,595,3781.0,335
1597988282145473024,1597988282000000000,2020-08-21 13:38:02.000000,3786.0,3800.0,3764.0,3765.0,nan,3781.30912,434320,16422981770.0,793630,3786.0,149,3785.0,673,3787.0,429,3784.0,262,3788.0,569,3783.0,373,3789.0,389,3782.0,693,3790.0,595,3781.0,335
1597988283119611904,1597988283000000000,2020-08-21 13:38:03.000000,3786.0,3800.0,3764.0,3765.0,nan,3781.30912,434320,16422981770.0,793630,3786.0,150,3785.0,673,3787.0,428,3784.0,262,3788.0,569,3783.0,373,3789.0,389,3782.0,693,3790.0,595,3781.0,335
1597988283617042944,1597988283500000000,2020-08-21 13:38:03.500000,3785.0,3800.0,3764.0,3765.0,nan,3781.309162,434325,16423171020.0,793630,3786.0,156,3785.0,668,3787.0,378,3784.0,262,3788.0,570,3783.0,373,3789.0,389,3782.0,693,3790.0,595,3781.0,335
1597988284142126080,1597988284000000000,2020-08-21 13:38:04.000000,3786.0,3800.0,3764.0,3765.0,nan,3781.309206,434329,16423322460.0,793627,3786.0,147,3785.0,668,3787.0,378,3784.0,262,3788.0,570,3783.0,373,3789.0,389,3782.0,693,3790.0,595,3781.0,335
1597988284615788032,1597988284500000000,2020-08-21 13:38:04.500000,3786.0,3800.0,3764.0,3765.0,nan,3781.309206,434329,16423322460.0,793627,3786.0,148,3785.0,670,3787.0,378,3784.0,262,3788.0,570,3783.0,373,3789.0,389,3782.0,693,3790.0,595,3781.0,335
1597988285121171968,1597988285000000000,2020-08-21 13:38:05.000000,3786.0,3800.0,3764.0,3765.0,nan,3781.309206,434329,16423322460.0,793627,3786.0,148,3785.0,671,3787.0,378,3784.0,262,3788.0,570,3783.0,373,3789.0,389,3782.0,693,3790.0,595,3781.0,335
1597988285621635072,1597988285500000000,2020-08-21 13:38:05.500000,3786.0,3800.0,3764.0,3765.0,nan,3781.309216,434330,16423360320.0,793626,3786.0,147,3785.0,671,3787.0,378,3784.0,262,3788.0,570,3783.0,373,3789.0,389,3782.0,711,3790.0,595,3781.0,335
1597988286143120896,1597988286000000000,2020-08-21 13:38:06.000000,3786.0,3800.0,3764.0,3765.0,nan,3781.309227,434331,16423398180.0,793626,3786.0,146,3785.0,671,3787.0,378,3784.0,262,3788.0,570,3783.0,373,3789.0,389,3782.0,711,3790.0,595,3781.0,335
1597988286628711936,1597988286500000000,2020-08-21 13:38:06.500000,3786.0,3800.0,3764.0,3765.0,nan,3781.309227,434331,16423398180.0,793626,3786.0,148,3785.0,671,3787.0,378,3784.0,262,3788.0,570,3783.0,373,3789.0,389,3782.0,711,3790.0,600,3781.0,335
1597988287617773056,1597988287500000000,2020-08-21 13:38:07.500000,3786.0,3800.0,3764.0,3765.0,nan,3781.309238,434332,16423436040.0,793625,3786.0,150,3785.0,676,3787.0,378,3784.0,262,3788.0,570,3783.0,373,3789.0,389,3782.0,711,3790.0,600,3781.0,335
1597988288145661952,1597988288000000000,2020-08-21 13:38:08.000000,3786.0,3800.0,3764.0,3765.0,nan,3781.309238,434332,16423436040.0,793625,3786.0,148,3785.0,676,3787.0,378,3784.0,263,3788.0,570,3783.0,373,3789.0,389,3782.0,711,3790.0,600,3781.0,335
1597988288603723008,1597988288500000000,2020-08-21 13:38:08.500000,3786.0,3800.0,3764.0,3765.0,nan,3781.309351,434345,16423928100.0,793612,3786.0,144,3785.0,665,3787.0,378,3784.0,264,3788.0,570,3783.0,373,3789.0,389,3782.0,711,3790.0,600,3781.0,335
1597988289126949888,1597988289000000000,2020-08-21 13:38:09.000000,3785.0,3800.0,3764.0,3765.0,nan,3781.309359,434346,16423965950.0,793612,3786.0,148,3785.0,664,3787.0,378,3784.0,264,3788.0,570,3783.0,373,3789.0,388,3782.0,708,3790.0,600,3781.0,335
1597988289631451904,1597988289500000000,2020-08-21 13:38:09.500000,3786.0,3800.0,3764.0,3765.0,nan,3781.309381,434348,16424041670.0,793612,3786.0,146,3785.0,664,3787.0,378,3784.0,264,3788.0,570,3783.0,376,3789.0,388,3782.0,708,3790.0,600,3781.0,335
1597988290113878016,1597988290000000000,2020-08-21 13:38:10.000000,3786.0,3800.0,3764.0,3765.0,nan,3781.309392,434349,16424079530.0,793612,3786.0,145,3785.0,664,3787.0,378,3784.0,264,3788.0,570,3783.0,376,3789.0,388,3782.0,708,3790.0,600,3781.0,335
1597988290613232896,1597988290500000000,2020-08-21 13:38:10.500000,3786.0,3800.0,3764.0,3765.0,nan,3781.309392,434349,16424079530.0,793612,3786.0,121,3785.0,664,3787.0,378,3784.0,264,3788.0,570,3783.0,376,3789.0,388,3782.0,708,3790.0,600,3781.0,335
1597988291118692096,1597988291000000000,2020-08-21 13:38:11.000000,3786.0,3800.0,3764.0,3765.0,nan,3781.309392,434349,16424079530.0,793612,3786.0,123,3785.0,664,3787.0,378,3784.0,264,3788.0,570,3783.0,376,3789.0,388,3782.0,708,3790.0,600,3781.0,335
1597988291619947008,1597988291500000000,2020-08-21 13:38:11.500000,3786.0,3800.0,3764.0,3765.0,nan,3781.309392,434349,16424079530.0,793612,3786.0,126,3785.0,664,3787.0,374,3784.0,264,3788.0,570,3783.0,376,3789.0,388,3782.0,707,3790.0,600,3781.0,335
1597988292610348032,1597988292500000000,2020-08-21 13:38:12.500000,3785.0,3800.0,3764.0,3765.0,nan,3781.3094,434350,16424117380.0,793612,3786.0,128,3785.0,663,3787.0,374,3784.0,264,3788.0,570,3783.0,376,3789.0,388,3782.0,707,3790.0,600,3781.0,335
1597988293122416128,1597988293000000000,2020-08-21 13:38:13.000000,3786.0,3800.0,3764.0,3765.0,nan,3781.309411,434351,16424155240.0,793611,3786.0,127,3785.0,663,3787.0,374,3784.0,264,3788.0,570,3783.0,376,3789.0,388,3782.0,707,3790.0,600,3781.0,335
1597988293600346112,1597988293500000000,2020-08-21 13:38:13.500000,3786.0,3800.0,3764.0,3765.0,nan,3781.309476,434357,16424382400.0,793605,3786.0,120,3785.0,663,3787.0,374,3784.0,264,3788.0,570,3783.0,376,3789.0,388,3782.0,707,3790.0,600,3781.0,335
1597988294140786944,1597988294000000000,2020-08-21 13:38:14.000000,3786.0,3800.0,3764.0,3765.0,nan,3781.309476,434357,16424382400.0,793605,3786.0,120,3785.0,663,3787.0,374,3784.0,264,3788.0,570,3783.0,376,3789.0,388,3782.0,708,3790.0,600,3781.0,335
1597988294622369024,1597988294500000000,2020-08-21 13:38:14.500000,3785.0,3800.0,3764.0,3765.0,nan,3781.309484,434358,16424420250.0,793604,3786.0,120,3785.0,662,3787.0,374,3784.0,264,3788.0,570,3783.0,376,3789.0,388,3782.0,708,3790.0,600,3781.0,335
1597988295151314944,1597988295000000000,2020-08-21 13:38:15.000000,3785.0,3800.0,3764.0,3765.0,nan,3781.309484,434358,16424420250.0,793604,3786.0,120,3785.0,665,3787.0,374,3784.0,264,3788.0,570,3783.0,376,3789.0,388,3782.0,708,3790.0,605,3781.0,335
1597988295615725056,1597988295500000000,2020-08-21 13:38:15.500000,3785.0,3800.0,3764.0,3765.0,nan,3781.309484,434358,16424420250.0,793604,3786.0,120,3785.0,665,3787.0,374,3784.0,264,3788.0,569,3783.0,376,3789.0,388,3782.0,708,3790.0,605,3781.0,335
1597988296113052928,1597988296000000000,2020-08-21 13:38:16.000000,3785.0,3800.0,3764.0,3765.0,nan,3781.309484,434358,16424420250.0,793604,3786.0,121,3785.0,666,3787.0,374,3784.0,263,3788.0,569,3783.0,376,3789.0,387,3782.0,708,3790.0,605,3781.0,335
1597988296641725952,1597988296500000000,2020-08-21 13:38:16.500000,3785.0,3800.0,3764.0,3765.0,nan,3781.309484,434358,16424420250.0,793604,3786.0,121,3785.0,666,3787.0,374,3784.0,263,3788.0,569,3783.0,376,3789.0,397,3782.0,708,3790.0,604,3781.0,335
1597988297150351872,1597988297000000000,2020-08-21 13:38:17.000000,3786.0,3800.0,3764.0,3765.0,nan,3781.309495,434359,16424458110.0,793603,3786.0,120,3785.0,666,3787.0,374,3784.0,263,3788.0,569,3783.0,376,3789.0,397,3782.0,708,3790.0,604,3781.0,335
1597988297623644928,1597988297500000000,2020-08-21 13:38:17.500000,3786.0,3800.0,3764.0,3765.0,nan,3781.309506,434360,16424495970.0,793602,3786.0,119,3785.0,666,3787.0,374,3784.0,263,3788.0,569,3783.0,376,3789.0,397,3782.0,708,3790.0,604,3781.0,335
1597988298623363072,1597988298500000000,2020-08-21 13:38:18.500000,3786.0,3800.0,3764.0,3765.0,nan,3781.30956,434365,16424685270.0,793597,3786.0,115,3785.0,666,3787.0,374,3784.0,263,3788.0,569,3783.0,376,3789.0,397,3782.0,708,3790.0,604,3781.0,335
1597988299131049984,1597988299000000000,2020-08-21 13:38:19.000000,3786.0,3800.0,3764.0,3765.0,nan,3781.309592,434368,16424798850.0,793597,3786.0,105,3785.0,666,3787.0,374,3784.0,263,3788.0,569,3783.0,376,3789.0,397,3782.0,708,3790.0,604,3781.0,335
1597988299621148928,1597988299500000000,2020-08-21 13:38:19.500000,3786.0,3800.0,3764.0,3765.0,nan,3781.309603,434369,16424836710.0,793597,3786.0,105,3785.0,667,3787.0,374,3784.0,263,3788.0,569,3783.0,376,3789.0,397,3782.0,708,3790.0,605,3781.0,335
1597988300146622976,1597988300000000000,2020-08-21 13:38:20.000000,3785.0,3800.0,3764.0,3765.0,nan,3781.309629,434372,16424950260.0,793596,3786.0,105,3785.0,664,3787.0,374,3784.0,263,3788.0,569,3783.0,376,3789.0,397,3782.0,708,3790.0,605,3781.0,335
1597988300617548032,1597988300500000000,2020-08-21 13:38:20.500000,3786.0,3800.0,3764.0,3765.0,nan,3781.309639,434373,16424988120.0,793597,3786.0,104,3785.0,664,3787.0,374,3784.0,263,3788.0,569,3783.0,376,3789.0,397,3782.0,708,3790.0,605,3781.0,335
1597988301440340992,1597988301000000000,2020-08-21 13:38:21.000000,3786.0,3800.0,3764.0,3765.0,nan,3781.30965,434374,16425025980.0,793597,3786.0,103,3785.0,664,3787.0,374,3784.0,263,3788.0,569,3783.0,376,3789.0,397,3782.0,708,3790.0,605,3781.0,335
1597988301827407872,1597988301500000000,2020-08-21 13:38:21.500000,3785.0,3800.0,3764.0,3765.0,nan,3781.309667,434376,16425101680.0,793595,3786.0,103,3785.0,662,3787.0,374,3784.0,263,3788.0,569,3783.0,376,3789.0,397,3782.0,708,3790.0,605,3781.0,335
1597988302622209024,1597988302500000000,2020-08-21 13:38:22.500000,3786.0,3800.0,3764.0,3765.0,nan,3781.309678,434377,16425139540.0,793595,3786.0,102,3785.0,662,3787.0,374,3784.0,263,3788.0,569,3783.0,376,3789.0,397,3782.0,708,3790.0,605,3781.0,335
1597988303119344128,1597988303000000000,2020-08-21 13:38:23.000000,3786.0,3800.0,3764.0,3765.0,nan,3781.309851,434393,16425745300.0,793595,3786.0,86,3785.0,662,3787.0,374,3784.0,263,3788.0,569,3783.0,376,3789.0,397,3782.0,708,3790.0,610,3781.0,335
1597988303616798976,1597988303500000000,2020-08-21 13:38:23.500000,3786.0,3800.0,3764.0,3765.0,nan,3781.309926,434400,16426010320.0,793595,3786.0,79,3785.0,662,3787.0,374,3784.0,263,3788.0,569,3783.0,376,3789.0,397,3782.0,708,3790.0,610,3781.0,335
1597988304151237888,1597988304000000000,2020-08-21 13:38:24.000000,3786.0,3800.0,3764.0,3765.0,nan,3781.309926,434400,16426010320.0,793595,3786.0,79,3785.0,662,3787.0,368,3784.0,263,3788.0,567,3783.0,376,3789.0,397,3782.0,708,3790.0,610,3781.0,335
1597988304619329024,1597988304500000000,2020-08-21 13:38:24.500000,3785.0,3800.0,3764.0,3765.0,nan,3781.309954,434403,16426123880.0,793593,3786.0,78,3785.0,660,3787.0,262,3784.0,263,3788.0,534,3783.0,376,3789.0,397,3782.0,708,3790.0,610,3781.0,335
1597988305109787904,1597988305000000000,2020-08-21 13:38:25.000000,3786.0,3800.0,3764.0,3765.0,nan,3781.310796,434481,16429076960.0,793545,3787.0,262,3785.0,660,3788.0,534,3784.0,263,3789.0,430,3783.0,376,3790.0,610,3782.0,708,3791.0,460,3781.0,335
1597988305616184064,1597988305500000000,2020-08-21 13:38:25.500000,3786.0,3800.0,3764.0,3765.0,nan,3781.310872,434488,16429341980.0,793550,3787.0,231,3786.0,63,3788.0,534,3785.0,662,3789.0,430,3784.0,263,3790.0,610,3783.0,376,3791.0,460,3782.0,708
1597988306143793920,1597988306000000000,2020-08-21 13:38:26.000000,3786.0,3800.0,3764.0,3765.0,nan,3781.311357,434533,16431045680.0,793584,3787.0,243,3786.0,75,3788.0,534,3785.0,660,3789.0,430,3784.0,263,3790.0,610,3783.0,376,3791.0,460,3782.0,708
1597988306613419008,1597988306500000000,2020-08-21 13:38:26.500000,3786.0,3800.0,3764.0,3765.0,nan,3781.31139,434536,16431159260.0,793585,3787.0,251,3786.0,73,3788.0,534,3785.0,659,3789.0,430,3784.0,262,3790.0,610,3783.0,375,3791.0,460,3782.0,708
1597988307108882944,1597988307000000000,2020-08-21 13:38:27.000000,3786.0,3800.0,3764.0,3765.0,nan,3781.31139,434536,16431159260.0,793585,3787.0,272,3786.0,151,3788.0,534,3785.0,659,3789.0,430,3784.0,262,3790.0,610,3783.0,375,3791.0,460,3782.0,708
1597988307622327040,1597988307500000000,2020-08-21 13:38:27.500000,3786.0,3800.0,3764.0,3765.0,nan,3781.311562,434552,16431765020.0,793600,3787.0,217,3786.0,186,3788.0,534,3785.0,659,3789.0,430,3784.0,262,3790.0,610,3783.0,375,3791.0,460,3782.0,708
1597988308119549952,1597988308000000000,2020-08-21 13:38:28.000000,3786.0,3800.0,3764.0,3765.0,nan,3781.311562,434552,16431765020.0,793600,3787.0,200,3786.0,198,3788.0,534,3785.0,662,3789.0,430,3784.0,262,3790.0,610,3783.0,375,3791.0,460,3782.0,708
1597988308625147904,1597988308500000000,2020-08-21 13:38:28.500000,3786.0,3800.0,3764.0,3765.0,nan,3781.311586,434554,16431840750.0,793599,3787.0,198,3786.0,199,3788.0,534,3785.0,668,3789.0,430,3784.0,262,3790.0,610,3783.0,375,3791.0,460,3782.0,708
1597988309156931072,1597988309000000000,2020-08-21 13:38:29.000000,3786.0,3800.0,3764.0,3765.0,nan,3781.311597,434555,16431878610.0,793599,3787.0,202,3786.0,198,3788.0,534,3785.0,668,3789.0,430,3784.0,262,3790.0,610,3783.0,375,3791.0,460,3782.0,708
1597988309690992896,1597988309500000000,2020-08-21 13:38:29.500000,3786.0,3800.0,3764.0,3765.0,nan,3781.311813,434575,16432635810.0,793579,3787.0,202,3786.0,178,3788.0,534,3785.0,668,3789.0,430,3784.0,267,3790.0,610,3783.0,375,3791.0,460,3782.0,708
1597988310206393088,1597988310000000000,2020-08-21 13:38:30.000000,3786.0,3800.0,3764.0,3765.0,nan,3781.311813,434575,16432635810.0,793579,3787.0,211,3786.0,159,3788.0,534,3785.0,668,3789.0,430,3784.0,267,3790.0,610,3783.0,375,3791.0,460,3782.0,708
1597988310609688064,1597988310500000000,2020-08-21 13:38:30.500000,3786.0,3800.0,3764.0,3765.0,nan,3781.31185,434578,16432749410.0,793581,3787.0,209,3786.0,142,3788.0,534,3785.0,668,3789.0,430,3784.0,267,3790.0,610,3783.0,375,3791.0,460,3782.0,708
1597988311107884032,1597988311000000000,2020-08-21 13:38:31.000000,3786.0,3800.0,3764.0,3765.0,nan,3781.31185,434578,16432749410.0,793581,3787.0,209,3786.0,142,3788.0,534,3785.0,667,3789.0,430,3784.0,267,3790.0,610,3783.0,375,3791.0,460,3782.0,708
1597988312620188928,1597988312500000000,2020-08-21 13:38:32.500000,3786.0,3800.0,3764.0,3765.0,nan,3781.31185,434578,16432749410.0,793581,3787.0,209,3786.0,143,3788.0,534,3785.0,667,3789.0,430,3784.0,267,3790.0,610,3783.0,375,3791.0,460,3782.0,708
1597988313118843904,1597988313000000000,2020-08-21 13:38:33.000000,3786.0,3800.0,3764.0,3765.0,nan,3781.31185,434578,16432749410.0,793581,3787.0,209,3786.0,149,3788.0,534,3785.0,667,3789.0,430,3784.0,267,3790.0,610,3783.0,375,3791.0,460,3782.0,708
1597988313619260928,1597988313500000000,2020-08-21 13:38:33.500000,3786.0,3800.0,3764.0,3765.0,nan,3781.31185,434578,16432749410.0,793581,3787.0,209,3786.0,154,3788.0,534,3785.0,667,3789.0,430,3784.0,267,3790.0,610,3783.0,375,3791.0,460,3782.0,708
1597988314135459072,1597988314000000000,2020-08-21 13:38:34.000000,3786.0,3800.0,3764.0,3765.0,nan,3781.31185,434578,16432749410.0,793581,3787.0,214,3786.0,169,3788.0,540,3785.0,667,3789.0,430,3784.0,267,3790.0,610,3783.0,375,3791.0,460,3782.0,708
1597988314622265088,1597988314500000000,2020-08-21 13:38:34.500000,3787.0,3800.0,3764.0,3765.0,nan,3781.311863,434579,16432787280.0,793582,3787.0,238,3786.0,169,3788.0,540,3785.0,667,3789.0,430,3784.0,267,3790.0,610,3783.0,375,3791.0,460,3782.0,708
1597988315157466880,1597988315000000000,2020-08-21 13:38:35.000000,3786.0,3800.0,3764.0,3765.0,nan,3781.3119,434582,16432900880.0,793582,3787.0,246,3786.0,154,3788.0,540,3785.0,667,3789.0,430,3784.0,267,3790.0,610,3783.0,375,3791.0,460,3782.0,708
1597988315689724928,1597988315500000000,2020-08-21 13:38:35.500000,3787.0,3800.0,3764.0,3765.0,nan,3781.311939,434585,16433014490.0,793580,3787.0,244,3786.0,152,3788.0,540,3785.0,667,3789.0,430,3784.0,267,3790.0,610,3783.0,375,3791.0,460,3782.0,708
1597988316141993984,1597988316000000000,2020-08-21 13:38:36.000000,3787.0,3800.0,3764.0,3765.0,nan,3781.311952,434586,16433052360.0,793579,3787.0,243,3786.0,152,3788.0,540,3785.0,667,3789.0,430,3784.0,267,3790.0,610,3783.0,375,3791.0,460,3782.0,708
1597988316616420096,1597988316500000000,2020-08-21 13:38:36.500000,3786.0,3800.0,3764.0,3765.0,nan,3781.311987,434589,16433165950.0,793576,3787.0,242,3786.0,173,3788.0,540,3785.0,664,3789.0,431,3784.0,267,3790.0,610,3783.0,375,3791.0,460,3782.0,708
1597988317638957056,1597988317500000000,2020-08-21 13:38:37.500000,3786.0,3800.0,3764.0,3765.0,nan,3781.311987,434589,16433165950.0,793576,3787.0,242,3786.0,173,3788.0,540,3785.0,663,3789.0,431,3784.0,267,3790.0,610,3783.0,375,3791.0,460,3782.0,708
1597988318181579008,1597988318000000000,2020-08-21 13:38:38.000000,3786.0,3800.0,3764.0,3765.0,nan,3781.311987,434589,16433165950.0,793576,3787.0,247,3786.0,174,3788.0,540,3785.0,663,3789.0,431,3784.0,267,3790.0,610,3783.0,375,3791.0,460,3782.0,708
1597988318610657024,1597988318500000000,2020-08-21 13:38:38.500000,3786.0,3800.0,3764.0,3765.0,nan,3781.311987,434589,16433165950.0,793576,3787.0,254,3786.0,197,3788.0,540,3785.0,663,3789.0,431,3784.0,267,3790.0,610,3783.0,375,3791.0,460,3782.0,708
1597988319621280000,1597988319500000000,2020-08-21 13:38:39.500000,3786.0,3800.0,3764.0,3765.0,nan,3781.311987,434589,16433165950.0,793576,3787.0,254,3786.0,197,3788.0,540,3785.0,663,3789.0,431,3784.0,292,3790.0,610,3783.0,375,3791.0,460,3782.0,708
1597988320122489088,1597988320000000000,2020-08-21 13:38:40.000000,3786.0,3800.0,3764.0,3765.0,nan,3781.311987,434589,16433165950.0,793576,3787.0,254,3786.0,197,3788.0,545,3785.0,664,3789.0,431,3784.0,292,3790.0,610,3783.0,375,3791.0,460,3782.0,708
1597988320604992000,1597988320500000000,2020-08-21 13:38:40.500000,3786.0,3800.0,3764.0,3765.0,nan,3781.311987,434589,16433165950.0,793576,3787.0,248,3786.0,205,3788.0,545,3785.0,664,3789.0,431,3784.0,292,3790.0,610,3783.0,375,3791.0,460,3782.0,708
1597988321621411072,1597988321500000000,2020-08-21 13:38:41.500000,3786.0,3800.0,3764.0,3765.0,nan,3781.311998,434590,16433203810.0,793575,3787.0,248,3786.0,204,3788.0,545,3785.0,664,3789.0,431,3784.0,292,3790.0,610,3783.0,375,3791.0,460,3782.0,708
1597988322149143040,1597988322000000000,2020-08-21 13:38:42.000000,3786.0,3800.0,3764.0,3765.0,nan,3781.312008,434591,16433241670.0,793574,3787.0,248,3786.0,204,3788.0,555,3785.0,664,3789.0,431,3784.0,292,3790.0,610,3783.0,375,3791.0,460,3782.0,708
1597988322620121088,1597988322500000000,2020-08-21 13:38:42.500000,3786.0,3800.0,3764.0,3765.0,nan,3781.312019,434592,16433279530.0,793574,3787.0,248,3786.0,203,3788.0,555,3785.0,664,3789.0,431,3784.0,292,3790.0,610,3783.0,375,3791.0,460,3782.0,708
1597988323134856960,1597988323000000000,2020-08-21 13:38:43.000000,3786.0,3800.0,3764.0,3765.0,nan,3781.312019,434592,16433279530.0,793574,3787.0,248,3786.0,204,3788.0,556,3785.0,664,3789.0,431,3784.0,292,3790.0,610,3783.0,375,3791.0,460,3782.0,708
1597988323623140096,1597988323500000000,2020-08-21 13:38:43.500000,3786.0,3800.0,3764.0,3765.0,nan,3781.312019,434592,16433279530.0,793574,3787.0,248,3786.0,224,3788.0,555,3785.0,664,3789.0,431,3784.0,292,3790.0,610,3783.0,375,3791.0,460,3782.0,708
1597988324618720000,1597988324500000000,2020-08-21 13:38:44.500000,3786.0,3800.0,3764.0,3765.0,nan,3781.312019,434592,16433279530.0,793574,3787.0,248,3786.0,226,3788.0,555,3785.0,664,3789.0,431,3784.0,292,3790.0,610,3783.0,375,3791.0,460,3782.0,708
1597988325134725888,1597988325000000000,2020-08-21 13:38:45.000000,3786.0,3800.0,3764.0,3765.0,nan,3781.312019,434592,16433279530.0,793574,3787.0,248,3786.0,226,3788.0,555,3785.0,665,3789.0,431,3784.0,292,3790.0,610,3783.0,375,3791.0,460,3782.0,708
1597988325644623104,1597988325500000000,2020-08-21 13:38:45.500000,3786.0,3800.0,3764.0,3765.0,nan,3781.312019,434592,16433279530.0,793574,3787.0,250,3786.0,226,3788.0,555,3785.0,665,3789.0,431,3784.0,292,3790.0,610,3783.0,375,3791.0,460,3782.0,708
1597988326145335040,1597988326000000000,2020-08-21 13:38:46.000000,3786.0,3800.0,3764.0,3765.0,nan,3781.312019,434592,16433279530.0,793574,3787.0,250,3786.0,236,3788.0,555,3785.0,665,3789.0,431,3784.0,292,3790.0,610,3783.0,375,3791.0,460,3782.0,708
1597988326643415040,1597988326500000000,2020-08-21 13:38:46.500000,3786.0,3800.0,3764.0,3765.0,nan,3781.31203,434593,16433317390.0,793574,3787.0,250,3786.0,237,3788.0,555,3785.0,665,3789.0,432,3784.0,292,3790.0,610,3783.0,375,3791.0,460,3782.0,708
1597988327280156928,1597988327000000000,2020-08-21 13:38:47.000000,3786.0,3800.0,3764.0,3765.0,nan,3781.312051,434595,16433393110.0,793572,3787.0,250,3786.0,235,3788.0,555,3785.0,665,3789.0,432,3784.0,292,3790.0,610,3783.0,375,3791.0,460,3782.0,708
1597988327613015040,1597988327500000000,2020-08-21 13:38:47.500000,3786.0,3800.0,3764.0,3765.0,nan,3781.312051,434595,16433393110.0,793572,3787.0,250,3786.0,235,3788.0,555,3785.0,665,3789.0,427,3784.0,292,3790.0,610,3783.0,375,3791.0,460,3782.0,708
1597988328179570944,1597988328000000000,2020-08-21 13:38:48.000000,3786.0,3800.0,3764.0,3765.0,nan,3781.312051,434595,16433393110.0,793572,3787.0,250,3786.0,236,3788.0,555,3785.0,665,3789.0,427,3784.0,292,3790.0,610,3783.0,375,3791.0,460,3782.0,708
1597988328623591936,1597988328500000000,2020-08-21 13:38:48.500000,3786.0,3800.0,3764.0,3765.0,nan,3781.312062,434596,16433430970.0,793572,3787.0,250,3786.0,236,3788.0,555,3785.0,665,3789.0,427,3784.0,292,3790.0,610,3783.0,375,3791.0,460,3782.0,708
1597988329160807936,1597988329000000000,2020-08-21 13:38:49.000000,3786.0,3800.0,3764.0,3765.0,nan,3781.312062,434596,16433430970.0,793572,3787.0,250,3786.0,237,3788.0,555,3785.0,665,3789.0,427,3784.0,292,3790.0,610,3783.0,375,3791.0,460,3782.0,708
1597988329636241920,1597988329500000000,2020-08-21 13:38:49.500000,3787.0,3800.0,3764.0,3765.0,nan,3781.312128,434601,16433620320.0,793572,3787.0,245,3786.0,237,3788.0,555,3785.0,665,3789.0,427,3784.0,292,3790.0,610,3783.0,375,3791.0,460,3782.0,708
1597988330130899968,1597988330000000000,2020-08-21 13:38:50.000000,3787.0,3800.0,3764.0,3765.0,nan,3781.312338,434619,16434301870.0,793577,3787.0,238,3786.0,228,3788.0,555,3785.0,665,3789.0,427,3784.0,292,3790.0,612,3783.0,375,3791.0,460,3782.0,708
1597988330644654080,1597988330500000000,2020-08-21 13:38:50.500000,3787.0,3800.0,3764.0,3765.0,nan,3781.31239,434623,16434453350.0,793573,3787.0,234,3786.0,228,3788.0,555,3785.0,665,3789.0,427,3784.0,292,3790.0,612,3783.0,375,3791.0,460,3782.0,708
1597988331125453056,1597988331000000000,2020-08-21 13:38:51.000000,3787.0,3800.0,3764.0,3765.0,nan,3781.31239,434623,16434453350.0,793573,3787.0,234,3786.0,227,3788.0,555,3785.0,665,3789.0,427,3784.0,292,3790.0,612,3783.0,376,3791.0,460,3782.0,708
1597988331630982912,1597988331500000000,2020-08-21 13:38:51.500000,3787.0,3800.0,3764.0,3765.0,nan,3781.312456,434628,16434642700.0,793568,3787.0,229,3786.0,227,3788.0,555,3785.0,665,3789.0,427,3784.0,292,3790.0,612,3783.0,376,3791.0,460,3782.0,708
1597988332159322880,1597988332000000000,2020-08-21 13:38:52.000000,3787.0,3800.0,3764.0,3765.0,nan,3781.312469,434629,16434680570.0,793568,3787.0,228,3786.0,227,3788.0,555,3785.0,665,3789.0,427,3784.0,292,3790.0,612,3783.0,376,3791.0,460,3782.0,708
1597988333156879104,1597988333000000000,2020-08-21 13:38:53.000000,3787.0,3800.0,3764.0,3765.0,nan,3781.312469,434629,16434680570.0,793568,3787.0,229,3786.0,227,3788.0,555,3785.0,665,3789.0,427,3784.0,292,3790.0,612,3783.0,376,3791.0,460,3782.0,708
1597988333625673984,1597988333500000000,2020-08-21 13:38:53.500000,3787.0,3800.0,3764.0,3765.0,nan,3781.312469,434629,16434680570.0,793568,3787.0,230,3786.0,227,3788.0,557,3785.0,665,3789.0,427,3784.0,292,3790.0,612,3783.0,376,3791.0,460,3782.0,708
1597988334133641984,1597988334000000000,2020-08-21 13:38:54.000000,3787.0,3800.0,3764.0,3765.0,nan,3781.312469,434629,16434680570.0,793568,3787.0,230,3786.0,227,3788.0,558,3785.0,665,3789.0,427,3784.0,292,3790.0,612,3783.0,376,3791.0,460,3782.0,708
1597988334614868992,1597988334500000000,2020-08-21 13:38:54.500000,3787.0,3800.0,3764.0,3765.0,nan,3781.312534,434634,16434869920.0,793568,3787.0,237,3786.0,227,3788.0,558,3785.0,665,3789.0,427,3784.0,292,3790.0,612,3783.0,376,3791.0,460,3782.0,708
1597988335134401024,1597988335000000000,2020-08-21 13:38:55.000000,3787.0,3800.0,3764.0,3765.0,nan,3781.31256,434636,16434945660.0,793568,3787.0,235,3786.0,228,3788.0,558,3785.0,664,3789.0,427,3784.0,292,3790.0,612,3783.0,376,3791.0,460,3782.0,708
1597988335640794112,1597988335500000000,2020-08-21 13:38:55.500000,3787.0,3800.0,3764.0,3765.0,nan,3781.312869,434664,16436005770.0,793568,3787.0,233,3786.0,199,3788.0,558,3785.0,664,3789.0,427,3784.0,292,3790.0,612,3783.0,376,3791.0,460,3782.0,708
1597988336181146880,1597988336000000000,2020-08-21 13:38:56.000000,3787.0,3800.0,3764.0,3765.0,nan,3781.312869,434664,16436005770.0,793568,3787.0,277,3786.0,165,3788.0,558,3785.0,664,3789.0,428,3784.0,292,3790.0,612,3783.0,376,3791.0,460,3782.0,708
1597988336611292928,1597988336500000000,2020-08-21 13:38:56.500000,3787.0,3800.0,3764.0,3765.0,nan,3781.312869,434664,16436005770.0,793568,3787.0,299,3786.0,144,3788.0,558,3785.0,662,3789.0,428,3784.0,292,3790.0,612,3783.0,376,3791.0,460,3782.0,708
1597988337163486976,1597988337000000000,2020-08-21 13:38:57.000000,3786.0,3800.0,3764.0,3765.0,nan,3781.31288,434665,16436043630.0,793569,3787.0,299,3786.0,104,3788.0,558,3785.0,662,3789.0,428,3784.0,292,3790.0,612,3783.0,376,3791.0,460,3782.0,708
1597988337648100096,1597988337500000000,2020-08-21 13:38:57.500000,3786.0,3800.0,3764.0,3765.0,nan,3781.31288,434665,16436043630.0,793569,3787.0,299,3786.0,113,3788.0,558,3785.0,662,3789.0,428,3784.0,292,3790.0,612,3783.0,376,3791.0,460,3782.0,708
1597988338134893056,1597988338000000000,2020-08-21 13:38:58.000000,3786.0,3800.0,3764.0,3765.0,nan,3781.312891,434666,16436081490.0,793569,3787.0,258,3786.0,131,3788.0,558,3785.0,662,3789.0,428,3784.0,292,3790.0,612,3783.0,376,3791.0,460,3782.0,708
1597988338618407936,1597988338500000000,2020-08-21 13:38:58.500000,3786.0,3800.0,3764.0,3765.0,nan,3781.312891,434666,16436081490.0,793569,3787.0,258,3786.0,133,3788.0,558,3785.0,662,3789.0,428,3784.0,292,3790.0,612,3783.0,316,3791.0,460,3782.0,708
1597988339248342016,1597988339000000000,2020-08-21 13:38:59.000000,3786.0,3800.0,3764.0,3765.0,nan,3781.312902,434667,16436119350.0,793568,3787.0,258,3786.0,132,3788.0,558,3785.0,662,3789.0,428,3784.0,292,3790.0,612,3783.0,316,3791.0,460,3782.0,708
1597988339619909888,1597988339500000000,2020-08-21 13:38:59.500000,3787.0,3800.0,3764.0,3765.0,nan,3781.312941,434670,16436232960.0,793565,3787.0,310,3786.0,112,3788.0,556,3785.0,662,3789.0,428,3784.0,292,3790.0,612,3783.0,316,3791.0,460,3782.0,708
1597988340132136960,1597988340000000000,2020-08-21 13:39:00.000000,3787.0,3800.0,3764.0,3765.0,nan,3781.312941,434670,16436232960.0,793565,3787.0,309,3786.0,116,3788.0,556,3785.0,662,3789.0,428,3784.0,292,3790.0,615,3783.0,316,3791.0,460,3782.0,708
1597988340624615936,1597988340500000000,2020-08-21 13:39:00.500000,3787.0,3800.0,3764.0,3765.0,nan,3781.313017,434676,16436460170.0,793563,3787.0,304,3786.0,151,3788.0,556,3785.0,662,3789.0,428,3784.0,292,3790.0,615,3783.0,316,3791.0,460,3782.0,708
1597988341118742016,1597988341000000000,2020-08-21 13:39:01.000000,3787.0,3800.0,3764.0,3765.0,nan,3781.313017,434676,16436460170.0,793563,3787.0,304,3786.0,151,3788.0,561,3785.0,662,3789.0,428,3784.0,292,3790.0,615,3783.0,316,3791.0,460,3782.0,708
1597988341638769920,1597988341500000000,2020-08-21 13:39:01.500000,3787.0,3800.0,3764.0,3765.0,nan,3781.313017,434676,16436460170.0,793563,3787.0,295,3786.0,159,3788.0,561,3785.0,660,3789.0,428,3784.0,291,3790.0,615,3783.0,316,3791.0,461,3782.0,708
1597988342153128960,1597988342000000000,2020-08-21 13:39:02.000000,3787.0,3800.0,3764.0,3765.0,nan,3781.313017,434676,16436460170.0,793563,3787.0,295,3786.0,160,3788.0,561,3785.0,660,3789.0,433,3784.0,290,3790.0,615,3783.0,316,3791.0,461,3782.0,708
1597988342645863936,1597988342500000000,2020-08-21 13:39:02.500000,3787.0,3800.0,3764.0,3765.0,nan,3781.313017,434676,16436460170.0,793563,3787.0,295,3786.0,162,3788.0,561,3785.0,660,3789.0,433,3784.0,290,3790.0,621,3783.0,316,3791.0,461,3782.0,708
1597988343148779008,1597988343000000000,2020-08-21 13:39:03.000000,3787.0,3800.0,3764.0,3765.0,nan,3781.313017,434676,16436460170.0,793563,3787.0,295,3786.0,242,3788.0,576,3785.0,660,3789.0,433,3784.0,290,3790.0,621,3783.0,316,3791.0,461,3782.0,708
1597988343649099008,1597988343500000000,2020-08-21 13:39:03.500000,3787.0,3800.0,3764.0,3765.0,nan,3781.313017,434676,16436460170.0,793563,3787.0,280,3786.0,244,3788.0,576,3785.0,660,3789.0,433,3784.0,290,3790.0,621,3783.0,316,3791.0,461,3782.0,708
1597988344125219072,1597988344000000000,2020-08-21 13:39:04.000000,3787.0,3800.0,3764.0,3765.0,nan,3781.313017,434676,16436460170.0,793563,3787.0,283,3786.0,245,3788.0,576,3785.0,660,3789.0,436,3784.0,290,3790.0,621,3783.0,316,3791.0,461,3782.0,708
1597988344613277952,1597988344500000000,2020-08-21 13:39:04.500000,3787.0,3800.0,3764.0,3765.0,nan,3781.313017,434676,16436460170.0,793563,3787.0,283,3786.0,246,3788.0,576,3785.0,660,3789.0,436,3784.0,290,3790.0,621,3783.0,316,3791.0,461,3782.0,708
1597988345626409984,1597988345500000000,2020-08-21 13:39:05.500000,3787.0,3800.0,3764.0,3765.0,nan,3781.313318,434699,16437331180.0,793553,3787.0,260,3786.0,223,3788.0,576,3785.0,660,3789.0,436,3784.0,290,3790.0,621,3783.0,316,3791.0,461,3782.0,708
1597988346145248000,1597988346000000000,2020-08-21 13:39:06.000000,3787.0,3800.0,3764.0,3765.0,nan,3781.313383,434704,16437520530.0,793553,3787.0,254,3786.0,223,3788.0,576,3785.0,660,3789.0,436,3784.0,290,3790.0,621,3783.0,316,3791.0,461,3782.0,708
1597988347174597120,1597988347000000000,2020-08-21 13:39:07.000000,3787.0,3800.0,3764.0,3765.0,nan,3781.313383,434704,16437520530.0,793553,3787.0,253,3786.0,223,3788.0,576,3785.0,660,3789.0,436,3784.0,290,3790.0,621,3783.0,317,3791.0,461,3782.0,708
1597988347624796928,1597988347500000000,2020-08-21 13:39:07.500000,3787.0,3800.0,3764.0,3765.0,nan,3781.313383,434704,16437520530.0,793553,3787.0,254,3786.0,226,3788.0,576,3785.0,660,3789.0,436,3784.0,290,3790.0,621,3783.0,317,3791.0,461,3782.0,708
1597988348153625088,1597988348000000000,2020-08-21 13:39:08.000000,3787.0,3800.0,3764.0,3765.0,nan,3781.313383,434704,16437520530.0,793553,3787.0,254,3786.0,246,3788.0,576,3785.0,660,3789.0,436,3784.0,290,3790.0,621,3783.0,317,3791.0,461,3782.0,708
1597988348617487872,1597988348500000000,2020-08-21 13:39:08.500000,3787.0,3800.0,3764.0,3765.0,nan,3781.313854,434741,16438921660.0,793560,3787.0,227,3786.0,217,3788.0,576,3785.0,660,3789.0,436,3784.0,290,3790.0,621,3783.0,317,3791.0,461,3782.0,708
1597988349170671104,1597988349000000000,2020-08-21 13:39:09.000000,3787.0,3800.0,3764.0,3765.0,nan,3781.313867,434742,16438959530.0,793560,3787.0,226,3786.0,217,3788.0,576,3785.0,660,3789.0,436,3784.0,290,3790.0,580,3783.0,317,3791.0,461,3782.0,708
1597988349598297088,1597988349500000000,2020-08-21 13:39:09.500000,3787.0,3800.0,3764.0,3765.0,nan,3781.31388,434743,16438997400.0,793560,3787.0,225,3786.0,212,3788.0,576,3785.0,660,3789.0,436,3784.0,290,3790.0,580,3783.0,317,3791.0,461,3782.0,708
1597988350099342080,1597988350000000000,2020-08-21 13:39:10.000000,3787.0,3800.0,3764.0,3765.0,nan,3781.313943,434748,16439186740.0,793557,3787.0,221,3786.0,211,3788.0,576,3785.0,660,3789.0,436,3784.0,290,3790.0,580,3783.0,317,3791.0,461,3782.0,708
1597988350627713024,1597988350500000000,2020-08-21 13:39:10.500000,3787.0,3800.0,3764.0,3765.0,nan,3781.313943,434748,16439186740.0,793557,3787.0,221,3786.0,211,3788.0,576,3785.0,662,3789.0,436,3784.0,290,3790.0,580,3783.0,317,3791.0,461,3782.0,708
1597988351124701952,1597988351000000000,2020-08-21 13:39:11.000000,3787.0,3800.0,3764.0,3765.0,nan,3781.314204,434768,16439944140.0,793537,3787.0,198,3786.0,212,3788.0,576,3785.0,662,3789.0,436,3784.0,292,3790.0,580,3783.0,317,3791.0,461,3782.0,708
1597988352623424000,1597988352500000000,2020-08-21 13:39:12.500000,3786.0,3800.0,3764.0,3765.0,nan,3781.31442,434788,16440701340.0,793535,3787.0,198,3786.0,192,3788.0,576,3785.0,662,3789.0,436,3784.0,292,3790.0,580,3783.0,317,3791.0,461,3782.0,708
1597988353144399872,1597988353000000000,2020-08-21 13:39:13.000000,3786.0,3800.0,3764.0,3765.0,nan,3781.31442,434788,16440701340.0,793535,3787.0,198,3786.0,194,3788.0,576,3785.0,662,3789.0,436,3784.0,292,3790.0,580,3783.0,317,3791.0,461,3782.0,708
1597988353612636928,1597988353500000000,2020-08-21 13:39:13.500000,3786.0,3800.0,3764.0,3765.0,nan,3781.314431,434789,16440739200.0,793535,3787.0,198,3786.0,193,3788.0,576,3785.0,662,3789.0,436,3784.0,292,3790.0,580,3783.0,317,3791.0,461,3782.0,708
1597988354137504000,1597988354000000000,2020-08-21 13:39:14.000000,3786.0,3800.0,3764.0,3765.0,nan,3781.314431,434789,16440739200.0,793535,3787.0,198,3786.0,193,3788.0,576,3785.0,662,3789.0,436,3784.0,292,3790.0,578,3783.0,317,3791.0,461,3782.0,708
1597988354623129088,1597988354500000000,2020-08-21 13:39:14.500000,3786.0,3800.0,3764.0,3765.0,nan,3781.314431,434789,16440739200.0,793535,3787.0,198,3786.0,202,3788.0,576,3785.0,662,3789.0,436,3784.0,292,3790.0,578,3783.0,317,3791.0,461,3782.0,708
1597988355130307072,1597988355000000000,2020-08-21 13:39:15.000000,3786.0,3800.0,3764.0,3765.0,nan,3781.314528,434797,16441042130.0,793536,3787.0,193,3786.0,199,3788.0,576,3785.0,662,3789.0,436,3784.0,292,3790.0,578,3783.0,317,3791.0,461,3782.0,708
1597988355612476928,1597988355500000000,2020-08-21 13:39:15.500000,3786.0,3800.0,3764.0,3765.0,nan,3781.314528,434797,16441042130.0,793536,3787.0,193,3786.0,201,3788.0,576,3785.0,662,3789.0,436,3784.0,292,3790.0,578,3783.0,317,3791.0,461,3782.0,708
1597988356121465088,1597988356000000000,2020-08-21 13:39:16.000000,3786.0,3800.0,3764.0,3765.0,nan,3781.314528,434797,16441042130.0,793536,3787.0,193,3786.0,201,3788.0,576,3785.0,663,3789.0,436,3784.0,292,3790.0,578,3783.0,288,3791.0,461,3782.0,708
1597988356605536000,1597988356500000000,2020-08-21 13:39:16.500000,3787.0,3800.0,3764.0,3765.0,nan,3781.314594,434802,16441231480.0,793534,3787.0,188,3786.0,201,3788.0,576,3785.0,663,3789.0,436,3784.0,292,3790.0,578,3783.0,288,3791.0,461,3782.0,708
1597988357133117952,1597988357000000000,2020-08-21 13:39:17.000000,3786.0,3800.0,3764.0,3765.0,nan,3781.314605,434803,16441269340.0,793535,3787.0,188,3786.0,200,3788.0,576,3785.0,663,3789.0,436,3784.0,292,3790.0,578,3783.0,288,3791.0,459,3782.0,708
1597988357599962880,1597988357500000000,2020-08-21 13:39:17.500000,3786.0,3800.0,3764.0,3765.0,nan,3781.31482,434823,16442026540.0,793523,3787.0,188,3786.0,180,3788.0,576,3785.0,663,3789.0,436,3784.0,292,3790.0,578,3783.0,288,3791.0,459,3782.0,708
1597988358140002048,1597988358000000000,2020-08-21 13:39:18.000000,3786.0,3800.0,3764.0,3765.0,nan,3781.31482,434823,16442026540.0,793523,3787.0,212,3786.0,172,3788.0,576,3785.0,663,3789.0,436,3784.0,292,3790.0,578,3783.0,288,3791.0,459,3782.0,708
1597988358614187008,1597988358500000000,2020-08-21 13:39:18.500000,3786.0,3800.0,3764.0,3765.0,nan,3781.31482,434823,16442026540.0,793523,3787.0,215,3786.0,172,3788.0,576,3785.0,663,3789.0,436,3784.0,292,3790.0,578,3783.0,288,3791.0,459,3782.0,708
1597988359118754048,1597988359000000000,2020-08-21 13:39:19.000000,3786.0,3800.0,3764.0,3765.0,nan,3781.314831,434824,16442064400.0,793523,3787.0,215,3786.0,171,3788.0,576,3785.0,663,3789.0,436,3784.0,292,3790.0,578,3783.0,288,3791.0,459,3782.0,708
1597988359614949120,1597988359500000000,2020-08-21 13:39:19.500000,3786.0,3800.0,3764.0,3765.0,nan,3781.314831,434824,16442064400.0,793523,3787.0,215,3786.0,170,3788.0,576,3785.0,663,3789.0,436,3784.0,292,3790.0,578,3783.0,288,3791.0,459,3782.0,708
1597988360141116928,1597988360000000000,2020-08-21 13:39:20.000000,3787.0,3800.0,3764.0,3765.0,nan,3781.315171,434850,16443049020.0,793517,3787.0,191,3786.0,170,3788.0,576,3785.0,663,3789.0,436,3784.0,292,3790.0,578,3783.0,288,3791.0,459,3782.0,708
1597988360605293056,1597988360500000000,2020-08-21 13:39:20.500000,3786.0,3800.0,3764.0,3765.0,nan,3781.315182,434851,16443086880.0,793517,3787.0,191,3786.0,169,3788.0,576,3785.0,663,3789.0,436,3784.0,292,3790.0,578,3783.0,288,3791.0,459,3782.0,708
1597988361124844032,1597988361000000000,2020-08-21 13:39:21.000000,3786.0,3800.0,3764.0,3765.0,nan,3781.315182,434851,16443086880.0,793517,3787.0,191,3786.0,169,3788.0,576,3785.0,664,3789.0,435,3784.0,292,3790.0,578,3783.0,288,3791.0,459,3782.0,708
1597988362131814912,1597988362000000000,2020-08-21 13:39:22.000000,3786.0,3800.0,3764.0,3765.0,nan,3781.315397,434871,16443844080.0,793537,3787.0,192,3786.0,149,3788.0,576,3785.0,664,3789.0,435,3784.0,292,3790.0,578,3783.0,288,3791.0,459,3782.0,708
1597988362618095104,1597988362500000000,2020-08-21 13:39:22.500000,3786.0,3800.0,3764.0,3765.0,nan,3781.315397,434871,16443844080.0,793537,3787.0,192,3786.0,149,3788.0,576,3785.0,665,3789.0,435,3784.0,292,3790.0,578,3783.0,288,3791.0,459,3782.0,708
1597988363623529984,1597988363500000000,2020-08-21 13:39:23.500000,3786.0,3800.0,3764.0,3765.0,nan,3781.315397,434871,16443844080.0,793537,3787.0,192,3786.0,149,3788.0,576,3785.0,664,3789.0,435,3784.0,290,3790.0,578,3783.0,287,3791.0,479,3782.0,708
1597988364613132032,1597988364500000000,2020-08-21 13:39:24.500000,3786.0,3800.0,3764.0,3765.0,nan,3781.315397,434871,16443844080.0,793537,3787.0,192,3786.0,150,3788.0,576,3785.0,665,3789.0,435,3784.0,300,3790.0,578,3783.0,288,3791.0,479,3782.0,708
1597988365114654976,1597988365000000000,2020-08-21 13:39:25.000000,3786.0,3800.0,3764.0,3765.0,nan,3781.315408,434872,16443881940.0,793537,3787.0,192,3786.0,150,3788.0,576,3785.0,666,3789.0,435,3784.0,300,3790.0,578,3783.0,288,3791.0,479,3782.0,708
1597988365601292032,1597988365500000000,2020-08-21 13:39:25.500000,3786.0,3800.0,3764.0,3765.0,nan,3781.315408,434872,16443881940.0,793537,3787.0,202,3786.0,150,3788.0,576,3785.0,666,3789.0,435,3784.0,300,3790.0,578,3783.0,288,3791.0,479,3782.0,708
1597988367131877888,1597988367000000000,2020-08-21 13:39:27.000000,3786.0,3800.0,3764.0,3765.0,nan,3781.315408,434872,16443881940.0,793537,3787.0,202,3786.0,146,3788.0,576,3785.0,666,3789.0,435,3784.0,300,3790.0,578,3783.0,288,3791.0,479,3782.0,708
1597988367610098944,1597988367500000000,2020-08-21 13:39:27.500000,3786.0,3800.0,3764.0,3765.0,nan,3781.315429,434874,16443957660.0,793539,3787.0,202,3786.0,145,3788.0,576,3785.0,666,3789.0,435,3784.0,300,3790.0,578,3783.0,288,3791.0,479,3782.0,708
1597988368122959872,1597988368000000000,2020-08-21 13:39:28.000000,3786.0,3800.0,3764.0,3765.0,nan,3781.315429,434874,16443957660.0,793539,3787.0,204,3786.0,145,3788.0,576,3785.0,666,3789.0,435,3784.0,300,3790.0,578,3783.0,288,3791.0,479,3782.0,708
1597988368605754112,1597988368500000000,2020-08-21 13:39:28.500000,3786.0,3800.0,3764.0,3765.0,nan,3781.31544,434875,16443995520.0,793540,3787.0,204,3786.0,144,3788.0,576,3785.0,666,3789.0,435,3784.0,300,3790.0,578,3783.0,288,3791.0,479,3782.0,708
1597988369135204096,1597988369000000000,2020-08-21 13:39:29.000000,3787.0,3800.0,3764.0,3765.0,nan,3781.315464,434877,16444071250.0,793540,3787.0,203,3786.0,143,3788.0,576,3785.0,666,3789.0,435,3784.0,300,3790.0,578,3783.0,288,3791.0,479,3782.0,708
1597988369604049920,1597988369500000000,2020-08-21 13:39:29.500000,3786.0,3800.0,3764.0,3765.0,nan,3781.315507,434881,16444222690.0,793538,3787.0,201,3786.0,139,3788.0,576,3785.0,666,3789.0,435,3784.0,300,3790.0,578,3783.0,288,3791.0,479,3782.0,708
1597988370159020032,1597988370000000000,2020-08-21 13:39:30.000000,3786.0,3800.0,3764.0,3765.0,nan,3781.315507,434881,16444222690.0,793538,3787.0,201,3786.0,144,3788.0,576,3785.0,666,3789.0,435,3784.0,300,3790.0,578,3783.0,288,3791.0,479,3782.0,708
1597988370623966976,1597988370500000000,2020-08-21 13:39:30.500000,3786.0,3800.0,3764.0,3765.0,nan,3781.315552,434885,16444374140.0,793534,3787.0,200,3786.0,141,3788.0,576,3785.0,667,3789.0,435,3784.0,300,3790.0,578,3783.0,288,3791.0,479,3782.0,708
1597988371118661888,1597988371000000000,2020-08-21 13:39:31.000000,3786.0,3800.0,3764.0,3765.0,nan,3781.315552,434885,16444374140.0,793534,3787.0,200,3786.0,141,3788.0,576,3785.0,667,3789.0,435,3784.0,300,3790.0,579,3783.0,288,3791.0,479,3782.0,708
1597988371624430080,1597988371500000000,2020-08-21 13:39:31.500000,3786.0,3800.0,3764.0,3765.0,nan,3781.315552,434885,16444374140.0,793534,3787.0,201,3786.0,141,3788.0,576,3785.0,668,3789.0,435,3784.0,300,3790.0,579,3783.0,288,3791.0,479,3782.0,708
1597988372150333952,1597988372000000000,2020-08-21 13:39:32.000000,3786.0,3800.0,3764.0,3765.0,nan,3781.315552,434885,16444374140.0,793534,3787.0,203,3786.0,151,3788.0,576,3785.0,668,3789.0,435,3784.0,300,3790.0,579,3783.0,288,3791.0,479,3782.0,708
1597988372631794944,1597988372500000000,2020-08-21 13:39:32.500000,3786.0,3800.0,3764.0,3765.0,nan,3781.315552,434885,16444374140.0,793534,3787.0,203,3786.0,152,3788.0,576,3785.0,668,3789.0,435,3784.0,300,3790.0,579,3783.0,288,3791.0,479,3782.0,708
1597988373157565952,1597988373000000000,2020-08-21 13:39:33.000000,3786.0,3800.0,3764.0,3765.0,nan,3781.315552,434885,16444374140.0,793534,3787.0,263,3786.0,152,3788.0,576,3785.0,668,3789.0,435,3784.0,301,3790.0,579,3783.0,288,3791.0,479,3782.0,708
1597988373608505088,1597988373500000000,2020-08-21 13:39:33.500000,3786.0,3800.0,3764.0,3765.0,nan,3781.315552,434885,16444374140.0,793534,3787.0,305,3786.0,139,3788.0,576,3785.0,668,3789.0,435,3784.0,301,3790.0,579,3783.0,288,3791.0,479,3782.0,708
1597988374127357952,1597988374000000000,2020-08-21 13:39:34.000000,3786.0,3800.0,3764.0,3765.0,nan,3781.316435,434967,16447478660.0,793475,3787.0,305,3786.0,57,3788.0,576,3785.0,668,3789.0,435,3784.0,301,3790.0,579,3783.0,288,3791.0,479,3782.0,708
1597988374671168000,1597988374500000000,2020-08-21 13:39:34.500000,3786.0,3800.0,3764.0,3765.0,nan,3781.317049,435024,16449636680.0,793497,3786.0,228,3785.0,668,3787.0,325,3784.0,301,3788.0,576,3783.0,288,3789.0,435,3782.0,708,3790.0,579,3781.0,402
1597988375124880896,1597988375000000000,2020-08-21 13:39:35.000000,3786.0,3800.0,3764.0,3765.0,nan,3781.318018,435114,16453044080.0,793407,3786.0,154,3785.0,648,3787.0,322,3784.0,301,3788.0,576,3783.0,288,3789.0,435,3782.0,708,3790.0,579,3781.0,402
1597988375617392128,1597988375500000000,2020-08-21 13:39:35.500000,3786.0,3800.0,3764.0,3765.0,nan,3781.318018,435114,16453044080.0,793407,3786.0,149,3785.0,649,3787.0,322,3784.0,301,3788.0,576,3783.0,288,3789.0,435,3782.0,708,3790.0,579,3781.0,402
1597988376124369920,1597988376000000000,2020-08-21 13:39:36.000000,3786.0,3800.0,3764.0,3765.0,nan,3781.318061,435118,16453195520.0,793403,3786.0,145,3785.0,649,3787.0,337,3784.0,301,3788.0,576,3783.0,288,3789.0,435,3782.0,708,3790.0,579,3781.0,402
1597988376643104000,1597988376500000000,2020-08-21 13:39:36.500000,3786.0,3800.0,3764.0,3765.0,nan,3781.318061,435118,16453195520.0,793403,3786.0,114,3785.0,649,3787.0,337,3784.0,301,3788.0,576,3783.0,289,3789.0,435,3782.0,708,3790.0,579,3781.0,402
1597988377102648064,1597988377000000000,2020-08-21 13:39:37.000000,3786.0,3800.0,3764.0,3765.0,nan,3781.3189,435196,16456148600.0,793408,3786.0,36,3785.0,649,3787.0,339,3784.0,301,3788.0,576,3783.0,289,3789.0,435,3782.0,708,3790.0,579,3781.0,402
1597988377634338048,1597988377500000000,2020-08-21 13:39:37.500000,3786.0,3800.0,3764.0,3765.0,nan,3781.318986,435204,16456451480.0,793409,3786.0,22,3785.0,650,3787.0,289,3784.0,301,3788.0,576,3783.0,289,3789.0,435,3782.0,708,3790.0,579,3781.0,402
1597988378154150912,1597988378000000000,2020-08-21 13:39:38.000000,3786.0,3800.0,3764.0,3765.0,nan,3781.318986,435204,16456451480.0,793409,3786.0,22,3785.0,650,3787.0,289,3784.0,301,3788.0,576,3783.0,290,3789.0,435,3782.0,708,3790.0,579,3781.0,402
1597988379133335040,1597988379000000000,2020-08-21 13:39:39.000000,3786.0,3800.0,3764.0,3765.0,nan,3781.319005,435206,16456527190.0,793409,3786.0,21,3785.0,649,3787.0,289,3784.0,301,3788.0,576,3783.0,290,3789.0,435,3782.0,708,3790.0,579,3781.0,402
1597988380138262016,1597988380000000000,2020-08-21 13:39:40.000000,3786.0,3800.0,3764.0,3765.0,nan,3781.319016,435207,16456565050.0,793409,3786.0,20,3785.0,649,3787.0,289,3784.0,301,3788.0,576,3783.0,290,3789.0,435,3782.0,708,3790.0,579,3781.0,402
1597988380610179072,1597988380500000000,2020-08-21 13:39:40.500000,3786.0,3800.0,3764.0,3765.0,nan,3781.319016,435207,16456565050.0,793409,3786.0,20,3785.0,649,3787.0,289,3784.0,301,3788.0,577,3783.0,290,3789.0,435,3782.0,708,3790.0,579,3781.0,402
1597988381613989888,1597988381500000000,2020-08-21 13:39:41.500000,3786.0,3800.0,3764.0,3765.0,nan,3781.319048,435210,16456678630.0,793409,3786.0,17,3785.0,649,3787.0,288,3784.0,301,3788.0,577,3783.0,290,3789.0,435,3782.0,708,3790.0,579,3781.0,402
1597988382145282048,1597988382000000000,2020-08-21 13:39:42.000000,3786.0,3800.0,3764.0,3765.0,nan,3781.319059,435211,16456716490.0,793409,3786.0,16,3785.0,649,3787.0,288,3784.0,301,3788.0,577,3783.0,290,3789.0,435,3782.0,708,3790.0,579,3781.0,402
1597988383110351104,1597988383000000000,2020-08-21 13:39:43.000000,3786.0,3800.0,3764.0,3765.0,nan,3781.319113,435216,16456905790.0,793414,3786.0,11,3785.0,649,3787.0,289,3784.0,301,3788.0,577,3783.0,290,3789.0,435,3782.0,708,3790.0,581,3781.0,402
1597988383631712000,1597988383500000000,2020-08-21 13:39:43.500000,3786.0,3800.0,3764.0,3765.0,nan,3781.319113,435216,16456905790.0,793414,3786.0,11,3785.0,652,3787.0,289,3784.0,301,3788.0,577,3783.0,290,3789.0,435,3782.0,708,3790.0,581,3781.0,402
1597988384136530944,1597988384000000000,2020-08-21 13:39:44.000000,3786.0,3800.0,3764.0,3765.0,nan,3781.319285,435232,16457511550.0,793406,3787.0,289,3786.0,45,3788.0,577,3785.0,653,3789.0,435,3784.0,301,3790.0,581,3783.0,290,3791.0,479,3782.0,708
1597988384611009024,1597988384500000000,2020-08-21 13:39:44.500000,3786.0,3800.0,3764.0,3765.0,nan,3781.319285,435232,16457511550.0,793406,3787.0,289,3786.0,53,3788.0,577,3785.0,654,3789.0,435,3784.0,301,3790.0,581,3783.0,290,3791.0,479,3782.0,708
1597988385133622016,1597988385000000000,2020-08-21 13:39:45.000000,3786.0,3800.0,3764.0,3765.0,nan,3781.319306,435234,16457587270.0,793404,3787.0,273,3786.0,53,3788.0,577,3785.0,654,3789.0,435,3784.0,301,3790.0,581,3783.0,290,3791.0,479,3782.0,708
1597988386123229952,1597988386000000000,2020-08-21 13:39:46.000000,3786.0,3800.0,3764.0,3765.0,nan,3781.319317,435235,16457625130.0,793404,3787.0,273,3786.0,52,3788.0,627,3785.0,654,3789.0,435,3784.0,301,3790.0,581,3783.0,290,3791.0,479,3782.0,708
1597988386608734976,1597988386500000000,2020-08-21 13:39:46.500000,3786.0,3800.0,3764.0,3765.0,nan,3781.319328,435236,16457662990.0,793403,3787.0,273,3786.0,51,3788.0,627,3785.0,654,3789.0,435,3784.0,301,3790.0,581,3783.0,290,3791.0,479,3782.0,708
1597988387146789120,1597988387000000000,2020-08-21 13:39:47.000000,3786.0,3800.0,3764.0,3765.0,nan,3781.319339,435237,16457700850.0,793403,3787.0,273,3786.0,50,3788.0,627,3785.0,654,3789.0,435,3784.0,301,3790.0,581,3783.0,290,3791.0,479,3782.0,708
1597988387623595008,1597988387500000000,2020-08-21 13:39:47.500000,3787.0,3800.0,3764.0,3765.0,nan,3781.319454,435246,16458041670.0,793399,3787.0,265,3786.0,49,3788.0,627,3785.0,654,3789.0,435,3784.0,301,3790.0,581,3783.0,290,3791.0,479,3782.0,708
1597988388146632960,1597988388000000000,2020-08-21 13:39:48.000000,3786.0,3800.0,3764.0,3765.0,nan,3781.319508,435251,16458230970.0,793399,3787.0,265,3786.0,45,3788.0,627,3785.0,654,3789.0,435,3784.0,301,3790.0,581,3783.0,290,3791.0,479,3782.0,708
1597988388623738112,1597988388500000000,2020-08-21 13:39:48.500000,3786.0,3800.0,3764.0,3765.0,nan,3781.319508,435251,16458230970.0,793399,3787.0,265,3786.0,95,3788.0,627,3785.0,654,3789.0,435,3784.0,301,3790.0,581,3783.0,290,3791.0,479,3782.0,708
1597988389114936064,1597988389000000000,2020-08-21 13:39:49.000000,3786.0,3800.0,3764.0,3765.0,nan,3781.319518,435252,16458268830.0,793399,3787.0,245,3786.0,185,3788.0,627,3785.0,653,3789.0,435,3784.0,301,3790.0,581,3783.0,290,3791.0,479,3782.0,708
1597988389609874944,1597988389500000000,2020-08-21 13:39:49.500000,3786.0,3800.0,3764.0,3765.0,nan,3781.319594,435258,16458496040.0,793403,3787.0,195,3786.0,152,3788.0,627,3785.0,653,3789.0,435,3784.0,301,3790.0,581,3783.0,290,3791.0,479,3782.0,708
1597988390629829120,1597988390500000000,2020-08-21 13:39:50.500000,3786.0,3800.0,3764.0,3765.0,nan,3781.319594,435258,16458496040.0,793403,3787.0,205,3786.0,152,3788.0,627,3785.0,653,3789.0,435,3784.0,301,3790.0,581,3783.0,290,3791.0,479,3782.0,708
1597988391130661120,1597988391000000000,2020-08-21 13:39:51.000000,3786.0,3800.0,3764.0,3765.0,nan,3781.31967,435265,16458761060.0,793397,3787.0,207,3786.0,145,3788.0,627,3785.0,653,3789.0,435,3784.0,301,3790.0,581,3783.0,290,3791.0,479,3782.0,708
1597988391609603072,1597988391500000000,2020-08-21 13:39:51.500000,3786.0,3800.0,3764.0,3765.0,nan,3781.319723,435270,16458950360.0,793392,3787.0,207,3786.0,132,3788.0,637,3785.0,653,3789.0,435,3784.0,301,3790.0,581,3783.0,290,3791.0,479,3782.0,708
1597988392110103040,1597988392000000000,2020-08-21 13:39:52.000000,3786.0,3800.0,3764.0,3765.0,nan,3781.319723,435270,16458950360.0,793392,3787.0,201,3786.0,105,3788.0,637,3785.0,653,3789.0,435,3784.0,301,3790.0,581,3783.0,290,3791.0,479,3782.0,708
1597988392605931008,1597988392500000000,2020-08-21 13:39:52.500000,3786.0,3800.0,3764.0,3765.0,nan,3781.319777,435275,16459139660.0,793392,3787.0,212,3786.0,92,3788.0,637,3785.0,653,3789.0,435,3784.0,300,3790.0,581,3783.0,290,3791.0,479,3782.0,708
1597988393152368896,1597988393000000000,2020-08-21 13:39:53.000000,3786.0,3800.0,3764.0,3765.0,nan,3781.319777,435275,16459139660.0,793392,3787.0,248,3786.0,92,3788.0,657,3785.0,653,3789.0,435,3784.0,300,3790.0,581,3783.0,290,3791.0,479,3782.0,708
1597988393606373120,1597988393500000000,2020-08-21 13:39:53.500000,3786.0,3800.0,3764.0,3765.0,nan,3781.319777,435275,16459139660.0,793392,3787.0,254,3786.0,72,3788.0,658,3785.0,652,3789.0,435,3784.0,300,3790.0,581,3783.0,290,3791.0,479,3782.0,708
1597988394109210880,1597988394000000000,2020-08-21 13:39:54.000000,3787.0,3800.0,3764.0,3765.0,nan,3781.319842,435280,16459329010.0,793391,3787.0,269,3786.0,72,3788.0,658,3785.0,654,3789.0,435,3784.0,300,3790.0,581,3783.0,290,3791.0,479,3782.0,708
1597988394615717888,1597988394500000000,2020-08-21 13:39:54.500000,3786.0,3800.0,3764.0,3765.0,nan,3781.319875,435283,16459442590.0,793391,3787.0,269,3786.0,70,3788.0,658,3785.0,654,3789.0,435,3784.0,300,3790.0,581,3783.0,290,3791.0,479,3782.0,708
1597988395116739072,1597988395000000000,2020-08-21 13:39:55.000000,3786.0,3800.0,3764.0,3765.0,nan,3781.319875,435283,16459442590.0,793391,3787.0,269,3786.0,70,3788.0,658,3785.0,654,3789.0,435,3784.0,300,3790.0,583,3783.0,290,3791.0,479,3782.0,708
1597988395612534016,1597988395500000000,2020-08-21 13:39:55.500000,3786.0,3800.0,3764.0,3765.0,nan,3781.319982,435293,16459821190.0,793383,3787.0,269,3786.0,60,3788.0,658,3785.0,654,3789.0,440,3784.0,300,3790.0,583,3783.0,290,3791.0,479,3782.0,708
1597988396150958080,1597988396000000000,2020-08-21 13:39:56.000000,3787.0,3800.0,3764.0,3765.0,nan,3781.320008,435295,16459896930.0,793382,3787.0,267,3786.0,60,3788.0,658,3785.0,654,3789.0,440,3784.0,299,3790.0,583,3783.0,290,3791.0,479,3782.0,708
1597988396641264896,1597988396500000000,2020-08-21 13:39:56.500000,3787.0,3800.0,3764.0,3765.0,nan,3781.320008,435295,16459896930.0,793382,3787.0,267,3786.0,62,3788.0,658,3785.0,654,3789.0,440,3784.0,299,3790.0,583,3783.0,290,3791.0,479,3782.0,708
1597988397169456128,1597988397000000000,2020-08-21 13:39:57.000000,3786.0,3800.0,3764.0,3765.0,nan,3781.32003,435297,16459972650.0,793380,3787.0,272,3786.0,73,3788.0,658,3785.0,654,3789.0,440,3784.0,299,3790.0,583,3783.0,290,3791.0,479,3782.0,708
1597988397648069120,1597988397500000000,2020-08-21 13:39:57.500000,3786.0,3800.0,3764.0,3765.0,nan,3781.32003,435297,16459972650.0,793380,3787.0,272,3786.0,31,3788.0,658,3785.0,654,3789.0,440,3784.0,299,3790.0,583,3783.0,290,3791.0,479,3782.0,708
1597988398162706944,1597988398000000000,2020-08-21 13:39:58.000000,3787.0,3800.0,3764.0,3765.0,nan,3781.320278,435316,16460692180.0,793367,3787.0,253,3786.0,39,3788.0,658,3785.0,654,3789.0,440,3784.0,299,3790.0,583,3783.0,290,3791.0,479,3782.0,708
1597988398617917952,1597988398500000000,2020-08-21 13:39:58.500000,3787.0,3800.0,3764.0,3765.0,nan,3781.320369,435323,16460957270.0,793367,3787.0,249,3786.0,31,3788.0,658,3785.0,654,3789.0,440,3784.0,299,3790.0,583,3783.0,290,3791.0,479,3782.0,708
1597988399146787072,1597988399000000000,2020-08-21 13:39:59.000000,3787.0,3800.0,3764.0,3765.0,nan,3781.320369,435323,16460957270.0,793367,3787.0,249,3786.0,39,3788.0,658,3785.0,654,3789.0,440,3784.0,299,3790.0,583,3783.0,290,3791.0,479,3782.0,708
1597988400141945088,1597988400000000000,2020-08-21 13:40:00.000000,3786.0,3800.0,3764.0,3765.0,nan,3781.320391,435325,16461032990.0,793369,3787.0,249,3786.0,37,3788.0,658,3785.0,654,3789.0,440,3784.0,299,3790.0,583,3783.0,290,3791.0,479,3782.0,708
1597988400607220992,1597988400500000000,2020-08-21 13:40:00.500000,3786.0,3800.0,3764.0,3765.0,nan,3781.320414,435327,16461108720.0,793369,3787.0,249,3786.0,91,3788.0,638,3785.0,654,3789.0,440,3784.0,299,3790.0,583,3783.0,290,3791.0,479,3782.0,709
1597988401106203904,1597988401000000000,2020-08-21 13:40:01.000000,3786.0,3800.0,3764.0,3765.0,nan,3781.320414,435327,16461108720.0,793369,3787.0,199,3786.0,178,3788.0,638,3785.0,654,3789.0,440,3784.0,299,3790.0,583,3783.0,290,3791.0,479,3782.0,709
1597988401603110912,1597988401500000000,2020-08-21 13:40:01.500000,3787.0,3800.0,3764.0,3765.0,nan,3781.320571,435339,16461563160.0,793357,3787.0,168,3786.0,218,3788.0,638,3785.0,654,3789.0,440,3784.0,299,3790.0,583,3783.0,290,3791.0,479,3782.0,709
1597988402152413952,1597988402000000000,2020-08-21 13:40:02.000000,3787.0,3800.0,3764.0,3765.0,nan,3781.320571,435339,16461563160.0,793357,3787.0,169,3786.0,220,3788.0,638,3785.0,655,3789.0,440,3784.0,299,3790.0,583,3783.0,290,3791.0,479,3782.0,709
1597988402610440960,1597988402500000000,2020-08-21 13:40:02.500000,3787.0,3800.0,3764.0,3765.0,nan,3781.320571,435339,16461563160.0,793357,3787.0,193,3786.0,220,3788.0,638,3785.0,655,3789.0,440,3784.0,299,3790.0,583,3783.0,290,3791.0,479,3782.0,709
1597988403140952064,1597988403000000000,2020-08-21 13:40:03.000000,3787.0,3800.0,3764.0,3765.0,nan,3781.320571,435339,16461563160.0,793357,3787.0,193,3786.0,221,3788.0,638,3785.0,655,3789.0,440,3784.0,299,3790.0,583,3783.0,290,3791.0,479,3782.0,709
1597988403626946048,1597988403500000000,2020-08-21 13:40:03.500000,3787.0,3800.0,3764.0,3765.0,nan,3781.320571,435339,16461563160.0,793357,3787.0,193,3786.0,219,3788.0,643,3785.0,655,3789.0,440,3784.0,299,3790.0,583,3783.0,290,3791.0,479,3782.0,709
1597988404135719936,1597988404000000000,2020-08-21 13:40:04.000000,3786.0,3800.0,3764.0,3765.0,nan,3781.320635,435345,16461790320.0,793362,3787.0,194,3786.0,212,3788.0,643,3785.0,655,3789.0,440,3784.0,299,3790.0,583,3783.0,290,3791.0,479,3782.0,709
1597988404647407104,1597988404500000000,2020-08-21 13:40:04.500000,3786.0,3800.0,3764.0,3765.0,nan,3781.320635,435345,16461790320.0,793362,3787.0,191,3786.0,137,3788.0,643,3785.0,655,3789.0,445,3784.0,299,3790.0,583,3783.0,290,3791.0,479,3782.0,709
1597988405150885120,1597988405000000000,2020-08-21 13:40:05.000000,3786.0,3800.0,3764.0,3765.0,nan,3781.320635,435345,16461790320.0,793362,3787.0,237,3786.0,105,3788.0,643,3785.0,656,3789.0,445,3784.0,299,3790.0,583,3783.0,290,3791.0,479,3782.0,709
1597988405628889088,1597988405500000000,2020-08-21 13:40:05.500000,3786.0,3800.0,3764.0,3765.0,nan,3781.320635,435345,16461790320.0,793362,3787.0,255,3786.0,105,3788.0,643,3785.0,656,3789.0,445,3784.0,299,3790.0,583,3783.0,290,3791.0,479,3782.0,709
1597988406149799936,1597988406000000000,2020-08-21 13:40:06.000000,3786.0,3800.0,3764.0,3765.0,nan,3781.320635,435345,16461790320.0,793362,3787.0,414,3786.0,86,3788.0,642,3785.0,656,3789.0,445,3784.0,299,3790.0,583,3783.0,290,3791.0,479,3782.0,709
1597988406619435008,1597988406500000000,2020-08-21 13:40:06.500000,3786.0,3800.0,3764.0,3765.0,nan,3781.320646,435346,16461828180.0,793362,3787.0,415,3786.0,85,3788.0,647,3785.0,656,3789.0,445,3784.0,299,3790.0,583,3783.0,290,3791.0,479,3782.0,709
1597988407127547904,1597988407000000000,2020-08-21 13:40:07.000000,3787.0,3800.0,3764.0,3765.0,nan,3781.320918,435370,16462736880.0,793374,3787.0,409,3786.0,68,3788.0,647,3785.0,656,3789.0,445,3784.0,299,3790.0,583,3783.0,290,3791.0,479,3782.0,709
1597988407629518080,1597988407500000000,2020-08-21 13:40:07.500000,3787.0,3800.0,3764.0,3765.0,nan,3781.320918,435370,16462736880.0,793374,3787.0,408,3786.0,68,3788.0,647,3785.0,656,3789.0,445,3784.0,299,3790.0,582,3783.0,290,3791.0,479,3782.0,709
1597988408177725952,1597988408000000000,2020-08-21 13:40:08.000000,3787.0,3800.0,3764.0,3765.0,nan,3781.320918,435370,16462736880.0,793374,3787.0,408,3786.0,68,3788.0,647,3785.0,656,3789.0,445,3784.0,294,3790.0,582,3783.0,290,3791.0,479,3782.0,709
1597988409619936000,1597988409500000000,2020-08-21 13:40:09.500000,3787.0,3800.0,3764.0,3765.0,nan,3781.320918,435370,16462736880.0,793374,3787.0,408,3786.0,69,3788.0,647,3785.0,656,3789.0,455,3784.0,294,3790.0,582,3783.0,290,3791.0,479,3782.0,709
1597988410109009920,1597988410000000000,2020-08-21 13:40:10.000000,3786.0,3800.0,3764.0,3765.0,nan,3781.320929,435371,16462774740.0,793374,3787.0,409,3786.0,67,3788.0,647,3785.0,656,3789.0,455,3784.0,294,3790.0,582,3783.0,290,3791.0,479,3782.0,709
1597988411628604928,1597988411500000000,2020-08-21 13:40:11.500000,3787.0,3800.0,3764.0,3765.0,nan,3781.32102,435378,16463039830.0,793374,3787.0,402,3786.0,67,3788.0,645,3785.0,656,3789.0,455,3784.0,294,3790.0,582,3783.0,290,3791.0,479,3782.0,709
1597988412133755904,1597988412000000000,2020-08-21 13:40:12.000000,3787.0,3800.0,3764.0,3765.0,nan,3781.32102,435378,16463039830.0,793374,3787.0,403,3786.0,68,3788.0,645,3785.0,656,3789.0,455,3784.0,294,3790.0,582,3783.0,290,3791.0,479,3782.0,709
1597988412660464896,1597988412500000000,2020-08-21 13:40:12.500000,3786.0,3800.0,3764.0,3765.0,nan,3781.321761,435447,16465652170.0,793431,3786.0,18,3785.0,656,3787.0,403,3784.0,295,3788.0,645,3783.0,290,3789.0,455,3782.0,709,3790.0,582,3781.0,441
1597988413112681984,1597988413000000000,2020-08-21 13:40:13.000000,3786.0,3800.0,3764.0,3765.0,nan,3781.321783,435449,16465727890.0,793432,3786.0,303,3785.0,657,3787.0,250,3784.0,296,3788.0,645,3783.0,290,3789.0,455,3782.0,709,3790.0,582,3781.0,441
1597988413643855104,1597988413500000000,2020-08-21 13:40:13.500000,3786.0,3800.0,3764.0,3765.0,nan,3781.321783,435449,16465727890.0,793432,3786.0,329,3785.0,655,3787.0,253,3784.0,296,3788.0,645,3783.0,290,3789.0,455,3782.0,709,3790.0,582,3781.0,441
1597988414147788032,1597988414000000000,2020-08-21 13:40:14.000000,3786.0,3800.0,3764.0,3765.0,nan,3781.321834,435454,16465917180.0,793436,3786.0,309,3785.0,654,3787.0,253,3784.0,296,3788.0,645,3783.0,290,3789.0,455,3782.0,709,3790.0,582,3781.0,441
1597988414637875968,1597988414500000000,2020-08-21 13:40:14.500000,3786.0,3800.0,3764.0,3765.0,nan,3781.321845,435455,16465955040.0,793436,3786.0,308,3785.0,654,3787.0,253,3784.0,296,3788.0,645,3783.0,290,3789.0,455,3782.0,709,3790.0,582,3781.0,441
1597988415135884032,1597988415000000000,2020-08-21 13:40:15.000000,3785.0,3800.0,3764.0,3765.0,nan,3781.321862,435457,16466030740.0,793436,3786.0,309,3785.0,652,3787.0,253,3784.0,296,3788.0,645,3783.0,290,3789.0,455,3782.0,709,3790.0,582,3781.0,441
1597988415694394112,1597988415500000000,2020-08-21 13:40:15.500000,3785.0,3800.0,3764.0,3765.0,nan,3781.321862,435457,16466030740.0,793436,3786.0,309,3785.0,654,3787.0,253,3784.0,296,3788.0,644,3783.0,290,3789.0,455,3782.0,709,3790.0,582,3781.0,441
1597988416127610880,1597988416000000000,2020-08-21 13:40:16.000000,3785.0,3800.0,3764.0,3765.0,nan,3781.32187,435458,16466068590.0,793436,3786.0,309,3785.0,652,3787.0,253,3784.0,296,3788.0,644,3783.0,290,3789.0,455,3782.0,709,3790.0,582,3781.0,441
1597988416623773952,1597988416500000000,2020-08-21 13:40:16.500000,3785.0,3800.0,3764.0,3765.0,nan,3781.32187,435458,16466068590.0,793436,3786.0,309,3785.0,653,3787.0,253,3784.0,296,3788.0,644,3783.0,290,3789.0,455,3782.0,709,3790.0,582,3781.0,441
1597988417635812096,1597988417500000000,2020-08-21 13:40:17.500000,3785.0,3800.0,3764.0,3765.0,nan,3781.321889,435460,16466144300.0,793437,3786.0,308,3785.0,652,3787.0,253,3784.0,296,3788.0,644,3783.0,290,3789.0,455,3782.0,709,3790.0,592,3781.0,441
1597988418143631104,1597988418000000000,2020-08-21 13:40:18.000000,3786.0,3800.0,3764.0,3765.0,nan,3781.321909,435462,16466220010.0,793437,3786.0,307,3785.0,651,3787.0,253,3784.0,296,3788.0,644,3783.0,290,3789.0,455,3782.0,709,3790.0,592,3781.0,441
1597988418621041920,1597988418500000000,2020-08-21 13:40:18.500000,3786.0,3800.0,3764.0,3765.0,nan,3781.321995,435470,16466522890.0,793437,3786.0,299,3785.0,651,3787.0,253,3784.0,296,3788.0,644,3783.0,290,3789.0,455,3782.0,709,3790.0,592,3781.0,441
1597988420105841920,1597988420000000000,2020-08-21 13:40:20.000000,3786.0,3800.0,3764.0,3765.0,nan,3781.321995,435470,16466522890.0,793437,3786.0,300,3785.0,651,3787.0,253,3784.0,297,3788.0,644,3783.0,290,3789.0,455,3782.0,709,3790.0,591,3781.0,441
1597988420614287872,1597988420500000000,2020-08-21 13:40:20.500000,3786.0,3800.0,3764.0,3765.0,nan,3781.322014,435472,16466598600.0,793436,3786.0,299,3785.0,650,3787.0,253,3784.0,297,3788.0,644,3783.0,290,3789.0,455,3782.0,709,3790.0,591,3781.0,441
1597988421612594944,1597988421500000000,2020-08-21 13:40:21.500000,3786.0,3800.0,3764.0,3765.0,nan,3781.322033,435474,16466674310.0,793437,3786.0,298,3785.0,649,3787.0,253,3784.0,297,3788.0,645,3783.0,290,3789.0,455,3782.0,709,3790.0,591,3781.0,441
1597988422114129920,1597988422000000000,2020-08-21 13:40:22.000000,3786.0,3800.0,3764.0,3765.0,nan,3781.322033,435474,16466674310.0,793437,3786.0,298,3785.0,648,3787.0,253,3784.0,297,3788.0,645,3783.0,290,3789.0,455,3782.0,709,3790.0,591,3781.0,441
1597988422663315968,1597988422500000000,2020-08-21 13:40:22.500000,3786.0,3800.0,3764.0,3765.0,nan,3781.322044,435475,16466712170.0,793438,3786.0,300,3785.0,648,3787.0,253,3784.0,297,3788.0,630,3783.0,287,3789.0,455,3782.0,709,3790.0,591,3781.0,441
1597988423141404928,1597988423000000000,2020-08-21 13:40:23.000000,3785.0,3800.0,3764.0,3765.0,nan,3781.322063,435477,16466787880.0,793437,3786.0,299,3785.0,647,3787.0,253,3784.0,297,3788.0,630,3783.0,287,3789.0,455,3782.0,709,3790.0,591,3781.0,441
1597988424206428928,1597988424000000000,2020-08-21 13:40:24.000000,3785.0,3800.0,3764.0,3765.0,nan,3781.32208,435479,16466863580.0,793437,3786.0,299,3785.0,647,3787.0,253,3784.0,297,3788.0,630,3783.0,287,3789.0,455,3782.0,709,3790.0,591,3781.0,441
1597988424617693952,1597988424500000000,2020-08-21 13:40:24.500000,3785.0,3800.0,3764.0,3765.0,nan,3781.322122,435484,16467052830.0,793432,3786.0,299,3785.0,642,3787.0,253,3784.0,297,3788.0,630,3783.0,287,3789.0,455,3782.0,709,3790.0,591,3781.0,441
1597988425114492928,1597988425000000000,2020-08-21 13:40:25.000000,3785.0,3800.0,3764.0,3765.0,nan,3781.322232,435497,16467544880.0,793424,3786.0,303,3785.0,629,3787.0,253,3784.0,297,3788.0,630,3783.0,287,3789.0,455,3782.0,709,3790.0,591,3781.0,441
1597988425611928064,1597988425500000000,2020-08-21 13:40:25.500000,3786.0,3800.0,3764.0,3765.0,nan,3781.322339,435507,16467923480.0,793420,3786.0,293,3785.0,629,3787.0,253,3784.0,304,3788.0,630,3783.0,287,3789.0,455,3782.0,709,3790.0,591,3781.0,441
1597988426181390080,1597988426000000000,2020-08-21 13:40:26.000000,3786.0,3800.0,3764.0,3765.0,nan,3781.322393,435512,16468112780.0,793415,3786.0,288,3785.0,629,3787.0,253,3784.0,304,3788.0,630,3783.0,287,3789.0,455,3782.0,709,3790.0,591,3781.0,441
1597988426661825024,1597988426500000000,2020-08-21 13:40:26.500000,3785.0,3800.0,3764.0,3765.0,nan,3781.322401,435513,16468150630.0,793414,3786.0,269,3785.0,628,3787.0,253,3784.0,304,3788.0,615,3783.0,288,3789.0,455,3782.0,709,3790.0,591,3781.0,441
1597988427118962944,1597988427000000000,2020-08-21 13:40:27.000000,3785.0,3800.0,3764.0,3765.0,nan,3781.32241,435514,16468188480.0,793414,3786.0,269,3785.0,627,3787.0,253,3784.0,304,3788.0,615,3783.0,288,3789.0,455,3782.0,709,3790.0,591,3781.0,441
1597988427616605952,1597988427500000000,2020-08-21 13:40:27.500000,3785.0,3800.0,3764.0,3765.0,nan,3781.32241,435514,16468188480.0,793414,3786.0,269,3785.0,628,3787.0,257,3784.0,304,3788.0,615,3783.0,388,3789.0,455,3782.0,709,3790.0,591,3781.0,441
1597988428117225984,1597988428000000000,2020-08-21 13:40:28.000000,3785.0,3800.0,3764.0,3765.0,nan,3781.322579,435530,16468794230.0,793414,3786.0,254,3785.0,627,3787.0,257,3784.0,304,3788.0,616,3783.0,388,3789.0,455,3782.0,709,3790.0,591,3781.0,441
1597988428599262976,1597988428500000000,2020-08-21 13:40:28.500000,3785.0,3800.0,3764.0,3765.0,nan,3781.322579,435530,16468794230.0,793414,3786.0,230,3785.0,634,3787.0,257,3784.0,306,3788.0,616,3783.0,388,3789.0,455,3782.0,710,3790.0,591,3781.0,441
1597988429126832128,1597988429000000000,2020-08-21 13:40:29.000000,3785.0,3800.0,3764.0,3765.0,nan,3781.322605,435533,16468907780.0,793411,3786.0,229,3785.0,632,3787.0,257,3784.0,306,3788.0,616,3783.0,388,3789.0,455,3782.0,710,3790.0,591,3781.0,441
1597988429602036992,1597988429500000000,2020-08-21 13:40:29.500000,3785.0,3800.0,3764.0,3765.0,nan,3781.322605,435533,16468907780.0,793411,3786.0,229,3785.0,632,3787.0,255,3784.0,306,3788.0,616,3783.0,388,3789.0,455,3782.0,710,3790.0,591,3781.0,441
1597988430128768000,1597988430000000000,2020-08-21 13:40:30.000000,3785.0,3800.0,3764.0,3765.0,nan,3781.322605,435533,16468907780.0,793411,3786.0,230,3785.0,638,3787.0,255,3784.0,306,3788.0,616,3783.0,388,3789.0,456,3782.0,710,3790.0,591,3781.0,441
1597988431107173888,1597988431000000000,2020-08-21 13:40:31.000000,3785.0,3800.0,3764.0,3765.0,nan,3781.322622,435535,16468983480.0,793409,3786.0,231,3785.0,636,3787.0,255,3784.0,306,3788.0,616,3783.0,388,3789.0,456,3782.0,710,3790.0,591,3781.0,442
1597988431633008128,1597988431500000000,2020-08-21 13:40:31.500000,3785.0,3800.0,3764.0,3765.0,nan,3781.322622,435535,16468983480.0,793409,3786.0,238,3785.0,636,3787.0,255,3784.0,306,3788.0,616,3783.0,387,3789.0,456,3782.0,710,3790.0,591,3781.0,442
1597988432124336128,1597988432000000000,2020-08-21 13:40:32.000000,3785.0,3800.0,3764.0,3765.0,nan,3781.322622,435535,16468983480.0,793409,3786.0,238,3785.0,636,3787.0,255,3784.0,306,3788.0,611,3783.0,387,3789.0,456,3782.0,710,3790.0,591,3781.0,442
1597988432608826112,1597988432500000000,2020-08-21 13:40:32.500000,3786.0,3800.0,3764.0,3765.0,nan,3781.322632,435536,16469021340.0,793410,3786.0,238,3785.0,636,3787.0,255,3784.0,306,3788.0,611,3783.0,387,3789.0,456,3782.0,710,3790.0,591,3781.0,442
1597988433131708928,1597988433000000000,2020-08-21 13:40:33.000000,3785.0,3800.0,3764.0,3765.0,nan,3781.323748,435641,16472996590.0,793435,3786.0,138,3785.0,631,3787.0,255,3784.0,306,3788.0,611,3783.0,387,3789.0,456,3782.0,710,3790.0,591,3781.0,442
1597988433614178048,1597988433500000000,2020-08-21 13:40:33.500000,3785.0,3800.0,3764.0,3765.0,nan,3781.323748,435641,16472996590.0,793435,3786.0,129,3785.0,632,3787.0,255,3784.0,306,3788.0,611,3783.0,387,3789.0,456,3782.0,710,3790.0,591,3781.0,442
1597988434107676928,1597988434000000000,2020-08-21 13:40:34.000000,3785.0,3800.0,3764.0,3765.0,nan,3781.323757,435642,16473034440.0,793436,3786.0,129,3785.0,632,3787.0,255,3784.0,306,3788.0,611,3783.0,387,3789.0,456,3782.0,710,3790.0,591,3781.0,442
1597988434611677952,1597988434500000000,2020-08-21 13:40:34.500000,3786.0,3800.0,3764.0,3765.0,nan,3781.323767,435643,16473072300.0,793436,3786.0,129,3785.0,632,3787.0,255,3784.0,306,3788.0,611,3783.0,387,3789.0,456,3782.0,710,3790.0,591,3781.0,442
1597988435124030976,1597988435000000000,2020-08-21 13:40:35.000000,3785.0,3800.0,3764.0,3765.0,nan,3781.32386,435654,16473488650.0,793441,3786.0,135,3785.0,621,3787.0,256,3784.0,306,3788.0,611,3783.0,387,3789.0,456,3782.0,710,3790.0,591,3781.0,442
1597988435610583040,1597988435500000000,2020-08-21 13:40:35.500000,3785.0,3800.0,3764.0,3765.0,nan,3781.32386,435654,16473488650.0,793441,3786.0,146,3785.0,619,3787.0,256,3784.0,306,3788.0,611,3783.0,387,3789.0,456,3782.0,710,3790.0,591,3781.0,442
1597988436158864896,1597988436000000000,2020-08-21 13:40:36.000000,3785.0,3800.0,3764.0,3765.0,nan,3781.32386,435654,16473488650.0,793441,3786.0,152,3785.0,619,3787.0,256,3784.0,306,3788.0,611,3783.0,387,3789.0,456,3782.0,710,3790.0,591,3781.0,447
1597988436613075968,1597988436500000000,2020-08-21 13:40:36.500000,3785.0,3800.0,3764.0,3765.0,nan,3781.32386,435654,16473488650.0,793441,3786.0,145,3785.0,619,3787.0,255,3784.0,306,3788.0,611,3783.0,387,3789.0,456,3782.0,710,3790.0,591,3781.0,447
1597988437108557056,1597988437000000000,2020-08-21 13:40:37.000000,3786.0,3800.0,3764.0,3765.0,nan,3781.325427,435800,16479016210.0,793308,3787.0,255,3786.0,289,3788.0,611,3785.0,620,3789.0,457,3784.0,306,3790.0,591,3783.0,387,3791.0,484,3782.0,710
1597988437615250944,1597988437500000000,2020-08-21 13:40:37.500000,3786.0,3800.0,3764.0,3765.0,nan,3781.325427,435800,16479016210.0,793308,3787.0,210,3786.0,303,3788.0,611,3785.0,619,3789.0,462,3784.0,311,3790.0,586,3783.0,387,3791.0,484,3782.0,710
1597988438146716928,1597988438000000000,2020-08-21 13:40:38.000000,3786.0,3800.0,3764.0,3765.0,nan,3781.325427,435800,16479016210.0,793308,3787.0,193,3786.0,303,3788.0,611,3785.0,619,3789.0,462,3784.0,311,3790.0,586,3783.0,387,3791.0,484,3782.0,710
1597988438613203968,1597988438500000000,2020-08-21 13:40:38.500000,3786.0,3800.0,3764.0,3765.0,nan,3781.325427,435800,16479016210.0,793308,3787.0,189,3786.0,303,3788.0,611,3785.0,619,3789.0,462,3784.0,311,3790.0,586,3783.0,587,3791.0,484,3782.0,710
1597988439136430080,1597988439000000000,2020-08-21 13:40:39.000000,3786.0,3800.0,3764.0,3765.0,nan,3781.325448,435802,16479091930.0,793306,3787.0,189,3786.0,301,3788.0,611,3785.0,619,3789.0,463,3784.0,311,3790.0,586,3783.0,588,3791.0,484,3782.0,710
1597988439621537024,1597988439500000000,2020-08-21 13:40:39.500000,3786.0,3800.0,3764.0,3765.0,nan,3781.325448,435802,16479091930.0,793306,3787.0,185,3786.0,301,3788.0,611,3785.0,619,3789.0,463,3784.0,311,3790.0,586,3783.0,588,3791.0,484,3782.0,710
1597988440632305920,1597988440500000000,2020-08-21 13:40:40.500000,3786.0,3800.0,3764.0,3765.0,nan,3781.325459,435803,16479129790.0,793305,3787.0,185,3786.0,300,3788.0,611,3785.0,623,3789.0,463,3784.0,311,3790.0,587,3783.0,588,3791.0,484,3782.0,710
1597988441623897088,1597988441500000000,2020-08-21 13:40:41.500000,3786.0,3800.0,3764.0,3765.0,nan,3781.325523,435809,16479356950.0,793305,3787.0,186,3786.0,294,3788.0,611,3785.0,623,3789.0,463,3784.0,311,3790.0,587,3783.0,588,3791.0,484,3782.0,710
1597988442143152128,1597988442000000000,2020-08-21 13:40:42.000000,3786.0,3800.0,3764.0,3765.0,nan,3781.325608,435816,16479622010.0,793305,3787.0,182,3786.0,291,3788.0,611,3785.0,622,3789.0,463,3784.0,311,3790.0,587,3783.0,588,3791.0,484,3782.0,710
1597988442616803072,1597988442500000000,2020-08-21 13:40:42.500000,3786.0,3800.0,3764.0,3765.0,nan,3781.325608,435816,16479622010.0,793305,3787.0,183,3786.0,292,3788.0,611,3785.0,622,3789.0,463,3784.0,311,3790.0,587,3783.0,588,3791.0,484,3782.0,710
1597988443635456000,1597988443500000000,2020-08-21 13:40:43.500000,3786.0,3800.0,3764.0,3765.0,nan,3781.325608,435816,16479622010.0,793305,3787.0,183,3786.0,293,3788.0,611,3785.0,622,3789.0,463,3784.0,311,3790.0,587,3783.0,588,3791.0,484,3782.0,710
1597988444155269888,1597988444000000000,2020-08-21 13:40:44.000000,3786.0,3800.0,3764.0,3765.0,nan,3781.325618,435817,16479659870.0,793305,3787.0,183,3786.0,292,3788.0,611,3785.0,622,3789.0,463,3784.0,311,3790.0,587,3783.0,588,3791.0,484,3782.0,710
1597988445132660992,1597988445000000000,2020-08-21 13:40:45.000000,3786.0,3800.0,3764.0,3765.0,nan,3781.325618,435817,16479659870.0,793305,3787.0,182,3786.0,292,3788.0,612,3785.0,622,3789.0,463,3784.0,311,3790.0,585,3783.0,588,3791.0,484,3782.0,710
1597988445615522048,1597988445500000000,2020-08-21 13:40:45.500000,3786.0,3800.0,3764.0,3765.0,nan,3781.325618,435817,16479659870.0,793305,3787.0,183,3786.0,294,3788.0,612,3785.0,622,3789.0,463,3784.0,311,3790.0,585,3783.0,588,3791.0,484,3782.0,709
1597988446604005120,1597988446500000000,2020-08-21 13:40:46.500000,3786.0,3800.0,3764.0,3765.0,nan,3781.32576,435830,16480152060.0,793306,3787.0,182,3786.0,282,3788.0,612,3785.0,622,3789.0,463,3784.0,311,3790.0,585,3783.0,588,3791.0,484,3782.0,709
1597988447108775936,1597988447000000000,2020-08-21 13:40:47.000000,3787.0,3800.0,3764.0,3765.0,nan,3781.325773,435831,16480189930.0,793307,3787.0,181,3786.0,283,3788.0,612,3785.0,622,3789.0,463,3784.0,311,3790.0,585,3783.0,588,3791.0,484,3782.0,709
1597988448117755904,1597988448000000000,2020-08-21 13:40:48.000000,3786.0,3800.0,3764.0,3765.0,nan,3781.325784,435832,16480227790.0,793306,3787.0,181,3786.0,282,3788.0,612,3785.0,622,3789.0,463,3784.0,311,3790.0,585,3783.0,588,3791.0,484,3782.0,709
1597988448633265920,1597988448500000000,2020-08-21 13:40:48.500000,3786.0,3800.0,3764.0,3765.0,nan,3781.325795,435833,16480265650.0,793306,3787.0,181,3786.0,281,3788.0,612,3785.0,622,3789.0,463,3784.0,311,3790.0,585,3783.0,588,3791.0,484,3782.0,709
1597988449613160960,1597988449500000000,2020-08-21 13:40:49.500000,3787.0,3800.0,3764.0,3765.0,nan,3781.326055,435853,16481023050.0,793320,3787.0,161,3786.0,281,3788.0,612,3785.0,622,3789.0,463,3784.0,311,3790.0,585,3783.0,588,3791.0,484,3782.0,709
1597988450115095040,1597988450000000000,2020-08-21 13:40:50.000000,3787.0,3800.0,3764.0,3765.0,nan,3781.326055,435853,16481023050.0,793320,3787.0,202,3786.0,289,3788.0,612,3785.0,622,3789.0,463,3784.0,311,3790.0,585,3783.0,588,3791.0,484,3782.0,709
1597988450599211008,1597988450500000000,2020-08-21 13:40:50.500000,3787.0,3800.0,3764.0,3765.0,nan,3781.326055,435853,16481023050.0,793320,3787.0,218,3786.0,289,3788.0,612,3785.0,622,3789.0,463,3784.0,311,3790.0,585,3783.0,588,3791.0,484,3782.0,709
1597988451609780992,1597988451500000000,2020-08-21 13:40:51.500000,3786.0,3800.0,3764.0,3765.0,nan,3781.326066,435854,16481060910.0,793320,3787.0,218,3786.0,288,3788.0,612,3785.0,619,3789.0,463,3784.0,310,3790.0,585,3783.0,588,3791.0,484,3782.0,709
1597988452619854080,1597988452500000000,2020-08-21 13:40:52.500000,3786.0,3800.0,3764.0,3765.0,nan,3781.32613,435860,16481288070.0,793314,3787.0,203,3786.0,282,3788.0,612,3785.0,619,3789.0,463,3784.0,310,3790.0,585,3783.0,588,3791.0,484,3782.0,709
1597988453144638976,1597988453000000000,2020-08-21 13:40:53.000000,3786.0,3800.0,3764.0,3765.0,nan,3781.32613,435860,16481288070.0,793314,3787.0,211,3786.0,282,3788.0,612,3785.0,619,3789.0,463,3784.0,310,3790.0,585,3783.0,588,3791.0,484,3782.0,709
1597988453631796992,1597988453500000000,2020-08-21 13:40:53.500000,3786.0,3800.0,3764.0,3765.0,nan,3781.32613,435860,16481288070.0,793314,3787.0,220,3786.0,274,3788.0,612,3785.0,619,3789.0,463,3784.0,310,3790.0,585,3783.0,588,3791.0,484,3782.0,709
1597988454122151936,1597988454000000000,2020-08-21 13:40:54.000000,3786.0,3800.0,3764.0,3765.0,nan,3781.326141,435861,16481325930.0,793314,3787.0,224,3786.0,273,3788.0,612,3785.0,619,3789.0,463,3784.0,310,3790.0,582,3783.0,588,3791.0,484,3782.0,709
1597988454630480896,1597988454500000000,2020-08-21 13:40:54.500000,3786.0,3800.0,3764.0,3765.0,nan,3781.326141,435861,16481325930.0,793314,3787.0,224,3786.0,278,3788.0,612,3785.0,619,3789.0,463,3784.0,310,3790.0,582,3783.0,588,3791.0,484,3782.0,709
1597988455133168128,1597988455000000000,2020-08-21 13:40:55.000000,3787.0,3800.0,3764.0,3765.0,nan,3781.326154,435862,16481363800.0,793313,3787.0,223,3786.0,278,3788.0,612,3785.0,619,3789.0,463,3784.0,310,3790.0,582,3783.0,588,3791.0,484,3782.0,709
1597988455612972032,1597988455500000000,2020-08-21 13:40:55.500000,3786.0,3800.0,3764.0,3765.0,nan,3781.326164,435863,16481401660.0,793312,3787.0,224,3786.0,278,3788.0,612,3785.0,619,3789.0,463,3784.0,310,3790.0,582,3783.0,588,3791.0,484,3782.0,709
1597988457121139968,1597988457000000000,2020-08-21 13:40:57.000000,3786.0,3800.0,3764.0,3765.0,nan,3781.326175,435864,16481439520.0,793312,3787.0,234,3786.0,277,3788.0,612,3785.0,619,3789.0,463,3784.0,310,3790.0,582,3783.0,588,3791.0,484,3782.0,709
1597988457600113920,1597988457500000000,2020-08-21 13:40:57.500000,3786.0,3800.0,3764.0,3765.0,nan,3781.326443,435889,16482386020.0,793312,3787.0,249,3786.0,252,3788.0,612,3785.0,619,3789.0,463,3784.0,310,3790.0,582,3783.0,588,3791.0,484,3782.0,709
1597988458109339904,1597988458000000000,2020-08-21 13:40:58.000000,3786.0,3800.0,3764.0,3765.0,nan,3781.326454,435890,16482423880.0,793311,3787.0,257,3786.0,251,3788.0,612,3785.0,619,3789.0,463,3784.0,310,3790.0,582,3783.0,588,3791.0,484,3782.0,709
1597988458611289088,1597988458500000000,2020-08-21 13:40:58.500000,3786.0,3800.0,3764.0,3765.0,nan,3781.326454,435890,16482423880.0,793311,3787.0,249,3786.0,251,3788.0,612,3785.0,619,3789.0,463,3784.0,310,3790.0,582,3783.0,588,3791.0,484,3782.0,709
1597988459616688896,1597988459500000000,2020-08-21 13:40:59.500000,3786.0,3800.0,3764.0,3765.0,nan,3781.326454,435890,16482423880.0,793311,3787.0,249,3786.0,251,3788.0,612,3785.0,619,3789.0,463,3784.0,310,3790.0,577,3783.0,588,3791.0,484,3782.0,709
1597988460132060928,1597988460000000000,2020-08-21 13:41:00.000000,3786.0,3800.0,3764.0,3765.0,nan,3781.326454,435890,16482423880.0,793311,3787.0,252,3786.0,251,3788.0,612,3785.0,619,3789.0,463,3784.0,310,3790.0,577,3783.0,588,3791.0,484,3782.0,709
1597988461108557056,1597988461000000000,2020-08-21 13:41:01.000000,3786.0,3800.0,3764.0,3765.0,nan,3781.326486,435893,16482537460.0,793308,3787.0,252,3786.0,248,3788.0,612,3785.0,619,3789.0,463,3784.0,310,3790.0,577,3783.0,588,3791.0,484,3782.0,709
1597988461621053952,1597988461500000000,2020-08-21 13:41:01.500000,3787.0,3800.0,3764.0,3765.0,nan,3781.327905,436004,16486740920.0,793323,3787.0,162,3786.0,237,3788.0,612,3785.0,619,3789.0,463,3784.0,310,3790.0,577,3783.0,588,3791.0,484,3782.0,714
1597988462162395904,1597988462000000000,2020-08-21 13:41:02.000000,3786.0,3800.0,3764.0,3765.0,nan,3781.327929,436006,16486816650.0,793323,3787.0,167,3786.0,244,3788.0,612,3785.0,619,3789.0,463,3784.0,310,3790.0,577,3783.0,588,3791.0,484,3782.0,714
1597988462608993024,1597988462500000000,2020-08-21 13:41:02.500000,3786.0,3800.0,3764.0,3765.0,nan,3781.327961,436009,16486930230.0,793321,3787.0,167,3786.0,241,3788.0,612,3785.0,619,3789.0,463,3784.0,310,3790.0,577,3783.0,588,3791.0,484,3782.0,714
1597988463125345024,1597988463000000000,2020-08-21 13:41:03.000000,3786.0,3800.0,3764.0,3765.0,nan,3781.327993,436012,16487043810.0,793321,3787.0,167,3786.0,238,3788.0,612,3785.0,619,3789.0,463,3784.0,310,3790.0,577,3783.0,588,3791.0,484,3782.0,714
