local_nano_time,quote_nano_time,datetime,last_price,highest,lowest,open,close,average,volume,amount,open_interest,ask_price1,ask_volume1,bid_price1,bid_volume1,ask_price2,ask_volume2,bid_price2,bid_volume2,ask_price3,ask_volume3,bid_price3,bid_volume3,ask_price4,ask_volume4,bid_price4,bid_volume4,ask_price5,ask_volume5,bid_price5,bid_volume5
1597988226230064896,1597988226727000064,2020-08-21 13:37:06.727000,1782.0,1843.0,1764.0,1840.0,nan,1796.0,1502856,53982587520.0,665510,1782.0,708,1781.0,231,nan,0,nan,0,nan,0,nan,0,nan,0,nan,0,nan,0,nan,0
1597988226685890048,1597988227224000000,2020-08-21 13:37:07.224000,1781.0,1843.0,1764.0,1840.0,nan,1796.0,1502869,53983054480.0,665510,1782.0,708,1781.0,202,nan,0,nan,0,nan,0,nan,0,nan,0,nan,0,nan,0,nan,0
1597988227191868928,1597988227728000000,2020-08-21 13:37:07.728000,1781.0,1843.0,1764.0,1840.0,nan,1796.0,1502871,53983126320.0,665510,1782.0,706,1781.0,220,nan,0,nan,0,nan,0,nan,0,nan,0,nan,0,nan,0,nan,0
1597988227691150080,1597988228239000064,2020-08-21 13:37:08.239000,1782.0,1843.0,1764.0,1840.0,nan,1796.0,1503070,53990274400.0,665409,1782.0,552,1781.0,238,nan,0,nan,0,nan,0,nan,0,nan,0,nan,0,nan,0,nan,0
1597988228189370880,1597988228728000000,2020-08-21 13:37:08.728000,1782.0,1843.0,1764.0,1840.0,nan,1796.0,1503080,53990633600.0,665409,1782.0,544,1781.0,250,nan,0,nan,0,nan,0,nan,0,nan,0,nan,0,nan,0,nan,0
1597988228689331968,1597988229198999808,2020-08-21 13:37:09.199000,1782.0,1843.0,1764.0,1840.0,nan,1796.0,1503091,53991028720.0,665408,1782.0,563,1781.0,241,nan,0,nan,0,nan,0,nan,0,nan,0,nan,0,nan,0,nan,0
1597988229191316992,1597988229670000128,2020-08-21 13:37:09.670000,1782.0,1843.0,1764.0,1840.0,nan,1796.0,1503091,53991028720.0,665408,1782.0,568,1781.0,233,nan,0,nan,0,nan,0,nan,0,nan,0,nan,0,nan,0,nan,0
1597988229695024128,1597988230227000064,2020-08-21 13:37:10.227000,1781.0,1843.0,1764.0,1840.0,nan,1796.0,1503097,53991244240.0,665403,1782.0,563,1781.0,236,nan,0,nan,0,nan,0,nan,0,nan,0,nan,0,nan,0,nan,0
1597988230247991040,1597988230713999872,2020-08-21 13:37:10.714000,1782.0,1843.0,1764.0,1840.0,nan,1796.0,1503104,53991495680.0,665399,1782.0,580,1781.0,232,nan,0,nan,0,nan,0,nan,0,nan,0,nan,0,nan,0,nan,0
1597988230696896000,1597988231226000128,2020-08-21 13:37:11.226000,1781.0,1843.0,1764.0,1840.0,nan,1796.0,1503140,53992788800.0,665396,1782.0,581,1781.0,205,nan,0,nan,0,nan,0,nan,0,nan,0,nan,0,nan,0,nan,0
1597988231193348096,1597988231734999808,2020-08-21 13:37:11.735000,1782.0,1843.0,1764.0,1840.0,nan,1796.0,1503141,53992824720.0,665395,1782.0,617,1781.0,242,nan,0,nan,0,nan,0,nan,0,nan,0,nan,0,nan,0,nan,0
1597988231697391104,1597988232226000128,2020-08-21 13:37:12.226000,1782.0,1843.0,1764.0,1840.0,nan,1796.0,1503141,53992824720.0,665395,1782.0,619,1781.0,242,nan,0,nan,0,nan,0,nan,0,nan,0,nan,0,nan,0,nan,0
1597988232201714944,1597988232742000128,2020-08-21 13:37:12.742000,1781.0,1843.0,1764.0,1840.0,nan,1796.0,1503148,53993076160.0,665393,1782.0,619,1781.0,251,nan,0,nan,0,nan,0,nan,0,nan,0,nan,0,nan,0,nan,0
1597988232690925056,1597988233224999936,2020-08-21 13:37:13.225000,1782.0,1843.0,1764.0,1840.0,nan,1796.0,1503151,53993183920.0,665394,1782.0,617,1781.0,251,nan,0,nan,0,nan,0,nan,0,nan,0,nan,0,nan,0,nan,0
1597988233190424064,1597988233696999936,2020-08-21 13:37:13.697000,1782.0,1843.0,1764.0,1840.0,nan,1796.0,1503155,53993327600.0,665394,1782.0,614,1781.0,272,nan,0,nan,0,nan,0,nan,0,nan,0,nan,0,nan,0,nan,0
1597988233698298880,1597988234216000000,2020-08-21 13:37:14.216000,1781.0,1843.0,1764.0,1840.0,nan,1796.0,1503163,53993614960.0,665390,1782.0,608,1781.0,271,nan,0,nan,0,nan,0,nan,0,nan,0,nan,0,nan,0,nan,0
1597988234191540992,1597988234720999936,2020-08-21 13:37:14.721000,1781.0,1843.0,1764.0,1840.0,nan,1796.0,1503214,53995446880.0,665413,1782.0,614,1781.0,227,nan,0,nan,0,nan,0,nan,0,nan,0,nan,0,nan,0,nan,0
1597988234698512896,1597988235193000192,2020-08-21 13:37:15.193000,1782.0,1843.0,1764.0,1840.0,nan,1796.0,1503222,53995734240.0,665413,1782.0,609,1781.0,227,nan,0,nan,0,nan,0,nan,0,nan,0,nan,0,nan,0,nan,0
1597988235201016064,1597988235608000000,2020-08-21 13:37:15.608000,1782.0,1843.0,1764.0,1840.0,nan,1796.0,1503223,53995770160.0,665412,1782.0,610,1781.0,228,nan,0,nan,0,nan,0,nan,0,nan,0,nan,0,nan,0,nan,0
1597988235862584064,1597988236221999872,2020-08-21 13:37:16.222000,1781.0,1843.0,1764.0,1840.0,nan,1796.0,1503224,53995806080.0,665412,1782.0,611,1781.0,228,nan,0,nan,0,nan,0,nan,0,nan,0,nan,0,nan,0,nan,0
1597988236218372096,1597988236734999808,2020-08-21 13:37:16.735000,1781.0,1843.0,1764.0,1840.0,nan,1796.0,1503398,54002056160.0,665356,1782.0,610,1781.0,64,nan,0,nan,0,nan,0,nan,0,nan,0,nan,0,nan,0,nan,0
1597988236694479872,1597988237232000000,2020-08-21 13:37:17.232000,1782.0,1843.0,1764.0,1840.0,nan,1796.0,1503489,54005324880.0,665412,1781.0,1,1780.0,705,nan,0,nan,0,nan,0,nan,0,nan,0,nan,0,nan,0,nan,0
1597988237203013120,1597988237740000000,2020-08-21 13:37:17.740000,1781.0,1843.0,1764.0,1840.0,nan,1796.0,1503493,54005468560.0,665411,1781.0,48,1780.0,706,nan,0,nan,0,nan,0,nan,0,nan,0,nan,0,nan,0,nan,0
1597988237702053888,1597988238211000064,2020-08-21 13:37:18.211000,1780.0,1843.0,1764.0,1840.0,nan,1796.0,1503511,54006115120.0,665427,1781.0,111,1780.0,696,nan,0,nan,0,nan,0,nan,0,nan,0,nan,0,nan,0,nan,0
1597988238213721088,1597988238712000000,2020-08-21 13:37:18.712000,1781.0,1843.0,1764.0,1840.0,nan,1796.0,1503534,54006941280.0,665423,1781.0,104,1780.0,691,nan,0,nan,0,nan,0,nan,0,nan,0,nan,0,nan,0,nan,0
1597988238697081088,1597988239240999936,2020-08-21 13:37:19.241000,1781.0,1843.0,1764.0,1840.0,nan,1796.0,1503614,54009814880.0,665487,1781.0,70,1780.0,637,nan,0,nan,0,nan,0,nan,0,nan,0,nan,0,nan,0,nan,0
1597988239187324928,1597988239690000128,2020-08-21 13:37:19.690000,1781.0,1843.0,1764.0,1840.0,nan,1796.0,1503622,54010102240.0,665486,1781.0,58,1780.0,639,nan,0,nan,0,nan,0,nan,0,nan,0,nan,0,nan,0,nan,0
1597988239693453056,1597988240232999936,2020-08-21 13:37:20.233000,1781.0,1843.0,1764.0,1840.0,nan,1796.0,1503627,54010281840.0,665485,1781.0,57,1780.0,635,nan,0,nan,0,nan,0,nan,0,nan,0,nan,0,nan,0,nan,0
1597988240203811072,1597988240720999936,2020-08-21 13:37:20.721000,1781.0,1843.0,1764.0,1840.0,nan,1796.0,1503627,54010281840.0,665485,1781.0,89,1780.0,639,nan,0,nan,0,nan,0,nan,0,nan,0,nan,0,nan,0,nan,0
1597988240696239104,1597988241204000000,2020-08-21 13:37:21.204000,1781.0,1843.0,1764.0,1840.0,nan,1796.0,1503631,54010425520.0,665486,1781.0,113,1780.0,629,nan,0,nan,0,nan,0,nan,0,nan,0,nan,0,nan,0,nan,0
1597988241194274048,1597988241731000064,2020-08-21 13:37:21.731000,1781.0,1843.0,1764.0,1840.0,nan,1796.0,1503631,54010425520.0,665486,1781.0,179,1780.0,631,nan,0,nan,0,nan,0,nan,0,nan,0,nan,0,nan,0,nan,0
1597988241697946112,1597988242229000192,2020-08-21 13:37:22.229000,1781.0,1843.0,1764.0,1840.0,nan,1796.0,1503638,54010676960.0,665484,1781.0,220,1780.0,629,nan,0,nan,0,nan,0,nan,0,nan,0,nan,0,nan,0,nan,0
1597988242192566016,1597988242733999872,2020-08-21 13:37:22.734000,1781.0,1843.0,1764.0,1840.0,nan,1796.0,1503639,54010712880.0,665484,1781.0,245,1780.0,631,nan,0,nan,0,nan,0,nan,0,nan,0,nan,0,nan,0,nan,0
1597988242705264128,1597988243240000000,2020-08-21 13:37:23.240000,1781.0,1843.0,1764.0,1840.0,nan,1796.0,1503644,54010892480.0,665484,1781.0,251,1780.0,632,nan,0,nan,0,nan,0,nan,0,nan,0,nan,0,nan,0,nan,0
1597988243193171968,1597988243736999936,2020-08-21 13:37:23.737000,1781.0,1843.0,1764.0,1840.0,nan,1796.0,1503646,54010964320.0,665484,1781.0,255,1780.0,640,nan,0,nan,0,nan,0,nan,0,nan,0,nan,0,nan,0,nan,0
1597988243694866944,1597988244160000000,2020-08-21 13:37:24.160000,1781.0,1843.0,1764.0,1840.0,nan,1796.0,1503650,54011108000.0,665481,1781.0,257,1780.0,642,nan,0,nan,0,nan,0,nan,0,nan,0,nan,0,nan,0,nan,0
1597988244203937024,1597988244698999808,2020-08-21 13:37:24.699000,1780.0,1843.0,1764.0,1840.0,nan,1796.0,1503662,54011539040.0,665482,1781.0,266,1780.0,631,nan,0,nan,0,nan,0,nan,0,nan,0,nan,0,nan,0,nan,0
1597988244700643072,1597988245219000064,2020-08-21 13:37:25.219000,1781.0,1843.0,1764.0,1840.0,nan,1796.0,1503679,54012149680.0,665473,1781.0,264,1780.0,616,nan,0,nan,0,nan,0,nan,0,nan,0,nan,0,nan,0,nan,0
1597988245206372096,1597988245700000000,2020-08-21 13:37:25.700000,1780.0,1843.0,1764.0,1840.0,nan,1796.0,1503705,54013083600.0,665475,1781.0,334,1780.0,592,nan,0,nan,0,nan,0,nan,0,nan,0,nan,0,nan,0,nan,0
1597988245701872896,1597988246232999936,2020-08-21 13:37:26.233000,1780.0,1843.0,1764.0,1840.0,nan,1796.0,1503709,54013227280.0,665475,1781.0,339,1780.0,591,nan,0,nan,0,nan,0,nan,0,nan,0,nan,0,nan,0,nan,0
1597988246207305984,1597988246723000064,2020-08-21 13:37:26.723000,1781.0,1843.0,1764.0,1840.0,nan,1796.0,1503714,54013406880.0,665470,1781.0,337,1780.0,593,nan,0,nan,0,nan,0,nan,0,nan,0,nan,0,nan,0,nan,0
1597988246721165056,1597988247234999808,2020-08-21 13:37:27.235000,1781.0,1843.0,1764.0,1840.0,nan,1796.0,1503725,54013802000.0,665460,1781.0,327,1780.0,593,nan,0,nan,0,nan,0,nan,0,nan,0,nan,0,nan,0,nan,0
1597988247196916992,1597988247742000128,2020-08-21 13:37:27.742000,1780.0,1843.0,1764.0,1840.0,nan,1796.0,1503727,54013873840.0,665460,1781.0,330,1780.0,588,nan,0,nan,0,nan,0,nan,0,nan,0,nan,0,nan,0,nan,0
1597988247701061888,1597988248221999872,2020-08-21 13:37:28.222000,1781.0,1843.0,1764.0,1840.0,nan,1796.0,1503728,54013909760.0,665459,1781.0,387,1780.0,601,nan,0,nan,0,nan,0,nan,0,nan,0,nan,0,nan,0,nan,0
1597988248251008000,1597988248727000064,2020-08-21 13:37:28.727000,1780.0,1843.0,1764.0,1840.0,nan,1796.0,1503730,54013981600.0,665459,1781.0,459,1780.0,601,nan,0,nan,0,nan,0,nan,0,nan,0,nan,0,nan,0,nan,0
1597988248699120896,1597988249240000000,2020-08-21 13:37:29.240000,1780.0,1843.0,1764.0,1840.0,nan,1796.0,1503732,54014053440.0,665461,1781.0,460,1780.0,602,nan,0,nan,0,nan,0,nan,0,nan,0,nan,0,nan,0,nan,0
1597988249349469952,1597988249731000064,2020-08-21 13:37:29.731000,1781.0,1843.0,1764.0,1840.0,nan,1796.0,1503734,54014125280.0,665461,1781.0,461,1780.0,601,nan,0,nan,0,nan,0,nan,0,nan,0,nan,0,nan,0,nan,0
1597988249705804032,1597988250240000000,2020-08-21 13:37:30.240000,1781.0,1843.0,1764.0,1840.0,nan,1796.0,1503738,54014268960.0,665462,1781.0,582,1780.0,611,nan,0,nan,0,nan,0,nan,0,nan,0,nan,0,nan,0,nan,0
1597988250217186048,1597988250739000064,2020-08-21 13:37:30.739000,1781.0,1843.0,1764.0,1840.0,nan,1796.0,1503744,54014484480.0,665462,1781.0,578,1780.0,567,nan,0,nan,0,nan,0,nan,0,nan,0,nan,0,nan,0,nan,0
1597988250712581888,1597988251240000000,2020-08-21 13:37:31.240000,1781.0,1843.0,1764.0,1840.0,nan,1796.0,1503746,54014556320.0,665462,1781.0,576,1780.0,567,nan,0,nan,0,nan,0,nan,0,nan,0,nan,0,nan,0,nan,0
1597988251203600896,1597988251737999872,2020-08-21 13:37:31.738000,1780.0,1843.0,1764.0,1840.0,nan,1796.0,1503769,54015382480.0,665463,1781.0,579,1780.0,483,nan,0,nan,0,nan,0,nan,0,nan,0,nan,0,nan,0,nan,0
1597988251706316032,1597988252190000128,2020-08-21 13:37:32.190000,1780.0,1843.0,1764.0,1840.0,nan,1796.0,1503803,54016603760.0,665496,1781.0,559,1780.0,427,nan,0,nan,0,nan,0,nan,0,nan,0,nan,0,nan,0,nan,0
1597988252204854016,1597988252742000128,2020-08-21 13:37:32.742000,1781.0,1843.0,1764.0,1840.0,nan,1796.0,1503805,54016675600.0,665496,1781.0,569,1780.0,428,nan,0,nan,0,nan,0,nan,0,nan,0,nan,0,nan,0,nan,0
1597988252692837120,1597988253240000000,2020-08-21 13:37:33.240000,1781.0,1843.0,1764.0,1840.0,nan,1796.0,1503825,54017394000.0,665516,1781.0,569,1780.0,427,nan,0,nan,0,nan,0,nan,0,nan,0,nan,0,nan,0,nan,0
1597988253206872064,1597988253730000128,2020-08-21 13:37:33.730000,1781.0,1843.0,1764.0,1840.0,nan,1796.0,1503827,54017465840.0,665516,1781.0,568,1780.0,435,nan,0,nan,0,nan,0,nan,0,nan,0,nan,0,nan,0,nan,0
1597988253704485888,1597988254240999936,2020-08-21 13:37:34.241000,1780.0,1843.0,1764.0,1840.0,nan,1796.0,1503832,54017645440.0,665514,1781.0,568,1780.0,466,nan,0,nan,0,nan,0,nan,0,nan,0,nan,0,nan,0,nan,0
1597988254209479936,1597988254739000064,2020-08-21 13:37:34.739000,1780.0,1843.0,1764.0,1840.0,nan,1796.0,1503832,54017645440.0,665514,1781.0,569,1780.0,480,nan,0,nan,0,nan,0,nan,0,nan,0,nan,0,nan,0,nan,0
1597988254748816896,1597988255228000000,2020-08-21 13:37:35.228000,1780.0,1843.0,1764.0,1840.0,nan,1796.0,1503855,54018471600.0,665530,1781.0,580,1780.0,478,nan,0,nan,0,nan,0,nan,0,nan,0,nan,0,nan,0,nan,0
1597988255208112128,1597988255737999872,2020-08-21 13:37:35.738000,1780.0,1843.0,1764.0,1840.0,nan,1796.0,1503855,54018471600.0,665530,1781.0,582,1780.0,479,nan,0,nan,0,nan,0,nan,0,nan,0,nan,0,nan,0,nan,0
1597988255704722944,1597988256232999936,2020-08-21 13:37:36.233000,1780.0,1843.0,1764.0,1840.0,nan,1796.0,1503855,54018471600.0,665530,1781.0,582,1780.0,481,nan,0,nan,0,nan,0,nan,0,nan,0,nan,0,nan,0,nan,0
1597988256213263872,1597988256740999936,2020-08-21 13:37:36.741000,1780.0,1843.0,1764.0,1840.0,nan,1796.0,1503873,54019118160.0,665535,1781.0,585,1780.0,463,nan,0,nan,0,nan,0,nan,0,nan,0,nan,0,nan,0,nan,0
1597988256704722944,1597988257223000064,2020-08-21 13:37:37.223000,1780.0,1843.0,1764.0,1840.0,nan,1796.0,1503874,54019154080.0,665536,1781.0,593,1780.0,462,nan,0,nan,0,nan,0,nan,0,nan,0,nan,0,nan,0,nan,0
1597988257208876032,1597988257727000064,2020-08-21 13:37:37.727000,1781.0,1843.0,1764.0,1840.0,nan,1796.0,1503876,54019225920.0,665536,1781.0,598,1780.0,461,nan,0,nan,0,nan,0,nan,0,nan,0,nan,0,nan,0,nan,0
1597988257704579072,1597988258237999872,2020-08-21 13:37:38.238000,1780.0,1843.0,1764.0,1840.0,nan,1796.0,1503883,54019477360.0,665538,1781.0,600,1780.0,474,nan,0,nan,0,nan,0,nan,0,nan,0,nan,0,nan,0,nan,0
1597988258220608000,1597988258734999808,2020-08-21 13:37:38.735000,1780.0,1843.0,1764.0,1840.0,nan,1796.0,1503885,54019549200.0,665537,1781.0,599,1780.0,485,nan,0,nan,0,nan,0,nan,0,nan,0,nan,0,nan,0,nan,0
1597988258710052096,1597988259240000000,2020-08-21 13:37:39.240000,1780.0,1843.0,1764.0,1840.0,nan,1796.0,1503888,54019656960.0,665536,1781.0,606,1780.0,521,nan,0,nan,0,nan,0,nan,0,nan,0,nan,0,nan,0,nan,0
1597988259205940992,1597988259724000000,2020-08-21 13:37:39.724000,1780.0,1843.0,1764.0,1840.0,nan,1796.0,1503890,54019728800.0,665536,1781.0,615,1780.0,521,nan,0,nan,0,nan,0,nan,0,nan,0,nan,0,nan,0,nan,0
1597988259717828096,1597988260211000064,2020-08-21 13:37:40.211000,1780.0,1843.0,1764.0,1840.0,nan,1796.0,1503892,54019800640.0,665536,1781.0,622,1780.0,523,nan,0,nan,0,nan,0,nan,0,nan,0,nan,0,nan,0,nan,0
1597988260217329920,1597988260736999936,2020-08-21 13:37:40.737000,1780.0,1843.0,1764.0,1840.0,nan,1796.0,1503894,54019872480.0,665538,1781.0,628,1780.0,523,nan,0,nan,0,nan,0,nan,0,nan,0,nan,0,nan,0,nan,0
1597988260721943040,1597988261242000128,2020-08-21 13:37:41.242000,1780.0,1843.0,1764.0,1840.0,nan,1796.0,1503895,54019908400.0,665539,1781.0,633,1780.0,582,nan,0,nan,0,nan,0,nan,0,nan,0,nan,0,nan,0,nan,0
1597988261197974016,1597988261736000000,2020-08-21 13:37:41.736000,1780.0,1843.0,1764.0,1840.0,nan,1796.0,1503896,54019944320.0,665540,1781.0,638,1780.0,582,nan,0,nan,0,nan,0,nan,0,nan,0,nan,0,nan,0,nan,0
1597988261700854016,1597988262239000064,2020-08-21 13:37:42.239000,1780.0,1843.0,1764.0,1840.0,nan,1796.0,1503897,54019980240.0,665541,1781.0,660,1780.0,585,nan,0,nan,0,nan,0,nan,0,nan,0,nan,0,nan,0,nan,0
1597988262199931904,1597988262742000128,2020-08-21 13:37:42.742000,1780.0,1843.0,1764.0,1840.0,nan,1796.0,1503909,54020411280.0,665551,1781.0,670,1780.0,573,nan,0,nan,0,nan,0,nan,0,nan,0,nan,0,nan,0,nan,0
1597988262706010880,1597988263232999936,2020-08-21 13:37:43.233000,1780.0,1843.0,1764.0,1840.0,nan,1796.0,1503910,54020447200.0,665552,1781.0,670,1780.0,575,nan,0,nan,0,nan,0,nan,0,nan,0,nan,0,nan,0,nan,0
1597988263202373888,1597988263740999936,2020-08-21 13:37:43.741000,1781.0,1843.0,1764.0,1840.0,nan,1796.0,1503913,54020554960.0,665552,1781.0,669,1780.0,577,nan,0,nan,0,nan,0,nan,0,nan,0,nan,0,nan,0,nan,0
1597988263700918016,1597988264236999936,2020-08-21 13:37:44.237000,1780.0,1843.0,1764.0,1840.0,nan,1796.0,1504012,54024111040.0,665505,1781.0,669,1780.0,479,nan,0,nan,0,nan,0,nan,0,nan,0,nan,0,nan,0,nan,0
1597988264216673024,1597988264740999936,2020-08-21 13:37:44.741000,1780.0,1843.0,1764.0,1840.0,nan,1796.0,1504013,54024146960.0,665505,1781.0,679,1780.0,480,nan,0,nan,0,nan,0,nan,0,nan,0,nan,0,nan,0,nan,0
1597988264703969024,1597988265232000000,2020-08-21 13:37:45.232000,1780.0,1843.0,1764.0,1840.0,nan,1796.0,1504037,54025009040.0,665483,1781.0,669,1780.0,456,nan,0,nan,0,nan,0,nan,0,nan,0,nan,0,nan,0,nan,0
1597988265209185024,1597988265709000192,2020-08-21 13:37:45.709000,1780.0,1843.0,1764.0,1840.0,nan,1796.0,1504349,54036216080.0,665418,1781.0,670,1780.0,144,nan,0,nan,0,nan,0,nan,0,nan,0,nan,0,nan,0,nan,0
1597988265704911104,1597988266236000000,2020-08-21 13:37:46.236000,1780.0,1843.0,1764.0,1840.0,nan,1796.0,1504511,54042035120.0,665499,1780.0,67,1779.0,548,nan,0,nan,0,nan,0,nan,0,nan,0,nan,0,nan,0,nan,0
1597988266202724096,1597988266729000192,2020-08-21 13:37:46.729000,1780.0,1843.0,1764.0,1840.0,nan,1796.0,1504511,54042035120.0,665499,1780.0,220,1779.0,534,nan,0,nan,0,nan,0,nan,0,nan,0,nan,0,nan,0,nan,0
1597988266704335872,1597988267224000000,2020-08-21 13:37:47.224000,1780.0,1843.0,1764.0,1840.0,nan,1796.0,1504516,54042214720.0,665504,1780.0,265,1779.0,534,nan,0,nan,0,nan,0,nan,0,nan,0,nan,0,nan,0,nan,0
1597988267210940928,1597988267736999936,2020-08-21 13:37:47.737000,1780.0,1843.0,1764.0,1840.0,nan,1796.0,1504591,54044908720.0,665454,1780.0,224,1779.0,501,nan,0,nan,0,nan,0,nan,0,nan,0,nan,0,nan,0,nan,0
1597988267713263104,1597988268177999872,2020-08-21 13:37:48.178000,1780.0,1843.0,1764.0,1840.0,nan,1796.0,1504594,54045016480.0,665456,1780.0,234,1779.0,502,nan,0,nan,0,nan,0,nan,0,nan,0,nan,0,nan,0,nan,0
1597988268207755008,1597988268732999936,2020-08-21 13:37:48.733000,1780.0,1843.0,1764.0,1840.0,nan,1796.0,1504607,54045483440.0,665466,1780.0,224,1779.0,528,nan,0,nan,0,nan,0,nan,0,nan,0,nan,0,nan,0,nan,0
1597988268711262976,1597988269240000000,2020-08-21 13:37:49.240000,1780.0,1843.0,1764.0,1840.0,nan,1796.0,1504609,54045555280.0,665468,1780.0,224,1779.0,528,nan,0,nan,0,nan,0,nan,0,nan,0,nan,0,nan,0,nan,0
1597988269206160896,1597988269740000000,2020-08-21 13:37:49.740000,1780.0,1843.0,1764.0,1840.0,nan,1796.0,1504616,54045806720.0,665463,1780.0,242,1779.0,524,nan,0,nan,0,nan,0,nan,0,nan,0,nan,0,nan,0,nan,0
1597988269727899904,1597988270220000000,2020-08-21 13:37:50.220000,1780.0,1843.0,1764.0,1840.0,nan,1796.0,1504619,54045914480.0,665466,1780.0,244,1779.0,524,nan,0,nan,0,nan,0,nan,0,nan,0,nan,0,nan,0,nan,0
1597988270208467968,1597988270731000064,2020-08-21 13:37:50.731000,1780.0,1843.0,1764.0,1840.0,nan,1796.0,1504619,54045914480.0,665466,1780.0,246,1779.0,524,nan,0,nan,0,nan,0,nan,0,nan,0,nan,0,nan,0,nan,0
1597988270711429888,1597988271228000000,2020-08-21 13:37:51.228000,1780.0,1843.0,1764.0,1840.0,nan,1796.0,1504620,54045950400.0,665466,1780.0,253,1779.0,529,nan,0,nan,0,nan,0,nan,0,nan,0,nan,0,nan,0,nan,0
1597988271208609024,1597988271740000000,2020-08-21 13:37:51.740000,1780.0,1843.0,1764.0,1840.0,nan,1796.0,1504623,54046058160.0,665469,1780.0,252,1779.0,530,nan,0,nan,0,nan,0,nan,0,nan,0,nan,0,nan,0,nan,0
1597988271710406912,1597988272233999872,2020-08-21 13:37:52.234000,1780.0,1843.0,1764.0,1840.0,nan,1796.0,1504633,54046417360.0,665479,1780.0,243,1779.0,531,nan,0,nan,0,nan,0,nan,0,nan,0,nan,0,nan,0,nan,0
1597988272207280128,1597988272740000000,2020-08-21 13:37:52.740000,1780.0,1843.0,1764.0,1840.0,nan,1796.0,1504665,54047566800.0,665476,1780.0,213,1779.0,531,nan,0,nan,0,nan,0,nan,0,nan,0,nan,0,nan,0,nan,0
1597988272726086912,1597988273233999872,2020-08-21 13:37:53.234000,1780.0,1843.0,1764.0,1840.0,nan,1796.0,1504668,54047674560.0,665479,1780.0,211,1779.0,535,nan,0,nan,0,nan,0,nan,0,nan,0,nan,0,nan,0,nan,0
1597988273208465920,1597988273732000000,2020-08-21 13:37:53.732000,1780.0,1843.0,1764.0,1840.0,nan,1796.0,1504881,54055325520.0,665446,1781.0,795,1780.0,102,nan,0,nan,0,nan,0,nan,0,nan,0,nan,0,nan,0,nan,0
1597988273711262976,1597988274236000000,2020-08-21 13:37:54.236000,1780.0,1843.0,1764.0,1840.0,nan,1796.0,1504894,54055792480.0,665447,1781.0,780,1780.0,252,nan,0,nan,0,nan,0,nan,0,nan,0,nan,0,nan,0,nan,0
1597988274210793984,1597988274724999936,2020-08-21 13:37:54.725000,1780.0,1843.0,1764.0,1840.0,nan,1796.0,1504895,54055828400.0,665448,1781.0,781,1780.0,350,nan,0,nan,0,nan,0,nan,0,nan,0,nan,0,nan,0,nan,0
1597988274710452992,1597988275239000064,2020-08-21 13:37:55.239000,1780.0,1843.0,1764.0,1840.0,nan,1796.0,1504899,54055972080.0,665452,1781.0,782,1780.0,388,nan,0,nan,0,nan,0,nan,0,nan,0,nan,0,nan,0,nan,0
1597988275217042944,1597988275727000064,2020-08-21 13:37:55.727000,1780.0,1843.0,1764.0,1840.0,nan,1796.0,1504900,54056008000.0,665453,1781.0,782,1780.0,320,nan,0,nan,0,nan,0,nan,0,nan,0,nan,0,nan,0,nan,0
1597988275711831040,1597988276240999936,2020-08-21 13:37:56.241000,1780.0,1843.0,1764.0,1840.0,nan,1796.0,1504906,54056223520.0,665459,1781.0,807,1780.0,315,nan,0,nan,0,nan,0,nan,0,nan,0,nan,0,nan,0,nan,0
1597988276216925952,1597988276736999936,2020-08-21 13:37:56.737000,1780.0,1843.0,1764.0,1840.0,nan,1796.0,1505015,54060138800.0,665404,1781.0,791,1780.0,206,nan,0,nan,0,nan,0,nan,0,nan,0,nan,0,nan,0,nan,0
1597988276807118080,1597988277226000128,2020-08-21 13:37:57.226000,1780.0,1843.0,1764.0,1840.0,nan,1796.0,1505021,54060354320.0,665399,1781.0,790,1780.0,202,nan,0,nan,0,nan,0,nan,0,nan,0,nan,0,nan,0,nan,0
1597988277270545920,1597988277706000128,2020-08-21 13:37:57.706000,1780.0,1843.0,1764.0,1840.0,nan,1796.0,1505030,54060677600.0,665394,1781.0,790,1780.0,194,nan,0,nan,0,nan,0,nan,0,nan,0,nan,0,nan,0,nan,0
1597988277719994880,1597988278236999936,2020-08-21 13:37:58.237000,1780.0,1843.0,1764.0,1840.0,nan,1796.0,1505032,54060749440.0,665393,1781.0,792,1780.0,200,nan,0,nan,0,nan,0,nan,0,nan,0,nan,0,nan,0,nan,0
1597988278217619968,1597988278736000000,2020-08-21 13:37:58.736000,1781.0,1843.0,1764.0,1840.0,nan,1796.0,1505033,54060785360.0,665393,1781.0,794,1780.0,200,nan,0,nan,0,nan,0,nan,0,nan,0,nan,0,nan,0,nan,0
1597988278718682112,1597988279236000000,2020-08-21 13:37:59.236000,1780.0,1843.0,1764.0,1840.0,nan,1796.0,1505037,54060929040.0,665393,1781.0,795,1780.0,196,nan,0,nan,0,nan,0,nan,0,nan,0,nan,0,nan,0,nan,0
1597988279216690944,1597988279720000000,2020-08-21 13:37:59.720000,1780.0,1843.0,1764.0,1840.0,nan,1796.0,1505037,54060929040.0,665393,1781.0,796,1780.0,198,nan,0,nan,0,nan,0,nan,0,nan,0,nan,0,nan,0,nan,0
1597988279715915008,1597988280161999872,2020-08-21 13:38:00.162000,1780.0,1843.0,1764.0,1840.0,nan,1796.0,1505044,54061180480.0,665393,1781.0,814,1780.0,266,nan,0,nan,0,nan,0,nan,0,nan,0,nan,0,nan,0,nan,0
1597988280226426112,1597988280742000128,2020-08-21 13:38:00.742000,1781.0,1843.0,1764.0,1840.0,nan,1796.0,1505045,54061216400.0,665393,1781.0,816,1780.0,266,nan,0,nan,0,nan,0,nan,0,nan,0,nan,0,nan,0,nan,0
1597988280715644928,1597988281236999936,2020-08-21 13:38:01.237000,1780.0,1843.0,1764.0,1840.0,nan,1796.0,1505058,54061683360.0,665393,1781.0,804,1780.0,261,nan,0,nan,0,nan,0,nan,0,nan,0,nan,0,nan,0,nan,0
1597988281210983936,1597988281742000128,2020-08-21 13:38:01.742000,1780.0,1843.0,1764.0,1840.0,nan,1796.0,1505061,54061791120.0,665390,1781.0,811,1780.0,262,nan,0,nan,0,nan,0,nan,0,nan,0,nan,0,nan,0,nan,0
1597988281718657024,1597988282193000192,2020-08-21 13:38:02.193000,1780.0,1843.0,1764.0,1840.0,nan,1796.0,1505066,54061970720.0,665390,1781.0,811,1780.0,262,nan,0,nan,0,nan,0,nan,0,nan,0,nan,0,nan,0,nan,0
1597988282217632000,1597988282712999936,2020-08-21 13:38:02.713000,1780.0,1843.0,1764.0,1840.0,nan,1796.0,1505066,54061970720.0,665390,1781.0,824,1780.0,324,nan,0,nan,0,nan,0,nan,0,nan,0,nan,0,nan,0,nan,0
1597988282719814912,1597988283233999872,2020-08-21 13:38:03.234000,1780.0,1843.0,1764.0,1840.0,nan,1796.0,1505070,54062114400.0,665388,1781.0,824,1780.0,335,nan,0,nan,0,nan,0,nan,0,nan,0,nan,0,nan,0,nan,0
1597988283213684992,1597988283733999872,2020-08-21 13:38:03.734000,1780.0,1843.0,1764.0,1840.0,nan,1796.0,1505070,54062114400.0,665388,1781.0,825,1780.0,336,nan,0,nan,0,nan,0,nan,0,nan,0,nan,0,nan,0,nan,0
1597988283716502016,1597988284237999872,2020-08-21 13:38:04.238000,1780.0,1843.0,1764.0,1840.0,nan,1796.0,1505072,54062186240.0,665387,1781.0,825,1780.0,337,nan,0,nan,0,nan,0,nan,0,nan,0,nan,0,nan,0,nan,0
1597988284212931072,1597988284706000128,2020-08-21 13:38:04.706000,1781.0,1843.0,1764.0,1840.0,nan,1796.0,1505076,54062329920.0,665387,1781.0,922,1780.0,339,nan,0,nan,0,nan,0,nan,0,nan,0,nan,0,nan,0,nan,0
1597988284715287040,1597988285234999808,2020-08-21 13:38:05.235000,1780.0,1843.0,1764.0,1840.0,nan,1796.0,1505086,54062689120.0,665393,1781.0,923,1780.0,329,nan,0,nan,0,nan,0,nan,0,nan,0,nan,0,nan,0,nan,0
1597988285212600064,1597988285714999808,2020-08-21 13:38:05.715000,1780.0,1843.0,1764.0,1840.0,nan,1796.0,1505086,54062689120.0,665393,1781.0,922,1780.0,331,nan,0,nan,0,nan,0,nan,0,nan,0,nan,0,nan,0,nan,0
1597988285712478976,1597988286236999936,2020-08-21 13:38:06.237000,1781.0,1843.0,1764.0,1840.0,nan,1796.0,1505089,54062796880.0,665393,1781.0,920,1780.0,349,nan,0,nan,0,nan,0,nan,0,nan,0,nan,0,nan,0,nan,0
1597988286220616960,1597988286732999936,2020-08-21 13:38:06.733000,1781.0,1843.0,1764.0,1840.0,nan,1796.0,1505090,54062832800.0,665393,1781.0,918,1780.0,349,nan,0,nan,0,nan,0,nan,0,nan,0,nan,0,nan,0,nan,0
1597988286711493888,1597988287240000000,2020-08-21 13:38:07.240000,1780.0,1843.0,1764.0,1840.0,nan,1796.0,1505191,54066460720.0,665443,1781.0,919,1780.0,347,nan,0,nan,0,nan,0,nan,0,nan,0,nan,0,nan,0,nan,0
1597988287225488896,1597988287739000064,2020-08-21 13:38:07.739000,1781.0,1843.0,1764.0,1840.0,nan,1796.0,1505194,54066568480.0,665444,1781.0,932,1780.0,345,nan,0,nan,0,nan,0,nan,0,nan,0,nan,0,nan,0,nan,0
1597988287726170880,1597988288242000128,2020-08-21 13:38:08.242000,1781.0,1843.0,1764.0,1840.0,nan,1796.0,1505194,54066568480.0,665444,1781.0,932,1780.0,346,nan,0,nan,0,nan,0,nan,0,nan,0,nan,0,nan,0,nan,0
1597988288215348992,1597988288730000128,2020-08-21 13:38:08.730000,1780.0,1843.0,1764.0,1840.0,nan,1796.0,1505196,54066640320.0,665445,1781.0,947,1780.0,346,nan,0,nan,0,nan,0,nan,0,nan,0,nan,0,nan,0,nan,0
1597988288730938880,1597988289240999936,2020-08-21 13:38:09.241000,1780.0,1843.0,1764.0,1840.0,nan,1796.0,1505206,54066999520.0,665450,1781.0,959,1780.0,336,nan,0,nan,0,nan,0,nan,0,nan,0,nan,0,nan,0,nan,0
1597988289225298944,1597988289729000192,2020-08-21 13:38:09.729000,1780.0,1843.0,1764.0,1840.0,nan,1796.0,1505206,54066999520.0,665450,1781.0,958,1780.0,336,nan,0,nan,0,nan,0,nan,0,nan,0,nan,0,nan,0,nan,0
1597988289802283008,1597988290232999936,2020-08-21 13:38:10.233000,1781.0,1843.0,1764.0,1840.0,nan,1796.0,1505251,54068615920.0,665495,1781.0,950,1780.0,302,nan,0,nan,0,nan,0,nan,0,nan,0,nan,0,nan,0,nan,0
1597988290226758912,1597988290716999936,2020-08-21 13:38:10.717000,1781.0,1843.0,1764.0,1840.0,nan,1796.0,1505255,54068759600.0,665497,1781.0,953,1780.0,303,nan,0,nan,0,nan,0,nan,0,nan,0,nan,0,nan,0,nan,0
1597988290717801984,1597988291242000128,2020-08-21 13:38:11.242000,1781.0,1843.0,1764.0,1840.0,nan,1796.0,1505255,54068759600.0,665497,1781.0,958,1780.0,303,nan,0,nan,0,nan,0,nan,0,nan,0,nan,0,nan,0,nan,0
1597988291215371008,1597988291740999936,2020-08-21 13:38:11.741000,1781.0,1843.0,1764.0,1840.0,nan,1796.0,1505257,54068831440.0,665498,1781.0,956,1780.0,304,nan,0,nan,0,nan,0,nan,0,nan,0,nan,0,nan,0,nan,0
1597988291721256960,1597988292223000064,2020-08-21 13:38:12.223000,1781.0,1843.0,1764.0,1840.0,nan,1796.0,1505257,54068831440.0,665498,1781.0,957,1780.0,304,nan,0,nan,0,nan,0,nan,0,nan,0,nan,0,nan,0,nan,0
1597988292214588928,1597988292713999872,2020-08-21 13:38:12.714000,1781.0,1843.0,1764.0,1840.0,nan,1796.0,1505260,54068939200.0,665499,1781.0,955,1780.0,309,nan,0,nan,0,nan,0,nan,0,nan,0,nan,0,nan,0,nan,0
1597988292717615104,1597988293236999936,2020-08-21 13:38:13.237000,1780.0,1843.0,1764.0,1840.0,nan,1796.0,1505268,54069226560.0,665506,1781.0,956,1780.0,302,nan,0,nan,0,nan,0,nan,0,nan,0,nan,0,nan,0,nan,0
1597988293219778048,1597988293727000064,2020-08-21 13:38:13.727000,1780.0,1843.0,1764.0,1840.0,nan,1796.0,1505468,54076410560.0,665686,1781.0,956,1780.0,104,nan,0,nan,0,nan,0,nan,0,nan,0,nan,0,nan,0,nan,0
1597988293722472960,1597988294223000064,2020-08-21 13:38:14.223000,1779.0,1843.0,1764.0,1840.0,nan,1796.0,1505584,54080577280.0,665701,1780.0,36,1779.0,520,nan,0,nan,0,nan,0,nan,0,nan,0,nan,0,nan,0,nan,0
1597988294217035008,1597988294740000000,2020-08-21 13:38:14.740000,1779.0,1843.0,1764.0,1840.0,nan,1796.0,1505589,54080756880.0,665699,1780.0,168,1779.0,573,nan,0,nan,0,nan,0,nan,0,nan,0,nan,0,nan,0,nan,0
1597988294722883072,1597988295240000000,2020-08-21 13:38:15.240000,1780.0,1843.0,1764.0,1840.0,nan,1796.0,1505592,54080864640.0,665697,1780.0,237,1779.0,573,nan,0,nan,0,nan,0,nan,0,nan,0,nan,0,nan,0,nan,0
1597988295222558976,1597988295724999936,2020-08-21 13:38:15.725000,1780.0,1843.0,1764.0,1840.0,nan,1796.0,1505592,54080864640.0,665697,1780.0,361,1779.0,552,nan,0,nan,0,nan,0,nan,0,nan,0,nan,0,nan,0,nan,0
1597988295725733120,1597988296236999936,2020-08-21 13:38:16.237000,1780.0,1843.0,1764.0,1840.0,nan,1796.0,1505599,54081116080.0,665703,1780.0,354,1779.0,552,nan,0,nan,0,nan,0,nan,0,nan,0,nan,0,nan,0,nan,0
1597988296220278016,1597988296737999872,2020-08-21 13:38:16.738000,1780.0,1843.0,1764.0,1840.0,nan,1796.0,1505600,54081152000.0,665704,1780.0,353,1779.0,557,nan,0,nan,0,nan,0,nan,0,nan,0,nan,0,nan,0,nan,0
1597988296730117120,1597988297220000000,2020-08-21 13:38:17.220000,1780.0,1843.0,1764.0,1840.0,nan,1796.0,1505630,54082229600.0,665701,1780.0,324,1779.0,558,nan,0,nan,0,nan,0,nan,0,nan,0,nan,0,nan,0,nan,0
1597988297222918912,1597988297716000000,2020-08-21 13:38:17.716000,1780.0,1843.0,1764.0,1840.0,nan,1796.0,1505672,54083738240.0,665736,1780.0,285,1779.0,558,nan,0,nan,0,nan,0,nan,0,nan,0,nan,0,nan,0,nan,0
1597988297721017088,1597988298234999808,2020-08-21 13:38:18.235000,1780.0,1843.0,1764.0,1840.0,nan,1796.0,1505674,54083810080.0,665736,1780.0,290,1779.0,571,nan,0,nan,0,nan,0,nan,0,nan,0,nan,0,nan,0,nan,0
1597988298226438912,1597988298739000064,2020-08-21 13:38:18.739000,1779.0,1843.0,1764.0,1840.0,nan,1796.0,1505676,54083881920.0,665736,1780.0,290,1779.0,569,nan,0,nan,0,nan,0,nan,0,nan,0,nan,0,nan,0,nan,0
1597988298730992896,1597988299232999936,2020-08-21 13:38:19.233000,1779.0,1843.0,1764.0,1840.0,nan,1796.0,1505687,54084277040.0,665731,1780.0,284,1779.0,569,nan,0,nan,0,nan,0,nan,0,nan,0,nan,0,nan,0,nan,0
1597988299223717888,1597988299731000064,2020-08-21 13:38:19.731000,1779.0,1843.0,1764.0,1840.0,nan,1796.0,1505692,54084456640.0,665726,1780.0,281,1779.0,566,nan,0,nan,0,nan,0,nan,0,nan,0,nan,0,nan,0,nan,0
1597988299722907904,1597988300231000064,2020-08-21 13:38:20.231000,1780.0,1843.0,1764.0,1840.0,nan,1796.0,1505694,54084528480.0,665724,1780.0,281,1779.0,568,nan,0,nan,0,nan,0,nan,0,nan,0,nan,0,nan,0,nan,0
1597988300227620096,1597988300739000064,2020-08-21 13:38:20.739000,1779.0,1843.0,1764.0,1840.0,nan,1796.0,1505702,54084815840.0,665724,1780.0,290,1779.0,547,nan,0,nan,0,nan,0,nan,0,nan,0,nan,0,nan,0,nan,0
1597988300772486912,1597988301226000128,2020-08-21 13:38:21.226000,1780.0,1843.0,1764.0,1840.0,nan,1796.0,1505703,54084851760.0,665724,1780.0,295,1779.0,558,nan,0,nan,0,nan,0,nan,0,nan,0,nan,0,nan,0,nan,0
1597988301545285888,1597988301740999936,2020-08-21 13:38:21.741000,1780.0,1843.0,1764.0,1840.0,nan,1796.0,1505708,54085031360.0,665724,1780.0,291,1779.0,558,nan,0,nan,0,nan,0,nan,0,nan,0,nan,0,nan,0,nan,0
1597988301974301952,1597988302231000064,2020-08-21 13:38:22.231000,1780.0,1843.0,1764.0,1840.0,nan,1796.0,1505768,54087186560.0,665704,1780.0,263,1779.0,528,nan,0,nan,0,nan,0,nan,0,nan,0,nan,0,nan,0,nan,0
1597988302223112960,1597988302743000064,2020-08-21 13:38:22.743000,1780.0,1843.0,1764.0,1840.0,nan,1796.0,1505769,54087222480.0,665704,1780.0,277,1779.0,528,nan,0,nan,0,nan,0,nan,0,nan,0,nan,0,nan,0,nan,0
1597988303218914048,1597988303732000000,2020-08-21 13:38:23.732000,1780.0,1843.0,1764.0,1840.0,nan,1796.0,1505769,54087222480.0,665704,1780.0,285,1779.0,528,nan,0,nan,0,nan,0,nan,0,nan,0,nan,0,nan,0,nan,0
1597988303858196992,1597988304239000064,2020-08-21 13:38:24.239000,1780.0,1843.0,1764.0,1840.0,nan,1796.0,1505770,54087258400.0,665704,1780.0,284,1779.0,527,nan,0,nan,0,nan,0,nan,0,nan,0,nan,0,nan,0,nan,0
1597988304234936064,1597988304743000064,2020-08-21 13:38:24.743000,1779.0,1843.0,1764.0,1840.0,nan,1796.0,1505771,54087294320.0,665704,1780.0,385,1779.0,530,nan,0,nan,0,nan,0,nan,0,nan,0,nan,0,nan,0,nan,0
1597988304722544128,1597988305243000064,2020-08-21 13:38:25.243000,1779.0,1843.0,1764.0,1840.0,nan,1796.0,1505771,54087294320.0,665704,1780.0,397,1779.0,509,nan,0,nan,0,nan,0,nan,0,nan,0,nan,0,nan,0,nan,0
1597988305220269056,1597988305742000128,2020-08-21 13:38:25.742000,1779.0,1843.0,1764.0,1840.0,nan,1796.0,1505771,54087294320.0,665704,1780.0,426,1779.0,509,nan,0,nan,0,nan,0,nan,0,nan,0,nan,0,nan,0,nan,0
1597988305722950912,1597988306240999936,2020-08-21 13:38:26.241000,1780.0,1843.0,1764.0,1840.0,nan,1796.0,1505805,54088515600.0,665671,1780.0,392,1779.0,515,nan,0,nan,0,nan,0,nan,0,nan,0,nan,0,nan,0,nan,0
1597988306221905920,1597988306742000128,2020-08-21 13:38:26.742000,1779.0,1843.0,1764.0,1840.0,nan,1796.0,1505807,54088587440.0,665669,1780.0,393,1779.0,516,nan,0,nan,0,nan,0,nan,0,nan,0,nan,0,nan,0,nan,0
1597988306721582080,1597988307209000192,2020-08-21 13:38:27.209000,1779.0,1843.0,1764.0,1840.0,nan,1796.0,1505809,54088659280.0,665670,1780.0,392,1779.0,515,nan,0,nan,0,nan,0,nan,0,nan,0,nan,0,nan,0,nan,0
1597988307224363008,1597988307742000128,2020-08-21 13:38:27.742000,1779.0,1843.0,1764.0,1840.0,nan,1796.0,1505811,54088731120.0,665671,1780.0,395,1779.0,514,nan,0,nan,0,nan,0,nan,0,nan,0,nan,0,nan,0,nan,0
1597988308227386112,1597988308734999808,2020-08-21 13:38:28.735000,1780.0,1843.0,1764.0,1840.0,nan,1796.0,1505812,54088767040.0,665672,1780.0,406,1779.0,514,nan,0,nan,0,nan,0,nan,0,nan,0,nan,0,nan,0,nan,0
1597988308737510912,1597988309229000192,2020-08-21 13:38:29.229000,1780.0,1843.0,1764.0,1840.0,nan,1796.0,1505813,54088802960.0,665673,1780.0,406,1779.0,515,nan,0,nan,0,nan,0,nan,0,nan,0,nan,0,nan,0,nan,0
1597988309233487872,1597988309736000000,2020-08-21 13:38:29.736000,1779.0,1843.0,1764.0,1840.0,nan,1796.0,1505817,54088946640.0,665674,1780.0,404,1779.0,513,nan,0,nan,0,nan,0,nan,0,nan,0,nan,0,nan,0,nan,0
1597988309994187008,1597988310227000064,2020-08-21 13:38:30.227000,1780.0,1843.0,1764.0,1840.0,nan,1796.0,1505819,54089018480.0,665675,1780.0,417,1779.0,512,nan,0,nan,0,nan,0,nan,0,nan,0,nan,0,nan,0,nan,0
1597988310257349120,1597988310736999936,2020-08-21 13:38:30.737000,1779.0,1843.0,1764.0,1840.0,nan,1796.0,1505821,54089090320.0,665674,1780.0,420,1779.0,510,nan,0,nan,0,nan,0,nan,0,nan,0,nan,0,nan,0,nan,0
1597988310730632960,1597988311240999936,2020-08-21 13:38:31.241000,1779.0,1843.0,1764.0,1840.0,nan,1796.0,1505821,54089090320.0,665674,1780.0,429,1779.0,510,nan,0,nan,0,nan,0,nan,0,nan,0,nan,0,nan,0,nan,0
1597988311239563008,1597988311724000000,2020-08-21 13:38:31.724000,1780.0,1843.0,1764.0,1840.0,nan,1796.0,1505824,54089198080.0,665675,1780.0,442,1779.0,509,nan,0,nan,0,nan,0,nan,0,nan,0,nan,0,nan,0,nan,0
1597988311743188992,1597988312230000128,2020-08-21 13:38:32.230000,1780.0,1843.0,1764.0,1840.0,nan,1796.0,1505844,54089916480.0,665675,1780.0,427,1779.0,520,nan,0,nan,0,nan,0,nan,0,nan,0,nan,0,nan,0,nan,0
1597988312225857024,1597988312696000000,2020-08-21 13:38:32.696000,1780.0,1843.0,1764.0,1840.0,nan,1796.0,1505845,54089952400.0,665675,1780.0,425,1779.0,519,nan,0,nan,0,nan,0,nan,0,nan,0,nan,0,nan,0,nan,0
1597988312728004096,1597988313239000064,2020-08-21 13:38:33.239000,1780.0,1843.0,1764.0,1840.0,nan,1796.0,1505846,54089988320.0,665676,1780.0,424,1779.0,522,nan,0,nan,0,nan,0,nan,0,nan,0,nan,0,nan,0,nan,0
1597988313234258944,1597988313744000000,2020-08-21 13:38:33.744000,1779.0,1843.0,1764.0,1840.0,nan,1796.0,1505876,54091065920.0,665683,1780.0,424,1779.0,493,nan,0,nan,0,nan,0,nan,0,nan,0,nan,0,nan,0,nan,0
1597988313728066048,1597988314244000000,2020-08-21 13:38:34.244000,1780.0,1843.0,1764.0,1840.0,nan,1796.0,1505885,54091389200.0,665692,1780.0,415,1779.0,490,nan,0,nan,0,nan,0,nan,0,nan,0,nan,0,nan,0,nan,0
1597988314227773952,1597988314734999808,2020-08-21 13:38:34.735000,1779.0,1843.0,1764.0,1840.0,nan,1796.0,1505888,54091496960.0,665691,1780.0,421,1779.0,493,nan,0,nan,0,nan,0,nan,0,nan,0,nan,0,nan,0,nan,0
1597988314728366080,1597988315232999936,2020-08-21 13:38:35.233000,1780.0,1843.0,1764.0,1840.0,nan,1796.0,1505895,54091748400.0,665697,1780.0,418,1779.0,493,nan,0,nan,0,nan,0,nan,0,nan,0,nan,0,nan,0,nan,0
1597988315233099008,1597988315729000192,2020-08-21 13:38:35.729000,1780.0,1843.0,1764.0,1840.0,nan,1796.0,1505903,54092035760.0,665700,1780.0,410,1779.0,539,nan,0,nan,0,nan,0,nan,0,nan,0,nan,0,nan,0,nan,0
1597988315745816064,1597988316223000064,2020-08-21 13:38:36.223000,1780.0,1843.0,1764.0,1840.0,nan,1796.0,1505937,54093257040.0,665716,1780.0,384,1779.0,506,nan,0,nan,0,nan,0,nan,0,nan,0,nan,0,nan,0,nan,0
1597988316229725952,1597988316742000128,2020-08-21 13:38:36.742000,1780.0,1843.0,1764.0,1840.0,nan,1796.0,1505942,54093436640.0,665721,1780.0,384,1779.0,502,nan,0,nan,0,nan,0,nan,0,nan,0,nan,0,nan,0,nan,0
1597988316734304000,1597988317240999936,2020-08-21 13:38:37.241000,1780.0,1843.0,1764.0,1840.0,nan,1796.0,1505942,54093436640.0,665721,1780.0,383,1779.0,502,nan,0,nan,0,nan,0,nan,0,nan,0,nan,0,nan,0,nan,0
1597988317241766912,1597988317716000000,2020-08-21 13:38:37.716000,1779.0,1843.0,1764.0,1840.0,nan,1796.0,1505946,54093580320.0,665723,1780.0,380,1779.0,499,nan,0,nan,0,nan,0,nan,0,nan,0,nan,0,nan,0,nan,0
1597988317732484096,1597988318232000000,2020-08-21 13:38:38.232000,1780.0,1843.0,1764.0,1840.0,nan,1796.0,1505953,54093831760.0,665730,1780.0,375,1779.0,496,nan,0,nan,0,nan,0,nan,0,nan,0,nan,0,nan,0,nan,0
1597988318230852096,1597988318716000000,2020-08-21 13:38:38.716000,1780.0,1843.0,1764.0,1840.0,nan,1796.0,1505957,54093975440.0,665732,1780.0,373,1779.0,496,nan,0,nan,0,nan,0,nan,0,nan,0,nan,0,nan,0,nan,0
1597988318732936960,1597988319234999808,2020-08-21 13:38:39.235000,1780.0,1843.0,1764.0,1840.0,nan,1796.0,1505959,54094047280.0,665732,1780.0,426,1779.0,495,nan,0,nan,0,nan,0,nan,0,nan,0,nan,0,nan,0,nan,0
1597988319236907008,1597988319726000128,2020-08-21 13:38:39.726000,1779.0,1843.0,1764.0,1840.0,nan,1796.0,1505962,54094155040.0,665734,1780.0,431,1779.0,494,nan,0,nan,0,nan,0,nan,0,nan,0,nan,0,nan,0,nan,0
1597988319738225920,1597988320240999936,2020-08-21 13:38:40.241000,1780.0,1843.0,1764.0,1840.0,nan,1796.0,1505998,54095448160.0,665734,1780.0,395,1779.0,494,nan,0,nan,0,nan,0,nan,0,nan,0,nan,0,nan,0,nan,0
1597988320233633024,1597988320740999936,2020-08-21 13:38:40.741000,1780.0,1843.0,1764.0,1840.0,nan,1796.0,1505999,54095484080.0,665735,1780.0,395,1779.0,494,nan,0,nan,0,nan,0,nan,0,nan,0,nan,0,nan,0,nan,0
1597988320743740928,1597988321233999872,2020-08-21 13:38:41.234000,1780.0,1843.0,1764.0,1840.0,nan,1796.0,1505999,54095484080.0,665735,1780.0,394,1779.0,494,nan,0,nan,0,nan,0,nan,0,nan,0,nan,0,nan,0,nan,0
1597988321239758080,1597988321743000064,2020-08-21 13:38:41.743000,1780.0,1843.0,1764.0,1840.0,nan,1796.0,1505999,54095484080.0,665735,1780.0,445,1779.0,494,nan,0,nan,0,nan,0,nan,0,nan,0,nan,0,nan,0,nan,0
1597988321752790016,1597988322233999872,2020-08-21 13:38:42.234000,1780.0,1843.0,1764.0,1840.0,nan,1796.0,1505999,54095484080.0,665735,1780.0,447,1779.0,494,nan,0,nan,0,nan,0,nan,0,nan,0,nan,0,nan,0,nan,0
1597988322238374912,1597988322726000128,2020-08-21 13:38:42.726000,1779.0,1843.0,1764.0,1840.0,nan,1796.0,1506000,54095520000.0,665735,1780.0,455,1779.0,495,nan,0,nan,0,nan,0,nan,0,nan,0,nan,0,nan,0,nan,0
1597988322735385088,1597988323213999872,2020-08-21 13:38:43.214000,1780.0,1843.0,1764.0,1840.0,nan,1796.0,1506001,54095555920.0,665736,1780.0,454,1779.0,514,nan,0,nan,0,nan,0,nan,0,nan,0,nan,0,nan,0,nan,0
1597988323224123904,1597988323732999936,2020-08-21 13:38:43.733000,1780.0,1843.0,1764.0,1840.0,nan,1796.0,1506004,54095663680.0,665737,1780.0,457,1779.0,512,nan,0,nan,0,nan,0,nan,0,nan,0,nan,0,nan,0,nan,0
1597988323727666944,1597988324236999936,2020-08-21 13:38:44.237000,1780.0,1843.0,1764.0,1840.0,nan,1796.0,1506004,54095663680.0,665737,1780.0,461,1779.0,513,nan,0,nan,0,nan,0,nan,0,nan,0,nan,0,nan,0,nan,0
1597988324239654912,1597988324729000192,2020-08-21 13:38:44.729000,1780.0,1843.0,1764.0,1840.0,nan,1796.0,1506004,54095663680.0,665737,1780.0,461,1779.0,494,nan,0,nan,0,nan,0,nan,0,nan,0,nan,0,nan,0,nan,0
1597988324814020096,1597988325237999872,2020-08-21 13:38:45.238000,1780.0,1843.0,1764.0,1840.0,nan,1796.0,1506009,54095843280.0,665739,1780.0,456,1779.0,492,nan,0,nan,0,nan,0,nan,0,nan,0,nan,0,nan,0,nan,0
1597988325299776000,1597988325742000128,2020-08-21 13:38:45.742000,1780.0,1843.0,1764.0,1840.0,nan,1796.0,1506009,54095843280.0,665739,1780.0,478,1779.0,513,nan,0,nan,0,nan,0,nan,0,nan,0,nan,0,nan,0,nan,0
1597988325865456896,1597988326224000000,2020-08-21 13:38:46.224000,1779.0,1843.0,1764.0,1840.0,nan,1796.0,1506022,54096310240.0,665752,1780.0,482,1779.0,501,nan,0,nan,0,nan,0,nan,0,nan,0,nan,0,nan,0,nan,0
1597988326362894080,1597988326737999872,2020-08-21 13:38:46.738000,1779.0,1843.0,1764.0,1840.0,nan,1796.0,1506082,54098465440.0,665730,1780.0,430,1779.0,493,nan,0,nan,0,nan,0,nan,0,nan,0,nan,0,nan,0,nan,0
1597988326853434112,1597988327224999936,2020-08-21 13:38:47.225000,1779.0,1843.0,1764.0,1840.0,nan,1796.0,1506116,54099686720.0,665729,1780.0,430,1779.0,460,nan,0,nan,0,nan,0,nan,0,nan,0,nan,0,nan,0,nan,0
1597988327280448000,1597988327712000000,2020-08-21 13:38:47.712000,1780.0,1843.0,1764.0,1840.0,nan,1796.0,1506117,54099722640.0,665729,1780.0,430,1779.0,484,nan,0,nan,0,nan,0,nan,0,nan,0,nan,0,nan,0,nan,0
1597988327736534016,1597988328180000000,2020-08-21 13:38:48.180000,1779.0,1843.0,1764.0,1840.0,nan,1796.0,1506119,54099794480.0,665730,1780.0,429,1779.0,487,nan,0,nan,0,nan,0,nan,0,nan,0,nan,0,nan,0,nan,0
1597988328327057920,1597988328732000000,2020-08-21 13:38:48.732000,1779.0,1843.0,1764.0,1840.0,nan,1796.0,1506121,54099866320.0,665728,1780.0,430,1779.0,486,nan,0,nan,0,nan,0,nan,0,nan,0,nan,0,nan,0,nan,0
1597988328800487936,1597988329211000064,2020-08-21 13:38:49.211000,1779.0,1843.0,1764.0,1840.0,nan,1796.0,1506129,54100153680.0,665734,1780.0,431,1779.0,482,nan,0,nan,0,nan,0,nan,0,nan,0,nan,0,nan,0,nan,0
1597988329425624064,1597988329716999936,2020-08-21 13:38:49.717000,1779.0,1843.0,1764.0,1840.0,nan,1796.0,1506140,54100548800.0,665734,1780.0,430,1779.0,482,nan,0,nan,0,nan,0,nan,0,nan,0,nan,0,nan,0,nan,0
1597988329741027072,1597988330108999936,2020-08-21 13:38:50.109000,1779.0,1843.0,1764.0,1840.0,nan,1796.0,1506140,54100548800.0,665734,1780.0,453,1779.0,483,nan,0,nan,0,nan,0,nan,0,nan,0,nan,0,nan,0,nan,0
1597988330238064896,1597988330712000000,2020-08-21 13:38:50.712000,1780.0,1843.0,1764.0,1840.0,nan,1796.0,1506141,54100584720.0,665734,1780.0,409,1779.0,483,nan,0,nan,0,nan,0,nan,0,nan,0,nan,0,nan,0,nan,0
1597988330735746048,1597988331240000000,2020-08-21 13:38:51.240000,1779.0,1843.0,1764.0,1840.0,nan,1796.0,1506193,54102452560.0,665786,1780.0,407,1779.0,459,nan,0,nan,0,nan,0,nan,0,nan,0,nan,0,nan,0,nan,0
1597988331244180992,1597988331743000064,2020-08-21 13:38:51.743000,1779.0,1843.0,1764.0,1840.0,nan,1796.0,1506193,54102452560.0,665786,1780.0,475,1779.0,459,nan,0,nan,0,nan,0,nan,0,nan,0,nan,0,nan,0,nan,0
1597988331743063040,1597988332230000128,2020-08-21 13:38:52.230000,1779.0,1843.0,1764.0,1840.0,nan,1796.0,1506197,54102596240.0,665789,1780.0,481,1779.0,458,nan,0,nan,0,nan,0,nan,0,nan,0,nan,0,nan,0,nan,0
1597988332262117120,1597988332740999936,2020-08-21 13:38:52.741000,1779.0,1843.0,1764.0,1840.0,nan,1796.0,1506199,54102668080.0,665789,1780.0,481,1779.0,456,nan,0,nan,0,nan,0,nan,0,nan,0,nan,0,nan,0,nan,0
1597988332749613056,1597988333239000064,2020-08-21 13:38:53.239000,1779.0,1843.0,1764.0,1840.0,nan,1796.0,1506201,54102739920.0,665791,1780.0,491,1779.0,449,nan,0,nan,0,nan,0,nan,0,nan,0,nan,0,nan,0,nan,0
1597988333269837056,1597988333742000128,2020-08-21 13:38:53.742000,1780.0,1843.0,1764.0,1840.0,nan,1796.0,1506206,54102919520.0,665796,1780.0,487,1779.0,450,nan,0,nan,0,nan,0,nan,0,nan,0,nan,0,nan,0,nan,0
1597988333852916992,1597988334240999936,2020-08-21 13:38:54.241000,1779.0,1843.0,1764.0,1840.0,nan,1796.0,1506214,54103206880.0,665801,1780.0,491,1779.0,491,nan,0,nan,0,nan,0,nan,0,nan,0,nan,0,nan,0,nan,0
1597988334253438976,1597988334691000064,2020-08-21 13:38:54.691000,1779.0,1843.0,1764.0,1840.0,nan,1796.0,1506215,54103242800.0,665802,1780.0,490,1779.0,490,nan,0,nan,0,nan,0,nan,0,nan,0,nan,0,nan,0,nan,0
1597988334767386880,1597988335183000064,2020-08-21 13:38:55.183000,1779.0,1843.0,1764.0,1840.0,nan,1796.0,1506220,54103422400.0,665806,1780.0,489,1779.0,485,nan,0,nan,0,nan,0,nan,0,nan,0,nan,0,nan,0,nan,0
1597988335242711040,1597988335736999936,2020-08-21 13:38:55.737000,1780.0,1843.0,1764.0,1840.0,nan,1796.0,1506223,54103530160.0,665809,1780.0,508,1779.0,485,nan,0,nan,0,nan,0,nan,0,nan,0,nan,0,nan,0,nan,0
1597988336241747968,1597988336742000128,2020-08-21 13:38:56.742000,1780.0,1843.0,1764.0,1840.0,nan,1796.0,1506223,54103530160.0,665809,1780.0,514,1779.0,485,nan,0,nan,0,nan,0,nan,0,nan,0,nan,0,nan,0,nan,0
1597988336791646976,1597988337237999872,2020-08-21 13:38:57.238000,1780.0,1843.0,1764.0,1840.0,nan,1796.0,1506236,54103997120.0,665820,1780.0,508,1779.0,482,nan,0,nan,0,nan,0,nan,0,nan,0,nan,0,nan,0,nan,0
1597988337271104000,1597988337703000064,2020-08-21 13:38:57.703000,1779.0,1843.0,1764.0,1840.0,nan,1796.0,1506261,54104895120.0,665821,1780.0,503,1779.0,467,nan,0,nan,0,nan,0,nan,0,nan,0,nan,0,nan,0,nan,0
1597988337952296960,1597988338239000064,2020-08-21 13:38:58.239000,1779.0,1843.0,1764.0,1840.0,nan,1796.0,1506263,54104966960.0,665821,1780.0,504,1779.0,475,nan,0,nan,0,nan,0,nan,0,nan,0,nan,0,nan,0,nan,0
1597988338239642112,1597988338732000000,2020-08-21 13:38:58.732000,1780.0,1843.0,1764.0,1840.0,nan,1796.0,1506278,54105505760.0,665825,1780.0,492,1779.0,476,nan,0,nan,0,nan,0,nan,0,nan,0,nan,0,nan,0,nan,0
1597988338754823936,1597988339243000064,2020-08-21 13:38:59.243000,1780.0,1843.0,1764.0,1840.0,nan,1796.0,1506288,54105864960.0,665835,1780.0,482,1779.0,548,nan,0,nan,0,nan,0,nan,0,nan,0,nan,0,nan,0,nan,0
1597988339750788096,1597988340240999936,2020-08-21 13:39:00.241000,1779.0,1843.0,1764.0,1840.0,nan,1796.0,1506308,54106583360.0,665825,1780.0,483,1779.0,555,nan,0,nan,0,nan,0,nan,0,nan,0,nan,0,nan,0,nan,0
1597988340246731008,1597988340736999936,2020-08-21 13:39:00.737000,1779.0,1843.0,1764.0,1840.0,nan,1796.0,1506309,54106619280.0,665825,1780.0,486,1779.0,554,nan,0,nan,0,nan,0,nan,0,nan,0,nan,0,nan,0,nan,0
1597988340745641984,1597988341237999872,2020-08-21 13:39:01.238000,1780.0,1843.0,1764.0,1840.0,nan,1796.0,1506319,54106978480.0,665832,1780.0,490,1779.0,554,nan,0,nan,0,nan,0,nan,0,nan,0,nan,0,nan,0,nan,0
1597988341251670016,1597988341742000128,2020-08-21 13:39:01.742000,1780.0,1843.0,1764.0,1840.0,nan,1796.0,1506319,54106978480.0,665832,1780.0,489,1779.0,562,nan,0,nan,0,nan,0,nan,0,nan,0,nan,0,nan,0,nan,0
1597988341789084928,1597988342244000000,2020-08-21 13:39:02.244000,1780.0,1843.0,1764.0,1840.0,nan,1796.0,1506319,54106978480.0,665832,1780.0,491,1779.0,562,nan,0,nan,0,nan,0,nan,0,nan,0,nan,0,nan,0,nan,0
1597988342240748032,1597988342734999808,2020-08-21 13:39:02.735000,1780.0,1843.0,1764.0,1840.0,nan,1796.0,1506319,54106978480.0,665832,1780.0,498,1779.0,562,nan,0,nan,0,nan,0,nan,0,nan,0,nan,0,nan,0,nan,0
1597988342750406912,1597988343236999936,2020-08-21 13:39:03.237000,1780.0,1843.0,1764.0,1840.0,nan,1796.0,1506319,54106978480.0,665832,1780.0,499,1779.0,564,nan,0,nan,0,nan,0,nan,0,nan,0,nan,0,nan,0,nan,0
1597988343251314944,1597988343740000000,2020-08-21 13:39:03.740000,1780.0,1843.0,1764.0,1840.0,nan,1796.0,1506321,54107050320.0,665833,1780.0,498,1779.0,563,nan,0,nan,0,nan,0,nan,0,nan,0,nan,0,nan,0,nan,0
1597988343744507904,1597988344221999872,2020-08-21 13:39:04.222000,1779.0,1843.0,1764.0,1840.0,nan,1796.0,1506323,54107122160.0,665831,1780.0,498,1779.0,606,nan,0,nan,0,nan,0,nan,0,nan,0,nan,0,nan,0,nan,0
1597988344242841088,1597988344743000064,2020-08-21 13:39:04.743000,1780.0,1843.0,1764.0,1840.0,nan,1796.0,1506324,54107158080.0,665832,1780.0,498,1779.0,606,nan,0,nan,0,nan,0,nan,0,nan,0,nan,0,nan,0,nan,0
1597988344750228992,1597988345236999936,2020-08-21 13:39:05.237000,1780.0,1843.0,1764.0,1840.0,nan,1796.0,1506324,54107158080.0,665832,1780.0,497,1779.0,607,nan,0,nan,0,nan,0,nan,0,nan,0,nan,0,nan,0,nan,0
1597988345298029056,1597988345742000128,2020-08-21 13:39:05.742000,1780.0,1843.0,1764.0,1840.0,nan,1796.0,1506324,54107158080.0,665832,1780.0,505,1779.0,606,nan,0,nan,0,nan,0,nan,0,nan,0,nan,0,nan,0,nan,0
1597988345759599104,1597988346233999872,2020-08-21 13:39:06.234000,1779.0,1843.0,1764.0,1840.0,nan,1796.0,1506338,54107660960.0,665835,1780.0,504,1779.0,595,nan,0,nan,0,nan,0,nan,0,nan,0,nan,0,nan,0,nan,0
1597988346260474112,1597988346743000064,2020-08-21 13:39:06.743000,1779.0,1843.0,1764.0,1840.0,nan,1796.0,1506344,54107876480.0,665835,1780.0,506,1779.0,590,nan,0,nan,0,nan,0,nan,0,nan,0,nan,0,nan,0,nan,0
1597988346768388096,1597988347239000064,2020-08-21 13:39:07.239000,1779.0,1843.0,1764.0,1840.0,nan,1796.0,1506344,54107876480.0,665835,1780.0,504,1779.0,591,nan,0,nan,0,nan,0,nan,0,nan,0,nan,0,nan,0,nan,0
1597988347478748928,1597988347711000064,2020-08-21 13:39:07.711000,1779.0,1843.0,1764.0,1840.0,nan,1796.0,1506344,54107876480.0,665835,1780.0,506,1779.0,591,nan,0,nan,0,nan,0,nan,0,nan,0,nan,0,nan,0,nan,0
1597988347745570048,1597988348233999872,2020-08-21 13:39:08.234000,1780.0,1843.0,1764.0,1840.0,nan,1796.0,1506345,54107912400.0,665835,1780.0,505,1779.0,590,nan,0,nan,0,nan,0,nan,0,nan,0,nan,0,nan,0,nan,0
1597988348248470016,1597988348707000064,2020-08-21 13:39:08.707000,1780.0,1843.0,1764.0,1840.0,nan,1796.0,1506346,54107948320.0,665835,1780.0,503,1779.0,595,nan,0,nan,0,nan,0,nan,0,nan,0,nan,0,nan,0,nan,0
1597988349332794112,1597988349740000000,2020-08-21 13:39:09.740000,1779.0,1843.0,1764.0,1840.0,nan,1796.0,1506347,54107984240.0,665834,1780.0,503,1779.0,595,nan,0,nan,0,nan,0,nan,0,nan,0,nan,0,nan,0,nan,0
1597988349745347072,1597988350240999936,2020-08-21 13:39:10.241000,1779.0,1843.0,1764.0,1840.0,nan,1796.0,1506347,54107984240.0,665834,1780.0,505,1779.0,599,nan,0,nan,0,nan,0,nan,0,nan,0,nan,0,nan,0,nan,0
1597988350262524928,1597988350743000064,2020-08-21 13:39:10.743000,1779.0,1843.0,1764.0,1840.0,nan,1796.0,1506347,54107984240.0,665834,1780.0,507,1779.0,599,nan,0,nan,0,nan,0,nan,0,nan,0,nan,0,nan,0,nan,0
1597988350892829952,1597988351211000064,2020-08-21 13:39:11.211000,1779.0,1843.0,1764.0,1840.0,nan,1796.0,1506347,54107984240.0,665834,1780.0,507,1779.0,600,nan,0,nan,0,nan,0,nan,0,nan,0,nan,0,nan,0,nan,0
1597988351248099072,1597988351736999936,2020-08-21 13:39:11.737000,1780.0,1843.0,1764.0,1840.0,nan,1796.0,1506349,54108056080.0,665834,1780.0,507,1779.0,602,nan,0,nan,0,nan,0,nan,0,nan,0,nan,0,nan,0,nan,0
1597988351788001024,1597988352243000064,2020-08-21 13:39:12.243000,1779.0,1843.0,1764.0,1840.0,nan,1796.0,1506412,54110319040.0,665782,1780.0,509,1779.0,627,nan,0,nan,0,nan,0,nan,0,nan,0,nan,0,nan,0,nan,0
1597988352352599040,1597988352734999808,2020-08-21 13:39:12.735000,1779.0,1843.0,1764.0,1840.0,nan,1796.0,1506414,54110390880.0,665780,1780.0,513,1779.0,636,nan,0,nan,0,nan,0,nan,0,nan,0,nan,0,nan,0,nan,0
1597988352797363968,1597988353220999936,2020-08-21 13:39:13.221000,1780.0,1843.0,1764.0,1840.0,nan,1796.0,1506419,54110570480.0,665785,1780.0,508,1779.0,640,nan,0,nan,0,nan,0,nan,0,nan,0,nan,0,nan,0,nan,0
1597988353247380992,1597988353730000128,2020-08-21 13:39:13.730000,1779.0,1843.0,1764.0,1840.0,nan,1796.0,1506507,54113731440.0,665779,1780.0,490,1779.0,573,nan,0,nan,0,nan,0,nan,0,nan,0,nan,0,nan,0,nan,0
1597988353762657024,1597988354242000128,2020-08-21 13:39:14.242000,1779.0,1843.0,1764.0,1840.0,nan,1796.0,1506507,54113731440.0,665779,1780.0,490,1779.0,578,nan,0,nan,0,nan,0,nan,0,nan,0,nan,0,nan,0,nan,0
1597988354245209088,1597988354724999936,2020-08-21 13:39:14.725000,1779.0,1843.0,1764.0,1840.0,nan,1796.0,1506507,54113731440.0,665779,1780.0,489,1779.0,576,nan,0,nan,0,nan,0,nan,0,nan,0,nan,0,nan,0,nan,0
1597988354741716992,1597988355237999872,2020-08-21 13:39:15.238000,1780.0,1843.0,1764.0,1840.0,nan,1796.0,1506519,54114162480.0,665784,1780.0,488,1779.0,576,nan,0,nan,0,nan,0,nan,0,nan,0,nan,0,nan,0,nan,0
1597988355245062912,1597988355742000128,2020-08-21 13:39:15.742000,1780.0,1843.0,1764.0,1840.0,nan,1796.0,1506519,54114162480.0,665784,1780.0,489,1779.0,576,nan,0,nan,0,nan,0,nan,0,nan,0,nan,0,nan,0,nan,0
1597988355741950976,1597988356224999936,2020-08-21 13:39:16.225000,1780.0,1843.0,1764.0,1840.0,nan,1796.0,1506519,54114162480.0,665784,1780.0,490,1779.0,576,nan,0,nan,0,nan,0,nan,0,nan,0,nan,0,nan,0,nan,0
1597988356241925888,1597988356732999936,2020-08-21 13:39:16.733000,1780.0,1843.0,1764.0,1840.0,nan,1796.0,1506520,54114198400.0,665784,1780.0,494,1779.0,576,nan,0,nan,0,nan,0,nan,0,nan,0,nan,0,nan,0,nan,0
1597988357248250112,1597988357663000064,2020-08-21 13:39:17.663000,1780.0,1843.0,1764.0,1840.0,nan,1796.0,1506520,54114198400.0,665784,1780.0,494,1779.0,589,nan,0,nan,0,nan,0,nan,0,nan,0,nan,0,nan,0,nan,0
1597988357745364992,1597988358234999808,2020-08-21 13:39:18.235000,1779.0,1843.0,1764.0,1840.0,nan,1796.0,1506521,54114234320.0,665784,1780.0,494,1779.0,594,nan,0,nan,0,nan,0,nan,0,nan,0,nan,0,nan,0,nan,0
1597988358247451904,1597988358742000128,2020-08-21 13:39:18.742000,1779.0,1843.0,1764.0,1840.0,nan,1796.0,1506530,54114557600.0,665788,1780.0,509,1779.0,592,nan,0,nan,0,nan,0,nan,0,nan,0,nan,0,nan,0,nan,0
1597988358743554048,1597988359244000000,2020-08-21 13:39:19.244000,1780.0,1843.0,1764.0,1840.0,nan,1796.0,1506533,54114665360.0,665788,1780.0,507,1779.0,591,nan,0,nan,0,nan,0,nan,0,nan,0,nan,0,nan,0,nan,0
1597988359249522944,1597988359740000000,2020-08-21 13:39:19.740000,1780.0,1843.0,1764.0,1840.0,nan,1796.0,1506534,54114701280.0,665789,1780.0,506,1779.0,592,nan,0,nan,0,nan,0,nan,0,nan,0,nan,0,nan,0,nan,0
1597988359743236096,1597988360240000000,2020-08-21 13:39:20.240000,1780.0,1843.0,1764.0,1840.0,nan,1796.0,1506551,54115311920.0,665806,1780.0,489,1779.0,593,nan,0,nan,0,nan,0,nan,0,nan,0,nan,0,nan,0,nan,0
1597988360248215040,1597988360740999936,2020-08-21 13:39:20.741000,1780.0,1843.0,1764.0,1840.0,nan,1796.0,1506551,54115311920.0,665806,1780.0,498,1779.0,593,nan,0,nan,0,nan,0,nan,0,nan,0,nan,0,nan,0,nan,0
1597988360746480128,1597988361153000192,2020-08-21 13:39:21.153000,1780.0,1843.0,1764.0,1840.0,nan,1796.0,1506553,54115383760.0,665807,1780.0,472,1779.0,593,nan,0,nan,0,nan,0,nan,0,nan,0,nan,0,nan,0,nan,0
1597988361246620928,1597988361737999872,2020-08-21 13:39:21.738000,1780.0,1843.0,1764.0,1840.0,nan,1796.0,1506559,54115599280.0,665813,1780.0,491,1779.0,585,nan,0,nan,0,nan,0,nan,0,nan,0,nan,0,nan,0,nan,0
1597988361749682944,1597988362233999872,2020-08-21 13:39:22.234000,1780.0,1843.0,1764.0,1840.0,nan,1796.0,1506559,54115599280.0,665813,1780.0,497,1779.0,585,nan,0,nan,0,nan,0,nan,0,nan,0,nan,0,nan,0,nan,0
1597988362245468928,1597988362736000000,2020-08-21 13:39:22.736000,1780.0,1843.0,1764.0,1840.0,nan,1796.0,1506567,54115886640.0,665818,1780.0,494,1779.0,580,nan,0,nan,0,nan,0,nan,0,nan,0,nan,0,nan,0,nan,0
1597988362776346112,1597988363240999936,2020-08-21 13:39:23.241000,1780.0,1843.0,1764.0,1840.0,nan,1796.0,1506567,54115886640.0,665818,1780.0,495,1779.0,590,nan,0,nan,0,nan,0,nan,0,nan,0,nan,0,nan,0,nan,0
1597988363251240960,1597988363716000000,2020-08-21 13:39:23.716000,1780.0,1843.0,1764.0,1840.0,nan,1796.0,1506568,54115922560.0,665819,1780.0,494,1779.0,590,nan,0,nan,0,nan,0,nan,0,nan,0,nan,0,nan,0,nan,0
1597988363750157056,1597988364230000128,2020-08-21 13:39:24.230000,1780.0,1843.0,1764.0,1840.0,nan,1796.0,1506568,54115922560.0,665819,1780.0,494,1779.0,591,nan,0,nan,0,nan,0,nan,0,nan,0,nan,0,nan,0,nan,0
1597988364252952064,1597988364740000000,2020-08-21 13:39:24.740000,1780.0,1843.0,1764.0,1840.0,nan,1796.0,1506568,54115922560.0,665819,1780.0,495,1779.0,592,nan,0,nan,0,nan,0,nan,0,nan,0,nan,0,nan,0,nan,0
1597988364754459904,1597988365242000128,2020-08-21 13:39:25.242000,1780.0,1843.0,1764.0,1840.0,nan,1796.0,1506568,54115922560.0,665819,1780.0,486,1779.0,592,nan,0,nan,0,nan,0,nan,0,nan,0,nan,0,nan,0,nan,0
1597988365253447936,1597988365728000000,2020-08-21 13:39:25.728000,1779.0,1843.0,1764.0,1840.0,nan,1796.0,1506569,54115958480.0,665820,1780.0,489,1779.0,596,nan,0,nan,0,nan,0,nan,0,nan,0,nan,0,nan,0,nan,0
1597988365749003008,1597988366243000064,2020-08-21 13:39:26.243000,1780.0,1843.0,1764.0,1840.0,nan,1796.0,1506585,54116533200.0,665831,1780.0,476,1779.0,595,nan,0,nan,0,nan,0,nan,0,nan,0,nan,0,nan,0,nan,0
1597988366250504960,1597988366731000064,2020-08-21 13:39:26.731000,1779.0,1843.0,1764.0,1840.0,nan,1796.0,1506586,54116569120.0,665831,1780.0,480,1779.0,594,nan,0,nan,0,nan,0,nan,0,nan,0,nan,0,nan,0,nan,0
1597988366764982016,1597988367232000000,2020-08-21 13:39:27.232000,1780.0,1843.0,1764.0,1840.0,nan,1796.0,1506587,54116605040.0,665831,1780.0,479,1779.0,594,nan,0,nan,0,nan,0,nan,0,nan,0,nan,0,nan,0,nan,0
1597988367259375104,1597988367731000064,2020-08-21 13:39:27.731000,1780.0,1843.0,1764.0,1840.0,nan,1796.0,1506597,54116964240.0,665831,1780.0,473,1779.0,594,nan,0,nan,0,nan,0,nan,0,nan,0,nan,0,nan,0,nan,0
1597988367751250944,1597988368209000192,2020-08-21 13:39:28.209000,1780.0,1843.0,1764.0,1840.0,nan,1796.0,1506600,54117072000.0,665831,1780.0,480,1779.0,593,nan,0,nan,0,nan,0,nan,0,nan,0,nan,0,nan,0,nan,0
1597988368266368000,1597988368736999936,2020-08-21 13:39:28.737000,1780.0,1843.0,1764.0,1840.0,nan,1796.0,1506600,54117072000.0,665831,1780.0,479,1779.0,618,nan,0,nan,0,nan,0,nan,0,nan,0,nan,0,nan,0,nan,0
1597988368752148992,1597988369236999936,2020-08-21 13:39:29.237000,1780.0,1843.0,1764.0,1840.0,nan,1796.0,1506601,54117107920.0,665831,1780.0,477,1779.0,618,nan,0,nan,0,nan,0,nan,0,nan,0,nan,0,nan,0,nan,0
1597988369256678912,1597988369731000064,2020-08-21 13:39:29.731000,1780.0,1843.0,1764.0,1840.0,nan,1796.0,1506603,54117179760.0,665833,1780.0,476,1779.0,618,nan,0,nan,0,nan,0,nan,0,nan,0,nan,0,nan,0,nan,0
1597988369759601920,1597988370196000000,2020-08-21 13:39:30.196000,1780.0,1843.0,1764.0,1840.0,nan,1796.0,1506605,54117251600.0,665834,1780.0,475,1779.0,624,nan,0,nan,0,nan,0,nan,0,nan,0,nan,0,nan,0,nan,0
1597988370269326080,1597988370739000064,2020-08-21 13:39:30.739000,1780.0,1843.0,1764.0,1840.0,nan,1796.0,1506609,54117395280.0,665838,1780.0,471,1779.0,625,nan,0,nan,0,nan,0,nan,0,nan,0,nan,0,nan,0,nan,0
1597988370760348928,1597988371223000064,2020-08-21 13:39:31.223000,1780.0,1843.0,1764.0,1840.0,nan,1796.0,1506609,54117395280.0,665838,1780.0,471,1779.0,624,nan,0,nan,0,nan,0,nan,0,nan,0,nan,0,nan,0,nan,0
1597988371258989056,1597988371739000064,2020-08-21 13:39:31.739000,1780.0,1843.0,1764.0,1840.0,nan,1796.0,1506613,54117538960.0,665840,1780.0,467,1779.0,624,nan,0,nan,0,nan,0,nan,0,nan,0,nan,0,nan,0,nan,0
1597988371758183936,1597988372240999936,2020-08-21 13:39:32.241000,1780.0,1843.0,1764.0,1840.0,nan,1796.0,1506615,54117610800.0,665841,1780.0,465,1779.0,624,nan,0,nan,0,nan,0,nan,0,nan,0,nan,0,nan,0,nan,0
1597988372254515968,1597988372739000064,2020-08-21 13:39:32.739000,1779.0,1843.0,1764.0,1840.0,nan,1796.0,1506617,54117682640.0,665843,1780.0,467,1779.0,622,nan,0,nan,0,nan,0,nan,0,nan,0,nan,0,nan,0,nan,0
1597988372783073024,1597988373240999936,2020-08-21 13:39:33.241000,1779.0,1843.0,1764.0,1840.0,nan,1796.0,1506617,54117682640.0,665843,1780.0,468,1779.0,622,nan,0,nan,0,nan,0,nan,0,nan,0,nan,0,nan,0,nan,0
1597988373252623104,1597988373724999936,2020-08-21 13:39:33.725000,1779.0,1843.0,1764.0,1840.0,nan,1796.0,1506617,54117682640.0,665843,1780.0,469,1779.0,623,nan,0,nan,0,nan,0,nan,0,nan,0,nan,0,nan,0,nan,0
1597988373762515968,1597988374216999936,2020-08-21 13:39:34.217000,1779.0,1843.0,1764.0,1840.0,nan,1796.0,1506617,54117682640.0,665843,1780.0,468,1779.0,623,nan,0,nan,0,nan,0,nan,0,nan,0,nan,0,nan,0,nan,0
1597988374261264896,1597988374736999936,2020-08-21 13:39:34.737000,1779.0,1843.0,1764.0,1840.0,nan,1796.0,1506617,54117682640.0,665843,1780.0,471,1779.0,622,nan,0,nan,0,nan,0,nan,0,nan,0,nan,0,nan,0,nan,0
1597988374772306944,1597988375244000000,2020-08-21 13:39:35.244000,1779.0,1843.0,1764.0,1840.0,nan,1796.0,1506632,54118221440.0,665858,1780.0,475,1779.0,608,nan,0,nan,0,nan,0,nan,0,nan,0,nan,0,nan,0,nan,0
1597988375759444992,1597988376240000000,2020-08-21 13:39:36.240000,1779.0,1843.0,1764.0,1840.0,nan,1796.0,1506632,54118221440.0,665858,1780.0,477,1779.0,608,nan,0,nan,0,nan,0,nan,0,nan,0,nan,0,nan,0,nan,0
1597988376256067072,1597988376744000000,2020-08-21 13:39:36.744000,1779.0,1843.0,1764.0,1840.0,nan,1796.0,1506632,54118221440.0,665858,1780.0,487,1779.0,609,nan,0,nan,0,nan,0,nan,0,nan,0,nan,0,nan,0,nan,0
1597988376766544896,1597988377236999936,2020-08-21 13:39:37.237000,1779.0,1843.0,1764.0,1840.0,nan,1796.0,1506632,54118221440.0,665858,1780.0,487,1779.0,608,nan,0,nan,0,nan,0,nan,0,nan,0,nan,0,nan,0,nan,0
1597988377265097984,1597988377743000064,2020-08-21 13:39:37.743000,1780.0,1843.0,1764.0,1840.0,nan,1796.0,1506637,54118401040.0,665862,1780.0,482,1779.0,608,nan,0,nan,0,nan,0,nan,0,nan,0,nan,0,nan,0,nan,0
1597988377766501120,1597988378224999936,2020-08-21 13:39:38.225000,1780.0,1843.0,1764.0,1840.0,nan,1796.0,1506637,54118401040.0,665862,1780.0,472,1779.0,609,nan,0,nan,0,nan,0,nan,0,nan,0,nan,0,nan,0,nan,0
1597988378375311872,1597988378743000064,2020-08-21 13:39:38.743000,1779.0,1843.0,1764.0,1840.0,nan,1796.0,1506647,54118760240.0,665862,1780.0,473,1779.0,599,nan,0,nan,0,nan,0,nan,0,nan,0,nan,0,nan,0,nan,0
1597988378748795904,1597988379204999936,2020-08-21 13:39:39.205000,1779.0,1843.0,1764.0,1840.0,nan,1796.0,1506647,54118760240.0,665862,1780.0,480,1779.0,599,nan,0,nan,0,nan,0,nan,0,nan,0,nan,0,nan,0,nan,0
1597988379251886080,1597988379720999936,2020-08-21 13:39:39.721000,1779.0,1843.0,1764.0,1840.0,nan,1796.0,1506648,54118796160.0,665863,1780.0,482,1779.0,597,nan,0,nan,0,nan,0,nan,0,nan,0,nan,0,nan,0,nan,0
1597988380258631936,1597988380729000192,2020-08-21 13:39:40.729000,1779.0,1843.0,1764.0,1840.0,nan,1796.0,1506648,54118796160.0,665863,1780.0,483,1779.0,597,nan,0,nan,0,nan,0,nan,0,nan,0,nan,0,nan,0,nan,0
1597988380761811968,1597988381234999808,2020-08-21 13:39:41.235000,1780.0,1843.0,1764.0,1840.0,nan,1796.0,1506650,54118868000.0,665863,1780.0,482,1779.0,597,nan,0,nan,0,nan,0,nan,0,nan,0,nan,0,nan,0,nan,0
1597988381253385984,1597988381719000064,2020-08-21 13:39:41.719000,1780.0,1843.0,1764.0,1840.0,nan,1796.0,1506651,54118903920.0,665863,1780.0,481,1779.0,594,nan,0,nan,0,nan,0,nan,0,nan,0,nan,0,nan,0,nan,0
1597988381758269952,1597988382240999936,2020-08-21 13:39:42.241000,1780.0,1843.0,1764.0,1840.0,nan,1796.0,1506651,54118903920.0,665863,1780.0,483,1779.0,594,nan,0,nan,0,nan,0,nan,0,nan,0,nan,0,nan,0,nan,0
1597988382254740992,1597988382742000128,2020-08-21 13:39:42.742000,1780.0,1843.0,1764.0,1840.0,nan,1796.0,1506653,54118975760.0,665864,1780.0,481,1779.0,594,nan,0,nan,0,nan,0,nan,0,nan,0,nan,0,nan,0,nan,0
1597988382756310016,1597988383234999808,2020-08-21 13:39:43.235000,1780.0,1843.0,1764.0,1840.0,nan,1796.0,1506653,54118975760.0,665864,1780.0,482,1779.0,594,nan,0,nan,0,nan,0,nan,0,nan,0,nan,0,nan,0,nan,0
1597988383257699072,1597988383716999936,2020-08-21 13:39:43.717000,1780.0,1843.0,1764.0,1840.0,nan,1796.0,1506654,54119011680.0,665863,1780.0,485,1779.0,594,nan,0,nan,0,nan,0,nan,0,nan,0,nan,0,nan,0,nan,0
1597988383755919872,1597988384208000000,2020-08-21 13:39:44.208000,1779.0,1843.0,1764.0,1840.0,nan,1796.0,1506655,54119047600.0,665864,1780.0,487,1779.0,593,nan,0,nan,0,nan,0,nan,0,nan,0,nan,0,nan,0,nan,0
1597988384256736000,1597988384744000000,2020-08-21 13:39:44.744000,1780.0,1843.0,1764.0,1840.0,nan,1796.0,1506657,54119119440.0,665862,1780.0,489,1779.0,593,nan,0,nan,0,nan,0,nan,0,nan,0,nan,0,nan,0,nan,0
1597988385259805952,1597988385733999872,2020-08-21 13:39:45.734000,1780.0,1843.0,1764.0,1840.0,nan,1796.0,1506659,54119191280.0,665860,1780.0,487,1779.0,594,nan,0,nan,0,nan,0,nan,0,nan,0,nan,0,nan,0,nan,0
1597988385757579008,1597988386194000128,2020-08-21 13:39:46.194000,1780.0,1843.0,1764.0,1840.0,nan,1796.0,1506659,54119191280.0,665860,1780.0,488,1779.0,594,nan,0,nan,0,nan,0,nan,0,nan,0,nan,0,nan,0,nan,0
1597988386260363008,1597988386704999936,2020-08-21 13:39:46.705000,1780.0,1843.0,1764.0,1840.0,nan,1796.0,1506659,54119191280.0,665860,1780.0,488,1779.0,595,nan,0,nan,0,nan,0,nan,0,nan,0,nan,0,nan,0,nan,0
1597988387257654016,1597988387728000000,2020-08-21 13:39:47.728000,1780.0,1843.0,1764.0,1840.0,nan,1796.0,1506659,54119191280.0,665860,1780.0,491,1779.0,600,nan,0,nan,0,nan,0,nan,0,nan,0,nan,0,nan,0,nan,0
1597988387755117056,1597988388223000064,2020-08-21 13:39:48.223000,1780.0,1843.0,1764.0,1840.0,nan,1796.0,1506659,54119191280.0,665860,1780.0,491,1779.0,578,nan,0,nan,0,nan,0,nan,0,nan,0,nan,0,nan,0,nan,0
1597988388262125056,1597988388739000064,2020-08-21 13:39:48.739000,1779.0,1843.0,1764.0,1840.0,nan,1796.0,1506660,54119227200.0,665861,1780.0,491,1779.0,578,nan,0,nan,0,nan,0,nan,0,nan,0,nan,0,nan,0,nan,0
1597988388761296896,1597988389243000064,2020-08-21 13:39:49.243000,1780.0,1843.0,1764.0,1840.0,nan,1796.0,1506666,54119442720.0,665861,1780.0,487,1779.0,577,nan,0,nan,0,nan,0,nan,0,nan,0,nan,0,nan,0,nan,0
1597988389260668928,1597988389707000064,2020-08-21 13:39:49.707000,1779.0,1843.0,1764.0,1840.0,nan,1796.0,1506669,54119550480.0,665861,1780.0,487,1779.0,574,nan,0,nan,0,nan,0,nan,0,nan,0,nan,0,nan,0,nan,0
1597988390257541120,1597988390744000000,2020-08-21 13:39:50.744000,1779.0,1843.0,1764.0,1840.0,nan,1796.0,1506669,54119550480.0,665861,1780.0,488,1779.0,574,nan,0,nan,0,nan,0,nan,0,nan,0,nan,0,nan,0,nan,0
1597988390767945984,1597988391240999936,2020-08-21 13:39:51.241000,1779.0,1843.0,1764.0,1840.0,nan,1796.0,1506675,54119766000.0,665862,1780.0,486,1779.0,574,nan,0,nan,0,nan,0,nan,0,nan,0,nan,0,nan,0,nan,0
1597988391258417920,1597988391742000128,2020-08-21 13:39:51.742000,1779.0,1843.0,1764.0,1840.0,nan,1796.0,1506675,54119766000.0,665862,1780.0,487,1779.0,574,nan,0,nan,0,nan,0,nan,0,nan,0,nan,0,nan,0,nan,0
1597988392265070080,1597988392736999936,2020-08-21 13:39:52.737000,1779.0,1843.0,1764.0,1840.0,nan,1796.0,1506677,54119837840.0,665862,1780.0,492,1779.0,573,nan,0,nan,0,nan,0,nan,0,nan,0,nan,0,nan,0,nan,0
1597988392761453056,1597988393233999872,2020-08-21 13:39:53.234000,1779.0,1843.0,1764.0,1840.0,nan,1796.0,1506677,54119837840.0,665862,1780.0,508,1779.0,574,nan,0,nan,0,nan,0,nan,0,nan,0,nan,0,nan,0,nan,0
1597988393260142080,1597988393729000192,2020-08-21 13:39:53.729000,1779.0,1843.0,1764.0,1840.0,nan,1796.0,1506687,54120197040.0,665855,1780.0,519,1779.0,564,nan,0,nan,0,nan,0,nan,0,nan,0,nan,0,nan,0,nan,0
1597988394261371904,1597988394743000064,2020-08-21 13:39:54.743000,1779.0,1843.0,1764.0,1840.0,nan,1796.0,1506687,54120197040.0,665855,1780.0,519,1779.0,564,nan,0,nan,0,nan,0,nan,0,nan,0,nan,0,nan,0,nan,0
1597988394767763968,1597988395243000064,2020-08-21 13:39:55.243000,1779.0,1843.0,1764.0,1840.0,nan,1796.0,1506687,54120197040.0,665855,1780.0,520,1779.0,564,nan,0,nan,0,nan,0,nan,0,nan,0,nan,0,nan,0,nan,0
1597988395262586112,1597988395743000064,2020-08-21 13:39:55.743000,1779.0,1843.0,1764.0,1840.0,nan,1796.0,1506687,54120197040.0,665855,1780.0,520,1779.0,555,nan,0,nan,0,nan,0,nan,0,nan,0,nan,0,nan,0,nan,0
1597988395762656000,1597988396236000000,2020-08-21 13:39:56.236000,1779.0,1843.0,1764.0,1840.0,nan,1796.0,1506687,54120197040.0,665855,1780.0,521,1779.0,555,nan,0,nan,0,nan,0,nan,0,nan,0,nan,0,nan,0,nan,0
1597988396269069056,1597988396729000192,2020-08-21 13:39:56.729000,1779.0,1843.0,1764.0,1840.0,nan,1796.0,1506687,54120197040.0,665855,1780.0,541,1779.0,555,nan,0,nan,0,nan,0,nan,0,nan,0,nan,0,nan,0,nan,0
1597988396774925056,1597988397231000064,2020-08-21 13:39:57.231000,1779.0,1843.0,1764.0,1840.0,nan,1796.0,1506692,54120376640.0,665857,1780.0,543,1779.0,550,nan,0,nan,0,nan,0,nan,0,nan,0,nan,0,nan,0,nan,0
1597988397263342080,1597988397743000064,2020-08-21 13:39:57.743000,1779.0,1843.0,1764.0,1840.0,nan,1796.0,1506692,54120376640.0,665857,1780.0,585,1779.0,543,nan,0,nan,0,nan,0,nan,0,nan,0,nan,0,nan,0,nan,0
1597988397769797120,1597988398239000064,2020-08-21 13:39:58.239000,1779.0,1843.0,1764.0,1840.0,nan,1796.0,1506692,54120376640.0,665857,1780.0,585,1779.0,543,nan,0,nan,0,nan,0,nan,0,nan,0,nan,0,nan,0,nan,0
1597988398278226944,1597988398740999936,2020-08-21 13:39:58.741000,1779.0,1843.0,1764.0,1840.0,nan,1796.0,1506696,54120520320.0,665855,1780.0,585,1779.0,539,nan,0,nan,0,nan,0,nan,0,nan,0,nan,0,nan,0,nan,0
1597988398765147904,1597988399239000064,2020-08-21 13:39:59.239000,1779.0,1843.0,1764.0,1840.0,nan,1796.0,1506697,54120556240.0,665855,1780.0,584,1779.0,538,nan,0,nan,0,nan,0,nan,0,nan,0,nan,0,nan,0,nan,0
1597988399264963072,1597988399743000064,2020-08-21 13:39:59.743000,1779.0,1843.0,1764.0,1840.0,nan,1796.0,1506697,54120556240.0,665855,1780.0,586,1779.0,538,nan,0,nan,0,nan,0,nan,0,nan,0,nan,0,nan,0,nan,0
1597988399765361920,1597988400224000000,2020-08-21 13:40:00.224000,1779.0,1843.0,1764.0,1840.0,nan,1796.0,1506698,54120592160.0,665856,1780.0,586,1779.0,537,nan,0,nan,0,nan,0,nan,0,nan,0,nan,0,nan,0,nan,0
1597988400269849088,1597988400744000000,2020-08-21 13:40:00.744000,1780.0,1843.0,1764.0,1840.0,nan,1796.0,1506699,54120628080.0,665855,1780.0,585,1779.0,537,nan,0,nan,0,nan,0,nan,0,nan,0,nan,0,nan,0,nan,0
1597988400769114112,1597988401224999936,2020-08-21 13:40:01.225000,1779.0,1843.0,1764.0,1840.0,nan,1796.0,1506700,54120664000.0,665856,1780.0,586,1779.0,536,nan,0,nan,0,nan,0,nan,0,nan,0,nan,0,nan,0,nan,0
1597988401274855936,1597988401703000064,2020-08-21 13:40:01.703000,1779.0,1843.0,1764.0,1840.0,nan,1796.0,1506700,54120664000.0,665856,1780.0,586,1779.0,537,nan,0,nan,0,nan,0,nan,0,nan,0,nan,0,nan,0,nan,0
1597988401772678912,1597988402216999936,2020-08-21 13:40:02.217000,1779.0,1843.0,1764.0,1840.0,nan,1796.0,1506701,54120699920.0,665857,1780.0,587,1779.0,536,nan,0,nan,0,nan,0,nan,0,nan,0,nan,0,nan,0,nan,0
1597988402274488064,1597988402742000128,2020-08-21 13:40:02.742000,1779.0,1843.0,1764.0,1840.0,nan,1796.0,1506702,54120735840.0,665857,1780.0,593,1779.0,533,nan,0,nan,0,nan,0,nan,0,nan,0,nan,0,nan,0,nan,0
1597988402771457024,1597988403240999936,2020-08-21 13:40:03.241000,1779.0,1843.0,1764.0,1840.0,nan,1796.0,1506702,54120735840.0,665857,1780.0,595,1779.0,533,nan,0,nan,0,nan,0,nan,0,nan,0,nan,0,nan,0,nan,0
1597988403275298048,1597988403719000064,2020-08-21 13:40:03.719000,1779.0,1843.0,1764.0,1840.0,nan,1796.0,1506702,54120735840.0,665857,1780.0,595,1779.0,537,nan,0,nan,0,nan,0,nan,0,nan,0,nan,0,nan,0,nan,0
1597988403767212032,1597988404240000000,2020-08-21 13:40:04.240000,1779.0,1843.0,1764.0,1840.0,nan,1796.0,1506703,54120771760.0,665856,1780.0,594,1779.0,536,nan,0,nan,0,nan,0,nan,0,nan,0,nan,0,nan,0,nan,0
1597988404271542016,1597988404734999808,2020-08-21 13:40:04.735000,1779.0,1843.0,1764.0,1840.0,nan,1796.0,1506703,54120771760.0,665856,1780.0,595,1779.0,535,nan,0,nan,0,nan,0,nan,0,nan,0,nan,0,nan,0,nan,0
1597988404762920960,1597988405221999872,2020-08-21 13:40:05.222000,1780.0,1843.0,1764.0,1840.0,nan,1796.0,1506713,54121130960.0,665856,1780.0,585,1779.0,535,nan,0,nan,0,nan,0,nan,0,nan,0,nan,0,nan,0,nan,0
1597988405268078080,1597988405729000192,2020-08-21 13:40:05.729000,1780.0,1843.0,1764.0,1840.0,nan,1796.0,1506716,54121238720.0,665858,1780.0,594,1779.0,533,nan,0,nan,0,nan,0,nan,0,nan,0,nan,0,nan,0,nan,0
1597988405766307072,1597988406210000128,2020-08-21 13:40:06.210000,1780.0,1843.0,1764.0,1840.0,nan,1796.0,1506716,54121238720.0,665858,1780.0,594,1779.0,535,nan,0,nan,0,nan,0,nan,0,nan,0,nan,0,nan,0,nan,0
1597988406272688128,1597988406744999936,2020-08-21 13:40:06.745000,1779.0,1843.0,1764.0,1840.0,nan,1796.0,1506717,54121274640.0,665859,1780.0,595,1779.0,529,nan,0,nan,0,nan,0,nan,0,nan,0,nan,0,nan,0,nan,0
1597988406773111040,1597988407236999936,2020-08-21 13:40:07.237000,1779.0,1843.0,1764.0,1840.0,nan,1796.0,1506717,54121274640.0,665859,1780.0,694,1779.0,530,nan,0,nan,0,nan,0,nan,0,nan,0,nan,0,nan,0,nan,0
1597988407322009088,1597988407719000064,2020-08-21 13:40:07.719000,1779.0,1843.0,1764.0,1840.0,nan,1796.0,1506717,54121274640.0,665859,1780.0,704,1779.0,530,nan,0,nan,0,nan,0,nan,0,nan,0,nan,0,nan,0,nan,0
1597988407771220992,1597988408239000064,2020-08-21 13:40:08.239000,1780.0,1843.0,1764.0,1840.0,nan,1796.0,1506718,54121310560.0,665859,1780.0,703,1779.0,462,nan,0,nan,0,nan,0,nan,0,nan,0,nan,0,nan,0,nan,0
1597988408269223936,1597988408740000000,2020-08-21 13:40:08.740000,1780.0,1843.0,1764.0,1840.0,nan,1796.0,1506718,54121310560.0,665859,1780.0,707,1779.0,462,nan,0,nan,0,nan,0,nan,0,nan,0,nan,0,nan,0,nan,0
1597988408817925120,1597988409211000064,2020-08-21 13:40:09.211000,1779.0,1843.0,1764.0,1840.0,nan,1796.0,1506723,54121490160.0,665864,1780.0,709,1779.0,457,nan,0,nan,0,nan,0,nan,0,nan,0,nan,0,nan,0,nan,0
1597988409263420928,1597988409736999936,2020-08-21 13:40:09.737000,1779.0,1843.0,1764.0,1840.0,nan,1796.0,1507181,54137941520.0,665910,1779.0,411,1778.0,956,nan,0,nan,0,nan,0,nan,0,nan,0,nan,0,nan,0,nan,0
1597988409772535040,1597988410194999808,2020-08-21 13:40:10.195000,1778.0,1843.0,1764.0,1840.0,nan,1796.0,1507184,54138049280.0,665913,1779.0,499,1778.0,942,nan,0,nan,0,nan,0,nan,0,nan,0,nan,0,nan,0,nan,0
1597988410268988928,1597988410712000000,2020-08-21 13:40:10.712000,1778.0,1843.0,1764.0,1840.0,nan,1796.0,1507216,54139198720.0,665898,1779.0,581,1778.0,936,nan,0,nan,0,nan,0,nan,0,nan,0,nan,0,nan,0,nan,0
1597988410767778048,1597988411239000064,2020-08-21 13:40:11.239000,1779.0,1843.0,1764.0,1840.0,nan,1796.0,1507219,54139306480.0,665896,1779.0,589,1778.0,934,nan,0,nan,0,nan,0,nan,0,nan,0,nan,0,nan,0,nan,0
1597988411272474112,1597988411730000128,2020-08-21 13:40:11.730000,1779.0,1843.0,1764.0,1840.0,nan,1796.0,1507223,54139450160.0,665896,1779.0,586,1778.0,933,nan,0,nan,0,nan,0,nan,0,nan,0,nan,0,nan,0,nan,0
1597988411776112128,1597988412224999936,2020-08-21 13:40:12.225000,1778.0,1843.0,1764.0,1840.0,nan,1796.0,1507224,54139486080.0,665896,1779.0,664,1778.0,932,nan,0,nan,0,nan,0,nan,0,nan,0,nan,0,nan,0,nan,0
1597988412270938112,1597988412708000000,2020-08-21 13:40:12.708000,1779.0,1843.0,1764.0,1840.0,nan,1796.0,1507226,54139557920.0,665896,1779.0,663,1778.0,933,nan,0,nan,0,nan,0,nan,0,nan,0,nan,0,nan,0,nan,0
1597988412778429952,1597988413236999936,2020-08-21 13:40:13.237000,1779.0,1843.0,1764.0,1840.0,nan,1796.0,1507226,54139557920.0,665896,1779.0,682,1778.0,933,nan,0,nan,0,nan,0,nan,0,nan,0,nan,0,nan,0,nan,0
1597988413270859008,1597988413709000192,2020-08-21 13:40:13.709000,1779.0,1843.0,1764.0,1840.0,nan,1796.0,1507227,54139593840.0,665895,1779.0,695,1778.0,1033,nan,0,nan,0,nan,0,nan,0,nan,0,nan,0,nan,0,nan,0
1597988413768436992,1597988414230000128,2020-08-21 13:40:14.230000,1778.0,1843.0,1764.0,1840.0,nan,1796.0,1507234,54139845280.0,665891,1779.0,697,1778.0,1033,nan,0,nan,0,nan,0,nan,0,nan,0,nan,0,nan,0,nan,0
1597988414270704896,1597988414728000000,2020-08-21 13:40:14.728000,1779.0,1843.0,1764.0,1840.0,nan,1796.0,1507238,54139988960.0,665887,1779.0,693,1778.0,1033,nan,0,nan,0,nan,0,nan,0,nan,0,nan,0,nan,0,nan,0
1597988414782420992,1597988415240999936,2020-08-21 13:40:15.241000,1779.0,1843.0,1764.0,1840.0,nan,1796.0,1507264,54140922880.0,665887,1779.0,668,1778.0,1070,nan,0,nan,0,nan,0,nan,0,nan,0,nan,0,nan,0,nan,0
1597988415275290112,1597988415740999936,2020-08-21 13:40:15.741000,1778.0,1843.0,1764.0,1840.0,nan,1796.0,1507268,54141066560.0,665887,1779.0,665,1778.0,1067,nan,0,nan,0,nan,0,nan,0,nan,0,nan,0,nan,0,nan,0
1597988415778470912,1597988416231000064,2020-08-21 13:40:16.231000,1778.0,1843.0,1764.0,1840.0,nan,1796.0,1507370,54144730400.0,665786,1779.0,565,1778.0,1065,nan,0,nan,0,nan,0,nan,0,nan,0,nan,0,nan,0,nan,0
1597988416273314048,1597988416740999936,2020-08-21 13:40:16.741000,1779.0,1843.0,1764.0,1840.0,nan,1796.0,1507373,54144838160.0,665788,1779.0,564,1778.0,1063,nan,0,nan,0,nan,0,nan,0,nan,0,nan,0,nan,0,nan,0
1597988416772753920,1597988417244000000,2020-08-21 13:40:17.244000,1779.0,1843.0,1764.0,1840.0,nan,1796.0,1507384,54145233280.0,665789,1779.0,564,1778.0,1057,nan,0,nan,0,nan,0,nan,0,nan,0,nan,0,nan,0,nan,0
1597988417273636096,1597988417744000000,2020-08-21 13:40:17.744000,1778.0,1843.0,1764.0,1840.0,nan,1796.0,1507386,54145305120.0,665790,1779.0,563,1778.0,1060,nan,0,nan,0,nan,0,nan,0,nan,0,nan,0,nan,0,nan,0
1597988417787895040,1597988418243000064,2020-08-21 13:40:18.243000,1779.0,1843.0,1764.0,1840.0,nan,1796.0,1507387,54145341040.0,665789,1779.0,562,1778.0,1061,nan,0,nan,0,nan,0,nan,0,nan,0,nan,0,nan,0,nan,0
1597988418274959872,1597988418734999808,2020-08-21 13:40:18.735000,1778.0,1843.0,1764.0,1840.0,nan,1796.0,1507397,54145700240.0,665795,1779.0,561,1778.0,1062,nan,0,nan,0,nan,0,nan,0,nan,0,nan,0,nan,0,nan,0
1597988418781616896,1597988419226000128,2020-08-21 13:40:19.226000,1778.0,1843.0,1764.0,1840.0,nan,1796.0,1507401,54145843920.0,665799,1779.0,567,1778.0,1058,nan,0,nan,0,nan,0,nan,0,nan,0,nan,0,nan,0,nan,0
1597988419277916928,1597988419665999872,2020-08-21 13:40:19.666000,1778.0,1843.0,1764.0,1840.0,nan,1796.0,1507405,54145987600.0,665803,1779.0,569,1778.0,1059,nan,0,nan,0,nan,0,nan,0,nan,0,nan,0,nan,0,nan,0
1597988419780783104,1597988420226000128,2020-08-21 13:40:20.226000,1779.0,1843.0,1764.0,1840.0,nan,1796.0,1507431,54146921520.0,665804,1779.0,555,1778.0,1079,nan,0,nan,0,nan,0,nan,0,nan,0,nan,0,nan,0,nan,0
1597988420290255104,1597988420744000000,2020-08-21 13:40:20.744000,1778.0,1843.0,1764.0,1840.0,nan,1796.0,1507432,54146957440.0,665805,1779.0,515,1778.0,1079,nan,0,nan,0,nan,0,nan,0,nan,0,nan,0,nan,0,nan,0
1597988420771905024,1597988421230000128,2020-08-21 13:40:21.230000,1778.0,1843.0,1764.0,1840.0,nan,1796.0,1507436,54147101120.0,665805,1779.0,519,1778.0,1075,nan,0,nan,0,nan,0,nan,0,nan,0,nan,0,nan,0,nan,0
1597988421274996992,1597988421740000000,2020-08-21 13:40:21.740000,1778.0,1843.0,1764.0,1840.0,nan,1796.0,1507436,54147101120.0,665805,1779.0,523,1778.0,1077,nan,0,nan,0,nan,0,nan,0,nan,0,nan,0,nan,0,nan,0
1597988421770051072,1597988422221999872,2020-08-21 13:40:22.222000,1778.0,1843.0,1764.0,1840.0,nan,1796.0,1507438,54147172960.0,665805,1779.0,532,1778.0,1076,nan,0,nan,0,nan,0,nan,0,nan,0,nan,0,nan,0,nan,0
1597988422270717952,1597988422721999872,2020-08-21 13:40:22.722000,1778.0,1843.0,1764.0,1840.0,nan,1796.0,1507440,54147244800.0,665806,1779.0,601,1778.0,1076,nan,0,nan,0,nan,0,nan,0,nan,0,nan,0,nan,0,nan,0
1597988422772399104,1597988423237999872,2020-08-21 13:40:23.238000,1779.0,1843.0,1764.0,1840.0,nan,1796.0,1507441,54147280720.0,665805,1779.0,612,1778.0,1076,nan,0,nan,0,nan,0,nan,0,nan,0,nan,0,nan,0,nan,0
1597988423281926912,1597988423736999936,2020-08-21 13:40:23.737000,1779.0,1843.0,1764.0,1840.0,nan,1796.0,1507442,54147316640.0,665805,1779.0,611,1778.0,1076,nan,0,nan,0,nan,0,nan,0,nan,0,nan,0,nan,0,nan,0
1597988423782108928,1597988424240000000,2020-08-21 13:40:24.240000,1778.0,1843.0,1764.0,1840.0,nan,1796.0,1507443,54147352560.0,665804,1779.0,614,1778.0,1076,nan,0,nan,0,nan,0,nan,0,nan,0,nan,0,nan,0,nan,0
1597988424282597120,1597988424730000128,2020-08-21 13:40:24.730000,1778.0,1843.0,1764.0,1840.0,nan,1796.0,1507443,54147352560.0,665804,1779.0,617,1778.0,1075,nan,0,nan,0,nan,0,nan,0,nan,0,nan,0,nan,0,nan,0
1597988424774661120,1597988425211000064,2020-08-21 13:40:25.211000,1779.0,1843.0,1764.0,1840.0,nan,1796.0,1507448,54147532160.0,665804,1779.0,613,1778.0,1083,nan,0,nan,0,nan,0,nan,0,nan,0,nan,0,nan,0,nan,0
1597988425276380928,1597988425719000064,2020-08-21 13:40:25.719000,1779.0,1843.0,1764.0,1840.0,nan,1796.0,1507452,54147675840.0,665802,1779.0,617,1778.0,1082,nan,0,nan,0,nan,0,nan,0,nan,0,nan,0,nan,0,nan,0
1597988425777794048,1597988426244999936,2020-08-21 13:40:26.245000,1779.0,1843.0,1764.0,1840.0,nan,1796.0,1507454,54147747680.0,665800,1779.0,615,1778.0,1091,nan,0,nan,0,nan,0,nan,0,nan,0,nan,0,nan,0,nan,0
1597988426294725888,1597988426712000000,2020-08-21 13:40:26.712000,1778.0,1843.0,1764.0,1840.0,nan,1796.0,1507460,54147963200.0,665796,1779.0,615,1778.0,1095,nan,0,nan,0,nan,0,nan,0,nan,0,nan,0,nan,0,nan,0
1597988426858088960,1597988427206000128,2020-08-21 13:40:27.206000,1779.0,1843.0,1764.0,1840.0,nan,1796.0,1507461,54147999120.0,665796,1779.0,615,1778.0,1096,nan,0,nan,0,nan,0,nan,0,nan,0,nan,0,nan,0,nan,0
1597988427279368960,1597988427740000000,2020-08-21 13:40:27.740000,1779.0,1843.0,1764.0,1840.0,nan,1796.0,1507469,54148286480.0,665788,1779.0,606,1778.0,1089,nan,0,nan,0,nan,0,nan,0,nan,0,nan,0,nan,0,nan,0
1597988427788203008,1597988428221999872,2020-08-21 13:40:28.222000,1779.0,1843.0,1764.0,1840.0,nan,1796.0,1507478,54148609760.0,665788,1779.0,619,1778.0,1099,nan,0,nan,0,nan,0,nan,0,nan,0,nan,0,nan,0,nan,0
1597988428281554944,1597988428744999936,2020-08-21 13:40:28.745000,1779.0,1843.0,1764.0,1840.0,nan,1796.0,1507480,54148681600.0,665786,1779.0,617,1778.0,1103,nan,0,nan,0,nan,0,nan,0,nan,0,nan,0,nan,0,nan,0
1597988428780538112,1597988429244999936,2020-08-21 13:40:29.245000,1779.0,1843.0,1764.0,1840.0,nan,1796.0,1507481,54148717520.0,665785,1779.0,616,1778.0,1102,nan,0,nan,0,nan,0,nan,0,nan,0,nan,0,nan,0,nan,0
1597988429282852096,1597988429729000192,2020-08-21 13:40:29.729000,1778.0,1843.0,1764.0,1840.0,nan,1796.0,1507485,54148861200.0,665781,1779.0,615,1778.0,1102,nan,0,nan,0,nan,0,nan,0,nan,0,nan,0,nan,0,nan,0
1597988429785975040,1597988430239000064,2020-08-21 13:40:30.239000,1779.0,1843.0,1764.0,1840.0,nan,1796.0,1507491,54149076720.0,665781,1779.0,610,1778.0,1104,nan,0,nan,0,nan,0,nan,0,nan,0,nan,0,nan,0,nan,0
1597988430319124992,1597988430742000128,2020-08-21 13:40:30.742000,1778.0,1843.0,1764.0,1840.0,nan,1796.0,1507563,54151662960.0,665824,1779.0,561,1778.0,1030,nan,0,nan,0,nan,0,nan,0,nan,0,nan,0,nan,0,nan,0
1597988430784118016,1597988431200999936,2020-08-21 13:40:31.201000,1778.0,1843.0,1764.0,1840.0,nan,1796.0,1507604,54153135680.0,665865,1779.0,561,1778.0,989,nan,0,nan,0,nan,0,nan,0,nan,0,nan,0,nan,0,nan,0
1597988431314225920,1597988431661999872,2020-08-21 13:40:31.662000,1779.0,1843.0,1764.0,1840.0,nan,1796.0,1507605,54153171600.0,665865,1779.0,561,1778.0,989,nan,0,nan,0,nan,0,nan,0,nan,0,nan,0,nan,0,nan,0
1597988431798520064,1597988432244999936,2020-08-21 13:40:32.245000,1778.0,1843.0,1764.0,1840.0,nan,1796.0,1507609,54153315280.0,665865,1779.0,581,1778.0,985,nan,0,nan,0,nan,0,nan,0,nan,0,nan,0,nan,0,nan,0
1597988432279148032,1597988432740999936,2020-08-21 13:40:32.741000,1778.0,1843.0,1764.0,1840.0,nan,1796.0,1507621,54153746320.0,665877,1779.0,591,1778.0,973,nan,0,nan,0,nan,0,nan,0,nan,0,nan,0,nan,0,nan,0
1597988432785779968,1597988433243000064,2020-08-21 13:40:33.243000,1779.0,1843.0,1764.0,1840.0,nan,1796.0,1507625,54153890000.0,665876,1779.0,589,1778.0,973,nan,0,nan,0,nan,0,nan,0,nan,0,nan,0,nan,0,nan,0
1597988433282557952,1597988433737999872,2020-08-21 13:40:33.738000,1779.0,1843.0,1764.0,1840.0,nan,1796.0,1507626,54153925920.0,665876,1779.0,588,1778.0,967,nan,0,nan,0,nan,0,nan,0,nan,0,nan,0,nan,0,nan,0
1597988433839360000,1597988434242000128,2020-08-21 13:40:34.242000,1778.0,1843.0,1764.0,1840.0,nan,1796.0,1507629,54154033680.0,665877,1779.0,587,1778.0,965,nan,0,nan,0,nan,0,nan,0,nan,0,nan,0,nan,0,nan,0
1597988434286959104,1597988434737999872,2020-08-21 13:40:34.738000,1779.0,1843.0,1764.0,1840.0,nan,1796.0,1507636,54154285120.0,665876,1779.0,583,1778.0,964,nan,0,nan,0,nan,0,nan,0,nan,0,nan,0,nan,0,nan,0
1597988434788205056,1597988435239000064,2020-08-21 13:40:35.239000,1778.0,1843.0,1764.0,1840.0,nan,1796.0,1507637,54154321040.0,665877,1779.0,583,1778.0,962,nan,0,nan,0,nan,0,nan,0,nan,0,nan,0,nan,0,nan,0
1597988435284229888,1597988435726000128,2020-08-21 13:40:35.726000,1778.0,1843.0,1764.0,1840.0,nan,1796.0,1507637,54154321040.0,665877,1779.0,582,1778.0,961,nan,0,nan,0,nan,0,nan,0,nan,0,nan,0,nan,0,nan,0
1597988435783369984,1597988436244000000,2020-08-21 13:40:36.244000,1779.0,1843.0,1764.0,1840.0,nan,1796.0,1507650,54154788000.0,665884,1779.0,581,1778.0,951,nan,0,nan,0,nan,0,nan,0,nan,0,nan,0,nan,0,nan,0
1597988436300420096,1597988436740000000,2020-08-21 13:40:36.740000,1779.0,1843.0,1764.0,1840.0,nan,1796.0,1507650,54154788000.0,665884,1779.0,582,1778.0,952,nan,0,nan,0,nan,0,nan,0,nan,0,nan,0,nan,0,nan,0
1597988436798345984,1597988437242000128,2020-08-21 13:40:37.242000,1778.0,1843.0,1764.0,1840.0,nan,1796.0,1507651,54154823920.0,665885,1779.0,588,1778.0,952,nan,0,nan,0,nan,0,nan,0,nan,0,nan,0,nan,0,nan,0
1597988437310344960,1597988437720000000,2020-08-21 13:40:37.720000,1778.0,1843.0,1764.0,1840.0,nan,1796.0,1507651,54154823920.0,665885,1779.0,588,1778.0,953,nan,0,nan,0,nan,0,nan,0,nan,0,nan,0,nan,0,nan,0
1597988437812592896,1597988438233999872,2020-08-21 13:40:38.234000,1778.0,1843.0,1764.0,1840.0,nan,1796.0,1507651,54154823920.0,665885,1779.0,588,1778.0,954,nan,0,nan,0,nan,0,nan,0,nan,0,nan,0,nan,0,nan,0
1597988438291973888,1597988438724000000,2020-08-21 13:40:38.724000,1778.0,1843.0,1764.0,1840.0,nan,1796.0,1507652,54154859840.0,665886,1779.0,593,1778.0,961,nan,0,nan,0,nan,0,nan,0,nan,0,nan,0,nan,0,nan,0
1597988438783015936,1597988439244999936,2020-08-21 13:40:39.245000,1778.0,1843.0,1764.0,1840.0,nan,1796.0,1507652,54154859840.0,665886,1779.0,594,1778.0,962,nan,0,nan,0,nan,0,nan,0,nan,0,nan,0,nan,0,nan,0
1597988439283888896,1597988439734999808,2020-08-21 13:40:39.735000,1778.0,1843.0,1764.0,1840.0,nan,1796.0,1507652,54154859840.0,665886,1779.0,595,1778.0,962,nan,0,nan,0,nan,0,nan,0,nan,0,nan,0,nan,0,nan,0
1597988439785932032,1597988440224000000,2020-08-21 13:40:40.224000,1778.0,1843.0,1764.0,1840.0,nan,1796.0,1507652,54154859840.0,665886,1779.0,597,1778.0,962,nan,0,nan,0,nan,0,nan,0,nan,0,nan,0,nan,0,nan,0
1597988440287408896,1597988440744999936,2020-08-21 13:40:40.745000,1778.0,1843.0,1764.0,1840.0,nan,1796.0,1507653,54154895760.0,665887,1779.0,594,1778.0,961,nan,0,nan,0,nan,0,nan,0,nan,0,nan,0,nan,0,nan,0
1597988440785456128,1597988441234999808,2020-08-21 13:40:41.235000,1778.0,1843.0,1764.0,1840.0,nan,1796.0,1507663,54155254960.0,665889,1779.0,594,1778.0,961,nan,0,nan,0,nan,0,nan,0,nan,0,nan,0,nan,0,nan,0
1597988441291134976,1597988441744000000,2020-08-21 13:40:41.744000,1779.0,1843.0,1764.0,1840.0,nan,1796.0,1507666,54155362720.0,665890,1779.0,593,1778.0,962,nan,0,nan,0,nan,0,nan,0,nan,0,nan,0,nan,0,nan,0
1597988441774985984,1597988442187000064,2020-08-21 13:40:42.187000,1779.0,1843.0,1764.0,1840.0,nan,1796.0,1507673,54155614160.0,665891,1779.0,587,1778.0,960,nan,0,nan,0,nan,0,nan,0,nan,0,nan,0,nan,0,nan,0
1597988442306115072,1597988442744999936,2020-08-21 13:40:42.745000,1779.0,1843.0,1764.0,1840.0,nan,1796.0,1507681,54155901520.0,665887,1779.0,581,1778.0,958,nan,0,nan,0,nan,0,nan,0,nan,0,nan,0,nan,0,nan,0
1597988442778241024,1597988443239000064,2020-08-21 13:40:43.239000,1778.0,1843.0,1764.0,1840.0,nan,1796.0,1507688,54156152960.0,665892,1779.0,581,1778.0,952,nan,0,nan,0,nan,0,nan,0,nan,0,nan,0,nan,0,nan,0
1597988443289722880,1597988443744999936,2020-08-21 13:40:43.745000,1779.0,1843.0,1764.0,1840.0,nan,1796.0,1507698,54156512160.0,665884,1779.0,572,1778.0,953,nan,0,nan,0,nan,0,nan,0,nan,0,nan,0,nan,0,nan,0
1597988443782042112,1597988444208000000,2020-08-21 13:40:44.208000,1779.0,1843.0,1764.0,1840.0,nan,1796.0,1507703,54156691760.0,665883,1779.0,569,1778.0,950,nan,0,nan,0,nan,0,nan,0,nan,0,nan,0,nan,0,nan,0
1597988444317841920,1597988444746000128,2020-08-21 13:40:44.746000,1778.0,1843.0,1764.0,1840.0,nan,1796.0,1507747,54158272240.0,665884,1779.0,571,1778.0,911,nan,0,nan,0,nan,0,nan,0,nan,0,nan,0,nan,0,nan,0
1597988444785005056,1597988445216999936,2020-08-21 13:40:45.217000,1778.0,1843.0,1764.0,1840.0,nan,1796.0,1507747,54158272240.0,665884,1779.0,572,1778.0,911,nan,0,nan,0,nan,0,nan,0,nan,0,nan,0,nan,0,nan,0
1597988445283866880,1597988445717999872,2020-08-21 13:40:45.718000,1778.0,1843.0,1764.0,1840.0,nan,1796.0,1507747,54158272240.0,665884,1779.0,502,1778.0,911,nan,0,nan,0,nan,0,nan,0,nan,0,nan,0,nan,0,nan,0
1597988445783759104,1597988446243000064,2020-08-21 13:40:46.243000,1778.0,1843.0,1764.0,1840.0,nan,1796.0,1507765,54158918800.0,665885,1779.0,485,1778.0,907,nan,0,nan,0,nan,0,nan,0,nan,0,nan,0,nan,0,nan,0
1597988446277624064,1597988446740999936,2020-08-21 13:40:46.741000,1779.0,1843.0,1764.0,1840.0,nan,1796.0,1507768,54159026560.0,665885,1779.0,484,1778.0,905,nan,0,nan,0,nan,0,nan,0,nan,0,nan,0,nan,0,nan,0
1597988446789413120,1597988447240000000,2020-08-21 13:40:47.240000,1778.0,1843.0,1764.0,1840.0,nan,1796.0,1507798,54160104160.0,665886,1779.0,466,1778.0,898,nan,0,nan,0,nan,0,nan,0,nan,0,nan,0,nan,0,nan,0
1597988447337398016,1597988447744999936,2020-08-21 13:40:47.745000,1778.0,1843.0,1764.0,1840.0,nan,1796.0,1507798,54160104160.0,665886,1779.0,467,1778.0,898,nan,0,nan,0,nan,0,nan,0,nan,0,nan,0,nan,0,nan,0
1597988447782171904,1597988448232000000,2020-08-21 13:40:48.232000,1778.0,1843.0,1764.0,1840.0,nan,1796.0,1507807,54160427440.0,665881,1779.0,463,1778.0,897,nan,0,nan,0,nan,0,nan,0,nan,0,nan,0,nan,0,nan,0
1597988448284448000,1597988448746000128,2020-08-21 13:40:48.746000,1778.0,1843.0,1764.0,1840.0,nan,1796.0,1507807,54160427440.0,665881,1779.0,465,1778.0,899,nan,0,nan,0,nan,0,nan,0,nan,0,nan,0,nan,0,nan,0
1597988448792820992,1597988449244999936,2020-08-21 13:40:49.245000,1778.0,1843.0,1764.0,1840.0,nan,1796.0,1507807,54160427440.0,665881,1779.0,466,1778.0,899,nan,0,nan,0,nan,0,nan,0,nan,0,nan,0,nan,0,nan,0
1597988449285581056,1597988449632999936,2020-08-21 13:40:49.633000,1778.0,1843.0,1764.0,1840.0,nan,1796.0,1507808,54160463360.0,665881,1779.0,466,1778.0,898,nan,0,nan,0,nan,0,nan,0,nan,0,nan,0,nan,0,nan,0
1597988449798053888,1597988450244000000,2020-08-21 13:40:50.244000,1778.0,1843.0,1764.0,1840.0,nan,1796.0,1507822,54160966240.0,665887,1779.0,462,1778.0,888,nan,0,nan,0,nan,0,nan,0,nan,0,nan,0,nan,0,nan,0
1597988450291416064,1597988450732000000,2020-08-21 13:40:50.732000,1778.0,1843.0,1764.0,1840.0,nan,1796.0,1508022,54168150240.0,665887,1779.0,462,1778.0,688,nan,0,nan,0,nan,0,nan,0,nan,0,nan,0,nan,0,nan,0
1597988450788220928,1597988451224000000,2020-08-21 13:40:51.224000,1778.0,1843.0,1764.0,1840.0,nan,1796.0,1508023,54168186160.0,665887,1779.0,465,1778.0,690,nan,0,nan,0,nan,0,nan,0,nan,0,nan,0,nan,0,nan,0
1597988451292422912,1597988451743000064,2020-08-21 13:40:51.743000,1778.0,1843.0,1764.0,1840.0,nan,1796.0,1508025,54168258000.0,665887,1779.0,514,1778.0,689,nan,0,nan,0,nan,0,nan,0,nan,0,nan,0,nan,0,nan,0
1597988451794198016,1597988452242000128,2020-08-21 13:40:52.242000,1778.0,1843.0,1764.0,1840.0,nan,1796.0,1508026,54168293920.0,665887,1779.0,514,1778.0,689,nan,0,nan,0,nan,0,nan,0,nan,0,nan,0,nan,0,nan,0
1597988452290599936,1597988452732999936,2020-08-21 13:40:52.733000,1778.0,1843.0,1764.0,1840.0,nan,1796.0,1508031,54168473520.0,665892,1779.0,515,1778.0,684,nan,0,nan,0,nan,0,nan,0,nan,0,nan,0,nan,0,nan,0
1597988452789698048,1597988453180999936,2020-08-21 13:40:53.181000,1778.0,1843.0,1764.0,1840.0,nan,1796.0,1508031,54168473520.0,665892,1779.0,516,1778.0,684,nan,0,nan,0,nan,0,nan,0,nan,0,nan,0,nan,0,nan,0
1597988453278639104,1597988453731000064,2020-08-21 13:40:53.731000,1778.0,1843.0,1764.0,1840.0,nan,1796.0,1508033,54168545360.0,665894,1779.0,515,1778.0,682,nan,0,nan,0,nan,0,nan,0,nan,0,nan,0,nan,0,nan,0
1597988453779993088,1597988454232999936,2020-08-21 13:40:54.233000,1778.0,1843.0,1764.0,1840.0,nan,1796.0,1508034,54168581280.0,665894,1779.0,516,1778.0,681,nan,0,nan,0,nan,0,nan,0,nan,0,nan,0,nan,0,nan,0
1597988454284816896,1597988454709000192,2020-08-21 13:40:54.709000,1778.0,1843.0,1764.0,1840.0,nan,1796.0,1508035,54168617200.0,665895,1779.0,521,1778.0,680,nan,0,nan,0,nan,0,nan,0,nan,0,nan,0,nan,0,nan,0
1597988454783344128,1597988455242000128,2020-08-21 13:40:55.242000,1778.0,1843.0,1764.0,1840.0,nan,1796.0,1508037,54168689040.0,665896,1779.0,521,1778.0,678,nan,0,nan,0,nan,0,nan,0,nan,0,nan,0,nan,0,nan,0
1597988455282212096,1597988455744000000,2020-08-21 13:40:55.744000,1779.0,1843.0,1764.0,1840.0,nan,1796.0,1508040,54168796800.0,665896,1779.0,518,1778.0,678,nan,0,nan,0,nan,0,nan,0,nan,0,nan,0,nan,0,nan,0
1597988455784473088,1597988456220999936,2020-08-21 13:40:56.221000,1778.0,1843.0,1764.0,1840.0,nan,1796.0,1508045,54168976400.0,665901,1779.0,556,1778.0,674,nan,0,nan,0,nan,0,nan,0,nan,0,nan,0,nan,0,nan,0
1597988456289733888,1597988456736000000,2020-08-21 13:40:56.736000,1778.0,1843.0,1764.0,1840.0,nan,1796.0,1508047,54169048240.0,665902,1779.0,558,1778.0,672,nan,0,nan,0,nan,0,nan,0,nan,0,nan,0,nan,0,nan,0
1597988456793310976,1597988457240000000,2020-08-21 13:40:57.240000,1778.0,1843.0,1764.0,1840.0,nan,1796.0,1508047,54169048240.0,665902,1779.0,559,1778.0,671,nan,0,nan,0,nan,0,nan,0,nan,0,nan,0,nan,0,nan,0
1597988457285095936,1597988457743000064,2020-08-21 13:40:57.743000,1778.0,1843.0,1764.0,1840.0,nan,1796.0,1508051,54169191920.0,665902,1779.0,561,1778.0,669,nan,0,nan,0,nan,0,nan,0,nan,0,nan,0,nan,0,nan,0
1597988457788331008,1597988458244000000,2020-08-21 13:40:58.244000,1778.0,1843.0,1764.0,1840.0,nan,1796.0,1508054,54169299680.0,665903,1779.0,564,1778.0,696,nan,0,nan,0,nan,0,nan,0,nan,0,nan,0,nan,0,nan,0
1597988458298586880,1597988458742000128,2020-08-21 13:40:58.742000,1779.0,1843.0,1764.0,1840.0,nan,1796.0,1508055,54169335600.0,665902,1779.0,563,1778.0,696,nan,0,nan,0,nan,0,nan,0,nan,0,nan,0,nan,0,nan,0
1597988458789306112,1597988459173000192,2020-08-21 13:40:59.173000,1778.0,1843.0,1764.0,1840.0,nan,1796.0,1508057,54169407440.0,665904,1779.0,564,1778.0,694,nan,0,nan,0,nan,0,nan,0,nan,0,nan,0,nan,0,nan,0
1597988459285767936,1597988459730000128,2020-08-21 13:40:59.730000,1778.0,1843.0,1764.0,1840.0,nan,1796.0,1508057,54169407440.0,665904,1779.0,564,1778.0,695,nan,0,nan,0,nan,0,nan,0,nan,0,nan,0,nan,0,nan,0
1597988459784214016,1597988460242000128,2020-08-21 13:41:00.242000,1779.0,1843.0,1764.0,1840.0,nan,1796.0,1508063,54169622960.0,665906,1779.0,558,1778.0,696,nan,0,nan,0,nan,0,nan,0,nan,0,nan,0,nan,0,nan,0
1597988460293485056,1597988460742000128,2020-08-21 13:41:00.742000,1779.0,1843.0,1764.0,1840.0,nan,1796.0,1508066,54169730720.0,665909,1779.0,555,1778.0,698,nan,0,nan,0,nan,0,nan,0,nan,0,nan,0,nan,0,nan,0
1597988460788652032,1597988461244000000,2020-08-21 13:41:01.244000,1779.0,1843.0,1764.0,1840.0,nan,1796.0,1508067,54169766640.0,665910,1779.0,554,1778.0,696,nan,0,nan,0,nan,0,nan,0,nan,0,nan,0,nan,0,nan,0
1597988461390537984,1597988461696999936,2020-08-21 13:41:01.697000,1778.0,1843.0,1764.0,1840.0,nan,1796.0,1508091,54170628720.0,665930,1779.0,532,1778.0,694,nan,0,nan,0,nan,0,nan,0,nan,0,nan,0,nan,0,nan,0
1597988461798441984,1597988462244999936,2020-08-21 13:41:02.245000,1779.0,1843.0,1764.0,1840.0,nan,1796.0,1508094,54170736480.0,665933,1779.0,536,1778.0,897,nan,0,nan,0,nan,0,nan,0,nan,0,nan,0,nan,0,nan,0
1597988462300784128,1597988462739000064,2020-08-21 13:41:02.739000,1779.0,1843.0,1764.0,1840.0,nan,1796.0,1508138,54172316960.0,665952,1779.0,510,1778.0,880,nan,0,nan,0,nan,0,nan,0,nan,0,nan,0,nan,0,nan,0
1597988462800133888,1597988463236000000,2020-08-21 13:41:03.236000,1778.0,1843.0,1764.0,1840.0,nan,1796.0,1508187,54174077040.0,665980,1779.0,463,1778.0,879,nan,0,nan,0,nan,0,nan,0,nan,0,nan,0,nan,0,nan,0
1597988463296182016,1597988463732999936,2020-08-21 13:41:03.733000,1778.0,1843.0,1764.0,1840.0,nan,1796.0,1508190,54174184800.0,665983,1779.0,468,1778.0,877,nan,0,nan,0,nan,0,nan,0,nan,0,nan,0,nan,0,nan,0
1597988463801938944,1597988464237999872,2020-08-21 13:41:04.238000,1778.0,1843.0,1764.0,1840.0,nan,1796.0,1508192,54174256640.0,665984,1779.0,468,1778.0,881,nan,0,nan,0,nan,0,nan,0,nan,0,nan,0,nan,0,nan,0
1597988464291115008,1597988464740000000,2020-08-21 13:41:04.740000,1779.0,1843.0,1764.0,1840.0,nan,1796.0,1508216,54175118720.0,665986,1779.0,446,1778.0,881,nan,0,nan,0,nan,0,nan,0,nan,0,nan,0,nan,0,nan,0
1597988464797366016,1597988465236999936,2020-08-21 13:41:05.237000,1778.0,1843.0,1764.0,1840.0,nan,1796.0,1508217,54175154640.0,665987,1779.0,446,1778.0,883,nan,0,nan,0,nan,0,nan,0,nan,0,nan,0,nan,0,nan,0
1597988465293149952,1597988465744999936,2020-08-21 13:41:05.745000,1779.0,1843.0,1764.0,1840.0,nan,1796.0,1508218,54175190560.0,665988,1779.0,446,1778.0,884,nan,0,nan,0,nan,0,nan,0,nan,0,nan,0,nan,0,nan,0
1597988465795553024,1597988466186000128,2020-08-21 13:41:06.186000,1779.0,1843.0,1764.0,1840.0,nan,1796.0,1508223,54175370160.0,665993,1779.0,444,1778.0,882,nan,0,nan,0,nan,0,nan,0,nan,0,nan,0,nan,0,nan,0
1597988466300084992,1597988466744999936,2020-08-21 13:41:06.745000,1779.0,1843.0,1764.0,1840.0,nan,1796.0,1508223,54175370160.0,665993,1779.0,445,1778.0,881,nan,0,nan,0,nan,0,nan,0,nan,0,nan,0,nan,0,nan,0
1597988466791751936,1597988467242000128,2020-08-21 13:41:07.242000,1779.0,1843.0,1764.0,1840.0,nan,1796.0,1508223,54175370160.0,665993,1779.0,446,1778.0,902,nan,0,nan,0,nan,0,nan,0,nan,0,nan,0,nan,0,nan,0
1597988467296617984,1597988467708000000,2020-08-21 13:41:07.708000,1779.0,1843.0,1764.0,1840.0,nan,1796.0,1508240,54175980800.0,665995,1779.0,429,1778.0,900,nan,0,nan,0,nan,0,nan,0,nan,0,nan,0,nan,0,nan,0
1597988467793896960,1597988468187000064,2020-08-21 13:41:08.187000,1778.0,1843.0,1764.0,1840.0,nan,1796.0,1508242,54176052640.0,665996,1779.0,440,1778.0,899,nan,0,nan,0,nan,0,nan,0,nan,0,nan,0,nan,0,nan,0
1597988468294912000,1597988468670000128,2020-08-21 13:41:08.670000,1778.0,1843.0,1764.0,1840.0,nan,1796.0,1508242,54176052640.0,665996,1779.0,441,1778.0,899,nan,0,nan,0,nan,0,nan,0,nan,0,nan,0,nan,0,nan,0
1597988468801426944,1597988469217999872,2020-08-21 13:41:09.218000,1778.0,1843.0,1764.0,1840.0,nan,1796.0,1508243,54176088560.0,665997,1779.0,454,1778.0,898,nan,0,nan,0,nan,0,nan,0,nan,0,nan,0,nan,0,nan,0
1597988469297986048,1597988469713999872,2020-08-21 13:41:09.714000,1778.0,1843.0,1764.0,1840.0,nan,1796.0,1508243,54176088560.0,665997,1779.0,454,1778.0,898,nan,0,nan,0,nan,0,nan,0,nan,0,nan,0,nan,0,nan,0
1597988469802731008,1597988470233999872,2020-08-21 13:41:10.234000,1778.0,1843.0,1764.0,1840.0,nan,1796.0,1508245,54176160400.0,665999,1779.0,450,1778.0,897,nan,0,nan,0,nan,0,nan,0,nan,0,nan,0,nan,0,nan,0
1597988470296762112,1597988470730000128,2020-08-21 13:41:10.730000,1779.0,1843.0,1764.0,1840.0,nan,1796.0,1508260,54176699200.0,665999,1779.0,435,1778.0,897,nan,0,nan,0,nan,0,nan,0,nan,0,nan,0,nan,0,nan,0
1597988470795062016,1597988471236000000,2020-08-21 13:41:11.236000,1778.0,1843.0,1764.0,1840.0,nan,1796.0,1508265,54176878800.0,666001,1779.0,433,1778.0,894,nan,0,nan,0,nan,0,nan,0,nan,0,nan,0,nan,0,nan,0
1597988471305647104,1597988471719000064,2020-08-21 13:41:11.719000,1778.0,1843.0,1764.0,1840.0,nan,1796.0,1508267,54176950640.0,666003,1779.0,433,1778.0,892,nan,0,nan,0,nan,0,nan,0,nan,0,nan,0,nan,0,nan,0
1597988471799768064,1597988472231000064,2020-08-21 13:41:12.231000,1778.0,1843.0,1764.0,1840.0,nan,1796.0,1508268,54176986560.0,666003,1779.0,437,1778.0,891,nan,0,nan,0,nan,0,nan,0,nan,0,nan,0,nan,0,nan,0
1597988472304723968,1597988472744000000,2020-08-21 13:41:12.744000,1778.0,1843.0,1764.0,1840.0,nan,1796.0,1508268,54176986560.0,666003,1779.0,461,1778.0,941,nan,0,nan,0,nan,0,nan,0,nan,0,nan,0,nan,0,nan,0
1597988472804089088,1597988473236000000,2020-08-21 13:41:13.236000,1779.0,1843.0,1764.0,1840.0,nan,1796.0,1508271,54177094320.0,666006,1779.0,469,1778.0,942,nan,0,nan,0,nan,0,nan,0,nan,0,nan,0,nan,0,nan,0
1597988473299674880,1597988473736999936,2020-08-21 13:41:13.737000,1779.0,1843.0,1764.0,1840.0,nan,1796.0,1508273,54177166160.0,666008,1779.0,466,1778.0,943,nan,0,nan,0,nan,0,nan,0,nan,0,nan,0,nan,0,nan,0
1597988473797896960,1597988474236000000,2020-08-21 13:41:14.236000,1778.0,1843.0,1764.0,1840.0,nan,1796.0,1508275,54177238000.0,666009,1779.0,470,1778.0,992,nan,0,nan,0,nan,0,nan,0,nan,0,nan,0,nan,0,nan,0
