local_nano_time,quote_nano_time,datetime,last_price,highest,lowest,open,close,average,volume,amount,open_interest,ask_price1,ask_volume1,bid_price1,bid_volume1,ask_price2,ask_volume2,bid_price2,bid_volume2,ask_price3,ask_volume3,bid_price3,bid_volume3,ask_price4,ask_volume4,bid_price4,bid_volume4,ask_price5,ask_volume5,bid_price5,bid_volume5
1597988229828846080,1597988230432000000,2020-08-21 13:37:10.432000,3331.0,3371.0,3312.0,3353.0,nan,3336.0,34048,1135843300.0,27284,3332.0,13,3331.0,9,nan,0,nan,0,nan,0,nan,0,nan,0,nan,0,nan,0,nan,0
1597988232825424896,1597988233396000000,2020-08-21 13:37:13.396000,3331.0,3371.0,3312.0,3353.0,nan,3336.0,34048,1135843300.0,27284,3332.0,14,3331.0,9,nan,0,nan,0,nan,0,nan,0,nan,0,nan,0,nan,0,nan,0
1597988234337814016,1597988234932000000,2020-08-21 13:37:14.932000,3332.0,3371.0,3312.0,3353.0,nan,3336.0,34059,1136209730.0,27282,3332.0,14,3330.0,111,nan,0,nan,0,nan,0,nan,0,nan,0,nan,0,nan,0,nan,0
1597988234829329920,1597988235413000192,2020-08-21 13:37:15.413000,3332.0,3371.0,3312.0,3353.0,nan,3336.0,34059,1136209730.0,27282,3332.0,14,3330.0,91,nan,0,nan,0,nan,0,nan,0,nan,0,nan,0,nan,0,nan,0
1597988236831955968,1597988237412000000,2020-08-21 13:37:17.412000,3332.0,3371.0,3312.0,3353.0,nan,3336.0,34059,1136209730.0,27282,3332.0,15,3330.0,91,nan,0,nan,0,nan,0,nan,0,nan,0,nan,0,nan,0,nan,0
1597988238340331008,1597988238932000000,2020-08-21 13:37:18.932000,3332.0,3371.0,3312.0,3353.0,nan,3336.0,34059,1136209730.0,27282,3332.0,14,3330.0,91,nan,0,nan,0,nan,0,nan,0,nan,0,nan,0,nan,0,nan,0
1597988242349391872,1597988242881999872,2020-08-21 13:37:22.882000,3332.0,3371.0,3312.0,3353.0,nan,3336.0,34059,1136209730.0,27282,3332.0,19,3330.0,91,nan,0,nan,0,nan,0,nan,0,nan,0,nan,0,nan,0,nan,0
1597988244332536064,1597988244924000000,2020-08-21 13:37:24.924000,3332.0,3371.0,3312.0,3353.0,nan,3336.0,34059,1136209730.0,27282,3331.0,7,3330.0,91,nan,0,nan,0,nan,0,nan,0,nan,0,nan,0,nan,0,nan,0
1597988244839792128,1597988245427000064,2020-08-21 13:37:25.427000,3332.0,3371.0,3312.0,3353.0,nan,3336.0,34059,1136209730.0,27282,3331.0,7,3330.0,41,nan,0,nan,0,nan,0,nan,0,nan,0,nan,0,nan,0,nan,0
1597988245344527104,1597988245848000000,2020-08-21 13:37:25.848000,3332.0,3371.0,3312.0,3353.0,nan,3336.0,34059,1136209730.0,27282,3331.0,8,3330.0,9,nan,0,nan,0,nan,0,nan,0,nan,0,nan,0,nan,0,nan,0
1597988246338796032,1597988246932000000,2020-08-21 13:37:26.932000,3332.0,3371.0,3312.0,3353.0,nan,3336.0,34059,1136209730.0,27282,3331.0,9,3330.0,9,nan,0,nan,0,nan,0,nan,0,nan,0,nan,0,nan,0,nan,0
1597988248833626880,1597988249418999808,2020-08-21 13:37:29.419000,3330.0,3371.0,3312.0,3353.0,nan,3336.0,34060,1136243030.0,27282,3331.0,10,3330.0,8,nan,0,nan,0,nan,0,nan,0,nan,0,nan,0,nan,0,nan,0
1597988250840994048,1597988251436000000,2020-08-21 13:37:31.436000,3330.0,3371.0,3312.0,3353.0,nan,3336.0,34060,1136243030.0,27282,3331.0,22,3330.0,8,nan,0,nan,0,nan,0,nan,0,nan,0,nan,0,nan,0,nan,0
1597988251359706112,1597988251820000000,2020-08-21 13:37:31.820000,3330.0,3371.0,3312.0,3353.0,nan,3336.0,34060,1136243030.0,27282,3331.0,22,3330.0,7,nan,0,nan,0,nan,0,nan,0,nan,0,nan,0,nan,0,nan,0
1597988252328374016,1597988252872000000,2020-08-21 13:37:32.872000,3330.0,3371.0,3312.0,3353.0,nan,3336.0,34061,1136276330.0,27282,3331.0,22,3330.0,6,nan,0,nan,0,nan,0,nan,0,nan,0,nan,0,nan,0,nan,0
1597988254349556992,1597988254935000064,2020-08-21 13:37:34.935000,3330.0,3371.0,3312.0,3353.0,nan,3336.0,34062,1136309630.0,27282,3331.0,22,3330.0,5,nan,0,nan,0,nan,0,nan,0,nan,0,nan,0,nan,0,nan,0
1597988254834279936,1597988255433000192,2020-08-21 13:37:35.433000,3330.0,3371.0,3312.0,3353.0,nan,3336.0,34071,1136609330.0,27279,3330.0,1,3329.0,113,nan,0,nan,0,nan,0,nan,0,nan,0,nan,0,nan,0,nan,0
1597988255333680896,1597988255912000000,2020-08-21 13:37:35.912000,3331.0,3371.0,3312.0,3353.0,nan,3336.0,34073,1136675940.0,27279,3331.0,101,3329.0,73,nan,0,nan,0,nan,0,nan,0,nan,0,nan,0,nan,0,nan,0
1597988255826010112,1597988256397000192,2020-08-21 13:37:36.397000,3331.0,3371.0,3312.0,3353.0,nan,3336.0,34073,1136675940.0,27279,3331.0,83,3329.0,63,nan,0,nan,0,nan,0,nan,0,nan,0,nan,0,nan,0,nan,0
1597988256329182976,1597988256904999936,2020-08-21 13:37:36.905000,3331.0,3371.0,3312.0,3353.0,nan,3336.0,34073,1136675940.0,27279,3330.0,15,3329.0,63,nan,0,nan,0,nan,0,nan,0,nan,0,nan,0,nan,0,nan,0
1597988256823357952,1597988257357000192,2020-08-21 13:37:37.357000,3331.0,3371.0,3312.0,3353.0,nan,3336.0,34073,1136675940.0,27279,3330.0,15,3329.0,53,nan,0,nan,0,nan,0,nan,0,nan,0,nan,0,nan,0,nan,0
1597988257826118912,1597988258414000128,2020-08-21 13:37:38.414000,3331.0,3371.0,3312.0,3353.0,nan,3336.0,34073,1136675940.0,27279,3330.0,15,3329.0,54,nan,0,nan,0,nan,0,nan,0,nan,0,nan,0,nan,0,nan,0
1597988261825972992,1597988262435000064,2020-08-21 13:37:42.435000,3331.0,3371.0,3312.0,3353.0,nan,3336.0,34073,1136675940.0,27279,3330.0,16,3329.0,54,nan,0,nan,0,nan,0,nan,0,nan,0,nan,0,nan,0,nan,0
1597988266823384064,1597988267305999872,2020-08-21 13:37:47.306000,3330.0,3371.0,3312.0,3353.0,nan,3336.0,34074,1136709240.0,27278,3330.0,15,3329.0,54,nan,0,nan,0,nan,0,nan,0,nan,0,nan,0,nan,0,nan,0
1597988267344178944,1597988267932000000,2020-08-21 13:37:47.932000,3330.0,3371.0,3312.0,3353.0,nan,3335.0,34089,1137208740.0,27270,3331.0,121,3329.0,54,nan,0,nan,0,nan,0,nan,0,nan,0,nan,0,nan,0,nan,0
1597988267826268928,1597988268428999936,2020-08-21 13:37:48.429000,3330.0,3371.0,3312.0,3353.0,nan,3335.0,34089,1137208740.0,27270,3331.0,98,3330.0,7,nan,0,nan,0,nan,0,nan,0,nan,0,nan,0,nan,0,nan,0
1597988268336646912,1597988268912000000,2020-08-21 13:37:48.912000,3330.0,3371.0,3312.0,3353.0,nan,3335.0,34089,1137208740.0,27270,3331.0,48,3330.0,8,nan,0,nan,0,nan,0,nan,0,nan,0,nan,0,nan,0,nan,0
1597988268834513920,1597988269398999808,2020-08-21 13:37:49.399000,3330.0,3371.0,3312.0,3353.0,nan,3335.0,34089,1137208740.0,27270,3331.0,18,3330.0,8,nan,0,nan,0,nan,0,nan,0,nan,0,nan,0,nan,0,nan,0
1597988269355049984,1597988269892999936,2020-08-21 13:37:49.893000,3331.0,3371.0,3312.0,3353.0,nan,3335.0,34090,1137242050.0,27270,3331.0,17,3330.0,8,nan,0,nan,0,nan,0,nan,0,nan,0,nan,0,nan,0,nan,0
1597988271828410112,1597988272416999936,2020-08-21 13:37:52.417000,3330.0,3371.0,3312.0,3353.0,nan,3335.0,34091,1137275350.0,27269,3331.0,17,3330.0,7,nan,0,nan,0,nan,0,nan,0,nan,0,nan,0,nan,0,nan,0
1597988274838273024,1597988275354000128,2020-08-21 13:37:55.354000,3330.0,3371.0,3312.0,3353.0,nan,3335.0,34092,1137308650.0,27269,3331.0,18,3330.0,6,nan,0,nan,0,nan,0,nan,0,nan,0,nan,0,nan,0,nan,0
1597988279325192960,1597988279720000000,2020-08-21 13:37:59.720000,3330.0,3371.0,3312.0,3353.0,nan,3335.0,34092,1137308650.0,27269,3331.0,18,3330.0,8,nan,0,nan,0,nan,0,nan,0,nan,0,nan,0,nan,0,nan,0
1597988284357187072,1597988284900000000,2020-08-21 13:38:04.900000,3330.0,3371.0,3312.0,3353.0,nan,3335.0,34092,1137308650.0,27269,3331.0,5,3330.0,28,nan,0,nan,0,nan,0,nan,0,nan,0,nan,0,nan,0,nan,0
1597988284827257088,1597988285413000192,2020-08-21 13:38:05.413000,3330.0,3371.0,3312.0,3353.0,nan,3335.0,34093,1137341950.0,27269,3331.0,5,3330.0,28,nan,0,nan,0,nan,0,nan,0,nan,0,nan,0,nan,0,nan,0
1597988285338353920,1597988285924000000,2020-08-21 13:38:05.924000,3330.0,3371.0,3312.0,3353.0,nan,3335.0,34093,1137341950.0,27269,3331.0,15,3330.0,5,nan,0,nan,0,nan,0,nan,0,nan,0,nan,0,nan,0,nan,0
1597988285826584064,1597988286323000064,2020-08-21 13:38:06.323000,3330.0,3371.0,3312.0,3353.0,nan,3335.0,34093,1137341950.0,27269,3331.0,15,3330.0,1,nan,0,nan,0,nan,0,nan,0,nan,0,nan,0,nan,0,nan,0
1597988286324269056,1597988286895000064,2020-08-21 13:38:06.895000,3330.0,3371.0,3312.0,3353.0,nan,3335.0,34094,1137375250.0,27269,3331.0,16,3330.0,1,nan,0,nan,0,nan,0,nan,0,nan,0,nan,0,nan,0,nan,0
1597988287354127104,1597988287933000192,2020-08-21 13:38:07.933000,3330.0,3371.0,3312.0,3353.0,nan,3335.0,34094,1137375250.0,27269,3331.0,16,3330.0,2,nan,0,nan,0,nan,0,nan,0,nan,0,nan,0,nan,0,nan,0
1597988288326976000,1597988288913000192,2020-08-21 13:38:08.913000,3329.0,3371.0,3312.0,3353.0,nan,3335.0,34097,1137475140.0,27271,3331.0,16,3329.0,113,nan,0,nan,0,nan,0,nan,0,nan,0,nan,0,nan,0,nan,0
1597988288835092992,1597988289324000000,2020-08-21 13:38:09.324000,3329.0,3371.0,3312.0,3353.0,nan,3335.0,34097,1137475140.0,27271,3331.0,16,3330.0,8,nan,0,nan,0,nan,0,nan,0,nan,0,nan,0,nan,0,nan,0
1597988291333744896,1597988291932000000,2020-08-21 13:38:11.932000,3329.0,3371.0,3312.0,3353.0,nan,3335.0,34097,1137475140.0,27271,3331.0,6,3330.0,11,nan,0,nan,0,nan,0,nan,0,nan,0,nan,0,nan,0,nan,0
1597988291835258112,1597988292413000192,2020-08-21 13:38:12.413000,3331.0,3371.0,3312.0,3353.0,nan,3335.0,34107,1137808240.0,27272,3331.0,2,3330.0,36,nan,0,nan,0,nan,0,nan,0,nan,0,nan,0,nan,0,nan,0
1597988292328084992,1597988292713999872,2020-08-21 13:38:12.714000,3331.0,3371.0,3312.0,3353.0,nan,3335.0,34107,1137808240.0,27272,3331.0,2,3330.0,16,nan,0,nan,0,nan,0,nan,0,nan,0,nan,0,nan,0,nan,0
1597988292829604096,1597988293424999936,2020-08-21 13:38:13.425000,3331.0,3371.0,3312.0,3353.0,nan,3335.0,34107,1137808240.0,27272,3331.0,2,3330.0,33,nan,0,nan,0,nan,0,nan,0,nan,0,nan,0,nan,0,nan,0
1597988293351488000,1597988293924000000,2020-08-21 13:38:13.924000,3331.0,3371.0,3312.0,3353.0,nan,3335.0,34107,1137808240.0,27272,3331.0,6,3330.0,10,nan,0,nan,0,nan,0,nan,0,nan,0,nan,0,nan,0,nan,0
1597988294827383040,1597988295324999936,2020-08-21 13:38:15.325000,3331.0,3371.0,3312.0,3353.0,nan,3335.0,34107,1137808240.0,27272,3331.0,6,3330.0,11,nan,0,nan,0,nan,0,nan,0,nan,0,nan,0,nan,0,nan,0
1597988295837797888,1597988296236999936,2020-08-21 13:38:16.237000,3331.0,3371.0,3312.0,3353.0,nan,3335.0,34107,1137808240.0,27272,3331.0,7,3330.0,11,nan,0,nan,0,nan,0,nan,0,nan,0,nan,0,nan,0,nan,0
1597988296335144960,1597988296903000064,2020-08-21 13:38:16.903000,3331.0,3371.0,3312.0,3353.0,nan,3335.0,34107,1137808240.0,27272,3331.0,8,3330.0,11,nan,0,nan,0,nan,0,nan,0,nan,0,nan,0,nan,0,nan,0
1597988298835992064,1597988299416999936,2020-08-21 13:38:19.417000,3331.0,3371.0,3312.0,3353.0,nan,3335.0,34108,1137841550.0,27272,3331.0,7,3330.0,11,nan,0,nan,0,nan,0,nan,0,nan,0,nan,0,nan,0,nan,0
1597988300830973952,1597988301433000192,2020-08-21 13:38:21.433000,3331.0,3371.0,3312.0,3353.0,nan,3335.0,34108,1137841550.0,27272,3331.0,8,3330.0,12,nan,0,nan,0,nan,0,nan,0,nan,0,nan,0,nan,0,nan,0
1597988304338611968,1597988304882999808,2020-08-21 13:38:24.883000,3331.0,3371.0,3312.0,3353.0,nan,3335.0,34109,1137874860.0,27272,3331.0,7,3330.0,12,nan,0,nan,0,nan,0,nan,0,nan,0,nan,0,nan,0,nan,0
1597988309966966016,1597988310391000064,2020-08-21 13:38:30.391000,3331.0,3371.0,3312.0,3353.0,nan,3335.0,34109,1137874860.0,27272,3331.0,7,3330.0,13,nan,0,nan,0,nan,0,nan,0,nan,0,nan,0,nan,0,nan,0
1597988312334287104,1597988312913000192,2020-08-21 13:38:32.913000,3331.0,3371.0,3312.0,3353.0,nan,3335.0,34114,1138041410.0,27272,3331.0,2,3330.0,16,nan,0,nan,0,nan,0,nan,0,nan,0,nan,0,nan,0,nan,0
1597988314328488960,1597988314828999936,2020-08-21 13:38:34.829000,3331.0,3371.0,3312.0,3353.0,nan,3335.0,34115,1138074720.0,27271,3331.0,1,3330.0,16,nan,0,nan,0,nan,0,nan,0,nan,0,nan,0,nan,0,nan,0
1597988317824678912,1597988318420999936,2020-08-21 13:38:38.421000,3331.0,3371.0,3312.0,3353.0,nan,3335.0,34116,1138108030.0,27272,3332.0,98,3330.0,16,nan,0,nan,0,nan,0,nan,0,nan,0,nan,0,nan,0,nan,0
1597988318323159040,1597988318716000000,2020-08-21 13:38:38.716000,3331.0,3371.0,3312.0,3353.0,nan,3335.0,34116,1138108030.0,27272,3332.0,69,3330.0,46,nan,0,nan,0,nan,0,nan,0,nan,0,nan,0,nan,0,nan,0
1597988318823107072,1597988319322000128,2020-08-21 13:38:39.322000,3331.0,3371.0,3312.0,3353.0,nan,3335.0,34116,1138108030.0,27272,3332.0,79,3330.0,26,nan,0,nan,0,nan,0,nan,0,nan,0,nan,0,nan,0,nan,0
1597988319339418880,1597988319927000064,2020-08-21 13:38:39.927000,3331.0,3371.0,3312.0,3353.0,nan,3335.0,34116,1138108030.0,27272,3332.0,89,3330.0,26,nan,0,nan,0,nan,0,nan,0,nan,0,nan,0,nan,0,nan,0
1597988319828978944,1597988320407000064,2020-08-21 13:38:40.407000,3331.0,3371.0,3312.0,3353.0,nan,3335.0,34116,1138108030.0,27272,3332.0,89,3330.0,27,nan,0,nan,0,nan,0,nan,0,nan,0,nan,0,nan,0,nan,0
1597988323355142912,1597988323920000000,2020-08-21 13:38:43.920000,3331.0,3371.0,3312.0,3353.0,nan,3335.0,34116,1138108030.0,27272,3331.0,3,3330.0,24,nan,0,nan,0,nan,0,nan,0,nan,0,nan,0,nan,0,nan,0
1597988323825312000,1597988324289999872,2020-08-21 13:38:44.290000,3331.0,3371.0,3312.0,3353.0,nan,3335.0,34116,1138108030.0,27272,3331.0,3,3330.0,14,nan,0,nan,0,nan,0,nan,0,nan,0,nan,0,nan,0,nan,0
1597988326412110080,1597988326859000064,2020-08-21 13:38:46.859000,3331.0,3371.0,3312.0,3353.0,nan,3335.0,34116,1138108030.0,27272,3331.0,4,3330.0,14,nan,0,nan,0,nan,0,nan,0,nan,0,nan,0,nan,0,nan,0
1597988327905606912,1597988328431000064,2020-08-21 13:38:48.431000,3331.0,3371.0,3312.0,3353.0,nan,3335.0,34117,1138141340.0,27271,3331.0,3,3330.0,14,nan,0,nan,0,nan,0,nan,0,nan,0,nan,0,nan,0,nan,0
1597988328465541888,1597988328825999872,2020-08-21 13:38:48.826000,3331.0,3371.0,3312.0,3353.0,nan,3335.0,34117,1138141340.0,27271,3331.0,1,3330.0,17,nan,0,nan,0,nan,0,nan,0,nan,0,nan,0,nan,0,nan,0
1597988329867348992,1597988330387000064,2020-08-21 13:38:50.387000,3331.0,3371.0,3312.0,3353.0,nan,3335.0,34117,1138141340.0,27271,3331.0,1,3330.0,16,nan,0,nan,0,nan,0,nan,0,nan,0,nan,0,nan,0,nan,0
1597988330838083072,1597988331320000000,2020-08-21 13:38:51.320000,3331.0,3371.0,3312.0,3353.0,nan,3335.0,34117,1138141340.0,27271,3331.0,2,3330.0,16,nan,0,nan,0,nan,0,nan,0,nan,0,nan,0,nan,0,nan,0
1597988333338100992,1597988333876000000,2020-08-21 13:38:53.876000,3331.0,3371.0,3312.0,3353.0,nan,3335.0,34117,1138141340.0,27271,3331.0,3,3330.0,16,nan,0,nan,0,nan,0,nan,0,nan,0,nan,0,nan,0,nan,0
1597988340332980992,1597988340924000000,2020-08-21 13:39:00.924000,3331.0,3371.0,3312.0,3353.0,nan,3335.0,34121,1138274580.0,27273,3332.0,119,3330.0,16,nan,0,nan,0,nan,0,nan,0,nan,0,nan,0,nan,0,nan,0
1597988340849865984,1597988341323000064,2020-08-21 13:39:01.323000,3331.0,3371.0,3312.0,3353.0,nan,3335.0,34121,1138274580.0,27273,3332.0,89,3330.0,19,nan,0,nan,0,nan,0,nan,0,nan,0,nan,0,nan,0,nan,0
1597988341336153088,1597988341854000128,2020-08-21 13:39:01.854000,3331.0,3371.0,3312.0,3353.0,nan,3335.0,34121,1138274580.0,27273,3332.0,93,3331.0,7,nan,0,nan,0,nan,0,nan,0,nan,0,nan,0,nan,0,nan,0
1597988341888419072,1597988342410000128,2020-08-21 13:39:02.410000,3331.0,3371.0,3312.0,3353.0,nan,3335.0,34121,1138274580.0,27273,3332.0,52,3331.0,10,nan,0,nan,0,nan,0,nan,0,nan,0,nan,0,nan,0,nan,0
1597988342344132096,1597988342832000000,2020-08-21 13:39:02.832000,3331.0,3371.0,3312.0,3353.0,nan,3335.0,34121,1138274580.0,27273,3332.0,42,3331.0,10,nan,0,nan,0,nan,0,nan,0,nan,0,nan,0,nan,0,nan,0
1597988342830164992,1597988343435000064,2020-08-21 13:39:03.435000,3331.0,3371.0,3312.0,3353.0,nan,3335.0,34121,1138274580.0,27273,3332.0,22,3331.0,10,nan,0,nan,0,nan,0,nan,0,nan,0,nan,0,nan,0,nan,0
1597988343336521984,1597988343846999808,2020-08-21 13:39:03.847000,3331.0,3371.0,3312.0,3353.0,nan,3335.0,34121,1138274580.0,27273,3332.0,22,3331.0,12,nan,0,nan,0,nan,0,nan,0,nan,0,nan,0,nan,0,nan,0
1597988343837803008,1597988344324000000,2020-08-21 13:39:04.324000,3331.0,3371.0,3312.0,3353.0,nan,3335.0,34132,1138640990.0,27279,3332.0,23,3330.0,109,nan,0,nan,0,nan,0,nan,0,nan,0,nan,0,nan,0,nan,0
1597988344381032960,1597988344901999872,2020-08-21 13:39:04.902000,3331.0,3371.0,3312.0,3353.0,nan,3335.0,34132,1138640990.0,27279,3332.0,23,3330.0,89,nan,0,nan,0,nan,0,nan,0,nan,0,nan,0,nan,0,nan,0
1597988344961533952,1597988345416999936,2020-08-21 13:39:05.417000,3331.0,3371.0,3312.0,3353.0,nan,3335.0,34132,1138640990.0,27279,3332.0,23,3331.0,1,nan,0,nan,0,nan,0,nan,0,nan,0,nan,0,nan,0,nan,0
1597988347399726080,1597988347846999808,2020-08-21 13:39:07.847000,3331.0,3371.0,3312.0,3353.0,nan,3335.0,34132,1138640990.0,27279,3332.0,24,3331.0,1,nan,0,nan,0,nan,0,nan,0,nan,0,nan,0,nan,0,nan,0
1597988353339234048,1597988353824999936,2020-08-21 13:39:13.825000,3331.0,3371.0,3312.0,3353.0,nan,3335.0,34132,1138640990.0,27279,3332.0,24,3331.0,8,nan,0,nan,0,nan,0,nan,0,nan,0,nan,0,nan,0,nan,0
1597988356354817024,1597988356910000128,2020-08-21 13:39:16.910000,3332.0,3371.0,3312.0,3353.0,nan,3335.0,34133,1138674310.0,27278,3332.0,23,3331.0,9,nan,0,nan,0,nan,0,nan,0,nan,0,nan,0,nan,0,nan,0
1597988357833395968,1597988358344000000,2020-08-21 13:39:18.344000,3331.0,3371.0,3312.0,3353.0,nan,3335.0,34135,1138740930.0,27277,3332.0,23,3331.0,7,nan,0,nan,0,nan,0,nan,0,nan,0,nan,0,nan,0,nan,0
1597988358329043968,1597988358892000000,2020-08-21 13:39:18.892000,3331.0,3371.0,3312.0,3353.0,nan,3335.0,34135,1138740930.0,27277,3332.0,23,3331.0,6,nan,0,nan,0,nan,0,nan,0,nan,0,nan,0,nan,0,nan,0
1597988359342465024,1597988359855000064,2020-08-21 13:39:19.855000,3331.0,3371.0,3312.0,3353.0,nan,3335.0,34140,1138907480.0,27277,3332.0,23,3330.0,109,nan,0,nan,0,nan,0,nan,0,nan,0,nan,0,nan,0,nan,0
1597988359843834112,1597988360408999936,2020-08-21 13:39:20.409000,3332.0,3371.0,3312.0,3353.0,nan,3335.0,34143,1139007440.0,27276,3332.0,20,3330.0,89,nan,0,nan,0,nan,0,nan,0,nan,0,nan,0,nan,0,nan,0
1597988360826796032,1597988361430000128,2020-08-21 13:39:21.430000,3332.0,3371.0,3312.0,3353.0,nan,3335.0,34143,1139007440.0,27276,3332.0,20,3331.0,3,nan,0,nan,0,nan,0,nan,0,nan,0,nan,0,nan,0,nan,0
1597988361326643968,1597988361864000000,2020-08-21 13:39:21.864000,3332.0,3371.0,3312.0,3353.0,nan,3335.0,34143,1139007440.0,27276,3332.0,20,3331.0,4,nan,0,nan,0,nan,0,nan,0,nan,0,nan,0,nan,0,nan,0
1597988365349729024,1597988365927000064,2020-08-21 13:39:25.927000,3331.0,3371.0,3312.0,3353.0,nan,3335.0,34147,1139140680.0,27275,3331.0,1,3330.0,109,nan,0,nan,0,nan,0,nan,0,nan,0,nan,0,nan,0,nan,0
1597988365825528064,1597988366392000000,2020-08-21 13:39:26.392000,3331.0,3371.0,3312.0,3353.0,nan,3335.0,34147,1139140680.0,27275,3331.0,2,3330.0,39,nan,0,nan,0,nan,0,nan,0,nan,0,nan,0,nan,0,nan,0
1597988366327792896,1597988366823000064,2020-08-21 13:39:26.823000,3331.0,3371.0,3312.0,3353.0,nan,3335.0,34147,1139140680.0,27275,3331.0,2,3330.0,15,nan,0,nan,0,nan,0,nan,0,nan,0,nan,0,nan,0,nan,0
1597988366828951040,1597988367323000064,2020-08-21 13:39:27.323000,3331.0,3371.0,3312.0,3353.0,nan,3335.0,34147,1139140680.0,27275,3331.0,1,3330.0,16,nan,0,nan,0,nan,0,nan,0,nan,0,nan,0,nan,0,nan,0
1597988371333733120,1597988371914000128,2020-08-21 13:39:31.914000,3331.0,3371.0,3312.0,3353.0,nan,3335.0,34147,1139140680.0,27275,3331.0,1,3330.0,17,nan,0,nan,0,nan,0,nan,0,nan,0,nan,0,nan,0,nan,0
1597988376838574080,1597988377372999936,2020-08-21 13:39:37.373000,3331.0,3371.0,3312.0,3353.0,nan,3335.0,34147,1139140680.0,27275,3331.0,2,3330.0,17,nan,0,nan,0,nan,0,nan,0,nan,0,nan,0,nan,0,nan,0
1597988378828600064,1597988379323000064,2020-08-21 13:39:39.323000,3331.0,3371.0,3312.0,3353.0,nan,3335.0,34147,1139140680.0,27275,3331.0,1,3330.0,17,nan,0,nan,0,nan,0,nan,0,nan,0,nan,0,nan,0,nan,0
1597988382829268992,1597988383234999808,2020-08-21 13:39:43.235000,3331.0,3371.0,3312.0,3353.0,nan,3335.0,34147,1139140680.0,27275,3331.0,1,3330.0,16,nan,0,nan,0,nan,0,nan,0,nan,0,nan,0,nan,0,nan,0
1597988385338652928,1597988385924000000,2020-08-21 13:39:45.924000,3331.0,3371.0,3312.0,3353.0,nan,3335.0,34147,1139140680.0,27275,3331.0,2,3330.0,16,nan,0,nan,0,nan,0,nan,0,nan,0,nan,0,nan,0,nan,0
1597988392835727872,1597988393392000000,2020-08-21 13:39:53.392000,3331.0,3371.0,3312.0,3353.0,nan,3335.0,34147,1139140680.0,27275,3331.0,3,3330.0,16,nan,0,nan,0,nan,0,nan,0,nan,0,nan,0,nan,0,nan,0
1597988393837463040,1597988394414000128,2020-08-21 13:39:54.414000,3331.0,3371.0,3312.0,3353.0,nan,3335.0,34147,1139140680.0,27275,3331.0,4,3330.0,16,nan,0,nan,0,nan,0,nan,0,nan,0,nan,0,nan,0,nan,0
1597988394829970944,1597988395243000064,2020-08-21 13:39:55.243000,3331.0,3371.0,3312.0,3353.0,nan,3335.0,34147,1139140680.0,27275,3331.0,5,3330.0,16,nan,0,nan,0,nan,0,nan,0,nan,0,nan,0,nan,0,nan,0
1597988395826213120,1597988396236000000,2020-08-21 13:39:56.236000,3331.0,3371.0,3312.0,3353.0,nan,3335.0,34147,1139140680.0,27275,3331.0,6,3330.0,16,nan,0,nan,0,nan,0,nan,0,nan,0,nan,0,nan,0,nan,0
1597988396886796032,1597988397384000000,2020-08-21 13:39:57.384000,3331.0,3371.0,3312.0,3353.0,nan,3335.0,34147,1139140680.0,27275,3331.0,7,3330.0,16,nan,0,nan,0,nan,0,nan,0,nan,0,nan,0,nan,0,nan,0
1597988397957489920,1597988398282000128,2020-08-21 13:39:58.282000,3331.0,3371.0,3312.0,3353.0,nan,3335.0,34147,1139140680.0,27275,3331.0,8,3330.0,16,nan,0,nan,0,nan,0,nan,0,nan,0,nan,0,nan,0,nan,0
1597988407346809088,1597988407839000064,2020-08-21 13:40:07.839000,3331.0,3371.0,3312.0,3353.0,nan,3335.0,34147,1139140680.0,27275,3331.0,8,3330.0,17,nan,0,nan,0,nan,0,nan,0,nan,0,nan,0,nan,0,nan,0
1597988409825105920,1597988410403000064,2020-08-21 13:40:10.403000,3331.0,3371.0,3312.0,3353.0,nan,3335.0,34147,1139140680.0,27275,3331.0,38,3330.0,17,nan,0,nan,0,nan,0,nan,0,nan,0,nan,0,nan,0,nan,0
1597988410342914048,1597988410824999936,2020-08-21 13:40:10.825000,3331.0,3371.0,3312.0,3353.0,nan,3335.0,34147,1139140680.0,27275,3331.0,39,3330.0,11,nan,0,nan,0,nan,0,nan,0,nan,0,nan,0,nan,0,nan,0
1597988411834152960,1597988412364999936,2020-08-21 13:40:12.365000,3331.0,3371.0,3312.0,3353.0,nan,3335.0,34147,1139140680.0,27275,3331.0,39,3330.0,12,nan,0,nan,0,nan,0,nan,0,nan,0,nan,0,nan,0,nan,0
1597988412334330112,1597988412930000128,2020-08-21 13:40:12.930000,3331.0,3371.0,3312.0,3353.0,nan,3335.0,34147,1139140680.0,27275,3331.0,38,3330.0,12,nan,0,nan,0,nan,0,nan,0,nan,0,nan,0,nan,0,nan,0
1597988422322946048,1597988422826999808,2020-08-21 13:40:22.827000,3331.0,3371.0,3312.0,3353.0,nan,3335.0,34148,1139173990.0,27276,3331.0,39,3330.0,12,nan,0,nan,0,nan,0,nan,0,nan,0,nan,0,nan,0,nan,0
1597988433830701056,1597988434336000000,2020-08-21 13:40:34.336000,3331.0,3371.0,3312.0,3353.0,nan,3335.0,34148,1139173990.0,27276,3331.0,39,3330.0,16,nan,0,nan,0,nan,0,nan,0,nan,0,nan,0,nan,0,nan,0
1597988440360990976,1597988440908000000,2020-08-21 13:40:40.908000,3330.0,3371.0,3312.0,3353.0,nan,3335.0,34164,1139706790.0,27274,3331.0,39,3329.0,117,nan,0,nan,0,nan,0,nan,0,nan,0,nan,0,nan,0,nan,0
1597988440833317888,1597988441420999936,2020-08-21 13:40:41.421000,3330.0,3371.0,3312.0,3353.0,nan,3335.0,34164,1139706790.0,27274,3331.0,40,3329.0,117,nan,0,nan,0,nan,0,nan,0,nan,0,nan,0,nan,0,nan,0
1597988441333722880,1597988441836999936,2020-08-21 13:40:41.837000,3330.0,3371.0,3312.0,3353.0,nan,3335.0,34164,1139706790.0,27274,3331.0,43,3329.0,117,nan,0,nan,0,nan,0,nan,0,nan,0,nan,0,nan,0,nan,0
1597988441830981120,1597988442336000000,2020-08-21 13:40:42.336000,3330.0,3371.0,3312.0,3353.0,nan,3335.0,34164,1139706790.0,27274,3331.0,45,3329.0,117,nan,0,nan,0,nan,0,nan,0,nan,0,nan,0,nan,0,nan,0
1597988443353218048,1597988443744999936,2020-08-21 13:40:43.745000,3330.0,3371.0,3312.0,3353.0,nan,3335.0,34164,1139706790.0,27274,3331.0,47,3329.0,117,nan,0,nan,0,nan,0,nan,0,nan,0,nan,0,nan,0,nan,0
1597988444357616128,1597988444752999936,2020-08-21 13:40:44.753000,3330.0,3371.0,3312.0,3353.0,nan,3335.0,34164,1139706790.0,27274,3331.0,48,3329.0,117,nan,0,nan,0,nan,0,nan,0,nan,0,nan,0,nan,0,nan,0
1597988450846231040,1597988451323000064,2020-08-21 13:40:51.323000,3330.0,3371.0,3312.0,3353.0,nan,3335.0,34164,1139706790.0,27274,3331.0,47,3329.0,117,nan,0,nan,0,nan,0,nan,0,nan,0,nan,0,nan,0,nan,0
1597988451324841984,1597988451832999936,2020-08-21 13:40:51.833000,3330.0,3371.0,3312.0,3353.0,nan,3335.0,34164,1139706790.0,27274,3330.0,7,3329.0,117,nan,0,nan,0,nan,0,nan,0,nan,0,nan,0,nan,0,nan,0
1597988451846163968,1597988452424999936,2020-08-21 13:40:52.425000,3330.0,3371.0,3312.0,3353.0,nan,3335.0,34169,1139873290.0,27274,3330.0,7,3329.0,77,nan,0,nan,0,nan,0,nan,0,nan,0,nan,0,nan,0,nan,0
1597988452352887040,1597988452825999872,2020-08-21 13:40:52.826000,3330.0,3371.0,3312.0,3353.0,nan,3335.0,34169,1139873290.0,27274,3330.0,7,3329.0,57,nan,0,nan,0,nan,0,nan,0,nan,0,nan,0,nan,0,nan,0
1597988452833918976,1597988453372000000,2020-08-21 13:40:53.372000,3330.0,3371.0,3312.0,3353.0,nan,3335.0,34169,1139873290.0,27274,3330.0,8,3329.0,57,nan,0,nan,0,nan,0,nan,0,nan,0,nan,0,nan,0,nan,0
1597988453325504000,1597988453731000064,2020-08-21 13:40:53.731000,3330.0,3371.0,3312.0,3353.0,nan,3335.0,34169,1139873290.0,27274,3330.0,8,3329.0,58,nan,0,nan,0,nan,0,nan,0,nan,0,nan,0,nan,0,nan,0
1597988456327154944,1597988456894000128,2020-08-21 13:40:56.894000,3330.0,3371.0,3312.0,3353.0,nan,3335.0,34169,1139873290.0,27274,3330.0,8,3329.0,59,nan,0,nan,0,nan,0,nan,0,nan,0,nan,0,nan,0,nan,0
1597988457327625984,1597988457931000064,2020-08-21 13:40:57.931000,3328.0,3371.0,3312.0,3353.0,nan,3335.0,34356,1146097140.0,27301,3328.0,63,3327.0,10,nan,0,nan,0,nan,0,nan,0,nan,0,nan,0,nan,0,nan,0
1597988457833965056,1597988458428000000,2020-08-21 13:40:58.428000,3326.0,3371.0,3312.0,3353.0,nan,3335.0,34406,1147761040.0,27295,3327.0,10,3326.0,16,nan,0,nan,0,nan,0,nan,0,nan,0,nan,0,nan,0,nan,0
1597988458332728064,1597988458907000064,2020-08-21 13:40:58.907000,3327.0,3371.0,3312.0,3353.0,nan,3335.0,34430,1148559420.0,27292,3328.0,52,3327.0,6,nan,0,nan,0,nan,0,nan,0,nan,0,nan,0,nan,0,nan,0
1597988458833437952,1597988459324000000,2020-08-21 13:40:59.324000,3328.0,3371.0,3312.0,3353.0,nan,3335.0,34435,1148725820.0,27292,3328.0,37,3327.0,6,nan,0,nan,0,nan,0,nan,0,nan,0,nan,0,nan,0,nan,0
1597988459325575936,1597988459824999936,2020-08-21 13:40:59.825000,3328.0,3371.0,3312.0,3353.0,nan,3335.0,34435,1148725820.0,27292,3328.0,27,3327.0,6,nan,0,nan,0,nan,0,nan,0,nan,0,nan,0,nan,0,nan,0
1597988461395931904,1597988461824000000,2020-08-21 13:41:01.824000,3328.0,3371.0,3312.0,3353.0,nan,3335.0,34441,1148925500.0,27288,3328.0,21,3327.0,3,nan,0,nan,0,nan,0,nan,0,nan,0,nan,0,nan,0,nan,0
1597988461836357888,1597988462345999872,2020-08-21 13:41:02.346000,3328.0,3371.0,3312.0,3353.0,nan,3335.0,34441,1148925500.0,27288,3328.0,21,3327.0,11,nan,0,nan,0,nan,0,nan,0,nan,0,nan,0,nan,0,nan,0
1597988463331817984,1597988463823000064,2020-08-21 13:41:03.823000,3327.0,3371.0,3312.0,3353.0,nan,3335.0,34446,1149091850.0,27286,3328.0,21,3327.0,5,nan,0,nan,0,nan,0,nan,0,nan,0,nan,0,nan,0,nan,0
1597988465323305984,1597988465744999936,2020-08-21 13:41:05.745000,3327.0,3371.0,3312.0,3353.0,nan,3335.0,34446,1149091850.0,27286,3328.0,21,3326.0,76,nan,0,nan,0,nan,0,nan,0,nan,0,nan,0,nan,0,nan,0
1597988465839845888,1597988466237999872,2020-08-21 13:41:06.238000,3327.0,3371.0,3312.0,3353.0,nan,3335.0,34446,1149091850.0,27286,3328.0,31,3326.0,66,nan,0,nan,0,nan,0,nan,0,nan,0,nan,0,nan,0,nan,0
1597988466354587904,1597988466864000000,2020-08-21 13:41:06.864000,3327.0,3371.0,3312.0,3353.0,nan,3335.0,34446,1149091850.0,27286,3328.0,41,3326.0,56,nan,0,nan,0,nan,0,nan,0,nan,0,nan,0,nan,0,nan,0
1597988468850748928,1597988469332999936,2020-08-21 13:41:09.333000,3327.0,3371.0,3312.0,3353.0,nan,3335.0,34446,1149091850.0,27286,3327.0,3,3326.0,56,nan,0,nan,0,nan,0,nan,0,nan,0,nan,0,nan,0,nan,0
1597988469337434880,1597988469910000128,2020-08-21 13:41:09.910000,3327.0,3371.0,3312.0,3353.0,nan,3335.0,34450,1149224930.0,27282,3327.0,3,3326.0,6,nan,0,nan,0,nan,0,nan,0,nan,0,nan,0,nan,0,nan,0
1597988469846843904,1597988470401999872,2020-08-21 13:41:10.402000,3327.0,3371.0,3312.0,3353.0,nan,3335.0,34453,1149324740.0,27282,3327.0,3,3326.0,8,nan,0,nan,0,nan,0,nan,0,nan,0,nan,0,nan,0,nan,0
1597988470351798016,1597988470895000064,2020-08-21 13:41:10.895000,3327.0,3371.0,3312.0,3353.0,nan,3335.0,34457,1149457820.0,27278,3327.0,18,3326.0,6,nan,0,nan,0,nan,0,nan,0,nan,0,nan,0,nan,0,nan,0
1597988470837683968,1597988471351000064,2020-08-21 13:41:11.351000,3327.0,3371.0,3312.0,3353.0,nan,3335.0,34457,1149457820.0,27278,3327.0,19,3326.0,5,nan,0,nan,0,nan,0,nan,0,nan,0,nan,0,nan,0,nan,0
1597988473350244096,1597988473824999936,2020-08-21 13:41:13.825000,3327.0,3371.0,3312.0,3353.0,nan,3335.0,34457,1149457820.0,27278,3327.0,20,3326.0,5,nan,0,nan,0,nan,0,nan,0,nan,0,nan,0,nan,0,nan,0
1597988474330885120,1597988474864999936,2020-08-21 13:41:14.865000,3327.0,3371.0,3312.0,3353.0,nan,3335.0,34458,1149491090.0,27278,3327.0,19,3326.0,5,nan,0,nan,0,nan,0,nan,0,nan,0,nan,0,nan,0,nan,0
1597988474838065920,1597988475232000000,2020-08-21 13:41:15.232000,3327.0,3371.0,3312.0,3353.0,nan,3335.0,34459,1149524360.0,27279,3327.0,18,3326.0,5,nan,0,nan,0,nan,0,nan,0,nan,0,nan,0,nan,0,nan,0
1597988475328339968,1597988475908000000,2020-08-21 13:41:15.908000,3327.0,3371.0,3312.0,3353.0,nan,3335.0,34464,1149690710.0,27278,3327.0,13,3326.0,15,nan,0,nan,0,nan,0,nan,0,nan,0,nan,0,nan,0,nan,0
1597988475838844928,1597988476323000064,2020-08-21 13:41:16.323000,3327.0,3371.0,3312.0,3353.0,nan,3335.0,34464,1149690710.0,27278,3327.0,9,3326.0,19,nan,0,nan,0,nan,0,nan,0,nan,0,nan,0,nan,0,nan,0
1597988476363070976,1597988476880000000,2020-08-21 13:41:16.880000,3327.0,3371.0,3312.0,3353.0,nan,3335.0,34464,1149690710.0,27278,3327.0,1,3326.0,19,nan,0,nan,0,nan,0,nan,0,nan,0,nan,0,nan,0,nan,0
1597988476847506944,1597988477428999936,2020-08-21 13:41:17.429000,3327.0,3371.0,3312.0,3353.0,nan,3335.0,34465,1149723980.0,27278,3328.0,91,3326.0,19,nan,0,nan,0,nan,0,nan,0,nan,0,nan,0,nan,0,nan,0
1597988477330385920,1597988477860999936,2020-08-21 13:41:17.861000,3327.0,3371.0,3312.0,3353.0,nan,3335.0,34465,1149723980.0,27278,3328.0,71,3326.0,29,nan,0,nan,0,nan,0,nan,0,nan,0,nan,0,nan,0,nan,0
1597988477846174976,1597988478401999872,2020-08-21 13:41:18.402000,3327.0,3371.0,3312.0,3353.0,nan,3335.0,34465,1149723980.0,27278,3328.0,81,3327.0,1,nan,0,nan,0,nan,0,nan,0,nan,0,nan,0,nan,0,nan,0
1597988478340577024,1597988478911000064,2020-08-21 13:41:18.911000,3328.0,3371.0,3312.0,3353.0,nan,3335.0,34503,1150988620.0,27258,3329.0,92,3328.0,1,nan,0,nan,0,nan,0,nan,0,nan,0,nan,0,nan,0,nan,0
1597988478843070976,1597988479433000192,2020-08-21 13:41:19.433000,3329.0,3371.0,3312.0,3353.0,nan,3335.0,34513,1151321520.0,27250,3329.0,11,3328.0,5,nan,0,nan,0,nan,0,nan,0,nan,0,nan,0,nan,0,nan,0
1597988479357634048,1597988479884000000,2020-08-21 13:41:19.884000,3329.0,3371.0,3312.0,3353.0,nan,3335.0,34513,1151321520.0,27250,3329.0,8,3328.0,5,nan,0,nan,0,nan,0,nan,0,nan,0,nan,0,nan,0,nan,0
1597988480834944000,1597988481334000128,2020-08-21 13:41:21.334000,3328.0,3371.0,3312.0,3353.0,nan,3335.0,34514,1151354800.0,27250,3329.0,8,3328.0,4,nan,0,nan,0,nan,0,nan,0,nan,0,nan,0,nan,0,nan,0
1597988481843188992,1597988482430000128,2020-08-21 13:41:22.430000,3328.0,3371.0,3312.0,3353.0,nan,3335.0,34514,1151354800.0,27250,3329.0,8,3328.0,5,nan,0,nan,0,nan,0,nan,0,nan,0,nan,0,nan,0,nan,0
1597988482346547968,1597988482916000000,2020-08-21 13:41:22.916000,3328.0,3371.0,3312.0,3353.0,nan,3335.0,34514,1151354800.0,27250,3329.0,8,3328.0,6,nan,0,nan,0,nan,0,nan,0,nan,0,nan,0,nan,0,nan,0
1597988482843674112,1597988483434000128,2020-08-21 13:41:23.434000,3328.0,3371.0,3312.0,3353.0,nan,3335.0,34515,1151388080.0,27251,3329.0,8,3328.0,6,nan,0,nan,0,nan,0,nan,0,nan,0,nan,0,nan,0,nan,0
1597988483336230912,1597988483823000064,2020-08-21 13:41:23.823000,3328.0,3371.0,3312.0,3353.0,nan,3335.0,34518,1151487920.0,27251,3329.0,12,3328.0,3,nan,0,nan,0,nan,0,nan,0,nan,0,nan,0,nan,0,nan,0
1597988484329433088,1597988484878000128,2020-08-21 13:41:24.878000,3328.0,3371.0,3312.0,3353.0,nan,3335.0,34521,1151587760.0,27251,3329.0,12,3327.0,105,nan,0,nan,0,nan,0,nan,0,nan,0,nan,0,nan,0,nan,0
1597988484832698112,1597988485423000064,2020-08-21 13:41:25.423000,3328.0,3371.0,3312.0,3353.0,nan,3335.0,34521,1151587760.0,27251,3329.0,12,3327.0,95,nan,0,nan,0,nan,0,nan,0,nan,0,nan,0,nan,0,nan,0
1597988485345980928,1597988485916000000,2020-08-21 13:41:25.916000,3328.0,3371.0,3312.0,3353.0,nan,3335.0,34521,1151587760.0,27251,3329.0,12,3327.0,93,nan,0,nan,0,nan,0,nan,0,nan,0,nan,0,nan,0,nan,0
1597988488912877056,1597988489397000192,2020-08-21 13:41:29.397000,3328.0,3371.0,3312.0,3353.0,nan,3335.0,34521,1151587760.0,27251,3329.0,12,3328.0,3,nan,0,nan,0,nan,0,nan,0,nan,0,nan,0,nan,0,nan,0
1597988489335502080,1597988489829999872,2020-08-21 13:41:29.830000,3328.0,3371.0,3312.0,3353.0,nan,3335.0,34521,1151587760.0,27251,3329.0,9,3328.0,3,nan,0,nan,0,nan,0,nan,0,nan,0,nan,0,nan,0,nan,0
1597988489838572032,1597988490397000192,2020-08-21 13:41:30.397000,3328.0,3371.0,3312.0,3353.0,nan,3335.0,34521,1151587760.0,27251,3329.0,9,3328.0,14,nan,0,nan,0,nan,0,nan,0,nan,0,nan,0,nan,0,nan,0
1597988490331572992,1597988490935000064,2020-08-21 13:41:30.935000,3328.0,3371.0,3312.0,3353.0,nan,3335.0,34522,1151621040.0,27252,3329.0,9,3328.0,13,nan,0,nan,0,nan,0,nan,0,nan,0,nan,0,nan,0,nan,0
1597988490837765120,1597988491427000064,2020-08-21 13:41:31.427000,3328.0,3371.0,3312.0,3353.0,nan,3335.0,34522,1151621040.0,27252,3329.0,9,3328.0,14,nan,0,nan,0,nan,0,nan,0,nan,0,nan,0,nan,0,nan,0
1597988491836577024,1597988492431000064,2020-08-21 13:41:32.431000,3328.0,3371.0,3312.0,3353.0,nan,3335.0,34522,1151621040.0,27252,3329.0,39,3328.0,11,nan,0,nan,0,nan,0,nan,0,nan,0,nan,0,nan,0,nan,0
1597988493328936960,1597988493920000000,2020-08-21 13:41:33.920000,3328.0,3371.0,3312.0,3353.0,nan,3335.0,34523,1151654320.0,27253,3329.0,39,3328.0,10,nan,0,nan,0,nan,0,nan,0,nan,0,nan,0,nan,0,nan,0
1597988494834787072,1597988495342999808,2020-08-21 13:41:35.343000,3328.0,3371.0,3312.0,3353.0,nan,3335.0,34523,1151654320.0,27253,3329.0,39,3328.0,12,nan,0,nan,0,nan,0,nan,0,nan,0,nan,0,nan,0,nan,0
1597988497843164928,1597988498323000064,2020-08-21 13:41:38.323000,3328.0,3371.0,3312.0,3353.0,nan,3335.0,34523,1151654320.0,27253,3329.0,40,3328.0,12,nan,0,nan,0,nan,0,nan,0,nan,0,nan,0,nan,0,nan,0
1597988499835894016,1597988500311000064,2020-08-21 13:41:40.311000,3328.0,3371.0,3312.0,3353.0,nan,3335.0,34523,1151654320.0,27253,3329.0,41,3328.0,12,nan,0,nan,0,nan,0,nan,0,nan,0,nan,0,nan,0,nan,0
1597988506353448960,1597988506926000128,2020-08-21 13:41:46.926000,3328.0,3371.0,3312.0,3353.0,nan,3335.0,34524,1151687600.0,27254,3329.0,41,3328.0,11,nan,0,nan,0,nan,0,nan,0,nan,0,nan,0,nan,0,nan,0
1597988516336005120,1597988516932000000,2020-08-21 13:41:56.932000,3328.0,3371.0,3312.0,3353.0,nan,3335.0,34526,1151754160.0,27256,3329.0,41,3328.0,9,nan,0,nan,0,nan,0,nan,0,nan,0,nan,0,nan,0,nan,0
1597988517863073024,1597988518332000000,2020-08-21 13:41:58.332000,3329.0,3371.0,3312.0,3353.0,nan,3335.0,34567,1153119050.0,27248,3330.0,107,3329.0,8,nan,0,nan,0,nan,0,nan,0,nan,0,nan,0,nan,0,nan,0
1597988518385860096,1597988518928999936,2020-08-21 13:41:58.929000,3329.0,3371.0,3312.0,3353.0,nan,3335.0,34567,1153119050.0,27248,3330.0,36,3329.0,9,nan,0,nan,0,nan,0,nan,0,nan,0,nan,0,nan,0,nan,0
1597988518886781952,1597988519436000000,2020-08-21 13:41:59.436000,3329.0,3371.0,3312.0,3353.0,nan,3335.0,34567,1153119050.0,27248,3330.0,6,3329.0,9,nan,0,nan,0,nan,0,nan,0,nan,0,nan,0,nan,0,nan,0
1597988520340645120,1597988520897000192,2020-08-21 13:42:00.897000,3329.0,3371.0,3312.0,3353.0,nan,3335.0,34567,1153119050.0,27248,3330.0,14,3329.0,7,nan,0,nan,0,nan,0,nan,0,nan,0,nan,0,nan,0,nan,0
1597988530847995904,1597988531326999808,2020-08-21 13:42:11.327000,3329.0,3371.0,3312.0,3353.0,nan,3335.0,34568,1153152340.0,27248,3330.0,14,3329.0,6,nan,0,nan,0,nan,0,nan,0,nan,0,nan,0,nan,0,nan,0
1597988531330609920,1597988531934000128,2020-08-21 13:42:11.934000,3329.0,3371.0,3312.0,3353.0,nan,3335.0,34568,1153152340.0,27248,3330.0,14,3329.0,3,nan,0,nan,0,nan,0,nan,0,nan,0,nan,0,nan,0,nan,0
1597988531858227968,1597988532381999872,2020-08-21 13:42:12.382000,3329.0,3371.0,3312.0,3353.0,nan,3335.0,34573,1153318780.0,27247,3330.0,15,3328.0,114,nan,0,nan,0,nan,0,nan,0,nan,0,nan,0,nan,0,nan,0
1597988532332276992,1597988532935000064,2020-08-21 13:42:12.935000,3329.0,3371.0,3312.0,3353.0,nan,3335.0,34573,1153318780.0,27247,3330.0,18,3328.0,94,nan,0,nan,0,nan,0,nan,0,nan,0,nan,0,nan,0,nan,0
1597988533852590080,1597988534331000064,2020-08-21 13:42:14.331000,3329.0,3371.0,3312.0,3353.0,nan,3335.0,34574,1153352070.0,27247,3330.0,18,3328.0,94,nan,0,nan,0,nan,0,nan,0,nan,0,nan,0,nan,0,nan,0
1597988538328592896,1597988538887000064,2020-08-21 13:42:18.887000,3328.0,3371.0,3312.0,3353.0,nan,3335.0,34575,1153385350.0,27247,3330.0,18,3328.0,93,nan,0,nan,0,nan,0,nan,0,nan,0,nan,0,nan,0,nan,0
1597988540828171008,1597988541416999936,2020-08-21 13:42:21.417000,3328.0,3371.0,3312.0,3353.0,nan,3335.0,34575,1153385350.0,27247,3330.0,18,3328.0,94,nan,0,nan,0,nan,0,nan,0,nan,0,nan,0,nan,0,nan,0
1597988545904602112,1597988546424999936,2020-08-21 13:42:26.425000,3329.0,3371.0,3312.0,3353.0,nan,3335.0,34576,1153418640.0,27248,3329.0,14,3328.0,94,nan,0,nan,0,nan,0,nan,0,nan,0,nan,0,nan,0,nan,0
1597988546350087936,1597988546935000064,2020-08-21 13:42:26.935000,3329.0,3371.0,3312.0,3353.0,nan,3335.0,34576,1153418640.0,27248,3329.0,16,3328.0,43,nan,0,nan,0,nan,0,nan,0,nan,0,nan,0,nan,0,nan,0
1597988546862712064,1597988547384000000,2020-08-21 13:42:27.384000,3329.0,3371.0,3312.0,3353.0,nan,3335.0,34576,1153418640.0,27248,3329.0,16,3328.0,11,nan,0,nan,0,nan,0,nan,0,nan,0,nan,0,nan,0,nan,0
1597988547379159040,1597988547828999936,2020-08-21 13:42:27.829000,3328.0,3371.0,3312.0,3353.0,nan,3335.0,34582,1153618320.0,27251,3329.0,16,3328.0,5,nan,0,nan,0,nan,0,nan,0,nan,0,nan,0,nan,0,nan,0
1597988547863091968,1597988548418999808,2020-08-21 13:42:28.419000,3328.0,3371.0,3312.0,3353.0,nan,3335.0,34590,1153884550.0,27251,3329.0,19,3327.0,114,nan,0,nan,0,nan,0,nan,0,nan,0,nan,0,nan,0,nan,0
1597988548356506112,1597988548865999872,2020-08-21 13:42:28.866000,3328.0,3371.0,3312.0,3353.0,nan,3335.0,34590,1153884550.0,27251,3329.0,19,3327.0,94,nan,0,nan,0,nan,0,nan,0,nan,0,nan,0,nan,0,nan,0
1597988549863418880,1597988550392999936,2020-08-21 13:42:30.393000,3328.0,3371.0,3312.0,3353.0,nan,3335.0,34590,1153884550.0,27251,3328.0,1,3327.0,94,nan,0,nan,0,nan,0,nan,0,nan,0,nan,0,nan,0,nan,0
1597988550340390912,1597988550836999936,2020-08-21 13:42:30.837000,3328.0,3371.0,3312.0,3353.0,nan,3335.0,34590,1153884550.0,27251,3328.0,1,3327.0,44,nan,0,nan,0,nan,0,nan,0,nan,0,nan,0,nan,0,nan,0
1597988550830208000,1597988551404999936,2020-08-21 13:42:31.405000,3328.0,3371.0,3312.0,3353.0,nan,3335.0,34590,1153884550.0,27251,3328.0,16,3327.0,13,nan,0,nan,0,nan,0,nan,0,nan,0,nan,0,nan,0,nan,0
1597988551350926080,1597988551855000064,2020-08-21 13:42:31.855000,3328.0,3371.0,3312.0,3353.0,nan,3335.0,34590,1153884550.0,27251,3328.0,16,3327.0,11,nan,0,nan,0,nan,0,nan,0,nan,0,nan,0,nan,0,nan,0
1597988552859397120,1597988553346999808,2020-08-21 13:42:33.347000,3328.0,3371.0,3312.0,3353.0,nan,3335.0,34590,1153884550.0,27251,3328.0,18,3327.0,11,nan,0,nan,0,nan,0,nan,0,nan,0,nan,0,nan,0,nan,0
1597988553862147072,1597988554346999808,2020-08-21 13:42:34.347000,3328.0,3371.0,3312.0,3353.0,nan,3335.0,34590,1153884550.0,27251,3328.0,18,3327.0,12,nan,0,nan,0,nan,0,nan,0,nan,0,nan,0,nan,0,nan,0
1597988554342735872,1597988554935000064,2020-08-21 13:42:34.935000,3327.0,3371.0,3312.0,3353.0,nan,3335.0,34591,1153917820.0,27251,3328.0,18,3327.0,11,nan,0,nan,0,nan,0,nan,0,nan,0,nan,0,nan,0,nan,0
1597988554830792960,1597988555404000000,2020-08-21 13:42:35.404000,3327.0,3371.0,3312.0,3353.0,nan,3335.0,34593,1153984360.0,27251,3328.0,18,3327.0,9,nan,0,nan,0,nan,0,nan,0,nan,0,nan,0,nan,0,nan,0
1597988555325790976,1597988555865999872,2020-08-21 13:42:35.866000,3327.0,3371.0,3312.0,3353.0,nan,3335.0,34594,1154017630.0,27251,3328.0,18,3327.0,8,nan,0,nan,0,nan,0,nan,0,nan,0,nan,0,nan,0,nan,0
1597988555858593024,1597988556431000064,2020-08-21 13:42:36.431000,3328.0,3371.0,3312.0,3353.0,nan,3335.0,34596,1154084180.0,27252,3328.0,17,3327.0,7,nan,0,nan,0,nan,0,nan,0,nan,0,nan,0,nan,0,nan,0
1597988556322670080,1597988556878000128,2020-08-21 13:42:36.878000,3328.0,3371.0,3312.0,3353.0,nan,3335.0,34596,1154084180.0,27252,3328.0,22,3327.0,7,nan,0,nan,0,nan,0,nan,0,nan,0,nan,0,nan,0,nan,0
1597988557349681920,1597988557856000000,2020-08-21 13:42:37.856000,3328.0,3371.0,3312.0,3353.0,nan,3335.0,34596,1154084180.0,27252,3328.0,22,3327.0,6,nan,0,nan,0,nan,0,nan,0,nan,0,nan,0,nan,0,nan,0
1597988558324994048,1597988558904000000,2020-08-21 13:42:38.904000,3327.0,3371.0,3312.0,3353.0,nan,3335.0,34597,1154117450.0,27252,3328.0,22,3327.0,5,nan,0,nan,0,nan,0,nan,0,nan,0,nan,0,nan,0,nan,0
1597988558855143936,1597988559437999872,2020-08-21 13:42:39.438000,3327.0,3371.0,3312.0,3353.0,nan,3335.0,34597,1154117450.0,27252,3328.0,22,3327.0,4,nan,0,nan,0,nan,0,nan,0,nan,0,nan,0,nan,0,nan,0
1597988559852711936,1597988560340000000,2020-08-21 13:42:40.340000,3327.0,3371.0,3312.0,3353.0,nan,3335.0,34598,1154150720.0,27252,3328.0,22,3327.0,3,nan,0,nan,0,nan,0,nan,0,nan,0,nan,0,nan,0,nan,0
1597988562329329920,1597988562928000000,2020-08-21 13:42:42.928000,3327.0,3371.0,3312.0,3353.0,nan,3335.0,34601,1154250530.0,27249,3327.0,3,3326.0,113,nan,0,nan,0,nan,0,nan,0,nan,0,nan,0,nan,0,nan,0
1597988562823472896,1597988563388999936,2020-08-21 13:42:43.389000,3327.0,3371.0,3312.0,3353.0,nan,3335.0,34601,1154250530.0,27249,3327.0,7,3326.0,53,nan,0,nan,0,nan,0,nan,0,nan,0,nan,0,nan,0,nan,0
1597988563350736896,1597988563872999936,2020-08-21 13:42:43.873000,3327.0,3371.0,3312.0,3353.0,nan,3335.0,34601,1154250530.0,27249,3327.0,7,3326.0,33,nan,0,nan,0,nan,0,nan,0,nan,0,nan,0,nan,0,nan,0
1597988563823515904,1597988564436000000,2020-08-21 13:42:44.436000,3327.0,3371.0,3312.0,3353.0,nan,3335.0,34601,1154250530.0,27249,3327.0,7,3326.0,13,nan,0,nan,0,nan,0,nan,0,nan,0,nan,0,nan,0,nan,0
1597988564824567040,1597988565382999808,2020-08-21 13:42:45.383000,3326.0,3371.0,3312.0,3353.0,nan,3335.0,34607,1154450090.0,27253,3327.0,7,3326.0,7,nan,0,nan,0,nan,0,nan,0,nan,0,nan,0,nan,0,nan,0
1597988565334170880,1597988565731000064,2020-08-21 13:42:45.731000,3327.0,3371.0,3312.0,3353.0,nan,3335.0,34608,1154483360.0,27252,3327.0,6,3326.0,7,nan,0,nan,0,nan,0,nan,0,nan,0,nan,0,nan,0,nan,0
1597988566359845120,1597988566842999808,2020-08-21 13:42:46.843000,3326.0,3371.0,3312.0,3353.0,nan,3335.0,34609,1154516620.0,27253,3327.0,6,3326.0,6,nan,0,nan,0,nan,0,nan,0,nan,0,nan,0,nan,0,nan,0
1597988567322458880,1597988567840000000,2020-08-21 13:42:47.840000,3326.0,3371.0,3312.0,3353.0,nan,3335.0,34611,1154583140.0,27253,3327.0,6,3326.0,4,nan,0,nan,0,nan,0,nan,0,nan,0,nan,0,nan,0,nan,0
1597988568324305920,1597988568867000064,2020-08-21 13:42:48.867000,3326.0,3371.0,3312.0,3353.0,nan,3335.0,34611,1154583140.0,27253,3327.0,6,3326.0,11,nan,0,nan,0,nan,0,nan,0,nan,0,nan,0,nan,0,nan,0
1597988569362718976,1597988569844000000,2020-08-21 13:42:49.844000,3326.0,3371.0,3312.0,3353.0,nan,3335.0,34612,1154616400.0,27253,3327.0,6,3326.0,10,nan,0,nan,0,nan,0,nan,0,nan,0,nan,0,nan,0,nan,0
1597988573326110976,1597988573935000064,2020-08-21 13:42:53.935000,3326.0,3371.0,3312.0,3353.0,nan,3335.0,34614,1154682920.0,27254,3327.0,6,3326.0,8,nan,0,nan,0,nan,0,nan,0,nan,0,nan,0,nan,0,nan,0
1597988573822635008,1597988574424999936,2020-08-21 13:42:54.425000,3326.0,3371.0,3312.0,3353.0,nan,3335.0,34614,1154682920.0,27254,3327.0,24,3326.0,8,nan,0,nan,0,nan,0,nan,0,nan,0,nan,0,nan,0,nan,0
1597988574321061120,1597988574739000064,2020-08-21 13:42:54.739000,3326.0,3371.0,3312.0,3353.0,nan,3335.0,34614,1154682920.0,27254,3327.0,29,3326.0,8,nan,0,nan,0,nan,0,nan,0,nan,0,nan,0,nan,0,nan,0
1597988575820427008,1597988576430000128,2020-08-21 13:42:56.430000,3327.0,3371.0,3312.0,3353.0,nan,3335.0,34615,1154716190.0,27254,3327.0,28,3326.0,8,nan,0,nan,0,nan,0,nan,0,nan,0,nan,0,nan,0,nan,0
1597988576324065024,1597988576852000000,2020-08-21 13:42:56.852000,3327.0,3371.0,3312.0,3353.0,nan,3335.0,34616,1154749460.0,27254,3327.0,27,3326.0,9,nan,0,nan,0,nan,0,nan,0,nan,0,nan,0,nan,0,nan,0
1597988577325295104,1597988577888999936,2020-08-21 13:42:57.889000,3327.0,3371.0,3312.0,3353.0,nan,3335.0,34617,1154782730.0,27254,3327.0,26,3326.0,9,nan,0,nan,0,nan,0,nan,0,nan,0,nan,0,nan,0,nan,0
1597988577826286080,1597988578404999936,2020-08-21 13:42:58.405000,3326.0,3371.0,3312.0,3353.0,nan,3335.0,34620,1154882510.0,27255,3327.0,26,3326.0,6,nan,0,nan,0,nan,0,nan,0,nan,0,nan,0,nan,0,nan,0
1597988580325626112,1597988580936999936,2020-08-21 13:43:00.937000,3326.0,3371.0,3312.0,3353.0,nan,3335.0,34620,1154882510.0,27255,3327.0,26,3326.0,11,nan,0,nan,0,nan,0,nan,0,nan,0,nan,0,nan,0,nan,0
1597988581832124928,1597988582431000064,2020-08-21 13:43:02.431000,3327.0,3371.0,3312.0,3353.0,nan,3335.0,34625,1155048860.0,27259,3327.0,22,3326.0,11,nan,0,nan,0,nan,0,nan,0,nan,0,nan,0,nan,0,nan,0
1597988584820936960,1597988585420999936,2020-08-21 13:43:05.421000,3327.0,3371.0,3312.0,3353.0,nan,3335.0,34625,1155048860.0,27259,3327.0,23,3326.0,11,nan,0,nan,0,nan,0,nan,0,nan,0,nan,0,nan,0,nan,0
1597988587354924032,1597988587903000064,2020-08-21 13:43:07.903000,3327.0,3371.0,3312.0,3353.0,nan,3335.0,34628,1155148670.0,27262,3327.0,20,3326.0,18,nan,0,nan,0,nan,0,nan,0,nan,0,nan,0,nan,0,nan,0
1597988590344577024,1597988590812000000,2020-08-21 13:43:10.812000,3327.0,3371.0,3312.0,3353.0,nan,3335.0,34628,1155148670.0,27262,3327.0,21,3326.0,18,nan,0,nan,0,nan,0,nan,0,nan,0,nan,0,nan,0,nan,0
1597988591843534080,1597988592332000000,2020-08-21 13:43:12.332000,3327.0,3371.0,3312.0,3353.0,nan,3335.0,34628,1155148670.0,27262,3327.0,18,3326.0,18,nan,0,nan,0,nan,0,nan,0,nan,0,nan,0,nan,0,nan,0
1597988592825515008,1597988593391000064,2020-08-21 13:43:13.391000,3326.0,3371.0,3312.0,3353.0,nan,3335.0,34630,1155215190.0,27262,3327.0,18,3326.0,16,nan,0,nan,0,nan,0,nan,0,nan,0,nan,0,nan,0,nan,0
1597988594333181952,1597988594877000192,2020-08-21 13:43:14.877000,3326.0,3371.0,3312.0,3353.0,nan,3335.0,34630,1155215190.0,27262,3327.0,19,3326.0,16,nan,0,nan,0,nan,0,nan,0,nan,0,nan,0,nan,0,nan,0
1597988595326945024,1597988595844999936,2020-08-21 13:43:15.845000,3326.0,3371.0,3312.0,3353.0,nan,3335.0,34643,1155647570.0,27255,3326.0,5,3325.0,121,nan,0,nan,0,nan,0,nan,0,nan,0,nan,0,nan,0,nan,0
1597988595829521920,1597988596436999936,2020-08-21 13:43:16.437000,3326.0,3371.0,3312.0,3353.0,nan,3335.0,34644,1155680830.0,27254,3326.0,4,3325.0,82,nan,0,nan,0,nan,0,nan,0,nan,0,nan,0,nan,0,nan,0
1597988596334117120,1597988596901999872,2020-08-21 13:43:16.902000,3326.0,3371.0,3312.0,3353.0,nan,3335.0,34644,1155680830.0,27254,3326.0,4,3325.0,62,nan,0,nan,0,nan,0,nan,0,nan,0,nan,0,nan,0,nan,0
1597988596821604096,1597988597232000000,2020-08-21 13:43:17.232000,3326.0,3371.0,3312.0,3353.0,nan,3335.0,34644,1155680830.0,27254,3326.0,4,3325.0,52,nan,0,nan,0,nan,0,nan,0,nan,0,nan,0,nan,0,nan,0
1597988597819437056,1597988598378000128,2020-08-21 13:43:18.378000,3326.0,3371.0,3312.0,3353.0,nan,3335.0,34644,1155680830.0,27254,3326.0,14,3325.0,52,nan,0,nan,0,nan,0,nan,0,nan,0,nan,0,nan,0,nan,0
1597988599821700096,1597988600427000064,2020-08-21 13:43:20.427000,3326.0,3371.0,3312.0,3353.0,nan,3335.0,34646,1155747350.0,27254,3326.0,12,3325.0,51,nan,0,nan,0,nan,0,nan,0,nan,0,nan,0,nan,0,nan,0
1597988600823649024,1597988601390000128,2020-08-21 13:43:21.390000,3326.0,3371.0,3312.0,3353.0,nan,3335.0,34658,1156146470.0,27254,3327.0,97,3326.0,2,nan,0,nan,0,nan,0,nan,0,nan,0,nan,0,nan,0,nan,0
1597988601323187968,1597988601744000000,2020-08-21 13:43:21.744000,3326.0,3371.0,3312.0,3353.0,nan,3335.0,34658,1156146470.0,27254,3327.0,49,3325.0,121,nan,0,nan,0,nan,0,nan,0,nan,0,nan,0,nan,0,nan,0
1597988601818671104,1597988602244999936,2020-08-21 13:43:22.245000,3326.0,3371.0,3312.0,3353.0,nan,3335.0,34658,1156146470.0,27254,3327.0,21,3326.0,3,nan,0,nan,0,nan,0,nan,0,nan,0,nan,0,nan,0,nan,0
1597988602823420928,1597988603421999872,2020-08-21 13:43:23.422000,3326.0,3371.0,3312.0,3353.0,nan,3335.0,34658,1156146470.0,27254,3327.0,21,3326.0,4,nan,0,nan,0,nan,0,nan,0,nan,0,nan,0,nan,0,nan,0
1597988603821935104,1597988604415000064,2020-08-21 13:43:24.415000,3326.0,3371.0,3312.0,3353.0,nan,3335.0,34659,1156179730.0,27254,3327.0,21,3326.0,3,nan,0,nan,0,nan,0,nan,0,nan,0,nan,0,nan,0,nan,0
1597988604320476928,1597988604928999936,2020-08-21 13:43:24.929000,3326.0,3371.0,3312.0,3353.0,nan,3335.0,34659,1156179730.0,27254,3327.0,21,3326.0,4,nan,0,nan,0,nan,0,nan,0,nan,0,nan,0,nan,0,nan,0
1597988604823325952,1597988605435000064,2020-08-21 13:43:25.435000,3326.0,3371.0,3312.0,3353.0,nan,3335.0,34660,1156212990.0,27254,3327.0,21,3326.0,3,nan,0,nan,0,nan,0,nan,0,nan,0,nan,0,nan,0,nan,0
1597988606321321984,1597988606921999872,2020-08-21 13:43:26.922000,3326.0,3371.0,3312.0,3353.0,nan,3335.0,34663,1156312770.0,27256,3327.0,21,3325.0,121,nan,0,nan,0,nan,0,nan,0,nan,0,nan,0,nan,0,nan,0
1597988606826821888,1597988607342000128,2020-08-21 13:43:27.342000,3326.0,3371.0,3312.0,3353.0,nan,3335.0,34663,1156312770.0,27256,3327.0,21,3325.0,111,nan,0,nan,0,nan,0,nan,0,nan,0,nan,0,nan,0,nan,0
1597988607323115008,1597988607747000064,2020-08-21 13:43:27.747000,3326.0,3371.0,3312.0,3353.0,nan,3335.0,34663,1156312770.0,27256,3327.0,16,3325.0,101,nan,0,nan,0,nan,0,nan,0,nan,0,nan,0,nan,0,nan,0
1597988609323024896,1597988609908999936,2020-08-21 13:43:29.909000,3326.0,3371.0,3312.0,3353.0,nan,3335.0,34663,1156312770.0,27256,3327.0,16,3326.0,1,nan,0,nan,0,nan,0,nan,0,nan,0,nan,0,nan,0,nan,0
1597988610823376896,1597988611404999936,2020-08-21 13:43:31.405000,3326.0,3371.0,3312.0,3353.0,nan,3335.0,34664,1156346030.0,27256,3327.0,16,3325.0,101,nan,0,nan,0,nan,0,nan,0,nan,0,nan,0,nan,0,nan,0
1597988611348400128,1597988611836000000,2020-08-21 13:43:31.836000,3326.0,3371.0,3312.0,3353.0,nan,3335.0,34664,1156346030.0,27256,3327.0,16,3325.0,81,nan,0,nan,0,nan,0,nan,0,nan,0,nan,0,nan,0,nan,0
1597988611823390976,1597988612416999936,2020-08-21 13:43:32.417000,3326.0,3371.0,3312.0,3353.0,nan,3335.0,34664,1156346030.0,27256,3327.0,17,3325.0,101,nan,0,nan,0,nan,0,nan,0,nan,0,nan,0,nan,0,nan,0
1597988612820820992,1597988613321000192,2020-08-21 13:43:33.321000,3326.0,3371.0,3312.0,3353.0,nan,3335.0,34664,1156346030.0,27256,3327.0,16,3325.0,101,nan,0,nan,0,nan,0,nan,0,nan,0,nan,0,nan,0,nan,0
1597988615323614976,1597988615880999936,2020-08-21 13:43:35.881000,3326.0,3371.0,3312.0,3353.0,nan,3335.0,34664,1156346030.0,27256,3327.0,16,3326.0,6,nan,0,nan,0,nan,0,nan,0,nan,0,nan,0,nan,0,nan,0
1597988615823524096,1597988616326999808,2020-08-21 13:43:36.327000,3326.0,3371.0,3312.0,3353.0,nan,3335.0,34665,1156379290.0,27256,3327.0,16,3326.0,5,nan,0,nan,0,nan,0,nan,0,nan,0,nan,0,nan,0,nan,0
1597988616829613056,1597988617324999936,2020-08-21 13:43:37.325000,3326.0,3371.0,3312.0,3353.0,nan,3335.0,34670,1156545590.0,27252,3327.0,16,3326.0,3,nan,0,nan,0,nan,0,nan,0,nan,0,nan,0,nan,0,nan,0
1597988617339769088,1597988617823000064,2020-08-21 13:43:37.823000,3326.0,3371.0,3312.0,3353.0,nan,3335.0,34670,1156545590.0,27252,3327.0,7,3326.0,11,nan,0,nan,0,nan,0,nan,0,nan,0,nan,0,nan,0,nan,0
1597988618323644928,1597988618742000128,2020-08-21 13:43:38.742000,3326.0,3371.0,3312.0,3353.0,nan,3335.0,34670,1156545590.0,27252,3327.0,7,3326.0,13,nan,0,nan,0,nan,0,nan,0,nan,0,nan,0,nan,0,nan,0
1597988618818096896,1597988619324999936,2020-08-21 13:43:39.325000,3326.0,3371.0,3312.0,3353.0,nan,3335.0,34670,1156545590.0,27252,3327.0,7,3326.0,24,nan,0,nan,0,nan,0,nan,0,nan,0,nan,0,nan,0,nan,0
1597988619994663936,1597988620437999872,2020-08-21 13:43:40.438000,3326.0,3371.0,3312.0,3353.0,nan,3335.0,34672,1156612110.0,27254,3327.0,7,3326.0,22,nan,0,nan,0,nan,0,nan,0,nan,0,nan,0,nan,0,nan,0
1597988621321035008,1597988621877000192,2020-08-21 13:43:41.877000,3326.0,3371.0,3312.0,3353.0,nan,3335.0,34672,1156612110.0,27254,3327.0,7,3326.0,23,nan,0,nan,0,nan,0,nan,0,nan,0,nan,0,nan,0,nan,0
1597988621824858112,1597988622424999936,2020-08-21 13:43:42.425000,3326.0,3371.0,3312.0,3353.0,nan,3335.0,34672,1156612110.0,27254,3327.0,7,3326.0,22,nan,0,nan,0,nan,0,nan,0,nan,0,nan,0,nan,0,nan,0
1597988625323941120,1597988625898000128,2020-08-21 13:43:45.898000,3326.0,3371.0,3312.0,3353.0,nan,3335.0,34672,1156612110.0,27254,3327.0,8,3326.0,22,nan,0,nan,0,nan,0,nan,0,nan,0,nan,0,nan,0,nan,0
1597988625819245056,1597988626302000128,2020-08-21 13:43:46.302000,3326.0,3371.0,3312.0,3353.0,nan,3335.0,34672,1156612110.0,27254,3327.0,8,3326.0,23,nan,0,nan,0,nan,0,nan,0,nan,0,nan,0,nan,0,nan,0
1597988628319083008,1597988628927000064,2020-08-21 13:43:48.927000,3326.0,3371.0,3312.0,3353.0,nan,3335.0,34672,1156612110.0,27254,3327.0,18,3326.0,22,nan,0,nan,0,nan,0,nan,0,nan,0,nan,0,nan,0,nan,0
1597988631321776128,1597988631907000064,2020-08-21 13:43:51.907000,3326.0,3371.0,3312.0,3353.0,nan,3335.0,34672,1156612110.0,27254,3327.0,19,3326.0,22,nan,0,nan,0,nan,0,nan,0,nan,0,nan,0,nan,0,nan,0
1597988632337094912,1597988632930000128,2020-08-21 13:43:52.930000,3326.0,3371.0,3312.0,3353.0,nan,3335.0,34672,1156612110.0,27254,3327.0,19,3326.0,23,nan,0,nan,0,nan,0,nan,0,nan,0,nan,0,nan,0,nan,0
1597988644824360960,1597988645424999936,2020-08-21 13:44:05.425000,3326.0,3371.0,3312.0,3353.0,nan,3335.0,34695,1157377090.0,27252,3326.0,11,3325.0,141,nan,0,nan,0,nan,0,nan,0,nan,0,nan,0,nan,0,nan,0
1597988645330961920,1597988645857000192,2020-08-21 13:44:05.857000,3326.0,3371.0,3312.0,3353.0,nan,3335.0,34695,1157377090.0,27252,3326.0,11,3325.0,81,nan,0,nan,0,nan,0,nan,0,nan,0,nan,0,nan,0,nan,0
1597988645822544896,1597988646326999808,2020-08-21 13:44:06.327000,3326.0,3371.0,3312.0,3353.0,nan,3335.0,34695,1157377090.0,27252,3326.0,11,3325.0,61,nan,0,nan,0,nan,0,nan,0,nan,0,nan,0,nan,0,nan,0
1597988646319315968,1597988646826999808,2020-08-21 13:44:06.827000,3326.0,3371.0,3312.0,3353.0,nan,3335.0,34695,1157377090.0,27252,3326.0,18,3325.0,51,nan,0,nan,0,nan,0,nan,0,nan,0,nan,0,nan,0,nan,0
1597988647326736896,1597988647832000000,2020-08-21 13:44:07.832000,3325.0,3371.0,3312.0,3353.0,nan,3335.0,34696,1157410340.0,27253,3326.0,18,3325.0,50,nan,0,nan,0,nan,0,nan,0,nan,0,nan,0,nan,0,nan,0
1597988647822051072,1597988648394000128,2020-08-21 13:44:08.394000,3325.0,3371.0,3312.0,3353.0,nan,3335.0,34696,1157410340.0,27253,3326.0,18,3325.0,30,nan,0,nan,0,nan,0,nan,0,nan,0,nan,0,nan,0,nan,0
1597988649322434048,1597988649932000000,2020-08-21 13:44:09.932000,3325.0,3371.0,3312.0,3353.0,nan,3335.0,34696,1157410340.0,27253,3326.0,18,3325.0,31,nan,0,nan,0,nan,0,nan,0,nan,0,nan,0,nan,0,nan,0
1597988649829970944,1597988650396000000,2020-08-21 13:44:10.396000,3325.0,3371.0,3312.0,3353.0,nan,3335.0,34696,1157410340.0,27253,3326.0,18,3325.0,33,nan,0,nan,0,nan,0,nan,0,nan,0,nan,0,nan,0,nan,0
1597988651820868096,1597988652285000192,2020-08-21 13:44:12.285000,3325.0,3371.0,3312.0,3353.0,nan,3335.0,34696,1157410340.0,27253,3326.0,20,3325.0,33,nan,0,nan,0,nan,0,nan,0,nan,0,nan,0,nan,0,nan,0
1597988658825037056,1597988659323000064,2020-08-21 13:44:19.323000,3325.0,3371.0,3312.0,3353.0,nan,3335.0,34696,1157410340.0,27253,3326.0,22,3325.0,33,nan,0,nan,0,nan,0,nan,0,nan,0,nan,0,nan,0,nan,0
1597988661820739072,1597988662396000000,2020-08-21 13:44:22.396000,3325.0,3371.0,3312.0,3353.0,nan,3335.0,34697,1157443590.0,27254,3326.0,22,3325.0,32,nan,0,nan,0,nan,0,nan,0,nan,0,nan,0,nan,0,nan,0
1597988662343065088,1597988662875000064,2020-08-21 13:44:22.875000,3325.0,3371.0,3312.0,3353.0,nan,3335.0,34697,1157443590.0,27254,3326.0,23,3325.0,32,nan,0,nan,0,nan,0,nan,0,nan,0,nan,0,nan,0,nan,0
1597988666325320960,1597988666936000000,2020-08-21 13:44:26.936000,3325.0,3371.0,3312.0,3353.0,nan,3335.0,34697,1157443590.0,27254,3326.0,21,3325.0,32,nan,0,nan,0,nan,0,nan,0,nan,0,nan,0,nan,0,nan,0
1597988667320567040,1597988667878000128,2020-08-21 13:44:27.878000,3325.0,3371.0,3312.0,3353.0,nan,3335.0,34698,1157476840.0,27255,3326.0,21,3325.0,31,nan,0,nan,0,nan,0,nan,0,nan,0,nan,0,nan,0,nan,0
1597988667823217920,1597988668384999936,2020-08-21 13:44:28.385000,3326.0,3371.0,3312.0,3353.0,nan,3335.0,34699,1157510100.0,27255,3326.0,20,3325.0,31,nan,0,nan,0,nan,0,nan,0,nan,0,nan,0,nan,0,nan,0
1597988668822936064,1597988669387000064,2020-08-21 13:44:29.387000,3326.0,3371.0,3312.0,3353.0,nan,3335.0,34699,1157510100.0,27255,3326.0,20,3325.0,33,nan,0,nan,0,nan,0,nan,0,nan,0,nan,0,nan,0,nan,0
1597988672325387008,1597988672904999936,2020-08-21 13:44:32.905000,3326.0,3371.0,3312.0,3353.0,nan,3335.0,34701,1157576620.0,27253,3326.0,18,3325.0,33,nan,0,nan,0,nan,0,nan,0,nan,0,nan,0,nan,0,nan,0
1597988672822422016,1597988673420000000,2020-08-21 13:44:33.420000,3326.0,3371.0,3312.0,3353.0,nan,3335.0,34711,1157909220.0,27258,3326.0,8,3325.0,33,nan,0,nan,0,nan,0,nan,0,nan,0,nan,0,nan,0,nan,0
1597988674821778944,1597988675375000064,2020-08-21 13:44:35.375000,3325.0,3371.0,3312.0,3353.0,nan,3335.0,34712,1157942470.0,27258,3326.0,8,3325.0,32,nan,0,nan,0,nan,0,nan,0,nan,0,nan,0,nan,0,nan,0
1597988676819929088,1597988677376000000,2020-08-21 13:44:37.376000,3326.0,3371.0,3312.0,3353.0,nan,3335.0,34713,1157975730.0,27258,3326.0,7,3325.0,32,nan,0,nan,0,nan,0,nan,0,nan,0,nan,0,nan,0,nan,0
1597988677327013120,1597988677923000064,2020-08-21 13:44:37.923000,3325.0,3371.0,3312.0,3353.0,nan,3335.0,34715,1158042230.0,27260,3326.0,7,3325.0,30,nan,0,nan,0,nan,0,nan,0,nan,0,nan,0,nan,0,nan,0
1597988681324150016,1597988681879000064,2020-08-21 13:44:41.879000,3326.0,3371.0,3312.0,3353.0,nan,3335.0,34716,1158075490.0,27260,3326.0,3,3325.0,30,nan,0,nan,0,nan,0,nan,0,nan,0,nan,0,nan,0,nan,0
1597988682330787072,1597988682860999936,2020-08-21 13:44:42.861000,3326.0,3371.0,3312.0,3353.0,nan,3335.0,34716,1158075490.0,27260,3326.0,3,3325.0,31,nan,0,nan,0,nan,0,nan,0,nan,0,nan,0,nan,0,nan,0
1597988684822437888,1597988685338000128,2020-08-21 13:44:45.338000,3326.0,3371.0,3312.0,3353.0,nan,3335.0,34717,1158108750.0,27260,3326.0,2,3325.0,31,nan,0,nan,0,nan,0,nan,0,nan,0,nan,0,nan,0,nan,0
1597988689351815936,1597988689882999808,2020-08-21 13:44:49.883000,3325.0,3371.0,3312.0,3353.0,nan,3335.0,34718,1158142000.0,27261,3326.0,2,3325.0,30,nan,0,nan,0,nan,0,nan,0,nan,0,nan,0,nan,0,nan,0
1597988690322341888,1597988690887000064,2020-08-21 13:44:50.887000,3325.0,3371.0,3312.0,3353.0,nan,3335.0,34718,1158142000.0,27261,3326.0,3,3325.0,30,nan,0,nan,0,nan,0,nan,0,nan,0,nan,0,nan,0,nan,0
1597988691326302976,1597988691938999808,2020-08-21 13:44:51.939000,3325.0,3371.0,3312.0,3353.0,nan,3335.0,34718,1158142000.0,27261,3326.0,13,3325.0,30,nan,0,nan,0,nan,0,nan,0,nan,0,nan,0,nan,0,nan,0
1597988691832754944,1597988692411000064,2020-08-21 13:44:52.411000,3325.0,3371.0,3312.0,3353.0,nan,3335.0,34718,1158142000.0,27261,3326.0,20,3325.0,30,nan,0,nan,0,nan,0,nan,0,nan,0,nan,0,nan,0,nan,0
1597988692821745920,1597988693385999872,2020-08-21 13:44:53.386000,3325.0,3371.0,3312.0,3353.0,nan,3335.0,34748,1159139500.0,27241,3325.0,8,3324.0,117,nan,0,nan,0,nan,0,nan,0,nan,0,nan,0,nan,0,nan,0
1597988693324468992,1597988693914000128,2020-08-21 13:44:53.914000,3325.0,3371.0,3312.0,3353.0,nan,3335.0,34748,1159139500.0,27241,3325.0,19,3324.0,46,nan,0,nan,0,nan,0,nan,0,nan,0,nan,0,nan,0,nan,0
1597988693823833088,1597988694345999872,2020-08-21 13:44:54.346000,3325.0,3371.0,3312.0,3353.0,nan,3335.0,34748,1159139500.0,27241,3325.0,19,3324.0,6,nan,0,nan,0,nan,0,nan,0,nan,0,nan,0,nan,0,nan,0
1597988694824862976,1597988695324000000,2020-08-21 13:44:55.324000,3325.0,3371.0,3312.0,3353.0,nan,3335.0,34748,1159139500.0,27241,3325.0,19,3324.0,7,nan,0,nan,0,nan,0,nan,0,nan,0,nan,0,nan,0,nan,0
1597988695350833920,1597988695848999936,2020-08-21 13:44:55.849000,3325.0,3371.0,3312.0,3353.0,nan,3335.0,34748,1159139500.0,27241,3325.0,20,3324.0,7,nan,0,nan,0,nan,0,nan,0,nan,0,nan,0,nan,0,nan,0
1597988695821499904,1597988696416000000,2020-08-21 13:44:56.416000,3325.0,3371.0,3312.0,3353.0,nan,3335.0,34749,1159172750.0,27241,3325.0,20,3324.0,8,nan,0,nan,0,nan,0,nan,0,nan,0,nan,0,nan,0,nan,0
1597988696822576896,1597988697331000064,2020-08-21 13:44:57.331000,3325.0,3371.0,3312.0,3353.0,nan,3335.0,34749,1159172750.0,27241,3325.0,20,3324.0,9,nan,0,nan,0,nan,0,nan,0,nan,0,nan,0,nan,0,nan,0
1597988697321658880,1597988697864999936,2020-08-21 13:44:57.865000,3325.0,3371.0,3312.0,3353.0,nan,3335.0,34749,1159172750.0,27241,3325.0,14,3324.0,9,nan,0,nan,0,nan,0,nan,0,nan,0,nan,0,nan,0,nan,0
1597988700326694912,1597988700935000064,2020-08-21 13:45:00.935000,3324.0,3371.0,3312.0,3353.0,nan,3335.0,34750,1159205990.0,27241,3325.0,14,3324.0,8,nan,0,nan,0,nan,0,nan,0,nan,0,nan,0,nan,0,nan,0
1597988700821282048,1597988701341000192,2020-08-21 13:45:01.341000,3324.0,3371.0,3312.0,3353.0,nan,3335.0,34765,1159704550.0,27242,3325.0,14,3323.0,95,nan,0,nan,0,nan,0,nan,0,nan,0,nan,0,nan,0,nan,0
1597988701348193024,1597988701829999872,2020-08-21 13:45:01.830000,3324.0,3371.0,3312.0,3353.0,nan,3335.0,34765,1159704550.0,27242,3325.0,14,3323.0,75,nan,0,nan,0,nan,0,nan,0,nan,0,nan,0,nan,0,nan,0
1597988701821391872,1597988702403000064,2020-08-21 13:45:02.403000,3324.0,3371.0,3312.0,3353.0,nan,3335.0,34765,1159704550.0,27242,3325.0,14,3323.0,65,nan,0,nan,0,nan,0,nan,0,nan,0,nan,0,nan,0,nan,0
1597988702320246016,1597988702826999808,2020-08-21 13:45:02.827000,3324.0,3371.0,3312.0,3353.0,nan,3335.0,34765,1159704550.0,27242,3325.0,15,3323.0,65,nan,0,nan,0,nan,0,nan,0,nan,0,nan,0,nan,0,nan,0
1597988702822576128,1597988703329999872,2020-08-21 13:45:03.330000,3325.0,3371.0,3312.0,3353.0,nan,3335.0,34766,1159737800.0,27242,3325.0,15,3324.0,7,nan,0,nan,0,nan,0,nan,0,nan,0,nan,0,nan,0,nan,0
1597988703320883968,1597988703916000000,2020-08-21 13:45:03.916000,3325.0,3371.0,3312.0,3353.0,nan,3335.0,34766,1159737800.0,27242,3325.0,16,3324.0,7,nan,0,nan,0,nan,0,nan,0,nan,0,nan,0,nan,0,nan,0
1597988704822838016,1597988705410000128,2020-08-21 13:45:05.410000,3325.0,3371.0,3312.0,3353.0,nan,3335.0,34766,1159737800.0,27242,3325.0,20,3324.0,7,nan,0,nan,0,nan,0,nan,0,nan,0,nan,0,nan,0,nan,0
1597988705321893120,1597988705910000128,2020-08-21 13:45:05.910000,3325.0,3371.0,3312.0,3353.0,nan,3335.0,34766,1159737800.0,27242,3324.0,1,3323.0,95,nan,0,nan,0,nan,0,nan,0,nan,0,nan,0,nan,0,nan,0
1597988705821168128,1597988706414000128,2020-08-21 13:45:06.414000,3325.0,3371.0,3312.0,3353.0,nan,3335.0,34766,1159737800.0,27242,3324.0,7,3323.0,35,nan,0,nan,0,nan,0,nan,0,nan,0,nan,0,nan,0,nan,0
1597988706334746880,1597988706831000064,2020-08-21 13:45:06.831000,3325.0,3371.0,3312.0,3353.0,nan,3335.0,34766,1159737800.0,27242,3324.0,14,3323.0,4,nan,0,nan,0,nan,0,nan,0,nan,0,nan,0,nan,0,nan,0
1597988706825588992,1597988707339000064,2020-08-21 13:45:07.339000,3325.0,3371.0,3312.0,3353.0,nan,3335.0,34766,1159737800.0,27242,3324.0,15,3323.0,4,nan,0,nan,0,nan,0,nan,0,nan,0,nan,0,nan,0,nan,0
1597988707342301952,1597988707937999872,2020-08-21 13:45:07.938000,3324.0,3371.0,3312.0,3353.0,nan,3335.0,34771,1159904000.0,27244,3324.0,10,3323.0,13,nan,0,nan,0,nan,0,nan,0,nan,0,nan,0,nan,0,nan,0
1597988707825223936,1597988708395000064,2020-08-21 13:45:08.395000,3324.0,3371.0,3312.0,3353.0,nan,3335.0,34782,1160269640.0,27252,3325.0,110,3324.0,13,nan,0,nan,0,nan,0,nan,0,nan,0,nan,0,nan,0,nan,0
1597988708335549952,1597988708743000064,2020-08-21 13:45:08.743000,3324.0,3371.0,3312.0,3353.0,nan,3335.0,34783,1160302880.0,27252,3325.0,60,3324.0,13,nan,0,nan,0,nan,0,nan,0,nan,0,nan,0,nan,0,nan,0
1597988708837216000,1597988709357000192,2020-08-21 13:45:09.357000,3324.0,3371.0,3312.0,3353.0,nan,3335.0,34783,1160302880.0,27252,3325.0,41,3324.0,13,nan,0,nan,0,nan,0,nan,0,nan,0,nan,0,nan,0,nan,0
1597988709324347904,1597988709732999936,2020-08-21 13:45:09.733000,3324.0,3371.0,3312.0,3353.0,nan,3335.0,34783,1160302880.0,27252,3325.0,21,3324.0,13,nan,0,nan,0,nan,0,nan,0,nan,0,nan,0,nan,0,nan,0
1597988711322085888,1597988711891000064,2020-08-21 13:45:11.891000,3324.0,3371.0,3312.0,3353.0,nan,3335.0,34784,1160336120.0,27253,3325.0,21,3324.0,12,nan,0,nan,0,nan,0,nan,0,nan,0,nan,0,nan,0,nan,0
1597988711822289920,1597988712428000000,2020-08-21 13:45:12.428000,3324.0,3371.0,3312.0,3353.0,nan,3335.0,34792,1160602040.0,27261,3325.0,21,3324.0,4,nan,0,nan,0,nan,0,nan,0,nan,0,nan,0,nan,0,nan,0
1597988712822934016,1597988713415000064,2020-08-21 13:45:13.415000,3325.0,3371.0,3312.0,3353.0,nan,3335.0,34794,1160668540.0,27263,3325.0,19,3324.0,3,nan,0,nan,0,nan,0,nan,0,nan,0,nan,0,nan,0,nan,0
1597988713826481920,1597988714323000064,2020-08-21 13:45:14.323000,3325.0,3371.0,3312.0,3353.0,nan,3335.0,34794,1160668540.0,27263,3325.0,21,3324.0,3,nan,0,nan,0,nan,0,nan,0,nan,0,nan,0,nan,0,nan,0
1597988714824716032,1597988715325999872,2020-08-21 13:45:15.326000,3325.0,3371.0,3312.0,3353.0,nan,3335.0,34794,1160668540.0,27263,3325.0,22,3324.0,3,nan,0,nan,0,nan,0,nan,0,nan,0,nan,0,nan,0,nan,0
1597988718826948096,1597988719404999936,2020-08-21 13:45:19.405000,3324.0,3371.0,3312.0,3353.0,nan,3335.0,34797,1160768260.0,27265,3324.0,2,3323.0,104,nan,0,nan,0,nan,0,nan,0,nan,0,nan,0,nan,0,nan,0
1597988719342422016,1597988719860000000,2020-08-21 13:45:19.860000,3324.0,3371.0,3312.0,3353.0,nan,3335.0,34797,1160768260.0,27265,3324.0,3,3323.0,43,nan,0,nan,0,nan,0,nan,0,nan,0,nan,0,nan,0,nan,0
1597988719821570048,1597988720438999808,2020-08-21 13:45:20.439000,3324.0,3371.0,3312.0,3353.0,nan,3335.0,34797,1160768260.0,27265,3324.0,3,3323.0,14,nan,0,nan,0,nan,0,nan,0,nan,0,nan,0,nan,0,nan,0
1597988720325029888,1597988720921999872,2020-08-21 13:45:20.922000,3324.0,3371.0,3312.0,3353.0,nan,3335.0,34797,1160768260.0,27265,3325.0,122,3324.0,17,nan,0,nan,0,nan,0,nan,0,nan,0,nan,0,nan,0,nan,0
1597988720817768960,1597988721328000000,2020-08-21 13:45:21.328000,3324.0,3371.0,3312.0,3353.0,nan,3335.0,34797,1160768260.0,27265,3325.0,82,3324.0,17,nan,0,nan,0,nan,0,nan,0,nan,0,nan,0,nan,0,nan,0
1597988721337584128,1597988721828000000,2020-08-21 13:45:21.828000,3325.0,3371.0,3312.0,3353.0,nan,3335.0,34859,1162829760.0,27313,3326.0,95,3325.0,12,nan,0,nan,0,nan,0,nan,0,nan,0,nan,0,nan,0,nan,0
1597988721827393024,1597988722392999936,2020-08-21 13:45:22.393000,3326.0,3371.0,3312.0,3353.0,nan,3335.0,34869,1163162360.0,27320,3326.0,14,3325.0,31,nan,0,nan,0,nan,0,nan,0,nan,0,nan,0,nan,0,nan,0
1597988722379194880,1597988722862999808,2020-08-21 13:45:22.863000,3325.0,3371.0,3312.0,3353.0,nan,3335.0,34897,1164093490.0,27300,3326.0,2,3325.0,15,nan,0,nan,0,nan,0,nan,0,nan,0,nan,0,nan,0,nan,0
1597988722821071104,1597988723328999936,2020-08-21 13:45:23.329000,3326.0,3371.0,3312.0,3353.0,nan,3335.0,34905,1164359570.0,27305,3326.0,3,3325.0,15,nan,0,nan,0,nan,0,nan,0,nan,0,nan,0,nan,0,nan,0
1597988723320184064,1597988723748000000,2020-08-21 13:45:23.748000,3326.0,3371.0,3312.0,3353.0,nan,3335.0,34905,1164359570.0,27305,3326.0,11,3325.0,15,nan,0,nan,0,nan,0,nan,0,nan,0,nan,0,nan,0,nan,0
1597988728352072960,1597988728895000064,2020-08-21 13:45:28.895000,3326.0,3371.0,3312.0,3353.0,nan,3335.0,34912,1164592370.0,27310,3326.0,6,3325.0,13,nan,0,nan,0,nan,0,nan,0,nan,0,nan,0,nan,0,nan,0
1597988731328773888,1597988731916000000,2020-08-21 13:45:31.916000,3326.0,3371.0,3312.0,3353.0,nan,3335.0,34913,1164625630.0,27310,3326.0,5,3325.0,12,nan,0,nan,0,nan,0,nan,0,nan,0,nan,0,nan,0,nan,0
1597988731824505088,1597988732424000000,2020-08-21 13:45:32.424000,3326.0,3371.0,3312.0,3353.0,nan,3335.0,34918,1164791930.0,27314,3326.0,2,3325.0,13,nan,0,nan,0,nan,0,nan,0,nan,0,nan,0,nan,0,nan,0
1597988732350991872,1597988732832000000,2020-08-21 13:45:32.832000,3325.0,3371.0,3312.0,3353.0,nan,3335.0,34919,1164825180.0,27314,3326.0,9,3325.0,12,nan,0,nan,0,nan,0,nan,0,nan,0,nan,0,nan,0,nan,0
1597988736328109056,1597988736933000192,2020-08-21 13:45:36.933000,3325.0,3371.0,3312.0,3353.0,nan,3335.0,34920,1164858430.0,27314,3326.0,9,3325.0,11,nan,0,nan,0,nan,0,nan,0,nan,0,nan,0,nan,0,nan,0
1597988738320143104,1597988738736000000,2020-08-21 13:45:38.736000,3326.0,3371.0,3312.0,3353.0,nan,3335.0,34921,1164891690.0,27313,3326.0,8,3325.0,11,nan,0,nan,0,nan,0,nan,0,nan,0,nan,0,nan,0,nan,0
1597988739321329920,1597988739916999936,2020-08-21 13:45:39.917000,3326.0,3371.0,3312.0,3353.0,nan,3335.0,34921,1164891690.0,27313,3326.0,8,3325.0,12,nan,0,nan,0,nan,0,nan,0,nan,0,nan,0,nan,0,nan,0
1597988743824433920,1597988744248000000,2020-08-21 13:45:44.248000,3326.0,3371.0,3312.0,3353.0,nan,3335.0,34921,1164891690.0,27313,3326.0,8,3325.0,22,nan,0,nan,0,nan,0,nan,0,nan,0,nan,0,nan,0,nan,0
1597988744332833024,1597988744823000064,2020-08-21 13:45:44.823000,3325.0,3371.0,3312.0,3353.0,nan,3335.0,34922,1164924940.0,27312,3326.0,11,3325.0,11,nan,0,nan,0,nan,0,nan,0,nan,0,nan,0,nan,0,nan,0
1597988744820218880,1597988745328000000,2020-08-21 13:45:45.328000,3325.0,3371.0,3312.0,3353.0,nan,3335.0,34922,1164924940.0,27312,3326.0,11,3325.0,8,nan,0,nan,0,nan,0,nan,0,nan,0,nan,0,nan,0,nan,0
1597988746324440064,1597988746916000000,2020-08-21 13:45:46.916000,3325.0,3371.0,3312.0,3353.0,nan,3335.0,34923,1164958190.0,27313,3326.0,11,3324.0,134,nan,0,nan,0,nan,0,nan,0,nan,0,nan,0,nan,0,nan,0
1597988746828922112,1597988747407000064,2020-08-21 13:45:47.407000,3325.0,3371.0,3312.0,3353.0,nan,3335.0,34923,1164958190.0,27313,3326.0,14,3324.0,124,nan,0,nan,0,nan,0,nan,0,nan,0,nan,0,nan,0,nan,0
1597988751318734080,1597988751936999936,2020-08-21 13:45:51.937000,3325.0,3371.0,3312.0,3353.0,nan,3335.0,34923,1164958190.0,27313,3326.0,11,3325.0,3,nan,0,nan,0,nan,0,nan,0,nan,0,nan,0,nan,0,nan,0
1597988751820435968,1597988752324000000,2020-08-21 13:45:52.324000,3326.0,3371.0,3312.0,3353.0,nan,3335.0,34926,1165057970.0,27315,3326.0,8,3325.0,12,nan,0,nan,0,nan,0,nan,0,nan,0,nan,0,nan,0,nan,0
1597988752823525888,1597988753342000128,2020-08-21 13:45:53.342000,3326.0,3371.0,3312.0,3353.0,nan,3335.0,34926,1165057970.0,27315,3326.0,8,3325.0,14,nan,0,nan,0,nan,0,nan,0,nan,0,nan,0,nan,0,nan,0
1597988754323456000,1597988754928999936,2020-08-21 13:45:54.929000,3326.0,3371.0,3312.0,3353.0,nan,3335.0,34926,1165057970.0,27315,3326.0,8,3325.0,15,nan,0,nan,0,nan,0,nan,0,nan,0,nan,0,nan,0,nan,0
1597988755821001984,1597988756436999936,2020-08-21 13:45:56.437000,3326.0,3371.0,3312.0,3353.0,nan,3335.0,34926,1165057970.0,27315,3326.0,8,3325.0,22,nan,0,nan,0,nan,0,nan,0,nan,0,nan,0,nan,0,nan,0
1597988756331347968,1597988756880999936,2020-08-21 13:45:56.881000,3326.0,3371.0,3312.0,3353.0,nan,3335.0,34926,1165057970.0,27315,3326.0,8,3325.0,23,nan,0,nan,0,nan,0,nan,0,nan,0,nan,0,nan,0,nan,0
1597988758338266880,1597988758860999936,2020-08-21 13:45:58.861000,3326.0,3371.0,3312.0,3353.0,nan,3335.0,34926,1165057970.0,27315,3326.0,8,3325.0,24,nan,0,nan,0,nan,0,nan,0,nan,0,nan,0,nan,0,nan,0
1597988760345222912,1597988760915000064,2020-08-21 13:46:00.915000,3326.0,3371.0,3312.0,3353.0,nan,3335.0,34926,1165057970.0,27315,3326.0,9,3325.0,22,nan,0,nan,0,nan,0,nan,0,nan,0,nan,0,nan,0,nan,0
1597988763839200000,1597988764387000064,2020-08-21 13:46:04.387000,3325.0,3371.0,3312.0,3353.0,nan,3335.0,34936,1165390470.0,27325,3326.0,9,3325.0,2,nan,0,nan,0,nan,0,nan,0,nan,0,nan,0,nan,0,nan,0
1597988764355065088,1597988764936999936,2020-08-21 13:46:04.937000,3325.0,3371.0,3312.0,3353.0,nan,3335.0,34936,1165390470.0,27325,3326.0,18,3325.0,2,nan,0,nan,0,nan,0,nan,0,nan,0,nan,0,nan,0,nan,0
1597988768338135040,1597988768898000128,2020-08-21 13:46:08.898000,3325.0,3371.0,3312.0,3353.0,nan,3335.0,34936,1165390470.0,27325,3326.0,18,3325.0,8,nan,0,nan,0,nan,0,nan,0,nan,0,nan,0,nan,0,nan,0
1597988768825315072,1597988769403000064,2020-08-21 13:46:09.403000,3325.0,3371.0,3312.0,3353.0,nan,3335.0,34937,1165423720.0,27325,3326.0,18,3325.0,7,nan,0,nan,0,nan,0,nan,0,nan,0,nan,0,nan,0,nan,0
1597988769321680896,1597988769877000192,2020-08-21 13:46:09.877000,3326.0,3371.0,3312.0,3353.0,nan,3335.0,34944,1165656540.0,27332,3326.0,11,3325.0,7,nan,0,nan,0,nan,0,nan,0,nan,0,nan,0,nan,0,nan,0
1597988769823431936,1597988770433000192,2020-08-21 13:46:10.433000,3326.0,3371.0,3312.0,3353.0,nan,3335.0,34944,1165656540.0,27332,3326.0,18,3325.0,7,nan,0,nan,0,nan,0,nan,0,nan,0,nan,0,nan,0,nan,0
1597988772322560000,1597988772884999936,2020-08-21 13:46:12.885000,3325.0,3371.0,3312.0,3353.0,nan,3335.0,34945,1165689790.0,27333,3326.0,18,3325.0,6,nan,0,nan,0,nan,0,nan,0,nan,0,nan,0,nan,0,nan,0
1597988777320594944,1597988777823000064,2020-08-21 13:46:17.823000,3325.0,3371.0,3312.0,3353.0,nan,3335.0,34945,1165689790.0,27333,3326.0,18,3325.0,7,nan,0,nan,0,nan,0,nan,0,nan,0,nan,0,nan,0,nan,0
1597988777818383104,1597988778431000064,2020-08-21 13:46:18.431000,3325.0,3371.0,3312.0,3353.0,nan,3335.0,34945,1165689790.0,27333,3326.0,18,3325.0,15,nan,0,nan,0,nan,0,nan,0,nan,0,nan,0,nan,0,nan,0
1597988778823290112,1597988779388000000,2020-08-21 13:46:19.388000,3325.0,3371.0,3312.0,3353.0,nan,3335.0,34945,1165689790.0,27333,3326.0,28,3325.0,16,nan,0,nan,0,nan,0,nan,0,nan,0,nan,0,nan,0,nan,0
1597988779821402880,1597988780324999936,2020-08-21 13:46:20.325000,3325.0,3371.0,3312.0,3353.0,nan,3335.0,34945,1165689790.0,27333,3326.0,28,3325.0,15,nan,0,nan,0,nan,0,nan,0,nan,0,nan,0,nan,0,nan,0
1597988781324385024,1597988781931000064,2020-08-21 13:46:21.931000,3325.0,3371.0,3312.0,3353.0,nan,3335.0,34946,1165723040.0,27333,3326.0,28,3325.0,6,nan,0,nan,0,nan,0,nan,0,nan,0,nan,0,nan,0,nan,0
1597988782820293888,1597988783415000064,2020-08-21 13:46:23.415000,3326.0,3371.0,3312.0,3353.0,nan,3335.0,34953,1165955860.0,27334,3326.0,21,3325.0,7,nan,0,nan,0,nan,0,nan,0,nan,0,nan,0,nan,0,nan,0
1597988794341971968,1597988794938999808,2020-08-21 13:46:34.939000,3326.0,3371.0,3312.0,3353.0,nan,3335.0,34953,1165955860.0,27334,3326.0,21,3325.0,8,nan,0,nan,0,nan,0,nan,0,nan,0,nan,0,nan,0,nan,0
1597988794820187904,1597988795323000064,2020-08-21 13:46:35.323000,3326.0,3371.0,3312.0,3353.0,nan,3335.0,34953,1165955860.0,27334,3326.0,21,3325.0,15,nan,0,nan,0,nan,0,nan,0,nan,0,nan,0,nan,0,nan,0
1597988795347119104,1597988795840000000,2020-08-21 13:46:35.840000,3326.0,3371.0,3312.0,3353.0,nan,3335.0,34953,1165955860.0,27334,3326.0,21,3325.0,18,nan,0,nan,0,nan,0,nan,0,nan,0,nan,0,nan,0,nan,0
1597988795821313024,1597988796418999808,2020-08-21 13:46:36.419000,3326.0,3371.0,3312.0,3353.0,nan,3335.0,34967,1166421500.0,27327,3327.0,133,3326.0,1,nan,0,nan,0,nan,0,nan,0,nan,0,nan,0,nan,0,nan,0
1597988796320567040,1597988796877000192,2020-08-21 13:46:36.877000,3326.0,3371.0,3312.0,3353.0,nan,3335.0,34967,1166421500.0,27327,3327.0,69,3326.0,6,nan,0,nan,0,nan,0,nan,0,nan,0,nan,0,nan,0,nan,0
1597988796822780928,1597988797348000000,2020-08-21 13:46:37.348000,3326.0,3371.0,3312.0,3353.0,nan,3335.0,34967,1166421500.0,27327,3327.0,29,3326.0,6,nan,0,nan,0,nan,0,nan,0,nan,0,nan,0,nan,0,nan,0
1597988797330341120,1597988797854000128,2020-08-21 13:46:37.854000,3326.0,3371.0,3312.0,3353.0,nan,3335.0,34967,1166421500.0,27327,3327.0,19,3326.0,13,nan,0,nan,0,nan,0,nan,0,nan,0,nan,0,nan,0,nan,0
1597988797833132032,1597988798361999872,2020-08-21 13:46:38.362000,3326.0,3371.0,3312.0,3353.0,nan,3335.0,34967,1166421500.0,27327,3327.0,19,3326.0,14,nan,0,nan,0,nan,0,nan,0,nan,0,nan,0,nan,0,nan,0
1597988798322796032,1597988798880000000,2020-08-21 13:46:38.880000,3326.0,3371.0,3312.0,3353.0,nan,3335.0,34967,1166421500.0,27327,3327.0,19,3326.0,13,nan,0,nan,0,nan,0,nan,0,nan,0,nan,0,nan,0,nan,0
1597988798821005056,1597988799368999936,2020-08-21 13:46:39.369000,3326.0,3371.0,3312.0,3353.0,nan,3335.0,34967,1166421500.0,27327,3327.0,20,3326.0,13,nan,0,nan,0,nan,0,nan,0,nan,0,nan,0,nan,0,nan,0
1597988799817878016,1597988800400999936,2020-08-21 13:46:40.401000,3326.0,3371.0,3312.0,3353.0,nan,3335.0,34970,1166521280.0,27326,3326.0,6,3325.0,118,nan,0,nan,0,nan,0,nan,0,nan,0,nan,0,nan,0,nan,0
1597988800339812096,1597988800823000064,2020-08-21 13:46:40.823000,3326.0,3371.0,3312.0,3353.0,nan,3335.0,34970,1166521280.0,27326,3326.0,6,3325.0,68,nan,0,nan,0,nan,0,nan,0,nan,0,nan,0,nan,0,nan,0
1597988800829884928,1597988801323000064,2020-08-21 13:46:41.323000,3326.0,3371.0,3312.0,3353.0,nan,3335.0,34970,1166521280.0,27326,3326.0,6,3325.0,48,nan,0,nan,0,nan,0,nan,0,nan,0,nan,0,nan,0,nan,0
1597988801324435968,1597988801904999936,2020-08-21 13:46:41.905000,3326.0,3371.0,3312.0,3353.0,nan,3335.0,34970,1166521280.0,27326,3326.0,15,3325.0,15,nan,0,nan,0,nan,0,nan,0,nan,0,nan,0,nan,0,nan,0
1597988802819330048,1597988803352000000,2020-08-21 13:46:43.352000,3326.0,3371.0,3312.0,3353.0,nan,3335.0,34975,1166687580.0,27326,3326.0,2,3325.0,18,nan,0,nan,0,nan,0,nan,0,nan,0,nan,0,nan,0,nan,0
1597988803355177984,1597988803857000192,2020-08-21 13:46:43.857000,3326.0,3371.0,3312.0,3353.0,nan,3335.0,34976,1166720840.0,27325,3327.0,111,3326.0,4,nan,0,nan,0,nan,0,nan,0,nan,0,nan,0,nan,0,nan,0
1597988803823261952,1597988804407000064,2020-08-21 13:46:44.407000,3326.0,3371.0,3312.0,3353.0,nan,3335.0,34976,1166720840.0,27325,3327.0,51,3326.0,6,nan,0,nan,0,nan,0,nan,0,nan,0,nan,0,nan,0,nan,0
1597988804331828992,1597988804846999808,2020-08-21 13:46:44.847000,3326.0,3371.0,3312.0,3353.0,nan,3335.0,34976,1166720840.0,27325,3327.0,41,3326.0,6,nan,0,nan,0,nan,0,nan,0,nan,0,nan,0,nan,0,nan,0
1597988804819678976,1597988805324999936,2020-08-21 13:46:45.325000,3326.0,3371.0,3312.0,3353.0,nan,3335.0,34976,1166720840.0,27325,3327.0,21,3326.0,13,nan,0,nan,0,nan,0,nan,0,nan,0,nan,0,nan,0,nan,0
1597988806343034880,1597988806898999808,2020-08-21 13:46:46.899000,3326.0,3371.0,3312.0,3353.0,nan,3335.0,34980,1166853880.0,27328,3327.0,22,3326.0,10,nan,0,nan,0,nan,0,nan,0,nan,0,nan,0,nan,0,nan,0
1597988807318428928,1597988807904999936,2020-08-21 13:46:47.905000,3327.0,3371.0,3312.0,3353.0,nan,3335.0,34981,1166887150.0,27327,3327.0,21,3326.0,10,nan,0,nan,0,nan,0,nan,0,nan,0,nan,0,nan,0,nan,0
1597988807821920000,1597988808326999808,2020-08-21 13:46:48.327000,3327.0,3371.0,3312.0,3353.0,nan,3335.0,34981,1166887150.0,27327,3327.0,17,3326.0,10,nan,0,nan,0,nan,0,nan,0,nan,0,nan,0,nan,0,nan,0
1597988808321387008,1597988808933000192,2020-08-21 13:46:48.933000,3327.0,3371.0,3312.0,3353.0,nan,3335.0,34981,1166887150.0,27327,3327.0,16,3326.0,10,nan,0,nan,0,nan,0,nan,0,nan,0,nan,0,nan,0,nan,0
1597988813336851968,1597988813874000128,2020-08-21 13:46:53.874000,3327.0,3371.0,3312.0,3353.0,nan,3335.0,34981,1166887150.0,27327,3327.0,18,3326.0,10,nan,0,nan,0,nan,0,nan,0,nan,0,nan,0,nan,0,nan,0
1597988813819004928,1597988814414000128,2020-08-21 13:46:54.414000,3326.0,3371.0,3312.0,3353.0,nan,3335.0,34982,1166920410.0,27328,3327.0,18,3326.0,1,nan,0,nan,0,nan,0,nan,0,nan,0,nan,0,nan,0,nan,0
1597988814322775040,1597988814927000064,2020-08-21 13:46:54.927000,3326.0,3371.0,3312.0,3353.0,nan,3335.0,34983,1166953670.0,27327,3327.0,18,3325.0,89,nan,0,nan,0,nan,0,nan,0,nan,0,nan,0,nan,0,nan,0
1597988814819712000,1597988815404000000,2020-08-21 13:46:55.404000,3326.0,3371.0,3312.0,3353.0,nan,3335.0,34983,1166953670.0,27327,3326.0,1,3325.0,100,nan,0,nan,0,nan,0,nan,0,nan,0,nan,0,nan,0,nan,0
1597988815336776960,1597988815924999936,2020-08-21 13:46:55.925000,3326.0,3371.0,3312.0,3353.0,nan,3335.0,34984,1166986930.0,27327,3327.0,88,3326.0,2,nan,0,nan,0,nan,0,nan,0,nan,0,nan,0,nan,0,nan,0
1597988815820439040,1597988816338000128,2020-08-21 13:46:56.338000,3326.0,3371.0,3312.0,3353.0,nan,3335.0,34984,1166986930.0,27327,3327.0,38,3326.0,5,nan,0,nan,0,nan,0,nan,0,nan,0,nan,0,nan,0,nan,0
1597988816324315904,1597988816920000000,2020-08-21 13:46:56.920000,3326.0,3371.0,3312.0,3353.0,nan,3335.0,34984,1166986930.0,27327,3327.0,18,3326.0,12,nan,0,nan,0,nan,0,nan,0,nan,0,nan,0,nan,0,nan,0
1597988816823980032,1597988817413000192,2020-08-21 13:46:57.413000,3327.0,3371.0,3312.0,3353.0,nan,3335.0,34985,1167020200.0,27328,3327.0,17,3326.0,12,nan,0,nan,0,nan,0,nan,0,nan,0,nan,0,nan,0,nan,0
1597988818837368064,1597988819368999936,2020-08-21 13:46:59.369000,3327.0,3371.0,3312.0,3353.0,nan,3335.0,34985,1167020200.0,27328,3327.0,17,3326.0,13,nan,0,nan,0,nan,0,nan,0,nan,0,nan,0,nan,0,nan,0
1597988819332139008,1597988819834000128,2020-08-21 13:46:59.834000,3327.0,3371.0,3312.0,3353.0,nan,3335.0,34985,1167020200.0,27328,3327.0,22,3326.0,13,nan,0,nan,0,nan,0,nan,0,nan,0,nan,0,nan,0,nan,0
1597988819821346048,1597988820414000128,2020-08-21 13:47:00.414000,3327.0,3371.0,3312.0,3353.0,nan,3335.0,34986,1167053470.0,27328,3327.0,21,3326.0,13,nan,0,nan,0,nan,0,nan,0,nan,0,nan,0,nan,0,nan,0
1597988823329102080,1597988823933000192,2020-08-21 13:47:03.933000,3327.0,3371.0,3312.0,3353.0,nan,3335.0,34986,1167053470.0,27328,3327.0,21,3326.0,14,nan,0,nan,0,nan,0,nan,0,nan,0,nan,0,nan,0,nan,0
1597988824336344064,1597988824834000128,2020-08-21 13:47:04.834000,3327.0,3371.0,3312.0,3353.0,nan,3335.0,34986,1167053470.0,27328,3327.0,21,3326.0,13,nan,0,nan,0,nan,0,nan,0,nan,0,nan,0,nan,0,nan,0
1597988828825072896,1597988829328000000,2020-08-21 13:47:09.328000,3327.0,3371.0,3312.0,3353.0,nan,3335.0,34987,1167086740.0,27329,3327.0,20,3326.0,13,nan,0,nan,0,nan,0,nan,0,nan,0,nan,0,nan,0,nan,0
1597988836350525952,1597988836877000192,2020-08-21 13:47:16.877000,3327.0,3371.0,3312.0,3353.0,nan,3335.0,34987,1167086740.0,27329,3327.0,20,3326.0,16,nan,0,nan,0,nan,0,nan,0,nan,0,nan,0,nan,0,nan,0
1597988836821694976,1597988837379000064,2020-08-21 13:47:17.379000,3327.0,3371.0,3312.0,3353.0,nan,3335.0,34987,1167086740.0,27329,3327.0,20,3326.0,17,nan,0,nan,0,nan,0,nan,0,nan,0,nan,0,nan,0,nan,0
1597988839835264000,1597988840423000064,2020-08-21 13:47:20.423000,3327.0,3371.0,3312.0,3353.0,nan,3335.0,34987,1167086740.0,27329,3327.0,20,3326.0,19,nan,0,nan,0,nan,0,nan,0,nan,0,nan,0,nan,0,nan,0
1597988840823852032,1597988841380999936,2020-08-21 13:47:21.381000,3327.0,3371.0,3312.0,3353.0,nan,3335.0,34988,1167120010.0,27329,3327.0,19,3326.0,19,nan,0,nan,0,nan,0,nan,0,nan,0,nan,0,nan,0,nan,0
1597988841336468992,1597988841930000128,2020-08-21 13:47:21.930000,3327.0,3371.0,3312.0,3353.0,nan,3335.0,34988,1167120010.0,27329,3327.0,19,3326.0,20,nan,0,nan,0,nan,0,nan,0,nan,0,nan,0,nan,0,nan,0
1597988844823817984,1597988845430000128,2020-08-21 13:47:25.430000,3327.0,3371.0,3312.0,3353.0,nan,3335.0,34988,1167120010.0,27329,3327.0,19,3326.0,21,nan,0,nan,0,nan,0,nan,0,nan,0,nan,0,nan,0,nan,0
1597988845333577984,1597988845743000064,2020-08-21 13:47:25.743000,3327.0,3371.0,3312.0,3353.0,nan,3335.0,34988,1167120010.0,27329,3327.0,17,3326.0,21,nan,0,nan,0,nan,0,nan,0,nan,0,nan,0,nan,0,nan,0
1597988855326030080,1597988855928000000,2020-08-21 13:47:35.928000,3327.0,3371.0,3312.0,3353.0,nan,3335.0,34988,1167120010.0,27329,3327.0,27,3326.0,21,nan,0,nan,0,nan,0,nan,0,nan,0,nan,0,nan,0,nan,0
1597988866820273920,1597988867248000000,2020-08-21 13:47:47.248000,3326.0,3371.0,3312.0,3353.0,nan,3335.0,34990,1167186530.0,27329,3327.0,27,3326.0,19,nan,0,nan,0,nan,0,nan,0,nan,0,nan,0,nan,0,nan,0
1597988867323307008,1597988867744999936,2020-08-21 13:47:47.745000,3326.0,3371.0,3312.0,3353.0,nan,3335.0,34990,1167186530.0,27329,3327.0,27,3326.0,21,nan,0,nan,0,nan,0,nan,0,nan,0,nan,0,nan,0,nan,0
1597988868823245056,1597988869378000128,2020-08-21 13:47:49.378000,3327.0,3371.0,3312.0,3353.0,nan,3335.0,34996,1167386150.0,27335,3327.0,20,3326.0,21,nan,0,nan,0,nan,0,nan,0,nan,0,nan,0,nan,0,nan,0
1597988869329154048,1597988869823000064,2020-08-21 13:47:49.823000,3327.0,3371.0,3312.0,3353.0,nan,3335.0,35004,1167652310.0,27339,3327.0,12,3326.0,22,nan,0,nan,0,nan,0,nan,0,nan,0,nan,0,nan,0,nan,0
1597988870325975040,1597988870887000064,2020-08-21 13:47:50.887000,3327.0,3371.0,3312.0,3353.0,nan,3335.0,35016,1168051550.0,27341,3328.0,118,3327.0,5,nan,0,nan,0,nan,0,nan,0,nan,0,nan,0,nan,0,nan,0
1597988870824976896,1597988871400000000,2020-08-21 13:47:51.400000,3327.0,3371.0,3312.0,3353.0,nan,3335.0,35016,1168051550.0,27341,3328.0,58,3327.0,6,nan,0,nan,0,nan,0,nan,0,nan,0,nan,0,nan,0,nan,0
1597988871319013120,1597988871747000064,2020-08-21 13:47:51.747000,3327.0,3371.0,3312.0,3353.0,nan,3335.0,35016,1168051550.0,27341,3328.0,48,3327.0,6,nan,0,nan,0,nan,0,nan,0,nan,0,nan,0,nan,0,nan,0
1597988871825847040,1597988872380000000,2020-08-21 13:47:52.380000,3327.0,3371.0,3312.0,3353.0,nan,3335.0,35016,1168051550.0,27341,3328.0,28,3327.0,6,nan,0,nan,0,nan,0,nan,0,nan,0,nan,0,nan,0,nan,0
1597988883322531072,1597988883928000000,2020-08-21 13:48:03.928000,3328.0,3371.0,3312.0,3353.0,nan,3335.0,35024,1168317790.0,27340,3328.0,20,3327.0,6,nan,0,nan,0,nan,0,nan,0,nan,0,nan,0,nan,0,nan,0
1597988883824153088,1597988884421999872,2020-08-21 13:48:04.422000,3328.0,3371.0,3312.0,3353.0,nan,3335.0,35073,1169948610.0,27332,3329.0,126,3327.0,24,nan,0,nan,0,nan,0,nan,0,nan,0,nan,0,nan,0,nan,0
1597988884326755072,1597988884849999872,2020-08-21 13:48:04.850000,3328.0,3371.0,3312.0,3353.0,nan,3335.0,35073,1169948610.0,27332,3329.0,97,3327.0,24,nan,0,nan,0,nan,0,nan,0,nan,0,nan,0,nan,0,nan,0
1597988884836336128,1597988885400000000,2020-08-21 13:48:05.400000,3328.0,3371.0,3312.0,3353.0,nan,3335.0,35073,1169948610.0,27332,3329.0,87,3327.0,24,nan,0,nan,0,nan,0,nan,0,nan,0,nan,0,nan,0,nan,0
1597988892324019968,1597988892928999936,2020-08-21 13:48:12.929000,3329.0,3371.0,3312.0,3353.0,nan,3335.0,35075,1170015190.0,27330,3329.0,85,3327.0,24,nan,0,nan,0,nan,0,nan,0,nan,0,nan,0,nan,0,nan,0
1597988892822808064,1597988893420999936,2020-08-21 13:48:13.421000,3329.0,3371.0,3312.0,3353.0,nan,3335.0,35075,1170015190.0,27330,3329.0,86,3327.0,25,nan,0,nan,0,nan,0,nan,0,nan,0,nan,0,nan,0,nan,0
1597988895823928064,1597988896430000128,2020-08-21 13:48:16.430000,3329.0,3371.0,3312.0,3353.0,nan,3335.0,35076,1170048480.0,27330,3329.0,87,3327.0,25,nan,0,nan,0,nan,0,nan,0,nan,0,nan,0,nan,0,nan,0
1597988896327258880,1597988896744000000,2020-08-21 13:48:16.744000,3328.0,3371.0,3312.0,3353.0,nan,3335.0,35077,1170081760.0,27330,3329.0,87,3327.0,25,nan,0,nan,0,nan,0,nan,0,nan,0,nan,0,nan,0,nan,0
1597988897820250112,1597988898404000000,2020-08-21 13:48:18.404000,3329.0,3371.0,3312.0,3353.0,nan,3335.0,35078,1170115050.0,27331,3329.0,86,3327.0,25,nan,0,nan,0,nan,0,nan,0,nan,0,nan,0,nan,0,nan,0
1597988901325608960,1597988901933000192,2020-08-21 13:48:21.933000,3329.0,3371.0,3312.0,3353.0,nan,3335.0,35083,1170281500.0,27336,3329.0,81,3327.0,35,nan,0,nan,0,nan,0,nan,0,nan,0,nan,0,nan,0,nan,0
1597988901828979968,1597988902395000064,2020-08-21 13:48:22.395000,3329.0,3371.0,3312.0,3353.0,nan,3335.0,35083,1170281500.0,27336,3329.0,81,3327.0,37,nan,0,nan,0,nan,0,nan,0,nan,0,nan,0,nan,0,nan,0
1597988903338191872,1597988903884999936,2020-08-21 13:48:23.885000,3328.0,3371.0,3312.0,3353.0,nan,3335.0,35089,1170481180.0,27330,3329.0,81,3327.0,37,nan,0,nan,0,nan,0,nan,0,nan,0,nan,0,nan,0,nan,0
1597988904843121920,1597988905432000000,2020-08-21 13:48:25.432000,3328.0,3371.0,3312.0,3353.0,nan,3335.0,35090,1170514460.0,27329,3329.0,81,3328.0,6,nan,0,nan,0,nan,0,nan,0,nan,0,nan,0,nan,0,nan,0
1597988905357860096,1597988905846999808,2020-08-21 13:48:25.847000,3328.0,3371.0,3312.0,3353.0,nan,3335.0,35090,1170514460.0,27329,3329.0,41,3328.0,6,nan,0,nan,0,nan,0,nan,0,nan,0,nan,0,nan,0,nan,0
1597988905840097024,1597988906229000192,2020-08-21 13:48:26.229000,3328.0,3371.0,3312.0,3353.0,nan,3335.0,35090,1170514460.0,27329,3329.0,11,3328.0,6,nan,0,nan,0,nan,0,nan,0,nan,0,nan,0,nan,0,nan,0
1597988906822707968,1597988907342000128,2020-08-21 13:48:27.342000,3328.0,3371.0,3312.0,3353.0,nan,3335.0,35090,1170514460.0,27329,3329.0,11,3327.0,137,nan,0,nan,0,nan,0,nan,0,nan,0,nan,0,nan,0,nan,0
1597988907321704960,1597988907926000128,2020-08-21 13:48:27.926000,3328.0,3371.0,3312.0,3353.0,nan,3335.0,35090,1170514460.0,27329,3329.0,11,3328.0,3,nan,0,nan,0,nan,0,nan,0,nan,0,nan,0,nan,0,nan,0
1597988908340610048,1597988908849999872,2020-08-21 13:48:28.850000,3328.0,3371.0,3312.0,3353.0,nan,3335.0,35091,1170547740.0,27329,3329.0,11,3328.0,2,nan,0,nan,0,nan,0,nan,0,nan,0,nan,0,nan,0,nan,0
1597988911823427072,1597988912326999808,2020-08-21 13:48:32.327000,3328.0,3371.0,3312.0,3353.0,nan,3335.0,35091,1170547740.0,27329,3329.0,11,3327.0,137,nan,0,nan,0,nan,0,nan,0,nan,0,nan,0,nan,0,nan,0
1597988912330511104,1597988912911000064,2020-08-21 13:48:32.911000,3328.0,3371.0,3312.0,3353.0,nan,3335.0,35091,1170547740.0,27329,3329.0,11,3327.0,127,nan,0,nan,0,nan,0,nan,0,nan,0,nan,0,nan,0,nan,0
1597988914341509120,1597988914831000064,2020-08-21 13:48:34.831000,3328.0,3371.0,3312.0,3353.0,nan,3335.0,35091,1170547740.0,27329,3329.0,11,3328.0,3,nan,0,nan,0,nan,0,nan,0,nan,0,nan,0,nan,0,nan,0
1597988916824720896,1597988917332000000,2020-08-21 13:48:37.332000,3328.0,3371.0,3312.0,3353.0,nan,3335.0,35091,1170547740.0,27329,3329.0,11,3328.0,4,nan,0,nan,0,nan,0,nan,0,nan,0,nan,0,nan,0,nan,0
1597988918319702016,1597988918911000064,2020-08-21 13:48:38.911000,3328.0,3371.0,3312.0,3353.0,nan,3335.0,35091,1170547740.0,27329,3329.0,14,3328.0,1,nan,0,nan,0,nan,0,nan,0,nan,0,nan,0,nan,0,nan,0
1597988918828788992,1597988919436000000,2020-08-21 13:48:39.436000,3328.0,3371.0,3312.0,3353.0,nan,3335.0,35092,1170581020.0,27328,3328.0,7,3327.0,108,nan,0,nan,0,nan,0,nan,0,nan,0,nan,0,nan,0,nan,0
1597988919322326016,1597988919933000192,2020-08-21 13:48:39.933000,3328.0,3371.0,3312.0,3353.0,nan,3335.0,35092,1170581020.0,27328,3328.0,9,3327.0,47,nan,0,nan,0,nan,0,nan,0,nan,0,nan,0,nan,0,nan,0
1597988919903009024,1597988920336999936,2020-08-21 13:48:40.337000,3328.0,3371.0,3312.0,3353.0,nan,3335.0,35092,1170581020.0,27328,3328.0,9,3327.0,27,nan,0,nan,0,nan,0,nan,0,nan,0,nan,0,nan,0,nan,0
1597988921849231872,1597988922408000000,2020-08-21 13:48:42.408000,3328.0,3371.0,3312.0,3353.0,nan,3335.0,35092,1170581020.0,27328,3328.0,9,3327.0,28,nan,0,nan,0,nan,0,nan,0,nan,0,nan,0,nan,0,nan,0
1597988926335700992,1597988926844000000,2020-08-21 13:48:46.844000,3328.0,3371.0,3312.0,3353.0,nan,3335.0,35093,1170614300.0,27328,3328.0,8,3327.0,28,nan,0,nan,0,nan,0,nan,0,nan,0,nan,0,nan,0,nan,0
1597988926818951936,1597988927421999872,2020-08-21 13:48:47.422000,3328.0,3371.0,3312.0,3353.0,nan,3335.0,35093,1170614300.0,27328,3328.0,1,3327.0,28,nan,0,nan,0,nan,0,nan,0,nan,0,nan,0,nan,0,nan,0
1597988927329538048,1597988927913000192,2020-08-21 13:48:47.913000,3328.0,3371.0,3312.0,3353.0,nan,3335.0,35096,1170714140.0,27329,3329.0,96,3328.0,1,nan,0,nan,0,nan,0,nan,0,nan,0,nan,0,nan,0,nan,0
1597988927823599104,1597988928420000000,2020-08-21 13:48:48.420000,3328.0,3371.0,3312.0,3353.0,nan,3335.0,35097,1170747420.0,27330,3329.0,45,3328.0,8,nan,0,nan,0,nan,0,nan,0,nan,0,nan,0,nan,0,nan,0
1597988928327324928,1597988928879000064,2020-08-21 13:48:48.879000,3328.0,3371.0,3312.0,3353.0,nan,3335.0,35097,1170747420.0,27330,3329.0,15,3328.0,8,nan,0,nan,0,nan,0,nan,0,nan,0,nan,0,nan,0,nan,0
1597988928831634944,1597988929309999872,2020-08-21 13:48:49.310000,3328.0,3371.0,3312.0,3353.0,nan,3335.0,35097,1170747420.0,27330,3329.0,12,3328.0,15,nan,0,nan,0,nan,0,nan,0,nan,0,nan,0,nan,0,nan,0
1597988929348996096,1597988929822000128,2020-08-21 13:48:49.822000,3328.0,3371.0,3312.0,3353.0,nan,3335.0,35097,1170747420.0,27330,3329.0,10,3328.0,15,nan,0,nan,0,nan,0,nan,0,nan,0,nan,0,nan,0,nan,0
1597988932333864960,1597988932848000000,2020-08-21 13:48:52.848000,3328.0,3371.0,3312.0,3353.0,nan,3335.0,35097,1170747420.0,27330,3329.0,11,3328.0,15,nan,0,nan,0,nan,0,nan,0,nan,0,nan,0,nan,0,nan,0
1597988934351865088,1597988934933000192,2020-08-21 13:48:54.933000,3328.0,3371.0,3312.0,3353.0,nan,3335.0,35097,1170747420.0,27330,3329.0,11,3328.0,17,nan,0,nan,0,nan,0,nan,0,nan,0,nan,0,nan,0,nan,0
1597988934822705920,1597988935416999936,2020-08-21 13:48:55.417000,3328.0,3371.0,3312.0,3353.0,nan,3335.0,35097,1170747420.0,27330,3329.0,11,3328.0,18,nan,0,nan,0,nan,0,nan,0,nan,0,nan,0,nan,0,nan,0
1597988936346369024,1597988936908000000,2020-08-21 13:48:56.908000,3328.0,3371.0,3312.0,3353.0,nan,3335.0,35097,1170747420.0,27330,3329.0,12,3328.0,17,nan,0,nan,0,nan,0,nan,0,nan,0,nan,0,nan,0,nan,0
1597988940831258112,1597988941414000128,2020-08-21 13:49:01.414000,3328.0,3371.0,3312.0,3353.0,nan,3335.0,35097,1170747420.0,27330,3329.0,13,3328.0,17,nan,0,nan,0,nan,0,nan,0,nan,0,nan,0,nan,0,nan,0
1597988943324657920,1597988943924999936,2020-08-21 13:49:03.925000,3328.0,3371.0,3312.0,3353.0,nan,3335.0,35098,1170780700.0,27331,3329.0,13,3328.0,16,nan,0,nan,0,nan,0,nan,0,nan,0,nan,0,nan,0,nan,0
1597988944349864960,1597988944868000000,2020-08-21 13:49:04.868000,3328.0,3371.0,3312.0,3353.0,nan,3335.0,35098,1170780700.0,27331,3329.0,13,3328.0,15,nan,0,nan,0,nan,0,nan,0,nan,0,nan,0,nan,0,nan,0
1597988947850586880,1597988948428000000,2020-08-21 13:49:08.428000,3328.0,3371.0,3312.0,3353.0,nan,3335.0,35098,1170780700.0,27331,3329.0,14,3328.0,15,nan,0,nan,0,nan,0,nan,0,nan,0,nan,0,nan,0,nan,0
1597988949828279040,1597988950426000128,2020-08-21 13:49:10.426000,3328.0,3371.0,3312.0,3353.0,nan,3335.0,35113,1171279900.0,27322,3329.0,14,3327.0,147,nan,0,nan,0,nan,0,nan,0,nan,0,nan,0,nan,0,nan,0
1597988950331919872,1597988950938999808,2020-08-21 13:49:10.939000,3328.0,3371.0,3312.0,3353.0,nan,3335.0,35113,1171279900.0,27322,3329.0,14,3327.0,127,nan,0,nan,0,nan,0,nan,0,nan,0,nan,0,nan,0,nan,0
1597988952824514048,1597988953322000128,2020-08-21 13:49:13.322000,3328.0,3371.0,3312.0,3353.0,nan,3335.0,35113,1171279900.0,27322,3329.0,16,3327.0,126,nan,0,nan,0,nan,0,nan,0,nan,0,nan,0,nan,0,nan,0
1597988953824678912,1597988954438999808,2020-08-21 13:49:14.439000,3328.0,3371.0,3312.0,3353.0,nan,3335.0,35113,1171279900.0,27322,3329.0,16,3328.0,3,nan,0,nan,0,nan,0,nan,0,nan,0,nan,0,nan,0,nan,0
1597988954331948032,1597988954851000064,2020-08-21 13:49:14.851000,3328.0,3371.0,3312.0,3353.0,nan,3335.0,35116,1171379740.0,27322,3329.0,16,3327.0,136,nan,0,nan,0,nan,0,nan,0,nan,0,nan,0,nan,0,nan,0
1597988954833577984,1597988955415000064,2020-08-21 13:49:15.415000,3328.0,3371.0,3312.0,3353.0,nan,3335.0,35116,1171379740.0,27322,3329.0,16,3327.0,126,nan,0,nan,0,nan,0,nan,0,nan,0,nan,0,nan,0,nan,0
1597988955360818944,1597988955839000064,2020-08-21 13:49:15.839000,3329.0,3371.0,3312.0,3353.0,nan,3335.0,35117,1171413030.0,27322,3329.0,15,3327.0,126,nan,0,nan,0,nan,0,nan,0,nan,0,nan,0,nan,0,nan,0
1597988959369548032,1597988959824000000,2020-08-21 13:49:19.824000,3329.0,3371.0,3312.0,3353.0,nan,3335.0,35117,1171413030.0,27322,3329.0,16,3327.0,126,nan,0,nan,0,nan,0,nan,0,nan,0,nan,0,nan,0,nan,0
1597988963321466880,1597988963740999936,2020-08-21 13:49:23.741000,3329.0,3371.0,3312.0,3353.0,nan,3335.0,35117,1171413030.0,27322,3329.0,16,3328.0,3,nan,0,nan,0,nan,0,nan,0,nan,0,nan,0,nan,0,nan,0
1597988964818828032,1597988965421999872,2020-08-21 13:49:25.422000,3329.0,3371.0,3312.0,3353.0,nan,3335.0,35117,1171413030.0,27322,3329.0,17,3328.0,3,nan,0,nan,0,nan,0,nan,0,nan,0,nan,0,nan,0,nan,0
1597988965353793024,1597988965823000064,2020-08-21 13:49:25.823000,3328.0,3371.0,3312.0,3353.0,nan,3335.0,35118,1171446310.0,27322,3329.0,17,3327.0,136,nan,0,nan,0,nan,0,nan,0,nan,0,nan,0,nan,0,nan,0
1597988965820873984,1597988966424999936,2020-08-21 13:49:26.425000,3328.0,3371.0,3312.0,3353.0,nan,3335.0,35118,1171446310.0,27322,3329.0,17,3327.0,126,nan,0,nan,0,nan,0,nan,0,nan,0,nan,0,nan,0,nan,0
1597988969818792960,1597988970321000192,2020-08-21 13:49:30.321000,3328.0,3371.0,3312.0,3353.0,nan,3335.0,35118,1171446310.0,27322,3329.0,20,3327.0,126,nan,0,nan,0,nan,0,nan,0,nan,0,nan,0,nan,0,nan,0
1597988970321687040,1597988970890000128,2020-08-21 13:49:30.890000,3328.0,3371.0,3312.0,3353.0,nan,3335.0,35118,1171446310.0,27322,3329.0,21,3327.0,126,nan,0,nan,0,nan,0,nan,0,nan,0,nan,0,nan,0,nan,0
1597988973822300928,1597988974236000000,2020-08-21 13:49:34.236000,3328.0,3371.0,3312.0,3353.0,nan,3335.0,35118,1171446310.0,27322,3329.0,18,3327.0,126,nan,0,nan,0,nan,0,nan,0,nan,0,nan,0,nan,0,nan,0
1597988974820553984,1597988975379000064,2020-08-21 13:49:35.379000,3327.0,3371.0,3312.0,3353.0,nan,3335.0,35120,1171512850.0,27324,3329.0,18,3327.0,124,nan,0,nan,0,nan,0,nan,0,nan,0,nan,0,nan,0,nan,0
1597988975319322880,1597988975825999872,2020-08-21 13:49:35.826000,3327.0,3371.0,3312.0,3353.0,nan,3335.0,35120,1171512850.0,27324,3329.0,21,3327.0,124,nan,0,nan,0,nan,0,nan,0,nan,0,nan,0,nan,0,nan,0
1597988975822969088,1597988976324000000,2020-08-21 13:49:36.324000,3327.0,3371.0,3312.0,3353.0,nan,3335.0,35121,1171546120.0,27325,3329.0,21,3327.0,123,nan,0,nan,0,nan,0,nan,0,nan,0,nan,0,nan,0,nan,0
1597988976318061056,1597988976896000000,2020-08-21 13:49:36.896000,3327.0,3371.0,3312.0,3353.0,nan,3335.0,35122,1171579390.0,27326,3328.0,7,3327.0,122,nan,0,nan,0,nan,0,nan,0,nan,0,nan,0,nan,0,nan,0
1597988976823866112,1597988977324000000,2020-08-21 13:49:37.324000,3327.0,3371.0,3312.0,3353.0,nan,3335.0,35122,1171579390.0,27326,3328.0,9,3327.0,81,nan,0,nan,0,nan,0,nan,0,nan,0,nan,0,nan,0,nan,0
1597988977332515072,1597988977892000000,2020-08-21 13:49:37.892000,3327.0,3371.0,3312.0,3353.0,nan,3335.0,35122,1171579390.0,27326,3328.0,10,3327.0,58,nan,0,nan,0,nan,0,nan,0,nan,0,nan,0,nan,0,nan,0
1597988977821149952,1597988978247000064,2020-08-21 13:49:38.247000,3327.0,3371.0,3312.0,3353.0,nan,3335.0,35122,1171579390.0,27326,3328.0,11,3327.0,48,nan,0,nan,0,nan,0,nan,0,nan,0,nan,0,nan,0,nan,0
1597988978340433920,1597988978811000064,2020-08-21 13:49:38.811000,3327.0,3371.0,3312.0,3353.0,nan,3335.0,35122,1171579390.0,27326,3328.0,14,3327.0,19,nan,0,nan,0,nan,0,nan,0,nan,0,nan,0,nan,0,nan,0
1597988990817803008,1597988991348999936,2020-08-21 13:49:51.349000,3327.0,3371.0,3312.0,3353.0,nan,3335.0,35123,1171612660.0,27326,3328.0,14,3327.0,18,nan,0,nan,0,nan,0,nan,0,nan,0,nan,0,nan,0,nan,0
1597988994322663936,1597988994924000000,2020-08-21 13:49:54.924000,3327.0,3371.0,3312.0,3353.0,nan,3335.0,35124,1171645930.0,27326,3328.0,14,3327.0,18,nan,0,nan,0,nan,0,nan,0,nan,0,nan,0,nan,0,nan,0
1597988994819632896,1597988995246000128,2020-08-21 13:49:55.246000,3327.0,3371.0,3312.0,3353.0,nan,3335.0,35124,1171645930.0,27326,3328.0,15,3327.0,18,nan,0,nan,0,nan,0,nan,0,nan,0,nan,0,nan,0,nan,0
1597988995335921920,1597988995835000064,2020-08-21 13:49:55.835000,3327.0,3371.0,3312.0,3353.0,nan,3335.0,35124,1171645930.0,27326,3328.0,16,3327.0,18,nan,0,nan,0,nan,0,nan,0,nan,0,nan,0,nan,0,nan,0
1597988995818710016,1597988996408999936,2020-08-21 13:49:56.409000,3327.0,3371.0,3312.0,3353.0,nan,3335.0,35124,1171645930.0,27326,3328.0,17,3327.0,18,nan,0,nan,0,nan,0,nan,0,nan,0,nan,0,nan,0,nan,0
1597988996820894976,1597988997432000000,2020-08-21 13:49:57.432000,3327.0,3371.0,3312.0,3353.0,nan,3335.0,35124,1171645930.0,27326,3328.0,20,3327.0,18,nan,0,nan,0,nan,0,nan,0,nan,0,nan,0,nan,0,nan,0
1597988997820835072,1597988998418999808,2020-08-21 13:49:58.419000,3327.0,3371.0,3312.0,3353.0,nan,3335.0,35124,1171645930.0,27326,3328.0,22,3327.0,18,nan,0,nan,0,nan,0,nan,0,nan,0,nan,0,nan,0,nan,0
1597988998342036992,1597988998828000000,2020-08-21 13:49:58.828000,3327.0,3371.0,3312.0,3353.0,nan,3335.0,35124,1171645930.0,27326,3328.0,22,3327.0,17,nan,0,nan,0,nan,0,nan,0,nan,0,nan,0,nan,0,nan,0
1597989004820742912,1597989005236999936,2020-08-21 13:50:05.237000,3327.0,3371.0,3312.0,3353.0,nan,3335.0,35124,1171645930.0,27326,3328.0,22,3327.0,16,nan,0,nan,0,nan,0,nan,0,nan,0,nan,0,nan,0,nan,0
1597989009323354880,1597989009923000064,2020-08-21 13:50:09.923000,3328.0,3371.0,3312.0,3353.0,nan,3335.0,35143,1172278250.0,27344,3329.0,124,3328.0,13,nan,0,nan,0,nan,0,nan,0,nan,0,nan,0,nan,0,nan,0
1597989009822840064,1597989010324000000,2020-08-21 13:50:10.324000,3328.0,3371.0,3312.0,3353.0,nan,3335.0,35143,1172278250.0,27344,3329.0,56,3328.0,14,nan,0,nan,0,nan,0,nan,0,nan,0,nan,0,nan,0,nan,0
1597989010325822976,1597989010876000000,2020-08-21 13:50:10.876000,3328.0,3371.0,3312.0,3353.0,nan,3335.0,35143,1172278250.0,27344,3329.0,36,3328.0,14,nan,0,nan,0,nan,0,nan,0,nan,0,nan,0,nan,0,nan,0
1597989010831791104,1597989011396000000,2020-08-21 13:50:11.396000,3329.0,3371.0,3312.0,3353.0,nan,3335.0,35145,1172344830.0,27344,3329.0,15,3328.0,14,nan,0,nan,0,nan,0,nan,0,nan,0,nan,0,nan,0,nan,0
1597989012321337088,1597989012923000064,2020-08-21 13:50:12.923000,3329.0,3371.0,3312.0,3353.0,nan,3335.0,35145,1172344830.0,27344,3329.0,15,3328.0,19,nan,0,nan,0,nan,0,nan,0,nan,0,nan,0,nan,0,nan,0
1597989016818950912,1597989017432000000,2020-08-21 13:50:17.432000,3329.0,3371.0,3312.0,3353.0,nan,3335.0,35145,1172344830.0,27344,3329.0,14,3328.0,20,nan,0,nan,0,nan,0,nan,0,nan,0,nan,0,nan,0,nan,0
1597989020820379904,1597989021382999808,2020-08-21 13:50:21.383000,3329.0,3371.0,3312.0,3353.0,nan,3335.0,35160,1172844180.0,27347,3330.0,119,3329.0,3,nan,0,nan,0,nan,0,nan,0,nan,0,nan,0,nan,0,nan,0
1597989021321470976,1597989021930000128,2020-08-21 13:50:21.930000,3329.0,3371.0,3312.0,3353.0,nan,3335.0,35160,1172844180.0,27347,3330.0,57,3329.0,23,nan,0,nan,0,nan,0,nan,0,nan,0,nan,0,nan,0,nan,0
1597989021822770944,1597989022398000128,2020-08-21 13:50:22.398000,3329.0,3371.0,3312.0,3353.0,nan,3335.0,35160,1172844180.0,27347,3330.0,30,3329.0,23,nan,0,nan,0,nan,0,nan,0,nan,0,nan,0,nan,0,nan,0
1597989022347109888,1597989022734999808,2020-08-21 13:50:22.735000,3329.0,3371.0,3312.0,3353.0,nan,3335.0,35160,1172844180.0,27347,3330.0,10,3329.0,23,nan,0,nan,0,nan,0,nan,0,nan,0,nan,0,nan,0,nan,0
