local_nano_time,quote_nano_time,datetime,last_price,highest,lowest,open,close,average,volume,amount,open_interest,ask_price1,ask_volume1,bid_price1,bid_volume1,ask_price2,ask_volume2,bid_price2,bid_volume2,ask_price3,ask_volume3,bid_price3,bid_volume3,ask_price4,ask_volume4,bid_price4,bid_volume4,ask_price5,ask_volume5,bid_price5,bid_volume5
1597988231151051008,1597988231734999808,2020-08-21 13:37:11.735000,6620.0,6675.0,6600.0,6660.0,nan,6635.0,92440,3067700600.0,184349,6625.0,327,6620.0,124,nan,0,nan,0,nan,0,nan,0,nan,0,nan,0,nan,0,nan,0
1597988233141542912,1597988233696999936,2020-08-21 13:37:13.697000,6620.0,6675.0,6600.0,6660.0,nan,6635.0,92440,3067700600.0,184349,6625.0,327,6620.0,127,nan,0,nan,0,nan,0,nan,0,nan,0,nan,0,nan,0,nan,0
1597988233643520000,1597988234216000000,2020-08-21 13:37:14.216000,6620.0,6675.0,6600.0,6660.0,nan,6635.0,92441,3067733700.0,184350,6625.0,327,6620.0,126,nan,0,nan,0,nan,0,nan,0,nan,0,nan,0,nan,0,nan,0
1597988234168734976,1597988234720999936,2020-08-21 13:37:14.721000,6620.0,6675.0,6600.0,6660.0,nan,6635.0,92441,3067733700.0,184350,6625.0,327,6620.0,125,nan,0,nan,0,nan,0,nan,0,nan,0,nan,0,nan,0,nan,0
1597988235159806976,1597988235608000000,2020-08-21 13:37:15.608000,6625.0,6675.0,6600.0,6660.0,nan,6635.0,92442,3067766825.0,184351,6625.0,326,6620.0,125,nan,0,nan,0,nan,0,nan,0,nan,0,nan,0,nan,0,nan,0
1597988236636612096,1597988237232000000,2020-08-21 13:37:17.232000,6625.0,6675.0,6600.0,6660.0,nan,6635.0,92443,3067799950.0,184352,6625.0,331,6620.0,125,nan,0,nan,0,nan,0,nan,0,nan,0,nan,0,nan,0,nan,0
1597988237179150080,1597988237740000000,2020-08-21 13:37:17.740000,6625.0,6675.0,6600.0,6660.0,nan,6635.0,92444,3067833075.0,184353,6625.0,330,6620.0,124,nan,0,nan,0,nan,0,nan,0,nan,0,nan,0,nan,0,nan,0
1597988238645897984,1597988239240999936,2020-08-21 13:37:19.241000,6625.0,6675.0,6600.0,6660.0,nan,6635.0,92444,3067833075.0,184353,6625.0,330,6620.0,125,nan,0,nan,0,nan,0,nan,0,nan,0,nan,0,nan,0,nan,0
1597988240182140928,1597988240720999936,2020-08-21 13:37:20.721000,6625.0,6675.0,6600.0,6660.0,nan,6635.0,92444,3067833075.0,184353,6625.0,335,6620.0,125,nan,0,nan,0,nan,0,nan,0,nan,0,nan,0,nan,0,nan,0
1597988240643953920,1597988241204000000,2020-08-21 13:37:21.204000,6620.0,6675.0,6600.0,6660.0,nan,6635.0,92455,3068197175.0,184364,6625.0,335,6620.0,107,nan,0,nan,0,nan,0,nan,0,nan,0,nan,0,nan,0,nan,0
1597988241147300096,1597988241731000064,2020-08-21 13:37:21.731000,6620.0,6675.0,6600.0,6660.0,nan,6635.0,92458,3068296475.0,184365,6625.0,335,6620.0,104,nan,0,nan,0,nan,0,nan,0,nan,0,nan,0,nan,0,nan,0
1597988242143767040,1597988242733999872,2020-08-21 13:37:22.734000,6625.0,6675.0,6600.0,6660.0,nan,6635.0,92459,3068329600.0,184365,6625.0,334,6620.0,105,nan,0,nan,0,nan,0,nan,0,nan,0,nan,0,nan,0,nan,0
1597988245134697984,1597988245700000000,2020-08-21 13:37:25.700000,6620.0,6675.0,6600.0,6660.0,nan,6635.0,92472,3068759900.0,184369,6625.0,333,6620.0,92,nan,0,nan,0,nan,0,nan,0,nan,0,nan,0,nan,0,nan,0
1597988245637329920,1597988246232999936,2020-08-21 13:37:26.233000,6620.0,6675.0,6600.0,6660.0,nan,6635.0,92489,3069322600.0,184357,6625.0,333,6620.0,76,nan,0,nan,0,nan,0,nan,0,nan,0,nan,0,nan,0,nan,0
1597988246202752000,1597988246723000064,2020-08-21 13:37:26.723000,6620.0,6675.0,6600.0,6660.0,nan,6635.0,92490,3069355700.0,184357,6625.0,333,6620.0,74,nan,0,nan,0,nan,0,nan,0,nan,0,nan,0,nan,0,nan,0
1597988250212820992,1597988250739000064,2020-08-21 13:37:30.739000,6620.0,6675.0,6600.0,6660.0,nan,6635.0,92496,3069554300.0,184356,6625.0,333,6620.0,68,nan,0,nan,0,nan,0,nan,0,nan,0,nan,0,nan,0,nan,0
1597988250652158976,1597988251240000000,2020-08-21 13:37:31.240000,6620.0,6675.0,6600.0,6660.0,nan,6635.0,92499,3069653600.0,184356,6625.0,332,6620.0,65,nan,0,nan,0,nan,0,nan,0,nan,0,nan,0,nan,0,nan,0
1597988251174718976,1597988251737999872,2020-08-21 13:37:31.738000,6620.0,6675.0,6600.0,6660.0,nan,6635.0,92500,3069686700.0,184355,6625.0,332,6620.0,64,nan,0,nan,0,nan,0,nan,0,nan,0,nan,0,nan,0,nan,0
1597988251661300992,1597988252190000128,2020-08-21 13:37:32.190000,6620.0,6675.0,6600.0,6660.0,nan,6635.0,92500,3069686700.0,184355,6625.0,333,6620.0,64,nan,0,nan,0,nan,0,nan,0,nan,0,nan,0,nan,0,nan,0
1597988252682319872,1597988253240000000,2020-08-21 13:37:33.240000,6620.0,6675.0,6600.0,6660.0,nan,6635.0,92501,3069719800.0,184355,6625.0,333,6620.0,63,nan,0,nan,0,nan,0,nan,0,nan,0,nan,0,nan,0,nan,0
1597988253192619008,1597988253730000128,2020-08-21 13:37:33.730000,6620.0,6675.0,6600.0,6660.0,nan,6635.0,92501,3069719800.0,184355,6625.0,333,6620.0,50,nan,0,nan,0,nan,0,nan,0,nan,0,nan,0,nan,0,nan,0
1597988253676913920,1597988254240999936,2020-08-21 13:37:34.241000,6620.0,6675.0,6600.0,6660.0,nan,6635.0,92551,3071374800.0,184327,6620.0,64,6615.0,495,nan,0,nan,0,nan,0,nan,0,nan,0,nan,0,nan,0,nan,0
1597988254184636928,1597988254739000064,2020-08-21 13:37:34.739000,6620.0,6675.0,6600.0,6660.0,nan,6635.0,92551,3071374800.0,184327,6620.0,90,6615.0,499,nan,0,nan,0,nan,0,nan,0,nan,0,nan,0,nan,0,nan,0
1597988254674149888,1597988255228000000,2020-08-21 13:37:35.228000,6620.0,6675.0,6600.0,6660.0,nan,6635.0,92551,3071374800.0,184327,6620.0,131,6615.0,499,nan,0,nan,0,nan,0,nan,0,nan,0,nan,0,nan,0,nan,0
1597988257156527104,1597988257727000064,2020-08-21 13:37:37.727000,6620.0,6675.0,6600.0,6660.0,nan,6635.0,92552,3071407900.0,184327,6620.0,132,6615.0,499,nan,0,nan,0,nan,0,nan,0,nan,0,nan,0,nan,0,nan,0
1597988258165050112,1597988258734999808,2020-08-21 13:37:38.735000,6620.0,6675.0,6600.0,6660.0,nan,6635.0,92552,3071407900.0,184327,6620.0,132,6615.0,500,nan,0,nan,0,nan,0,nan,0,nan,0,nan,0,nan,0,nan,0
1597988260147800064,1597988260736999936,2020-08-21 13:37:40.737000,6620.0,6675.0,6600.0,6660.0,nan,6635.0,92554,3071474100.0,184325,6620.0,144,6615.0,500,nan,0,nan,0,nan,0,nan,0,nan,0,nan,0,nan,0,nan,0
1597988264156631040,1597988264740999936,2020-08-21 13:37:44.741000,6620.0,6675.0,6600.0,6660.0,nan,6635.0,92556,3071540300.0,184325,6620.0,142,6615.0,500,nan,0,nan,0,nan,0,nan,0,nan,0,nan,0,nan,0,nan,0
1597988264644034048,1597988265232000000,2020-08-21 13:37:45.232000,6620.0,6675.0,6600.0,6660.0,nan,6635.0,92561,3071705725.0,184324,6620.0,140,6615.0,499,nan,0,nan,0,nan,0,nan,0,nan,0,nan,0,nan,0,nan,0
1597988268636798976,1597988269240000000,2020-08-21 13:37:49.240000,6620.0,6675.0,6600.0,6660.0,nan,6635.0,92561,3071705725.0,184324,6620.0,140,6615.0,501,nan,0,nan,0,nan,0,nan,0,nan,0,nan,0,nan,0,nan,0
1597988270164258048,1597988270731000064,2020-08-21 13:37:50.731000,6620.0,6675.0,6600.0,6660.0,nan,6635.0,92561,3071705725.0,184324,6620.0,212,6615.0,501,nan,0,nan,0,nan,0,nan,0,nan,0,nan,0,nan,0,nan,0
1597988273143392000,1597988273732000000,2020-08-21 13:37:53.732000,6620.0,6675.0,6600.0,6660.0,nan,6635.0,92561,3071705725.0,184324,6620.0,212,6615.0,503,nan,0,nan,0,nan,0,nan,0,nan,0,nan,0,nan,0,nan,0
1597988274143608064,1597988274724999936,2020-08-21 13:37:54.725000,6620.0,6675.0,6600.0,6660.0,nan,6635.0,92561,3071705725.0,184324,6620.0,212,6615.0,501,nan,0,nan,0,nan,0,nan,0,nan,0,nan,0,nan,0,nan,0
1597988276809201920,1597988277226000128,2020-08-21 13:37:57.226000,6620.0,6675.0,6600.0,6660.0,nan,6635.0,92562,3071738825.0,184324,6620.0,212,6615.0,501,nan,0,nan,0,nan,0,nan,0,nan,0,nan,0,nan,0,nan,0
1597988277260176896,1597988277706000128,2020-08-21 13:37:57.706000,6615.0,6675.0,6600.0,6660.0,nan,6635.0,92563,3071771900.0,184324,6620.0,212,6615.0,500,nan,0,nan,0,nan,0,nan,0,nan,0,nan,0,nan,0,nan,0
1597988278199842048,1597988278736000000,2020-08-21 13:37:58.736000,6615.0,6675.0,6600.0,6660.0,nan,6635.0,92563,3071771900.0,184324,6620.0,212,6615.0,502,nan,0,nan,0,nan,0,nan,0,nan,0,nan,0,nan,0,nan,0
1597988282149614080,1597988282712999936,2020-08-21 13:38:02.713000,6615.0,6675.0,6600.0,6660.0,nan,6635.0,92563,3071771900.0,184324,6620.0,212,6615.0,503,nan,0,nan,0,nan,0,nan,0,nan,0,nan,0,nan,0,nan,0
1597988282640580096,1597988283233999872,2020-08-21 13:38:03.234000,6615.0,6675.0,6600.0,6660.0,nan,6635.0,92563,3071771900.0,184324,6620.0,214,6615.0,505,nan,0,nan,0,nan,0,nan,0,nan,0,nan,0,nan,0,nan,0
1597988283646585088,1597988284237999872,2020-08-21 13:38:04.238000,6615.0,6675.0,6600.0,6660.0,nan,6635.0,92563,3071771900.0,184324,6620.0,214,6615.0,510,nan,0,nan,0,nan,0,nan,0,nan,0,nan,0,nan,0,nan,0
1597988284172852992,1597988284706000128,2020-08-21 13:38:04.706000,6620.0,6675.0,6600.0,6660.0,nan,6635.0,92568,3071937400.0,184324,6620.0,209,6615.0,510,nan,0,nan,0,nan,0,nan,0,nan,0,nan,0,nan,0,nan,0
1597988284672483072,1597988285234999808,2020-08-21 13:38:05.235000,6620.0,6675.0,6600.0,6660.0,nan,6635.0,92773,3078722925.0,184447,6625.0,237,6620.0,123,nan,0,nan,0,nan,0,nan,0,nan,0,nan,0,nan,0,nan,0
1597988285191898880,1597988285714999808,2020-08-21 13:38:05.715000,6620.0,6675.0,6600.0,6660.0,nan,6635.0,92778,3078888450.0,184452,6625.0,238,6620.0,121,nan,0,nan,0,nan,0,nan,0,nan,0,nan,0,nan,0,nan,0
1597988285675397888,1597988286236999936,2020-08-21 13:38:06.237000,6620.0,6675.0,6600.0,6660.0,nan,6635.0,92778,3078888450.0,184452,6625.0,243,6620.0,134,nan,0,nan,0,nan,0,nan,0,nan,0,nan,0,nan,0,nan,0
1597988290638120960,1597988291242000128,2020-08-21 13:38:11.242000,6620.0,6675.0,6600.0,6660.0,nan,6635.0,92778,3078888450.0,184452,6625.0,244,6620.0,134,nan,0,nan,0,nan,0,nan,0,nan,0,nan,0,nan,0,nan,0
1597988292639014912,1597988293236999936,2020-08-21 13:38:13.237000,6620.0,6675.0,6600.0,6660.0,nan,6635.0,92783,3079053950.0,184452,6625.0,244,6620.0,129,nan,0,nan,0,nan,0,nan,0,nan,0,nan,0,nan,0,nan,0
1597988296141337088,1597988296737999872,2020-08-21 13:38:16.738000,6620.0,6675.0,6600.0,6660.0,nan,6635.0,92783,3079053950.0,184452,6625.0,244,6620.0,130,nan,0,nan,0,nan,0,nan,0,nan,0,nan,0,nan,0,nan,0
1597988296679727104,1597988297220000000,2020-08-21 13:38:17.220000,6620.0,6675.0,6600.0,6660.0,nan,6635.0,92784,3079087050.0,184453,6625.0,244,6620.0,129,nan,0,nan,0,nan,0,nan,0,nan,0,nan,0,nan,0,nan,0
1597988297639852032,1597988298234999808,2020-08-21 13:38:18.235000,6620.0,6675.0,6600.0,6660.0,nan,6635.0,92784,3079087050.0,184453,6625.0,238,6620.0,129,nan,0,nan,0,nan,0,nan,0,nan,0,nan,0,nan,0,nan,0
1597988304220130048,1597988304743000064,2020-08-21 13:38:24.743000,6620.0,6675.0,6600.0,6660.0,nan,6635.0,92784,3079087050.0,184453,6625.0,238,6620.0,132,nan,0,nan,0,nan,0,nan,0,nan,0,nan,0,nan,0,nan,0
1597988304677296896,1597988305243000064,2020-08-21 13:38:25.243000,6620.0,6675.0,6600.0,6660.0,nan,6635.0,92804,3079749050.0,184467,6625.0,238,6620.0,112,nan,0,nan,0,nan,0,nan,0,nan,0,nan,0,nan,0,nan,0
1597988305138582016,1597988305742000128,2020-08-21 13:38:25.742000,6620.0,6675.0,6600.0,6660.0,nan,6635.0,92807,3079848350.0,184467,6625.0,233,6620.0,109,nan,0,nan,0,nan,0,nan,0,nan,0,nan,0,nan,0,nan,0
1597988307194305024,1597988307742000128,2020-08-21 13:38:27.742000,6620.0,6675.0,6600.0,6660.0,nan,6635.0,92807,3079848350.0,184467,6625.0,233,6620.0,119,nan,0,nan,0,nan,0,nan,0,nan,0,nan,0,nan,0,nan,0
1597988310240450048,1597988310736999936,2020-08-21 13:38:30.737000,6620.0,6675.0,6600.0,6660.0,nan,6635.0,92807,3079848350.0,184467,6625.0,239,6620.0,119,nan,0,nan,0,nan,0,nan,0,nan,0,nan,0,nan,0,nan,0
1597988318151878912,1597988318716000000,2020-08-21 13:38:38.716000,6625.0,6675.0,6600.0,6660.0,nan,6635.0,92808,3079881475.0,184468,6625.0,239,6620.0,119,nan,0,nan,0,nan,0,nan,0,nan,0,nan,0,nan,0,nan,0
1597988318635409920,1597988319234999808,2020-08-21 13:38:39.235000,6620.0,6675.0,6600.0,6660.0,nan,6635.0,92810,3079947675.0,184468,6625.0,239,6620.0,118,nan,0,nan,0,nan,0,nan,0,nan,0,nan,0,nan,0,nan,0
1597988319641537024,1597988320240999936,2020-08-21 13:38:40.241000,6620.0,6675.0,6600.0,6660.0,nan,6635.0,92932,3083985875.0,184494,6620.0,69,6615.0,503,nan,0,nan,0,nan,0,nan,0,nan,0,nan,0,nan,0,nan,0
1597988320136577024,1597988320740999936,2020-08-21 13:38:40.741000,6620.0,6675.0,6600.0,6660.0,nan,6635.0,92941,3084283775.0,184493,6620.0,76,6615.0,507,nan,0,nan,0,nan,0,nan,0,nan,0,nan,0,nan,0,nan,0
1597988320642072064,1597988321233999872,2020-08-21 13:38:41.234000,6620.0,6675.0,6600.0,6660.0,nan,6635.0,92944,3084383075.0,184490,6620.0,79,6615.0,507,nan,0,nan,0,nan,0,nan,0,nan,0,nan,0,nan,0,nan,0
1597988321179584000,1597988321743000064,2020-08-21 13:38:41.743000,6620.0,6675.0,6600.0,6660.0,nan,6635.0,92948,3084515475.0,184489,6620.0,75,6615.0,504,nan,0,nan,0,nan,0,nan,0,nan,0,nan,0,nan,0,nan,0
1597988321635966976,1597988322233999872,2020-08-21 13:38:42.234000,6620.0,6675.0,6600.0,6660.0,nan,6635.0,92948,3084515475.0,184489,6620.0,81,6615.0,504,nan,0,nan,0,nan,0,nan,0,nan,0,nan,0,nan,0,nan,0
1597988322156356096,1597988322726000128,2020-08-21 13:38:42.726000,6615.0,6675.0,6600.0,6660.0,nan,6635.0,92949,3084548550.0,184488,6620.0,81,6615.0,503,nan,0,nan,0,nan,0,nan,0,nan,0,nan,0,nan,0,nan,0
1597988324643409920,1597988325237999872,2020-08-21 13:38:45.238000,6620.0,6675.0,6600.0,6660.0,nan,6635.0,92950,3084581650.0,184488,6620.0,80,6615.0,502,nan,0,nan,0,nan,0,nan,0,nan,0,nan,0,nan,0,nan,0
1597988328228375040,1597988328732000000,2020-08-21 13:38:48.732000,6620.0,6675.0,6600.0,6660.0,nan,6635.0,92951,3084614750.0,184488,6620.0,79,6615.0,502,nan,0,nan,0,nan,0,nan,0,nan,0,nan,0,nan,0,nan,0
1597988329165875968,1597988329716999936,2020-08-21 13:38:49.717000,6620.0,6675.0,6600.0,6660.0,nan,6635.0,92952,3084647850.0,184487,6620.0,78,6615.0,501,nan,0,nan,0,nan,0,nan,0,nan,0,nan,0,nan,0,nan,0
1597988330679121920,1597988331240000000,2020-08-21 13:38:51.240000,6620.0,6675.0,6600.0,6660.0,nan,6635.0,92952,3084647850.0,184487,6620.0,84,6615.0,501,nan,0,nan,0,nan,0,nan,0,nan,0,nan,0,nan,0,nan,0
1597988331167375872,1597988331743000064,2020-08-21 13:38:51.743000,6620.0,6675.0,6600.0,6660.0,nan,6635.0,92952,3084647850.0,184487,6620.0,85,6615.0,501,nan,0,nan,0,nan,0,nan,0,nan,0,nan,0,nan,0,nan,0
1597988332220487936,1597988332740999936,2020-08-21 13:38:52.741000,6620.0,6675.0,6600.0,6660.0,nan,6635.0,92952,3084647850.0,184487,6620.0,94,6615.0,501,nan,0,nan,0,nan,0,nan,0,nan,0,nan,0,nan,0,nan,0
1597988333703684096,1597988334240999936,2020-08-21 13:38:54.241000,6620.0,6675.0,6600.0,6660.0,nan,6635.0,92952,3084647850.0,184487,6620.0,94,6615.0,502,nan,0,nan,0,nan,0,nan,0,nan,0,nan,0,nan,0,nan,0
1597988335183603968,1597988335736999936,2020-08-21 13:38:55.737000,6620.0,6675.0,6600.0,6660.0,nan,6635.0,92952,3084647850.0,184487,6620.0,94,6615.0,511,nan,0,nan,0,nan,0,nan,0,nan,0,nan,0,nan,0,nan,0
1597988335714372096,1597988336194000128,2020-08-21 13:38:56.194000,6620.0,6675.0,6600.0,6660.0,nan,6635.0,92952,3084647850.0,184487,6620.0,100,6615.0,514,nan,0,nan,0,nan,0,nan,0,nan,0,nan,0,nan,0,nan,0
1597988340707200000,1597988341237999872,2020-08-21 13:39:01.238000,6620.0,6675.0,6600.0,6660.0,nan,6635.0,92954,3084714050.0,184485,6620.0,98,6615.0,514,nan,0,nan,0,nan,0,nan,0,nan,0,nan,0,nan,0,nan,0
1597988341150704896,1597988341742000128,2020-08-21 13:39:01.742000,6620.0,6675.0,6600.0,6660.0,nan,6635.0,92954,3084714050.0,184485,6620.0,99,6615.0,514,nan,0,nan,0,nan,0,nan,0,nan,0,nan,0,nan,0,nan,0
1597988342710107904,1597988343236999936,2020-08-21 13:39:03.237000,6620.0,6675.0,6600.0,6660.0,nan,6635.0,92954,3084714050.0,184485,6620.0,93,6615.0,514,nan,0,nan,0,nan,0,nan,0,nan,0,nan,0,nan,0,nan,0
1597988344641851904,1597988345236999936,2020-08-21 13:39:05.237000,6620.0,6675.0,6600.0,6660.0,nan,6635.0,92954,3084714050.0,184485,6620.0,93,6615.0,513,nan,0,nan,0,nan,0,nan,0,nan,0,nan,0,nan,0,nan,0
1597988346232758016,1597988346743000064,2020-08-21 13:39:06.743000,6620.0,6675.0,6600.0,6660.0,nan,6635.0,92954,3084714050.0,184485,6620.0,93,6615.0,514,nan,0,nan,0,nan,0,nan,0,nan,0,nan,0,nan,0,nan,0
1597988346669682944,1597988347239000064,2020-08-21 13:39:07.239000,6620.0,6675.0,6600.0,6660.0,nan,6635.0,92954,3084714050.0,184485,6620.0,98,6615.0,514,nan,0,nan,0,nan,0,nan,0,nan,0,nan,0,nan,0,nan,0
1597988347657901056,1597988348233999872,2020-08-21 13:39:08.234000,6620.0,6675.0,6600.0,6660.0,nan,6635.0,92954,3084714050.0,184485,6620.0,98,6615.0,515,nan,0,nan,0,nan,0,nan,0,nan,0,nan,0,nan,0,nan,0
1597988348649118976,1597988349219000064,2020-08-21 13:39:09.219000,6620.0,6675.0,6600.0,6660.0,nan,6635.0,92956,3084780250.0,184483,6620.0,97,6615.0,515,nan,0,nan,0,nan,0,nan,0,nan,0,nan,0,nan,0,nan,0
1597988350704654080,1597988351211000064,2020-08-21 13:39:11.211000,6620.0,6675.0,6600.0,6660.0,nan,6635.0,92956,3084780250.0,184483,6620.0,98,6615.0,515,nan,0,nan,0,nan,0,nan,0,nan,0,nan,0,nan,0,nan,0
1597988351679534080,1597988352243000064,2020-08-21 13:39:12.243000,6620.0,6675.0,6600.0,6660.0,nan,6635.0,92956,3084780250.0,184483,6620.0,98,6615.0,507,nan,0,nan,0,nan,0,nan,0,nan,0,nan,0,nan,0,nan,0
1597988352725886976,1597988353220999936,2020-08-21 13:39:13.221000,6620.0,6675.0,6600.0,6660.0,nan,6635.0,93054,3088024050.0,184531,6625.0,213,6620.0,105,nan,0,nan,0,nan,0,nan,0,nan,0,nan,0,nan,0,nan,0
1597988353185809920,1597988353730000128,2020-08-21 13:39:13.730000,6625.0,6675.0,6600.0,6660.0,nan,6635.0,93058,3088156500.0,184535,6625.0,229,6620.0,112,nan,0,nan,0,nan,0,nan,0,nan,0,nan,0,nan,0,nan,0
1597988353652401920,1597988354242000128,2020-08-21 13:39:14.242000,6625.0,6675.0,6600.0,6660.0,nan,6635.0,93059,3088189625.0,184536,6625.0,228,6620.0,127,nan,0,nan,0,nan,0,nan,0,nan,0,nan,0,nan,0,nan,0
1597988354183077120,1597988354724999936,2020-08-21 13:39:14.725000,6625.0,6675.0,6600.0,6660.0,nan,6635.0,93060,3088222750.0,184537,6625.0,227,6620.0,128,nan,0,nan,0,nan,0,nan,0,nan,0,nan,0,nan,0,nan,0
1597988354641353984,1597988355237999872,2020-08-21 13:39:15.238000,6625.0,6675.0,6600.0,6660.0,nan,6635.0,93062,3088289000.0,184539,6625.0,225,6620.0,128,nan,0,nan,0,nan,0,nan,0,nan,0,nan,0,nan,0,nan,0
1597988355643628032,1597988356224999936,2020-08-21 13:39:16.225000,6625.0,6675.0,6600.0,6660.0,nan,6635.0,93062,3088289000.0,184539,6625.0,225,6620.0,133,nan,0,nan,0,nan,0,nan,0,nan,0,nan,0,nan,0,nan,0
1597988356139479040,1597988356732999936,2020-08-21 13:39:16.733000,6625.0,6675.0,6600.0,6660.0,nan,6635.0,93062,3088289000.0,184539,6625.0,220,6620.0,133,nan,0,nan,0,nan,0,nan,0,nan,0,nan,0,nan,0,nan,0
1597988359148464128,1597988359740000000,2020-08-21 13:39:19.740000,6625.0,6675.0,6600.0,6660.0,nan,6635.0,93063,3088322125.0,184540,6625.0,219,6620.0,139,nan,0,nan,0,nan,0,nan,0,nan,0,nan,0,nan,0,nan,0
1597988359633201920,1597988360240000000,2020-08-21 13:39:20.240000,6625.0,6675.0,6600.0,6660.0,nan,6635.0,93063,3088322125.0,184540,6625.0,212,6620.0,147,nan,0,nan,0,nan,0,nan,0,nan,0,nan,0,nan,0,nan,0
1597988361647587072,1597988362233999872,2020-08-21 13:39:22.234000,6625.0,6675.0,6600.0,6660.0,nan,6635.0,93063,3088322125.0,184540,6625.0,212,6620.0,152,nan,0,nan,0,nan,0,nan,0,nan,0,nan,0,nan,0,nan,0
1597988364180205056,1597988364740000000,2020-08-21 13:39:24.740000,6625.0,6675.0,6600.0,6660.0,nan,6635.0,93063,3088322125.0,184540,6625.0,212,6620.0,165,nan,0,nan,0,nan,0,nan,0,nan,0,nan,0,nan,0,nan,0
1597988366211952896,1597988366731000064,2020-08-21 13:39:26.731000,6625.0,6675.0,6600.0,6660.0,nan,6635.0,93063,3088322125.0,184540,6625.0,220,6620.0,165,nan,0,nan,0,nan,0,nan,0,nan,0,nan,0,nan,0,nan,0
1597988369644168960,1597988370196000000,2020-08-21 13:39:30.196000,6620.0,6675.0,6600.0,6660.0,nan,6635.0,93064,3088355225.0,184540,6625.0,224,6620.0,165,nan,0,nan,0,nan,0,nan,0,nan,0,nan,0,nan,0,nan,0
1597988370161658112,1597988370739000064,2020-08-21 13:39:30.739000,6620.0,6675.0,6600.0,6660.0,nan,6635.0,93064,3088355225.0,184540,6625.0,224,6620.0,153,nan,0,nan,0,nan,0,nan,0,nan,0,nan,0,nan,0,nan,0
1597988371145832960,1597988371739000064,2020-08-21 13:39:31.739000,6620.0,6675.0,6600.0,6660.0,nan,6635.0,93064,3088355225.0,184540,6625.0,226,6620.0,153,nan,0,nan,0,nan,0,nan,0,nan,0,nan,0,nan,0,nan,0
1597988371663832064,1597988372240999936,2020-08-21 13:39:32.241000,6620.0,6675.0,6600.0,6660.0,nan,6635.0,93065,3088388325.0,184540,6625.0,226,6620.0,154,nan,0,nan,0,nan,0,nan,0,nan,0,nan,0,nan,0,nan,0
1597988381633051904,1597988382240999936,2020-08-21 13:39:42.241000,6620.0,6675.0,6600.0,6660.0,nan,6635.0,93065,3088388325.0,184540,6625.0,226,6620.0,156,nan,0,nan,0,nan,0,nan,0,nan,0,nan,0,nan,0,nan,0
1597988382147738112,1597988382742000128,2020-08-21 13:39:42.742000,6625.0,6675.0,6600.0,6660.0,nan,6635.0,93098,3089481450.0,184529,6625.0,189,6620.0,173,nan,0,nan,0,nan,0,nan,0,nan,0,nan,0,nan,0,nan,0
1597988382638475008,1597988383234999808,2020-08-21 13:39:43.235000,6625.0,6675.0,6600.0,6660.0,nan,6635.0,93098,3089481450.0,184529,6625.0,177,6620.0,174,nan,0,nan,0,nan,0,nan,0,nan,0,nan,0,nan,0,nan,0
1597988383647945984,1597988384208000000,2020-08-21 13:39:44.208000,6620.0,6675.0,6600.0,6660.0,nan,6635.0,93100,3089547650.0,184531,6625.0,177,6620.0,172,nan,0,nan,0,nan,0,nan,0,nan,0,nan,0,nan,0,nan,0
1597988384189600000,1597988384744000000,2020-08-21 13:39:44.744000,6620.0,6675.0,6600.0,6660.0,nan,6635.0,93100,3089547650.0,184531,6625.0,177,6620.0,176,nan,0,nan,0,nan,0,nan,0,nan,0,nan,0,nan,0,nan,0
1597988384649058048,1597988385243000064,2020-08-21 13:39:45.243000,6620.0,6675.0,6600.0,6660.0,nan,6635.0,93100,3089547650.0,184531,6625.0,177,6620.0,191,nan,0,nan,0,nan,0,nan,0,nan,0,nan,0,nan,0,nan,0
1597988385637618944,1597988386194000128,2020-08-21 13:39:46.194000,6625.0,6675.0,6600.0,6660.0,nan,6635.0,93101,3089580775.0,184532,6625.0,176,6620.0,193,nan,0,nan,0,nan,0,nan,0,nan,0,nan,0,nan,0,nan,0
1597988386146000896,1597988386704999936,2020-08-21 13:39:46.705000,6625.0,6675.0,6600.0,6660.0,nan,6635.0,93101,3089580775.0,184532,6625.0,176,6620.0,194,nan,0,nan,0,nan,0,nan,0,nan,0,nan,0,nan,0,nan,0
1597988386638765056,1597988387200999936,2020-08-21 13:39:47.201000,6625.0,6675.0,6600.0,6660.0,nan,6635.0,93101,3089580775.0,184532,6625.0,176,6620.0,195,nan,0,nan,0,nan,0,nan,0,nan,0,nan,0,nan,0,nan,0
1597988387640253952,1597988388223000064,2020-08-21 13:39:48.223000,6620.0,6675.0,6600.0,6660.0,nan,6635.0,93103,3089646975.0,184534,6625.0,176,6620.0,193,nan,0,nan,0,nan,0,nan,0,nan,0,nan,0,nan,0,nan,0
1597988388149681920,1597988388739000064,2020-08-21 13:39:48.739000,6620.0,6675.0,6600.0,6660.0,nan,6635.0,93103,3089646975.0,184534,6625.0,176,6620.0,194,nan,0,nan,0,nan,0,nan,0,nan,0,nan,0,nan,0,nan,0
1597988390655963904,1597988391240999936,2020-08-21 13:39:51.241000,6620.0,6675.0,6600.0,6660.0,nan,6635.0,93105,3089713175.0,184536,6625.0,176,6620.0,192,nan,0,nan,0,nan,0,nan,0,nan,0,nan,0,nan,0,nan,0
1597988391168156928,1597988391742000128,2020-08-21 13:39:51.742000,6620.0,6675.0,6600.0,6660.0,nan,6635.0,93105,3089713175.0,184536,6625.0,176,6620.0,193,nan,0,nan,0,nan,0,nan,0,nan,0,nan,0,nan,0,nan,0
1597988392643000064,1597988393233999872,2020-08-21 13:39:53.234000,6620.0,6675.0,6600.0,6660.0,nan,6635.0,93107,3089779375.0,184538,6625.0,176,6620.0,191,nan,0,nan,0,nan,0,nan,0,nan,0,nan,0,nan,0,nan,0
1597988394646004992,1597988395243000064,2020-08-21 13:39:55.243000,6620.0,6675.0,6600.0,6660.0,nan,6635.0,93107,3089779375.0,184538,6625.0,179,6620.0,191,nan,0,nan,0,nan,0,nan,0,nan,0,nan,0,nan,0,nan,0
1597988395140728064,1597988395743000064,2020-08-21 13:39:55.743000,6620.0,6675.0,6600.0,6660.0,nan,6635.0,93109,3089845575.0,184540,6625.0,189,6620.0,189,nan,0,nan,0,nan,0,nan,0,nan,0,nan,0,nan,0,nan,0
1597988395642958080,1597988396236000000,2020-08-21 13:39:56.236000,6620.0,6675.0,6600.0,6660.0,nan,6635.0,93110,3089878675.0,184540,6625.0,189,6620.0,188,nan,0,nan,0,nan,0,nan,0,nan,0,nan,0,nan,0,nan,0
1597988396159184896,1597988396729000192,2020-08-21 13:39:56.729000,6620.0,6675.0,6600.0,6660.0,nan,6635.0,93110,3089878675.0,184540,6625.0,193,6620.0,188,nan,0,nan,0,nan,0,nan,0,nan,0,nan,0,nan,0,nan,0
1597988396686980096,1597988397231000064,2020-08-21 13:39:57.231000,6620.0,6675.0,6600.0,6660.0,nan,6635.0,93110,3089878675.0,184540,6625.0,196,6620.0,188,nan,0,nan,0,nan,0,nan,0,nan,0,nan,0,nan,0,nan,0
1597988397173176064,1597988397743000064,2020-08-21 13:39:57.743000,6620.0,6675.0,6600.0,6660.0,nan,6635.0,93112,3089944875.0,184542,6625.0,196,6620.0,186,nan,0,nan,0,nan,0,nan,0,nan,0,nan,0,nan,0,nan,0
1597988397693400064,1597988398239000064,2020-08-21 13:39:58.239000,6620.0,6675.0,6600.0,6660.0,nan,6635.0,93112,3089944875.0,184542,6625.0,191,6620.0,186,nan,0,nan,0,nan,0,nan,0,nan,0,nan,0,nan,0,nan,0
1597988399150371072,1597988399743000064,2020-08-21 13:39:59.743000,6620.0,6675.0,6600.0,6660.0,nan,6635.0,93114,3090011075.0,184544,6625.0,191,6620.0,184,nan,0,nan,0,nan,0,nan,0,nan,0,nan,0,nan,0,nan,0
1597988399636603904,1597988400224000000,2020-08-21 13:40:00.224000,6620.0,6675.0,6600.0,6660.0,nan,6635.0,93114,3090011075.0,184544,6625.0,191,6620.0,205,nan,0,nan,0,nan,0,nan,0,nan,0,nan,0,nan,0,nan,0
1597988400179124992,1597988400744000000,2020-08-21 13:40:00.744000,6620.0,6675.0,6600.0,6660.0,nan,6635.0,93114,3090011075.0,184544,6625.0,190,6620.0,225,nan,0,nan,0,nan,0,nan,0,nan,0,nan,0,nan,0,nan,0
1597988400652574976,1597988401224999936,2020-08-21 13:40:01.225000,6625.0,6675.0,6600.0,6660.0,nan,6635.0,93116,3090077325.0,184546,6625.0,188,6620.0,225,nan,0,nan,0,nan,0,nan,0,nan,0,nan,0,nan,0,nan,0
1597988401152669952,1597988401703000064,2020-08-21 13:40:01.703000,6620.0,6675.0,6600.0,6660.0,nan,6635.0,93118,3090143525.0,184548,6625.0,174,6620.0,224,nan,0,nan,0,nan,0,nan,0,nan,0,nan,0,nan,0,nan,0
1597988402653957120,1597988403240999936,2020-08-21 13:40:03.241000,6620.0,6675.0,6600.0,6660.0,nan,6635.0,93118,3090143525.0,184548,6625.0,174,6620.0,225,nan,0,nan,0,nan,0,nan,0,nan,0,nan,0,nan,0,nan,0
1597988404164889088,1597988404734999808,2020-08-21 13:40:04.735000,6625.0,6675.0,6600.0,6660.0,nan,6635.0,93119,3090176650.0,184549,6625.0,173,6620.0,225,nan,0,nan,0,nan,0,nan,0,nan,0,nan,0,nan,0,nan,0
1597988405157346048,1597988405729000192,2020-08-21 13:40:05.729000,6625.0,6675.0,6600.0,6660.0,nan,6635.0,93121,3090242900.0,184550,6625.0,171,6620.0,225,nan,0,nan,0,nan,0,nan,0,nan,0,nan,0,nan,0,nan,0
1597988406153457920,1597988406744999936,2020-08-21 13:40:06.745000,6620.0,6675.0,6600.0,6660.0,nan,6635.0,93123,3090309100.0,184552,6625.0,171,6620.0,223,nan,0,nan,0,nan,0,nan,0,nan,0,nan,0,nan,0,nan,0
1597988410652377088,1597988411239000064,2020-08-21 13:40:11.239000,6620.0,6675.0,6600.0,6660.0,nan,6635.0,93123,3090309100.0,184552,6625.0,172,6620.0,237,nan,0,nan,0,nan,0,nan,0,nan,0,nan,0,nan,0,nan,0
1597988411647277056,1597988412224999936,2020-08-21 13:40:12.225000,6620.0,6675.0,6600.0,6660.0,nan,6635.0,93124,3090342200.0,184553,6625.0,172,6620.0,236,nan,0,nan,0,nan,0,nan,0,nan,0,nan,0,nan,0,nan,0
1597988412187072000,1597988412708000000,2020-08-21 13:40:12.708000,6620.0,6675.0,6600.0,6660.0,nan,6635.0,93126,3090408400.0,184554,6625.0,172,6620.0,234,nan,0,nan,0,nan,0,nan,0,nan,0,nan,0,nan,0,nan,0
1597988412665399040,1597988413236999936,2020-08-21 13:40:13.237000,6620.0,6675.0,6600.0,6660.0,nan,6635.0,93126,3090408400.0,184554,6625.0,172,6620.0,245,nan,0,nan,0,nan,0,nan,0,nan,0,nan,0,nan,0,nan,0
1597988414154637056,1597988414728000000,2020-08-21 13:40:14.728000,6625.0,6675.0,6600.0,6660.0,nan,6635.0,93127,3090441525.0,184555,6625.0,171,6620.0,245,nan,0,nan,0,nan,0,nan,0,nan,0,nan,0,nan,0,nan,0
1597988414643601920,1597988415240999936,2020-08-21 13:40:15.241000,6625.0,6675.0,6600.0,6660.0,nan,6635.0,93127,3090441525.0,184555,6625.0,171,6620.0,271,nan,0,nan,0,nan,0,nan,0,nan,0,nan,0,nan,0,nan,0
1597988415159821056,1597988415740999936,2020-08-21 13:40:15.741000,6625.0,6675.0,6600.0,6660.0,nan,6635.0,93127,3090441525.0,184555,6625.0,171,6620.0,301,nan,0,nan,0,nan,0,nan,0,nan,0,nan,0,nan,0,nan,0
1597988417670789120,1597988418243000064,2020-08-21 13:40:18.243000,6620.0,6675.0,6600.0,6660.0,nan,6635.0,93129,3090507725.0,184555,6625.0,171,6620.0,300,nan,0,nan,0,nan,0,nan,0,nan,0,nan,0,nan,0,nan,0
1597988422149435904,1597988422721999872,2020-08-21 13:40:22.722000,6620.0,6675.0,6600.0,6660.0,nan,6635.0,93129,3090507725.0,184555,6625.0,172,6620.0,300,nan,0,nan,0,nan,0,nan,0,nan,0,nan,0,nan,0,nan,0
1597988422665892096,1597988423237999872,2020-08-21 13:40:23.238000,6620.0,6675.0,6600.0,6660.0,nan,6635.0,93132,3090607025.0,184555,6625.0,172,6620.0,297,nan,0,nan,0,nan,0,nan,0,nan,0,nan,0,nan,0,nan,0
1597988423179354112,1597988423736999936,2020-08-21 13:40:23.737000,6625.0,6675.0,6600.0,6660.0,nan,6635.0,93136,3090739525.0,184559,6625.0,168,6620.0,297,nan,0,nan,0,nan,0,nan,0,nan,0,nan,0,nan,0,nan,0
1597988423674836992,1597988424240000000,2020-08-21 13:40:24.240000,6625.0,6675.0,6600.0,6660.0,nan,6635.0,93136,3090739525.0,184559,6625.0,168,6620.0,307,nan,0,nan,0,nan,0,nan,0,nan,0,nan,0,nan,0,nan,0
1597988424212856064,1597988424730000128,2020-08-21 13:40:24.730000,6625.0,6675.0,6600.0,6660.0,nan,6635.0,93137,3090772650.0,184560,6625.0,167,6620.0,307,nan,0,nan,0,nan,0,nan,0,nan,0,nan,0,nan,0,nan,0
1597988425645724928,1597988426244999936,2020-08-21 13:40:26.245000,6625.0,6675.0,6600.0,6660.0,nan,6635.0,93137,3090772650.0,184560,6625.0,167,6620.0,308,nan,0,nan,0,nan,0,nan,0,nan,0,nan,0,nan,0,nan,0
1597988427655056896,1597988428221999872,2020-08-21 13:40:28.222000,6625.0,6675.0,6600.0,6660.0,nan,6635.0,93137,3090772650.0,184560,6625.0,167,6620.0,309,nan,0,nan,0,nan,0,nan,0,nan,0,nan,0,nan,0,nan,0
1597988428151051008,1597988428744999936,2020-08-21 13:40:28.745000,6625.0,6675.0,6600.0,6660.0,nan,6635.0,93138,3090805775.0,184560,6625.0,166,6620.0,309,nan,0,nan,0,nan,0,nan,0,nan,0,nan,0,nan,0,nan,0
1597988429177199104,1597988429729000192,2020-08-21 13:40:29.729000,6625.0,6675.0,6600.0,6660.0,nan,6635.0,93139,3090838900.0,184561,6625.0,165,6620.0,309,nan,0,nan,0,nan,0,nan,0,nan,0,nan,0,nan,0,nan,0
1597988431145168896,1597988431661999872,2020-08-21 13:40:31.662000,6625.0,6675.0,6600.0,6660.0,nan,6635.0,93139,3090838900.0,184561,6625.0,165,6620.0,259,nan,0,nan,0,nan,0,nan,0,nan,0,nan,0,nan,0,nan,0
1597988433671101952,1597988434242000128,2020-08-21 13:40:34.242000,6620.0,6675.0,6600.0,6660.0,nan,6635.0,93145,3091037500.0,184561,6625.0,165,6620.0,253,nan,0,nan,0,nan,0,nan,0,nan,0,nan,0,nan,0,nan,0
1597988434149931008,1597988434737999872,2020-08-21 13:40:34.738000,6625.0,6675.0,6600.0,6660.0,nan,6635.0,93162,3091600250.0,184563,6625.0,173,6620.0,238,nan,0,nan,0,nan,0,nan,0,nan,0,nan,0,nan,0,nan,0
1597988437283941888,1597988437720000000,2020-08-21 13:40:37.720000,6620.0,6675.0,6600.0,6660.0,nan,6635.0,93173,3091964350.0,184563,6625.0,173,6620.0,227,nan,0,nan,0,nan,0,nan,0,nan,0,nan,0,nan,0,nan,0
1597988437678256128,1597988438233999872,2020-08-21 13:40:38.234000,6620.0,6675.0,6600.0,6660.0,nan,6635.0,93176,3092063650.0,184563,6625.0,173,6620.0,224,nan,0,nan,0,nan,0,nan,0,nan,0,nan,0,nan,0,nan,0
1597988440143633920,1597988440744999936,2020-08-21 13:40:40.745000,6620.0,6675.0,6600.0,6660.0,nan,6635.0,93176,3092063650.0,184563,6625.0,174,6620.0,224,nan,0,nan,0,nan,0,nan,0,nan,0,nan,0,nan,0,nan,0
1597988442146306048,1597988442744999936,2020-08-21 13:40:42.745000,6625.0,6675.0,6600.0,6660.0,nan,6635.0,93263,3094945525.0,184513,6625.0,77,6620.0,238,nan,0,nan,0,nan,0,nan,0,nan,0,nan,0,nan,0,nan,0
1597988442649232896,1597988443239000064,2020-08-21 13:40:43.239000,6625.0,6675.0,6600.0,6660.0,nan,6635.0,93263,3094945525.0,184513,6625.0,72,6620.0,252,nan,0,nan,0,nan,0,nan,0,nan,0,nan,0,nan,0,nan,0
1597988443138114048,1597988443744999936,2020-08-21 13:40:43.745000,6625.0,6675.0,6600.0,6660.0,nan,6635.0,93263,3094945525.0,184513,6625.0,82,6620.0,246,nan,0,nan,0,nan,0,nan,0,nan,0,nan,0,nan,0,nan,0
1597988443658799104,1597988444208000000,2020-08-21 13:40:44.208000,6625.0,6675.0,6600.0,6660.0,nan,6635.0,93269,3095144275.0,184508,6625.0,76,6620.0,246,nan,0,nan,0,nan,0,nan,0,nan,0,nan,0,nan,0,nan,0
1597988444158141952,1597988444746000128,2020-08-21 13:40:44.746000,6620.0,6675.0,6600.0,6660.0,nan,6635.0,93275,3095342900.0,184508,6625.0,75,6620.0,241,nan,0,nan,0,nan,0,nan,0,nan,0,nan,0,nan,0,nan,0
1597988447164421888,1597988447744999936,2020-08-21 13:40:47.745000,6620.0,6675.0,6600.0,6660.0,nan,6635.0,93275,3095342900.0,184508,6625.0,75,6620.0,242,nan,0,nan,0,nan,0,nan,0,nan,0,nan,0,nan,0,nan,0
1597988449642362112,1597988450244000000,2020-08-21 13:40:50.244000,6625.0,6675.0,6600.0,6660.0,nan,6635.0,93283,3095607900.0,184510,6625.0,70,6620.0,242,nan,0,nan,0,nan,0,nan,0,nan,0,nan,0,nan,0,nan,0
1597988450179094016,1597988450732000000,2020-08-21 13:40:50.732000,6625.0,6675.0,6600.0,6660.0,nan,6635.0,93283,3095607900.0,184510,6625.0,70,6620.0,244,nan,0,nan,0,nan,0,nan,0,nan,0,nan,0,nan,0,nan,0
1597988451149547008,1597988451743000064,2020-08-21 13:40:51.743000,6625.0,6675.0,6600.0,6660.0,nan,6635.0,93285,3095674150.0,184510,6625.0,68,6620.0,244,nan,0,nan,0,nan,0,nan,0,nan,0,nan,0,nan,0,nan,0
1597988451652625920,1597988452242000128,2020-08-21 13:40:52.242000,6625.0,6675.0,6600.0,6660.0,nan,6635.0,93285,3095674150.0,184510,6625.0,74,6620.0,246,nan,0,nan,0,nan,0,nan,0,nan,0,nan,0,nan,0,nan,0
1597988452637989120,1597988453180999936,2020-08-21 13:40:53.181000,6620.0,6675.0,6600.0,6660.0,nan,6635.0,93290,3095839650.0,184505,6625.0,74,6620.0,241,nan,0,nan,0,nan,0,nan,0,nan,0,nan,0,nan,0,nan,0
1597988453147886080,1597988453731000064,2020-08-21 13:40:53.731000,6620.0,6675.0,6600.0,6660.0,nan,6635.0,93290,3095839650.0,184505,6625.0,74,6620.0,245,nan,0,nan,0,nan,0,nan,0,nan,0,nan,0,nan,0,nan,0
1597988454152980992,1597988454709000192,2020-08-21 13:40:54.709000,6625.0,6675.0,6600.0,6660.0,nan,6635.0,93291,3095872775.0,184505,6625.0,74,6620.0,245,nan,0,nan,0,nan,0,nan,0,nan,0,nan,0,nan,0,nan,0
1597988454633196032,1597988455242000128,2020-08-21 13:40:55.242000,6620.0,6675.0,6600.0,6660.0,nan,6635.0,93292,3095905875.0,184505,6625.0,74,6620.0,249,nan,0,nan,0,nan,0,nan,0,nan,0,nan,0,nan,0,nan,0
1597988458136552960,1597988458742000128,2020-08-21 13:40:58.742000,6620.0,6675.0,6600.0,6660.0,nan,6635.0,93292,3095905875.0,184505,6625.0,74,6620.0,254,nan,0,nan,0,nan,0,nan,0,nan,0,nan,0,nan,0,nan,0
1597988463155760896,1597988463732999936,2020-08-21 13:41:03.733000,6625.0,6675.0,6600.0,6660.0,nan,6635.0,93298,3096104625.0,184505,6625.0,68,6620.0,254,nan,0,nan,0,nan,0,nan,0,nan,0,nan,0,nan,0,nan,0
1597988463641152000,1597988464237999872,2020-08-21 13:41:04.238000,6625.0,6675.0,6600.0,6660.0,nan,6635.0,93310,3096502125.0,184508,6625.0,63,6620.0,254,nan,0,nan,0,nan,0,nan,0,nan,0,nan,0,nan,0,nan,0
1597988464157985024,1597988464740000000,2020-08-21 13:41:04.740000,6620.0,6675.0,6600.0,6660.0,nan,6635.0,93313,3096601475.0,184509,6625.0,61,6620.0,253,nan,0,nan,0,nan,0,nan,0,nan,0,nan,0,nan,0,nan,0
1597988466646190080,1597988467242000128,2020-08-21 13:41:07.242000,6620.0,6675.0,6600.0,6660.0,nan,6635.0,93315,3096667675.0,184509,6625.0,61,6620.0,251,nan,0,nan,0,nan,0,nan,0,nan,0,nan,0,nan,0,nan,0
1597988468638887936,1597988469217999872,2020-08-21 13:41:09.218000,6620.0,6675.0,6600.0,6660.0,nan,6635.0,93315,3096667675.0,184509,6625.0,61,6620.0,252,nan,0,nan,0,nan,0,nan,0,nan,0,nan,0,nan,0,nan,0
1597988470141425920,1597988470730000128,2020-08-21 13:41:10.730000,6625.0,6675.0,6600.0,6660.0,nan,6635.0,93340,3097495800.0,184530,6625.0,36,6620.0,223,nan,0,nan,0,nan,0,nan,0,nan,0,nan,0,nan,0,nan,0
1597988471643795968,1597988472231000064,2020-08-21 13:41:12.231000,6625.0,6675.0,6600.0,6660.0,nan,6635.0,93341,3097528925.0,184530,6625.0,35,6620.0,222,nan,0,nan,0,nan,0,nan,0,nan,0,nan,0,nan,0,nan,0
1597988473145046016,1597988473736999936,2020-08-21 13:41:13.737000,6625.0,6675.0,6600.0,6660.0,nan,6635.0,93342,3097562050.0,184530,6625.0,34,6620.0,222,nan,0,nan,0,nan,0,nan,0,nan,0,nan,0,nan,0,nan,0
1597988474217645056,1597988474733999872,2020-08-21 13:41:14.734000,6625.0,6675.0,6600.0,6660.0,nan,6635.0,93343,3097595175.0,184530,6625.0,34,6620.0,222,nan,0,nan,0,nan,0,nan,0,nan,0,nan,0,nan,0,nan,0
1597988474643166976,1597988475232000000,2020-08-21 13:41:15.232000,6620.0,6675.0,6600.0,6660.0,nan,6635.0,93345,3097661375.0,184530,6625.0,34,6620.0,220,nan,0,nan,0,nan,0,nan,0,nan,0,nan,0,nan,0,nan,0
1597988478158256128,1597988478742000128,2020-08-21 13:41:18.742000,6620.0,6675.0,6600.0,6660.0,nan,6635.0,93345,3097661375.0,184530,6625.0,34,6620.0,218,nan,0,nan,0,nan,0,nan,0,nan,0,nan,0,nan,0,nan,0
1597988480189733120,1597988480733999872,2020-08-21 13:41:20.734000,6625.0,6675.0,6600.0,6660.0,nan,6635.0,93357,3098058875.0,184536,6625.0,23,6620.0,206,nan,0,nan,0,nan,0,nan,0,nan,0,nan,0,nan,0,nan,0
1597988480643590912,1597988481242000128,2020-08-21 13:41:21.242000,6625.0,6675.0,6600.0,6660.0,nan,6635.0,93361,3098191375.0,184535,6625.0,19,6620.0,201,nan,0,nan,0,nan,0,nan,0,nan,0,nan,0,nan,0,nan,0
1597988482656718080,1597988483240000000,2020-08-21 13:41:23.240000,6625.0,6675.0,6600.0,6660.0,nan,6635.0,93363,3098257625.0,184533,6625.0,17,6620.0,201,nan,0,nan,0,nan,0,nan,0,nan,0,nan,0,nan,0,nan,0
1597988483165012992,1597988483746000128,2020-08-21 13:41:23.746000,6620.0,6675.0,6600.0,6660.0,nan,6635.0,93364,3098290725.0,184533,6625.0,17,6620.0,200,nan,0,nan,0,nan,0,nan,0,nan,0,nan,0,nan,0,nan,0
1597988483638667008,1597988484239000064,2020-08-21 13:41:24.239000,6625.0,6675.0,6600.0,6660.0,nan,6635.0,93365,3098323850.0,184533,6625.0,16,6620.0,200,nan,0,nan,0,nan,0,nan,0,nan,0,nan,0,nan,0,nan,0
1597988484160015872,1597988484732000000,2020-08-21 13:41:24.732000,6625.0,6675.0,6600.0,6660.0,nan,6635.0,93366,3098356975.0,184533,6625.0,14,6620.0,200,nan,0,nan,0,nan,0,nan,0,nan,0,nan,0,nan,0,nan,0
1597988484634809088,1597988485237999872,2020-08-21 13:41:25.238000,6625.0,6675.0,6600.0,6660.0,nan,6635.0,93366,3098356975.0,184533,6625.0,21,6620.0,200,nan,0,nan,0,nan,0,nan,0,nan,0,nan,0,nan,0,nan,0
1597988492659451904,1597988493237999872,2020-08-21 13:41:33.238000,6620.0,6675.0,6600.0,6660.0,nan,6635.0,93367,3098390075.0,184532,6625.0,21,6620.0,199,nan,0,nan,0,nan,0,nan,0,nan,0,nan,0,nan,0,nan,0
1597988493153096960,1597988493742000128,2020-08-21 13:41:33.742000,6620.0,6675.0,6600.0,6660.0,nan,6635.0,93371,3098522475.0,184528,6625.0,21,6620.0,200,nan,0,nan,0,nan,0,nan,0,nan,0,nan,0,nan,0,nan,0
1597988493645219072,1597988494226000128,2020-08-21 13:41:34.226000,6620.0,6675.0,6600.0,6660.0,nan,6635.0,93372,3098555575.0,184528,6625.0,21,6620.0,200,nan,0,nan,0,nan,0,nan,0,nan,0,nan,0,nan,0,nan,0
1597988494138429952,1597988494744000000,2020-08-21 13:41:34.744000,6625.0,6675.0,6600.0,6660.0,nan,6635.0,93373,3098588700.0,184528,6625.0,20,6620.0,200,nan,0,nan,0,nan,0,nan,0,nan,0,nan,0,nan,0,nan,0
1597988495177572096,1597988495746000128,2020-08-21 13:41:35.746000,6620.0,6675.0,6600.0,6660.0,nan,6635.0,93374,3098621800.0,184527,6625.0,20,6620.0,199,nan,0,nan,0,nan,0,nan,0,nan,0,nan,0,nan,0,nan,0
1597988503140686080,1597988503740999936,2020-08-21 13:41:43.741000,6620.0,6675.0,6600.0,6660.0,nan,6635.0,93375,3098654900.0,184526,6625.0,20,6620.0,198,nan,0,nan,0,nan,0,nan,0,nan,0,nan,0,nan,0,nan,0
1597988503645519872,1597988504242000128,2020-08-21 13:41:44.242000,6620.0,6675.0,6600.0,6660.0,nan,6635.0,93377,3098721100.0,184526,6625.0,20,6620.0,196,nan,0,nan,0,nan,0,nan,0,nan,0,nan,0,nan,0,nan,0
1597988504158181888,1597988504743000064,2020-08-21 13:41:44.743000,6625.0,6675.0,6600.0,6660.0,nan,6635.0,93378,3098754225.0,184526,6625.0,20,6620.0,196,nan,0,nan,0,nan,0,nan,0,nan,0,nan,0,nan,0,nan,0
1597988504644733952,1597988505242000128,2020-08-21 13:41:45.242000,6625.0,6675.0,6600.0,6660.0,nan,6635.0,93378,3098754225.0,184526,6625.0,21,6620.0,196,nan,0,nan,0,nan,0,nan,0,nan,0,nan,0,nan,0,nan,0
1597988505179150080,1597988505711000064,2020-08-21 13:41:45.711000,6625.0,6675.0,6600.0,6660.0,nan,6635.0,93378,3098754225.0,184526,6625.0,21,6620.0,197,nan,0,nan,0,nan,0,nan,0,nan,0,nan,0,nan,0,nan,0
1597988511637575936,1597988512232000000,2020-08-21 13:41:52.232000,6625.0,6675.0,6600.0,6660.0,nan,6635.0,93378,3098754225.0,184526,6625.0,22,6620.0,197,nan,0,nan,0,nan,0,nan,0,nan,0,nan,0,nan,0,nan,0
1597988512143328000,1597988512736999936,2020-08-21 13:41:52.737000,6625.0,6675.0,6600.0,6660.0,nan,6635.0,93378,3098754225.0,184526,6625.0,22,6620.0,198,nan,0,nan,0,nan,0,nan,0,nan,0,nan,0,nan,0,nan,0
1597988514146739968,1597988514742000128,2020-08-21 13:41:54.742000,6625.0,6675.0,6600.0,6660.0,nan,6635.0,93379,3098787350.0,184526,6625.0,21,6620.0,198,nan,0,nan,0,nan,0,nan,0,nan,0,nan,0,nan,0,nan,0
1597988514643038976,1597988515243000064,2020-08-21 13:41:55.243000,6625.0,6675.0,6600.0,6660.0,nan,6635.0,93382,3098886675.0,184525,6625.0,20,6620.0,196,nan,0,nan,0,nan,0,nan,0,nan,0,nan,0,nan,0,nan,0
1597988516632762112,1597988517243000064,2020-08-21 13:41:57.243000,6625.0,6675.0,6600.0,6660.0,nan,6635.0,93382,3098886675.0,184525,6625.0,20,6620.0,197,nan,0,nan,0,nan,0,nan,0,nan,0,nan,0,nan,0,nan,0
1597988522183480064,1597988522730000128,2020-08-21 13:42:02.730000,6625.0,6675.0,6600.0,6660.0,nan,6635.0,93382,3098886675.0,184525,6625.0,20,6620.0,198,nan,0,nan,0,nan,0,nan,0,nan,0,nan,0,nan,0,nan,0
1597988522673392128,1597988523246000128,2020-08-21 13:42:03.246000,6625.0,6675.0,6600.0,6660.0,nan,6635.0,93382,3098886675.0,184525,6625.0,21,6620.0,197,nan,0,nan,0,nan,0,nan,0,nan,0,nan,0,nan,0,nan,0
1597988523163857920,1597988523740999936,2020-08-21 13:42:03.741000,6625.0,6675.0,6600.0,6660.0,nan,6635.0,93383,3098919800.0,184524,6625.0,20,6620.0,197,nan,0,nan,0,nan,0,nan,0,nan,0,nan,0,nan,0,nan,0
1597988524138622976,1597988524736000000,2020-08-21 13:42:04.736000,6625.0,6675.0,6600.0,6660.0,nan,6635.0,93384,3098952925.0,184524,6625.0,19,6620.0,197,nan,0,nan,0,nan,0,nan,0,nan,0,nan,0,nan,0,nan,0
1597988524638074112,1597988525243000064,2020-08-21 13:42:05.243000,6620.0,6675.0,6600.0,6660.0,nan,6635.0,93386,3099019125.0,184524,6625.0,19,6620.0,195,nan,0,nan,0,nan,0,nan,0,nan,0,nan,0,nan,0,nan,0
1597988525192855040,1597988525731000064,2020-08-21 13:42:05.731000,6625.0,6675.0,6600.0,6660.0,nan,6635.0,93387,3099052250.0,184524,6625.0,18,6620.0,195,nan,0,nan,0,nan,0,nan,0,nan,0,nan,0,nan,0,nan,0
1597988526155496960,1597988526742000128,2020-08-21 13:42:06.742000,6625.0,6675.0,6600.0,6660.0,nan,6635.0,93387,3099052250.0,184524,6625.0,18,6620.0,196,nan,0,nan,0,nan,0,nan,0,nan,0,nan,0,nan,0,nan,0
1597988529167801088,1597988529732000000,2020-08-21 13:42:09.732000,6625.0,6675.0,6600.0,6660.0,nan,6635.0,93387,3099052250.0,184524,6625.0,19,6620.0,196,nan,0,nan,0,nan,0,nan,0,nan,0,nan,0,nan,0,nan,0
1597988529639865088,1597988530237999872,2020-08-21 13:42:10.238000,6625.0,6675.0,6600.0,6660.0,nan,6635.0,93432,3100542875.0,184522,6625.0,25,6620.0,204,nan,0,nan,0,nan,0,nan,0,nan,0,nan,0,nan,0,nan,0
1597988530177632000,1597988530744000000,2020-08-21 13:42:10.744000,6625.0,6675.0,6600.0,6660.0,nan,6635.0,93433,3100576000.0,184522,6625.0,25,6620.0,211,nan,0,nan,0,nan,0,nan,0,nan,0,nan,0,nan,0,nan,0
1597988533140478976,1597988533721999872,2020-08-21 13:42:13.722000,6625.0,6675.0,6600.0,6660.0,nan,6635.0,93434,3100609125.0,184522,6625.0,24,6620.0,211,nan,0,nan,0,nan,0,nan,0,nan,0,nan,0,nan,0,nan,0
1597988534140776960,1597988534740999936,2020-08-21 13:42:14.741000,6625.0,6675.0,6600.0,6660.0,nan,6635.0,93451,3101172250.0,184506,6625.0,7,6620.0,211,nan,0,nan,0,nan,0,nan,0,nan,0,nan,0,nan,0,nan,0
1597988534634982912,1597988535201999872,2020-08-21 13:42:15.202000,6620.0,6675.0,6600.0,6660.0,nan,6635.0,93453,3101238450.0,184506,6625.0,7,6620.0,216,nan,0,nan,0,nan,0,nan,0,nan,0,nan,0,nan,0,nan,0
1597988538162539008,1597988538732999936,2020-08-21 13:42:18.733000,6620.0,6675.0,6600.0,6660.0,nan,6635.0,93453,3101238450.0,184506,6625.0,7,6620.0,217,nan,0,nan,0,nan,0,nan,0,nan,0,nan,0,nan,0,nan,0
1597988543145646080,1597988543746000128,2020-08-21 13:42:23.746000,6620.0,6675.0,6600.0,6660.0,nan,6635.0,93453,3101238450.0,184506,6625.0,7,6620.0,226,nan,0,nan,0,nan,0,nan,0,nan,0,nan,0,nan,0,nan,0
1597988543659571968,1597988544243000064,2020-08-21 13:42:24.243000,6620.0,6675.0,6600.0,6660.0,nan,6635.0,93453,3101238450.0,184506,6625.0,7,6620.0,225,nan,0,nan,0,nan,0,nan,0,nan,0,nan,0,nan,0,nan,0
1597988544171834112,1597988544724000000,2020-08-21 13:42:24.724000,6620.0,6675.0,6600.0,6660.0,nan,6635.0,93453,3101238450.0,184506,6625.0,8,6620.0,225,nan,0,nan,0,nan,0,nan,0,nan,0,nan,0,nan,0,nan,0
1597988544636815872,1597988545228000000,2020-08-21 13:42:25.228000,6620.0,6675.0,6600.0,6660.0,nan,6635.0,93455,3101304650.0,184506,6625.0,28,6620.0,223,nan,0,nan,0,nan,0,nan,0,nan,0,nan,0,nan,0,nan,0
1597988545174379008,1597988545746000128,2020-08-21 13:42:25.746000,6620.0,6675.0,6600.0,6660.0,nan,6635.0,93455,3101304650.0,184506,6625.0,29,6620.0,220,nan,0,nan,0,nan,0,nan,0,nan,0,nan,0,nan,0,nan,0
1597988545650710016,1597988546237999872,2020-08-21 13:42:26.238000,6625.0,6675.0,6600.0,6660.0,nan,6635.0,93456,3101337775.0,184506,6625.0,28,6620.0,214,nan,0,nan,0,nan,0,nan,0,nan,0,nan,0,nan,0,nan,0
1597988549685421056,1597988550244999936,2020-08-21 13:42:30.245000,6625.0,6675.0,6600.0,6660.0,nan,6635.0,93456,3101337775.0,184506,6625.0,35,6620.0,214,nan,0,nan,0,nan,0,nan,0,nan,0,nan,0,nan,0,nan,0
1597988550259665920,1597988550744999936,2020-08-21 13:42:30.745000,6625.0,6675.0,6600.0,6660.0,nan,6635.0,93456,3101337775.0,184506,6625.0,79,6620.0,214,nan,0,nan,0,nan,0,nan,0,nan,0,nan,0,nan,0,nan,0
1597988551679422976,1597988552244999936,2020-08-21 13:42:32.245000,6625.0,6675.0,6600.0,6660.0,nan,6635.0,93456,3101337775.0,184506,6625.0,94,6620.0,214,nan,0,nan,0,nan,0,nan,0,nan,0,nan,0,nan,0,nan,0
1597988552215353088,1597988552744000000,2020-08-21 13:42:32.744000,6625.0,6675.0,6600.0,6660.0,nan,6635.0,93456,3101337775.0,184506,6625.0,99,6620.0,214,nan,0,nan,0,nan,0,nan,0,nan,0,nan,0,nan,0,nan,0
1597988552684186112,1597988553237999872,2020-08-21 13:42:33.238000,6625.0,6675.0,6600.0,6660.0,nan,6635.0,93456,3101337775.0,184506,6625.0,105,6620.0,214,nan,0,nan,0,nan,0,nan,0,nan,0,nan,0,nan,0,nan,0
1597988553659382016,1597988554246000128,2020-08-21 13:42:34.246000,6625.0,6675.0,6600.0,6660.0,nan,6635.0,93456,3101337775.0,184506,6625.0,105,6620.0,215,nan,0,nan,0,nan,0,nan,0,nan,0,nan,0,nan,0,nan,0
1597988557691904000,1597988558232000000,2020-08-21 13:42:38.232000,6620.0,6675.0,6600.0,6660.0,nan,6635.0,93457,3101370875.0,184505,6625.0,105,6620.0,214,nan,0,nan,0,nan,0,nan,0,nan,0,nan,0,nan,0,nan,0
1597988558218087936,1597988558728000000,2020-08-21 13:42:38.728000,6620.0,6675.0,6600.0,6660.0,nan,6635.0,93459,3101437075.0,184505,6625.0,109,6620.0,212,nan,0,nan,0,nan,0,nan,0,nan,0,nan,0,nan,0,nan,0
1597988559210896896,1597988559744999936,2020-08-21 13:42:39.745000,6620.0,6675.0,6600.0,6660.0,nan,6635.0,93468,3101734975.0,184511,6625.0,109,6620.0,203,nan,0,nan,0,nan,0,nan,0,nan,0,nan,0,nan,0,nan,0
1597988559687986944,1597988560234999808,2020-08-21 13:42:40.235000,6620.0,6675.0,6600.0,6660.0,nan,6635.0,93468,3101734975.0,184511,6625.0,112,6620.0,201,nan,0,nan,0,nan,0,nan,0,nan,0,nan,0,nan,0,nan,0
1597988561198284032,1597988561744999936,2020-08-21 13:42:41.745000,6620.0,6675.0,6600.0,6660.0,nan,6635.0,93468,3101734975.0,184511,6625.0,115,6620.0,201,nan,0,nan,0,nan,0,nan,0,nan,0,nan,0,nan,0,nan,0
1597988561653806080,1597988562228000000,2020-08-21 13:42:42.228000,6620.0,6675.0,6600.0,6660.0,nan,6635.0,93468,3101734975.0,184511,6625.0,116,6620.0,201,nan,0,nan,0,nan,0,nan,0,nan,0,nan,0,nan,0,nan,0
1597988562171397120,1597988562726000128,2020-08-21 13:42:42.726000,6620.0,6675.0,6600.0,6660.0,nan,6635.0,93468,3101734975.0,184511,6625.0,119,6620.0,201,nan,0,nan,0,nan,0,nan,0,nan,0,nan,0,nan,0,nan,0
1597988563134482944,1597988563742000128,2020-08-21 13:42:43.742000,6625.0,6675.0,6600.0,6660.0,nan,6635.0,93469,3101768100.0,184510,6625.0,119,6620.0,202,nan,0,nan,0,nan,0,nan,0,nan,0,nan,0,nan,0,nan,0
1597988565179571968,1597988565731000064,2020-08-21 13:42:45.731000,6625.0,6675.0,6600.0,6660.0,nan,6635.0,93470,3101801225.0,184510,6625.0,118,6620.0,202,nan,0,nan,0,nan,0,nan,0,nan,0,nan,0,nan,0,nan,0
1597988565671123968,1597988566239000064,2020-08-21 13:42:46.239000,6625.0,6675.0,6600.0,6660.0,nan,6635.0,93470,3101801225.0,184510,6625.0,124,6620.0,202,nan,0,nan,0,nan,0,nan,0,nan,0,nan,0,nan,0,nan,0
1597988566171911936,1597988566739000064,2020-08-21 13:42:46.739000,6625.0,6675.0,6600.0,6660.0,nan,6635.0,93471,3101834350.0,184510,6625.0,123,6620.0,202,nan,0,nan,0,nan,0,nan,0,nan,0,nan,0,nan,0,nan,0
1597988567645524992,1597988568239000064,2020-08-21 13:42:48.239000,6625.0,6675.0,6600.0,6660.0,nan,6635.0,93471,3101834350.0,184510,6625.0,123,6620.0,203,nan,0,nan,0,nan,0,nan,0,nan,0,nan,0,nan,0,nan,0
1597988568157414912,1597988568731000064,2020-08-21 13:42:48.731000,6620.0,6675.0,6600.0,6660.0,nan,6635.0,93473,3101900550.0,184512,6625.0,126,6620.0,201,nan,0,nan,0,nan,0,nan,0,nan,0,nan,0,nan,0,nan,0
1597988569147070976,1597988569742000128,2020-08-21 13:42:49.742000,6620.0,6675.0,6600.0,6660.0,nan,6635.0,93475,3101966750.0,184514,6625.0,125,6620.0,199,nan,0,nan,0,nan,0,nan,0,nan,0,nan,0,nan,0,nan,0
1597988572148284928,1597988572732999936,2020-08-21 13:42:52.733000,6620.0,6675.0,6600.0,6660.0,nan,6635.0,93475,3101966750.0,184514,6625.0,125,6620.0,200,nan,0,nan,0,nan,0,nan,0,nan,0,nan,0,nan,0,nan,0
1597988573651802880,1597988574236000000,2020-08-21 13:42:54.236000,6620.0,6675.0,6600.0,6660.0,nan,6635.0,93475,3101966750.0,184514,6625.0,126,6620.0,200,nan,0,nan,0,nan,0,nan,0,nan,0,nan,0,nan,0,nan,0
1597988574171269888,1597988574739000064,2020-08-21 13:42:54.739000,6625.0,6675.0,6600.0,6660.0,nan,6635.0,93476,3101999875.0,184514,6625.0,125,6620.0,200,nan,0,nan,0,nan,0,nan,0,nan,0,nan,0,nan,0,nan,0
1597988576161056000,1597988576740000000,2020-08-21 13:42:56.740000,6625.0,6675.0,6600.0,6660.0,nan,6635.0,93476,3101999875.0,184514,6625.0,125,6620.0,199,nan,0,nan,0,nan,0,nan,0,nan,0,nan,0,nan,0,nan,0
1597988576645876992,1597988577236999936,2020-08-21 13:42:57.237000,6625.0,6675.0,6600.0,6660.0,nan,6635.0,93476,3101999875.0,184514,6625.0,119,6620.0,199,nan,0,nan,0,nan,0,nan,0,nan,0,nan,0,nan,0,nan,0
1597988577177469952,1597988577732999936,2020-08-21 13:42:57.733000,6625.0,6675.0,6600.0,6660.0,nan,6635.0,93476,3101999875.0,184514,6625.0,117,6620.0,199,nan,0,nan,0,nan,0,nan,0,nan,0,nan,0,nan,0,nan,0
1597988577640295936,1597988578246000128,2020-08-21 13:42:58.246000,6625.0,6675.0,6600.0,6660.0,nan,6635.0,93476,3101999875.0,184514,6625.0,123,6620.0,199,nan,0,nan,0,nan,0,nan,0,nan,0,nan,0,nan,0,nan,0
1597988578145025024,1597988578742000128,2020-08-21 13:42:58.742000,6625.0,6675.0,6600.0,6660.0,nan,6635.0,93476,3101999875.0,184514,6625.0,124,6620.0,199,nan,0,nan,0,nan,0,nan,0,nan,0,nan,0,nan,0,nan,0
1597988583234370048,1597988583737999872,2020-08-21 13:43:03.738000,6625.0,6675.0,6600.0,6660.0,nan,6635.0,93477,3102033000.0,184514,6625.0,113,6620.0,200,nan,0,nan,0,nan,0,nan,0,nan,0,nan,0,nan,0,nan,0
1597988583645007104,1597988584243000064,2020-08-21 13:43:04.243000,6625.0,6675.0,6600.0,6660.0,nan,6635.0,93477,3102033000.0,184514,6625.0,112,6620.0,201,nan,0,nan,0,nan,0,nan,0,nan,0,nan,0,nan,0,nan,0
1597988584152115968,1597988584744000000,2020-08-21 13:43:04.744000,6625.0,6675.0,6600.0,6660.0,nan,6635.0,93477,3102033000.0,184514,6625.0,112,6620.0,203,nan,0,nan,0,nan,0,nan,0,nan,0,nan,0,nan,0,nan,0
1597988586639675904,1597988587220999936,2020-08-21 13:43:07.221000,6625.0,6675.0,6600.0,6660.0,nan,6635.0,93477,3102033000.0,184514,6625.0,112,6620.0,207,nan,0,nan,0,nan,0,nan,0,nan,0,nan,0,nan,0,nan,0
1597988587146405888,1597988587706000128,2020-08-21 13:43:07.706000,6625.0,6675.0,6600.0,6660.0,nan,6635.0,93477,3102033000.0,184514,6625.0,103,6620.0,207,nan,0,nan,0,nan,0,nan,0,nan,0,nan,0,nan,0,nan,0
1597988587674483968,1597988588224999936,2020-08-21 13:43:08.225000,6625.0,6675.0,6600.0,6660.0,nan,6635.0,93477,3102033000.0,184514,6625.0,97,6620.0,207,nan,0,nan,0,nan,0,nan,0,nan,0,nan,0,nan,0,nan,0
1597988588192898048,1597988588731000064,2020-08-21 13:43:08.731000,6625.0,6675.0,6600.0,6660.0,nan,6635.0,93477,3102033000.0,184514,6625.0,103,6620.0,207,nan,0,nan,0,nan,0,nan,0,nan,0,nan,0,nan,0,nan,0
1597988590172795904,1597988590737999872,2020-08-21 13:43:10.738000,6625.0,6675.0,6600.0,6660.0,nan,6635.0,93477,3102033000.0,184514,6625.0,104,6620.0,207,nan,0,nan,0,nan,0,nan,0,nan,0,nan,0,nan,0,nan,0
1597988591161509120,1597988591742000128,2020-08-21 13:43:11.742000,6625.0,6675.0,6600.0,6660.0,nan,6635.0,93477,3102033000.0,184514,6625.0,104,6620.0,208,nan,0,nan,0,nan,0,nan,0,nan,0,nan,0,nan,0,nan,0
1597988592236481024,1597988592736000000,2020-08-21 13:43:12.736000,6625.0,6675.0,6600.0,6660.0,nan,6635.0,93478,3102066125.0,184514,6625.0,103,6620.0,208,nan,0,nan,0,nan,0,nan,0,nan,0,nan,0,nan,0,nan,0
1597988594676858880,1597988595246000128,2020-08-21 13:43:15.246000,6625.0,6675.0,6600.0,6660.0,nan,6635.0,93478,3102066125.0,184514,6625.0,103,6620.0,223,nan,0,nan,0,nan,0,nan,0,nan,0,nan,0,nan,0,nan,0
1597988601147174912,1597988601744000000,2020-08-21 13:43:21.744000,6625.0,6675.0,6600.0,6660.0,nan,6635.0,93479,3102099250.0,184514,6625.0,102,6620.0,223,nan,0,nan,0,nan,0,nan,0,nan,0,nan,0,nan,0,nan,0
1597988601671757056,1597988602244999936,2020-08-21 13:43:22.245000,6625.0,6675.0,6600.0,6660.0,nan,6635.0,93479,3102099250.0,184514,6625.0,96,6620.0,228,nan,0,nan,0,nan,0,nan,0,nan,0,nan,0,nan,0,nan,0
1597988602146722048,1597988602740999936,2020-08-21 13:43:22.741000,6620.0,6675.0,6600.0,6660.0,nan,6635.0,93485,3102297850.0,184520,6625.0,96,6620.0,222,nan,0,nan,0,nan,0,nan,0,nan,0,nan,0,nan,0,nan,0
1597988603191320064,1597988603734999808,2020-08-21 13:43:23.735000,6620.0,6675.0,6600.0,6660.0,nan,6635.0,93485,3102297850.0,184520,6625.0,96,6620.0,223,nan,0,nan,0,nan,0,nan,0,nan,0,nan,0,nan,0,nan,0
1597988605661324032,1597988606246000128,2020-08-21 13:43:26.246000,6620.0,6675.0,6600.0,6660.0,nan,6635.0,93487,3102364050.0,184520,6625.0,96,6620.0,221,nan,0,nan,0,nan,0,nan,0,nan,0,nan,0,nan,0,nan,0
1597988606151994112,1597988606723000064,2020-08-21 13:43:26.723000,6620.0,6675.0,6600.0,6660.0,nan,6635.0,93488,3102397150.0,184520,6625.0,96,6620.0,219,nan,0,nan,0,nan,0,nan,0,nan,0,nan,0,nan,0,nan,0
1597988607643237888,1597988608240999936,2020-08-21 13:43:28.241000,6625.0,6675.0,6600.0,6660.0,nan,6635.0,93489,3102430275.0,184521,6625.0,95,6620.0,219,nan,0,nan,0,nan,0,nan,0,nan,0,nan,0,nan,0,nan,0
1597988610161908992,1597988610737999872,2020-08-21 13:43:30.738000,6625.0,6675.0,6600.0,6660.0,nan,6635.0,93490,3102463400.0,184522,6625.0,94,6620.0,219,nan,0,nan,0,nan,0,nan,0,nan,0,nan,0,nan,0,nan,0
1597988611136734976,1597988611744999936,2020-08-21 13:43:31.745000,6620.0,6675.0,6600.0,6660.0,nan,6635.0,93491,3102496500.0,184522,6625.0,94,6620.0,218,nan,0,nan,0,nan,0,nan,0,nan,0,nan,0,nan,0,nan,0
1597988614193489920,1597988614736000000,2020-08-21 13:43:34.736000,6625.0,6675.0,6600.0,6660.0,nan,6635.0,93493,3102562750.0,184524,6625.0,92,6620.0,218,nan,0,nan,0,nan,0,nan,0,nan,0,nan,0,nan,0,nan,0
1597988616193101056,1597988616740000000,2020-08-21 13:43:36.740000,6625.0,6675.0,6600.0,6660.0,nan,6635.0,93494,3102595875.0,184524,6625.0,51,6620.0,218,nan,0,nan,0,nan,0,nan,0,nan,0,nan,0,nan,0,nan,0
1597988616663354880,1597988617236999936,2020-08-21 13:43:37.237000,6625.0,6675.0,6600.0,6660.0,nan,6635.0,93494,3102595875.0,184524,6625.0,49,6620.0,218,nan,0,nan,0,nan,0,nan,0,nan,0,nan,0,nan,0,nan,0
1597988618168272896,1597988618742000128,2020-08-21 13:43:38.742000,6625.0,6675.0,6600.0,6660.0,nan,6635.0,93495,3102629000.0,184525,6625.0,48,6620.0,218,nan,0,nan,0,nan,0,nan,0,nan,0,nan,0,nan,0,nan,0
1597988619173756928,1597988619743000064,2020-08-21 13:43:39.743000,6620.0,6675.0,6600.0,6660.0,nan,6635.0,93497,3102695225.0,184527,6625.0,47,6620.0,217,nan,0,nan,0,nan,0,nan,0,nan,0,nan,0,nan,0,nan,0
1597988628178544128,1597988628746000128,2020-08-21 13:43:48.746000,6625.0,6675.0,6600.0,6660.0,nan,6635.0,93498,3102728350.0,184528,6625.0,46,6620.0,217,nan,0,nan,0,nan,0,nan,0,nan,0,nan,0,nan,0,nan,0
1597988628641000960,1597988629224000000,2020-08-21 13:43:49.224000,6625.0,6675.0,6600.0,6660.0,nan,6635.0,93498,3102728350.0,184528,6625.0,47,6620.0,217,nan,0,nan,0,nan,0,nan,0,nan,0,nan,0,nan,0,nan,0
1597988636636229120,1597988637246000128,2020-08-21 13:43:57.246000,6625.0,6675.0,6600.0,6660.0,nan,6635.0,93498,3102728350.0,184528,6625.0,49,6620.0,217,nan,0,nan,0,nan,0,nan,0,nan,0,nan,0,nan,0,nan,0
1597988637157093120,1597988637698999808,2020-08-21 13:43:57.699000,6625.0,6675.0,6600.0,6660.0,nan,6635.0,93498,3102728350.0,184528,6625.0,50,6620.0,218,nan,0,nan,0,nan,0,nan,0,nan,0,nan,0,nan,0,nan,0
1597988637631503872,1597988638200000000,2020-08-21 13:43:58.200000,6625.0,6675.0,6600.0,6660.0,nan,6635.0,93498,3102728350.0,184528,6625.0,51,6620.0,218,nan,0,nan,0,nan,0,nan,0,nan,0,nan,0,nan,0,nan,0
1597988638136633088,1597988638739000064,2020-08-21 13:43:58.739000,6625.0,6675.0,6600.0,6660.0,nan,6635.0,93498,3102728350.0,184528,6625.0,53,6620.0,218,nan,0,nan,0,nan,0,nan,0,nan,0,nan,0,nan,0,nan,0
1597988639161085952,1597988639742000128,2020-08-21 13:43:59.742000,6625.0,6675.0,6600.0,6660.0,nan,6635.0,93508,3103059600.0,184538,6625.0,43,6620.0,218,nan,0,nan,0,nan,0,nan,0,nan,0,nan,0,nan,0,nan,0
1597988639758817024,1597988640244000000,2020-08-21 13:44:00.244000,6625.0,6675.0,6600.0,6660.0,nan,6635.0,93508,3103059600.0,184538,6625.0,62,6620.0,218,nan,0,nan,0,nan,0,nan,0,nan,0,nan,0,nan,0,nan,0
1597988640149371904,1597988640743000064,2020-08-21 13:44:00.743000,6625.0,6675.0,6600.0,6660.0,nan,6635.0,93508,3103059600.0,184538,6625.0,67,6620.0,218,nan,0,nan,0,nan,0,nan,0,nan,0,nan,0,nan,0,nan,0
1597988640637676032,1597988641227000064,2020-08-21 13:44:01.227000,6625.0,6675.0,6600.0,6660.0,nan,6635.0,93508,3103059600.0,184538,6625.0,68,6620.0,218,nan,0,nan,0,nan,0,nan,0,nan,0,nan,0,nan,0,nan,0
1597988641643343872,1597988642247000064,2020-08-21 13:44:02.247000,6625.0,6675.0,6600.0,6660.0,nan,6635.0,93508,3103059600.0,184538,6625.0,68,6620.0,219,nan,0,nan,0,nan,0,nan,0,nan,0,nan,0,nan,0,nan,0
1597988645160077056,1597988645736999936,2020-08-21 13:44:05.737000,6625.0,6675.0,6600.0,6660.0,nan,6635.0,93508,3103059600.0,184538,6625.0,69,6620.0,219,nan,0,nan,0,nan,0,nan,0,nan,0,nan,0,nan,0,nan,0
1597988649179788032,1597988649742000128,2020-08-21 13:44:09.742000,6625.0,6675.0,6600.0,6660.0,nan,6635.0,93509,3103092725.0,184539,6625.0,68,6620.0,219,nan,0,nan,0,nan,0,nan,0,nan,0,nan,0,nan,0,nan,0
1597988652179194880,1597988652742000128,2020-08-21 13:44:12.742000,6625.0,6675.0,6600.0,6660.0,nan,6635.0,93510,3103125850.0,184539,6625.0,67,6620.0,219,nan,0,nan,0,nan,0,nan,0,nan,0,nan,0,nan,0,nan,0
1597988652671585024,1597988653244000000,2020-08-21 13:44:13.244000,6625.0,6675.0,6600.0,6660.0,nan,6635.0,93510,3103125850.0,184539,6625.0,67,6620.0,220,nan,0,nan,0,nan,0,nan,0,nan,0,nan,0,nan,0,nan,0
1597988653169262080,1597988653746000128,2020-08-21 13:44:13.746000,6625.0,6675.0,6600.0,6660.0,nan,6635.0,93510,3103125850.0,184539,6625.0,66,6620.0,220,nan,0,nan,0,nan,0,nan,0,nan,0,nan,0,nan,0,nan,0
1597988670178219008,1597988670747000064,2020-08-21 13:44:30.747000,6625.0,6675.0,6600.0,6660.0,nan,6635.0,93515,3103291475.0,184542,6625.0,62,6620.0,220,nan,0,nan,0,nan,0,nan,0,nan,0,nan,0,nan,0,nan,0
1597988670641944064,1597988671248000000,2020-08-21 13:44:31.248000,6625.0,6675.0,6600.0,6660.0,nan,6635.0,93515,3103291475.0,184542,6625.0,63,6620.0,226,nan,0,nan,0,nan,0,nan,0,nan,0,nan,0,nan,0,nan,0
1597988671140137984,1597988671743000064,2020-08-21 13:44:31.743000,6625.0,6675.0,6600.0,6660.0,nan,6635.0,93522,3103523200.0,184543,6625.0,62,6620.0,221,nan,0,nan,0,nan,0,nan,0,nan,0,nan,0,nan,0,nan,0
1597988671642821888,1597988672236999936,2020-08-21 13:44:32.237000,6625.0,6675.0,6600.0,6660.0,nan,6635.0,93527,3103688825.0,184548,6625.0,57,6620.0,221,nan,0,nan,0,nan,0,nan,0,nan,0,nan,0,nan,0,nan,0
1597988673156242944,1597988673737999872,2020-08-21 13:44:33.738000,6625.0,6675.0,6600.0,6660.0,nan,6635.0,93528,3103721950.0,184549,6625.0,56,6620.0,221,nan,0,nan,0,nan,0,nan,0,nan,0,nan,0,nan,0,nan,0
1597988673633317120,1597988674248000000,2020-08-21 13:44:34.248000,6625.0,6675.0,6600.0,6660.0,nan,6635.0,93533,3103887575.0,184554,6625.0,51,6620.0,221,nan,0,nan,0,nan,0,nan,0,nan,0,nan,0,nan,0,nan,0
1597988674637251072,1597988675220999936,2020-08-21 13:44:35.221000,6625.0,6675.0,6600.0,6660.0,nan,6635.0,93534,3103920700.0,184555,6625.0,50,6620.0,221,nan,0,nan,0,nan,0,nan,0,nan,0,nan,0,nan,0,nan,0
1597988676150162944,1597988676719000064,2020-08-21 13:44:36.719000,6625.0,6675.0,6600.0,6660.0,nan,6635.0,93534,3103920700.0,184555,6625.0,50,6620.0,226,nan,0,nan,0,nan,0,nan,0,nan,0,nan,0,nan,0,nan,0
1597988676629859072,1597988677229000192,2020-08-21 13:44:37.229000,6625.0,6675.0,6600.0,6660.0,nan,6635.0,93541,3104152575.0,184555,6625.0,45,6620.0,226,nan,0,nan,0,nan,0,nan,0,nan,0,nan,0,nan,0,nan,0
1597988677141249024,1597988677744000000,2020-08-21 13:44:37.744000,6625.0,6675.0,6600.0,6660.0,nan,6635.0,93541,3104152575.0,184555,6625.0,43,6620.0,226,nan,0,nan,0,nan,0,nan,0,nan,0,nan,0,nan,0,nan,0
1597988680631692032,1597988681217999872,2020-08-21 13:44:41.218000,6620.0,6675.0,6600.0,6660.0,nan,6635.0,93547,3104351175.0,184561,6625.0,43,6620.0,228,nan,0,nan,0,nan,0,nan,0,nan,0,nan,0,nan,0,nan,0
1597988681637794048,1597988682232000000,2020-08-21 13:44:42.232000,6625.0,6675.0,6600.0,6660.0,nan,6635.0,93548,3104384300.0,184561,6625.0,42,6620.0,228,nan,0,nan,0,nan,0,nan,0,nan,0,nan,0,nan,0,nan,0
1597988683637367040,1597988684247000064,2020-08-21 13:44:44.247000,6625.0,6675.0,6600.0,6660.0,nan,6635.0,93556,3104649300.0,184567,6625.0,34,6620.0,228,nan,0,nan,0,nan,0,nan,0,nan,0,nan,0,nan,0,nan,0
1597988684143587072,1597988684729000192,2020-08-21 13:44:44.729000,6625.0,6675.0,6600.0,6660.0,nan,6635.0,93556,3104649300.0,184567,6625.0,39,6620.0,231,nan,0,nan,0,nan,0,nan,0,nan,0,nan,0,nan,0,nan,0
1597988685167354880,1597988685744999936,2020-08-21 13:44:45.745000,6625.0,6675.0,6600.0,6660.0,nan,6635.0,93556,3104649300.0,184567,6625.0,39,6620.0,232,nan,0,nan,0,nan,0,nan,0,nan,0,nan,0,nan,0,nan,0
1597988688190329088,1597988688740000000,2020-08-21 13:44:48.740000,6625.0,6675.0,6600.0,6660.0,nan,6635.0,93556,3104649300.0,184567,6625.0,40,6620.0,232,nan,0,nan,0,nan,0,nan,0,nan,0,nan,0,nan,0,nan,0
1597988688644120064,1597988689237999872,2020-08-21 13:44:49.238000,6625.0,6675.0,6600.0,6660.0,nan,6635.0,93557,3104682425.0,184567,6625.0,39,6620.0,232,nan,0,nan,0,nan,0,nan,0,nan,0,nan,0,nan,0,nan,0
1597988690644387072,1597988691242000128,2020-08-21 13:44:51.242000,6625.0,6675.0,6600.0,6660.0,nan,6635.0,93558,3104715550.0,184567,6625.0,38,6620.0,232,nan,0,nan,0,nan,0,nan,0,nan,0,nan,0,nan,0,nan,0
1597988691637214976,1597988692227000064,2020-08-21 13:44:52.227000,6625.0,6675.0,6600.0,6660.0,nan,6635.0,93560,3104781800.0,184567,6625.0,36,6620.0,232,nan,0,nan,0,nan,0,nan,0,nan,0,nan,0,nan,0,nan,0
1597988692143284992,1597988692732999936,2020-08-21 13:44:52.733000,6625.0,6675.0,6600.0,6660.0,nan,6635.0,93561,3104814925.0,184567,6625.0,35,6620.0,232,nan,0,nan,0,nan,0,nan,0,nan,0,nan,0,nan,0,nan,0
1597988692644846080,1597988693210000128,2020-08-21 13:44:53.210000,6625.0,6675.0,6600.0,6660.0,nan,6635.0,93565,3104947425.0,184567,6625.0,31,6620.0,232,nan,0,nan,0,nan,0,nan,0,nan,0,nan,0,nan,0,nan,0
1597988693146925056,1597988693726000128,2020-08-21 13:44:53.726000,6625.0,6675.0,6600.0,6660.0,nan,6635.0,93565,3104947425.0,184567,6625.0,45,6620.0,233,nan,0,nan,0,nan,0,nan,0,nan,0,nan,0,nan,0,nan,0
1597988693644753920,1597988694240999936,2020-08-21 13:44:54.241000,6625.0,6675.0,6600.0,6660.0,nan,6635.0,93565,3104947425.0,184567,6625.0,46,6620.0,233,nan,0,nan,0,nan,0,nan,0,nan,0,nan,0,nan,0,nan,0
1597988694215183872,1597988694744000000,2020-08-21 13:44:54.744000,6625.0,6675.0,6600.0,6660.0,nan,6635.0,93575,3105278675.0,184567,6625.0,37,6620.0,233,nan,0,nan,0,nan,0,nan,0,nan,0,nan,0,nan,0,nan,0
1597988695138664960,1597988695720000000,2020-08-21 13:44:55.720000,6625.0,6675.0,6600.0,6660.0,nan,6635.0,93575,3105278675.0,184567,6625.0,36,6620.0,233,nan,0,nan,0,nan,0,nan,0,nan,0,nan,0,nan,0,nan,0
1597988695655021056,1597988696248000000,2020-08-21 13:44:56.248000,6625.0,6675.0,6600.0,6660.0,nan,6635.0,93578,3105378050.0,184567,6625.0,33,6620.0,233,nan,0,nan,0,nan,0,nan,0,nan,0,nan,0,nan,0,nan,0
1597988697634705920,1597988698228000000,2020-08-21 13:44:58.228000,6625.0,6675.0,6600.0,6660.0,nan,6635.0,93611,3106471175.0,184592,6630.0,296,6625.0,25,nan,0,nan,0,nan,0,nan,0,nan,0,nan,0,nan,0,nan,0
1597988698140672000,1597988698732999936,2020-08-21 13:44:58.733000,6625.0,6675.0,6600.0,6660.0,nan,6635.0,93640,3107431800.0,184590,6625.0,13,6620.0,241,nan,0,nan,0,nan,0,nan,0,nan,0,nan,0,nan,0,nan,0
1597988698649673984,1597988699242000128,2020-08-21 13:44:59.242000,6625.0,6675.0,6600.0,6660.0,nan,6635.0,93640,3107431800.0,184590,6625.0,13,6620.0,237,nan,0,nan,0,nan,0,nan,0,nan,0,nan,0,nan,0,nan,0
1597988699185713920,1597988699744000000,2020-08-21 13:44:59.744000,6625.0,6675.0,6600.0,6660.0,nan,6635.0,93642,3107498050.0,184590,6625.0,11,6620.0,238,nan,0,nan,0,nan,0,nan,0,nan,0,nan,0,nan,0,nan,0
1597988700187333888,1597988700744999936,2020-08-21 13:45:00.745000,6625.0,6675.0,6600.0,6660.0,nan,6635.0,93642,3107498050.0,184590,6625.0,26,6620.0,238,nan,0,nan,0,nan,0,nan,0,nan,0,nan,0,nan,0,nan,0
1597988700685314048,1597988701244999936,2020-08-21 13:45:01.245000,6625.0,6675.0,6600.0,6660.0,nan,6635.0,93643,3107531175.0,184590,6625.0,33,6620.0,238,nan,0,nan,0,nan,0,nan,0,nan,0,nan,0,nan,0,nan,0
1597988702645595904,1597988703240999936,2020-08-21 13:45:03.241000,6625.0,6675.0,6600.0,6660.0,nan,6635.0,93650,3107763050.0,184590,6625.0,26,6620.0,238,nan,0,nan,0,nan,0,nan,0,nan,0,nan,0,nan,0,nan,0
1597988704185433088,1597988704744999936,2020-08-21 13:45:04.745000,6620.0,6675.0,6600.0,6660.0,nan,6635.0,93670,3108425050.0,184585,6625.0,26,6620.0,218,nan,0,nan,0,nan,0,nan,0,nan,0,nan,0,nan,0,nan,0
1597988704649296896,1597988705226000128,2020-08-21 13:45:05.226000,6620.0,6675.0,6600.0,6660.0,nan,6635.0,93670,3108425050.0,184585,6625.0,39,6620.0,269,nan,0,nan,0,nan,0,nan,0,nan,0,nan,0,nan,0,nan,0
1597988706636109056,1597988707237999872,2020-08-21 13:45:07.238000,6625.0,6675.0,6600.0,6660.0,nan,6635.0,93671,3108458175.0,184584,6625.0,38,6620.0,269,nan,0,nan,0,nan,0,nan,0,nan,0,nan,0,nan,0,nan,0
1597988707135727104,1597988707730000128,2020-08-21 13:45:07.730000,6625.0,6675.0,6600.0,6660.0,nan,6635.0,93671,3108458175.0,184584,6625.0,40,6620.0,269,nan,0,nan,0,nan,0,nan,0,nan,0,nan,0,nan,0,nan,0
1597988709639888896,1597988710236999936,2020-08-21 13:45:10.237000,6625.0,6675.0,6600.0,6660.0,nan,6635.0,93671,3108458175.0,184584,6625.0,40,6620.0,272,nan,0,nan,0,nan,0,nan,0,nan,0,nan,0,nan,0,nan,0
1597988710142113024,1597988710736000000,2020-08-21 13:45:10.736000,6625.0,6675.0,6600.0,6660.0,nan,6635.0,93699,3109385675.0,184573,6625.0,14,6620.0,272,nan,0,nan,0,nan,0,nan,0,nan,0,nan,0,nan,0,nan,0
1597988710648154112,1597988711243000064,2020-08-21 13:45:11.243000,6625.0,6675.0,6600.0,6660.0,nan,6635.0,93743,3110843175.0,184576,6625.0,25,6620.0,286,nan,0,nan,0,nan,0,nan,0,nan,0,nan,0,nan,0,nan,0
1597988711178375936,1597988711737999872,2020-08-21 13:45:11.738000,6625.0,6675.0,6600.0,6660.0,nan,6635.0,93761,3111439425.0,184558,6625.0,11,6620.0,292,nan,0,nan,0,nan,0,nan,0,nan,0,nan,0,nan,0,nan,0
1597988711646244096,1597988712219000064,2020-08-21 13:45:12.219000,6625.0,6675.0,6600.0,6660.0,nan,6635.0,93772,3111803800.0,184560,6630.0,328,6625.0,43,nan,0,nan,0,nan,0,nan,0,nan,0,nan,0,nan,0,nan,0
1597988712186494976,1597988712732999936,2020-08-21 13:45:12.733000,6625.0,6675.0,6600.0,6660.0,nan,6635.0,93778,3112002550.0,184566,6630.0,329,6625.0,52,nan,0,nan,0,nan,0,nan,0,nan,0,nan,0,nan,0,nan,0
1597988713163670016,1597988713739000064,2020-08-21 13:45:13.739000,6625.0,6675.0,6600.0,6660.0,nan,6635.0,93778,3112002550.0,184566,6630.0,329,6625.0,55,nan,0,nan,0,nan,0,nan,0,nan,0,nan,0,nan,0,nan,0
1597988717151290112,1597988717748000000,2020-08-21 13:45:17.748000,6625.0,6675.0,6600.0,6660.0,nan,6635.0,93778,3112002550.0,184566,6630.0,329,6625.0,65,nan,0,nan,0,nan,0,nan,0,nan,0,nan,0,nan,0,nan,0
1597988718154420992,1597988718744000000,2020-08-21 13:45:18.744000,6625.0,6675.0,6600.0,6660.0,nan,6635.0,93778,3112002550.0,184566,6630.0,330,6625.0,65,nan,0,nan,0,nan,0,nan,0,nan,0,nan,0,nan,0,nan,0
1597988719641225984,1597988720223000064,2020-08-21 13:45:20.223000,6625.0,6675.0,6600.0,6660.0,nan,6635.0,93778,3112002550.0,184566,6630.0,330,6625.0,71,nan,0,nan,0,nan,0,nan,0,nan,0,nan,0,nan,0,nan,0
1597988720148698112,1597988720748000000,2020-08-21 13:45:20.748000,6625.0,6675.0,6600.0,6660.0,nan,6635.0,93778,3112002550.0,184566,6630.0,330,6625.0,72,nan,0,nan,0,nan,0,nan,0,nan,0,nan,0,nan,0,nan,0
1597988722655630080,1597988723239000064,2020-08-21 13:45:23.239000,6625.0,6675.0,6600.0,6660.0,nan,6635.0,93778,3112002550.0,184566,6630.0,330,6625.0,73,nan,0,nan,0,nan,0,nan,0,nan,0,nan,0,nan,0,nan,0
1597988723155155968,1597988723748000000,2020-08-21 13:45:23.748000,6625.0,6675.0,6600.0,6660.0,nan,6635.0,93781,3112101925.0,184569,6630.0,330,6625.0,74,nan,0,nan,0,nan,0,nan,0,nan,0,nan,0,nan,0,nan,0
1597988723678327040,1597988724239000064,2020-08-21 13:45:24.239000,6630.0,6675.0,6600.0,6660.0,nan,6635.0,93782,3112135075.0,184570,6630.0,336,6625.0,74,nan,0,nan,0,nan,0,nan,0,nan,0,nan,0,nan,0,nan,0
1597988724148903936,1597988724739000064,2020-08-21 13:45:24.739000,6630.0,6675.0,6600.0,6660.0,nan,6635.0,93805,3112897500.0,184572,6630.0,315,6625.0,102,nan,0,nan,0,nan,0,nan,0,nan,0,nan,0,nan,0,nan,0
1597988724644282112,1597988725246000128,2020-08-21 13:45:25.246000,6630.0,6675.0,6600.0,6660.0,nan,6635.0,93807,3112963800.0,184574,6630.0,313,6625.0,102,nan,0,nan,0,nan,0,nan,0,nan,0,nan,0,nan,0,nan,0
1597988725140505088,1597988725729000192,2020-08-21 13:45:25.729000,6630.0,6675.0,6600.0,6660.0,nan,6635.0,93807,3112963800.0,184574,6630.0,313,6625.0,109,nan,0,nan,0,nan,0,nan,0,nan,0,nan,0,nan,0,nan,0
1597988725646256128,1597988726226000128,2020-08-21 13:45:26.226000,6630.0,6675.0,6600.0,6660.0,nan,6635.0,93807,3112963800.0,184574,6630.0,313,6625.0,126,nan,0,nan,0,nan,0,nan,0,nan,0,nan,0,nan,0,nan,0
1597988726629576960,1597988727237999872,2020-08-21 13:45:27.238000,6630.0,6675.0,6600.0,6660.0,nan,6635.0,93807,3112963800.0,184574,6630.0,313,6625.0,125,nan,0,nan,0,nan,0,nan,0,nan,0,nan,0,nan,0,nan,0
1597988727174950912,1597988727744999936,2020-08-21 13:45:27.745000,6630.0,6675.0,6600.0,6660.0,nan,6635.0,93808,3112996950.0,184574,6630.0,312,6625.0,125,nan,0,nan,0,nan,0,nan,0,nan,0,nan,0,nan,0,nan,0
1597988727650670080,1597988728244000000,2020-08-21 13:45:28.244000,6625.0,6675.0,6600.0,6660.0,nan,6635.0,93810,3113063200.0,184574,6630.0,312,6625.0,124,nan,0,nan,0,nan,0,nan,0,nan,0,nan,0,nan,0,nan,0
1597988729222684928,1597988729740999936,2020-08-21 13:45:29.741000,6625.0,6675.0,6600.0,6660.0,nan,6635.0,93810,3113063200.0,184574,6630.0,313,6625.0,125,nan,0,nan,0,nan,0,nan,0,nan,0,nan,0,nan,0,nan,0
1597988730654694912,1597988731228000000,2020-08-21 13:45:31.228000,6625.0,6675.0,6600.0,6660.0,nan,6635.0,93810,3113063200.0,184574,6630.0,313,6625.0,146,nan,0,nan,0,nan,0,nan,0,nan,0,nan,0,nan,0,nan,0
1597988731639544064,1597988732242000128,2020-08-21 13:45:32.242000,6625.0,6675.0,6600.0,6660.0,nan,6635.0,93810,3113063200.0,184574,6630.0,313,6625.0,147,nan,0,nan,0,nan,0,nan,0,nan,0,nan,0,nan,0,nan,0
1597988732171913984,1597988732746000128,2020-08-21 13:45:32.746000,6625.0,6675.0,6600.0,6660.0,nan,6635.0,93814,3113195700.0,184574,6630.0,313,6625.0,143,nan,0,nan,0,nan,0,nan,0,nan,0,nan,0,nan,0,nan,0
1597988732639584000,1597988733246000128,2020-08-21 13:45:33.246000,6625.0,6675.0,6600.0,6660.0,nan,6635.0,93815,3113228825.0,184575,6630.0,313,6625.0,142,nan,0,nan,0,nan,0,nan,0,nan,0,nan,0,nan,0,nan,0
1597988733657390080,1597988734239000064,2020-08-21 13:45:34.239000,6625.0,6675.0,6600.0,6660.0,nan,6635.0,93815,3113228825.0,184575,6630.0,313,6625.0,144,nan,0,nan,0,nan,0,nan,0,nan,0,nan,0,nan,0,nan,0
1597988734641553920,1597988735246000128,2020-08-21 13:45:35.246000,6625.0,6675.0,6600.0,6660.0,nan,6635.0,93817,3113295075.0,184575,6630.0,313,6625.0,142,nan,0,nan,0,nan,0,nan,0,nan,0,nan,0,nan,0,nan,0
1597988737640468992,1597988738197999872,2020-08-21 13:45:38.198000,6625.0,6675.0,6600.0,6660.0,nan,6635.0,93818,3113328200.0,184575,6630.0,313,6625.0,141,nan,0,nan,0,nan,0,nan,0,nan,0,nan,0,nan,0,nan,0
1597988740131394048,1597988740733999872,2020-08-21 13:45:40.734000,6625.0,6675.0,6600.0,6660.0,nan,6635.0,93818,3113328200.0,184575,6630.0,313,6625.0,142,nan,0,nan,0,nan,0,nan,0,nan,0,nan,0,nan,0,nan,0
1597988741674205952,1597988742224000000,2020-08-21 13:45:42.224000,6625.0,6675.0,6600.0,6660.0,nan,6635.0,93818,3113328200.0,184575,6630.0,313,6625.0,144,nan,0,nan,0,nan,0,nan,0,nan,0,nan,0,nan,0,nan,0
1597988745644133120,1597988746244000000,2020-08-21 13:45:46.244000,6625.0,6675.0,6600.0,6660.0,nan,6635.0,93818,3113328200.0,184575,6630.0,313,6625.0,145,nan,0,nan,0,nan,0,nan,0,nan,0,nan,0,nan,0,nan,0
1597988746172456960,1597988746748000000,2020-08-21 13:45:46.748000,6625.0,6675.0,6600.0,6660.0,nan,6635.0,93820,3113394450.0,184577,6630.0,313,6625.0,143,nan,0,nan,0,nan,0,nan,0,nan,0,nan,0,nan,0,nan,0
1597988748640544000,1597988749247000064,2020-08-21 13:45:49.247000,6625.0,6675.0,6600.0,6660.0,nan,6635.0,93820,3113394450.0,184577,6630.0,309,6625.0,143,nan,0,nan,0,nan,0,nan,0,nan,0,nan,0,nan,0,nan,0
1597988750650672896,1597988751229000192,2020-08-21 13:45:51.229000,6630.0,6675.0,6600.0,6660.0,nan,6635.0,93822,3113460750.0,184577,6630.0,354,6625.0,190,nan,0,nan,0,nan,0,nan,0,nan,0,nan,0,nan,0,nan,0
1597988751157324032,1597988751712000000,2020-08-21 13:45:51.712000,6630.0,6675.0,6600.0,6660.0,nan,6635.0,93822,3113460750.0,184577,6630.0,358,6625.0,190,nan,0,nan,0,nan,0,nan,0,nan,0,nan,0,nan,0,nan,0
1597988752150706944,1597988752748000000,2020-08-21 13:45:52.748000,6625.0,6675.0,6600.0,6660.0,nan,6635.0,93858,3114653250.0,184560,6630.0,335,6625.0,107,nan,0,nan,0,nan,0,nan,0,nan,0,nan,0,nan,0,nan,0
1597988752684342016,1597988753236000000,2020-08-21 13:45:53.236000,6625.0,6675.0,6600.0,6660.0,nan,6635.0,93859,3114686375.0,184560,6630.0,335,6625.0,107,nan,0,nan,0,nan,0,nan,0,nan,0,nan,0,nan,0,nan,0
1597988753240637952,1597988753744999936,2020-08-21 13:45:53.745000,6625.0,6675.0,6600.0,6660.0,nan,6635.0,93859,3114686375.0,184560,6630.0,335,6625.0,109,nan,0,nan,0,nan,0,nan,0,nan,0,nan,0,nan,0,nan,0
1597988753683623936,1597988754243000064,2020-08-21 13:45:54.243000,6625.0,6675.0,6600.0,6660.0,nan,6635.0,93859,3114686375.0,184560,6630.0,335,6625.0,111,nan,0,nan,0,nan,0,nan,0,nan,0,nan,0,nan,0,nan,0
1597988756187181056,1597988756740999936,2020-08-21 13:45:56.741000,6625.0,6675.0,6600.0,6660.0,nan,6635.0,93859,3114686375.0,184560,6630.0,335,6625.0,112,nan,0,nan,0,nan,0,nan,0,nan,0,nan,0,nan,0,nan,0
1597988759230490880,1597988759746000128,2020-08-21 13:45:59.746000,6625.0,6675.0,6600.0,6660.0,nan,6635.0,93859,3114686375.0,184560,6630.0,336,6625.0,112,nan,0,nan,0,nan,0,nan,0,nan,0,nan,0,nan,0,nan,0
1597988760680390912,1597988761232999936,2020-08-21 13:46:01.233000,6625.0,6675.0,6600.0,6660.0,nan,6635.0,93859,3114686375.0,184560,6630.0,360,6625.0,112,nan,0,nan,0,nan,0,nan,0,nan,0,nan,0,nan,0,nan,0
1597988761185257984,1597988761736999936,2020-08-21 13:46:01.737000,6625.0,6675.0,6600.0,6660.0,nan,6635.0,93859,3114686375.0,184560,6630.0,360,6625.0,111,nan,0,nan,0,nan,0,nan,0,nan,0,nan,0,nan,0,nan,0
1597988762188689920,1597988762744999936,2020-08-21 13:46:02.745000,6630.0,6675.0,6600.0,6660.0,nan,6635.0,93860,3114719525.0,184560,6630.0,359,6625.0,111,nan,0,nan,0,nan,0,nan,0,nan,0,nan,0,nan,0,nan,0
1597988762644640000,1597988763236999936,2020-08-21 13:46:03.237000,6630.0,6675.0,6600.0,6660.0,nan,6635.0,93860,3114719525.0,184560,6630.0,336,6625.0,115,nan,0,nan,0,nan,0,nan,0,nan,0,nan,0,nan,0,nan,0
1597988763155354880,1597988763742000128,2020-08-21 13:46:03.742000,6625.0,6675.0,6600.0,6660.0,nan,6635.0,93862,3114785775.0,184561,6630.0,336,6625.0,116,nan,0,nan,0,nan,0,nan,0,nan,0,nan,0,nan,0,nan,0
1597988763648292096,1597988764244000000,2020-08-21 13:46:04.244000,6630.0,6675.0,6600.0,6660.0,nan,6635.0,93863,3114818925.0,184561,6630.0,359,6625.0,116,nan,0,nan,0,nan,0,nan,0,nan,0,nan,0,nan,0,nan,0
1597988764652745984,1597988765242000128,2020-08-21 13:46:05.242000,6630.0,6675.0,6600.0,6660.0,nan,6635.0,93863,3114818925.0,184561,6630.0,351,6625.0,116,nan,0,nan,0,nan,0,nan,0,nan,0,nan,0,nan,0,nan,0
1597988765175707904,1597988765744999936,2020-08-21 13:46:05.745000,6630.0,6675.0,6600.0,6660.0,nan,6635.0,93863,3114818925.0,184561,6630.0,336,6625.0,116,nan,0,nan,0,nan,0,nan,0,nan,0,nan,0,nan,0,nan,0
1597988767669603072,1597988768244999936,2020-08-21 13:46:08.245000,6630.0,6675.0,6600.0,6660.0,nan,6635.0,93863,3114818925.0,184561,6630.0,336,6625.0,117,nan,0,nan,0,nan,0,nan,0,nan,0,nan,0,nan,0,nan,0
1597988768178418944,1597988768720000000,2020-08-21 13:46:08.720000,6625.0,6675.0,6600.0,6660.0,nan,6635.0,93865,3114885175.0,184561,6630.0,336,6625.0,120,nan,0,nan,0,nan,0,nan,0,nan,0,nan,0,nan,0,nan,0
1597988770156334080,1597988770744999936,2020-08-21 13:46:10.745000,6625.0,6675.0,6600.0,6660.0,nan,6635.0,93865,3114885175.0,184561,6630.0,337,6625.0,120,nan,0,nan,0,nan,0,nan,0,nan,0,nan,0,nan,0,nan,0
1597988770649914112,1597988771242000128,2020-08-21 13:46:11.242000,6625.0,6675.0,6600.0,6660.0,nan,6635.0,93865,3114885175.0,184561,6630.0,338,6625.0,120,nan,0,nan,0,nan,0,nan,0,nan,0,nan,0,nan,0,nan,0
1597988771193409024,1597988771746000128,2020-08-21 13:46:11.746000,6625.0,6675.0,6600.0,6660.0,nan,6635.0,93865,3114885175.0,184561,6630.0,338,6625.0,122,nan,0,nan,0,nan,0,nan,0,nan,0,nan,0,nan,0,nan,0
1597988771640317952,1597988772247000064,2020-08-21 13:46:12.247000,6625.0,6675.0,6600.0,6660.0,nan,6635.0,93866,3114918300.0,184562,6630.0,338,6625.0,121,nan,0,nan,0,nan,0,nan,0,nan,0,nan,0,nan,0,nan,0
1597988774678435072,1597988775246000128,2020-08-21 13:46:15.246000,6625.0,6675.0,6600.0,6660.0,nan,6635.0,93866,3114918300.0,184562,6630.0,339,6625.0,121,nan,0,nan,0,nan,0,nan,0,nan,0,nan,0,nan,0,nan,0
1597988775210693888,1597988775748000000,2020-08-21 13:46:15.748000,6625.0,6675.0,6600.0,6660.0,nan,6635.0,93992,3119092050.0,184551,6625.0,117,6620.0,251,nan,0,nan,0,nan,0,nan,0,nan,0,nan,0,nan,0,nan,0
1597988775699024896,1597988776247000064,2020-08-21 13:46:16.247000,6625.0,6675.0,6600.0,6660.0,nan,6635.0,93993,3119125175.0,184551,6625.0,141,6620.0,251,nan,0,nan,0,nan,0,nan,0,nan,0,nan,0,nan,0,nan,0
1597988776197800960,1597988776744000000,2020-08-21 13:46:16.744000,6625.0,6675.0,6600.0,6660.0,nan,6635.0,93993,3119125175.0,184551,6625.0,142,6620.0,252,nan,0,nan,0,nan,0,nan,0,nan,0,nan,0,nan,0,nan,0
1597988777682682880,1597988778237999872,2020-08-21 13:46:18.238000,6620.0,6675.0,6600.0,6660.0,nan,6635.0,93995,3119191375.0,184553,6625.0,142,6620.0,251,nan,0,nan,0,nan,0,nan,0,nan,0,nan,0,nan,0,nan,0
1597988780654895104,1597988781248000000,2020-08-21 13:46:21.248000,6620.0,6675.0,6600.0,6660.0,nan,6635.0,93995,3119191375.0,184553,6625.0,146,6620.0,245,nan,0,nan,0,nan,0,nan,0,nan,0,nan,0,nan,0,nan,0
1597988781187841024,1597988781687000064,2020-08-21 13:46:21.687000,6620.0,6675.0,6600.0,6660.0,nan,6635.0,93995,3119191375.0,184553,6625.0,147,6620.0,245,nan,0,nan,0,nan,0,nan,0,nan,0,nan,0,nan,0,nan,0
1597988784642343936,1597988785233999872,2020-08-21 13:46:25.234000,6620.0,6675.0,6600.0,6660.0,nan,6635.0,93995,3119191375.0,184553,6625.0,148,6620.0,246,nan,0,nan,0,nan,0,nan,0,nan,0,nan,0,nan,0,nan,0
1597988785151397120,1597988785734999808,2020-08-21 13:46:25.735000,6620.0,6675.0,6600.0,6660.0,nan,6635.0,93995,3119191375.0,184553,6625.0,150,6620.0,246,nan,0,nan,0,nan,0,nan,0,nan,0,nan,0,nan,0,nan,0
1597988785654263040,1597988786248000000,2020-08-21 13:46:26.248000,6620.0,6675.0,6600.0,6660.0,nan,6635.0,93995,3119191375.0,184553,6625.0,154,6620.0,256,nan,0,nan,0,nan,0,nan,0,nan,0,nan,0,nan,0,nan,0
1597988786150380032,1597988786730000128,2020-08-21 13:46:26.730000,6620.0,6675.0,6600.0,6660.0,nan,6635.0,93997,3119257575.0,184555,6625.0,163,6620.0,254,nan,0,nan,0,nan,0,nan,0,nan,0,nan,0,nan,0,nan,0
1597988786638071040,1597988787232999936,2020-08-21 13:46:27.233000,6620.0,6675.0,6600.0,6660.0,nan,6635.0,93997,3119257575.0,184555,6625.0,164,6620.0,253,nan,0,nan,0,nan,0,nan,0,nan,0,nan,0,nan,0,nan,0
1597988787163107072,1597988787739000064,2020-08-21 13:46:27.739000,6620.0,6675.0,6600.0,6660.0,nan,6635.0,93997,3119257575.0,184555,6625.0,165,6620.0,253,nan,0,nan,0,nan,0,nan,0,nan,0,nan,0,nan,0,nan,0
1597988789191838976,1597988789740999936,2020-08-21 13:46:29.741000,6620.0,6675.0,6600.0,6660.0,nan,6635.0,93997,3119257575.0,184555,6625.0,165,6620.0,254,nan,0,nan,0,nan,0,nan,0,nan,0,nan,0,nan,0,nan,0
1597988791151508992,1597988791744000000,2020-08-21 13:46:31.744000,6620.0,6675.0,6600.0,6660.0,nan,6635.0,93997,3119257575.0,184555,6625.0,165,6620.0,253,nan,0,nan,0,nan,0,nan,0,nan,0,nan,0,nan,0,nan,0
1597988796144382976,1597988796744999936,2020-08-21 13:46:36.745000,6620.0,6675.0,6600.0,6660.0,nan,6635.0,93997,3119257575.0,184555,6625.0,166,6620.0,253,nan,0,nan,0,nan,0,nan,0,nan,0,nan,0,nan,0,nan,0
1597988796636667904,1597988797247000064,2020-08-21 13:46:37.247000,6620.0,6675.0,6600.0,6660.0,nan,6635.0,93999,3119323775.0,184557,6625.0,166,6620.0,251,nan,0,nan,0,nan,0,nan,0,nan,0,nan,0,nan,0,nan,0
1597988798187656960,1597988798744000000,2020-08-21 13:46:38.744000,6620.0,6675.0,6600.0,6660.0,nan,6635.0,93999,3119323775.0,184557,6625.0,171,6620.0,251,nan,0,nan,0,nan,0,nan,0,nan,0,nan,0,nan,0,nan,0
1597988798632765952,1597988799244000000,2020-08-21 13:46:39.244000,6620.0,6675.0,6600.0,6660.0,nan,6635.0,93999,3119323775.0,184557,6625.0,172,6620.0,251,nan,0,nan,0,nan,0,nan,0,nan,0,nan,0,nan,0,nan,0
1597988799647508992,1597988800242000128,2020-08-21 13:46:40.242000,6620.0,6675.0,6600.0,6660.0,nan,6635.0,93999,3119323775.0,184557,6625.0,173,6620.0,251,nan,0,nan,0,nan,0,nan,0,nan,0,nan,0,nan,0,nan,0
1597988800643894016,1597988801232999936,2020-08-21 13:46:41.233000,6620.0,6675.0,6600.0,6660.0,nan,6635.0,93999,3119323775.0,184557,6625.0,179,6620.0,251,nan,0,nan,0,nan,0,nan,0,nan,0,nan,0,nan,0,nan,0
1597988801653341952,1597988802237999872,2020-08-21 13:46:42.238000,6620.0,6675.0,6600.0,6660.0,nan,6635.0,93999,3119323775.0,184557,6625.0,179,6620.0,252,nan,0,nan,0,nan,0,nan,0,nan,0,nan,0,nan,0,nan,0
1597988802174910976,1597988802740000000,2020-08-21 13:46:42.740000,6620.0,6675.0,6600.0,6660.0,nan,6635.0,93999,3119323775.0,184557,6625.0,178,6620.0,252,nan,0,nan,0,nan,0,nan,0,nan,0,nan,0,nan,0,nan,0
1597988804641678080,1597988805247000064,2020-08-21 13:46:45.247000,6620.0,6675.0,6600.0,6660.0,nan,6635.0,94000,3119356875.0,184556,6625.0,178,6620.0,251,nan,0,nan,0,nan,0,nan,0,nan,0,nan,0,nan,0,nan,0
1597988805642426112,1597988806234999808,2020-08-21 13:46:46.235000,6620.0,6675.0,6600.0,6660.0,nan,6635.0,94000,3119356875.0,184556,6625.0,178,6620.0,254,nan,0,nan,0,nan,0,nan,0,nan,0,nan,0,nan,0,nan,0
1597988809138900992,1597988809743000064,2020-08-21 13:46:49.743000,6620.0,6675.0,6600.0,6660.0,nan,6635.0,94000,3119356875.0,184556,6625.0,177,6620.0,254,nan,0,nan,0,nan,0,nan,0,nan,0,nan,0,nan,0,nan,0
1597988809644120064,1597988810234999808,2020-08-21 13:46:50.235000,6620.0,6675.0,6600.0,6660.0,nan,6635.0,94003,3119456175.0,184556,6625.0,178,6620.0,251,nan,0,nan,0,nan,0,nan,0,nan,0,nan,0,nan,0,nan,0
1597988812643363072,1597988813246000128,2020-08-21 13:46:53.246000,6620.0,6675.0,6600.0,6660.0,nan,6635.0,94003,3119456175.0,184556,6625.0,178,6620.0,252,nan,0,nan,0,nan,0,nan,0,nan,0,nan,0,nan,0,nan,0
1597988814176945920,1597988814748000000,2020-08-21 13:46:54.748000,6620.0,6675.0,6600.0,6660.0,nan,6635.0,94003,3119456175.0,184556,6625.0,179,6620.0,255,nan,0,nan,0,nan,0,nan,0,nan,0,nan,0,nan,0,nan,0
1597988815131888896,1597988815749000192,2020-08-21 13:46:55.749000,6620.0,6675.0,6600.0,6660.0,nan,6635.0,94003,3119456175.0,184556,6625.0,180,6620.0,255,nan,0,nan,0,nan,0,nan,0,nan,0,nan,0,nan,0,nan,0
1597988815635983872,1597988816234999808,2020-08-21 13:46:56.235000,6620.0,6675.0,6600.0,6660.0,nan,6635.0,94003,3119456175.0,184556,6625.0,185,6620.0,255,nan,0,nan,0,nan,0,nan,0,nan,0,nan,0,nan,0,nan,0
1597988816145182976,1597988816748000000,2020-08-21 13:46:56.748000,6620.0,6675.0,6600.0,6660.0,nan,6635.0,94004,3119489275.0,184556,6625.0,185,6620.0,254,nan,0,nan,0,nan,0,nan,0,nan,0,nan,0,nan,0,nan,0
1597988818152488960,1597988818748000000,2020-08-21 13:46:58.748000,6625.0,6675.0,6600.0,6660.0,nan,6635.0,94007,3119588650.0,184553,6625.0,183,6620.0,254,nan,0,nan,0,nan,0,nan,0,nan,0,nan,0,nan,0,nan,0
1597988819230419968,1597988819746000128,2020-08-21 13:46:59.746000,6625.0,6675.0,6600.0,6660.0,nan,6635.0,94007,3119588650.0,184553,6625.0,203,6620.0,254,nan,0,nan,0,nan,0,nan,0,nan,0,nan,0,nan,0,nan,0
1597988819681905920,1597988820249000192,2020-08-21 13:47:00.249000,6620.0,6675.0,6600.0,6660.0,nan,6635.0,94009,3119654850.0,184551,6625.0,203,6620.0,252,nan,0,nan,0,nan,0,nan,0,nan,0,nan,0,nan,0,nan,0
1597988820182607872,1597988820740000000,2020-08-21 13:47:00.740000,6625.0,6675.0,6600.0,6660.0,nan,6635.0,94013,3119787275.0,184551,6625.0,203,6620.0,249,nan,0,nan,0,nan,0,nan,0,nan,0,nan,0,nan,0,nan,0
1597988822645440000,1597988823249000192,2020-08-21 13:47:03.249000,6625.0,6675.0,6600.0,6660.0,nan,6635.0,94013,3119787275.0,184551,6625.0,203,6620.0,250,nan,0,nan,0,nan,0,nan,0,nan,0,nan,0,nan,0,nan,0
1597988823182147072,1597988823746000128,2020-08-21 13:47:03.746000,6625.0,6675.0,6600.0,6660.0,nan,6635.0,94016,3119886650.0,184548,6625.0,200,6620.0,250,nan,0,nan,0,nan,0,nan,0,nan,0,nan,0,nan,0,nan,0
1597988824146737920,1597988824737999872,2020-08-21 13:47:04.738000,6625.0,6675.0,6600.0,6660.0,nan,6635.0,94016,3119886650.0,184548,6625.0,200,6620.0,258,nan,0,nan,0,nan,0,nan,0,nan,0,nan,0,nan,0,nan,0
1597988824636336896,1597988825242000128,2020-08-21 13:47:05.242000,6625.0,6675.0,6600.0,6660.0,nan,6635.0,94016,3119886650.0,184548,6625.0,200,6620.0,259,nan,0,nan,0,nan,0,nan,0,nan,0,nan,0,nan,0,nan,0
1597988831186672896,1597988831740000000,2020-08-21 13:47:11.740000,6625.0,6675.0,6600.0,6660.0,nan,6635.0,94016,3119886650.0,184548,6625.0,200,6620.0,265,nan,0,nan,0,nan,0,nan,0,nan,0,nan,0,nan,0,nan,0
1597988831660592896,1597988832208000000,2020-08-21 13:47:12.208000,6620.0,6675.0,6600.0,6660.0,nan,6635.0,94018,3119952850.0,184548,6625.0,200,6620.0,264,nan,0,nan,0,nan,0,nan,0,nan,0,nan,0,nan,0,nan,0
1597988832178779904,1597988832747000064,2020-08-21 13:47:12.747000,6620.0,6675.0,6600.0,6660.0,nan,6635.0,94018,3119952850.0,184548,6625.0,201,6620.0,264,nan,0,nan,0,nan,0,nan,0,nan,0,nan,0,nan,0,nan,0
1597988833150407936,1597988833749000192,2020-08-21 13:47:13.749000,6620.0,6675.0,6600.0,6660.0,nan,6635.0,94018,3119952850.0,184548,6625.0,201,6620.0,267,nan,0,nan,0,nan,0,nan,0,nan,0,nan,0,nan,0,nan,0
1597988834159433984,1597988834744999936,2020-08-21 13:47:14.745000,6620.0,6675.0,6600.0,6660.0,nan,6635.0,94018,3119952850.0,184548,6625.0,203,6620.0,267,nan,0,nan,0,nan,0,nan,0,nan,0,nan,0,nan,0,nan,0
1597988834640866048,1597988835243000064,2020-08-21 13:47:15.243000,6620.0,6675.0,6600.0,6660.0,nan,6635.0,94018,3119952850.0,184548,6625.0,204,6620.0,267,nan,0,nan,0,nan,0,nan,0,nan,0,nan,0,nan,0,nan,0
1597988837643668992,1597988838236000000,2020-08-21 13:47:18.236000,6620.0,6675.0,6600.0,6660.0,nan,6635.0,94018,3119952850.0,184548,6625.0,204,6620.0,268,nan,0,nan,0,nan,0,nan,0,nan,0,nan,0,nan,0,nan,0
1597988841221274880,1597988841748000000,2020-08-21 13:47:21.748000,6620.0,6675.0,6600.0,6660.0,nan,6635.0,94018,3119952850.0,184548,6625.0,206,6620.0,268,nan,0,nan,0,nan,0,nan,0,nan,0,nan,0,nan,0,nan,0
1597988841674233088,1597988842239000064,2020-08-21 13:47:22.239000,6620.0,6675.0,6600.0,6660.0,nan,6635.0,94019,3119985950.0,184548,6625.0,206,6620.0,267,nan,0,nan,0,nan,0,nan,0,nan,0,nan,0,nan,0,nan,0
1597988843637861120,1597988844244000000,2020-08-21 13:47:24.244000,6620.0,6675.0,6600.0,6660.0,nan,6635.0,94019,3119985950.0,184548,6625.0,206,6620.0,266,nan,0,nan,0,nan,0,nan,0,nan,0,nan,0,nan,0,nan,0
1597988846169795072,1597988846732999936,2020-08-21 13:47:26.733000,6620.0,6675.0,6600.0,6660.0,nan,6635.0,94019,3119985950.0,184548,6625.0,206,6620.0,267,nan,0,nan,0,nan,0,nan,0,nan,0,nan,0,nan,0,nan,0
1597988846636830976,1597988847249000192,2020-08-21 13:47:27.249000,6620.0,6675.0,6600.0,6660.0,nan,6635.0,94019,3119985950.0,184548,6625.0,206,6620.0,268,nan,0,nan,0,nan,0,nan,0,nan,0,nan,0,nan,0,nan,0
1597988847187791872,1597988847732999936,2020-08-21 13:47:27.733000,6620.0,6675.0,6600.0,6660.0,nan,6635.0,94019,3119985950.0,184548,6625.0,211,6620.0,268,nan,0,nan,0,nan,0,nan,0,nan,0,nan,0,nan,0,nan,0
1597988847641649920,1597988848246000128,2020-08-21 13:47:28.246000,6620.0,6675.0,6600.0,6660.0,nan,6635.0,94025,3120184550.0,184542,6625.0,205,6620.0,262,nan,0,nan,0,nan,0,nan,0,nan,0,nan,0,nan,0,nan,0
1597988848641645056,1597988849244000000,2020-08-21 13:47:29.244000,6620.0,6675.0,6600.0,6660.0,nan,6635.0,94025,3120184550.0,184542,6625.0,210,6620.0,262,nan,0,nan,0,nan,0,nan,0,nan,0,nan,0,nan,0,nan,0
1597988851659428096,1597988852148999936,2020-08-21 13:47:32.149000,6620.0,6675.0,6600.0,6660.0,nan,6635.0,94030,3120350050.0,184542,6625.0,210,6620.0,257,nan,0,nan,0,nan,0,nan,0,nan,0,nan,0,nan,0,nan,0
1597988852139280896,1597988852744999936,2020-08-21 13:47:32.745000,6620.0,6675.0,6600.0,6660.0,nan,6635.0,94032,3120416250.0,184542,6625.0,210,6620.0,255,nan,0,nan,0,nan,0,nan,0,nan,0,nan,0,nan,0,nan,0
1597988852641428992,1597988853248000000,2020-08-21 13:47:33.248000,6620.0,6675.0,6600.0,6660.0,nan,6635.0,94032,3120416250.0,184542,6625.0,211,6620.0,255,nan,0,nan,0,nan,0,nan,0,nan,0,nan,0,nan,0,nan,0
1597988853644848896,1597988854232000000,2020-08-21 13:47:34.232000,6620.0,6675.0,6600.0,6660.0,nan,6635.0,94033,3120449350.0,184541,6625.0,211,6620.0,254,nan,0,nan,0,nan,0,nan,0,nan,0,nan,0,nan,0,nan,0
1597988856643207936,1597988857240999936,2020-08-21 13:47:37.241000,6620.0,6675.0,6600.0,6660.0,nan,6635.0,94034,3120482450.0,184540,6625.0,211,6620.0,260,nan,0,nan,0,nan,0,nan,0,nan,0,nan,0,nan,0,nan,0
1597988858161409024,1597988858743000064,2020-08-21 13:47:38.743000,6620.0,6675.0,6600.0,6660.0,nan,6635.0,94035,3120515550.0,184539,6625.0,212,6620.0,259,nan,0,nan,0,nan,0,nan,0,nan,0,nan,0,nan,0,nan,0
1597988858638758912,1597988859243000064,2020-08-21 13:47:39.243000,6620.0,6675.0,6600.0,6660.0,nan,6635.0,94035,3120515550.0,184539,6625.0,213,6620.0,259,nan,0,nan,0,nan,0,nan,0,nan,0,nan,0,nan,0,nan,0
1597988859639080960,1597988860248000000,2020-08-21 13:47:40.248000,6620.0,6675.0,6600.0,6660.0,nan,6635.0,94035,3120515550.0,184539,6625.0,228,6620.0,259,nan,0,nan,0,nan,0,nan,0,nan,0,nan,0,nan,0,nan,0
1597988860136197888,1597988860729000192,2020-08-21 13:47:40.729000,6620.0,6675.0,6600.0,6660.0,nan,6635.0,94035,3120515550.0,184539,6625.0,229,6620.0,259,nan,0,nan,0,nan,0,nan,0,nan,0,nan,0,nan,0,nan,0
1597988862654174976,1597988863244000000,2020-08-21 13:47:43.244000,6620.0,6675.0,6600.0,6660.0,nan,6635.0,94035,3120515550.0,184539,6625.0,230,6620.0,262,nan,0,nan,0,nan,0,nan,0,nan,0,nan,0,nan,0,nan,0
1597988865635521024,1597988866204000000,2020-08-21 13:47:46.204000,6620.0,6675.0,6600.0,6660.0,nan,6635.0,94035,3120515550.0,184539,6625.0,230,6620.0,264,nan,0,nan,0,nan,0,nan,0,nan,0,nan,0,nan,0,nan,0
1597988866162608896,1597988866734999808,2020-08-21 13:47:46.735000,6620.0,6675.0,6600.0,6660.0,nan,6635.0,94035,3120515550.0,184539,6625.0,230,6620.0,265,nan,0,nan,0,nan,0,nan,0,nan,0,nan,0,nan,0,nan,0
1597988872652791040,1597988873207000064,2020-08-21 13:47:53.207000,6620.0,6675.0,6600.0,6660.0,nan,6635.0,94035,3120515550.0,184539,6625.0,230,6620.0,266,nan,0,nan,0,nan,0,nan,0,nan,0,nan,0,nan,0,nan,0
1597988874671757056,1597988875229000192,2020-08-21 13:47:55.229000,6625.0,6675.0,6600.0,6660.0,nan,6635.0,94038,3120614925.0,184536,6625.0,227,6620.0,266,nan,0,nan,0,nan,0,nan,0,nan,0,nan,0,nan,0,nan,0
1597988877635278080,1597988878231000064,2020-08-21 13:47:58.231000,6625.0,6675.0,6600.0,6660.0,nan,6635.0,94038,3120614925.0,184536,6625.0,228,6620.0,266,nan,0,nan,0,nan,0,nan,0,nan,0,nan,0,nan,0,nan,0
1597988878137349120,1597988878736000000,2020-08-21 13:47:58.736000,6625.0,6675.0,6600.0,6660.0,nan,6635.0,94038,3120614925.0,184536,6625.0,227,6620.0,266,nan,0,nan,0,nan,0,nan,0,nan,0,nan,0,nan,0,nan,0
1597988878635876096,1597988879194000128,2020-08-21 13:47:59.194000,6625.0,6675.0,6600.0,6660.0,nan,6635.0,94038,3120614925.0,184536,6625.0,226,6620.0,266,nan,0,nan,0,nan,0,nan,0,nan,0,nan,0,nan,0,nan,0
1597988880163578880,1597988880743000064,2020-08-21 13:48:00.743000,6625.0,6675.0,6600.0,6660.0,nan,6635.0,94038,3120614925.0,184536,6625.0,227,6620.0,254,nan,0,nan,0,nan,0,nan,0,nan,0,nan,0,nan,0,nan,0
1597988880641235968,1597988881246000128,2020-08-21 13:48:01.246000,6625.0,6675.0,6600.0,6660.0,nan,6635.0,94050,3121012425.0,184536,6625.0,222,6620.0,254,nan,0,nan,0,nan,0,nan,0,nan,0,nan,0,nan,0,nan,0
1597988881154014976,1597988881721999872,2020-08-21 13:48:01.722000,6620.0,6675.0,6600.0,6660.0,nan,6635.0,94051,3121045525.0,184535,6625.0,222,6620.0,253,nan,0,nan,0,nan,0,nan,0,nan,0,nan,0,nan,0,nan,0
1597988882106053888,1597988882243000064,2020-08-21 13:48:02.243000,6620.0,6675.0,6600.0,6660.0,nan,6635.0,94051,3121045525.0,184535,6625.0,223,6620.0,253,nan,0,nan,0,nan,0,nan,0,nan,0,nan,0,nan,0,nan,0
1597988882296072960,1597988882727000064,2020-08-21 13:48:02.727000,6620.0,6675.0,6600.0,6660.0,nan,6635.0,94051,3121045525.0,184535,6625.0,214,6620.0,254,nan,0,nan,0,nan,0,nan,0,nan,0,nan,0,nan,0,nan,0
1597988882799418112,1597988883233999872,2020-08-21 13:48:03.234000,6620.0,6675.0,6600.0,6660.0,nan,6635.0,94051,3121045525.0,184535,6625.0,213,6620.0,254,nan,0,nan,0,nan,0,nan,0,nan,0,nan,0,nan,0,nan,0
1597988883165924096,1597988883740999936,2020-08-21 13:48:03.741000,6620.0,6675.0,6600.0,6660.0,nan,6635.0,94051,3121045525.0,184535,6625.0,212,6620.0,254,nan,0,nan,0,nan,0,nan,0,nan,0,nan,0,nan,0,nan,0
1597988883639170048,1597988884224000000,2020-08-21 13:48:04.224000,6620.0,6675.0,6600.0,6660.0,nan,6635.0,94051,3121045525.0,184535,6625.0,210,6620.0,254,nan,0,nan,0,nan,0,nan,0,nan,0,nan,0,nan,0,nan,0
1597988884140517120,1597988884731000064,2020-08-21 13:48:04.731000,6620.0,6675.0,6600.0,6660.0,nan,6635.0,94051,3121045525.0,184535,6625.0,208,6620.0,256,nan,0,nan,0,nan,0,nan,0,nan,0,nan,0,nan,0,nan,0
1597988890699695104,1597988891233999872,2020-08-21 13:48:11.234000,6620.0,6675.0,6600.0,6660.0,nan,6635.0,94051,3121045525.0,184535,6625.0,208,6620.0,254,nan,0,nan,0,nan,0,nan,0,nan,0,nan,0,nan,0,nan,0
1597988893139219968,1597988893694000128,2020-08-21 13:48:13.694000,6620.0,6675.0,6600.0,6660.0,nan,6635.0,94052,3121078625.0,184534,6625.0,208,6620.0,253,nan,0,nan,0,nan,0,nan,0,nan,0,nan,0,nan,0,nan,0
1597988893642182912,1597988894248000000,2020-08-21 13:48:14.248000,6620.0,6675.0,6600.0,6660.0,nan,6635.0,94052,3121078625.0,184534,6625.0,208,6620.0,263,nan,0,nan,0,nan,0,nan,0,nan,0,nan,0,nan,0,nan,0
1597988901148642048,1597988901748000000,2020-08-21 13:48:21.748000,6620.0,6675.0,6600.0,6660.0,nan,6635.0,94053,3121111725.0,184534,6625.0,209,6620.0,262,nan,0,nan,0,nan,0,nan,0,nan,0,nan,0,nan,0,nan,0
1597988901636239872,1597988902248000000,2020-08-21 13:48:22.248000,6620.0,6675.0,6600.0,6660.0,nan,6635.0,94053,3121111725.0,184534,6625.0,212,6620.0,262,nan,0,nan,0,nan,0,nan,0,nan,0,nan,0,nan,0,nan,0
1597988902146633984,1597988902740000000,2020-08-21 13:48:22.740000,6620.0,6675.0,6600.0,6660.0,nan,6635.0,94053,3121111725.0,184534,6625.0,213,6620.0,262,nan,0,nan,0,nan,0,nan,0,nan,0,nan,0,nan,0,nan,0
1597988904157083904,1597988904733999872,2020-08-21 13:48:24.734000,6620.0,6675.0,6600.0,6660.0,nan,6635.0,94053,3121111725.0,184534,6625.0,214,6620.0,262,nan,0,nan,0,nan,0,nan,0,nan,0,nan,0,nan,0,nan,0
1597988910235983104,1597988910744999936,2020-08-21 13:48:30.745000,6620.0,6675.0,6600.0,6660.0,nan,6635.0,94053,3121111725.0,184534,6625.0,254,6620.0,261,nan,0,nan,0,nan,0,nan,0,nan,0,nan,0,nan,0,nan,0
1597988910661520896,1597988911244999936,2020-08-21 13:48:31.245000,6620.0,6675.0,6600.0,6660.0,nan,6635.0,94053,3121111725.0,184534,6625.0,253,6620.0,261,nan,0,nan,0,nan,0,nan,0,nan,0,nan,0,nan,0,nan,0
1597988911213338880,1597988911710000128,2020-08-21 13:48:31.710000,6620.0,6675.0,6600.0,6660.0,nan,6635.0,94055,3121177925.0,184534,6625.0,253,6620.0,259,nan,0,nan,0,nan,0,nan,0,nan,0,nan,0,nan,0,nan,0
1597988911654266112,1597988912242000128,2020-08-21 13:48:32.242000,6620.0,6675.0,6600.0,6660.0,nan,6635.0,94055,3121177925.0,184534,6625.0,253,6620.0,258,nan,0,nan,0,nan,0,nan,0,nan,0,nan,0,nan,0,nan,0
1597988912650183936,1597988913246000128,2020-08-21 13:48:33.246000,6620.0,6675.0,6600.0,6660.0,nan,6635.0,94063,3121442725.0,184534,6625.0,253,6620.0,251,nan,0,nan,0,nan,0,nan,0,nan,0,nan,0,nan,0,nan,0
1597988914634270976,1597988915248000000,2020-08-21 13:48:35.248000,6620.0,6675.0,6600.0,6660.0,nan,6635.0,94064,3121475850.0,184535,6625.0,252,6620.0,251,nan,0,nan,0,nan,0,nan,0,nan,0,nan,0,nan,0,nan,0
1597988916670759936,1597988917248000000,2020-08-21 13:48:37.248000,6620.0,6675.0,6600.0,6660.0,nan,6635.0,94064,3121475850.0,184535,6625.0,257,6620.0,251,nan,0,nan,0,nan,0,nan,0,nan,0,nan,0,nan,0,nan,0
1597988917148677888,1597988917748000000,2020-08-21 13:48:37.748000,6620.0,6675.0,6600.0,6660.0,nan,6635.0,94065,3121508950.0,184536,6625.0,257,6620.0,250,nan,0,nan,0,nan,0,nan,0,nan,0,nan,0,nan,0,nan,0
1597988917652342016,1597988918246000128,2020-08-21 13:48:38.246000,6620.0,6675.0,6600.0,6660.0,nan,6635.0,94065,3121508950.0,184536,6625.0,258,6620.0,250,nan,0,nan,0,nan,0,nan,0,nan,0,nan,0,nan,0,nan,0
1597988919643822080,1597988920243000064,2020-08-21 13:48:40.243000,6625.0,6675.0,6600.0,6660.0,nan,6635.0,94066,3121542075.0,184537,6625.0,258,6620.0,242,nan,0,nan,0,nan,0,nan,0,nan,0,nan,0,nan,0,nan,0
1597988921161067008,1597988921747000064,2020-08-21 13:48:41.747000,6625.0,6675.0,6600.0,6660.0,nan,6635.0,94066,3121542075.0,184537,6625.0,258,6620.0,241,nan,0,nan,0,nan,0,nan,0,nan,0,nan,0,nan,0,nan,0
1597988921666806016,1597988922231000064,2020-08-21 13:48:42.231000,6620.0,6675.0,6600.0,6660.0,nan,6635.0,94067,3121575175.0,184537,6625.0,258,6620.0,240,nan,0,nan,0,nan,0,nan,0,nan,0,nan,0,nan,0,nan,0
1597988922700380928,1597988923246000128,2020-08-21 13:48:43.246000,6620.0,6675.0,6600.0,6660.0,nan,6635.0,94067,3121575175.0,184537,6625.0,258,6620.0,241,nan,0,nan,0,nan,0,nan,0,nan,0,nan,0,nan,0,nan,0
1597988929171745024,1597988929742000128,2020-08-21 13:48:49.742000,6625.0,6675.0,6600.0,6660.0,nan,6635.0,94068,3121608300.0,184538,6625.0,257,6620.0,241,nan,0,nan,0,nan,0,nan,0,nan,0,nan,0,nan,0,nan,0
1597988930643425024,1597988931240999936,2020-08-21 13:48:51.241000,6620.0,6675.0,6600.0,6660.0,nan,6635.0,94072,3121740700.0,184539,6625.0,257,6620.0,237,nan,0,nan,0,nan,0,nan,0,nan,0,nan,0,nan,0,nan,0
1597988931186801920,1597988931733999872,2020-08-21 13:48:51.734000,6620.0,6675.0,6600.0,6660.0,nan,6635.0,94072,3121740700.0,184539,6625.0,257,6620.0,238,nan,0,nan,0,nan,0,nan,0,nan,0,nan,0,nan,0,nan,0
1597988932144505088,1597988932749000192,2020-08-21 13:48:52.749000,6620.0,6675.0,6600.0,6660.0,nan,6635.0,94072,3121740700.0,184539,6625.0,258,6620.0,238,nan,0,nan,0,nan,0,nan,0,nan,0,nan,0,nan,0,nan,0
1597988932655480064,1597988933237999872,2020-08-21 13:48:53.238000,6620.0,6675.0,6600.0,6660.0,nan,6635.0,94073,3121773800.0,184538,6625.0,258,6620.0,237,nan,0,nan,0,nan,0,nan,0,nan,0,nan,0,nan,0,nan,0
1597988934263496960,1597988934742000128,2020-08-21 13:48:54.742000,6625.0,6675.0,6600.0,6660.0,nan,6635.0,94074,3121806925.0,184539,6625.0,257,6620.0,237,nan,0,nan,0,nan,0,nan,0,nan,0,nan,0,nan,0,nan,0
1597988936631181056,1597988937231000064,2020-08-21 13:48:57.231000,6625.0,6675.0,6600.0,6660.0,nan,6635.0,94074,3121806925.0,184539,6625.0,257,6620.0,238,nan,0,nan,0,nan,0,nan,0,nan,0,nan,0,nan,0,nan,0
1597988937194032896,1597988937749000192,2020-08-21 13:48:57.749000,6620.0,6675.0,6600.0,6660.0,nan,6635.0,94075,3121840025.0,184539,6625.0,257,6620.0,237,nan,0,nan,0,nan,0,nan,0,nan,0,nan,0,nan,0,nan,0
1597988938661324032,1597988939246000128,2020-08-21 13:48:59.246000,6625.0,6675.0,6600.0,6660.0,nan,6635.0,94076,3121873150.0,184540,6625.0,256,6620.0,237,nan,0,nan,0,nan,0,nan,0,nan,0,nan,0,nan,0,nan,0
1597988939647923968,1597988940244000000,2020-08-21 13:49:00.244000,6625.0,6675.0,6600.0,6660.0,nan,6635.0,94076,3121873150.0,184540,6625.0,292,6620.0,236,nan,0,nan,0,nan,0,nan,0,nan,0,nan,0,nan,0,nan,0
1597988940164923904,1597988940740000000,2020-08-21 13:49:00.740000,6625.0,6675.0,6600.0,6660.0,nan,6635.0,94076,3121873150.0,184540,6625.0,298,6620.0,236,nan,0,nan,0,nan,0,nan,0,nan,0,nan,0,nan,0,nan,0
