local_nano_time,quote_nano_time,datetime,last_price,highest,lowest,open,close,average,volume,amount,open_interest,ask_price1,ask_volume1,bid_price1,bid_volume1,ask_price2,ask_volume2,bid_price2,bid_volume2,ask_price3,ask_volume3,bid_price3,bid_volume3,ask_price4,ask_volume4,bid_price4,bid_volume4,ask_price5,ask_volume5,bid_price5,bid_volume5
1597988229675246080,1597988230194000128,2020-08-21 13:37:10.194000,847.5,860.5,841.0,850.0,nan,850.0,635043,53998259300.0,660137,847.5,708,847.0,440,nan,0,nan,0,nan,0,nan,0,nan,0,nan,0,nan,0,nan,0
1597988230146917888,1597988230654000128,2020-08-21 13:37:10.654000,847.0,860.5,841.0,850.0,nan,850.0,635050,53998852250.0,660138,847.5,707,847.0,442,nan,0,nan,0,nan,0,nan,0,nan,0,nan,0,nan,0,nan,0
1597988231150349056,1597988231734999808,2020-08-21 13:37:11.735000,847.5,860.5,841.0,850.0,nan,850.0,635051,53998937000.0,660138,847.5,706,847.0,443,nan,0,nan,0,nan,0,nan,0,nan,0,nan,0,nan,0,nan,0
1597988231645381888,1597988232082000128,2020-08-21 13:37:12.082000,847.5,860.5,841.0,850.0,nan,850.0,635051,53998937000.0,660138,847.5,701,847.0,444,nan,0,nan,0,nan,0,nan,0,nan,0,nan,0,nan,0,nan,0
1597988232174332928,1597988232742000128,2020-08-21 13:37:12.742000,847.0,860.5,841.0,850.0,nan,850.0,635062,53999869000.0,660143,847.5,695,847.0,436,nan,0,nan,0,nan,0,nan,0,nan,0,nan,0,nan,0,nan,0
1597988232633771008,1597988233224999936,2020-08-21 13:37:13.225000,847.0,860.5,841.0,850.0,nan,850.0,635063,53999953700.0,660143,847.5,695,847.0,434,nan,0,nan,0,nan,0,nan,0,nan,0,nan,0,nan,0,nan,0
1597988233129991936,1597988233696999936,2020-08-21 13:37:13.697000,847.5,860.5,841.0,850.0,nan,850.0,635064,54000038450.0,660142,847.5,703,847.0,434,nan,0,nan,0,nan,0,nan,0,nan,0,nan,0,nan,0,nan,0
1597988233642226944,1597988234214999808,2020-08-21 13:37:14.215000,847.0,860.5,841.0,850.0,nan,850.0,635065,54000123150.0,660143,847.5,705,847.0,434,nan,0,nan,0,nan,0,nan,0,nan,0,nan,0,nan,0,nan,0
1597988234629958912,1597988234937999872,2020-08-21 13:37:14.938000,847.0,860.5,841.0,850.0,nan,850.0,635065,54000123150.0,660143,847.5,705,847.0,428,nan,0,nan,0,nan,0,nan,0,nan,0,nan,0,nan,0,nan,0
1597988235636270080,1597988236221999872,2020-08-21 13:37:16.222000,847.0,860.5,841.0,850.0,nan,850.0,635065,54000123150.0,660143,847.5,706,847.0,426,nan,0,nan,0,nan,0,nan,0,nan,0,nan,0,nan,0,nan,0
1597988236132988928,1597988236698999808,2020-08-21 13:37:16.699000,847.0,860.5,841.0,850.0,nan,850.0,635068,54000377250.0,660146,847.5,706,847.0,426,nan,0,nan,0,nan,0,nan,0,nan,0,nan,0,nan,0,nan,0
1597988236635450112,1597988237207000064,2020-08-21 13:37:17.207000,847.5,860.5,841.0,850.0,nan,850.0,635069,54000462000.0,660145,847.5,707,847.0,427,nan,0,nan,0,nan,0,nan,0,nan,0,nan,0,nan,0,nan,0
1597988237634915072,1597988238211000064,2020-08-21 13:37:18.211000,847.0,860.5,841.0,850.0,nan,850.0,635070,54000546700.0,660146,847.5,707,847.0,426,nan,0,nan,0,nan,0,nan,0,nan,0,nan,0,nan,0,nan,0
1597988238189366016,1597988238710000128,2020-08-21 13:37:18.710000,847.5,860.5,841.0,850.0,nan,850.0,635081,54001478950.0,660151,847.5,696,847.0,426,nan,0,nan,0,nan,0,nan,0,nan,0,nan,0,nan,0,nan,0
1597988238633701888,1597988239240999936,2020-08-21 13:37:19.241000,847.0,860.5,841.0,850.0,nan,850.0,635084,54001733150.0,660152,847.5,695,847.0,425,nan,0,nan,0,nan,0,nan,0,nan,0,nan,0,nan,0,nan,0
1597988239141500928,1597988239690000128,2020-08-21 13:37:19.690000,847.0,860.5,841.0,850.0,nan,850.0,635084,54001733150.0,660152,847.5,697,847.0,425,nan,0,nan,0,nan,0,nan,0,nan,0,nan,0,nan,0,nan,0
1597988239632975104,1597988240232999936,2020-08-21 13:37:20.233000,847.0,860.5,841.0,850.0,nan,850.0,635084,54001733150.0,660152,847.5,697,847.0,419,nan,0,nan,0,nan,0,nan,0,nan,0,nan,0,nan,0,nan,0
1597988240150286080,1597988240707000064,2020-08-21 13:37:20.707000,847.0,860.5,841.0,850.0,nan,850.0,635084,54001733150.0,660152,847.5,699,847.0,419,nan,0,nan,0,nan,0,nan,0,nan,0,nan,0,nan,0,nan,0
1597988240642522880,1597988241204000000,2020-08-21 13:37:21.204000,847.0,860.5,841.0,850.0,nan,850.0,635084,54001733150.0,660152,847.5,697,847.0,423,nan,0,nan,0,nan,0,nan,0,nan,0,nan,0,nan,0,nan,0
1597988241145604096,1597988241713999872,2020-08-21 13:37:21.714000,847.0,860.5,841.0,850.0,nan,850.0,635084,54001733150.0,660152,847.5,698,847.0,424,nan,0,nan,0,nan,0,nan,0,nan,0,nan,0,nan,0,nan,0
1597988241645417984,1597988242180999936,2020-08-21 13:37:22.181000,847.0,860.5,841.0,850.0,nan,850.0,635085,54001817850.0,660152,847.5,698,847.0,424,nan,0,nan,0,nan,0,nan,0,nan,0,nan,0,nan,0,nan,0
1597988242143034880,1597988242728000000,2020-08-21 13:37:22.728000,847.0,860.5,841.0,850.0,nan,850.0,635085,54001817850.0,660152,847.5,700,847.0,424,nan,0,nan,0,nan,0,nan,0,nan,0,nan,0,nan,0,nan,0
1597988243160176128,1597988243665999872,2020-08-21 13:37:23.666000,847.0,860.5,841.0,850.0,nan,850.0,635085,54001817850.0,660152,847.5,701,847.0,430,nan,0,nan,0,nan,0,nan,0,nan,0,nan,0,nan,0,nan,0
1597988243642246912,1597988244094000128,2020-08-21 13:37:24.094000,847.0,860.5,841.0,850.0,nan,850.0,635085,54001817850.0,660152,847.5,716,847.0,430,nan,0,nan,0,nan,0,nan,0,nan,0,nan,0,nan,0,nan,0
1597988244138724096,1597988244698999808,2020-08-21 13:37:24.699000,847.0,860.5,841.0,850.0,nan,850.0,635085,54001817850.0,660152,847.5,721,847.0,432,nan,0,nan,0,nan,0,nan,0,nan,0,nan,0,nan,0,nan,0
1597988245133785088,1597988245647000064,2020-08-21 13:37:25.647000,847.0,860.5,841.0,850.0,nan,850.0,635085,54001817850.0,660152,847.5,721,847.0,434,nan,0,nan,0,nan,0,nan,0,nan,0,nan,0,nan,0,nan,0
1597988245635859968,1597988246232999936,2020-08-21 13:37:26.233000,847.0,860.5,841.0,850.0,nan,850.0,635086,54001902550.0,660152,847.5,721,847.0,433,nan,0,nan,0,nan,0,nan,0,nan,0,nan,0,nan,0,nan,0
1597988246193486080,1597988246687000064,2020-08-21 13:37:26.687000,847.0,860.5,841.0,850.0,nan,850.0,635086,54001902550.0,660152,847.5,721,847.0,437,nan,0,nan,0,nan,0,nan,0,nan,0,nan,0,nan,0,nan,0
1597988246677656064,1597988247192000000,2020-08-21 13:37:27.192000,847.0,860.5,841.0,850.0,nan,850.0,635086,54001902550.0,660152,847.5,721,847.0,441,nan,0,nan,0,nan,0,nan,0,nan,0,nan,0,nan,0,nan,0
1597988247161251072,1597988247686000128,2020-08-21 13:37:27.686000,847.0,860.5,841.0,850.0,nan,850.0,635099,54003003650.0,660148,847.5,721,847.0,430,nan,0,nan,0,nan,0,nan,0,nan,0,nan,0,nan,0,nan,0
1597988247634787072,1597988248221999872,2020-08-21 13:37:28.222000,847.0,860.5,841.0,850.0,nan,850.0,635100,54003088350.0,660148,847.5,733,847.0,423,nan,0,nan,0,nan,0,nan,0,nan,0,nan,0,nan,0,nan,0
1597988248644077056,1597988249240000000,2020-08-21 13:37:29.240000,847.0,860.5,841.0,850.0,nan,850.0,635100,54003088350.0,660148,847.5,733,847.0,425,nan,0,nan,0,nan,0,nan,0,nan,0,nan,0,nan,0,nan,0
1597988249179068928,1597988249731000064,2020-08-21 13:37:29.731000,847.0,860.5,841.0,850.0,nan,850.0,635100,54003088350.0,660148,847.5,732,847.0,425,nan,0,nan,0,nan,0,nan,0,nan,0,nan,0,nan,0,nan,0
1597988249628518912,1597988250240000000,2020-08-21 13:37:30.240000,847.0,860.5,841.0,850.0,nan,850.0,635101,54003173050.0,660148,847.5,734,847.0,424,nan,0,nan,0,nan,0,nan,0,nan,0,nan,0,nan,0,nan,0
1597988250207292928,1597988250739000064,2020-08-21 13:37:30.739000,847.0,860.5,841.0,850.0,nan,850.0,635101,54003173050.0,660148,847.5,734,847.0,417,nan,0,nan,0,nan,0,nan,0,nan,0,nan,0,nan,0,nan,0
1597988250647246080,1597988251240000000,2020-08-21 13:37:31.240000,847.0,860.5,841.0,850.0,nan,850.0,635101,54003173050.0,660148,847.5,732,847.0,417,nan,0,nan,0,nan,0,nan,0,nan,0,nan,0,nan,0,nan,0
1597988251140890880,1597988251737999872,2020-08-21 13:37:31.738000,847.0,860.5,841.0,850.0,nan,850.0,635128,54005459950.0,660157,847.5,732,847.0,389,nan,0,nan,0,nan,0,nan,0,nan,0,nan,0,nan,0,nan,0
1597988251658107904,1597988252190000128,2020-08-21 13:37:32.190000,847.5,860.5,841.0,850.0,nan,850.0,635131,54005714200.0,660160,847.5,731,847.0,373,nan,0,nan,0,nan,0,nan,0,nan,0,nan,0,nan,0,nan,0
1597988252144406016,1597988252742000128,2020-08-21 13:37:32.742000,847.5,860.5,841.0,850.0,nan,850.0,635131,54005714200.0,660160,847.5,731,847.0,375,nan,0,nan,0,nan,0,nan,0,nan,0,nan,0,nan,0,nan,0
1597988252664388096,1597988253234999808,2020-08-21 13:37:33.235000,847.5,860.5,841.0,850.0,nan,850.0,635131,54005714200.0,660160,847.5,731,847.0,376,nan,0,nan,0,nan,0,nan,0,nan,0,nan,0,nan,0,nan,0
1597988253159611904,1597988253730000128,2020-08-21 13:37:33.730000,847.5,860.5,841.0,850.0,nan,850.0,635131,54005714200.0,660160,847.5,722,847.0,376,nan,0,nan,0,nan,0,nan,0,nan,0,nan,0,nan,0,nan,0
1597988253634018048,1597988254232000000,2020-08-21 13:37:34.232000,847.0,860.5,841.0,850.0,nan,850.0,635135,54006053050.0,660163,847.5,722,847.0,375,nan,0,nan,0,nan,0,nan,0,nan,0,nan,0,nan,0,nan,0
1597988254134417920,1597988254720000000,2020-08-21 13:37:34.720000,847.0,860.5,841.0,850.0,nan,850.0,635136,54006137750.0,660164,847.5,722,847.0,374,nan,0,nan,0,nan,0,nan,0,nan,0,nan,0,nan,0,nan,0
1597988254633224960,1597988255216000000,2020-08-21 13:37:35.216000,847.0,860.5,841.0,850.0,nan,850.0,635136,54006137750.0,660164,847.5,721,847.0,374,nan,0,nan,0,nan,0,nan,0,nan,0,nan,0,nan,0,nan,0
1597988255138482944,1597988255736000000,2020-08-21 13:37:35.736000,847.0,860.5,841.0,850.0,nan,850.0,635136,54006137750.0,660164,847.5,726,847.0,365,nan,0,nan,0,nan,0,nan,0,nan,0,nan,0,nan,0,nan,0
1597988255638400000,1597988256232999936,2020-08-21 13:37:36.233000,847.0,860.5,841.0,850.0,nan,850.0,635137,54006222450.0,660165,847.5,727,847.0,365,nan,0,nan,0,nan,0,nan,0,nan,0,nan,0,nan,0,nan,0
1597988256175130880,1597988256673000192,2020-08-21 13:37:36.673000,847.0,860.5,841.0,850.0,nan,850.0,635137,54006222450.0,660165,847.5,727,847.0,364,nan,0,nan,0,nan,0,nan,0,nan,0,nan,0,nan,0,nan,0
1597988256653434880,1597988257223000064,2020-08-21 13:37:37.223000,847.0,860.5,841.0,850.0,nan,850.0,635148,54007154200.0,660174,847.5,726,847.0,353,nan,0,nan,0,nan,0,nan,0,nan,0,nan,0,nan,0,nan,0
1597988257129760000,1597988257727000064,2020-08-21 13:37:37.727000,847.0,860.5,841.0,850.0,nan,850.0,635149,54007238900.0,660174,847.5,726,847.0,352,nan,0,nan,0,nan,0,nan,0,nan,0,nan,0,nan,0,nan,0
1597988258141772032,1597988258733999872,2020-08-21 13:37:38.734000,847.0,860.5,841.0,850.0,nan,850.0,635150,54007323600.0,660174,847.5,726,847.0,350,nan,0,nan,0,nan,0,nan,0,nan,0,nan,0,nan,0,nan,0
1597988258632724992,1597988259209000192,2020-08-21 13:37:39.209000,847.5,860.5,841.0,850.0,nan,850.0,635160,54008171100.0,660165,847.5,721,847.0,351,nan,0,nan,0,nan,0,nan,0,nan,0,nan,0,nan,0,nan,0
1597988259178723072,1597988259724000000,2020-08-21 13:37:39.724000,847.5,860.5,841.0,850.0,nan,850.0,635160,54008171100.0,660165,847.5,721,847.0,355,nan,0,nan,0,nan,0,nan,0,nan,0,nan,0,nan,0,nan,0
1597988259641530112,1597988260211000064,2020-08-21 13:37:40.211000,847.0,860.5,841.0,850.0,nan,850.0,635161,54008255800.0,660165,847.5,722,847.0,353,nan,0,nan,0,nan,0,nan,0,nan,0,nan,0,nan,0,nan,0
1597988260131119104,1597988260736999936,2020-08-21 13:37:40.737000,847.0,860.5,841.0,850.0,nan,850.0,635161,54008255800.0,660165,847.5,724,847.0,363,nan,0,nan,0,nan,0,nan,0,nan,0,nan,0,nan,0,nan,0
1597988260640416000,1597988261233999872,2020-08-21 13:37:41.234000,847.0,860.5,841.0,850.0,nan,850.0,635162,54008340500.0,660166,847.5,724,847.0,363,nan,0,nan,0,nan,0,nan,0,nan,0,nan,0,nan,0,nan,0
1597988261179817984,1597988261723000064,2020-08-21 13:37:41.723000,847.5,860.5,841.0,850.0,nan,850.0,635165,54008594750.0,660165,847.5,721,847.0,363,nan,0,nan,0,nan,0,nan,0,nan,0,nan,0,nan,0,nan,0
1597988262179404032,1597988262742000128,2020-08-21 13:37:42.742000,847.5,860.5,841.0,850.0,nan,850.0,635165,54008594750.0,660165,847.5,724,847.0,363,nan,0,nan,0,nan,0,nan,0,nan,0,nan,0,nan,0,nan,0
1597988262633032960,1597988263232999936,2020-08-21 13:37:43.233000,847.5,860.5,841.0,850.0,nan,850.0,635165,54008594750.0,660165,847.5,721,847.0,393,nan,0,nan,0,nan,0,nan,0,nan,0,nan,0,nan,0,nan,0
1597988263628976128,1597988264236999936,2020-08-21 13:37:44.237000,847.5,860.5,841.0,850.0,nan,850.0,635165,54008594750.0,660165,847.5,722,847.0,420,nan,0,nan,0,nan,0,nan,0,nan,0,nan,0,nan,0,nan,0
1597988264153978880,1597988264730000128,2020-08-21 13:37:44.730000,847.5,860.5,841.0,850.0,nan,850.0,635165,54008594750.0,660165,847.5,722,847.0,431,nan,0,nan,0,nan,0,nan,0,nan,0,nan,0,nan,0,nan,0
1597988264630745088,1597988265232000000,2020-08-21 13:37:45.232000,847.5,860.5,841.0,850.0,nan,850.0,635168,54008849000.0,660165,847.5,720,847.0,446,nan,0,nan,0,nan,0,nan,0,nan,0,nan,0,nan,0,nan,0
1597988265137594112,1597988265709000192,2020-08-21 13:37:45.709000,847.0,860.5,841.0,850.0,nan,850.0,635170,54009018400.0,660167,847.5,720,847.0,460,nan,0,nan,0,nan,0,nan,0,nan,0,nan,0,nan,0,nan,0
1597988265625460992,1597988266236000000,2020-08-21 13:37:46.236000,847.0,860.5,841.0,850.0,nan,850.0,635173,54009272600.0,660166,847.5,718,847.0,461,nan,0,nan,0,nan,0,nan,0,nan,0,nan,0,nan,0,nan,0
1597988266177547008,1597988266729000192,2020-08-21 13:37:46.729000,847.0,860.5,841.0,850.0,nan,850.0,635173,54009272600.0,660166,847.5,718,847.0,463,nan,0,nan,0,nan,0,nan,0,nan,0,nan,0,nan,0,nan,0
1597988267167886080,1597988267736999936,2020-08-21 13:37:47.737000,847.0,860.5,841.0,850.0,nan,850.0,635173,54009272600.0,660166,847.5,719,847.0,463,nan,0,nan,0,nan,0,nan,0,nan,0,nan,0,nan,0,nan,0
1597988267626959104,1597988268101999872,2020-08-21 13:37:48.102000,847.5,860.5,841.0,850.0,nan,850.0,635174,54009357350.0,660166,847.5,718,847.0,464,nan,0,nan,0,nan,0,nan,0,nan,0,nan,0,nan,0,nan,0
1597988269129430016,1597988269736000000,2020-08-21 13:37:49.736000,847.5,860.5,841.0,850.0,nan,850.0,635176,54009526850.0,660166,847.5,716,847.0,465,nan,0,nan,0,nan,0,nan,0,nan,0,nan,0,nan,0,nan,0
1597988270145810944,1597988270728000000,2020-08-21 13:37:50.728000,847.5,860.5,841.0,850.0,nan,850.0,635184,54010204850.0,660166,847.5,708,847.0,465,nan,0,nan,0,nan,0,nan,0,nan,0,nan,0,nan,0,nan,0
1597988270632420096,1597988271228000000,2020-08-21 13:37:51.228000,847.5,860.5,841.0,850.0,nan,850.0,635198,54011391250.0,660167,847.5,696,847.0,463,nan,0,nan,0,nan,0,nan,0,nan,0,nan,0,nan,0,nan,0
1597988271144292096,1597988271693000192,2020-08-21 13:37:51.693000,847.5,860.5,841.0,850.0,nan,850.0,635256,54016306750.0,660185,847.5,639,847.0,471,nan,0,nan,0,nan,0,nan,0,nan,0,nan,0,nan,0,nan,0
1597988271630404096,1597988272231000064,2020-08-21 13:37:52.231000,847.0,860.5,841.0,850.0,nan,850.0,635259,54016560850.0,660182,847.5,639,847.0,470,nan,0,nan,0,nan,0,nan,0,nan,0,nan,0,nan,0,nan,0
1597988272134910976,1597988272704999936,2020-08-21 13:37:52.705000,847.5,860.5,841.0,850.0,nan,850.0,635261,54016730350.0,660182,847.5,637,847.0,470,nan,0,nan,0,nan,0,nan,0,nan,0,nan,0,nan,0,nan,0
1597988273140740096,1597988273728000000,2020-08-21 13:37:53.728000,847.5,860.5,841.0,850.0,nan,850.0,635261,54016730350.0,660182,847.5,638,847.0,472,nan,0,nan,0,nan,0,nan,0,nan,0,nan,0,nan,0,nan,0
1597988274142184960,1597988274632999936,2020-08-21 13:37:54.633000,847.5,860.5,841.0,850.0,nan,850.0,635262,54016815100.0,660182,847.5,637,847.0,472,nan,0,nan,0,nan,0,nan,0,nan,0,nan,0,nan,0,nan,0
1597988274634044928,1597988275239000064,2020-08-21 13:37:55.239000,847.5,860.5,841.0,850.0,nan,850.0,635278,54018171100.0,660185,847.5,622,847.0,429,nan,0,nan,0,nan,0,nan,0,nan,0,nan,0,nan,0,nan,0
1597988275132960000,1597988275564999936,2020-08-21 13:37:55.565000,847.5,860.5,841.0,850.0,nan,850.0,635289,54019103300.0,660184,847.5,612,847.0,445,nan,0,nan,0,nan,0,nan,0,nan,0,nan,0,nan,0,nan,0
1597988275710482944,1597988276240999936,2020-08-21 13:37:56.241000,847.5,860.5,841.0,850.0,nan,850.0,635325,54022154250.0,660185,847.5,582,847.0,415,nan,0,nan,0,nan,0,nan,0,nan,0,nan,0,nan,0,nan,0
1597988276141522944,1597988276724999936,2020-08-21 13:37:56.725000,847.5,860.5,841.0,850.0,nan,850.0,635350,54024273000.0,660185,847.5,557,847.0,415,nan,0,nan,0,nan,0,nan,0,nan,0,nan,0,nan,0,nan,0
1597988276808520960,1597988277191000064,2020-08-21 13:37:57.191000,847.5,860.5,841.0,850.0,nan,850.0,635360,54025120350.0,660179,847.5,550,847.0,407,nan,0,nan,0,nan,0,nan,0,nan,0,nan,0,nan,0,nan,0
1597988277257850880,1597988277667000064,2020-08-21 13:37:57.667000,847.5,860.5,841.0,850.0,nan,850.0,635395,54028086300.0,660172,847.5,521,847.0,404,nan,0,nan,0,nan,0,nan,0,nan,0,nan,0,nan,0,nan,0
1597988277637349120,1597988278236999936,2020-08-21 13:37:58.237000,847.0,860.5,841.0,850.0,nan,850.0,635404,54028848750.0,660168,847.5,518,847.0,376,nan,0,nan,0,nan,0,nan,0,nan,0,nan,0,nan,0,nan,0
1597988278131858944,1597988278713999872,2020-08-21 13:37:58.714000,847.5,860.5,841.0,850.0,nan,850.0,635416,54029865650.0,660162,847.5,508,847.0,367,nan,0,nan,0,nan,0,nan,0,nan,0,nan,0,nan,0,nan,0
1597988278632019968,1597988279236000000,2020-08-21 13:37:59.236000,847.5,860.5,841.0,850.0,nan,850.0,635430,54031052150.0,660162,847.5,494,847.0,367,nan,0,nan,0,nan,0,nan,0,nan,0,nan,0,nan,0,nan,0
1597988279150871040,1597988279580000000,2020-08-21 13:37:59.580000,847.0,860.5,841.0,850.0,nan,850.0,635431,54031136850.0,660163,847.5,494,847.0,366,nan,0,nan,0,nan,0,nan,0,nan,0,nan,0,nan,0,nan,0
1597988279641520128,1597988280138000128,2020-08-21 13:38:00.138000,847.0,860.5,841.0,850.0,nan,850.0,635431,54031136850.0,660163,847.5,494,847.0,367,nan,0,nan,0,nan,0,nan,0,nan,0,nan,0,nan,0,nan,0
1597988280164038912,1597988280742000128,2020-08-21 13:38:00.742000,847.0,860.5,841.0,850.0,nan,850.0,635431,54031136850.0,660163,847.5,494,847.0,368,nan,0,nan,0,nan,0,nan,0,nan,0,nan,0,nan,0,nan,0
1597988280631607040,1597988281236999936,2020-08-21 13:38:01.237000,847.0,860.5,841.0,850.0,nan,850.0,635450,54032746150.0,660156,847.5,489,847.0,351,nan,0,nan,0,nan,0,nan,0,nan,0,nan,0,nan,0,nan,0
1597988281630831104,1597988282073999872,2020-08-21 13:38:02.074000,847.0,860.5,841.0,850.0,nan,850.0,635450,54032746150.0,660156,847.5,489,847.0,338,nan,0,nan,0,nan,0,nan,0,nan,0,nan,0,nan,0,nan,0
1597988282147919104,1597988282611000064,2020-08-21 13:38:02.611000,847.0,860.5,841.0,850.0,nan,850.0,635451,54032830850.0,660156,847.5,496,847.0,342,nan,0,nan,0,nan,0,nan,0,nan,0,nan,0,nan,0,nan,0
1597988282639034112,1597988283207000064,2020-08-21 13:38:03.207000,847.0,860.5,841.0,850.0,nan,850.0,635451,54032830850.0,660156,847.5,502,847.0,342,nan,0,nan,0,nan,0,nan,0,nan,0,nan,0,nan,0,nan,0
1597988283140945920,1597988283701999872,2020-08-21 13:38:03.702000,847.0,860.5,841.0,850.0,nan,850.0,635451,54032830850.0,660156,847.5,501,847.0,341,nan,0,nan,0,nan,0,nan,0,nan,0,nan,0,nan,0,nan,0
1597988283631236096,1597988284226000128,2020-08-21 13:38:04.226000,847.5,860.5,841.0,850.0,nan,850.0,635453,54033000350.0,660154,847.5,499,847.0,342,nan,0,nan,0,nan,0,nan,0,nan,0,nan,0,nan,0,nan,0
1597988284142970112,1597988284694999808,2020-08-21 13:38:04.695000,847.5,860.5,841.0,850.0,nan,850.0,635456,54033254600.0,660154,847.5,496,847.0,343,nan,0,nan,0,nan,0,nan,0,nan,0,nan,0,nan,0,nan,0
1597988284631312896,1597988285198999808,2020-08-21 13:38:05.199000,847.0,860.5,841.0,850.0,nan,850.0,635528,54039353000.0,660200,847.5,499,847.0,269,nan,0,nan,0,nan,0,nan,0,nan,0,nan,0,nan,0,nan,0
1597988285156613888,1597988285589999872,2020-08-21 13:38:05.590000,847.0,860.5,841.0,850.0,nan,850.0,635529,54039437700.0,660200,847.5,500,847.0,268,nan,0,nan,0,nan,0,nan,0,nan,0,nan,0,nan,0,nan,0
1597988285635192064,1597988286236999936,2020-08-21 13:38:06.237000,847.0,860.5,841.0,850.0,nan,850.0,635530,54039522400.0,660201,847.5,501,847.0,267,nan,0,nan,0,nan,0,nan,0,nan,0,nan,0,nan,0,nan,0
1597988286630328064,1597988287220000000,2020-08-21 13:38:07.220000,847.0,860.5,841.0,850.0,nan,850.0,635530,54039522400.0,660201,847.5,501,847.0,269,nan,0,nan,0,nan,0,nan,0,nan,0,nan,0,nan,0,nan,0
1597988287635630080,1597988288242000128,2020-08-21 13:38:08.242000,847.5,860.5,841.0,850.0,nan,850.0,635531,54039607150.0,660201,847.5,500,847.0,269,nan,0,nan,0,nan,0,nan,0,nan,0,nan,0,nan,0,nan,0
1597988288628968960,1597988289240999936,2020-08-21 13:38:09.241000,847.5,860.5,841.0,850.0,nan,850.0,635534,54039861300.0,660200,847.5,498,847.0,267,nan,0,nan,0,nan,0,nan,0,nan,0,nan,0,nan,0,nan,0
1597988289170436096,1597988289724999936,2020-08-21 13:38:09.725000,847.5,860.5,841.0,850.0,nan,850.0,635534,54039861300.0,660200,847.5,498,847.0,266,nan,0,nan,0,nan,0,nan,0,nan,0,nan,0,nan,0,nan,0
1597988289633341952,1597988290228000000,2020-08-21 13:38:10.228000,847.5,860.5,841.0,850.0,nan,850.0,635534,54039861300.0,660200,847.5,497,847.0,266,nan,0,nan,0,nan,0,nan,0,nan,0,nan,0,nan,0,nan,0
1597988290130252032,1597988290595000064,2020-08-21 13:38:10.595000,847.5,860.5,841.0,850.0,nan,850.0,635534,54039861300.0,660200,847.5,497,847.0,367,nan,0,nan,0,nan,0,nan,0,nan,0,nan,0,nan,0,nan,0
1597988290625715968,1597988291226000128,2020-08-21 13:38:11.226000,847.5,860.5,841.0,850.0,nan,850.0,635535,54039946050.0,660200,847.5,496,847.0,367,nan,0,nan,0,nan,0,nan,0,nan,0,nan,0,nan,0,nan,0
1597988291159712000,1597988291740999936,2020-08-21 13:38:11.741000,847.5,860.5,841.0,850.0,nan,850.0,635535,54039946050.0,660200,847.5,500,847.0,367,nan,0,nan,0,nan,0,nan,0,nan,0,nan,0,nan,0,nan,0
1597988292624083968,1597988293220999936,2020-08-21 13:38:13.221000,847.5,860.5,841.0,850.0,nan,850.0,635536,54040030800.0,660199,847.5,495,847.0,367,nan,0,nan,0,nan,0,nan,0,nan,0,nan,0,nan,0,nan,0
1597988293138210048,1597988293712000000,2020-08-21 13:38:13.712000,847.5,860.5,841.0,850.0,nan,850.0,635536,54040030800.0,660199,847.5,495,847.0,379,nan,0,nan,0,nan,0,nan,0,nan,0,nan,0,nan,0,nan,0
1597988293667143936,1597988294207000064,2020-08-21 13:38:14.207000,847.5,860.5,841.0,850.0,nan,850.0,635536,54040030800.0,660199,847.5,496,847.0,381,nan,0,nan,0,nan,0,nan,0,nan,0,nan,0,nan,0,nan,0
1597988294143474944,1597988294740000000,2020-08-21 13:38:14.740000,847.5,860.5,841.0,850.0,nan,850.0,635542,54040539300.0,660199,847.5,490,847.0,387,nan,0,nan,0,nan,0,nan,0,nan,0,nan,0,nan,0,nan,0
1597988295632600064,1597988296234999808,2020-08-21 13:38:16.235000,847.5,860.5,841.0,850.0,nan,850.0,635602,54045624300.0,660148,847.5,430,847.0,387,nan,0,nan,0,nan,0,nan,0,nan,0,nan,0,nan,0,nan,0
1597988296127983104,1597988296729000192,2020-08-21 13:38:16.729000,847.5,860.5,841.0,850.0,nan,850.0,635602,54045624300.0,660148,847.5,433,847.0,395,nan,0,nan,0,nan,0,nan,0,nan,0,nan,0,nan,0,nan,0
1597988296643450880,1597988297220000000,2020-08-21 13:38:17.220000,847.5,860.5,841.0,850.0,nan,850.0,635602,54045624300.0,660148,847.5,433,847.0,404,nan,0,nan,0,nan,0,nan,0,nan,0,nan,0,nan,0,nan,0
1597988297152753920,1597988297716000000,2020-08-21 13:38:17.716000,847.5,860.5,841.0,850.0,nan,850.0,635602,54045624300.0,660148,847.5,433,847.0,405,nan,0,nan,0,nan,0,nan,0,nan,0,nan,0,nan,0,nan,0
1597988297638082048,1597988298234999808,2020-08-21 13:38:18.235000,847.5,860.5,841.0,850.0,nan,850.0,635603,54045709050.0,660147,847.5,430,847.0,404,nan,0,nan,0,nan,0,nan,0,nan,0,nan,0,nan,0,nan,0
1597988298176257024,1597988298721999872,2020-08-21 13:38:18.722000,847.5,860.5,841.0,850.0,nan,850.0,635603,54045709050.0,660147,847.5,431,847.0,406,nan,0,nan,0,nan,0,nan,0,nan,0,nan,0,nan,0,nan,0
1597988298638004992,1597988299223000064,2020-08-21 13:38:19.223000,847.0,860.5,841.0,850.0,nan,850.0,635604,54045793750.0,660148,847.5,432,847.0,406,nan,0,nan,0,nan,0,nan,0,nan,0,nan,0,nan,0,nan,0
1597988299145882112,1597988299731000064,2020-08-21 13:38:19.731000,847.0,860.5,841.0,850.0,nan,850.0,635604,54045793750.0,660148,847.5,433,847.0,404,nan,0,nan,0,nan,0,nan,0,nan,0,nan,0,nan,0,nan,0
1597988299640035072,1597988300209000192,2020-08-21 13:38:20.209000,847.5,860.5,841.0,850.0,nan,850.0,635610,54046302250.0,660148,847.5,427,847.0,414,nan,0,nan,0,nan,0,nan,0,nan,0,nan,0,nan,0,nan,0
1597988300148496896,1597988300708000000,2020-08-21 13:38:20.708000,847.5,860.5,841.0,850.0,nan,850.0,635610,54046302250.0,660148,847.5,428,847.0,419,nan,0,nan,0,nan,0,nan,0,nan,0,nan,0,nan,0,nan,0
1597988300687577088,1597988301226000128,2020-08-21 13:38:21.226000,847.5,860.5,841.0,850.0,nan,850.0,635611,54046387000.0,660148,847.5,425,847.0,419,nan,0,nan,0,nan,0,nan,0,nan,0,nan,0,nan,0,nan,0
1597988301454184960,1597988301716999936,2020-08-21 13:38:21.717000,847.0,860.5,841.0,850.0,nan,850.0,635613,54046556400.0,660147,847.5,425,847.0,419,nan,0,nan,0,nan,0,nan,0,nan,0,nan,0,nan,0,nan,0
1597988301830804992,1597988302231000064,2020-08-21 13:38:22.231000,847.5,860.5,841.0,850.0,nan,850.0,635615,54046725850.0,660147,847.5,425,847.0,418,nan,0,nan,0,nan,0,nan,0,nan,0,nan,0,nan,0,nan,0
1597988302193839104,1597988302732000000,2020-08-21 13:38:22.732000,847.0,860.5,841.0,850.0,nan,850.0,635616,54046810550.0,660147,847.5,425,847.0,417,nan,0,nan,0,nan,0,nan,0,nan,0,nan,0,nan,0,nan,0
1597988302659898880,1597988303228000000,2020-08-21 13:38:23.228000,847.0,860.5,841.0,850.0,nan,850.0,635616,54046810550.0,660147,847.5,425,847.0,422,nan,0,nan,0,nan,0,nan,0,nan,0,nan,0,nan,0,nan,0
1597988303147991040,1597988303732000000,2020-08-21 13:38:23.732000,847.0,860.5,841.0,850.0,nan,850.0,635616,54046810550.0,660147,847.5,427,847.0,423,nan,0,nan,0,nan,0,nan,0,nan,0,nan,0,nan,0,nan,0
1597988304156463104,1597988304743000064,2020-08-21 13:38:24.743000,847.0,860.5,841.0,850.0,nan,850.0,635627,54047742700.0,660148,847.5,418,847.0,418,nan,0,nan,0,nan,0,nan,0,nan,0,nan,0,nan,0,nan,0
1597988304652953088,1597988305243000064,2020-08-21 13:38:25.243000,847.5,860.5,841.0,850.0,nan,850.0,635636,54048505450.0,660147,847.5,409,847.0,418,nan,0,nan,0,nan,0,nan,0,nan,0,nan,0,nan,0,nan,0
1597988305128407040,1597988305742000128,2020-08-21 13:38:25.742000,847.5,860.5,841.0,850.0,nan,850.0,635638,54048674950.0,660147,847.5,407,847.0,418,nan,0,nan,0,nan,0,nan,0,nan,0,nan,0,nan,0,nan,0
1597988305634179072,1597988306220000000,2020-08-21 13:38:26.220000,847.5,860.5,841.0,850.0,nan,850.0,635638,54048674950.0,660147,847.5,409,847.0,428,nan,0,nan,0,nan,0,nan,0,nan,0,nan,0,nan,0,nan,0
1597988306145761024,1597988306707000064,2020-08-21 13:38:26.707000,847.5,860.5,841.0,850.0,nan,850.0,635638,54048674950.0,660147,847.5,409,847.0,435,nan,0,nan,0,nan,0,nan,0,nan,0,nan,0,nan,0,nan,0
1597988306628251904,1597988307108000000,2020-08-21 13:38:27.108000,847.5,860.5,841.0,850.0,nan,850.0,635731,54056556700.0,660137,847.5,317,847.0,464,nan,0,nan,0,nan,0,nan,0,nan,0,nan,0,nan,0,nan,0
1597988307136069888,1597988307742000128,2020-08-21 13:38:27.742000,847.5,860.5,841.0,850.0,nan,850.0,636110,54088676950.0,660088,848.0,280,847.5,203,nan,0,nan,0,nan,0,nan,0,nan,0,nan,0,nan,0,nan,0
1597988307635351040,1597988308217999872,2020-08-21 13:38:28.218000,847.5,860.5,841.0,850.0,nan,850.0,636116,54089185450.0,660085,848.0,289,847.5,214,nan,0,nan,0,nan,0,nan,0,nan,0,nan,0,nan,0,nan,0
1597988308137089024,1597988308716999936,2020-08-21 13:38:28.717000,847.5,860.5,841.0,850.0,nan,850.0,636117,54089270200.0,660085,848.0,309,847.5,258,nan,0,nan,0,nan,0,nan,0,nan,0,nan,0,nan,0,nan,0
1597988308650878976,1597988309229000192,2020-08-21 13:38:29.229000,847.5,860.5,841.0,850.0,nan,850.0,636117,54089270200.0,660085,848.0,309,847.5,262,nan,0,nan,0,nan,0,nan,0,nan,0,nan,0,nan,0,nan,0
1597988309158839040,1597988309736000000,2020-08-21 13:38:29.736000,847.5,860.5,841.0,850.0,nan,850.0,636118,54089354950.0,660085,848.0,309,847.5,265,nan,0,nan,0,nan,0,nan,0,nan,0,nan,0,nan,0,nan,0
1597988309699005952,1597988310226000128,2020-08-21 13:38:30.226000,848.0,860.5,841.0,850.0,nan,850.0,636120,54089524550.0,660085,848.0,307,847.5,275,nan,0,nan,0,nan,0,nan,0,nan,0,nan,0,nan,0,nan,0
1597988310238533888,1597988310724000000,2020-08-21 13:38:30.724000,848.0,860.5,841.0,850.0,nan,850.0,636127,54090118150.0,660078,848.0,299,847.5,275,nan,0,nan,0,nan,0,nan,0,nan,0,nan,0,nan,0,nan,0
1597988310646691072,1597988311219000064,2020-08-21 13:38:31.219000,847.5,860.5,841.0,850.0,nan,850.0,636188,54095290450.0,660028,848.0,244,847.5,265,nan,0,nan,0,nan,0,nan,0,nan,0,nan,0,nan,0,nan,0
1597988311134752000,1597988311694000128,2020-08-21 13:38:31.694000,847.5,860.5,841.0,850.0,nan,850.0,636188,54095290450.0,660028,848.0,242,847.5,266,nan,0,nan,0,nan,0,nan,0,nan,0,nan,0,nan,0,nan,0
1597988311632163072,1597988312187000064,2020-08-21 13:38:32.187000,847.5,860.5,841.0,850.0,nan,850.0,636189,54095375200.0,660028,848.0,242,847.5,265,nan,0,nan,0,nan,0,nan,0,nan,0,nan,0,nan,0,nan,0
1597988312145547008,1597988312696000000,2020-08-21 13:38:32.696000,847.5,860.5,841.0,850.0,nan,850.0,636190,54095459950.0,660028,848.0,224,847.5,264,nan,0,nan,0,nan,0,nan,0,nan,0,nan,0,nan,0,nan,0
1597988312646337024,1597988313239000064,2020-08-21 13:38:33.239000,847.5,860.5,841.0,850.0,nan,850.0,636190,54095459950.0,660028,848.0,227,847.5,264,nan,0,nan,0,nan,0,nan,0,nan,0,nan,0,nan,0,nan,0
1597988313164401920,1597988313668999936,2020-08-21 13:38:33.669000,847.5,860.5,841.0,850.0,nan,850.0,636190,54095459950.0,660028,848.0,232,847.5,265,nan,0,nan,0,nan,0,nan,0,nan,0,nan,0,nan,0,nan,0
1597988313631301888,1597988314212000000,2020-08-21 13:38:34.212000,848.0,860.5,841.0,850.0,nan,850.0,636191,54095544750.0,660028,848.0,229,847.5,280,nan,0,nan,0,nan,0,nan,0,nan,0,nan,0,nan,0,nan,0
1597988314136176896,1597988314733999872,2020-08-21 13:38:34.734000,847.5,860.5,841.0,850.0,nan,850.0,636193,54095714250.0,660026,848.0,221,847.5,279,nan,0,nan,0,nan,0,nan,0,nan,0,nan,0,nan,0,nan,0
1597988314635226880,1597988315232999936,2020-08-21 13:38:35.233000,847.5,860.5,841.0,850.0,nan,850.0,636212,54097325100.0,660007,848.0,213,847.5,268,nan,0,nan,0,nan,0,nan,0,nan,0,nan,0,nan,0,nan,0
1597988315159619072,1597988315713999872,2020-08-21 13:38:35.714000,847.5,860.5,841.0,850.0,nan,850.0,636232,54099021000.0,659995,848.0,206,847.5,270,nan,0,nan,0,nan,0,nan,0,nan,0,nan,0,nan,0,nan,0
1597988315693275904,1597988316124999936,2020-08-21 13:38:36.125000,848.0,860.5,841.0,850.0,nan,850.0,636233,54099105800.0,659996,848.0,205,847.5,265,nan,0,nan,0,nan,0,nan,0,nan,0,nan,0,nan,0,nan,0
1597988316169030912,1597988316580000000,2020-08-21 13:38:36.580000,848.0,860.5,841.0,850.0,nan,850.0,636233,54099105800.0,659996,848.0,248,847.5,265,nan,0,nan,0,nan,0,nan,0,nan,0,nan,0,nan,0,nan,0
1597988316635259904,1597988317240999936,2020-08-21 13:38:37.241000,847.5,860.5,841.0,850.0,nan,850.0,636235,54099275300.0,659994,848.0,251,847.5,262,nan,0,nan,0,nan,0,nan,0,nan,0,nan,0,nan,0,nan,0
1597988317141548032,1597988317700999936,2020-08-21 13:38:37.701000,847.5,860.5,841.0,850.0,nan,850.0,636235,54099275300.0,659994,848.0,268,847.5,262,nan,0,nan,0,nan,0,nan,0,nan,0,nan,0,nan,0,nan,0
1597988317641627904,1597988318224000000,2020-08-21 13:38:38.224000,848.0,860.5,841.0,850.0,nan,850.0,636237,54099444900.0,659995,848.0,266,847.5,262,nan,0,nan,0,nan,0,nan,0,nan,0,nan,0,nan,0,nan,0
1597988318625628928,1597988319216999936,2020-08-21 13:38:39.217000,848.0,860.5,841.0,850.0,nan,850.0,636246,54100208100.0,659992,848.0,268,847.5,273,nan,0,nan,0,nan,0,nan,0,nan,0,nan,0,nan,0,nan,0
1597988319177568000,1597988319726000128,2020-08-21 13:38:39.726000,848.0,860.5,841.0,850.0,nan,850.0,636246,54100208100.0,659992,848.0,268,847.5,279,nan,0,nan,0,nan,0,nan,0,nan,0,nan,0,nan,0,nan,0
1597988319639950080,1597988320240999936,2020-08-21 13:38:40.241000,848.0,860.5,841.0,850.0,nan,850.0,636252,54100716900.0,659996,848.0,264,847.5,280,nan,0,nan,0,nan,0,nan,0,nan,0,nan,0,nan,0,nan,0
1597988320135066112,1597988320728000000,2020-08-21 13:38:40.728000,848.0,860.5,841.0,850.0,nan,850.0,636252,54100716900.0,659996,848.0,250,847.5,281,nan,0,nan,0,nan,0,nan,0,nan,0,nan,0,nan,0,nan,0
1597988320640066048,1597988321224999936,2020-08-21 13:38:41.225000,847.5,860.5,841.0,850.0,nan,850.0,636259,54101310450.0,659992,848.0,245,847.5,283,nan,0,nan,0,nan,0,nan,0,nan,0,nan,0,nan,0,nan,0
1597988321178081024,1597988321740999936,2020-08-21 13:38:41.741000,847.5,860.5,841.0,850.0,nan,850.0,636259,54101310450.0,659992,848.0,235,847.5,292,nan,0,nan,0,nan,0,nan,0,nan,0,nan,0,nan,0,nan,0
1597988321634766080,1597988322216000000,2020-08-21 13:38:42.216000,848.0,860.5,841.0,850.0,nan,850.0,636272,54102412850.0,659987,848.0,220,847.5,293,nan,0,nan,0,nan,0,nan,0,nan,0,nan,0,nan,0,nan,0
1597988322154649088,1597988322726000128,2020-08-21 13:38:42.726000,848.0,860.5,841.0,850.0,nan,850.0,636272,54102412850.0,659987,848.0,220,847.5,299,nan,0,nan,0,nan,0,nan,0,nan,0,nan,0,nan,0,nan,0
1597988322630812928,1597988323213999872,2020-08-21 13:38:43.214000,848.0,860.5,841.0,850.0,nan,850.0,636273,54102497650.0,659988,848.0,219,847.5,299,nan,0,nan,0,nan,0,nan,0,nan,0,nan,0,nan,0,nan,0
1597988323136538880,1597988323644999936,2020-08-21 13:38:43.645000,847.5,860.5,841.0,850.0,nan,850.0,636275,54102667200.0,659990,848.0,220,847.5,307,nan,0,nan,0,nan,0,nan,0,nan,0,nan,0,nan,0,nan,0
1597988323638385920,1597988324236999936,2020-08-21 13:38:44.237000,847.5,860.5,841.0,850.0,nan,850.0,636275,54102667200.0,659990,848.0,220,847.5,308,nan,0,nan,0,nan,0,nan,0,nan,0,nan,0,nan,0,nan,0
1597988324183788032,1597988324729000192,2020-08-21 13:38:44.729000,848.0,860.5,841.0,850.0,nan,850.0,636278,54102921600.0,659991,848.0,200,847.5,309,nan,0,nan,0,nan,0,nan,0,nan,0,nan,0,nan,0,nan,0
1597988324641837056,1597988325237999872,2020-08-21 13:38:45.238000,848.0,860.5,841.0,850.0,nan,850.0,636278,54102921600.0,659991,848.0,201,847.5,334,nan,0,nan,0,nan,0,nan,0,nan,0,nan,0,nan,0,nan,0
1597988325177178112,1597988325742000128,2020-08-21 13:38:45.742000,847.5,860.5,841.0,850.0,nan,850.0,636314,54105974350.0,659972,848.0,157,847.5,336,nan,0,nan,0,nan,0,nan,0,nan,0,nan,0,nan,0,nan,0
1597988325648899072,1597988326224000000,2020-08-21 13:38:46.224000,848.0,860.5,841.0,850.0,nan,850.0,636324,54106822350.0,659969,848.0,114,847.5,344,nan,0,nan,0,nan,0,nan,0,nan,0,nan,0,nan,0,nan,0
1597988326149003008,1597988326728000000,2020-08-21 13:38:46.728000,848.0,860.5,841.0,850.0,nan,850.0,636349,54108942350.0,659973,848.0,90,847.5,456,nan,0,nan,0,nan,0,nan,0,nan,0,nan,0,nan,0,nan,0
1597988326647328000,1597988327224999936,2020-08-21 13:38:47.225000,848.0,860.5,841.0,850.0,nan,850.0,636380,54111571150.0,659973,848.0,67,847.5,433,nan,0,nan,0,nan,0,nan,0,nan,0,nan,0,nan,0,nan,0
1597988327284216064,1597988327700999936,2020-08-21 13:38:47.701000,848.0,860.5,841.0,850.0,nan,850.0,636405,54113691150.0,659966,848.0,44,847.5,434,nan,0,nan,0,nan,0,nan,0,nan,0,nan,0,nan,0,nan,0
1597988328182960128,1597988328732000000,2020-08-21 13:38:48.732000,848.0,860.5,841.0,850.0,nan,850.0,636426,54115471950.0,659969,848.0,23,847.5,435,nan,0,nan,0,nan,0,nan,0,nan,0,nan,0,nan,0,nan,0
1597988328707237120,1597988329188000000,2020-08-21 13:38:49.188000,848.0,860.5,841.0,850.0,nan,850.0,636427,54115556750.0,659968,848.0,23,847.5,436,nan,0,nan,0,nan,0,nan,0,nan,0,nan,0,nan,0,nan,0
1597988329164816896,1597988329648000000,2020-08-21 13:38:49.648000,848.0,860.5,841.0,850.0,nan,850.0,636431,54115895950.0,659965,848.0,19,847.5,436,nan,0,nan,0,nan,0,nan,0,nan,0,nan,0,nan,0,nan,0
1597988329638251008,1597988330076000000,2020-08-21 13:38:50.076000,848.0,860.5,841.0,850.0,nan,850.0,636438,54116489550.0,659960,848.0,12,847.5,443,nan,0,nan,0,nan,0,nan,0,nan,0,nan,0,nan,0,nan,0
1597988330170308096,1597988330712000000,2020-08-21 13:38:50.712000,848.0,860.5,841.0,850.0,nan,850.0,636450,54117507150.0,659969,848.5,438,848.0,19,nan,0,nan,0,nan,0,nan,0,nan,0,nan,0,nan,0,nan,0
1597988330648248064,1597988331223000064,2020-08-21 13:38:51.223000,848.0,860.5,841.0,850.0,nan,850.0,636460,54118355150.0,659971,848.5,438,848.0,21,nan,0,nan,0,nan,0,nan,0,nan,0,nan,0,nan,0,nan,0
1597988331165972992,1597988331686000128,2020-08-21 13:38:51.686000,848.0,860.5,841.0,850.0,nan,850.0,636460,54118355150.0,659971,848.5,431,848.0,74,nan,0,nan,0,nan,0,nan,0,nan,0,nan,0,nan,0,nan,0
1597988331676325888,1597988332230000128,2020-08-21 13:38:52.230000,848.0,860.5,841.0,850.0,nan,850.0,636470,54119203150.0,659966,848.5,431,848.0,75,nan,0,nan,0,nan,0,nan,0,nan,0,nan,0,nan,0,nan,0
1597988332218321920,1597988332680999936,2020-08-21 13:38:52.681000,848.0,860.5,841.0,850.0,nan,850.0,636471,54119287950.0,659966,848.5,431,848.0,63,nan,0,nan,0,nan,0,nan,0,nan,0,nan,0,nan,0,nan,0
1597988332687500032,1597988333186000128,2020-08-21 13:38:53.186000,848.0,860.5,841.0,850.0,nan,850.0,636473,54119457550.0,659967,848.5,432,848.0,70,nan,0,nan,0,nan,0,nan,0,nan,0,nan,0,nan,0,nan,0
1597988333159060992,1597988333742000128,2020-08-21 13:38:53.742000,848.0,860.5,841.0,850.0,nan,850.0,636489,54120814350.0,659980,848.5,432,848.0,44,nan,0,nan,0,nan,0,nan,0,nan,0,nan,0,nan,0,nan,0
1597988333700663040,1597988334203000064,2020-08-21 13:38:54.203000,848.0,860.5,841.0,850.0,nan,850.0,636490,54120899150.0,659981,848.5,433,848.0,60,nan,0,nan,0,nan,0,nan,0,nan,0,nan,0,nan,0,nan,0
1597988334201038080,1597988334630000128,2020-08-21 13:38:54.630000,848.0,860.5,841.0,850.0,nan,850.0,636491,54120983950.0,659981,848.5,433,848.0,70,nan,0,nan,0,nan,0,nan,0,nan,0,nan,0,nan,0,nan,0
1597988334630489088,1597988335073999872,2020-08-21 13:38:55.074000,848.0,860.5,841.0,850.0,nan,850.0,636491,54120983950.0,659981,848.5,432,848.0,71,nan,0,nan,0,nan,0,nan,0,nan,0,nan,0,nan,0,nan,0
1597988335173345024,1597988335677999872,2020-08-21 13:38:55.678000,848.0,860.5,841.0,850.0,nan,850.0,636491,54120983950.0,659981,848.5,432,848.0,72,nan,0,nan,0,nan,0,nan,0,nan,0,nan,0,nan,0,nan,0
1597988335644055040,1597988336194000128,2020-08-21 13:38:56.194000,848.0,860.5,841.0,850.0,nan,850.0,636568,54127513550.0,659964,848.0,75,847.5,426,nan,0,nan,0,nan,0,nan,0,nan,0,nan,0,nan,0,nan,0
1597988336184871936,1597988336742000128,2020-08-21 13:38:56.742000,848.0,860.5,841.0,850.0,nan,850.0,636569,54127598350.0,659965,848.0,278,847.5,351,nan,0,nan,0,nan,0,nan,0,nan,0,nan,0,nan,0,nan,0
1597988336655075072,1597988337221999872,2020-08-21 13:38:57.222000,848.0,860.5,841.0,850.0,nan,850.0,636579,54128445900.0,659966,848.0,289,847.5,328,nan,0,nan,0,nan,0,nan,0,nan,0,nan,0,nan,0,nan,0
1597988337166711040,1597988337628000000,2020-08-21 13:38:57.628000,848.0,860.5,841.0,850.0,nan,850.0,636684,54137349400.0,659880,848.0,174,847.5,350,nan,0,nan,0,nan,0,nan,0,nan,0,nan,0,nan,0,nan,0
1597988337636434944,1597988338216999936,2020-08-21 13:38:58.217000,848.0,860.5,841.0,850.0,nan,850.0,636684,54137349400.0,659880,848.0,104,847.5,330,nan,0,nan,0,nan,0,nan,0,nan,0,nan,0,nan,0,nan,0
1597988338150844928,1597988338732000000,2020-08-21 13:38:58.732000,848.0,860.5,841.0,850.0,nan,850.0,636684,54137349400.0,659880,848.0,105,847.5,330,nan,0,nan,0,nan,0,nan,0,nan,0,nan,0,nan,0,nan,0
1597988338636945920,1597988339224999936,2020-08-21 13:38:59.225000,848.0,860.5,841.0,850.0,nan,850.0,636688,54137688600.0,659877,848.0,85,847.5,330,nan,0,nan,0,nan,0,nan,0,nan,0,nan,0,nan,0,nan,0
1597988339251247104,1597988339720000000,2020-08-21 13:38:59.720000,848.0,860.5,841.0,850.0,nan,850.0,636690,54137858200.0,659875,848.0,83,847.5,332,nan,0,nan,0,nan,0,nan,0,nan,0,nan,0,nan,0,nan,0
1597988339641453056,1597988340226000128,2020-08-21 13:39:00.226000,848.0,860.5,841.0,850.0,nan,850.0,636691,54137943000.0,659874,848.0,83,847.5,331,nan,0,nan,0,nan,0,nan,0,nan,0,nan,0,nan,0,nan,0
1597988340174912000,1597988340736999936,2020-08-21 13:39:00.737000,848.0,860.5,841.0,850.0,nan,850.0,636705,54139130200.0,659861,848.0,76,847.5,331,nan,0,nan,0,nan,0,nan,0,nan,0,nan,0,nan,0,nan,0
1597988340705615872,1597988341220999936,2020-08-21 13:39:01.221000,847.5,860.5,841.0,850.0,nan,850.0,636706,54139214950.0,659861,848.0,80,847.5,330,nan,0,nan,0,nan,0,nan,0,nan,0,nan,0,nan,0,nan,0
1597988341144446976,1597988341724000000,2020-08-21 13:39:01.724000,848.0,860.5,841.0,850.0,nan,850.0,636735,54141674150.0,659840,848.0,20,847.5,333,nan,0,nan,0,nan,0,nan,0,nan,0,nan,0,nan,0,nan,0
1597988341672869888,1597988342237999872,2020-08-21 13:39:02.238000,848.0,860.5,841.0,850.0,nan,850.0,636756,54143454950.0,659831,848.5,443,848.0,20,nan,0,nan,0,nan,0,nan,0,nan,0,nan,0,nan,0,nan,0
1597988342158740992,1597988342734999808,2020-08-21 13:39:02.735000,848.0,860.5,841.0,850.0,nan,850.0,636763,54144048550.0,659831,848.5,444,848.0,12,nan,0,nan,0,nan,0,nan,0,nan,0,nan,0,nan,0,nan,0
1597988342706468096,1597988343216999936,2020-08-21 13:39:03.217000,848.0,860.5,841.0,850.0,nan,850.0,636764,54144133350.0,659832,848.5,444,848.0,11,nan,0,nan,0,nan,0,nan,0,nan,0,nan,0,nan,0,nan,0
1597988343154555904,1597988343668999936,2020-08-21 13:39:03.669000,848.5,860.5,841.0,850.0,nan,850.0,636765,54144218200.0,659832,848.5,444,848.0,26,nan,0,nan,0,nan,0,nan,0,nan,0,nan,0,nan,0,nan,0
1597988343652700928,1597988344221999872,2020-08-21 13:39:04.222000,848.0,860.5,841.0,850.0,nan,850.0,636775,54145066200.0,659831,848.5,459,848.0,18,nan,0,nan,0,nan,0,nan,0,nan,0,nan,0,nan,0,nan,0
1597988344149132032,1597988344737999872,2020-08-21 13:39:04.738000,848.0,860.5,841.0,850.0,nan,850.0,636776,54145151000.0,659831,848.5,459,848.0,17,nan,0,nan,0,nan,0,nan,0,nan,0,nan,0,nan,0,nan,0
1597988344630689024,1597988345196999936,2020-08-21 13:39:05.197000,848.0,860.5,841.0,850.0,nan,850.0,636785,54145914450.0,659827,848.5,456,848.0,18,nan,0,nan,0,nan,0,nan,0,nan,0,nan,0,nan,0,nan,0
1597988345168201984,1597988345742000128,2020-08-21 13:39:05.742000,848.0,860.5,841.0,850.0,nan,850.0,636786,54145999250.0,659826,848.5,456,848.0,29,nan,0,nan,0,nan,0,nan,0,nan,0,nan,0,nan,0,nan,0
1597988345655777024,1597988346233999872,2020-08-21 13:39:06.234000,848.5,860.5,841.0,850.0,nan,850.0,636791,54146423500.0,659821,848.5,438,848.0,256,nan,0,nan,0,nan,0,nan,0,nan,0,nan,0,nan,0,nan,0
1597988346182937088,1597988346724999936,2020-08-21 13:39:06.725000,848.5,860.5,841.0,850.0,nan,850.0,636791,54146423500.0,659821,848.5,442,848.0,257,nan,0,nan,0,nan,0,nan,0,nan,0,nan,0,nan,0,nan,0
1597988346666392064,1597988347239000064,2020-08-21 13:39:07.239000,848.0,860.5,841.0,850.0,nan,850.0,636794,54146677900.0,659818,848.5,446,848.0,248,nan,0,nan,0,nan,0,nan,0,nan,0,nan,0,nan,0,nan,0
1597988347187141888,1597988347711000064,2020-08-21 13:39:07.711000,848.0,860.5,841.0,850.0,nan,850.0,636794,54146677900.0,659818,848.5,450,848.0,258,nan,0,nan,0,nan,0,nan,0,nan,0,nan,0,nan,0,nan,0
1597988347656101120,1597988348233999872,2020-08-21 13:39:08.234000,848.0,860.5,841.0,850.0,nan,850.0,636794,54146677900.0,659818,848.5,451,848.0,255,nan,0,nan,0,nan,0,nan,0,nan,0,nan,0,nan,0,nan,0
1597988348157603072,1597988348696999936,2020-08-21 13:39:08.697000,848.0,860.5,841.0,850.0,nan,850.0,636794,54146677900.0,659818,848.5,450,848.0,256,nan,0,nan,0,nan,0,nan,0,nan,0,nan,0,nan,0,nan,0
1597988348647461888,1597988349216999936,2020-08-21 13:39:09.217000,848.0,860.5,841.0,850.0,nan,850.0,636794,54146677900.0,659818,848.5,450,848.0,265,nan,0,nan,0,nan,0,nan,0,nan,0,nan,0,nan,0,nan,0
1597988349172398080,1597988349736000000,2020-08-21 13:39:09.736000,848.0,860.5,841.0,850.0,nan,850.0,636796,54146847500.0,659816,848.5,449,848.0,266,nan,0,nan,0,nan,0,nan,0,nan,0,nan,0,nan,0,nan,0
1597988349634631936,1597988350224000000,2020-08-21 13:39:10.224000,848.5,860.5,841.0,850.0,nan,850.0,636800,54147186900.0,659813,848.5,446,848.0,268,nan,0,nan,0,nan,0,nan,0,nan,0,nan,0,nan,0,nan,0
1597988350133848064,1597988350742000128,2020-08-21 13:39:10.742000,848.5,860.5,841.0,850.0,nan,850.0,636802,54147356600.0,659814,848.5,446,848.0,277,nan,0,nan,0,nan,0,nan,0,nan,0,nan,0,nan,0,nan,0
1597988350696489984,1597988351186000128,2020-08-21 13:39:11.186000,848.5,860.5,841.0,850.0,nan,850.0,636802,54147356600.0,659814,848.5,446,848.0,278,nan,0,nan,0,nan,0,nan,0,nan,0,nan,0,nan,0,nan,0
1597988351164421120,1597988351736999936,2020-08-21 13:39:11.737000,848.5,860.5,841.0,850.0,nan,850.0,636833,54149986950.0,659832,848.5,409,848.0,278,nan,0,nan,0,nan,0,nan,0,nan,0,nan,0,nan,0,nan,0
1597988351675566080,1597988352243000064,2020-08-21 13:39:12.243000,848.5,860.5,841.0,850.0,nan,850.0,636833,54149986950.0,659832,848.5,408,848.0,279,nan,0,nan,0,nan,0,nan,0,nan,0,nan,0,nan,0,nan,0
1597988352154714880,1597988352734999808,2020-08-21 13:39:12.735000,848.0,860.5,841.0,850.0,nan,850.0,636834,54150071750.0,659832,848.5,408,848.0,283,nan,0,nan,0,nan,0,nan,0,nan,0,nan,0,nan,0,nan,0
1597988352723790080,1597988353220999936,2020-08-21 13:39:13.221000,848.0,860.5,841.0,850.0,nan,850.0,636834,54150071750.0,659832,848.5,407,848.0,285,nan,0,nan,0,nan,0,nan,0,nan,0,nan,0,nan,0,nan,0
1597988353148731904,1597988353730000128,2020-08-21 13:39:13.730000,848.5,860.5,841.0,850.0,nan,850.0,636836,54150241400.0,659832,848.5,511,848.0,293,nan,0,nan,0,nan,0,nan,0,nan,0,nan,0,nan,0,nan,0
1597988353637003008,1597988354242000128,2020-08-21 13:39:14.242000,848.0,860.5,841.0,850.0,nan,850.0,636840,54150580750.0,659833,848.5,507,848.0,286,nan,0,nan,0,nan,0,nan,0,nan,0,nan,0,nan,0,nan,0
1597988354180581888,1597988354724999936,2020-08-21 13:39:14.725000,848.5,860.5,841.0,850.0,nan,850.0,636842,54150750450.0,659834,848.5,504,848.0,285,nan,0,nan,0,nan,0,nan,0,nan,0,nan,0,nan,0,nan,0
1597988354639888896,1597988355237999872,2020-08-21 13:39:15.238000,848.5,860.5,841.0,850.0,nan,850.0,636847,54151174700.0,659835,848.5,500,848.0,287,nan,0,nan,0,nan,0,nan,0,nan,0,nan,0,nan,0,nan,0
1597988355151708928,1597988355742000128,2020-08-21 13:39:15.742000,848.5,860.5,841.0,850.0,nan,850.0,636847,54151174700.0,659835,848.5,533,848.0,290,nan,0,nan,0,nan,0,nan,0,nan,0,nan,0,nan,0,nan,0
1597988355631476992,1597988356221999872,2020-08-21 13:39:16.222000,848.5,860.5,841.0,850.0,nan,850.0,636849,54151344400.0,659837,848.5,529,848.0,290,nan,0,nan,0,nan,0,nan,0,nan,0,nan,0,nan,0,nan,0
1597988356138287104,1597988356732999936,2020-08-21 13:39:16.733000,848.0,860.5,841.0,850.0,nan,850.0,636850,54151429200.0,659836,848.5,532,848.0,289,nan,0,nan,0,nan,0,nan,0,nan,0,nan,0,nan,0,nan,0
1597988356624251904,1597988357214999808,2020-08-21 13:39:17.215000,848.0,860.5,841.0,850.0,nan,850.0,636853,54151683600.0,659835,848.5,533,848.0,287,nan,0,nan,0,nan,0,nan,0,nan,0,nan,0,nan,0,nan,0
1597988357157777920,1597988357663000064,2020-08-21 13:39:17.663000,848.0,860.5,841.0,850.0,nan,850.0,636853,54151683600.0,659835,848.5,534,848.0,288,nan,0,nan,0,nan,0,nan,0,nan,0,nan,0,nan,0,nan,0
1597988357637982976,1597988358176999936,2020-08-21 13:39:18.177000,848.5,860.5,841.0,850.0,nan,850.0,636858,54152107800.0,659836,848.5,532,848.0,288,nan,0,nan,0,nan,0,nan,0,nan,0,nan,0,nan,0,nan,0
1597988358143066880,1597988358742000128,2020-08-21 13:39:18.742000,848.5,860.5,841.0,850.0,nan,850.0,636863,54152532050.0,659840,848.5,527,848.0,294,nan,0,nan,0,nan,0,nan,0,nan,0,nan,0,nan,0,nan,0
1597988358631129088,1597988359230000128,2020-08-21 13:39:19.230000,848.5,860.5,841.0,850.0,nan,850.0,636869,54153041150.0,659841,848.5,522,848.0,295,nan,0,nan,0,nan,0,nan,0,nan,0,nan,0,nan,0,nan,0
1597988359145252096,1597988359720999936,2020-08-21 13:39:19.721000,848.0,860.5,841.0,850.0,nan,850.0,636876,54153635050.0,659848,848.5,500,848.0,295,nan,0,nan,0,nan,0,nan,0,nan,0,nan,0,nan,0,nan,0
1597988360143024896,1597988360684000000,2020-08-21 13:39:20.684000,848.5,860.5,841.0,850.0,nan,850.0,636877,54153719900.0,659849,848.5,510,848.0,302,nan,0,nan,0,nan,0,nan,0,nan,0,nan,0,nan,0,nan,0
1597988360630833920,1597988361142999808,2020-08-21 13:39:21.143000,848.5,860.5,841.0,850.0,nan,850.0,636879,54153889600.0,659851,848.5,508,848.0,304,nan,0,nan,0,nan,0,nan,0,nan,0,nan,0,nan,0,nan,0
1597988361167653888,1597988361732999936,2020-08-21 13:39:21.733000,848.5,860.5,841.0,850.0,nan,850.0,636890,54154822900.0,659844,848.5,498,848.0,305,nan,0,nan,0,nan,0,nan,0,nan,0,nan,0,nan,0,nan,0
1597988361626960896,1597988362220999936,2020-08-21 13:39:22.221000,848.5,860.5,841.0,850.0,nan,850.0,636891,54154907750.0,659844,848.5,494,848.0,311,nan,0,nan,0,nan,0,nan,0,nan,0,nan,0,nan,0,nan,0
1597988362145490944,1597988362736000000,2020-08-21 13:39:22.736000,848.5,860.5,841.0,850.0,nan,850.0,636891,54154907750.0,659844,848.5,486,848.0,332,nan,0,nan,0,nan,0,nan,0,nan,0,nan,0,nan,0,nan,0
1597988362634917888,1597988363230000128,2020-08-21 13:39:23.230000,848.5,860.5,841.0,850.0,nan,850.0,636892,54154992600.0,659843,848.5,487,848.0,349,nan,0,nan,0,nan,0,nan,0,nan,0,nan,0,nan,0,nan,0
1597988363156312064,1597988363616000000,2020-08-21 13:39:23.616000,848.5,860.5,841.0,850.0,nan,850.0,636892,54154992600.0,659843,848.5,485,848.0,351,nan,0,nan,0,nan,0,nan,0,nan,0,nan,0,nan,0,nan,0
1597988363641520128,1597988364230000128,2020-08-21 13:39:24.230000,848.5,860.5,841.0,850.0,nan,850.0,636892,54154992600.0,659843,848.5,487,848.0,361,nan,0,nan,0,nan,0,nan,0,nan,0,nan,0,nan,0,nan,0
1597988364136440064,1597988364740000000,2020-08-21 13:39:24.740000,848.5,860.5,841.0,850.0,nan,850.0,636893,54155077450.0,659843,848.5,486,848.0,363,nan,0,nan,0,nan,0,nan,0,nan,0,nan,0,nan,0,nan,0
1597988364631787008,1597988365228000000,2020-08-21 13:39:25.228000,848.5,860.5,841.0,850.0,nan,850.0,636897,54155416850.0,659845,848.5,483,848.0,368,nan,0,nan,0,nan,0,nan,0,nan,0,nan,0,nan,0,nan,0
1597988365129022976,1597988365728000000,2020-08-21 13:39:25.728000,848.0,860.5,841.0,850.0,nan,850.0,636899,54155586450.0,659847,848.5,485,848.0,366,nan,0,nan,0,nan,0,nan,0,nan,0,nan,0,nan,0,nan,0
1597988365628844032,1597988366240999936,2020-08-21 13:39:26.241000,848.0,860.5,841.0,850.0,nan,850.0,636899,54155586450.0,659847,848.5,485,848.0,368,nan,0,nan,0,nan,0,nan,0,nan,0,nan,0,nan,0,nan,0
1597988366207453952,1597988366729000192,2020-08-21 13:39:26.729000,848.0,860.5,841.0,850.0,nan,850.0,636899,54155586450.0,659847,848.5,488,848.0,248,nan,0,nan,0,nan,0,nan,0,nan,0,nan,0,nan,0,nan,0
1597988366668300032,1597988367230000128,2020-08-21 13:39:27.230000,848.5,860.5,841.0,850.0,nan,850.0,636910,54156519450.0,659851,848.5,486,848.0,163,nan,0,nan,0,nan,0,nan,0,nan,0,nan,0,nan,0,nan,0
1597988367169675008,1597988367731000064,2020-08-21 13:39:27.731000,848.5,860.5,841.0,850.0,nan,850.0,636923,54157622450.0,659847,848.5,475,848.0,151,nan,0,nan,0,nan,0,nan,0,nan,0,nan,0,nan,0,nan,0
1597988367658001920,1597988368168999936,2020-08-21 13:39:28.169000,848.0,860.5,841.0,850.0,nan,850.0,636924,54157707250.0,659846,848.5,475,848.0,151,nan,0,nan,0,nan,0,nan,0,nan,0,nan,0,nan,0,nan,0
1597988368136965888,1597988368716999936,2020-08-21 13:39:28.717000,848.5,860.5,841.0,850.0,nan,850.0,636926,54157876950.0,659845,848.5,474,848.0,137,nan,0,nan,0,nan,0,nan,0,nan,0,nan,0,nan,0,nan,0
1597988368635293952,1597988369236999936,2020-08-21 13:39:29.237000,848.5,860.5,841.0,850.0,nan,850.0,636927,54157961800.0,659845,848.5,475,848.0,157,nan,0,nan,0,nan,0,nan,0,nan,0,nan,0,nan,0,nan,0
1597988369155847936,1597988369727000064,2020-08-21 13:39:29.727000,848.5,860.5,841.0,850.0,nan,850.0,636934,54158555500.0,659844,848.5,475,848.0,160,nan,0,nan,0,nan,0,nan,0,nan,0,nan,0,nan,0,nan,0
1597988369631793920,1597988370186000128,2020-08-21 13:39:30.186000,848.5,860.5,841.0,850.0,nan,850.0,636940,54159064600.0,659838,848.5,472,848.0,145,nan,0,nan,0,nan,0,nan,0,nan,0,nan,0,nan,0,nan,0
1597988370160709120,1597988370739000064,2020-08-21 13:39:30.739000,848.0,860.5,841.0,850.0,nan,850.0,636942,54159234200.0,659839,848.5,480,848.0,143,nan,0,nan,0,nan,0,nan,0,nan,0,nan,0,nan,0,nan,0
1597988370639281920,1597988371223000064,2020-08-21 13:39:31.223000,848.0,860.5,841.0,850.0,nan,850.0,636942,54159234200.0,659839,848.5,482,848.0,148,nan,0,nan,0,nan,0,nan,0,nan,0,nan,0,nan,0,nan,0
1597988371132224000,1597988371739000064,2020-08-21 13:39:31.739000,848.5,860.5,841.0,850.0,nan,850.0,636949,54159828150.0,659836,848.5,476,848.0,178,nan,0,nan,0,nan,0,nan,0,nan,0,nan,0,nan,0,nan,0
1597988371661740032,1597988372237999872,2020-08-21 13:39:32.238000,848.5,860.5,841.0,850.0,nan,850.0,636950,54159913000.0,659837,848.5,486,848.0,164,nan,0,nan,0,nan,0,nan,0,nan,0,nan,0,nan,0,nan,0
1597988372152569088,1597988372739000064,2020-08-21 13:39:32.739000,848.0,860.5,841.0,850.0,nan,850.0,636953,54160167450.0,659838,848.5,485,848.0,165,nan,0,nan,0,nan,0,nan,0,nan,0,nan,0,nan,0,nan,0
1597988372643452928,1597988373240999936,2020-08-21 13:39:33.241000,848.0,860.5,841.0,850.0,nan,850.0,636955,54160337050.0,659839,848.5,492,848.0,159,nan,0,nan,0,nan,0,nan,0,nan,0,nan,0,nan,0,nan,0
1597988373160941056,1597988373724999936,2020-08-21 13:39:33.725000,848.0,860.5,841.0,850.0,nan,850.0,637119,54174244250.0,659761,848.0,165,847.5,333,nan,0,nan,0,nan,0,nan,0,nan,0,nan,0,nan,0,nan,0
1597988373635618048,1597988374216999936,2020-08-21 13:39:34.217000,848.0,860.5,841.0,850.0,nan,850.0,637122,54174498650.0,659761,848.0,272,847.5,309,nan,0,nan,0,nan,0,nan,0,nan,0,nan,0,nan,0,nan,0
1597988374139899904,1597988374736999936,2020-08-21 13:39:34.737000,848.0,860.5,841.0,850.0,nan,850.0,637123,54174583450.0,659761,848.0,271,847.5,305,nan,0,nan,0,nan,0,nan,0,nan,0,nan,0,nan,0,nan,0
1597988374673649920,1597988375230000128,2020-08-21 13:39:35.230000,848.0,860.5,841.0,850.0,nan,850.0,637130,54175177050.0,659757,848.0,265,847.5,305,nan,0,nan,0,nan,0,nan,0,nan,0,nan,0,nan,0,nan,0
1597988375148980992,1597988375732000000,2020-08-21 13:39:35.732000,848.0,860.5,841.0,850.0,nan,850.0,637131,54175261850.0,659756,848.0,265,847.5,306,nan,0,nan,0,nan,0,nan,0,nan,0,nan,0,nan,0,nan,0
1597988375634281984,1597988376197999872,2020-08-21 13:39:36.198000,848.0,860.5,841.0,850.0,nan,850.0,637139,54175940250.0,659756,848.0,259,847.5,306,nan,0,nan,0,nan,0,nan,0,nan,0,nan,0,nan,0,nan,0
1597988376168819968,1597988376732000000,2020-08-21 13:39:36.732000,848.0,860.5,841.0,850.0,nan,850.0,637143,54176279400.0,659754,848.0,256,847.5,305,nan,0,nan,0,nan,0,nan,0,nan,0,nan,0,nan,0,nan,0
1597988376628880896,1597988377236999936,2020-08-21 13:39:37.237000,848.0,860.5,841.0,850.0,nan,850.0,637144,54176364200.0,659753,848.0,257,847.5,365,nan,0,nan,0,nan,0,nan,0,nan,0,nan,0,nan,0,nan,0
1597988377140761088,1597988377672000000,2020-08-21 13:39:37.672000,848.0,860.5,841.0,850.0,nan,850.0,637147,54176618600.0,659752,848.0,250,847.5,375,nan,0,nan,0,nan,0,nan,0,nan,0,nan,0,nan,0,nan,0
1597988377636178944,1597988378216000000,2020-08-21 13:39:38.216000,848.0,860.5,841.0,850.0,nan,850.0,637150,54176873000.0,659752,848.0,201,847.5,375,nan,0,nan,0,nan,0,nan,0,nan,0,nan,0,nan,0,nan,0
1597988378156354048,1597988378743000064,2020-08-21 13:39:38.743000,848.0,860.5,841.0,850.0,nan,850.0,637157,54177466600.0,659751,848.0,196,847.5,375,nan,0,nan,0,nan,0,nan,0,nan,0,nan,0,nan,0,nan,0
1597988378625231872,1597988379204999936,2020-08-21 13:39:39.205000,848.0,860.5,841.0,850.0,nan,850.0,637157,54177466600.0,659751,848.0,197,847.5,374,nan,0,nan,0,nan,0,nan,0,nan,0,nan,0,nan,0,nan,0
1597988379178070016,1597988379720999936,2020-08-21 13:39:39.721000,848.0,860.5,841.0,850.0,nan,850.0,637160,54177721000.0,659750,848.0,212,847.5,374,nan,0,nan,0,nan,0,nan,0,nan,0,nan,0,nan,0,nan,0
1597988379632568064,1597988380206000128,2020-08-21 13:39:40.206000,848.0,860.5,841.0,850.0,nan,850.0,637161,54177805800.0,659750,848.0,214,847.5,373,nan,0,nan,0,nan,0,nan,0,nan,0,nan,0,nan,0,nan,0
1597988380140839936,1597988380729000192,2020-08-21 13:39:40.729000,848.0,860.5,841.0,850.0,nan,850.0,637165,54178145000.0,659750,848.0,210,847.5,374,nan,0,nan,0,nan,0,nan,0,nan,0,nan,0,nan,0,nan,0
1597988380654579968,1597988381181999872,2020-08-21 13:39:41.182000,848.0,860.5,841.0,850.0,nan,850.0,637167,54178314600.0,659749,848.0,238,847.5,374,nan,0,nan,0,nan,0,nan,0,nan,0,nan,0,nan,0,nan,0
1597988381158742016,1597988381664999936,2020-08-21 13:39:41.665000,848.0,860.5,841.0,850.0,nan,850.0,637167,54178314600.0,659749,848.0,240,847.5,373,nan,0,nan,0,nan,0,nan,0,nan,0,nan,0,nan,0,nan,0
1597988381631926016,1597988382163000064,2020-08-21 13:39:42.163000,848.0,860.5,841.0,850.0,nan,850.0,637167,54178314600.0,659749,848.0,241,847.5,373,nan,0,nan,0,nan,0,nan,0,nan,0,nan,0,nan,0,nan,0
1597988382146832896,1597988382706000128,2020-08-21 13:39:42.706000,848.0,860.5,841.0,850.0,nan,850.0,637167,54178314600.0,659749,848.0,247,847.5,380,nan,0,nan,0,nan,0,nan,0,nan,0,nan,0,nan,0,nan,0
1597988382637281024,1597988383157999872,2020-08-21 13:39:43.158000,848.0,860.5,841.0,850.0,nan,850.0,637171,54178653800.0,659748,848.0,243,847.5,380,nan,0,nan,0,nan,0,nan,0,nan,0,nan,0,nan,0,nan,0
1597988383133742080,1597988383714999808,2020-08-21 13:39:43.715000,848.0,860.5,841.0,850.0,nan,850.0,637171,54178653800.0,659748,848.0,245,847.5,379,nan,0,nan,0,nan,0,nan,0,nan,0,nan,0,nan,0,nan,0
1597988383632421120,1597988384208000000,2020-08-21 13:39:44.208000,848.0,860.5,841.0,850.0,nan,850.0,637171,54178653800.0,659748,848.0,247,847.5,382,nan,0,nan,0,nan,0,nan,0,nan,0,nan,0,nan,0,nan,0
1597988384188283904,1597988384692000000,2020-08-21 13:39:44.692000,848.0,860.5,841.0,850.0,nan,850.0,637171,54178653800.0,659748,848.0,260,847.5,376,nan,0,nan,0,nan,0,nan,0,nan,0,nan,0,nan,0,nan,0
1597988384639344128,1597988385204999936,2020-08-21 13:39:45.205000,848.0,860.5,841.0,850.0,nan,850.0,637172,54178738600.0,659748,848.0,281,847.5,376,nan,0,nan,0,nan,0,nan,0,nan,0,nan,0,nan,0,nan,0
1597988385175866112,1597988385733999872,2020-08-21 13:39:45.734000,848.0,860.5,841.0,850.0,nan,850.0,637173,54178823400.0,659747,848.0,276,847.5,375,nan,0,nan,0,nan,0,nan,0,nan,0,nan,0,nan,0,nan,0
1597988385636339968,1597988386153000192,2020-08-21 13:39:46.153000,848.0,860.5,841.0,850.0,nan,850.0,637174,54178908200.0,659746,848.0,277,847.5,374,nan,0,nan,0,nan,0,nan,0,nan,0,nan,0,nan,0,nan,0
1597988386143853056,1597988386704999936,2020-08-21 13:39:46.705000,848.0,860.5,841.0,850.0,nan,850.0,637174,54178908200.0,659746,848.0,277,847.5,373,nan,0,nan,0,nan,0,nan,0,nan,0,nan,0,nan,0,nan,0
1597988386627915008,1597988387200999936,2020-08-21 13:39:47.201000,848.0,860.5,841.0,850.0,nan,850.0,637180,54179417000.0,659740,848.0,271,847.5,374,nan,0,nan,0,nan,0,nan,0,nan,0,nan,0,nan,0,nan,0
1597988387148784128,1597988387709000192,2020-08-21 13:39:47.709000,848.0,860.5,841.0,850.0,nan,850.0,637180,54179417000.0,659740,848.0,275,847.5,374,nan,0,nan,0,nan,0,nan,0,nan,0,nan,0,nan,0,nan,0
1597988387639328000,1597988388223000064,2020-08-21 13:39:48.223000,848.0,860.5,841.0,850.0,nan,850.0,637180,54179417000.0,659740,848.0,280,847.5,374,nan,0,nan,0,nan,0,nan,0,nan,0,nan,0,nan,0,nan,0
1597988388148434944,1597988388739000064,2020-08-21 13:39:48.739000,848.0,860.5,841.0,850.0,nan,850.0,637180,54179417000.0,659740,848.0,281,847.5,377,nan,0,nan,0,nan,0,nan,0,nan,0,nan,0,nan,0,nan,0
1597988388639774976,1597988389175000064,2020-08-21 13:39:49.175000,848.0,860.5,841.0,850.0,nan,850.0,637180,54179417000.0,659740,848.0,283,847.5,382,nan,0,nan,0,nan,0,nan,0,nan,0,nan,0,nan,0,nan,0
1597988389145946880,1597988389648000000,2020-08-21 13:39:49.648000,848.0,860.5,841.0,850.0,nan,850.0,637180,54179417000.0,659740,848.0,249,847.5,382,nan,0,nan,0,nan,0,nan,0,nan,0,nan,0,nan,0,nan,0
1597988389638600960,1597988390219000064,2020-08-21 13:39:50.219000,848.0,860.5,841.0,850.0,nan,850.0,637180,54179417000.0,659740,848.0,250,847.5,383,nan,0,nan,0,nan,0,nan,0,nan,0,nan,0,nan,0,nan,0
1597988390166310912,1597988390744000000,2020-08-21 13:39:50.744000,848.0,860.5,841.0,850.0,nan,850.0,637186,54179925800.0,659740,848.0,248,847.5,382,nan,0,nan,0,nan,0,nan,0,nan,0,nan,0,nan,0,nan,0
1597988390644680960,1597988391160999936,2020-08-21 13:39:51.161000,848.0,860.5,841.0,850.0,nan,850.0,637191,54180349800.0,659735,848.0,243,847.5,382,nan,0,nan,0,nan,0,nan,0,nan,0,nan,0,nan,0,nan,0
1597988391627607040,1597988392242000128,2020-08-21 13:39:52.242000,848.0,860.5,841.0,850.0,nan,850.0,637192,54180434600.0,659735,848.0,243,847.5,382,nan,0,nan,0,nan,0,nan,0,nan,0,nan,0,nan,0,nan,0
1597988392137627904,1597988392736999936,2020-08-21 13:39:52.737000,847.5,860.5,841.0,850.0,nan,850.0,637193,54180519350.0,659734,848.0,243,847.5,381,nan,0,nan,0,nan,0,nan,0,nan,0,nan,0,nan,0,nan,0
1597988392632180992,1597988393233999872,2020-08-21 13:39:53.234000,847.5,860.5,841.0,850.0,nan,850.0,637193,54180519350.0,659734,848.0,243,847.5,381,nan,0,nan,0,nan,0,nan,0,nan,0,nan,0,nan,0,nan,0
1597988393155589888,1597988393729000192,2020-08-21 13:39:53.729000,847.5,860.5,841.0,850.0,nan,850.0,637193,54180519350.0,659734,848.0,245,847.5,379,nan,0,nan,0,nan,0,nan,0,nan,0,nan,0,nan,0,nan,0
1597988393635883008,1597988394226000128,2020-08-21 13:39:54.226000,847.5,860.5,841.0,850.0,nan,850.0,637193,54180519350.0,659734,848.0,246,847.5,375,nan,0,nan,0,nan,0,nan,0,nan,0,nan,0,nan,0,nan,0
1597988394159834880,1597988394743000064,2020-08-21 13:39:54.743000,847.5,860.5,841.0,850.0,nan,850.0,637193,54180519350.0,659734,848.0,248,847.5,376,nan,0,nan,0,nan,0,nan,0,nan,0,nan,0,nan,0,nan,0
1597988394644562944,1597988395234999808,2020-08-21 13:39:55.235000,848.0,860.5,841.0,850.0,nan,850.0,637198,54180943350.0,659735,848.0,248,847.5,376,nan,0,nan,0,nan,0,nan,0,nan,0,nan,0,nan,0,nan,0
1597988395129846016,1597988395739000064,2020-08-21 13:39:55.739000,847.5,860.5,841.0,850.0,nan,850.0,637199,54181028100.0,659734,848.0,246,847.5,399,nan,0,nan,0,nan,0,nan,0,nan,0,nan,0,nan,0,nan,0
1597988395640354048,1597988396236000000,2020-08-21 13:39:56.236000,847.5,860.5,841.0,850.0,nan,850.0,637199,54181028100.0,659734,848.0,247,847.5,398,nan,0,nan,0,nan,0,nan,0,nan,0,nan,0,nan,0,nan,0
1597988396154515968,1597988396729000192,2020-08-21 13:39:56.729000,847.5,860.5,841.0,850.0,nan,850.0,637199,54181028100.0,659734,848.0,252,847.5,398,nan,0,nan,0,nan,0,nan,0,nan,0,nan,0,nan,0,nan,0
1597988396645519104,1597988397231000064,2020-08-21 13:39:57.231000,847.5,860.5,841.0,850.0,nan,850.0,637203,54181367100.0,659732,848.0,251,847.5,394,nan,0,nan,0,nan,0,nan,0,nan,0,nan,0,nan,0,nan,0
1597988397171916032,1597988397727000064,2020-08-21 13:39:57.727000,847.5,860.5,841.0,850.0,nan,850.0,637205,54181536600.0,659730,848.0,255,847.5,398,nan,0,nan,0,nan,0,nan,0,nan,0,nan,0,nan,0,nan,0
1597988397651123968,1597988398239000064,2020-08-21 13:39:58.239000,848.0,860.5,841.0,850.0,nan,850.0,637207,54181706200.0,659730,848.0,256,847.5,398,nan,0,nan,0,nan,0,nan,0,nan,0,nan,0,nan,0,nan,0
1597988398168096000,1597988398740999936,2020-08-21 13:39:58.741000,847.5,860.5,841.0,850.0,nan,850.0,637210,54181960550.0,659728,848.0,254,847.5,406,nan,0,nan,0,nan,0,nan,0,nan,0,nan,0,nan,0,nan,0
1597988398639676928,1597988399239000064,2020-08-21 13:39:59.239000,848.0,860.5,841.0,850.0,nan,850.0,637235,54184080550.0,659737,848.0,229,847.5,406,nan,0,nan,0,nan,0,nan,0,nan,0,nan,0,nan,0,nan,0
1597988399148940032,1597988399645999872,2020-08-21 13:39:59.646000,848.0,860.5,841.0,850.0,nan,850.0,637235,54184080550.0,659737,848.0,230,847.5,407,nan,0,nan,0,nan,0,nan,0,nan,0,nan,0,nan,0,nan,0
1597988399634973952,1597988400201999872,2020-08-21 13:40:00.202000,848.0,860.5,841.0,850.0,nan,850.0,637235,54184080550.0,659737,848.0,229,847.5,410,nan,0,nan,0,nan,0,nan,0,nan,0,nan,0,nan,0,nan,0
1597988400177805056,1597988400727000064,2020-08-21 13:40:00.727000,848.0,860.5,841.0,850.0,nan,850.0,637239,54184419750.0,659733,848.0,211,847.5,449,nan,0,nan,0,nan,0,nan,0,nan,0,nan,0,nan,0,nan,0
1597988400632449024,1597988401181999872,2020-08-21 13:40:01.182000,847.5,860.5,841.0,850.0,nan,850.0,637245,54184928250.0,659730,848.0,212,847.5,443,nan,0,nan,0,nan,0,nan,0,nan,0,nan,0,nan,0,nan,0
1597988401151337984,1597988401694000128,2020-08-21 13:40:01.694000,847.5,860.5,841.0,850.0,nan,850.0,637246,54185013000.0,659730,848.0,228,847.5,443,nan,0,nan,0,nan,0,nan,0,nan,0,nan,0,nan,0,nan,0
1597988401629168128,1597988402216999936,2020-08-21 13:40:02.217000,848.0,860.5,841.0,850.0,nan,850.0,637247,54185097800.0,659729,848.0,229,847.5,451,nan,0,nan,0,nan,0,nan,0,nan,0,nan,0,nan,0,nan,0
1597988402209026048,1597988402729000192,2020-08-21 13:40:02.729000,848.0,860.5,841.0,850.0,nan,850.0,637247,54185097800.0,659729,848.0,213,847.5,509,nan,0,nan,0,nan,0,nan,0,nan,0,nan,0,nan,0,nan,0
1597988403181716992,1597988403719000064,2020-08-21 13:40:03.719000,848.0,860.5,841.0,850.0,nan,850.0,637247,54185097800.0,659729,848.0,217,847.5,509,nan,0,nan,0,nan,0,nan,0,nan,0,nan,0,nan,0,nan,0
1597988403644051968,1597988404168999936,2020-08-21 13:40:04.169000,848.0,860.5,841.0,850.0,nan,850.0,637247,54185097800.0,659729,848.0,233,847.5,509,nan,0,nan,0,nan,0,nan,0,nan,0,nan,0,nan,0,nan,0
1597988404139313920,1597988404694999808,2020-08-21 13:40:04.695000,847.5,860.5,841.0,850.0,nan,850.0,637248,54185182550.0,659728,848.0,234,847.5,508,nan,0,nan,0,nan,0,nan,0,nan,0,nan,0,nan,0,nan,0
1597988405155184896,1597988405729000192,2020-08-21 13:40:05.729000,848.0,860.5,841.0,850.0,nan,850.0,637253,54185606550.0,659728,848.0,233,847.5,508,nan,0,nan,0,nan,0,nan,0,nan,0,nan,0,nan,0,nan,0
1597988405648135936,1597988406128999936,2020-08-21 13:40:06.129000,848.0,860.5,841.0,850.0,nan,850.0,637253,54185606550.0,659728,848.0,320,847.5,515,nan,0,nan,0,nan,0,nan,0,nan,0,nan,0,nan,0,nan,0
1597988406636594944,1597988407236999936,2020-08-21 13:40:07.237000,848.0,860.5,841.0,850.0,nan,850.0,637253,54185606550.0,659728,848.0,320,847.5,514,nan,0,nan,0,nan,0,nan,0,nan,0,nan,0,nan,0,nan,0
1597988407174776064,1597988407719000064,2020-08-21 13:40:07.719000,847.5,860.5,841.0,850.0,nan,850.0,637258,54186030300.0,659728,848.0,348,847.5,509,nan,0,nan,0,nan,0,nan,0,nan,0,nan,0,nan,0,nan,0
1597988407646277120,1597988408194999808,2020-08-21 13:40:08.195000,847.5,860.5,841.0,850.0,nan,850.0,637258,54186030300.0,659728,848.0,349,847.5,496,nan,0,nan,0,nan,0,nan,0,nan,0,nan,0,nan,0,nan,0
1597988408182018048,1597988408740000000,2020-08-21 13:40:08.740000,847.5,860.5,841.0,850.0,nan,850.0,637258,54186030300.0,659728,848.0,351,847.5,493,nan,0,nan,0,nan,0,nan,0,nan,0,nan,0,nan,0,nan,0
1597988408629597952,1597988409112999936,2020-08-21 13:40:09.113000,848.0,860.5,841.0,850.0,nan,850.0,637259,54186115100.0,659727,848.0,349,847.5,493,nan,0,nan,0,nan,0,nan,0,nan,0,nan,0,nan,0,nan,0
1597988409179867904,1597988409727000064,2020-08-21 13:40:09.727000,848.0,860.5,841.0,850.0,nan,850.0,637259,54186115100.0,659727,848.0,359,847.5,493,nan,0,nan,0,nan,0,nan,0,nan,0,nan,0,nan,0,nan,0
1597988409631913984,1597988409979000064,2020-08-21 13:40:09.979000,848.0,860.5,841.0,850.0,nan,850.0,637259,54186115100.0,659727,848.0,362,847.5,493,nan,0,nan,0,nan,0,nan,0,nan,0,nan,0,nan,0,nan,0
1597988410128142080,1597988410712000000,2020-08-21 13:40:10.712000,847.5,860.5,841.0,850.0,nan,850.0,637263,54186454100.0,659723,848.0,362,847.5,489,nan,0,nan,0,nan,0,nan,0,nan,0,nan,0,nan,0,nan,0
1597988410649372928,1597988411132000000,2020-08-21 13:40:11.132000,848.0,860.5,841.0,850.0,nan,850.0,637268,54186878050.0,659719,848.0,358,847.5,488,nan,0,nan,0,nan,0,nan,0,nan,0,nan,0,nan,0,nan,0
1597988411144704000,1597988411730000128,2020-08-21 13:40:11.730000,848.0,860.5,841.0,850.0,nan,850.0,637268,54186878050.0,659719,848.0,358,847.5,489,nan,0,nan,0,nan,0,nan,0,nan,0,nan,0,nan,0,nan,0
1597988411645518080,1597988412224999936,2020-08-21 13:40:12.225000,848.0,860.5,841.0,850.0,nan,850.0,637271,54187132450.0,659722,848.0,355,847.5,488,nan,0,nan,0,nan,0,nan,0,nan,0,nan,0,nan,0,nan,0
1597988412180538112,1597988412708000000,2020-08-21 13:40:12.708000,848.0,860.5,841.0,850.0,nan,850.0,637271,54187132450.0,659722,848.0,373,847.5,471,nan,0,nan,0,nan,0,nan,0,nan,0,nan,0,nan,0,nan,0
1597988412663802112,1597988413207000064,2020-08-21 13:40:13.207000,848.0,860.5,841.0,850.0,nan,850.0,637273,54187302050.0,659723,848.0,375,847.5,443,nan,0,nan,0,nan,0,nan,0,nan,0,nan,0,nan,0,nan,0
1597988413142881024,1597988413632999936,2020-08-21 13:40:13.633000,848.0,860.5,841.0,850.0,nan,850.0,637273,54187302050.0,659723,848.0,375,847.5,428,nan,0,nan,0,nan,0,nan,0,nan,0,nan,0,nan,0,nan,0
1597988413671053056,1597988414230000128,2020-08-21 13:40:14.230000,848.0,860.5,841.0,850.0,nan,850.0,637273,54187302050.0,659723,848.0,376,847.5,426,nan,0,nan,0,nan,0,nan,0,nan,0,nan,0,nan,0,nan,0
1597988414152441088,1597988414704000000,2020-08-21 13:40:14.704000,847.5,860.5,841.0,850.0,nan,850.0,637274,54187386800.0,659722,848.0,377,847.5,415,nan,0,nan,0,nan,0,nan,0,nan,0,nan,0,nan,0,nan,0
1597988414641875968,1597988415145999872,2020-08-21 13:40:15.146000,847.5,860.5,841.0,850.0,nan,850.0,637275,54187471550.0,659722,848.0,377,847.5,413,nan,0,nan,0,nan,0,nan,0,nan,0,nan,0,nan,0,nan,0
1597988415138106880,1597988415716999936,2020-08-21 13:40:15.717000,847.5,860.5,841.0,850.0,nan,850.0,637275,54187471550.0,659722,848.0,380,847.5,413,nan,0,nan,0,nan,0,nan,0,nan,0,nan,0,nan,0,nan,0
1597988415695998976,1597988416168000000,2020-08-21 13:40:16.168000,847.5,860.5,841.0,850.0,nan,850.0,637275,54187471550.0,659722,848.0,380,847.5,412,nan,0,nan,0,nan,0,nan,0,nan,0,nan,0,nan,0,nan,0
1597988416186475008,1597988416733999872,2020-08-21 13:40:16.734000,848.0,860.5,841.0,850.0,nan,850.0,637276,54187556350.0,659722,848.0,378,847.5,412,nan,0,nan,0,nan,0,nan,0,nan,0,nan,0,nan,0,nan,0
1597988416638358016,1597988417236000000,2020-08-21 13:40:17.236000,848.0,860.5,841.0,850.0,nan,850.0,637288,54188573900.0,659731,848.0,368,847.5,411,nan,0,nan,0,nan,0,nan,0,nan,0,nan,0,nan,0,nan,0
1597988417186840064,1597988417744000000,2020-08-21 13:40:17.744000,847.5,860.5,841.0,850.0,nan,850.0,637289,54188658650.0,659731,848.0,371,847.5,410,nan,0,nan,0,nan,0,nan,0,nan,0,nan,0,nan,0,nan,0
1597988417640933888,1597988418240999936,2020-08-21 13:40:18.241000,848.0,860.5,841.0,850.0,nan,850.0,637310,54190439450.0,659717,848.0,352,847.5,410,nan,0,nan,0,nan,0,nan,0,nan,0,nan,0,nan,0,nan,0
1597988418145851904,1597988418719000064,2020-08-21 13:40:18.719000,848.0,860.5,841.0,850.0,nan,850.0,637314,54190778650.0,659717,848.0,350,847.5,411,nan,0,nan,0,nan,0,nan,0,nan,0,nan,0,nan,0,nan,0
1597988418645348096,1597988419226000128,2020-08-21 13:40:19.226000,848.0,860.5,841.0,850.0,nan,850.0,637324,54191626550.0,659709,848.0,344,847.5,415,nan,0,nan,0,nan,0,nan,0,nan,0,nan,0,nan,0,nan,0
1597988419140208896,1597988419665999872,2020-08-21 13:40:19.666000,848.0,860.5,841.0,850.0,nan,850.0,637420,54199767350.0,659635,848.0,248,847.5,415,nan,0,nan,0,nan,0,nan,0,nan,0,nan,0,nan,0,nan,0
1597988419645278976,1597988420226000128,2020-08-21 13:40:20.226000,848.0,860.5,841.0,850.0,nan,850.0,637421,54199852150.0,659635,848.0,250,847.5,422,nan,0,nan,0,nan,0,nan,0,nan,0,nan,0,nan,0,nan,0
1597988420177869056,1597988420668000000,2020-08-21 13:40:20.668000,848.0,860.5,841.0,850.0,nan,850.0,637421,54199852150.0,659635,848.0,260,847.5,417,nan,0,nan,0,nan,0,nan,0,nan,0,nan,0,nan,0,nan,0
1597988420629872128,1597988421124000000,2020-08-21 13:40:21.124000,848.0,860.5,841.0,850.0,nan,850.0,637454,54202650550.0,659615,848.0,212,847.5,417,nan,0,nan,0,nan,0,nan,0,nan,0,nan,0,nan,0,nan,0
1597988421149524992,1597988421625999872,2020-08-21 13:40:21.626000,848.0,860.5,841.0,850.0,nan,850.0,637455,54202735350.0,659614,848.0,212,847.5,421,nan,0,nan,0,nan,0,nan,0,nan,0,nan,0,nan,0,nan,0
1597988421629229056,1597988422176999936,2020-08-21 13:40:22.177000,848.0,860.5,841.0,850.0,nan,850.0,637455,54202735350.0,659614,848.0,233,847.5,421,nan,0,nan,0,nan,0,nan,0,nan,0,nan,0,nan,0,nan,0
1597988423178028032,1597988423736999936,2020-08-21 13:40:23.737000,848.0,860.5,841.0,850.0,nan,850.0,637455,54202735350.0,659614,848.0,235,847.5,423,nan,0,nan,0,nan,0,nan,0,nan,0,nan,0,nan,0,nan,0
1597988423640712960,1597988424240000000,2020-08-21 13:40:24.240000,848.0,860.5,841.0,850.0,nan,850.0,637458,54202989750.0,659614,848.0,233,847.5,423,nan,0,nan,0,nan,0,nan,0,nan,0,nan,0,nan,0,nan,0
1597988424210629888,1597988424730000128,2020-08-21 13:40:24.730000,848.0,860.5,841.0,850.0,nan,850.0,637461,54203244100.0,659611,848.0,234,847.5,424,nan,0,nan,0,nan,0,nan,0,nan,0,nan,0,nan,0,nan,0
1597988424637146112,1597988425211000064,2020-08-21 13:40:25.211000,848.0,860.5,841.0,850.0,nan,850.0,637462,54203328900.0,659611,848.0,231,847.5,423,nan,0,nan,0,nan,0,nan,0,nan,0,nan,0,nan,0,nan,0
1597988425138312960,1597988425673000192,2020-08-21 13:40:25.673000,848.0,860.5,841.0,850.0,nan,850.0,637463,54203413700.0,659611,848.0,230,847.5,423,nan,0,nan,0,nan,0,nan,0,nan,0,nan,0,nan,0,nan,0
1597988425639581952,1597988426076000000,2020-08-21 13:40:26.076000,848.0,860.5,841.0,850.0,nan,850.0,637463,54203413700.0,659611,848.0,236,847.5,423,nan,0,nan,0,nan,0,nan,0,nan,0,nan,0,nan,0,nan,0
1597988426185597952,1597988426627000064,2020-08-21 13:40:26.627000,848.0,860.5,841.0,850.0,nan,850.0,637463,54203413700.0,659611,848.0,233,847.5,443,nan,0,nan,0,nan,0,nan,0,nan,0,nan,0,nan,0,nan,0
1597988426838156032,1597988427206000128,2020-08-21 13:40:27.206000,847.5,860.5,841.0,850.0,nan,850.0,637473,54204261600.0,659612,848.0,177,847.5,484,nan,0,nan,0,nan,0,nan,0,nan,0,nan,0,nan,0,nan,0
1597988427160315904,1597988427700000000,2020-08-21 13:40:27.700000,848.0,860.5,841.0,850.0,nan,850.0,637475,54204431200.0,659612,848.0,178,847.5,483,nan,0,nan,0,nan,0,nan,0,nan,0,nan,0,nan,0,nan,0
1597988427643636992,1597988428221999872,2020-08-21 13:40:28.222000,848.0,860.5,841.0,850.0,nan,850.0,637488,54205533600.0,659613,848.0,168,847.5,495,nan,0,nan,0,nan,0,nan,0,nan,0,nan,0,nan,0,nan,0
1597988428137731072,1597988428600000000,2020-08-21 13:40:28.600000,848.0,860.5,841.0,850.0,nan,850.0,637490,54205703150.0,659613,848.0,166,847.5,492,nan,0,nan,0,nan,0,nan,0,nan,0,nan,0,nan,0,nan,0
1597988428630572032,1597988429105999872,2020-08-21 13:40:29.106000,848.0,860.5,841.0,850.0,nan,850.0,637513,54207653550.0,659592,848.0,143,847.5,494,nan,0,nan,0,nan,0,nan,0,nan,0,nan,0,nan,0,nan,0
1597988429174935040,1597988429728000000,2020-08-21 13:40:29.728000,848.0,860.5,841.0,850.0,nan,850.0,637514,54207738350.0,659592,848.0,142,847.5,495,nan,0,nan,0,nan,0,nan,0,nan,0,nan,0,nan,0,nan,0
1597988429631321088,1597988430226000128,2020-08-21 13:40:30.226000,848.0,860.5,841.0,850.0,nan,850.0,637516,54207907950.0,659592,848.0,141,847.5,495,nan,0,nan,0,nan,0,nan,0,nan,0,nan,0,nan,0,nan,0
1597988430154502912,1597988430729000192,2020-08-21 13:40:30.729000,847.5,860.5,841.0,850.0,nan,850.0,637521,54208331700.0,659592,848.0,141,847.5,489,nan,0,nan,0,nan,0,nan,0,nan,0,nan,0,nan,0,nan,0
1597988431133509120,1597988431624000000,2020-08-21 13:40:31.624000,848.0,860.5,841.0,850.0,nan,850.0,637524,54208586100.0,659592,848.0,138,847.5,497,nan,0,nan,0,nan,0,nan,0,nan,0,nan,0,nan,0,nan,0
1597988431634108928,1597988432233999872,2020-08-21 13:40:32.234000,848.0,860.5,841.0,850.0,nan,850.0,637525,54208670900.0,659592,848.0,137,847.5,497,nan,0,nan,0,nan,0,nan,0,nan,0,nan,0,nan,0,nan,0
1597988432156587008,1597988432668000000,2020-08-21 13:40:32.668000,848.0,860.5,841.0,850.0,nan,850.0,637526,54208755700.0,659592,848.0,135,847.5,497,nan,0,nan,0,nan,0,nan,0,nan,0,nan,0,nan,0,nan,0
1597988432632836096,1597988433243000064,2020-08-21 13:40:33.243000,848.0,860.5,841.0,850.0,nan,850.0,637526,54208755700.0,659592,848.0,137,847.5,497,nan,0,nan,0,nan,0,nan,0,nan,0,nan,0,nan,0,nan,0
1597988433638515968,1597988434242000128,2020-08-21 13:40:34.242000,848.0,860.5,841.0,850.0,nan,850.0,637541,54210027700.0,659592,848.0,122,847.5,497,nan,0,nan,0,nan,0,nan,0,nan,0,nan,0,nan,0,nan,0
1597988434135273984,1597988434720999936,2020-08-21 13:40:34.721000,848.0,860.5,841.0,850.0,nan,850.0,637543,54210197250.0,659591,848.0,122,847.5,496,nan,0,nan,0,nan,0,nan,0,nan,0,nan,0,nan,0,nan,0
1597988434646008064,1597988435239000064,2020-08-21 13:40:35.239000,848.0,860.5,841.0,850.0,nan,850.0,637543,54210197250.0,659591,848.0,123,847.5,497,nan,0,nan,0,nan,0,nan,0,nan,0,nan,0,nan,0,nan,0
1597988435156049920,1597988435726000128,2020-08-21 13:40:35.726000,848.0,860.5,841.0,850.0,nan,850.0,637547,54210536450.0,659591,848.0,119,847.5,583,nan,0,nan,0,nan,0,nan,0,nan,0,nan,0,nan,0,nan,0
1597988435630926080,1597988436207000064,2020-08-21 13:40:36.207000,848.0,860.5,841.0,850.0,nan,850.0,637580,54213334850.0,659565,848.0,118,847.5,558,nan,0,nan,0,nan,0,nan,0,nan,0,nan,0,nan,0,nan,0
1597988436167549952,1597988436740000000,2020-08-21 13:40:36.740000,847.5,860.5,841.0,850.0,nan,850.0,637634,54217914000.0,659548,848.0,68,847.5,507,nan,0,nan,0,nan,0,nan,0,nan,0,nan,0,nan,0,nan,0
1597988436637593088,1597988437226000128,2020-08-21 13:40:37.226000,848.0,860.5,841.0,850.0,nan,850.0,637709,54224274000.0,659537,848.5,527,848.0,110,nan,0,nan,0,nan,0,nan,0,nan,0,nan,0,nan,0,nan,0
1597988437133649920,1597988437696000000,2020-08-21 13:40:37.696000,848.0,860.5,841.0,850.0,nan,850.0,637709,54224274000.0,659537,848.5,528,848.0,167,nan,0,nan,0,nan,0,nan,0,nan,0,nan,0,nan,0,nan,0
1597988437631310080,1597988438233999872,2020-08-21 13:40:38.234000,848.0,860.5,841.0,850.0,nan,850.0,637709,54224274000.0,659537,848.5,518,848.0,212,nan,0,nan,0,nan,0,nan,0,nan,0,nan,0,nan,0,nan,0
1597988438149519104,1597988438723000064,2020-08-21 13:40:38.723000,848.0,860.5,841.0,850.0,nan,850.0,637710,54224358800.0,659537,848.5,518,848.0,216,nan,0,nan,0,nan,0,nan,0,nan,0,nan,0,nan,0,nan,0
1597988438638206976,1597988439242000128,2020-08-21 13:40:39.242000,848.5,860.5,841.0,850.0,nan,850.0,637717,54224952750.0,659536,848.5,513,848.0,216,nan,0,nan,0,nan,0,nan,0,nan,0,nan,0,nan,0,nan,0
1597988439178930944,1597988439731000064,2020-08-21 13:40:39.731000,848.0,860.5,841.0,850.0,nan,850.0,637721,54225292000.0,659533,848.5,513,848.0,223,nan,0,nan,0,nan,0,nan,0,nan,0,nan,0,nan,0,nan,0
1597988439636740096,1597988440224000000,2020-08-21 13:40:40.224000,848.0,860.5,841.0,850.0,nan,850.0,637723,54225461600.0,659534,848.5,500,848.0,241,nan,0,nan,0,nan,0,nan,0,nan,0,nan,0,nan,0,nan,0
1597988440142542080,1597988440744000000,2020-08-21 13:40:40.744000,848.5,860.5,841.0,850.0,nan,850.0,637728,54225885850.0,659529,848.5,495,848.0,242,nan,0,nan,0,nan,0,nan,0,nan,0,nan,0,nan,0,nan,0
1597988440652006912,1597988441234999808,2020-08-21 13:40:41.235000,848.0,860.5,841.0,850.0,nan,850.0,637738,54226733850.0,659529,848.5,495,848.0,233,nan,0,nan,0,nan,0,nan,0,nan,0,nan,0,nan,0,nan,0
1597988441178523904,1597988441744000000,2020-08-21 13:40:41.744000,848.5,860.5,841.0,850.0,nan,850.0,637739,54226818700.0,659529,848.5,494,848.0,314,nan,0,nan,0,nan,0,nan,0,nan,0,nan,0,nan,0,nan,0
1597988441638664960,1597988442128000000,2020-08-21 13:40:42.128000,848.5,860.5,841.0,850.0,nan,850.0,637740,54226903550.0,659529,848.5,493,848.0,316,nan,0,nan,0,nan,0,nan,0,nan,0,nan,0,nan,0,nan,0
1597988442145327104,1597988442744999936,2020-08-21 13:40:42.745000,848.0,860.5,841.0,850.0,nan,850.0,637745,54227327550.0,659534,848.5,493,848.0,315,nan,0,nan,0,nan,0,nan,0,nan,0,nan,0,nan,0,nan,0
1597988442647436032,1597988443226000128,2020-08-21 13:40:43.226000,848.0,860.5,841.0,850.0,nan,850.0,637745,54227327550.0,659534,848.5,493,848.0,322,nan,0,nan,0,nan,0,nan,0,nan,0,nan,0,nan,0,nan,0
1597988443128314880,1597988443694000128,2020-08-21 13:40:43.694000,848.0,860.5,841.0,850.0,nan,850.0,637745,54227327550.0,659534,848.5,492,848.0,324,nan,0,nan,0,nan,0,nan,0,nan,0,nan,0,nan,0,nan,0
1597988443657083904,1597988444208000000,2020-08-21 13:40:44.208000,848.5,860.5,841.0,850.0,nan,850.0,637746,54227412400.0,659534,848.5,492,848.0,324,nan,0,nan,0,nan,0,nan,0,nan,0,nan,0,nan,0,nan,0
1597988444157001984,1597988444723000064,2020-08-21 13:40:44.723000,848.0,860.5,841.0,850.0,nan,850.0,637747,54227497200.0,659533,848.5,491,848.0,394,nan,0,nan,0,nan,0,nan,0,nan,0,nan,0,nan,0,nan,0
1597988444667798016,1597988445168000000,2020-08-21 13:40:45.168000,848.0,860.5,841.0,850.0,nan,850.0,637747,54227497200.0,659533,848.5,491,848.0,411,nan,0,nan,0,nan,0,nan,0,nan,0,nan,0,nan,0,nan,0
1597988445175308032,1597988445717999872,2020-08-21 13:40:45.718000,848.0,860.5,841.0,850.0,nan,850.0,637748,54227582000.0,659533,848.5,492,848.0,410,nan,0,nan,0,nan,0,nan,0,nan,0,nan,0,nan,0,nan,0
1597988445631832064,1597988446233999872,2020-08-21 13:40:46.234000,848.0,860.5,841.0,850.0,nan,850.0,637748,54227582000.0,659533,848.5,492,848.0,417,nan,0,nan,0,nan,0,nan,0,nan,0,nan,0,nan,0,nan,0
1597988446163788032,1597988446693000192,2020-08-21 13:40:46.693000,848.0,860.5,841.0,850.0,nan,850.0,637748,54227582000.0,659533,848.5,492,848.0,419,nan,0,nan,0,nan,0,nan,0,nan,0,nan,0,nan,0,nan,0
1597988446634816000,1597988447240000000,2020-08-21 13:40:47.240000,848.5,860.5,841.0,850.0,nan,850.0,637750,54227751700.0,659532,848.5,490,848.0,420,nan,0,nan,0,nan,0,nan,0,nan,0,nan,0,nan,0,nan,0
1597988447138949120,1597988447724999936,2020-08-21 13:40:47.725000,848.5,860.5,841.0,850.0,nan,850.0,637751,54227836550.0,659531,848.5,489,848.0,420,nan,0,nan,0,nan,0,nan,0,nan,0,nan,0,nan,0,nan,0
1597988447627888128,1597988448232000000,2020-08-21 13:40:48.232000,848.5,860.5,841.0,850.0,nan,850.0,637772,54229618400.0,659528,848.5,468,848.0,421,nan,0,nan,0,nan,0,nan,0,nan,0,nan,0,nan,0,nan,0
1597988448155779072,1597988448733999872,2020-08-21 13:40:48.734000,848.5,860.5,841.0,850.0,nan,850.0,637772,54229618400.0,659528,848.5,384,848.0,422,nan,0,nan,0,nan,0,nan,0,nan,0,nan,0,nan,0,nan,0
1597988448635044096,1597988449224000000,2020-08-21 13:40:49.224000,848.5,860.5,841.0,850.0,nan,850.0,637775,54229872950.0,659530,848.5,382,848.0,422,nan,0,nan,0,nan,0,nan,0,nan,0,nan,0,nan,0,nan,0
1597988449130163968,1597988449632999936,2020-08-21 13:40:49.633000,848.0,860.5,841.0,850.0,nan,850.0,637780,54230296950.0,659530,848.5,386,848.0,417,nan,0,nan,0,nan,0,nan,0,nan,0,nan,0,nan,0,nan,0
1597988449629243904,1597988450232999936,2020-08-21 13:40:50.233000,848.0,860.5,841.0,850.0,nan,850.0,637780,54230296950.0,659530,848.5,386,848.0,418,nan,0,nan,0,nan,0,nan,0,nan,0,nan,0,nan,0,nan,0
1597988450178018048,1597988450732000000,2020-08-21 13:40:50.732000,848.5,860.5,841.0,850.0,nan,850.0,637870,54237933450.0,659505,848.5,290,848.0,476,nan,0,nan,0,nan,0,nan,0,nan,0,nan,0,nan,0,nan,0
1597988450632275968,1597988451219000064,2020-08-21 13:40:51.219000,848.5,860.5,841.0,850.0,nan,850.0,637888,54239460750.0,659497,848.5,272,848.0,443,nan,0,nan,0,nan,0,nan,0,nan,0,nan,0,nan,0,nan,0
1597988451148370944,1597988451704999936,2020-08-21 13:40:51.705000,848.5,860.5,841.0,850.0,nan,850.0,637890,54239630450.0,659496,848.5,264,848.0,443,nan,0,nan,0,nan,0,nan,0,nan,0,nan,0,nan,0,nan,0
1597988451648939008,1597988452242000128,2020-08-21 13:40:52.242000,848.5,860.5,841.0,850.0,nan,850.0,637890,54239630450.0,659496,848.5,264,848.0,444,nan,0,nan,0,nan,0,nan,0,nan,0,nan,0,nan,0,nan,0
1597988452138266112,1597988452690000128,2020-08-21 13:40:52.690000,848.5,860.5,841.0,850.0,nan,850.0,637902,54240648650.0,659490,848.5,252,848.0,438,nan,0,nan,0,nan,0,nan,0,nan,0,nan,0,nan,0,nan,0
1597988452636957952,1597988453180999936,2020-08-21 13:40:53.181000,848.5,860.5,841.0,850.0,nan,850.0,637905,54240903200.0,659493,848.5,249,848.0,438,nan,0,nan,0,nan,0,nan,0,nan,0,nan,0,nan,0,nan,0
1597988453146373888,1597988453657000192,2020-08-21 13:40:53.657000,848.5,860.5,841.0,850.0,nan,850.0,637906,54240988050.0,659493,848.5,247,848.0,439,nan,0,nan,0,nan,0,nan,0,nan,0,nan,0,nan,0,nan,0
1597988453632476928,1597988454217999872,2020-08-21 13:40:54.218000,848.5,860.5,841.0,850.0,nan,850.0,637919,54242091100.0,659484,848.5,235,848.0,448,nan,0,nan,0,nan,0,nan,0,nan,0,nan,0,nan,0,nan,0
1597988454151454976,1597988454709000192,2020-08-21 13:40:54.709000,848.0,860.5,841.0,850.0,nan,850.0,637920,54242175900.0,659484,848.5,235,848.0,450,nan,0,nan,0,nan,0,nan,0,nan,0,nan,0,nan,0,nan,0
1597988454632289024,1597988455196999936,2020-08-21 13:40:55.197000,848.5,860.5,841.0,850.0,nan,850.0,637922,54242345600.0,659482,848.5,233,848.0,450,nan,0,nan,0,nan,0,nan,0,nan,0,nan,0,nan,0,nan,0
1597988455134647040,1597988455744000000,2020-08-21 13:40:55.744000,848.5,860.5,841.0,850.0,nan,850.0,637933,54243278950.0,659475,848.5,222,848.0,440,nan,0,nan,0,nan,0,nan,0,nan,0,nan,0,nan,0,nan,0
1597988455626550016,1597988456161999872,2020-08-21 13:40:56.162000,848.5,860.5,841.0,850.0,nan,850.0,637934,54243363800.0,659476,848.5,221,848.0,479,nan,0,nan,0,nan,0,nan,0,nan,0,nan,0,nan,0,nan,0
1597988456155197952,1597988456736000000,2020-08-21 13:40:56.736000,848.5,860.5,841.0,850.0,nan,850.0,637937,54243618350.0,659473,848.5,218,848.0,479,nan,0,nan,0,nan,0,nan,0,nan,0,nan,0,nan,0,nan,0
1597988456632442112,1597988457240000000,2020-08-21 13:40:57.240000,848.0,860.5,841.0,850.0,nan,850.0,637964,54245909200.0,659464,848.5,193,848.0,467,nan,0,nan,0,nan,0,nan,0,nan,0,nan,0,nan,0,nan,0
1597988458125700096,1597988458742000128,2020-08-21 13:40:58.742000,848.5,860.5,841.0,850.0,nan,850.0,637974,54246757700.0,659464,848.5,183,848.0,474,nan,0,nan,0,nan,0,nan,0,nan,0,nan,0,nan,0,nan,0
1597988458637839872,1597988459160999936,2020-08-21 13:40:59.161000,848.5,860.5,841.0,850.0,nan,850.0,637991,54248200150.0,659447,848.5,164,848.0,465,nan,0,nan,0,nan,0,nan,0,nan,0,nan,0,nan,0,nan,0
1597988459148964096,1597988459730000128,2020-08-21 13:40:59.730000,848.5,860.5,841.0,850.0,nan,850.0,637991,54248200150.0,659447,848.5,164,848.0,466,nan,0,nan,0,nan,0,nan,0,nan,0,nan,0,nan,0,nan,0
1597988459633992960,1597988460198999808,2020-08-21 13:41:00.199000,848.5,860.5,841.0,850.0,nan,850.0,637991,54248200150.0,659447,848.5,180,848.0,408,nan,0,nan,0,nan,0,nan,0,nan,0,nan,0,nan,0,nan,0
1597988460176871936,1597988460736999936,2020-08-21 13:41:00.737000,848.5,860.5,841.0,850.0,nan,850.0,638003,54249218350.0,659435,848.5,153,848.0,429,nan,0,nan,0,nan,0,nan,0,nan,0,nan,0,nan,0,nan,0
1597988460633089024,1597988461244000000,2020-08-21 13:41:01.244000,848.5,860.5,841.0,850.0,nan,850.0,638006,54249472900.0,659434,848.5,150,848.0,429,nan,0,nan,0,nan,0,nan,0,nan,0,nan,0,nan,0,nan,0
1597988461125606912,1597988461677999872,2020-08-21 13:41:01.678000,848.5,860.5,841.0,850.0,nan,850.0,638006,54249472900.0,659434,848.5,156,848.0,430,nan,0,nan,0,nan,0,nan,0,nan,0,nan,0,nan,0,nan,0
1597988461639747072,1597988462244999936,2020-08-21 13:41:02.245000,848.5,860.5,841.0,850.0,nan,850.0,638016,54250321400.0,659424,848.5,171,848.0,414,nan,0,nan,0,nan,0,nan,0,nan,0,nan,0,nan,0,nan,0
1597988462164566016,1597988462688000000,2020-08-21 13:41:02.688000,848.5,860.5,841.0,850.0,nan,850.0,638018,54250491100.0,659422,848.5,170,848.0,414,nan,0,nan,0,nan,0,nan,0,nan,0,nan,0,nan,0,nan,0
1597988462643137024,1597988463204000000,2020-08-21 13:41:03.204000,848.5,860.5,841.0,850.0,nan,850.0,638019,54250575950.0,659421,848.5,170,848.0,374,nan,0,nan,0,nan,0,nan,0,nan,0,nan,0,nan,0,nan,0
1597988463154264064,1597988463732999936,2020-08-21 13:41:03.733000,848.5,860.5,841.0,850.0,nan,850.0,638046,54252866850.0,659395,848.5,196,848.0,380,nan,0,nan,0,nan,0,nan,0,nan,0,nan,0,nan,0,nan,0
1597988463627479040,1597988464237999872,2020-08-21 13:41:04.238000,848.0,860.5,841.0,850.0,nan,850.0,638076,54255410850.0,659386,848.5,201,848.0,352,nan,0,nan,0,nan,0,nan,0,nan,0,nan,0,nan,0,nan,0
1597988464156203008,1597988464740000000,2020-08-21 13:41:04.740000,848.5,860.5,841.0,850.0,nan,850.0,638078,54255580500.0,659385,848.5,210,848.0,355,nan,0,nan,0,nan,0,nan,0,nan,0,nan,0,nan,0,nan,0
1597988464640723968,1597988465236999936,2020-08-21 13:41:05.237000,848.5,860.5,841.0,850.0,nan,850.0,638078,54255580500.0,659385,848.5,217,848.0,356,nan,0,nan,0,nan,0,nan,0,nan,0,nan,0,nan,0,nan,0
1597988465181169920,1597988465744999936,2020-08-21 13:41:05.745000,848.5,860.5,841.0,850.0,nan,850.0,638089,54256513850.0,659379,848.5,204,848.0,357,nan,0,nan,0,nan,0,nan,0,nan,0,nan,0,nan,0,nan,0
1597988465633561088,1597988466186000128,2020-08-21 13:41:06.186000,848.5,860.5,841.0,850.0,nan,850.0,638089,54256513850.0,659379,848.5,205,848.0,357,nan,0,nan,0,nan,0,nan,0,nan,0,nan,0,nan,0,nan,0
1597988466149026048,1597988466694000128,2020-08-21 13:41:06.694000,848.5,860.5,841.0,850.0,nan,850.0,638089,54256513850.0,659379,848.5,205,848.0,359,nan,0,nan,0,nan,0,nan,0,nan,0,nan,0,nan,0,nan,0
1597988466632197888,1597988467242000128,2020-08-21 13:41:07.242000,848.0,860.5,841.0,850.0,nan,850.0,638090,54256598650.0,659378,848.5,205,848.0,358,nan,0,nan,0,nan,0,nan,0,nan,0,nan,0,nan,0,nan,0
1597988467130994944,1597988467708000000,2020-08-21 13:41:07.708000,848.0,860.5,841.0,850.0,nan,850.0,638090,54256598650.0,659378,848.5,216,848.0,358,nan,0,nan,0,nan,0,nan,0,nan,0,nan,0,nan,0,nan,0
1597988467642330112,1597988468116000000,2020-08-21 13:41:08.116000,848.5,860.5,841.0,850.0,nan,850.0,638093,54256853150.0,659378,848.5,215,848.0,357,nan,0,nan,0,nan,0,nan,0,nan,0,nan,0,nan,0,nan,0
1597988468150722048,1597988468670000128,2020-08-21 13:41:08.670000,848.5,860.5,841.0,850.0,nan,850.0,638093,54256853150.0,659378,848.5,215,848.0,358,nan,0,nan,0,nan,0,nan,0,nan,0,nan,0,nan,0,nan,0
1597988468637259008,1597988469217999872,2020-08-21 13:41:09.218000,848.5,860.5,841.0,850.0,nan,850.0,638096,54257107700.0,659380,848.5,211,848.0,358,nan,0,nan,0,nan,0,nan,0,nan,0,nan,0,nan,0,nan,0
1597988469147194880,1597988469713999872,2020-08-21 13:41:09.714000,848.5,860.5,841.0,850.0,nan,850.0,638096,54257107700.0,659380,848.5,220,848.0,360,nan,0,nan,0,nan,0,nan,0,nan,0,nan,0,nan,0,nan,0
1597988469638667008,1597988470233999872,2020-08-21 13:41:10.234000,848.5,860.5,841.0,850.0,nan,850.0,638097,54257192550.0,659381,848.5,219,848.0,362,nan,0,nan,0,nan,0,nan,0,nan,0,nan,0,nan,0,nan,0
1597988470140429056,1597988470730000128,2020-08-21 13:41:10.730000,848.5,860.5,841.0,850.0,nan,850.0,638192,54265253300.0,659325,848.5,85,848.0,402,nan,0,nan,0,nan,0,nan,0,nan,0,nan,0,nan,0,nan,0
1597988470668670976,1597988471227000064,2020-08-21 13:41:11.227000,848.5,860.5,841.0,850.0,nan,850.0,638233,54268732150.0,659335,848.5,46,848.0,405,nan,0,nan,0,nan,0,nan,0,nan,0,nan,0,nan,0,nan,0
1597988471149495040,1597988471719000064,2020-08-21 13:41:11.719000,848.5,860.5,841.0,850.0,nan,850.0,638254,54270513950.0,659331,848.5,51,848.0,397,nan,0,nan,0,nan,0,nan,0,nan,0,nan,0,nan,0,nan,0
1597988471632591872,1597988472194999808,2020-08-21 13:41:12.195000,848.5,860.5,841.0,850.0,nan,850.0,638258,54270853350.0,659332,848.5,53,848.0,397,nan,0,nan,0,nan,0,nan,0,nan,0,nan,0,nan,0,nan,0
1597988472155813120,1597988472724999936,2020-08-21 13:41:12.725000,848.0,860.5,841.0,850.0,nan,850.0,638263,54271277500.0,659329,848.5,46,848.0,395,nan,0,nan,0,nan,0,nan,0,nan,0,nan,0,nan,0,nan,0
1597988472628806912,1597988473217999872,2020-08-21 13:41:13.218000,848.0,860.5,841.0,850.0,nan,850.0,638274,54272210800.0,659327,848.5,47,848.0,385,nan,0,nan,0,nan,0,nan,0,nan,0,nan,0,nan,0,nan,0
1597988473133736960,1597988473673000192,2020-08-21 13:41:13.673000,848.0,860.5,841.0,850.0,nan,850.0,638276,54272380450.0,659328,848.5,47,848.0,390,nan,0,nan,0,nan,0,nan,0,nan,0,nan,0,nan,0,nan,0
1597988473632728064,1597988474236000000,2020-08-21 13:41:14.236000,848.5,860.5,841.0,850.0,nan,850.0,638281,54272804700.0,659325,848.5,62,848.0,390,nan,0,nan,0,nan,0,nan,0,nan,0,nan,0,nan,0,nan,0
1597988474147385088,1597988474651000064,2020-08-21 13:41:14.651000,848.5,860.5,841.0,850.0,nan,850.0,638284,54273059150.0,659323,848.5,93,848.0,413,nan,0,nan,0,nan,0,nan,0,nan,0,nan,0,nan,0,nan,0
1597988474630522880,1597988475194999808,2020-08-21 13:41:15.195000,848.5,860.5,841.0,850.0,nan,850.0,638285,54273144000.0,659323,848.5,92,848.0,412,nan,0,nan,0,nan,0,nan,0,nan,0,nan,0,nan,0,nan,0
1597988475159680000,1597988475724999936,2020-08-21 13:41:15.725000,848.5,860.5,841.0,850.0,nan,850.0,638290,54273568250.0,659321,848.5,88,848.0,412,nan,0,nan,0,nan,0,nan,0,nan,0,nan,0,nan,0,nan,0
1597988475634241024,1597988476172000000,2020-08-21 13:41:16.172000,848.5,860.5,841.0,850.0,nan,850.0,638297,54274162200.0,659322,848.5,95,848.0,412,nan,0,nan,0,nan,0,nan,0,nan,0,nan,0,nan,0,nan,0
1597988476130422016,1597988476743000064,2020-08-21 13:41:16.743000,848.5,860.5,841.0,850.0,nan,850.0,638297,54274162200.0,659322,848.5,95,848.0,413,nan,0,nan,0,nan,0,nan,0,nan,0,nan,0,nan,0,nan,0
1597988476642305024,1597988477193000192,2020-08-21 13:41:17.193000,848.5,860.5,841.0,850.0,nan,850.0,638297,54274162200.0,659322,848.5,99,848.0,423,nan,0,nan,0,nan,0,nan,0,nan,0,nan,0,nan,0,nan,0
1597988477180348928,1597988477734999808,2020-08-21 13:41:17.735000,848.5,860.5,841.0,850.0,nan,850.0,638297,54274162200.0,659322,848.5,100,848.0,423,nan,0,nan,0,nan,0,nan,0,nan,0,nan,0,nan,0,nan,0
1597988477639287040,1597988478228000000,2020-08-21 13:41:18.228000,848.5,860.5,841.0,850.0,nan,850.0,638298,54274247050.0,659321,848.5,99,848.0,424,nan,0,nan,0,nan,0,nan,0,nan,0,nan,0,nan,0,nan,0
1597988478156041984,1597988478717999872,2020-08-21 13:41:18.718000,848.5,860.5,841.0,850.0,nan,850.0,638334,54277301650.0,659317,848.5,59,848.0,414,nan,0,nan,0,nan,0,nan,0,nan,0,nan,0,nan,0,nan,0
1597988478669856000,1597988479212999936,2020-08-21 13:41:19.213000,848.5,860.5,841.0,850.0,nan,850.0,638334,54277301650.0,659317,848.5,76,848.0,414,nan,0,nan,0,nan,0,nan,0,nan,0,nan,0,nan,0,nan,0
1597988479154892032,1597988479746000128,2020-08-21 13:41:19.746000,848.5,860.5,841.0,850.0,nan,850.0,638335,54277386500.0,659317,848.5,91,848.0,415,nan,0,nan,0,nan,0,nan,0,nan,0,nan,0,nan,0,nan,0
1597988479649704960,1597988480232000000,2020-08-21 13:41:20.232000,848.5,860.5,841.0,850.0,nan,850.0,638335,54277386500.0,659317,848.5,95,848.0,415,nan,0,nan,0,nan,0,nan,0,nan,0,nan,0,nan,0,nan,0
1597988480159968000,1597988480677999872,2020-08-21 13:41:20.678000,848.5,860.5,841.0,850.0,nan,850.0,638336,54277471350.0,659316,848.5,100,848.0,415,nan,0,nan,0,nan,0,nan,0,nan,0,nan,0,nan,0,nan,0
1597988480641445888,1597988481242000128,2020-08-21 13:41:21.242000,848.5,860.5,841.0,850.0,nan,850.0,638336,54277471350.0,659316,848.5,163,848.0,415,nan,0,nan,0,nan,0,nan,0,nan,0,nan,0,nan,0,nan,0
1597988481133529088,1597988481730000128,2020-08-21 13:41:21.730000,848.5,860.5,841.0,850.0,nan,850.0,638357,54279253200.0,659296,848.5,214,848.0,415,nan,0,nan,0,nan,0,nan,0,nan,0,nan,0,nan,0,nan,0
1597988481646434048,1597988482243000064,2020-08-21 13:41:22.243000,848.5,860.5,841.0,850.0,nan,850.0,638359,54279422900.0,659294,848.5,216,848.0,419,nan,0,nan,0,nan,0,nan,0,nan,0,nan,0,nan,0,nan,0
1597988482142397952,1597988482739000064,2020-08-21 13:41:22.739000,848.5,860.5,841.0,850.0,nan,850.0,638359,54279422900.0,659294,848.5,217,848.0,419,nan,0,nan,0,nan,0,nan,0,nan,0,nan,0,nan,0,nan,0
1597988482650639872,1597988483240000000,2020-08-21 13:41:23.240000,848.5,860.5,841.0,850.0,nan,850.0,638359,54279422900.0,659294,848.5,219,848.0,421,nan,0,nan,0,nan,0,nan,0,nan,0,nan,0,nan,0,nan,0
1597988483163998976,1597988483729000192,2020-08-21 13:41:23.729000,848.5,860.5,841.0,850.0,nan,850.0,638359,54279422900.0,659294,848.5,237,848.0,422,nan,0,nan,0,nan,0,nan,0,nan,0,nan,0,nan,0,nan,0
1597988483628483072,1597988484196000000,2020-08-21 13:41:24.196000,848.5,860.5,841.0,850.0,nan,850.0,638371,54280441100.0,659294,848.5,223,848.0,422,nan,0,nan,0,nan,0,nan,0,nan,0,nan,0,nan,0,nan,0
1597988484158776064,1597988484728000000,2020-08-21 13:41:24.728000,848.5,860.5,841.0,850.0,nan,850.0,638386,54281713800.0,659297,848.5,211,848.0,421,nan,0,nan,0,nan,0,nan,0,nan,0,nan,0,nan,0,nan,0
1597988484633969920,1597988485216999936,2020-08-21 13:41:25.217000,848.5,860.5,841.0,850.0,nan,850.0,638386,54281713800.0,659297,848.5,216,848.0,391,nan,0,nan,0,nan,0,nan,0,nan,0,nan,0,nan,0,nan,0
1597988485636905984,1597988486210000128,2020-08-21 13:41:26.210000,848.5,860.5,841.0,850.0,nan,850.0,638386,54281713800.0,659297,848.5,226,848.0,392,nan,0,nan,0,nan,0,nan,0,nan,0,nan,0,nan,0,nan,0
1597988486151513088,1597988486721999872,2020-08-21 13:41:26.722000,848.5,860.5,841.0,850.0,nan,850.0,638386,54281713800.0,659297,848.5,227,848.0,424,nan,0,nan,0,nan,0,nan,0,nan,0,nan,0,nan,0,nan,0
1597988486638468096,1597988487246000128,2020-08-21 13:41:27.246000,848.0,860.5,841.0,850.0,nan,850.0,638398,54282731900.0,659291,848.5,221,848.0,413,nan,0,nan,0,nan,0,nan,0,nan,0,nan,0,nan,0,nan,0
1597988487131921920,1597988487737999872,2020-08-21 13:41:27.738000,848.0,860.5,841.0,850.0,nan,850.0,638398,54282731900.0,659291,848.5,244,848.0,394,nan,0,nan,0,nan,0,nan,0,nan,0,nan,0,nan,0,nan,0
1597988487632271872,1597988488209000192,2020-08-21 13:41:28.209000,848.0,860.5,841.0,850.0,nan,850.0,638398,54282731900.0,659291,848.5,250,848.0,393,nan,0,nan,0,nan,0,nan,0,nan,0,nan,0,nan,0,nan,0
1597988488135563008,1597988488746000128,2020-08-21 13:41:28.746000,848.5,860.5,841.0,850.0,nan,850.0,638401,54282986450.0,659294,848.5,267,848.0,393,nan,0,nan,0,nan,0,nan,0,nan,0,nan,0,nan,0,nan,0
1597988488667188992,1597988489240999936,2020-08-21 13:41:29.241000,848.5,860.5,841.0,850.0,nan,850.0,638401,54282986450.0,659294,848.5,266,848.0,494,nan,0,nan,0,nan,0,nan,0,nan,0,nan,0,nan,0,nan,0
1597988489157527040,1597988489736999936,2020-08-21 13:41:29.737000,848.5,860.5,841.0,850.0,nan,850.0,638407,54283495550.0,659293,848.5,266,848.0,494,nan,0,nan,0,nan,0,nan,0,nan,0,nan,0,nan,0,nan,0
1597988489633869056,1597988490196000000,2020-08-21 13:41:30.196000,848.5,860.5,841.0,850.0,nan,850.0,638407,54283495550.0,659293,848.5,272,848.0,494,nan,0,nan,0,nan,0,nan,0,nan,0,nan,0,nan,0,nan,0
1597988490150693120,1597988490744000000,2020-08-21 13:41:30.744000,848.5,860.5,841.0,850.0,nan,850.0,638407,54283495550.0,659293,848.5,273,848.0,494,nan,0,nan,0,nan,0,nan,0,nan,0,nan,0,nan,0,nan,0
1597988490635730944,1597988491246000128,2020-08-21 13:41:31.246000,848.0,860.5,841.0,850.0,nan,850.0,638408,54283580350.0,659292,848.5,275,848.0,503,nan,0,nan,0,nan,0,nan,0,nan,0,nan,0,nan,0,nan,0
1597988491134264064,1597988491656000000,2020-08-21 13:41:31.656000,848.0,860.5,841.0,850.0,nan,850.0,638408,54283580350.0,659292,848.5,276,848.0,503,nan,0,nan,0,nan,0,nan,0,nan,0,nan,0,nan,0,nan,0
1597988491633276928,1597988492224000000,2020-08-21 13:41:32.224000,848.5,860.5,841.0,850.0,nan,850.0,638409,54283665200.0,659291,848.5,278,848.0,503,nan,0,nan,0,nan,0,nan,0,nan,0,nan,0,nan,0,nan,0
1597988492176887040,1597988492744000000,2020-08-21 13:41:32.744000,848.5,860.5,841.0,850.0,nan,850.0,638409,54283665200.0,659291,848.5,280,848.0,489,nan,0,nan,0,nan,0,nan,0,nan,0,nan,0,nan,0,nan,0
1597988492657305088,1597988493224999936,2020-08-21 13:41:33.225000,848.5,860.5,841.0,850.0,nan,850.0,638417,54284344000.0,659284,848.5,269,848.0,521,nan,0,nan,0,nan,0,nan,0,nan,0,nan,0,nan,0,nan,0
1597988493151709952,1597988493719000064,2020-08-21 13:41:33.719000,848.0,860.5,841.0,850.0,nan,850.0,638422,54284768000.0,659286,848.5,277,848.0,516,nan,0,nan,0,nan,0,nan,0,nan,0,nan,0,nan,0,nan,0
1597988493644546048,1597988494171000064,2020-08-21 13:41:34.171000,848.0,860.5,841.0,850.0,nan,850.0,638423,54284852800.0,659286,848.5,290,848.0,521,nan,0,nan,0,nan,0,nan,0,nan,0,nan,0,nan,0,nan,0
1597988494135232000,1597988494730000128,2020-08-21 13:41:34.730000,848.0,860.5,841.0,850.0,nan,850.0,638424,54284937600.0,659286,848.5,291,848.0,520,nan,0,nan,0,nan,0,nan,0,nan,0,nan,0,nan,0,nan,0
1597988494634695936,1597988495226000128,2020-08-21 13:41:35.226000,848.0,860.5,841.0,850.0,nan,850.0,638424,54284937600.0,659286,848.5,294,848.0,523,nan,0,nan,0,nan,0,nan,0,nan,0,nan,0,nan,0,nan,0
1597988495175760896,1597988495743000064,2020-08-21 13:41:35.743000,848.0,860.5,841.0,850.0,nan,850.0,638425,54285022400.0,659287,848.5,296,848.0,521,nan,0,nan,0,nan,0,nan,0,nan,0,nan,0,nan,0,nan,0
1597988495638411008,1597988496240000000,2020-08-21 13:41:36.240000,848.5,860.5,841.0,850.0,nan,850.0,638426,54285107250.0,659287,848.5,301,848.0,526,nan,0,nan,0,nan,0,nan,0,nan,0,nan,0,nan,0,nan,0
1597988496144381952,1597988496694000128,2020-08-21 13:41:36.694000,848.5,860.5,841.0,850.0,nan,850.0,638427,54285192100.0,659288,848.5,303,848.0,526,nan,0,nan,0,nan,0,nan,0,nan,0,nan,0,nan,0,nan,0
1597988496637100032,1597988497224999936,2020-08-21 13:41:37.225000,848.0,860.5,841.0,850.0,nan,850.0,638429,54285361750.0,659289,848.5,304,848.0,525,nan,0,nan,0,nan,0,nan,0,nan,0,nan,0,nan,0,nan,0
1597988497134391040,1597988497680000000,2020-08-21 13:41:37.680000,848.0,860.5,841.0,850.0,nan,850.0,638429,54285361750.0,659289,848.5,308,848.0,525,nan,0,nan,0,nan,0,nan,0,nan,0,nan,0,nan,0,nan,0
1597988497626515968,1597988498217999872,2020-08-21 13:41:38.218000,848.0,860.5,841.0,850.0,nan,850.0,638429,54285361750.0,659289,848.5,361,848.0,525,nan,0,nan,0,nan,0,nan,0,nan,0,nan,0,nan,0,nan,0
1597988498146471936,1597988498696000000,2020-08-21 13:41:38.696000,848.0,860.5,841.0,850.0,nan,850.0,638430,54285446550.0,659290,848.5,361,848.0,524,nan,0,nan,0,nan,0,nan,0,nan,0,nan,0,nan,0,nan,0
1597988498632901888,1597988499083000064,2020-08-21 13:41:39.083000,848.0,860.5,841.0,850.0,nan,850.0,638430,54285446550.0,659290,848.5,362,848.0,524,nan,0,nan,0,nan,0,nan,0,nan,0,nan,0,nan,0,nan,0
1597988499145881088,1597988499736999936,2020-08-21 13:41:39.737000,848.5,860.5,841.0,850.0,nan,850.0,638434,54285785950.0,659290,848.5,361,848.0,524,nan,0,nan,0,nan,0,nan,0,nan,0,nan,0,nan,0,nan,0
1597988499629620992,1597988500219000064,2020-08-21 13:41:40.219000,848.0,860.5,841.0,850.0,nan,850.0,638435,54285870750.0,659290,848.5,361,848.0,523,nan,0,nan,0,nan,0,nan,0,nan,0,nan,0,nan,0,nan,0
1597988500155800064,1597988500740000000,2020-08-21 13:41:40.740000,848.0,860.5,841.0,850.0,nan,850.0,638435,54285870750.0,659290,848.5,372,848.0,523,nan,0,nan,0,nan,0,nan,0,nan,0,nan,0,nan,0,nan,0
