local_nano_time,quote_nano_time,datetime,last_price,highest,lowest,open,close,average,volume,amount,open_interest,ask_price1,ask_volume1,bid_price1,bid_volume1,ask_price2,ask_volume2,bid_price2,bid_volume2,ask_price3,ask_volume3,bid_price3,bid_volume3,ask_price4,ask_volume4,bid_price4,bid_volume4,ask_price5,ask_volume5,bid_price5,bid_volume5
1597988229712378112,1597988230000000000,2020-08-21 13:37:10.000000,6918.0,6926.0,6826.0,6888.0,nan,6878.0,147469,10142917820.0,150308,6918.0,8,6917.0,20,nan,0,nan,0,nan,0,nan,0,nan,0,nan,0,nan,0,nan,0
1597988230234213120,1597988230000001024,2020-08-21 13:37:10.000001,6918.0,6926.0,6826.0,6888.0,nan,6878.0,147471,10143055380.0,150308,6918.0,7,6917.0,20,nan,0,nan,0,nan,0,nan,0,nan,0,nan,0,nan,0,nan,0
1597988230692239872,1597988231000000000,2020-08-21 13:37:11.000000,6918.0,6926.0,6826.0,6888.0,nan,6878.0,147489,10144293420.0,150297,6919.0,21,6918.0,274,nan,0,nan,0,nan,0,nan,0,nan,0,nan,0,nan,0,nan,0
1597988231225875968,1597988231000001024,2020-08-21 13:37:11.000001,6919.0,6926.0,6826.0,6888.0,nan,6878.0,147641,10154747980.0,150337,6923.0,13,6919.0,15,nan,0,nan,0,nan,0,nan,0,nan,0,nan,0,nan,0,nan,0
1597988231696357888,1597988232000000000,2020-08-21 13:37:12.000000,6919.0,6926.0,6826.0,6888.0,nan,6878.0,147645,10155023100.0,150338,6922.0,13,6919.0,13,nan,0,nan,0,nan,0,nan,0,nan,0,nan,0,nan,0,nan,0
1597988232226803968,1597988232000001024,2020-08-21 13:37:12.000001,6919.0,6926.0,6826.0,6888.0,nan,6878.0,147647,10155160660.0,150338,6920.0,2,6919.0,8,nan,0,nan,0,nan,0,nan,0,nan,0,nan,0,nan,0,nan,0
1597988232689005056,1597988233000000000,2020-08-21 13:37:13.000000,6920.0,6926.0,6826.0,6888.0,nan,6878.0,147652,10155504560.0,150335,6920.0,25,6919.0,9,nan,0,nan,0,nan,0,nan,0,nan,0,nan,0,nan,0,nan,0
1597988233188883968,1597988233000001024,2020-08-21 13:37:13.000001,6921.0,6926.0,6826.0,6888.0,nan,6878.0,147682,10157567960.0,150349,6921.0,11,6919.0,8,nan,0,nan,0,nan,0,nan,0,nan,0,nan,0,nan,0,nan,0
1597988233695126016,1597988234000000000,2020-08-21 13:37:14.000000,6920.0,6926.0,6826.0,6888.0,nan,6878.0,147683,10157636740.0,150349,6921.0,14,6920.0,1,nan,0,nan,0,nan,0,nan,0,nan,0,nan,0,nan,0,nan,0
1597988234212294912,1597988234000001024,2020-08-21 13:37:14.000001,6920.0,6926.0,6826.0,6888.0,nan,6878.0,147686,10157843080.0,150352,6921.0,13,6920.0,6,nan,0,nan,0,nan,0,nan,0,nan,0,nan,0,nan,0,nan,0
1597988234694088960,1597988235000000000,2020-08-21 13:37:15.000000,6921.0,6926.0,6826.0,6888.0,nan,6878.0,147700,10158806000.0,150351,6922.0,19,6921.0,1,nan,0,nan,0,nan,0,nan,0,nan,0,nan,0,nan,0,nan,0
1597988235217320960,1597988235000001024,2020-08-21 13:37:15.000001,6921.0,6926.0,6826.0,6888.0,nan,6878.0,147706,10159218680.0,150351,6922.0,19,6921.0,4,nan,0,nan,0,nan,0,nan,0,nan,0,nan,0,nan,0,nan,0
1597988235695465984,1597988236000000000,2020-08-21 13:37:16.000000,6922.0,6926.0,6826.0,6888.0,nan,6878.0,147715,10159837700.0,150352,6922.0,18,6921.0,3,nan,0,nan,0,nan,0,nan,0,nan,0,nan,0,nan,0,nan,0
1597988236209754112,1597988236000001024,2020-08-21 13:37:16.000001,6920.0,6926.0,6826.0,6888.0,nan,6878.0,147741,10161625980.0,150355,6920.0,29,6919.0,8,nan,0,nan,0,nan,0,nan,0,nan,0,nan,0,nan,0,nan,0
1597988236693181952,1597988237000000000,2020-08-21 13:37:17.000000,6920.0,6926.0,6826.0,6888.0,nan,6878.0,147749,10162176220.0,150353,6920.0,21,6919.0,8,nan,0,nan,0,nan,0,nan,0,nan,0,nan,0,nan,0,nan,0
1597988237224043008,1597988237000001024,2020-08-21 13:37:17.000001,6920.0,6926.0,6826.0,6888.0,nan,6878.0,147755,10162588900.0,150347,6920.0,15,6919.0,8,nan,0,nan,0,nan,0,nan,0,nan,0,nan,0,nan,0,nan,0
1597988237700802048,1597988238000000000,2020-08-21 13:37:18.000000,6920.0,6926.0,6826.0,6888.0,nan,6878.0,147756,10162657680.0,150346,6920.0,14,6919.0,8,nan,0,nan,0,nan,0,nan,0,nan,0,nan,0,nan,0,nan,0
1597988238243262976,1597988238000001024,2020-08-21 13:37:18.000001,6920.0,6926.0,6826.0,6888.0,nan,6878.0,147773,10163826940.0,150331,6920.0,3,6919.0,7,nan,0,nan,0,nan,0,nan,0,nan,0,nan,0,nan,0,nan,0
1597988238696273920,1597988239000000000,2020-08-21 13:37:19.000000,6919.0,6926.0,6826.0,6888.0,nan,6878.0,147782,10164445960.0,150324,6920.0,4,6918.0,289,nan,0,nan,0,nan,0,nan,0,nan,0,nan,0,nan,0,nan,0
1597988239185531904,1597988239000001024,2020-08-21 13:37:19.000001,6920.0,6926.0,6826.0,6888.0,nan,6878.0,147789,10164927420.0,150321,6920.0,8,6918.0,286,nan,0,nan,0,nan,0,nan,0,nan,0,nan,0,nan,0,nan,0
1597988239690010880,1597988240000000000,2020-08-21 13:37:20.000000,6920.0,6926.0,6826.0,6888.0,nan,6878.0,147798,10165546440.0,150321,6921.0,10,6920.0,5,nan,0,nan,0,nan,0,nan,0,nan,0,nan,0,nan,0,nan,0
1597988240222344960,1597988240000001024,2020-08-21 13:37:20.000001,6921.0,6926.0,6826.0,6888.0,nan,6878.0,147817,10166853260.0,150317,6921.0,11,6920.0,3,nan,0,nan,0,nan,0,nan,0,nan,0,nan,0,nan,0,nan,0
1597988240694528000,1597988241000000000,2020-08-21 13:37:21.000000,6919.0,6926.0,6826.0,6888.0,nan,6878.0,147821,10167128380.0,150316,6920.0,1,6918.0,275,nan,0,nan,0,nan,0,nan,0,nan,0,nan,0,nan,0,nan,0
1597988241197338112,1597988241000001024,2020-08-21 13:37:21.000001,6921.0,6926.0,6826.0,6888.0,nan,6878.0,147828,10167609840.0,150314,6921.0,10,6919.0,1,nan,0,nan,0,nan,0,nan,0,nan,0,nan,0,nan,0,nan,0
1597988241693612032,1597988242000000000,2020-08-21 13:37:22.000000,6921.0,6926.0,6826.0,6888.0,nan,6878.0,147830,10167747400.0,150315,6921.0,9,6920.0,12,nan,0,nan,0,nan,0,nan,0,nan,0,nan,0,nan,0,nan,0
1597988242190170112,1597988242000001024,2020-08-21 13:37:22.000001,6920.0,6926.0,6826.0,6888.0,nan,6878.0,147834,10168022520.0,150316,6921.0,13,6920.0,9,nan,0,nan,0,nan,0,nan,0,nan,0,nan,0,nan,0,nan,0
1597988242709126912,1597988243000000000,2020-08-21 13:37:23.000000,6920.0,6926.0,6826.0,6888.0,nan,6878.0,147838,10168297640.0,150316,6921.0,14,6920.0,5,nan,0,nan,0,nan,0,nan,0,nan,0,nan,0,nan,0,nan,0
1597988243197722112,1597988243000001024,2020-08-21 13:37:23.000001,6920.0,6926.0,6826.0,6888.0,nan,6878.0,147861,10169879580.0,150320,6920.0,8,6919.0,5,nan,0,nan,0,nan,0,nan,0,nan,0,nan,0,nan,0,nan,0
1597988243692756992,1597988244000000000,2020-08-21 13:37:24.000000,6920.0,6926.0,6826.0,6888.0,nan,6878.0,147882,10171323960.0,150321,6921.0,12,6920.0,6,nan,0,nan,0,nan,0,nan,0,nan,0,nan,0,nan,0,nan,0
1597988244211077888,1597988244000001024,2020-08-21 13:37:24.000001,6920.0,6926.0,6826.0,6888.0,nan,6878.0,147891,10171942980.0,150323,6921.0,7,6920.0,2,nan,0,nan,0,nan,0,nan,0,nan,0,nan,0,nan,0,nan,0
1597988244691049984,1597988245000000000,2020-08-21 13:37:25.000000,6920.0,6926.0,6826.0,6888.0,nan,6878.0,147893,10172080540.0,150322,6921.0,7,6919.0,7,nan,0,nan,0,nan,0,nan,0,nan,0,nan,0,nan,0,nan,0
1597988245200971008,1597988245000001024,2020-08-21 13:37:25.000001,6920.0,6926.0,6826.0,6888.0,nan,6878.0,147898,10172424440.0,150323,6920.0,1,6919.0,7,nan,0,nan,0,nan,0,nan,0,nan,0,nan,0,nan,0,nan,0
1597988245698429952,1597988246000000000,2020-08-21 13:37:26.000000,6919.0,6926.0,6826.0,6888.0,nan,6878.0,147903,10172768340.0,150323,6920.0,1,6919.0,6,nan,0,nan,0,nan,0,nan,0,nan,0,nan,0,nan,0,nan,0
1597988246261457920,1597988246000001024,2020-08-21 13:37:26.000001,6921.0,6926.0,6826.0,6888.0,nan,6878.0,147907,10173043460.0,150322,6921.0,4,6920.0,4,nan,0,nan,0,nan,0,nan,0,nan,0,nan,0,nan,0,nan,0
1597988246722508032,1597988247000000000,2020-08-21 13:37:27.000000,6921.0,6926.0,6826.0,6888.0,nan,6878.0,147910,10173249800.0,150323,6921.0,8,6920.0,4,nan,0,nan,0,nan,0,nan,0,nan,0,nan,0,nan,0,nan,0
1597988247223715072,1597988247000001024,2020-08-21 13:37:27.000001,6921.0,6926.0,6826.0,6888.0,nan,6878.0,147925,10174281500.0,150332,6921.0,3,6920.0,10,nan,0,nan,0,nan,0,nan,0,nan,0,nan,0,nan,0,nan,0
1597988247699543040,1597988248000000000,2020-08-21 13:37:28.000000,6919.0,6926.0,6826.0,6888.0,nan,6878.0,147940,10175313200.0,150336,6920.0,19,6919.0,6,nan,0,nan,0,nan,0,nan,0,nan,0,nan,0,nan,0,nan,0
1597988248230920960,1597988248000001024,2020-08-21 13:37:28.000001,6920.0,6926.0,6826.0,6888.0,nan,6878.0,147956,10176413680.0,150345,6920.0,11,6918.0,286,nan,0,nan,0,nan,0,nan,0,nan,0,nan,0,nan,0,nan,0
1597988248696442112,1597988249000000000,2020-08-21 13:37:29.000000,6920.0,6926.0,6826.0,6888.0,nan,6878.0,147957,10176482460.0,150346,6920.0,11,6918.0,286,nan,0,nan,0,nan,0,nan,0,nan,0,nan,0,nan,0,nan,0
1597988249236687104,1597988249000001024,2020-08-21 13:37:29.000001,6920.0,6926.0,6826.0,6888.0,nan,6878.0,147961,10176757580.0,150348,6920.0,8,6918.0,285,nan,0,nan,0,nan,0,nan,0,nan,0,nan,0,nan,0,nan,0
1597988249702490880,1597988250000000000,2020-08-21 13:37:30.000000,6920.0,6926.0,6826.0,6888.0,nan,6878.0,147962,10176826360.0,150349,6920.0,17,6918.0,285,nan,0,nan,0,nan,0,nan,0,nan,0,nan,0,nan,0,nan,0
1597988250246476032,1597988250000001024,2020-08-21 13:37:30.000001,6920.0,6926.0,6826.0,6888.0,nan,6878.0,147968,10177239040.0,150355,6920.0,22,6918.0,285,nan,0,nan,0,nan,0,nan,0,nan,0,nan,0,nan,0,nan,0
1597988250700464128,1597988251000000000,2020-08-21 13:37:31.000000,6920.0,6926.0,6826.0,6888.0,nan,6878.0,147987,10178545860.0,150339,6920.0,19,6918.0,286,nan,0,nan,0,nan,0,nan,0,nan,0,nan,0,nan,0,nan,0
1597988251196796928,1597988251000001024,2020-08-21 13:37:31.000001,6919.0,6926.0,6826.0,6888.0,nan,6878.0,147988,10178614640.0,150340,6920.0,19,6919.0,6,nan,0,nan,0,nan,0,nan,0,nan,0,nan,0,nan,0,nan,0
1597988251705586944,1597988252000000000,2020-08-21 13:37:32.000000,6919.0,6926.0,6826.0,6888.0,nan,6878.0,147991,10178820980.0,150343,6920.0,21,6919.0,3,nan,0,nan,0,nan,0,nan,0,nan,0,nan,0,nan,0,nan,0
1597988252229018112,1597988252000001024,2020-08-21 13:37:32.000001,6920.0,6926.0,6826.0,6888.0,nan,6878.0,147992,10178889760.0,150342,6920.0,20,6919.0,4,nan,0,nan,0,nan,0,nan,0,nan,0,nan,0,nan,0,nan,0
1597988252716460032,1597988253000000000,2020-08-21 13:37:33.000000,6919.0,6926.0,6826.0,6888.0,nan,6878.0,147999,10179371220.0,150342,6920.0,21,6919.0,5,nan,0,nan,0,nan,0,nan,0,nan,0,nan,0,nan,0,nan,0
1597988253241615104,1597988253000001024,2020-08-21 13:37:33.000001,6919.0,6926.0,6826.0,6888.0,nan,6878.0,148004,10179715120.0,150339,6920.0,19,6919.0,4,nan,0,nan,0,nan,0,nan,0,nan,0,nan,0,nan,0,nan,0
1597988253701147904,1597988254000000000,2020-08-21 13:37:34.000000,6919.0,6926.0,6826.0,6888.0,nan,6878.0,148009,10180059020.0,150340,6919.0,17,6918.0,288,nan,0,nan,0,nan,0,nan,0,nan,0,nan,0,nan,0,nan,0
1597988254202970880,1597988254000001024,2020-08-21 13:37:34.000001,6919.0,6926.0,6826.0,6888.0,nan,6878.0,148028,10181365840.0,150341,6920.0,18,6919.0,9,nan,0,nan,0,nan,0,nan,0,nan,0,nan,0,nan,0,nan,0
1597988254715407104,1597988255000000000,2020-08-21 13:37:35.000000,6920.0,6926.0,6826.0,6888.0,nan,6878.0,148030,10181503400.0,150343,6920.0,18,6919.0,8,nan,0,nan,0,nan,0,nan,0,nan,0,nan,0,nan,0,nan,0
1597988255222371072,1597988255000001024,2020-08-21 13:37:35.000001,6919.0,6926.0,6826.0,6888.0,nan,6878.0,148040,10182191200.0,150349,6920.0,16,6918.0,291,nan,0,nan,0,nan,0,nan,0,nan,0,nan,0,nan,0,nan,0
1597988255702903040,1597988256000000000,2020-08-21 13:37:36.000000,6919.0,6926.0,6826.0,6888.0,nan,6878.0,148040,10182191200.0,150349,6920.0,20,6919.0,2,nan,0,nan,0,nan,0,nan,0,nan,0,nan,0,nan,0,nan,0
1597988256226796032,1597988256000001024,2020-08-21 13:37:36.000001,6919.0,6926.0,6826.0,6888.0,nan,6878.0,148044,10182466320.0,150352,6919.0,2,6918.0,291,nan,0,nan,0,nan,0,nan,0,nan,0,nan,0,nan,0,nan,0
1597988256704499968,1597988257000000000,2020-08-21 13:37:37.000000,6918.0,6926.0,6826.0,6888.0,nan,6878.0,148049,10182810220.0,150351,6919.0,1,6918.0,288,nan,0,nan,0,nan,0,nan,0,nan,0,nan,0,nan,0,nan,0
1597988257207571968,1597988257000001024,2020-08-21 13:37:37.000001,6918.0,6926.0,6826.0,6888.0,nan,6878.0,148078,10184804840.0,150331,6919.0,11,6918.0,259,nan,0,nan,0,nan,0,nan,0,nan,0,nan,0,nan,0,nan,0
1597988257701135104,1597988258000000000,2020-08-21 13:37:38.000000,6916.0,6926.0,6826.0,6888.0,nan,6878.0,148392,10206401760.0,150310,6916.0,25,6915.0,2,nan,0,nan,0,nan,0,nan,0,nan,0,nan,0,nan,0,nan,0
1597988258226429952,1597988258000001024,2020-08-21 13:37:38.000001,6914.0,6926.0,6826.0,6888.0,nan,6878.0,148403,10207158340.0,150311,6916.0,13,6914.0,22,nan,0,nan,0,nan,0,nan,0,nan,0,nan,0,nan,0,nan,0
1597988258707785984,1597988259000000000,2020-08-21 13:37:39.000000,6914.0,6926.0,6826.0,6888.0,nan,6878.0,148405,10207295900.0,150309,6916.0,14,6915.0,1,nan,0,nan,0,nan,0,nan,0,nan,0,nan,0,nan,0,nan,0
1597988259233634048,1597988259000001024,2020-08-21 13:37:39.000001,6915.0,6926.0,6826.0,6888.0,nan,6878.0,148409,10207571020.0,150308,6916.0,17,6914.0,20,nan,0,nan,0,nan,0,nan,0,nan,0,nan,0,nan,0,nan,0
1597988259711177984,1597988260000000000,2020-08-21 13:37:40.000000,6914.0,6926.0,6826.0,6888.0,nan,6878.0,148418,10208190040.0,150307,6915.0,4,6914.0,18,nan,0,nan,0,nan,0,nan,0,nan,0,nan,0,nan,0,nan,0
1597988260203618048,1597988260000001024,2020-08-21 13:37:40.000001,6916.0,6926.0,6826.0,6888.0,nan,6878.0,148425,10208671500.0,150306,6916.0,7,6914.0,18,nan,0,nan,0,nan,0,nan,0,nan,0,nan,0,nan,0,nan,0
1597988260704982016,1597988261000000000,2020-08-21 13:37:41.000000,6916.0,6926.0,6826.0,6888.0,nan,6878.0,148433,10209221740.0,150309,6918.0,7,6916.0,3,nan,0,nan,0,nan,0,nan,0,nan,0,nan,0,nan,0,nan,0
1597988261248178944,1597988261000001024,2020-08-21 13:37:41.000001,6916.0,6926.0,6826.0,6888.0,nan,6878.0,148435,10209359300.0,150310,6917.0,3,6916.0,2,nan,0,nan,0,nan,0,nan,0,nan,0,nan,0,nan,0,nan,0
1597988261697460992,1597988262000000000,2020-08-21 13:37:42.000000,6916.0,6926.0,6826.0,6888.0,nan,6878.0,148437,10209496860.0,150311,6916.0,1,6915.0,1,nan,0,nan,0,nan,0,nan,0,nan,0,nan,0,nan,0,nan,0
1597988262262151936,1597988262000001024,2020-08-21 13:37:42.000001,6916.0,6926.0,6826.0,6888.0,nan,6878.0,148438,10209565640.0,150311,6917.0,3,6916.0,4,nan,0,nan,0,nan,0,nan,0,nan,0,nan,0,nan,0,nan,0
1597988262697278976,1597988263000000000,2020-08-21 13:37:43.000000,6915.0,6926.0,6826.0,6888.0,nan,6878.0,148445,10210047100.0,150314,6915.0,1,6914.0,18,nan,0,nan,0,nan,0,nan,0,nan,0,nan,0,nan,0,nan,0
1597988263199376896,1597988263000001024,2020-08-21 13:37:43.000001,6917.0,6926.0,6826.0,6888.0,nan,6878.0,148452,10210528560.0,150316,6916.0,5,6915.0,9,nan,0,nan,0,nan,0,nan,0,nan,0,nan,0,nan,0,nan,0
1597988263699303936,1597988264000000000,2020-08-21 13:37:44.000000,6917.0,6926.0,6826.0,6888.0,nan,6878.0,148452,10210528560.0,150316,6916.0,14,6915.0,4,nan,0,nan,0,nan,0,nan,0,nan,0,nan,0,nan,0,nan,0
1597988264247653120,1597988264000001024,2020-08-21 13:37:44.000001,6916.0,6926.0,6826.0,6888.0,nan,6878.0,148465,10211422700.0,150322,6916.0,3,6915.0,2,nan,0,nan,0,nan,0,nan,0,nan,0,nan,0,nan,0,nan,0
1597988264702660096,1597988265000000000,2020-08-21 13:37:45.000000,6915.0,6926.0,6826.0,6888.0,nan,6878.0,148467,10211560260.0,150324,6916.0,12,6915.0,1,nan,0,nan,0,nan,0,nan,0,nan,0,nan,0,nan,0,nan,0
1597988265210199040,1597988265000001024,2020-08-21 13:37:45.000001,6916.0,6926.0,6826.0,6888.0,nan,6878.0,148479,10212385620.0,150323,6917.0,2,6915.0,12,nan,0,nan,0,nan,0,nan,0,nan,0,nan,0,nan,0,nan,0
1597988265702065920,1597988266000000000,2020-08-21 13:37:46.000000,6916.0,6926.0,6826.0,6888.0,nan,6878.0,148482,10212591960.0,150325,6917.0,2,6916.0,1,nan,0,nan,0,nan,0,nan,0,nan,0,nan,0,nan,0,nan,0
1597988266198864896,1597988266000001024,2020-08-21 13:37:46.000001,6916.0,6926.0,6826.0,6888.0,nan,6878.0,148482,10212591960.0,150325,6917.0,2,6916.0,2,nan,0,nan,0,nan,0,nan,0,nan,0,nan,0,nan,0,nan,0
1597988266718632960,1597988267000000000,2020-08-21 13:37:47.000000,6917.0,6926.0,6826.0,6888.0,nan,6878.0,148487,10212935860.0,150322,6917.0,4,6916.0,2,nan,0,nan,0,nan,0,nan,0,nan,0,nan,0,nan,0,nan,0
1597988267233728000,1597988267000001024,2020-08-21 13:37:47.000001,6916.0,6926.0,6826.0,6888.0,nan,6878.0,148493,10213348540.0,150319,6916.0,1,6915.0,13,nan,0,nan,0,nan,0,nan,0,nan,0,nan,0,nan,0,nan,0
1597988267707891968,1597988267000001792,2020-08-21 13:37:47.000002,6916.0,6926.0,6826.0,6888.0,nan,6878.0,148494,10213417320.0,150320,6917.0,2,6916.0,5,nan,0,nan,0,nan,0,nan,0,nan,0,nan,0,nan,0,nan,0
1597988268227706112,1597988268000000000,2020-08-21 13:37:48.000000,6915.0,6926.0,6826.0,6888.0,nan,6878.0,148495,10213486100.0,150321,6916.0,2,6915.0,12,nan,0,nan,0,nan,0,nan,0,nan,0,nan,0,nan,0,nan,0
1597988268706440960,1597988269000000000,2020-08-21 13:37:49.000000,6915.0,6926.0,6826.0,6888.0,nan,6878.0,148502,10213967560.0,150327,6917.0,4,6915.0,14,nan,0,nan,0,nan,0,nan,0,nan,0,nan,0,nan,0,nan,0
1597988269204018944,1597988269000001024,2020-08-21 13:37:49.000001,6915.0,6926.0,6826.0,6888.0,nan,6878.0,148510,10214517800.0,150330,6917.0,2,6915.0,15,nan,0,nan,0,nan,0,nan,0,nan,0,nan,0,nan,0,nan,0
1597988269715760128,1597988270000000000,2020-08-21 13:37:50.000000,6915.0,6926.0,6826.0,6888.0,nan,6878.0,148517,10214999260.0,150327,6917.0,1,6915.0,9,nan,0,nan,0,nan,0,nan,0,nan,0,nan,0,nan,0,nan,0
1597988270231535104,1597988270000001024,2020-08-21 13:37:50.000001,6915.0,6926.0,6826.0,6888.0,nan,6878.0,148517,10214999260.0,150327,6917.0,2,6916.0,1,nan,0,nan,0,nan,0,nan,0,nan,0,nan,0,nan,0,nan,0
1597988270707226112,1597988271000000000,2020-08-21 13:37:51.000000,6917.0,6926.0,6826.0,6888.0,nan,6878.0,148521,10215274380.0,150325,6917.0,3,6916.0,1,nan,0,nan,0,nan,0,nan,0,nan,0,nan,0,nan,0,nan,0
1597988271231311104,1597988271000001024,2020-08-21 13:37:51.000001,6917.0,6926.0,6826.0,6888.0,nan,6878.0,148524,10215480720.0,150326,6917.0,2,6916.0,2,nan,0,nan,0,nan,0,nan,0,nan,0,nan,0,nan,0,nan,0
1597988271708762112,1597988272000000000,2020-08-21 13:37:52.000000,6917.0,6926.0,6826.0,6888.0,nan,6878.0,148525,10215549500.0,150326,6917.0,6,6916.0,2,nan,0,nan,0,nan,0,nan,0,nan,0,nan,0,nan,0,nan,0
1597988272204961024,1597988272000001024,2020-08-21 13:37:52.000001,6916.0,6926.0,6826.0,6888.0,nan,6878.0,148527,10215687060.0,150326,6917.0,10,6915.0,9,nan,0,nan,0,nan,0,nan,0,nan,0,nan,0,nan,0,nan,0
1597988272721544960,1597988273000000000,2020-08-21 13:37:53.000000,6917.0,6926.0,6826.0,6888.0,nan,6878.0,148528,10215755840.0,150326,6917.0,10,6915.0,15,nan,0,nan,0,nan,0,nan,0,nan,0,nan,0,nan,0,nan,0
1597988273222574080,1597988273000001024,2020-08-21 13:37:53.000001,6917.0,6926.0,6826.0,6888.0,nan,6878.0,148529,10215824620.0,150326,6916.0,3,6915.0,15,nan,0,nan,0,nan,0,nan,0,nan,0,nan,0,nan,0,nan,0
1597988273708408064,1597988274000000000,2020-08-21 13:37:54.000000,6917.0,6926.0,6826.0,6888.0,nan,6878.0,148529,10215824620.0,150326,6916.0,4,6915.0,4,nan,0,nan,0,nan,0,nan,0,nan,0,nan,0,nan,0,nan,0
1597988274229975040,1597988274000001024,2020-08-21 13:37:54.000001,6916.0,6926.0,6826.0,6888.0,nan,6878.0,148534,10216168520.0,150330,6917.0,11,6916.0,1,nan,0,nan,0,nan,0,nan,0,nan,0,nan,0,nan,0,nan,0
1597988274706806016,1597988275000000000,2020-08-21 13:37:55.000000,6916.0,6926.0,6826.0,6888.0,nan,6878.0,148537,10216374860.0,150331,6917.0,11,6916.0,9,nan,0,nan,0,nan,0,nan,0,nan,0,nan,0,nan,0,nan,0
1597988275213712896,1597988275000001024,2020-08-21 13:37:55.000001,6916.0,6926.0,6826.0,6888.0,nan,6878.0,148557,10217750460.0,150342,6917.0,11,6916.0,2,nan,0,nan,0,nan,0,nan,0,nan,0,nan,0,nan,0,nan,0
1597988275755692032,1597988276000000000,2020-08-21 13:37:56.000000,6916.0,6926.0,6826.0,6888.0,nan,6878.0,148558,10217819240.0,150342,6917.0,11,6916.0,4,nan,0,nan,0,nan,0,nan,0,nan,0,nan,0,nan,0,nan,0
1597988276812398080,1597988277000000000,2020-08-21 13:37:57.000000,6916.0,6926.0,6826.0,6888.0,nan,6878.0,148566,10218369480.0,150343,6916.0,2,6915.0,8,nan,0,nan,0,nan,0,nan,0,nan,0,nan,0,nan,0,nan,0
1597988277265468928,1597988277000001024,2020-08-21 13:37:57.000001,6916.0,6926.0,6826.0,6888.0,nan,6878.0,148568,10218507040.0,150341,6917.0,6,6916.0,5,nan,0,nan,0,nan,0,nan,0,nan,0,nan,0,nan,0,nan,0
1597988277714990080,1597988278000000000,2020-08-21 13:37:58.000000,6916.0,6926.0,6826.0,6888.0,nan,6878.0,148568,10218507040.0,150341,6917.0,7,6916.0,5,nan,0,nan,0,nan,0,nan,0,nan,0,nan,0,nan,0,nan,0
1597988278210344960,1597988278000001024,2020-08-21 13:37:58.000001,6917.0,6926.0,6826.0,6888.0,nan,6878.0,148575,10218988500.0,150342,6918.0,20,6916.0,13,nan,0,nan,0,nan,0,nan,0,nan,0,nan,0,nan,0,nan,0
1597988278715954944,1597988279000000000,2020-08-21 13:37:59.000000,6917.0,6926.0,6826.0,6888.0,nan,6878.0,148575,10218988500.0,150342,6918.0,21,6916.0,13,nan,0,nan,0,nan,0,nan,0,nan,0,nan,0,nan,0,nan,0
1597988279224251904,1597988279000001024,2020-08-21 13:37:59.000001,6916.0,6926.0,6826.0,6888.0,nan,6878.0,148577,10219126060.0,150342,6918.0,11,6916.0,12,nan,0,nan,0,nan,0,nan,0,nan,0,nan,0,nan,0,nan,0
1597988279712016896,1597988280000000000,2020-08-21 13:38:00.000000,6916.0,6926.0,6826.0,6888.0,nan,6878.0,148577,10219126060.0,150342,6918.0,11,6916.0,14,nan,0,nan,0,nan,0,nan,0,nan,0,nan,0,nan,0,nan,0
1597988280225153024,1597988280000001024,2020-08-21 13:38:00.000001,6916.0,6926.0,6826.0,6888.0,nan,6878.0,148582,10219469960.0,150338,6918.0,11,6916.0,14,nan,0,nan,0,nan,0,nan,0,nan,0,nan,0,nan,0,nan,0
1597988280714040064,1597988281000000000,2020-08-21 13:38:01.000000,6917.0,6926.0,6826.0,6888.0,nan,6878.0,148591,10220088980.0,150337,6917.0,8,6916.0,9,nan,0,nan,0,nan,0,nan,0,nan,0,nan,0,nan,0,nan,0
1597988281207571968,1597988281000001024,2020-08-21 13:38:01.000001,6916.0,6926.0,6826.0,6888.0,nan,6878.0,148592,10220157760.0,150337,6917.0,8,6916.0,19,nan,0,nan,0,nan,0,nan,0,nan,0,nan,0,nan,0,nan,0
1597988282232983040,1597988282000000000,2020-08-21 13:38:02.000000,6916.0,6926.0,6826.0,6888.0,nan,6878.0,148592,10220157760.0,150337,6917.0,8,6916.0,20,nan,0,nan,0,nan,0,nan,0,nan,0,nan,0,nan,0,nan,0
1597988282709848064,1597988283000000000,2020-08-21 13:38:03.000000,6917.0,6926.0,6826.0,6888.0,nan,6878.0,148596,10220432880.0,150340,6917.0,6,6916.0,7,nan,0,nan,0,nan,0,nan,0,nan,0,nan,0,nan,0,nan,0
1597988283285725952,1597988283000001024,2020-08-21 13:38:03.000001,6916.0,6926.0,6826.0,6888.0,nan,6878.0,148597,10220501660.0,150340,6917.0,6,6916.0,7,nan,0,nan,0,nan,0,nan,0,nan,0,nan,0,nan,0,nan,0
1597988283712919040,1597988284000000000,2020-08-21 13:38:04.000000,6916.0,6926.0,6826.0,6888.0,nan,6878.0,148620,10222083600.0,150354,6918.0,15,6916.0,1,nan,0,nan,0,nan,0,nan,0,nan,0,nan,0,nan,0,nan,0
1597988284213081088,1597988284000001024,2020-08-21 13:38:04.000001,6916.0,6926.0,6826.0,6888.0,nan,6878.0,148624,10222358720.0,150355,6918.0,16,6916.0,3,nan,0,nan,0,nan,0,nan,0,nan,0,nan,0,nan,0,nan,0
1597988284710865920,1597988285000000000,2020-08-21 13:38:05.000000,6916.0,6926.0,6826.0,6888.0,nan,6878.0,148626,10222496280.0,150357,6917.0,1,6916.0,1,nan,0,nan,0,nan,0,nan,0,nan,0,nan,0,nan,0,nan,0
1597988285225720064,1597988285000001024,2020-08-21 13:38:05.000001,6916.0,6926.0,6826.0,6888.0,nan,6878.0,148628,10222633840.0,150356,6916.0,5,6915.0,27,nan,0,nan,0,nan,0,nan,0,nan,0,nan,0,nan,0,nan,0
1597988285712282112,1597988286000000000,2020-08-21 13:38:06.000000,6915.0,6926.0,6826.0,6888.0,nan,6878.0,148629,10222702620.0,150356,6916.0,6,6915.0,21,nan,0,nan,0,nan,0,nan,0,nan,0,nan,0,nan,0,nan,0
1597988286226341888,1597988286000001024,2020-08-21 13:38:06.000001,6915.0,6926.0,6826.0,6888.0,nan,6878.0,148632,10222908960.0,150356,6916.0,7,6915.0,13,nan,0,nan,0,nan,0,nan,0,nan,0,nan,0,nan,0,nan,0
1597988286708792064,1597988287000000000,2020-08-21 13:38:07.000000,6916.0,6926.0,6826.0,6888.0,nan,6878.0,148643,10223665540.0,150358,6916.0,2,6915.0,13,nan,0,nan,0,nan,0,nan,0,nan,0,nan,0,nan,0,nan,0
1597988287217295104,1597988287000001024,2020-08-21 13:38:07.000001,6916.0,6926.0,6826.0,6888.0,nan,6878.0,148645,10223803100.0,150360,6917.0,3,6916.0,10,nan,0,nan,0,nan,0,nan,0,nan,0,nan,0,nan,0,nan,0
1597988287721373952,1597988288000000000,2020-08-21 13:38:08.000000,6916.0,6926.0,6826.0,6888.0,nan,6878.0,148651,10224215780.0,150361,6918.0,18,6916.0,8,nan,0,nan,0,nan,0,nan,0,nan,0,nan,0,nan,0,nan,0
1597988288717188096,1597988289000000000,2020-08-21 13:38:09.000000,6916.0,6926.0,6826.0,6888.0,nan,6878.0,148653,10224353340.0,150362,6918.0,18,6916.0,6,nan,0,nan,0,nan,0,nan,0,nan,0,nan,0,nan,0,nan,0
1597988289216068096,1597988289000001024,2020-08-21 13:38:09.000001,6916.0,6926.0,6826.0,6888.0,nan,6878.0,148659,10224766020.0,150362,6916.0,3,6915.0,21,nan,0,nan,0,nan,0,nan,0,nan,0,nan,0,nan,0,nan,0
1597988289711569920,1597988290000000000,2020-08-21 13:38:10.000000,6918.0,6926.0,6826.0,6888.0,nan,6878.0,148664,10225109920.0,150362,6917.0,1,6916.0,1,nan,0,nan,0,nan,0,nan,0,nan,0,nan,0,nan,0,nan,0
1597988290218865920,1597988290000001024,2020-08-21 13:38:10.000001,6916.0,6926.0,6826.0,6888.0,nan,6878.0,148667,10225316260.0,150360,6917.0,1,6915.0,19,nan,0,nan,0,nan,0,nan,0,nan,0,nan,0,nan,0,nan,0
1597988290713281024,1597988291000000000,2020-08-21 13:38:11.000000,6916.0,6926.0,6826.0,6888.0,nan,6878.0,148671,10225591380.0,150360,6916.0,2,6915.0,20,nan,0,nan,0,nan,0,nan,0,nan,0,nan,0,nan,0,nan,0
1597988291242703104,1597988291000001024,2020-08-21 13:38:11.000001,6915.0,6926.0,6826.0,6888.0,nan,6878.0,148673,10225728940.0,150360,6916.0,5,6915.0,18,nan,0,nan,0,nan,0,nan,0,nan,0,nan,0,nan,0,nan,0
1597988292219184896,1597988292000000000,2020-08-21 13:38:12.000000,6915.0,6926.0,6826.0,6888.0,nan,6878.0,148674,10225797720.0,150359,6916.0,5,6915.0,17,nan,0,nan,0,nan,0,nan,0,nan,0,nan,0,nan,0,nan,0
1597988292716061952,1597988293000000000,2020-08-21 13:38:13.000000,6915.0,6926.0,6826.0,6888.0,nan,6878.0,148694,10227173320.0,150369,6916.0,10,6914.0,26,nan,0,nan,0,nan,0,nan,0,nan,0,nan,0,nan,0,nan,0
1597988293217317888,1597988293000001024,2020-08-21 13:38:13.000001,6915.0,6926.0,6826.0,6888.0,nan,6878.0,148695,10227242100.0,150368,6916.0,12,6914.0,27,nan,0,nan,0,nan,0,nan,0,nan,0,nan,0,nan,0,nan,0
1597988293719654912,1597988294000000000,2020-08-21 13:38:14.000000,6915.0,6926.0,6826.0,6888.0,nan,6878.0,148695,10227242100.0,150368,6916.0,13,6914.0,27,nan,0,nan,0,nan,0,nan,0,nan,0,nan,0,nan,0,nan,0
1597988294236325888,1597988294000001024,2020-08-21 13:38:14.000001,6914.0,6926.0,6826.0,6888.0,nan,6878.0,148699,10227517220.0,150366,6916.0,18,6914.0,30,nan,0,nan,0,nan,0,nan,0,nan,0,nan,0,nan,0,nan,0
1597988294720948992,1597988295000000000,2020-08-21 13:38:15.000000,6914.0,6926.0,6826.0,6888.0,nan,6878.0,148712,10228411360.0,150368,6915.0,2,6914.0,22,nan,0,nan,0,nan,0,nan,0,nan,0,nan,0,nan,0,nan,0
1597988295252227072,1597988295000001024,2020-08-21 13:38:15.000001,6916.0,6926.0,6826.0,6888.0,nan,6878.0,148721,10229030380.0,150371,6916.0,15,6914.0,18,nan,0,nan,0,nan,0,nan,0,nan,0,nan,0,nan,0,nan,0
1597988295720546048,1597988296000000000,2020-08-21 13:38:16.000000,6914.0,6926.0,6826.0,6888.0,nan,6878.0,148726,10229374280.0,150374,6916.0,15,6914.0,13,nan,0,nan,0,nan,0,nan,0,nan,0,nan,0,nan,0,nan,0
1597988296216702976,1597988296000001024,2020-08-21 13:38:16.000001,6914.0,6926.0,6826.0,6888.0,nan,6878.0,148729,10229580620.0,150375,6915.0,1,6914.0,10,nan,0,nan,0,nan,0,nan,0,nan,0,nan,0,nan,0,nan,0
1597988296729117952,1597988297000000000,2020-08-21 13:38:17.000000,6914.0,6926.0,6826.0,6888.0,nan,6878.0,148741,10230405980.0,150366,6914.0,4,6913.0,16,nan,0,nan,0,nan,0,nan,0,nan,0,nan,0,nan,0,nan,0
1597988297225181952,1597988297000001024,2020-08-21 13:38:17.000001,6914.0,6926.0,6826.0,6888.0,nan,6878.0,148742,10230474760.0,150366,6914.0,15,6913.0,17,nan,0,nan,0,nan,0,nan,0,nan,0,nan,0,nan,0,nan,0
1597988297720144896,1597988298000000000,2020-08-21 13:38:18.000000,6914.0,6926.0,6826.0,6888.0,nan,6878.0,148743,10230543540.0,150365,6914.0,15,6913.0,18,nan,0,nan,0,nan,0,nan,0,nan,0,nan,0,nan,0,nan,0
1597988298245412096,1597988298000001024,2020-08-21 13:38:18.000001,6914.0,6926.0,6826.0,6888.0,nan,6878.0,148743,10230543540.0,150365,6914.0,19,6913.0,19,nan,0,nan,0,nan,0,nan,0,nan,0,nan,0,nan,0,nan,0
1597988298724128000,1597988299000000000,2020-08-21 13:38:19.000000,6914.0,6926.0,6826.0,6888.0,nan,6878.0,148743,10230543540.0,150365,6914.0,29,6913.0,19,nan,0,nan,0,nan,0,nan,0,nan,0,nan,0,nan,0,nan,0
1597988299220297984,1597988299000001024,2020-08-21 13:38:19.000001,6913.0,6926.0,6826.0,6888.0,nan,6878.0,148756,10231437680.0,150368,6914.0,30,6913.0,6,nan,0,nan,0,nan,0,nan,0,nan,0,nan,0,nan,0,nan,0
1597988299719105024,1597988300000000000,2020-08-21 13:38:20.000000,6913.0,6926.0,6826.0,6888.0,nan,6878.0,148764,10231987920.0,150372,6913.0,7,6912.0,11,nan,0,nan,0,nan,0,nan,0,nan,0,nan,0,nan,0,nan,0
1597988300248835072,1597988300000001024,2020-08-21 13:38:20.000001,6913.0,6926.0,6826.0,6888.0,nan,6878.0,148764,10231987920.0,150372,6913.0,8,6912.0,14,nan,0,nan,0,nan,0,nan,0,nan,0,nan,0,nan,0,nan,0
1597988300761512960,1597988301000000000,2020-08-21 13:38:21.000000,6912.0,6926.0,6826.0,6888.0,nan,6878.0,148773,10232606940.0,150372,6913.0,5,6912.0,10,nan,0,nan,0,nan,0,nan,0,nan,0,nan,0,nan,0,nan,0
1597988301463774976,1597988301000001024,2020-08-21 13:38:21.000001,6913.0,6926.0,6826.0,6888.0,nan,6878.0,148779,10233019620.0,150372,6913.0,40,6912.0,7,nan,0,nan,0,nan,0,nan,0,nan,0,nan,0,nan,0,nan,0
1597988301839677952,1597988302000000000,2020-08-21 13:38:22.000000,6912.0,6926.0,6826.0,6888.0,nan,6878.0,148783,10233294740.0,150371,6913.0,38,6912.0,8,nan,0,nan,0,nan,0,nan,0,nan,0,nan,0,nan,0,nan,0
1597988302216728064,1597988302000001024,2020-08-21 13:38:22.000001,6912.0,6926.0,6826.0,6888.0,nan,6878.0,148810,10235151800.0,150359,6913.0,27,6912.0,9,nan,0,nan,0,nan,0,nan,0,nan,0,nan,0,nan,0,nan,0
1597988302732075008,1597988303000000000,2020-08-21 13:38:23.000000,6913.0,6926.0,6826.0,6888.0,nan,6878.0,148827,10236321060.0,150353,6912.0,13,6911.0,41,nan,0,nan,0,nan,0,nan,0,nan,0,nan,0,nan,0,nan,0
1597988303224587008,1597988303000001024,2020-08-21 13:38:23.000001,6912.0,6926.0,6826.0,6888.0,nan,6878.0,148855,10238246900.0,150347,6912.0,2,6911.0,35,nan,0,nan,0,nan,0,nan,0,nan,0,nan,0,nan,0,nan,0
1597988303797521920,1597988304000000000,2020-08-21 13:38:24.000000,6912.0,6926.0,6826.0,6888.0,nan,6878.0,148878,10239828840.0,150342,6912.0,3,6911.0,16,nan,0,nan,0,nan,0,nan,0,nan,0,nan,0,nan,0,nan,0
1597988304266481920,1597988304000001024,2020-08-21 13:38:24.000001,6911.0,6926.0,6826.0,6888.0,nan,6878.0,148882,10240103960.0,150344,6912.0,2,6911.0,14,nan,0,nan,0,nan,0,nan,0,nan,0,nan,0,nan,0,nan,0
1597988304721966080,1597988305000000000,2020-08-21 13:38:25.000000,6910.0,6926.0,6826.0,6888.0,nan,6878.0,148914,10242304920.0,150337,6911.0,7,6910.0,83,nan,0,nan,0,nan,0,nan,0,nan,0,nan,0,nan,0,nan,0
1597988305218526976,1597988305000001024,2020-08-21 13:38:25.000001,6910.0,6926.0,6826.0,6888.0,nan,6878.0,148929,10243336620.0,150331,6911.0,12,6910.0,75,nan,0,nan,0,nan,0,nan,0,nan,0,nan,0,nan,0,nan,0
1597988305719449088,1597988306000000000,2020-08-21 13:38:26.000000,6910.0,6926.0,6826.0,6888.0,nan,6878.0,148944,10244368320.0,150333,6912.0,3,6910.0,73,nan,0,nan,0,nan,0,nan,0,nan,0,nan,0,nan,0,nan,0
1597988306228785920,1597988306000001024,2020-08-21 13:38:26.000001,6910.0,6926.0,6826.0,6888.0,nan,6878.0,148948,10244643440.0,150330,6911.0,3,6910.0,69,nan,0,nan,0,nan,0,nan,0,nan,0,nan,0,nan,0,nan,0
1597988306717580032,1597988307000000000,2020-08-21 13:38:27.000000,6910.0,6926.0,6826.0,6888.0,nan,6878.0,148963,10245675140.0,150320,6911.0,2,6910.0,56,nan,0,nan,0,nan,0,nan,0,nan,0,nan,0,nan,0,nan,0
1597988307229811968,1597988307000001024,2020-08-21 13:38:27.000001,6911.0,6926.0,6826.0,6888.0,nan,6878.0,148970,10246156600.0,150321,6912.0,6,6910.0,55,nan,0,nan,0,nan,0,nan,0,nan,0,nan,0,nan,0,nan,0
1597988307739528960,1597988308000000000,2020-08-21 13:38:28.000000,6910.0,6926.0,6826.0,6888.0,nan,6878.0,149040,10250971200.0,150273,6910.0,11,6909.0,20,nan,0,nan,0,nan,0,nan,0,nan,0,nan,0,nan,0,nan,0
1597988308226959104,1597988308000001024,2020-08-21 13:38:28.000001,6911.0,6926.0,6826.0,6888.0,nan,6878.0,149056,10252071680.0,150281,6911.0,1,6910.0,2,nan,0,nan,0,nan,0,nan,0,nan,0,nan,0,nan,0,nan,0
1597988308723969024,1597988309000000000,2020-08-21 13:38:29.000000,6909.0,6926.0,6826.0,6888.0,nan,6878.0,149112,10255923360.0,150295,6910.0,7,6909.0,18,nan,0,nan,0,nan,0,nan,0,nan,0,nan,0,nan,0,nan,0
1597988309252896000,1597988309000001024,2020-08-21 13:38:29.000001,6909.0,6926.0,6826.0,6888.0,nan,6878.0,149125,10256817500.0,150293,6911.0,2,6909.0,14,nan,0,nan,0,nan,0,nan,0,nan,0,nan,0,nan,0,nan,0
1597988309942717952,1597988310000000000,2020-08-21 13:38:30.000000,6910.0,6926.0,6826.0,6888.0,nan,6878.0,149136,10257574080.0,150290,6910.0,21,6909.0,17,nan,0,nan,0,nan,0,nan,0,nan,0,nan,0,nan,0,nan,0
1597988310307990016,1597988310000001024,2020-08-21 13:38:30.000001,6909.0,6926.0,6826.0,6888.0,nan,6878.0,149142,10257986760.0,150287,6910.0,22,6909.0,16,nan,0,nan,0,nan,0,nan,0,nan,0,nan,0,nan,0,nan,0
1597988310729324032,1597988311000000000,2020-08-21 13:38:31.000000,6909.0,6926.0,6826.0,6888.0,nan,6878.0,149148,10258399440.0,150285,6910.0,21,6909.0,13,nan,0,nan,0,nan,0,nan,0,nan,0,nan,0,nan,0,nan,0
1597988311229072896,1597988311000001024,2020-08-21 13:38:31.000001,6909.0,6926.0,6826.0,6888.0,nan,6878.0,149176,10260325280.0,150262,6910.0,2,6909.0,10,nan,0,nan,0,nan,0,nan,0,nan,0,nan,0,nan,0,nan,0
1597988311726063104,1597988312000000000,2020-08-21 13:38:32.000000,6910.0,6926.0,6826.0,6888.0,nan,6878.0,149187,10261081860.0,150262,6912.0,10,6910.0,19,nan,0,nan,0,nan,0,nan,0,nan,0,nan,0,nan,0,nan,0
1597988312246985984,1597988312000001024,2020-08-21 13:38:32.000001,6910.0,6926.0,6826.0,6888.0,nan,6878.0,149194,10261563320.0,150255,6911.0,1,6910.0,18,nan,0,nan,0,nan,0,nan,0,nan,0,nan,0,nan,0,nan,0
1597988312726225920,1597988313000000000,2020-08-21 13:38:33.000000,6910.0,6926.0,6826.0,6888.0,nan,6878.0,149199,10261907220.0,150251,6912.0,11,6910.0,18,nan,0,nan,0,nan,0,nan,0,nan,0,nan,0,nan,0,nan,0
1597988313234267904,1597988313000001024,2020-08-21 13:38:33.000001,6910.0,6926.0,6826.0,6888.0,nan,6878.0,149202,10262113560.0,150249,6912.0,25,6910.0,18,nan,0,nan,0,nan,0,nan,0,nan,0,nan,0,nan,0,nan,0
1597988313725970944,1597988314000000000,2020-08-21 13:38:34.000000,6910.0,6926.0,6826.0,6888.0,nan,6878.0,149214,10262938920.0,150250,6912.0,25,6910.0,7,nan,0,nan,0,nan,0,nan,0,nan,0,nan,0,nan,0,nan,0
1597988314226557952,1597988314000001024,2020-08-21 13:38:34.000001,6910.0,6926.0,6826.0,6888.0,nan,6878.0,149215,10263007700.0,150250,6912.0,24,6910.0,7,nan,0,nan,0,nan,0,nan,0,nan,0,nan,0,nan,0,nan,0
1597988314726203904,1597988315000000000,2020-08-21 13:38:35.000000,6910.0,6926.0,6826.0,6888.0,nan,6878.0,149222,10263489160.0,150255,6910.0,14,6909.0,29,nan,0,nan,0,nan,0,nan,0,nan,0,nan,0,nan,0,nan,0
1597988315249224960,1597988315000001024,2020-08-21 13:38:35.000001,6910.0,6926.0,6826.0,6888.0,nan,6878.0,149223,10263557940.0,150256,6910.0,18,6909.0,23,nan,0,nan,0,nan,0,nan,0,nan,0,nan,0,nan,0,nan,0
1597988315747161088,1597988316000000000,2020-08-21 13:38:36.000000,6910.0,6926.0,6826.0,6888.0,nan,6878.0,149238,10264589640.0,150265,6910.0,16,6909.0,10,nan,0,nan,0,nan,0,nan,0,nan,0,nan,0,nan,0,nan,0
1597988316240453888,1597988316000001024,2020-08-21 13:38:36.000001,6909.0,6926.0,6826.0,6888.0,nan,6878.0,149253,10265621340.0,150266,6909.0,4,6908.0,61,nan,0,nan,0,nan,0,nan,0,nan,0,nan,0,nan,0,nan,0
1597988316729827072,1597988317000000000,2020-08-21 13:38:37.000000,6908.0,6926.0,6826.0,6888.0,nan,6878.0,149262,10266240360.0,150263,6909.0,1,6908.0,59,nan,0,nan,0,nan,0,nan,0,nan,0,nan,0,nan,0,nan,0
1597988317231454976,1597988317000001024,2020-08-21 13:38:37.000001,6910.0,6926.0,6826.0,6888.0,nan,6878.0,149277,10267272060.0,150256,6909.0,1,6908.0,61,nan,0,nan,0,nan,0,nan,0,nan,0,nan,0,nan,0,nan,0
1597988317731441920,1597988318000000000,2020-08-21 13:38:38.000000,6909.0,6926.0,6826.0,6888.0,nan,6878.0,149281,10267547180.0,150254,6910.0,25,6909.0,4,nan,0,nan,0,nan,0,nan,0,nan,0,nan,0,nan,0,nan,0
1597988318254000128,1597988318000001024,2020-08-21 13:38:38.000001,6908.0,6926.0,6826.0,6888.0,nan,6878.0,149286,10267891080.0,150254,6910.0,31,6908.0,63,nan,0,nan,0,nan,0,nan,0,nan,0,nan,0,nan,0,nan,0
1597988318731081984,1597988319000000000,2020-08-21 13:38:39.000000,6910.0,6926.0,6826.0,6888.0,nan,6878.0,149294,10268441320.0,150248,6910.0,50,6908.0,77,nan,0,nan,0,nan,0,nan,0,nan,0,nan,0,nan,0,nan,0
1597988319267342080,1597988319000001024,2020-08-21 13:38:39.000001,6910.0,6926.0,6826.0,6888.0,nan,6878.0,149299,10268785220.0,150245,6910.0,77,6908.0,75,nan,0,nan,0,nan,0,nan,0,nan,0,nan,0,nan,0,nan,0
1597988319734425088,1597988320000000000,2020-08-21 13:38:40.000000,6910.0,6926.0,6826.0,6888.0,nan,6878.0,149299,10268785220.0,150245,6910.0,78,6909.0,1,nan,0,nan,0,nan,0,nan,0,nan,0,nan,0,nan,0,nan,0
1597988320231058944,1597988320000001024,2020-08-21 13:38:40.000001,6909.0,6926.0,6826.0,6888.0,nan,6878.0,149302,10268991560.0,150243,6909.0,2,6908.0,68,nan,0,nan,0,nan,0,nan,0,nan,0,nan,0,nan,0,nan,0
1597988320735877888,1597988321000000000,2020-08-21 13:38:41.000000,6909.0,6926.0,6826.0,6888.0,nan,6878.0,149305,10269197900.0,150242,6909.0,4,6908.0,66,nan,0,nan,0,nan,0,nan,0,nan,0,nan,0,nan,0,nan,0
1597988321247846912,1597988321000001024,2020-08-21 13:38:41.000001,6909.0,6926.0,6826.0,6888.0,nan,6878.0,149305,10269197900.0,150242,6909.0,14,6908.0,67,nan,0,nan,0,nan,0,nan,0,nan,0,nan,0,nan,0,nan,0
1597988321750557952,1597988322000000000,2020-08-21 13:38:42.000000,6908.0,6926.0,6826.0,6888.0,nan,6878.0,149308,10269404240.0,150241,6909.0,15,6908.0,64,nan,0,nan,0,nan,0,nan,0,nan,0,nan,0,nan,0,nan,0
1597988322264444928,1597988322000001024,2020-08-21 13:38:42.000001,6908.0,6926.0,6826.0,6888.0,nan,6878.0,149313,10269748140.0,150239,6909.0,13,6908.0,60,nan,0,nan,0,nan,0,nan,0,nan,0,nan,0,nan,0,nan,0
1597988322734136064,1597988323000000000,2020-08-21 13:38:43.000000,6909.0,6926.0,6826.0,6888.0,nan,6878.0,149315,10269885700.0,150237,6909.0,11,6908.0,61,nan,0,nan,0,nan,0,nan,0,nan,0,nan,0,nan,0,nan,0
1597988323222386944,1597988323000001024,2020-08-21 13:38:43.000001,6909.0,6926.0,6826.0,6888.0,nan,6878.0,149336,10271330080.0,150244,6909.0,7,6908.0,45,nan,0,nan,0,nan,0,nan,0,nan,0,nan,0,nan,0,nan,0
1597988323724218112,1597988324000000000,2020-08-21 13:38:44.000000,6908.0,6926.0,6826.0,6888.0,nan,6878.0,149337,10271398860.0,150245,6909.0,8,6908.0,44,nan,0,nan,0,nan,0,nan,0,nan,0,nan,0,nan,0,nan,0
1597988324239961088,1597988324000001024,2020-08-21 13:38:44.000001,6909.0,6926.0,6826.0,6888.0,nan,6878.0,149338,10271467640.0,150245,6909.0,7,6908.0,44,nan,0,nan,0,nan,0,nan,0,nan,0,nan,0,nan,0,nan,0
1597988324733157888,1597988325000000000,2020-08-21 13:38:45.000000,6909.0,6926.0,6826.0,6888.0,nan,6878.0,149342,10271742760.0,150245,6909.0,3,6908.0,44,nan,0,nan,0,nan,0,nan,0,nan,0,nan,0,nan,0,nan,0
1597988325292451072,1597988325000001024,2020-08-21 13:38:45.000001,6909.0,6926.0,6826.0,6888.0,nan,6878.0,149358,10272843240.0,150244,6909.0,2,6908.0,32,nan,0,nan,0,nan,0,nan,0,nan,0,nan,0,nan,0,nan,0
1597988325878341120,1597988326000000000,2020-08-21 13:38:46.000000,6909.0,6926.0,6826.0,6888.0,nan,6878.0,149366,10273393480.0,150247,6910.0,106,6909.0,23,nan,0,nan,0,nan,0,nan,0,nan,0,nan,0,nan,0,nan,0
1597988326228474112,1597988326000001024,2020-08-21 13:38:46.000001,6909.0,6926.0,6826.0,6888.0,nan,6878.0,149366,10273393480.0,150247,6910.0,106,6909.0,25,nan,0,nan,0,nan,0,nan,0,nan,0,nan,0,nan,0,nan,0
1597988326785533952,1597988327000000000,2020-08-21 13:38:47.000000,6909.0,6926.0,6826.0,6888.0,nan,6878.0,149367,10273462260.0,150248,6910.0,106,6909.0,38,nan,0,nan,0,nan,0,nan,0,nan,0,nan,0,nan,0,nan,0
1597988327425082880,1597988327000001024,2020-08-21 13:38:47.000001,6910.0,6926.0,6826.0,6888.0,nan,6878.0,149452,10279308560.0,150251,6910.0,42,6909.0,57,nan,0,nan,0,nan,0,nan,0,nan,0,nan,0,nan,0,nan,0
1597988327734540032,1597988328000000000,2020-08-21 13:38:48.000000,6911.0,6926.0,6826.0,6888.0,nan,6878.0,149504,10282885120.0,150277,6912.0,29,6911.0,14,nan,0,nan,0,nan,0,nan,0,nan,0,nan,0,nan,0,nan,0
1597988328391994880,1597988328000001024,2020-08-21 13:38:48.000001,6912.0,6926.0,6826.0,6888.0,nan,6879.0,149563,10288438770.0,150269,6913.0,2,6912.0,9,nan,0,nan,0,nan,0,nan,0,nan,0,nan,0,nan,0,nan,0
1597988328735332096,1597988329000000000,2020-08-21 13:38:49.000000,6914.0,6926.0,6826.0,6888.0,nan,6879.0,149577,10289401830.0,150273,6915.0,6,6914.0,3,nan,0,nan,0,nan,0,nan,0,nan,0,nan,0,nan,0,nan,0
1597988329345209088,1597988329000001024,2020-08-21 13:38:49.000001,6914.0,6926.0,6826.0,6888.0,nan,6879.0,149583,10289814570.0,150270,6915.0,1,6914.0,5,nan,0,nan,0,nan,0,nan,0,nan,0,nan,0,nan,0,nan,0
1597988329734211072,1597988330000000000,2020-08-21 13:38:50.000000,6914.0,6926.0,6826.0,6888.0,nan,6879.0,149590,10290296100.0,150270,6915.0,7,6913.0,2,nan,0,nan,0,nan,0,nan,0,nan,0,nan,0,nan,0,nan,0
1597988330265511936,1597988330000001024,2020-08-21 13:38:50.000001,6912.0,6926.0,6826.0,6888.0,nan,6879.0,149597,10290777630.0,150271,6913.0,23,6912.0,21,nan,0,nan,0,nan,0,nan,0,nan,0,nan,0,nan,0,nan,0
1597988330760592896,1597988331000000000,2020-08-21 13:38:51.000000,6913.0,6926.0,6826.0,6888.0,nan,6879.0,149621,10292428590.0,150284,6913.0,21,6911.0,18,nan,0,nan,0,nan,0,nan,0,nan,0,nan,0,nan,0,nan,0
1597988331245708032,1597988331000001024,2020-08-21 13:38:51.000001,6911.0,6926.0,6826.0,6888.0,nan,6879.0,149634,10293322860.0,150289,6913.0,20,6910.0,11,nan,0,nan,0,nan,0,nan,0,nan,0,nan,0,nan,0,nan,0
1597988331742257920,1597988332000000000,2020-08-21 13:38:52.000000,6911.0,6926.0,6826.0,6888.0,nan,6879.0,149637,10293529230.0,150289,6911.0,1,6910.0,17,nan,0,nan,0,nan,0,nan,0,nan,0,nan,0,nan,0,nan,0
1597988332274733056,1597988332000001024,2020-08-21 13:38:52.000001,6911.0,6926.0,6826.0,6888.0,nan,6879.0,149638,10293598020.0,150289,6912.0,1,6911.0,1,nan,0,nan,0,nan,0,nan,0,nan,0,nan,0,nan,0,nan,0
1597988332734653952,1597988333000000000,2020-08-21 13:38:53.000000,6911.0,6926.0,6826.0,6888.0,nan,6879.0,149638,10293598020.0,150289,6912.0,1,6911.0,2,nan,0,nan,0,nan,0,nan,0,nan,0,nan,0,nan,0,nan,0
1597988333247887104,1597988333000001024,2020-08-21 13:38:53.000001,6912.0,6926.0,6826.0,6888.0,nan,6879.0,149641,10293804390.0,150287,6913.0,20,6912.0,10,nan,0,nan,0,nan,0,nan,0,nan,0,nan,0,nan,0,nan,0
1597988333793261056,1597988334000000000,2020-08-21 13:38:54.000000,6912.0,6926.0,6826.0,6888.0,nan,6879.0,149641,10293804390.0,150287,6913.0,21,6912.0,12,nan,0,nan,0,nan,0,nan,0,nan,0,nan,0,nan,0,nan,0
1597988334266807040,1597988334000001024,2020-08-21 13:38:54.000001,6912.0,6926.0,6826.0,6888.0,nan,6879.0,149643,10293941970.0,150287,6913.0,21,6912.0,11,nan,0,nan,0,nan,0,nan,0,nan,0,nan,0,nan,0,nan,0
1597988334748918016,1597988335000000000,2020-08-21 13:38:55.000000,6912.0,6926.0,6826.0,6888.0,nan,6879.0,149645,10294079550.0,150286,6913.0,21,6912.0,14,nan,0,nan,0,nan,0,nan,0,nan,0,nan,0,nan,0,nan,0
1597988335236485888,1597988335000001024,2020-08-21 13:38:55.000001,6912.0,6926.0,6826.0,6888.0,nan,6879.0,149645,10294079550.0,150286,6913.0,21,6912.0,20,nan,0,nan,0,nan,0,nan,0,nan,0,nan,0,nan,0,nan,0
1597988335737214976,1597988336000000000,2020-08-21 13:38:56.000000,6913.0,6926.0,6826.0,6888.0,nan,6879.0,149661,10295180190.0,150280,6913.0,11,6912.0,14,nan,0,nan,0,nan,0,nan,0,nan,0,nan,0,nan,0,nan,0
1597988336280624128,1597988336000001024,2020-08-21 13:38:56.000001,6912.0,6926.0,6826.0,6888.0,nan,6879.0,149665,10295455350.0,150277,6913.0,9,6912.0,13,nan,0,nan,0,nan,0,nan,0,nan,0,nan,0,nan,0,nan,0
1597988336758784000,1597988337000000000,2020-08-21 13:38:57.000000,6912.0,6926.0,6826.0,6888.0,nan,6879.0,149676,10296212040.0,150278,6913.0,2,6912.0,9,nan,0,nan,0,nan,0,nan,0,nan,0,nan,0,nan,0,nan,0
1597988337271984128,1597988337000001024,2020-08-21 13:38:57.000001,6912.0,6926.0,6826.0,6888.0,nan,6879.0,149691,10297243890.0,150274,6913.0,8,6912.0,15,nan,0,nan,0,nan,0,nan,0,nan,0,nan,0,nan,0,nan,0
1597988337863662080,1597988338000000000,2020-08-21 13:38:58.000000,6913.0,6926.0,6826.0,6888.0,nan,6879.0,149699,10297794210.0,150266,6913.0,1,6912.0,14,nan,0,nan,0,nan,0,nan,0,nan,0,nan,0,nan,0,nan,0
1597988338238248960,1597988338000001024,2020-08-21 13:38:58.000001,6914.0,6926.0,6826.0,6888.0,nan,6879.0,149706,10298275740.0,150267,6914.0,5,6913.0,1,nan,0,nan,0,nan,0,nan,0,nan,0,nan,0,nan,0,nan,0
1597988338747794944,1597988339000000000,2020-08-21 13:38:59.000000,6914.0,6926.0,6826.0,6888.0,nan,6879.0,149721,10299307590.0,150268,6914.0,13,6913.0,7,nan,0,nan,0,nan,0,nan,0,nan,0,nan,0,nan,0,nan,0
1597988339338117120,1597988339000001024,2020-08-21 13:38:59.000001,6913.0,6926.0,6826.0,6888.0,nan,6879.0,149727,10299720330.0,150272,6914.0,2,6913.0,11,nan,0,nan,0,nan,0,nan,0,nan,0,nan,0,nan,0,nan,0
1597988339739800064,1597988340000000000,2020-08-21 13:39:00.000000,6914.0,6926.0,6826.0,6888.0,nan,6879.0,149737,10300408230.0,150277,6915.0,47,6914.0,4,nan,0,nan,0,nan,0,nan,0,nan,0,nan,0,nan,0,nan,0
1597988340241550080,1597988340000001024,2020-08-21 13:39:00.000001,6915.0,6926.0,6826.0,6888.0,nan,6879.0,149746,10301027340.0,150282,6915.0,44,6913.0,8,nan,0,nan,0,nan,0,nan,0,nan,0,nan,0,nan,0,nan,0
1597988340745135104,1597988341000000000,2020-08-21 13:39:01.000000,6913.0,6926.0,6826.0,6888.0,nan,6879.0,149761,10302059190.0,150282,6913.0,2,6912.0,4,nan,0,nan,0,nan,0,nan,0,nan,0,nan,0,nan,0,nan,0
1597988341249860096,1597988341000001024,2020-08-21 13:39:01.000001,6915.0,6926.0,6826.0,6888.0,nan,6879.0,149766,10302403140.0,150283,6915.0,35,6912.0,4,nan,0,nan,0,nan,0,nan,0,nan,0,nan,0,nan,0,nan,0
1597988341824773120,1597988342000000000,2020-08-21 13:39:02.000000,6915.0,6926.0,6826.0,6888.0,nan,6879.0,149769,10302609510.0,150282,6914.0,5,6913.0,1,nan,0,nan,0,nan,0,nan,0,nan,0,nan,0,nan,0,nan,0
1597988342242704896,1597988342000001024,2020-08-21 13:39:02.000001,6914.0,6926.0,6826.0,6888.0,nan,6879.0,149770,10302678300.0,150282,6914.0,10,6913.0,1,nan,0,nan,0,nan,0,nan,0,nan,0,nan,0,nan,0,nan,0
1597988342760172032,1597988343000000000,2020-08-21 13:39:03.000000,6914.0,6926.0,6826.0,6888.0,nan,6879.0,149770,10302678300.0,150282,6914.0,12,6913.0,1,nan,0,nan,0,nan,0,nan,0,nan,0,nan,0,nan,0,nan,0
1597988343273179904,1597988343000001024,2020-08-21 13:39:03.000001,6914.0,6926.0,6826.0,6888.0,nan,6879.0,149773,10302884670.0,150282,6914.0,20,6912.0,4,nan,0,nan,0,nan,0,nan,0,nan,0,nan,0,nan,0,nan,0
1597988343739633920,1597988343000001792,2020-08-21 13:39:03.000002,6914.0,6926.0,6826.0,6888.0,nan,6879.0,149773,10302884670.0,150282,6913.0,1,6912.0,4,nan,0,nan,0,nan,0,nan,0,nan,0,nan,0,nan,0,nan,0
1597988344240059904,1597988344000000000,2020-08-21 13:39:04.000000,6912.0,6926.0,6826.0,6888.0,nan,6879.0,149775,10303022250.0,150283,6913.0,2,6912.0,3,nan,0,nan,0,nan,0,nan,0,nan,0,nan,0,nan,0,nan,0
1597988344742683904,1597988345000000000,2020-08-21 13:39:05.000000,6914.0,6926.0,6826.0,6888.0,nan,6879.0,149788,10303916520.0,150281,6914.0,18,6912.0,1,nan,0,nan,0,nan,0,nan,0,nan,0,nan,0,nan,0,nan,0
1597988345267800064,1597988345000001024,2020-08-21 13:39:05.000001,6912.0,6926.0,6826.0,6888.0,nan,6879.0,149790,10304054100.0,150281,6914.0,18,6912.0,1,nan,0,nan,0,nan,0,nan,0,nan,0,nan,0,nan,0,nan,0
1597988345747543040,1597988346000000000,2020-08-21 13:39:06.000000,6912.0,6926.0,6826.0,6888.0,nan,6879.0,149794,10304329260.0,150282,6912.0,3,6911.0,12,nan,0,nan,0,nan,0,nan,0,nan,0,nan,0,nan,0,nan,0
1597988346280999936,1597988346000001024,2020-08-21 13:39:06.000001,6911.0,6926.0,6826.0,6888.0,nan,6879.0,149812,10305567480.0,150270,6911.0,15,6910.0,29,nan,0,nan,0,nan,0,nan,0,nan,0,nan,0,nan,0,nan,0
1597988346757812992,1597988347000000000,2020-08-21 13:39:07.000000,6911.0,6926.0,6826.0,6888.0,nan,6879.0,149817,10305911430.0,150270,6911.0,11,6910.0,23,nan,0,nan,0,nan,0,nan,0,nan,0,nan,0,nan,0,nan,0
1597988347245191936,1597988347000001024,2020-08-21 13:39:07.000001,6911.0,6926.0,6826.0,6888.0,nan,6879.0,149819,10306049010.0,150270,6911.0,10,6910.0,23,nan,0,nan,0,nan,0,nan,0,nan,0,nan,0,nan,0,nan,0
1597988347738736896,1597988348000000000,2020-08-21 13:39:08.000000,6911.0,6926.0,6826.0,6888.0,nan,6879.0,149820,10306117800.0,150270,6911.0,10,6910.0,23,nan,0,nan,0,nan,0,nan,0,nan,0,nan,0,nan,0,nan,0
1597988348264137984,1597988348000001024,2020-08-21 13:39:08.000001,6910.0,6926.0,6826.0,6888.0,nan,6879.0,149824,10306392960.0,150267,6911.0,9,6910.0,22,nan,0,nan,0,nan,0,nan,0,nan,0,nan,0,nan,0,nan,0
1597988348738556928,1597988349000000000,2020-08-21 13:39:09.000000,6910.0,6926.0,6826.0,6888.0,nan,6879.0,149835,10307149650.0,150264,6911.0,9,6910.0,11,nan,0,nan,0,nan,0,nan,0,nan,0,nan,0,nan,0,nan,0
1597988349266477056,1597988349000001024,2020-08-21 13:39:09.000001,6911.0,6926.0,6826.0,6888.0,nan,6879.0,149836,10307218440.0,150264,6911.0,9,6910.0,13,nan,0,nan,0,nan,0,nan,0,nan,0,nan,0,nan,0,nan,0
1597988349740016128,1597988350000000000,2020-08-21 13:39:10.000000,6910.0,6926.0,6826.0,6888.0,nan,6879.0,149845,10307837550.0,150262,6911.0,2,6910.0,11,nan,0,nan,0,nan,0,nan,0,nan,0,nan,0,nan,0,nan,0
1597988350264461056,1597988350000001024,2020-08-21 13:39:10.000001,6910.0,6926.0,6826.0,6888.0,nan,6879.0,149856,10308594240.0,150264,6911.0,2,6909.0,43,nan,0,nan,0,nan,0,nan,0,nan,0,nan,0,nan,0,nan,0
1597988350836005120,1597988351000000000,2020-08-21 13:39:11.000000,6911.0,6926.0,6826.0,6888.0,nan,6879.0,149858,10308731820.0,150263,6910.0,3,6909.0,46,nan,0,nan,0,nan,0,nan,0,nan,0,nan,0,nan,0,nan,0
1597988351257127936,1597988351000001024,2020-08-21 13:39:11.000001,6909.0,6926.0,6826.0,6888.0,nan,6879.0,149864,10309144560.0,150263,6910.0,14,6909.0,40,nan,0,nan,0,nan,0,nan,0,nan,0,nan,0,nan,0,nan,0
1597988351776368896,1597988352000000000,2020-08-21 13:39:12.000000,6909.0,6926.0,6826.0,6888.0,nan,6879.0,149906,10312033740.0,150281,6909.0,5,6908.0,36,nan,0,nan,0,nan,0,nan,0,nan,0,nan,0,nan,0,nan,0
1597988352256755968,1597988352000001024,2020-08-21 13:39:12.000001,6910.0,6926.0,6826.0,6888.0,nan,6879.0,149940,10314372600.0,150288,6911.0,2,6909.0,4,nan,0,nan,0,nan,0,nan,0,nan,0,nan,0,nan,0,nan,0
1597988352776847104,1597988353000000000,2020-08-21 13:39:13.000000,6911.0,6926.0,6826.0,6888.0,nan,6879.0,149945,10314716550.0,150291,6911.0,6,6910.0,6,nan,0,nan,0,nan,0,nan,0,nan,0,nan,0,nan,0,nan,0
1597988353244531968,1597988353000001024,2020-08-21 13:39:13.000001,6909.0,6926.0,6826.0,6888.0,nan,6879.0,149963,10315954770.0,150297,6909.0,6,6908.0,32,nan,0,nan,0,nan,0,nan,0,nan,0,nan,0,nan,0,nan,0
1597988353752026880,1597988354000000000,2020-08-21 13:39:14.000000,6911.0,6926.0,6826.0,6888.0,nan,6879.0,150007,10318981530.0,150308,6911.0,3,6908.0,4,nan,0,nan,0,nan,0,nan,0,nan,0,nan,0,nan,0,nan,0
1597988354246519040,1597988354000001024,2020-08-21 13:39:14.000001,6908.0,6926.0,6826.0,6888.0,nan,6879.0,150017,10319669430.0,150310,6910.0,15,6908.0,6,nan,0,nan,0,nan,0,nan,0,nan,0,nan,0,nan,0,nan,0
1597988354747276032,1597988355000000000,2020-08-21 13:39:15.000000,6908.0,6926.0,6826.0,6888.0,nan,6879.0,150020,10319875800.0,150308,6910.0,9,6908.0,7,nan,0,nan,0,nan,0,nan,0,nan,0,nan,0,nan,0,nan,0
1597988355737320960,1597988355000001024,2020-08-21 13:39:15.000001,6908.0,6926.0,6826.0,6888.0,nan,6879.0,150020,10319875800.0,150308,6910.0,9,6908.0,12,nan,0,nan,0,nan,0,nan,0,nan,0,nan,0,nan,0,nan,0
1597988356239753984,1597988356000000000,2020-08-21 13:39:16.000000,6908.0,6926.0,6826.0,6888.0,nan,6879.0,150023,10320082170.0,150308,6909.0,9,6908.0,10,nan,0,nan,0,nan,0,nan,0,nan,0,nan,0,nan,0,nan,0
1597988356741185024,1597988357000000000,2020-08-21 13:39:17.000000,6908.0,6926.0,6826.0,6888.0,nan,6879.0,150026,10320288540.0,150308,6908.0,29,6907.0,31,nan,0,nan,0,nan,0,nan,0,nan,0,nan,0,nan,0,nan,0
1597988357256986880,1597988357000001024,2020-08-21 13:39:17.000001,6908.0,6926.0,6826.0,6888.0,nan,6879.0,150027,10320357330.0,150307,6908.0,28,6907.0,31,nan,0,nan,0,nan,0,nan,0,nan,0,nan,0,nan,0,nan,0
1597988357744850944,1597988358000000000,2020-08-21 13:39:18.000000,6908.0,6926.0,6826.0,6888.0,nan,6879.0,150029,10320494910.0,150307,6908.0,26,6907.0,31,nan,0,nan,0,nan,0,nan,0,nan,0,nan,0,nan,0,nan,0
1597988358259405056,1597988358000001024,2020-08-21 13:39:18.000001,6907.0,6926.0,6826.0,6888.0,nan,6879.0,150063,10322833770.0,150287,6908.0,18,6907.0,5,nan,0,nan,0,nan,0,nan,0,nan,0,nan,0,nan,0,nan,0
1597988358741248000,1597988359000000000,2020-08-21 13:39:19.000000,6906.0,6926.0,6826.0,6888.0,nan,6879.0,150071,10323384090.0,150284,6907.0,4,6906.0,49,nan,0,nan,0,nan,0,nan,0,nan,0,nan,0,nan,0,nan,0
1597988359244146944,1597988359000001024,2020-08-21 13:39:19.000001,6908.0,6926.0,6826.0,6888.0,nan,6879.0,150102,10325516580.0,150288,6909.0,22,6908.0,9,nan,0,nan,0,nan,0,nan,0,nan,0,nan,0,nan,0,nan,0
1597988359743350016,1597988360000000000,2020-08-21 13:39:20.000000,6907.0,6926.0,6826.0,6888.0,nan,6879.0,150122,10326892380.0,150286,6907.0,5,6906.0,47,nan,0,nan,0,nan,0,nan,0,nan,0,nan,0,nan,0,nan,0
1597988360253904896,1597988360000001024,2020-08-21 13:39:20.000001,6907.0,6926.0,6826.0,6888.0,nan,6879.0,150122,10326892380.0,150286,6907.0,8,6906.0,49,nan,0,nan,0,nan,0,nan,0,nan,0,nan,0,nan,0,nan,0
1597988360742588928,1597988361000000000,2020-08-21 13:39:21.000000,6906.0,6926.0,6826.0,6888.0,nan,6879.0,150131,10327511490.0,150286,6907.0,11,6906.0,68,nan,0,nan,0,nan,0,nan,0,nan,0,nan,0,nan,0,nan,0
1597988361263909888,1597988361000001024,2020-08-21 13:39:21.000001,6907.0,6926.0,6826.0,6888.0,nan,6879.0,150134,10327717860.0,150283,6907.0,11,6906.0,66,nan,0,nan,0,nan,0,nan,0,nan,0,nan,0,nan,0,nan,0
1597988361745409024,1597988362000000000,2020-08-21 13:39:22.000000,6907.0,6926.0,6826.0,6888.0,nan,6879.0,150142,10328268180.0,150279,6907.0,6,6906.0,51,nan,0,nan,0,nan,0,nan,0,nan,0,nan,0,nan,0,nan,0
1597988362243896064,1597988362000001024,2020-08-21 13:39:22.000001,6907.0,6926.0,6826.0,6888.0,nan,6879.0,150155,10329162450.0,150282,6907.0,13,6906.0,43,nan,0,nan,0,nan,0,nan,0,nan,0,nan,0,nan,0,nan,0
1597988362746846976,1597988363000000000,2020-08-21 13:39:23.000000,6907.0,6926.0,6826.0,6888.0,nan,6879.0,150157,10329300030.0,150281,6907.0,11,6906.0,43,nan,0,nan,0,nan,0,nan,0,nan,0,nan,0,nan,0,nan,0
1597988363269342976,1597988363000001024,2020-08-21 13:39:23.000001,6907.0,6926.0,6826.0,6888.0,nan,6879.0,150179,10330813410.0,150291,6908.0,65,6907.0,4,nan,0,nan,0,nan,0,nan,0,nan,0,nan,0,nan,0,nan,0
1597988363749272064,1597988364000000000,2020-08-21 13:39:24.000000,6906.0,6926.0,6826.0,6888.0,nan,6879.0,150195,10331914050.0,150280,6908.0,65,6907.0,11,nan,0,nan,0,nan,0,nan,0,nan,0,nan,0,nan,0,nan,0
1597988364266699008,1597988364000001024,2020-08-21 13:39:24.000001,6907.0,6926.0,6826.0,6888.0,nan,6879.0,150197,10332051630.0,150280,6908.0,65,6907.0,45,nan,0,nan,0,nan,0,nan,0,nan,0,nan,0,nan,0,nan,0
1597988364750883072,1597988365000000000,2020-08-21 13:39:25.000000,6908.0,6926.0,6826.0,6888.0,nan,6879.0,150200,10332258000.0,150280,6908.0,62,6907.0,54,nan,0,nan,0,nan,0,nan,0,nan,0,nan,0,nan,0,nan,0
1597988365290809088,1597988365000001024,2020-08-21 13:39:25.000001,6907.0,6926.0,6826.0,6888.0,nan,6879.0,150201,10332326790.0,150280,6908.0,62,6907.0,55,nan,0,nan,0,nan,0,nan,0,nan,0,nan,0,nan,0,nan,0
1597988365746736896,1597988366000000000,2020-08-21 13:39:26.000000,6907.0,6926.0,6826.0,6888.0,nan,6879.0,150202,10332395580.0,150281,6908.0,62,6907.0,57,nan,0,nan,0,nan,0,nan,0,nan,0,nan,0,nan,0,nan,0
1597988366277011968,1597988366000001024,2020-08-21 13:39:26.000001,6907.0,6926.0,6826.0,6888.0,nan,6879.0,150204,10332533160.0,150282,6908.0,67,6907.0,60,nan,0,nan,0,nan,0,nan,0,nan,0,nan,0,nan,0,nan,0
1597988366781522944,1597988367000000000,2020-08-21 13:39:27.000000,6908.0,6926.0,6826.0,6888.0,nan,6879.0,150271,10337142090.0,150226,6909.0,17,6908.0,2,nan,0,nan,0,nan,0,nan,0,nan,0,nan,0,nan,0,nan,0
1597988367266429952,1597988367000001024,2020-08-21 13:39:27.000001,6908.0,6926.0,6826.0,6888.0,nan,6879.0,150290,10338449100.0,150225,6910.0,161,6908.0,18,nan,0,nan,0,nan,0,nan,0,nan,0,nan,0,nan,0,nan,0
1597988367747808000,1597988368000000000,2020-08-21 13:39:28.000000,6907.0,6926.0,6826.0,6888.0,nan,6879.0,150316,10340237640.0,150230,6909.0,3,6908.0,19,nan,0,nan,0,nan,0,nan,0,nan,0,nan,0,nan,0,nan,0
1597988368256673024,1597988368000001024,2020-08-21 13:39:28.000001,6908.0,6926.0,6826.0,6888.0,nan,6879.0,150327,10340994330.0,150231,6908.0,1,6907.0,60,nan,0,nan,0,nan,0,nan,0,nan,0,nan,0,nan,0,nan,0
1597988368751993088,1597988369000000000,2020-08-21 13:39:29.000000,6907.0,6926.0,6826.0,6888.0,nan,6879.0,150328,10341063120.0,150232,6908.0,5,6907.0,59,nan,0,nan,0,nan,0,nan,0,nan,0,nan,0,nan,0,nan,0
1597988369261096960,1597988369000001024,2020-08-21 13:39:29.000001,6907.0,6926.0,6826.0,6888.0,nan,6879.0,150329,10341131910.0,150233,6908.0,8,6907.0,60,nan,0,nan,0,nan,0,nan,0,nan,0,nan,0,nan,0,nan,0
1597988369764069888,1597988370000000000,2020-08-21 13:39:30.000000,6908.0,6926.0,6826.0,6888.0,nan,6879.0,150339,10341819810.0,150240,6908.0,22,6907.0,53,nan,0,nan,0,nan,0,nan,0,nan,0,nan,0,nan,0,nan,0
1597988370300442112,1597988370000001024,2020-08-21 13:39:30.000001,6907.0,6926.0,6826.0,6888.0,nan,6879.0,150393,10345534470.0,150243,6908.0,21,6906.0,40,nan,0,nan,0,nan,0,nan,0,nan,0,nan,0,nan,0,nan,0
1597988370755954944,1597988371000000000,2020-08-21 13:39:31.000000,6907.0,6926.0,6826.0,6888.0,nan,6879.0,150397,10345809630.0,150247,6907.0,3,6906.0,31,nan,0,nan,0,nan,0,nan,0,nan,0,nan,0,nan,0,nan,0
1597988371256000000,1597988371000001024,2020-08-21 13:39:31.000001,6907.0,6926.0,6826.0,6888.0,nan,6879.0,150403,10346222370.0,150252,6907.0,2,6906.0,30,nan,0,nan,0,nan,0,nan,0,nan,0,nan,0,nan,0,nan,0
1597988371755830016,1597988372000000000,2020-08-21 13:39:32.000000,6908.0,6926.0,6826.0,6888.0,nan,6879.0,150406,10346428740.0,150251,6908.0,21,6906.0,32,nan,0,nan,0,nan,0,nan,0,nan,0,nan,0,nan,0,nan,0
1597988372261590016,1597988372000001024,2020-08-21 13:39:32.000001,6906.0,6926.0,6826.0,6888.0,nan,6879.0,150407,10346497530.0,150251,6907.0,1,6906.0,35,nan,0,nan,0,nan,0,nan,0,nan,0,nan,0,nan,0,nan,0
1597988372770938880,1597988373000000000,2020-08-21 13:39:33.000000,6907.0,6926.0,6826.0,6888.0,nan,6879.0,150409,10346635110.0,150250,6908.0,21,6907.0,1,nan,0,nan,0,nan,0,nan,0,nan,0,nan,0,nan,0,nan,0
1597988373267768064,1597988373000001024,2020-08-21 13:39:33.000001,6908.0,6926.0,6826.0,6888.0,nan,6879.0,150415,10347047850.0,150245,6908.0,19,6907.0,1,nan,0,nan,0,nan,0,nan,0,nan,0,nan,0,nan,0,nan,0
1597988373759220992,1597988374000000000,2020-08-21 13:39:34.000000,6907.0,6926.0,6826.0,6888.0,nan,6879.0,150419,10347323010.0,150247,6908.0,4,6907.0,7,nan,0,nan,0,nan,0,nan,0,nan,0,nan,0,nan,0,nan,0
1597988374258563072,1597988374000001024,2020-08-21 13:39:34.000001,6907.0,6926.0,6826.0,6888.0,nan,6879.0,150423,10347598170.0,150246,6908.0,3,6907.0,16,nan,0,nan,0,nan,0,nan,0,nan,0,nan,0,nan,0,nan,0
1597988374760329984,1597988375000000000,2020-08-21 13:39:35.000000,6907.0,6926.0,6826.0,6888.0,nan,6879.0,150425,10347735750.0,150247,6908.0,3,6907.0,14,nan,0,nan,0,nan,0,nan,0,nan,0,nan,0,nan,0,nan,0
1597988375252980992,1597988375000001024,2020-08-21 13:39:35.000001,6907.0,6926.0,6826.0,6888.0,nan,6879.0,150444,10349042760.0,150245,6908.0,1,6906.0,32,nan,0,nan,0,nan,0,nan,0,nan,0,nan,0,nan,0,nan,0
1597988375754855936,1597988376000000000,2020-08-21 13:39:36.000000,6907.0,6926.0,6826.0,6888.0,nan,6879.0,150445,10349111550.0,150245,6907.0,10,6906.0,33,nan,0,nan,0,nan,0,nan,0,nan,0,nan,0,nan,0,nan,0
1597988376269405952,1597988376000001024,2020-08-21 13:39:36.000001,6907.0,6926.0,6826.0,6888.0,nan,6879.0,150455,10349799450.0,150246,6907.0,3,6906.0,30,nan,0,nan,0,nan,0,nan,0,nan,0,nan,0,nan,0,nan,0
1597988376758596096,1597988377000000000,2020-08-21 13:39:37.000000,6907.0,6926.0,6826.0,6888.0,nan,6879.0,150457,10349937030.0,150245,6907.0,1,6906.0,32,nan,0,nan,0,nan,0,nan,0,nan,0,nan,0,nan,0,nan,0
1597988377262744064,1597988377000001024,2020-08-21 13:39:37.000001,6907.0,6926.0,6826.0,6888.0,nan,6879.0,150458,10350005820.0,150245,6908.0,13,6907.0,1,nan,0,nan,0,nan,0,nan,0,nan,0,nan,0,nan,0,nan,0
1597988377759700992,1597988378000000000,2020-08-21 13:39:38.000000,6906.0,6926.0,6826.0,6888.0,nan,6879.0,150479,10351450410.0,150252,6907.0,1,6906.0,13,nan,0,nan,0,nan,0,nan,0,nan,0,nan,0,nan,0,nan,0
1597988378264736000,1597988378000001024,2020-08-21 13:39:38.000001,6906.0,6926.0,6826.0,6888.0,nan,6879.0,150492,10352344680.0,150249,6906.0,1,6905.0,54,nan,0,nan,0,nan,0,nan,0,nan,0,nan,0,nan,0,nan,0
1597988378745099008,1597988379000000000,2020-08-21 13:39:39.000000,6908.0,6926.0,6826.0,6888.0,nan,6879.0,150534,10355233860.0,150285,6908.0,10,6906.0,1,nan,0,nan,0,nan,0,nan,0,nan,0,nan,0,nan,0,nan,0
1597988379276871936,1597988379000001024,2020-08-21 13:39:39.000001,6907.0,6926.0,6826.0,6888.0,nan,6879.0,150539,10355577810.0,150289,6907.0,1,6905.0,54,nan,0,nan,0,nan,0,nan,0,nan,0,nan,0,nan,0,nan,0
1597988379747493888,1597988380000000000,2020-08-21 13:39:40.000000,6906.0,6926.0,6826.0,6888.0,nan,6879.0,150540,10355646600.0,150289,6907.0,12,6906.0,5,nan,0,nan,0,nan,0,nan,0,nan,0,nan,0,nan,0,nan,0
1597988380255019008,1597988380000001024,2020-08-21 13:39:40.000001,6907.0,6926.0,6826.0,6888.0,nan,6879.0,150588,10358948520.0,150255,6907.0,1,6905.0,24,nan,0,nan,0,nan,0,nan,0,nan,0,nan,0,nan,0,nan,0
1597988380753295104,1597988381000000000,2020-08-21 13:39:41.000000,6907.0,6926.0,6826.0,6888.0,nan,6879.0,150588,10358948520.0,150255,6906.0,8,6905.0,23,nan,0,nan,0,nan,0,nan,0,nan,0,nan,0,nan,0,nan,0
1597988381278117120,1597988381000001024,2020-08-21 13:39:41.000001,6905.0,6926.0,6826.0,6888.0,nan,6879.0,150612,10360599480.0,150246,6906.0,16,6904.0,18,nan,0,nan,0,nan,0,nan,0,nan,0,nan,0,nan,0,nan,0
1597988381772143104,1597988382000000000,2020-08-21 13:39:42.000000,6906.0,6926.0,6826.0,6888.0,nan,6879.0,150667,10364382930.0,150234,6907.0,25,6906.0,9,nan,0,nan,0,nan,0,nan,0,nan,0,nan,0,nan,0,nan,0
1597988382253684992,1597988382000001024,2020-08-21 13:39:42.000001,6906.0,6926.0,6826.0,6888.0,nan,6879.0,150676,10365002040.0,150243,6905.0,5,6904.0,1,nan,0,nan,0,nan,0,nan,0,nan,0,nan,0,nan,0,nan,0
1597988382753891072,1597988383000000000,2020-08-21 13:39:43.000000,6906.0,6926.0,6826.0,6888.0,nan,6879.0,150708,10367203320.0,150263,6907.0,29,6906.0,14,nan,0,nan,0,nan,0,nan,0,nan,0,nan,0,nan,0,nan,0
1597988383255872000,1597988383000001024,2020-08-21 13:39:43.000001,6904.0,6926.0,6826.0,6888.0,nan,6879.0,150729,10368647910.0,150278,6904.0,3,6903.0,12,nan,0,nan,0,nan,0,nan,0,nan,0,nan,0,nan,0,nan,0
1597988383750408960,1597988384000000000,2020-08-21 13:39:44.000000,6904.0,6926.0,6826.0,6888.0,nan,6879.0,150736,10369129440.0,150275,6904.0,28,6903.0,12,nan,0,nan,0,nan,0,nan,0,nan,0,nan,0,nan,0,nan,0
1597988384255073024,1597988384000001024,2020-08-21 13:39:44.000001,6904.0,6926.0,6826.0,6888.0,nan,6879.0,150739,10369335810.0,150278,6904.0,27,6903.0,22,nan,0,nan,0,nan,0,nan,0,nan,0,nan,0,nan,0,nan,0
1597988384753466880,1597988385000000000,2020-08-21 13:39:45.000000,6903.0,6926.0,6826.0,6888.0,nan,6879.0,150772,10371605880.0,150305,6905.0,16,6903.0,16,nan,0,nan,0,nan,0,nan,0,nan,0,nan,0,nan,0,nan,0
1597988385278433024,1597988385000001024,2020-08-21 13:39:45.000001,6905.0,6926.0,6826.0,6888.0,nan,6879.0,150796,10373256840.0,150305,6905.0,15,6904.0,1,nan,0,nan,0,nan,0,nan,0,nan,0,nan,0,nan,0,nan,0
1597988385753914880,1597988386000000000,2020-08-21 13:39:46.000000,6903.0,6926.0,6826.0,6888.0,nan,6879.0,150816,10374632640.0,150302,6905.0,15,6904.0,4,nan,0,nan,0,nan,0,nan,0,nan,0,nan,0,nan,0,nan,0
1597988386254479872,1597988386000001024,2020-08-21 13:39:46.000001,6905.0,6926.0,6826.0,6888.0,nan,6879.0,150820,10374907800.0,150304,6905.0,13,6904.0,10,nan,0,nan,0,nan,0,nan,0,nan,0,nan,0,nan,0,nan,0
1597988386754009088,1597988387000000000,2020-08-21 13:39:47.000000,6905.0,6926.0,6826.0,6888.0,nan,6879.0,150834,10375870860.0,150297,6905.0,10,6903.0,2,nan,0,nan,0,nan,0,nan,0,nan,0,nan,0,nan,0,nan,0
1597988387255920128,1597988387000001024,2020-08-21 13:39:47.000001,6905.0,6926.0,6826.0,6888.0,nan,6879.0,150834,10375870860.0,150297,6905.0,10,6903.0,26,nan,0,nan,0,nan,0,nan,0,nan,0,nan,0,nan,0,nan,0
1597988387752201984,1597988388000000000,2020-08-21 13:39:48.000000,6903.0,6926.0,6826.0,6888.0,nan,6879.0,150848,10376833920.0,150301,6905.0,9,6903.0,21,nan,0,nan,0,nan,0,nan,0,nan,0,nan,0,nan,0,nan,0
1597988388262868992,1597988388000001024,2020-08-21 13:39:48.000001,6904.0,6926.0,6826.0,6888.0,nan,6879.0,150891,10379791890.0,150309,6905.0,8,6903.0,5,nan,0,nan,0,nan,0,nan,0,nan,0,nan,0,nan,0,nan,0
1597988388759388928,1597988389000000000,2020-08-21 13:39:49.000000,6905.0,6926.0,6826.0,6888.0,nan,6879.0,150915,10381442850.0,150308,6903.0,2,6902.0,33,nan,0,nan,0,nan,0,nan,0,nan,0,nan,0,nan,0,nan,0
1597988389259358976,1597988389000001024,2020-08-21 13:39:49.000001,6903.0,6926.0,6826.0,6888.0,nan,6879.0,150920,10381786800.0,150311,6905.0,11,6903.0,5,nan,0,nan,0,nan,0,nan,0,nan,0,nan,0,nan,0,nan,0
1597988389753006080,1597988390000000000,2020-08-21 13:39:50.000000,6903.0,6926.0,6826.0,6888.0,nan,6879.0,150926,10382199540.0,150310,6905.0,4,6903.0,3,nan,0,nan,0,nan,0,nan,0,nan,0,nan,0,nan,0,nan,0
1597988390253702912,1597988390000001024,2020-08-21 13:39:50.000001,6903.0,6926.0,6826.0,6888.0,nan,6879.0,150937,10382956230.0,150309,6905.0,2,6903.0,18,nan,0,nan,0,nan,0,nan,0,nan,0,nan,0,nan,0,nan,0
1597988390758562048,1597988391000000000,2020-08-21 13:39:51.000000,6903.0,6926.0,6826.0,6888.0,nan,6879.0,150943,10383368970.0,150306,6906.0,71,6903.0,21,nan,0,nan,0,nan,0,nan,0,nan,0,nan,0,nan,0,nan,0
1597988391262671872,1597988391000001024,2020-08-21 13:39:51.000001,6903.0,6926.0,6826.0,6888.0,nan,6879.0,150946,10383575340.0,150306,6905.0,3,6903.0,23,nan,0,nan,0,nan,0,nan,0,nan,0,nan,0,nan,0,nan,0
1597988391759033088,1597988392000000000,2020-08-21 13:39:52.000000,6903.0,6926.0,6826.0,6888.0,nan,6879.0,150950,10383850500.0,150310,6905.0,2,6903.0,21,nan,0,nan,0,nan,0,nan,0,nan,0,nan,0,nan,0,nan,0
1597988392263757056,1597988392000001024,2020-08-21 13:39:52.000001,6903.0,6926.0,6826.0,6888.0,nan,6879.0,150976,10385639040.0,150305,6905.0,7,6903.0,14,nan,0,nan,0,nan,0,nan,0,nan,0,nan,0,nan,0,nan,0
1597988392757987072,1597988393000000000,2020-08-21 13:39:53.000000,6902.0,6926.0,6826.0,6888.0,nan,6879.0,151019,10388597010.0,150319,6903.0,5,6902.0,34,nan,0,nan,0,nan,0,nan,0,nan,0,nan,0,nan,0,nan,0
1597988393265804032,1597988393000001024,2020-08-21 13:39:53.000001,6903.0,6926.0,6826.0,6888.0,nan,6879.0,151054,10391004660.0,150301,6903.0,3,6902.0,12,nan,0,nan,0,nan,0,nan,0,nan,0,nan,0,nan,0,nan,0
1597988393759704064,1597988394000000000,2020-08-21 13:39:54.000000,6902.0,6926.0,6826.0,6888.0,nan,6879.0,151058,10391279820.0,150302,6903.0,2,6902.0,9,nan,0,nan,0,nan,0,nan,0,nan,0,nan,0,nan,0,nan,0
1597988394268648960,1597988394000001024,2020-08-21 13:39:54.000001,6902.0,6926.0,6826.0,6888.0,nan,6879.0,151068,10391967720.0,150307,6902.0,10,6901.0,48,nan,0,nan,0,nan,0,nan,0,nan,0,nan,0,nan,0,nan,0
1597988394764564992,1597988395000000000,2020-08-21 13:39:55.000000,6903.0,6926.0,6826.0,6888.0,nan,6879.0,151096,10393893840.0,150299,6902.0,3,6901.0,48,nan,0,nan,0,nan,0,nan,0,nan,0,nan,0,nan,0,nan,0
1597988395260568064,1597988395000001024,2020-08-21 13:39:55.000001,6902.0,6926.0,6826.0,6888.0,nan,6879.0,151105,10394512950.0,150291,6902.0,6,6901.0,50,nan,0,nan,0,nan,0,nan,0,nan,0,nan,0,nan,0,nan,0
1597988395759033088,1597988396000000000,2020-08-21 13:39:56.000000,6903.0,6926.0,6826.0,6888.0,nan,6879.0,151113,10395063270.0,150288,6904.0,7,6902.0,2,nan,0,nan,0,nan,0,nan,0,nan,0,nan,0,nan,0,nan,0
1597988396278244096,1597988396000001024,2020-08-21 13:39:56.000001,6902.0,6926.0,6826.0,6888.0,nan,6879.0,151130,10396232700.0,150284,6903.0,2,6901.0,48,nan,0,nan,0,nan,0,nan,0,nan,0,nan,0,nan,0,nan,0
1597988396770461952,1597988397000000000,2020-08-21 13:39:57.000000,6901.0,6926.0,6826.0,6888.0,nan,6879.0,151141,10396989390.0,150287,6902.0,2,6901.0,46,nan,0,nan,0,nan,0,nan,0,nan,0,nan,0,nan,0,nan,0
1597988397321683968,1597988397000001024,2020-08-21 13:39:57.000001,6902.0,6926.0,6826.0,6888.0,nan,6879.0,151148,10397470920.0,150292,6902.0,6,6901.0,50,nan,0,nan,0,nan,0,nan,0,nan,0,nan,0,nan,0,nan,0
1597988397908062976,1597988398000000000,2020-08-21 13:39:58.000000,6901.0,6926.0,6826.0,6888.0,nan,6879.0,151162,10398433980.0,150294,6904.0,9,6901.0,52,nan,0,nan,0,nan,0,nan,0,nan,0,nan,0,nan,0,nan,0
1597988398269582080,1597988398000001024,2020-08-21 13:39:58.000001,6902.0,6926.0,6826.0,6888.0,nan,6879.0,151165,10398640350.0,150292,6903.0,2,6902.0,2,nan,0,nan,0,nan,0,nan,0,nan,0,nan,0,nan,0,nan,0
1597988398763385088,1597988399000000000,2020-08-21 13:39:59.000000,6902.0,6926.0,6826.0,6888.0,nan,6879.0,151185,10400016150.0,150284,6904.0,6,6902.0,2,nan,0,nan,0,nan,0,nan,0,nan,0,nan,0,nan,0,nan,0
1597988399272617984,1597988399000001024,2020-08-21 13:39:59.000001,6901.0,6926.0,6826.0,6888.0,nan,6879.0,151205,10401391950.0,150293,6905.0,19,6904.0,4,nan,0,nan,0,nan,0,nan,0,nan,0,nan,0,nan,0,nan,0
1597988399782289920,1597988400000000000,2020-08-21 13:40:00.000000,6902.0,6926.0,6826.0,6888.0,nan,6879.0,151220,10402423800.0,150299,6902.0,3,6901.0,43,nan,0,nan,0,nan,0,nan,0,nan,0,nan,0,nan,0,nan,0
1597988400281294080,1597988400000001024,2020-08-21 13:40:00.000001,6904.0,6926.0,6826.0,6888.0,nan,6879.0,151239,10403730810.0,150291,6904.0,13,6902.0,4,nan,0,nan,0,nan,0,nan,0,nan,0,nan,0,nan,0,nan,0
1597988400783154944,1597988401000000000,2020-08-21 13:40:01.000000,6904.0,6926.0,6826.0,6888.0,nan,6879.0,151243,10404005970.0,150293,6904.0,25,6902.0,10,nan,0,nan,0,nan,0,nan,0,nan,0,nan,0,nan,0,nan,0
1597988401270845952,1597988401000001024,2020-08-21 13:40:01.000001,6904.0,6926.0,6826.0,6888.0,nan,6879.0,151246,10404212340.0,150293,6904.0,28,6903.0,2,nan,0,nan,0,nan,0,nan,0,nan,0,nan,0,nan,0,nan,0
1597988401769253120,1597988402000000000,2020-08-21 13:40:02.000000,6903.0,6926.0,6826.0,6888.0,nan,6879.0,151248,10404349920.0,150295,6904.0,28,6902.0,12,nan,0,nan,0,nan,0,nan,0,nan,0,nan,0,nan,0,nan,0
1597988402275843072,1597988402000001024,2020-08-21 13:40:02.000001,6904.0,6926.0,6826.0,6888.0,nan,6879.0,151251,10404556290.0,150293,6904.0,26,6902.0,12,nan,0,nan,0,nan,0,nan,0,nan,0,nan,0,nan,0,nan,0
1597988402767330048,1597988403000000000,2020-08-21 13:40:03.000000,6904.0,6926.0,6826.0,6888.0,nan,6879.0,151254,10404762660.0,150292,6903.0,10,6902.0,12,nan,0,nan,0,nan,0,nan,0,nan,0,nan,0,nan,0,nan,0
1597988403276452096,1597988403000001024,2020-08-21 13:40:03.000001,6904.0,6926.0,6826.0,6888.0,nan,6879.0,151280,10406551200.0,150304,6903.0,1,6902.0,5,nan,0,nan,0,nan,0,nan,0,nan,0,nan,0,nan,0,nan,0
1597988403763494912,1597988404000000000,2020-08-21 13:40:04.000000,6904.0,6926.0,6826.0,6888.0,nan,6879.0,151289,10407170310.0,150306,6904.0,8,6903.0,2,nan,0,nan,0,nan,0,nan,0,nan,0,nan,0,nan,0,nan,0
1597988404260909056,1597988404000001024,2020-08-21 13:40:04.000001,6903.0,6926.0,6826.0,6888.0,nan,6879.0,151294,10407514260.0,150306,6904.0,10,6903.0,5,nan,0,nan,0,nan,0,nan,0,nan,0,nan,0,nan,0,nan,0
1597988404761807872,1597988405000000000,2020-08-21 13:40:05.000000,6901.0,6926.0,6826.0,6888.0,nan,6879.0,151366,10412467140.0,150339,6905.0,27,6901.0,15,nan,0,nan,0,nan,0,nan,0,nan,0,nan,0,nan,0,nan,0
1597988405272785920,1597988405000001024,2020-08-21 13:40:05.000001,6904.0,6926.0,6826.0,6888.0,nan,6879.0,151372,10412879880.0,150335,6905.0,24,6904.0,1,nan,0,nan,0,nan,0,nan,0,nan,0,nan,0,nan,0,nan,0
1597988405762856960,1597988406000000000,2020-08-21 13:40:06.000000,6904.0,6926.0,6826.0,6888.0,nan,6879.0,151374,10413017460.0,150334,6905.0,24,6904.0,3,nan,0,nan,0,nan,0,nan,0,nan,0,nan,0,nan,0,nan,0
1597988406270447104,1597988406000001024,2020-08-21 13:40:06.000001,6904.0,6926.0,6826.0,6888.0,nan,6879.0,151379,10413361410.0,150336,6905.0,24,6904.0,9,nan,0,nan,0,nan,0,nan,0,nan,0,nan,0,nan,0,nan,0
1597988406769402112,1597988407000000000,2020-08-21 13:40:07.000000,6905.0,6926.0,6826.0,6888.0,nan,6879.0,151381,10413498990.0,150336,6905.0,22,6904.0,9,nan,0,nan,0,nan,0,nan,0,nan,0,nan,0,nan,0,nan,0
1597988407269256960,1597988407000001024,2020-08-21 13:40:07.000001,6905.0,6926.0,6826.0,6888.0,nan,6879.0,151392,10414255680.0,150344,6905.0,17,6904.0,4,nan,0,nan,0,nan,0,nan,0,nan,0,nan,0,nan,0,nan,0
1597988407763843072,1597988408000000000,2020-08-21 13:40:08.000000,6905.0,6926.0,6826.0,6888.0,nan,6879.0,151398,10414668420.0,150347,6905.0,12,6904.0,4,nan,0,nan,0,nan,0,nan,0,nan,0,nan,0,nan,0,nan,0
1597988408266574080,1597988408000001024,2020-08-21 13:40:08.000001,6904.0,6926.0,6826.0,6888.0,nan,6879.0,151424,10416456960.0,150346,6906.0,13,6904.0,10,nan,0,nan,0,nan,0,nan,0,nan,0,nan,0,nan,0,nan,0
1597988408794674944,1597988409000000000,2020-08-21 13:40:09.000000,6906.0,6926.0,6826.0,6888.0,nan,6879.0,151431,10416938490.0,150349,6906.0,13,6904.0,7,nan,0,nan,0,nan,0,nan,0,nan,0,nan,0,nan,0,nan,0
1597988409267709952,1597988409000001024,2020-08-21 13:40:09.000001,6905.0,6926.0,6826.0,6888.0,nan,6879.0,151441,10417626390.0,150349,6906.0,12,6904.0,8,nan,0,nan,0,nan,0,nan,0,nan,0,nan,0,nan,0,nan,0
1597988409767557888,1597988410000000000,2020-08-21 13:40:10.000000,6906.0,6926.0,6826.0,6888.0,nan,6879.0,151445,10417901550.0,150351,6906.0,8,6904.0,56,nan,0,nan,0,nan,0,nan,0,nan,0,nan,0,nan,0,nan,0
1597988410267635968,1597988410000001024,2020-08-21 13:40:10.000001,6905.0,6926.0,6826.0,6888.0,nan,6879.0,151461,10419002190.0,150355,6907.0,29,6906.0,6,nan,0,nan,0,nan,0,nan,0,nan,0,nan,0,nan,0,nan,0
1597988410771355904,1597988411000000000,2020-08-21 13:40:11.000000,6905.0,6926.0,6826.0,6888.0,nan,6879.0,151461,10419002190.0,150355,6907.0,34,6906.0,6,nan,0,nan,0,nan,0,nan,0,nan,0,nan,0,nan,0,nan,0
1597988411270714112,1597988411000001024,2020-08-21 13:40:11.000001,6907.0,6926.0,6826.0,6888.0,nan,6879.0,151462,10419070980.0,150356,6907.0,20,6906.0,7,nan,0,nan,0,nan,0,nan,0,nan,0,nan,0,nan,0,nan,0
1597988411769920000,1597988412000000000,2020-08-21 13:40:12.000000,6906.0,6926.0,6826.0,6888.0,nan,6879.0,151464,10419208560.0,150357,6907.0,13,6906.0,6,nan,0,nan,0,nan,0,nan,0,nan,0,nan,0,nan,0,nan,0
1597988412268278016,1597988412000001024,2020-08-21 13:40:12.000001,6905.0,6926.0,6826.0,6888.0,nan,6879.0,151477,10420102830.0,150355,6907.0,12,6905.0,1,nan,0,nan,0,nan,0,nan,0,nan,0,nan,0,nan,0,nan,0
1597988412767847936,1597988413000000000,2020-08-21 13:40:13.000000,6907.0,6926.0,6826.0,6888.0,nan,6879.0,151478,10420171620.0,150355,6907.0,11,6905.0,1,nan,0,nan,0,nan,0,nan,0,nan,0,nan,0,nan,0,nan,0
1597988413268827904,1597988413000001024,2020-08-21 13:40:13.000001,6907.0,6926.0,6826.0,6888.0,nan,6879.0,151484,10420584360.0,150359,6907.0,5,6906.0,1,nan,0,nan,0,nan,0,nan,0,nan,0,nan,0,nan,0,nan,0
1597988413765519872,1597988414000000000,2020-08-21 13:40:14.000000,6907.0,6926.0,6826.0,6888.0,nan,6879.0,151486,10420721940.0,150358,6907.0,14,6906.0,2,nan,0,nan,0,nan,0,nan,0,nan,0,nan,0,nan,0,nan,0
1597988414268102912,1597988414000001024,2020-08-21 13:40:14.000001,6907.0,6926.0,6826.0,6888.0,nan,6879.0,151488,10420859520.0,150357,6907.0,13,6906.0,5,nan,0,nan,0,nan,0,nan,0,nan,0,nan,0,nan,0,nan,0
1597988414781710080,1597988415000000000,2020-08-21 13:40:15.000000,6907.0,6926.0,6826.0,6888.0,nan,6879.0,151495,10421341050.0,150357,6907.0,6,6906.0,6,nan,0,nan,0,nan,0,nan,0,nan,0,nan,0,nan,0,nan,0
1597988415285352960,1597988415000001024,2020-08-21 13:40:15.000001,6907.0,6926.0,6826.0,6888.0,nan,6879.0,151504,10421960160.0,150364,6908.0,19,6906.0,4,nan,0,nan,0,nan,0,nan,0,nan,0,nan,0,nan,0,nan,0
1597988415772541952,1597988416000000000,2020-08-21 13:40:16.000000,6907.0,6926.0,6826.0,6888.0,nan,6879.0,151504,10421960160.0,150364,6908.0,19,6906.0,3,nan,0,nan,0,nan,0,nan,0,nan,0,nan,0,nan,0,nan,0
1597988416275811072,1597988416000001024,2020-08-21 13:40:16.000001,6906.0,6926.0,6826.0,6888.0,nan,6879.0,151507,10422166530.0,150364,6908.0,18,6906.0,6,nan,0,nan,0,nan,0,nan,0,nan,0,nan,0,nan,0,nan,0
1597988416770223104,1597988417000000000,2020-08-21 13:40:17.000000,6907.0,6926.0,6826.0,6888.0,nan,6879.0,151508,10422235320.0,150364,6908.0,18,6906.0,6,nan,0,nan,0,nan,0,nan,0,nan,0,nan,0,nan,0,nan,0
1597988417271373056,1597988417000001024,2020-08-21 13:40:17.000001,6908.0,6926.0,6826.0,6888.0,nan,6879.0,151512,10422510480.0,150366,6908.0,16,6906.0,6,nan,0,nan,0,nan,0,nan,0,nan,0,nan,0,nan,0,nan,0
1597988417772581888,1597988418000000000,2020-08-21 13:40:18.000000,6906.0,6926.0,6826.0,6888.0,nan,6879.0,151517,10422854430.0,150365,6908.0,12,6906.0,5,nan,0,nan,0,nan,0,nan,0,nan,0,nan,0,nan,0,nan,0
1597988418272741888,1597988418000001024,2020-08-21 13:40:18.000001,6906.0,6926.0,6826.0,6888.0,nan,6879.0,151517,10422854430.0,150365,6908.0,13,6907.0,3,nan,0,nan,0,nan,0,nan,0,nan,0,nan,0,nan,0,nan,0
1597988418776595968,1597988419000000000,2020-08-21 13:40:19.000000,6906.0,6926.0,6826.0,6888.0,nan,6879.0,151517,10422854430.0,150365,6908.0,8,6907.0,4,nan,0,nan,0,nan,0,nan,0,nan,0,nan,0,nan,0,nan,0
1597988419276305920,1597988419000001024,2020-08-21 13:40:19.000001,6907.0,6926.0,6826.0,6888.0,nan,6879.0,151518,10422923220.0,150364,6908.0,17,6907.0,4,nan,0,nan,0,nan,0,nan,0,nan,0,nan,0,nan,0,nan,0
1597988419775197952,1597988420000000000,2020-08-21 13:40:20.000000,6908.0,6926.0,6826.0,6888.0,nan,6879.0,151525,10423404750.0,150367,6908.0,19,6906.0,5,nan,0,nan,0,nan,0,nan,0,nan,0,nan,0,nan,0,nan,0
1597988420272732928,1597988420000001024,2020-08-21 13:40:20.000001,6906.0,6926.0,6826.0,6888.0,nan,6879.0,151530,10423748700.0,150371,6906.0,6,6905.0,9,nan,0,nan,0,nan,0,nan,0,nan,0,nan,0,nan,0,nan,0
1597988420766553088,1597988421000000000,2020-08-21 13:40:21.000000,6908.0,6926.0,6826.0,6888.0,nan,6879.0,151542,10424574180.0,150380,6908.0,18,6905.0,9,nan,0,nan,0,nan,0,nan,0,nan,0,nan,0,nan,0,nan,0
1597988421272740096,1597988421000001024,2020-08-21 13:40:21.000001,6906.0,6926.0,6826.0,6888.0,nan,6879.0,151543,10424642970.0,150379,6907.0,25,6905.0,9,nan,0,nan,0,nan,0,nan,0,nan,0,nan,0,nan,0,nan,0
1597988421765626880,1597988422000000000,2020-08-21 13:40:22.000000,6907.0,6926.0,6826.0,6888.0,nan,6879.0,151544,10424711760.0,150380,6907.0,24,6905.0,9,nan,0,nan,0,nan,0,nan,0,nan,0,nan,0,nan,0,nan,0
1597988422267984896,1597988422000001024,2020-08-21 13:40:22.000001,6907.0,6926.0,6826.0,6888.0,nan,6879.0,151559,10425743610.0,150383,6907.0,12,6905.0,8,nan,0,nan,0,nan,0,nan,0,nan,0,nan,0,nan,0,nan,0
1597988422769612032,1597988423000000000,2020-08-21 13:40:23.000000,6906.0,6926.0,6826.0,6888.0,nan,6879.0,151561,10425881190.0,150384,6907.0,11,6906.0,4,nan,0,nan,0,nan,0,nan,0,nan,0,nan,0,nan,0,nan,0
1597988423277155072,1597988423000001024,2020-08-21 13:40:23.000001,6907.0,6926.0,6826.0,6888.0,nan,6879.0,151563,10426018770.0,150384,6907.0,9,6906.0,4,nan,0,nan,0,nan,0,nan,0,nan,0,nan,0,nan,0,nan,0
1597988423776726016,1597988424000000000,2020-08-21 13:40:24.000000,6906.0,6926.0,6826.0,6888.0,nan,6879.0,151566,10426225140.0,150384,6907.0,8,6906.0,4,nan,0,nan,0,nan,0,nan,0,nan,0,nan,0,nan,0,nan,0
1597988424276011008,1597988424000001024,2020-08-21 13:40:24.000001,6906.0,6926.0,6826.0,6888.0,nan,6879.0,151570,10426500300.0,150388,6907.0,14,6906.0,5,nan,0,nan,0,nan,0,nan,0,nan,0,nan,0,nan,0,nan,0
1597988424769225984,1597988425000000000,2020-08-21 13:40:25.000000,6906.0,6926.0,6826.0,6888.0,nan,6879.0,151579,10427119410.0,150393,6906.0,8,6905.0,31,nan,0,nan,0,nan,0,nan,0,nan,0,nan,0,nan,0,nan,0
1597988425268801024,1597988425000001024,2020-08-21 13:40:25.000001,6905.0,6926.0,6826.0,6888.0,nan,6879.0,151591,10427944890.0,150404,6906.0,17,6905.0,18,nan,0,nan,0,nan,0,nan,0,nan,0,nan,0,nan,0,nan,0
1597988425772668928,1597988426000000000,2020-08-21 13:40:26.000000,6905.0,6926.0,6826.0,6888.0,nan,6879.0,151610,10429251900.0,150423,6905.0,1,6904.0,5,nan,0,nan,0,nan,0,nan,0,nan,0,nan,0,nan,0,nan,0
1597988426302825984,1597988426000001024,2020-08-21 13:40:26.000001,6905.0,6926.0,6826.0,6888.0,nan,6879.0,151615,10429595850.0,150420,6906.0,20,6905.0,9,nan,0,nan,0,nan,0,nan,0,nan,0,nan,0,nan,0,nan,0
1597988426847269120,1597988427000000000,2020-08-21 13:40:27.000000,6906.0,6926.0,6826.0,6888.0,nan,6879.0,151625,10430283750.0,150422,6906.0,20,6905.0,1,nan,0,nan,0,nan,0,nan,0,nan,0,nan,0,nan,0,nan,0
1597988427274311936,1597988427000001024,2020-08-21 13:40:27.000001,6905.0,6926.0,6826.0,6888.0,nan,6879.0,151628,10430490120.0,150422,6906.0,20,6904.0,5,nan,0,nan,0,nan,0,nan,0,nan,0,nan,0,nan,0,nan,0
1597988427778744064,1597988428000000000,2020-08-21 13:40:28.000000,6905.0,6926.0,6826.0,6888.0,nan,6879.0,151630,10430627700.0,150424,6906.0,21,6905.0,5,nan,0,nan,0,nan,0,nan,0,nan,0,nan,0,nan,0,nan,0
1597988428775224064,1597988429000000000,2020-08-21 13:40:29.000000,6906.0,6926.0,6826.0,6888.0,nan,6879.0,151631,10430696490.0,150425,6906.0,20,6905.0,5,nan,0,nan,0,nan,0,nan,0,nan,0,nan,0,nan,0,nan,0
1597988429277058048,1597988429000001024,2020-08-21 13:40:29.000001,6905.0,6926.0,6826.0,6888.0,nan,6879.0,151636,10431040440.0,150426,6906.0,20,6904.0,5,nan,0,nan,0,nan,0,nan,0,nan,0,nan,0,nan,0,nan,0
1597988429784954880,1597988430000000000,2020-08-21 13:40:30.000000,6905.0,6926.0,6826.0,6888.0,nan,6879.0,151638,10431178020.0,150426,6906.0,19,6904.0,5,nan,0,nan,0,nan,0,nan,0,nan,0,nan,0,nan,0,nan,0
1597988430318625024,1597988430000001024,2020-08-21 13:40:30.000001,6905.0,6926.0,6826.0,6888.0,nan,6879.0,151639,10431246810.0,150425,6905.0,1,6904.0,5,nan,0,nan,0,nan,0,nan,0,nan,0,nan,0,nan,0,nan,0
1597988430781383936,1597988431000000000,2020-08-21 13:40:31.000000,6906.0,6926.0,6826.0,6888.0,nan,6879.0,151654,10432278660.0,150422,6906.0,13,6904.0,8,nan,0,nan,0,nan,0,nan,0,nan,0,nan,0,nan,0,nan,0
1597988431303206912,1597988431000001024,2020-08-21 13:40:31.000001,6906.0,6926.0,6826.0,6888.0,nan,6879.0,151654,10432278660.0,150422,6906.0,14,6904.0,8,nan,0,nan,0,nan,0,nan,0,nan,0,nan,0,nan,0,nan,0
1597988431784265984,1597988432000000000,2020-08-21 13:40:32.000000,6904.0,6926.0,6826.0,6888.0,nan,6879.0,151655,10432347450.0,150422,6906.0,15,6904.0,7,nan,0,nan,0,nan,0,nan,0,nan,0,nan,0,nan,0,nan,0
1597988432276814080,1597988432000001024,2020-08-21 13:40:32.000001,6906.0,6926.0,6826.0,6888.0,nan,6879.0,151670,10433379300.0,150435,6907.0,23,6906.0,8,nan,0,nan,0,nan,0,nan,0,nan,0,nan,0,nan,0,nan,0
1597988432784751104,1597988432000001792,2020-08-21 13:40:32.000002,6906.0,6926.0,6826.0,6888.0,nan,6879.0,151670,10433379300.0,150435,6907.0,24,6906.0,8,nan,0,nan,0,nan,0,nan,0,nan,0,nan,0,nan,0,nan,0
1597988433281841920,1597988433000000000,2020-08-21 13:40:33.000000,6906.0,6926.0,6826.0,6888.0,nan,6879.0,151673,10433585670.0,150438,6907.0,24,6906.0,5,nan,0,nan,0,nan,0,nan,0,nan,0,nan,0,nan,0,nan,0
1597988433785349888,1597988434000000000,2020-08-21 13:40:34.000000,6906.0,6926.0,6826.0,6888.0,nan,6879.0,151682,10434204780.0,150440,6907.0,24,6905.0,3,nan,0,nan,0,nan,0,nan,0,nan,0,nan,0,nan,0,nan,0
1597988434282603008,1597988434000001024,2020-08-21 13:40:34.000001,6907.0,6926.0,6826.0,6888.0,nan,6879.0,151713,10436337270.0,150447,6908.0,34,6907.0,3,nan,0,nan,0,nan,0,nan,0,nan,0,nan,0,nan,0,nan,0
1597988434784723968,1597988435000000000,2020-08-21 13:40:35.000000,6906.0,6926.0,6826.0,6888.0,nan,6879.0,151718,10436681220.0,150452,6907.0,12,6906.0,3,nan,0,nan,0,nan,0,nan,0,nan,0,nan,0,nan,0,nan,0
1597988435278326016,1597988435000001024,2020-08-21 13:40:35.000001,6906.0,6926.0,6826.0,6888.0,nan,6879.0,151721,10436887590.0,150455,6906.0,2,6905.0,2,nan,0,nan,0,nan,0,nan,0,nan,0,nan,0,nan,0,nan,0
1597988435778114048,1597988436000000000,2020-08-21 13:40:36.000000,6906.0,6926.0,6826.0,6888.0,nan,6879.0,151723,10437025170.0,150456,6907.0,12,6905.0,3,nan,0,nan,0,nan,0,nan,0,nan,0,nan,0,nan,0,nan,0
1597988436291287040,1597988436000001024,2020-08-21 13:40:36.000001,6907.0,6926.0,6826.0,6888.0,nan,6879.0,151725,10437162750.0,150455,6907.0,10,6905.0,3,nan,0,nan,0,nan,0,nan,0,nan,0,nan,0,nan,0,nan,0
1597988436781351936,1597988437000000000,2020-08-21 13:40:37.000000,6907.0,6926.0,6826.0,6888.0,nan,6879.0,151725,10437162750.0,150455,6907.0,10,6906.0,3,nan,0,nan,0,nan,0,nan,0,nan,0,nan,0,nan,0,nan,0
1597988437335043072,1597988437000001024,2020-08-21 13:40:37.000001,6906.0,6926.0,6826.0,6888.0,nan,6879.0,151729,10437437910.0,150456,6907.0,13,6906.0,3,nan,0,nan,0,nan,0,nan,0,nan,0,nan,0,nan,0,nan,0
1597988437779026944,1597988438000000000,2020-08-21 13:40:38.000000,6904.0,6926.0,6826.0,6888.0,nan,6879.0,151739,10438125810.0,150463,6907.0,13,6904.0,10,nan,0,nan,0,nan,0,nan,0,nan,0,nan,0,nan,0,nan,0
1597988438283962880,1597988438000001024,2020-08-21 13:40:38.000001,6907.0,6926.0,6826.0,6888.0,nan,6879.0,151749,10438813710.0,150463,6907.0,5,6905.0,1,nan,0,nan,0,nan,0,nan,0,nan,0,nan,0,nan,0,nan,0
1597988438798440960,1597988439000000000,2020-08-21 13:40:39.000000,6907.0,6926.0,6826.0,6888.0,nan,6879.0,151751,10438951290.0,150463,6907.0,3,6906.0,2,nan,0,nan,0,nan,0,nan,0,nan,0,nan,0,nan,0,nan,0
1597988439281690880,1597988439000001024,2020-08-21 13:40:39.000001,6906.0,6926.0,6826.0,6888.0,nan,6879.0,151753,10439088870.0,150463,6907.0,3,6906.0,3,nan,0,nan,0,nan,0,nan,0,nan,0,nan,0,nan,0,nan,0
1597988439782256896,1597988440000000000,2020-08-21 13:40:40.000000,6907.0,6926.0,6826.0,6888.0,nan,6879.0,151754,10439157660.0,150463,6907.0,2,6906.0,3,nan,0,nan,0,nan,0,nan,0,nan,0,nan,0,nan,0,nan,0
1597988440284779008,1597988440000001024,2020-08-21 13:40:40.000001,6907.0,6926.0,6826.0,6888.0,nan,6879.0,151761,10439639190.0,150468,6908.0,36,6907.0,3,nan,0,nan,0,nan,0,nan,0,nan,0,nan,0,nan,0,nan,0
1597988440787678976,1597988441000000000,2020-08-21 13:40:41.000000,6907.0,6926.0,6826.0,6888.0,nan,6879.0,151764,10439845560.0,150471,6908.0,37,6907.0,1,nan,0,nan,0,nan,0,nan,0,nan,0,nan,0,nan,0,nan,0
1597988441291694080,1597988441000001024,2020-08-21 13:40:41.000001,6906.0,6926.0,6826.0,6888.0,nan,6879.0,151766,10439983140.0,150471,6908.0,37,6906.0,3,nan,0,nan,0,nan,0,nan,0,nan,0,nan,0,nan,0,nan,0
1597988441772180992,1597988442000000000,2020-08-21 13:40:42.000000,6906.0,6926.0,6826.0,6888.0,nan,6879.0,151766,10439983140.0,150471,6908.0,38,6907.0,1,nan,0,nan,0,nan,0,nan,0,nan,0,nan,0,nan,0,nan,0
1597988442304136960,1597988442000001024,2020-08-21 13:40:42.000001,6908.0,6926.0,6826.0,6888.0,nan,6879.0,151771,10440327090.0,150473,6908.0,35,6906.0,2,nan,0,nan,0,nan,0,nan,0,nan,0,nan,0,nan,0,nan,0
1597988442791758080,1597988443000000000,2020-08-21 13:40:43.000000,6906.0,6926.0,6826.0,6888.0,nan,6879.0,151777,10440739830.0,150473,6907.0,3,6906.0,16,nan,0,nan,0,nan,0,nan,0,nan,0,nan,0,nan,0,nan,0
1597988443287726080,1597988443000001024,2020-08-21 13:40:43.000001,6908.0,6926.0,6826.0,6888.0,nan,6879.0,151787,10441427730.0,150480,6908.0,28,6906.0,16,nan,0,nan,0,nan,0,nan,0,nan,0,nan,0,nan,0,nan,0
1597988443779488000,1597988444000000000,2020-08-21 13:40:44.000000,6906.0,6926.0,6826.0,6888.0,nan,6879.0,151793,10441840470.0,150486,6908.0,27,6906.0,11,nan,0,nan,0,nan,0,nan,0,nan,0,nan,0,nan,0,nan,0
1597988444327270912,1597988444000001024,2020-08-21 13:40:44.000001,6906.0,6926.0,6826.0,6888.0,nan,6879.0,151794,10441909260.0,150486,6908.0,28,6907.0,4,nan,0,nan,0,nan,0,nan,0,nan,0,nan,0,nan,0,nan,0
1597988444782439936,1597988445000000000,2020-08-21 13:40:45.000000,6907.0,6926.0,6826.0,6888.0,nan,6879.0,151798,10442184420.0,150490,6907.0,12,6906.0,12,nan,0,nan,0,nan,0,nan,0,nan,0,nan,0,nan,0,nan,0
1597988445294906880,1597988445000001024,2020-08-21 13:40:45.000001,6907.0,6926.0,6826.0,6888.0,nan,6879.0,151800,10442322000.0,150491,6907.0,11,6906.0,11,nan,0,nan,0,nan,0,nan,0,nan,0,nan,0,nan,0,nan,0
1597988445780220928,1597988446000000000,2020-08-21 13:40:46.000000,6907.0,6926.0,6826.0,6888.0,nan,6879.0,151802,10442459580.0,150491,6907.0,25,6906.0,11,nan,0,nan,0,nan,0,nan,0,nan,0,nan,0,nan,0,nan,0
1597988446274682112,1597988446000001024,2020-08-21 13:40:46.000001,6907.0,6926.0,6826.0,6888.0,nan,6879.0,151807,10442803530.0,150492,6907.0,21,6906.0,11,nan,0,nan,0,nan,0,nan,0,nan,0,nan,0,nan,0,nan,0
1597988446782842880,1597988447000000000,2020-08-21 13:40:47.000000,6907.0,6926.0,6826.0,6888.0,nan,6879.0,151808,10442872320.0,150493,6907.0,21,6906.0,11,nan,0,nan,0,nan,0,nan,0,nan,0,nan,0,nan,0,nan,0
1597988447282745088,1597988447000001024,2020-08-21 13:40:47.000001,6907.0,6926.0,6826.0,6888.0,nan,6879.0,151810,10443009900.0,150494,6907.0,20,6906.0,10,nan,0,nan,0,nan,0,nan,0,nan,0,nan,0,nan,0,nan,0
1597988447780572928,1597988448000000000,2020-08-21 13:40:48.000000,6907.0,6926.0,6826.0,6888.0,nan,6879.0,151811,10443078690.0,150494,6907.0,20,6906.0,10,nan,0,nan,0,nan,0,nan,0,nan,0,nan,0,nan,0,nan,0
1597988448289012992,1597988448000001024,2020-08-21 13:40:48.000001,6906.0,6926.0,6826.0,6888.0,nan,6879.0,151813,10443216270.0,150496,6907.0,19,6906.0,9,nan,0,nan,0,nan,0,nan,0,nan,0,nan,0,nan,0,nan,0
1597988448805750016,1597988449000000000,2020-08-21 13:40:49.000000,6906.0,6926.0,6826.0,6888.0,nan,6879.0,151819,10443629010.0,150495,6907.0,15,6906.0,8,nan,0,nan,0,nan,0,nan,0,nan,0,nan,0,nan,0,nan,0
1597988449291328000,1597988449000001024,2020-08-21 13:40:49.000001,6906.0,6926.0,6826.0,6888.0,nan,6879.0,151819,10443629010.0,150495,6907.0,16,6906.0,8,nan,0,nan,0,nan,0,nan,0,nan,0,nan,0,nan,0,nan,0
1597988449792432128,1597988450000000000,2020-08-21 13:40:50.000000,6906.0,6926.0,6826.0,6888.0,nan,6879.0,151820,10443697800.0,150495,6907.0,16,6906.0,7,nan,0,nan,0,nan,0,nan,0,nan,0,nan,0,nan,0,nan,0
1597988450288605952,1597988450000001024,2020-08-21 13:40:50.000001,6906.0,6926.0,6826.0,6888.0,nan,6879.0,151824,10443972960.0,150495,6907.0,14,6906.0,5,nan,0,nan,0,nan,0,nan,0,nan,0,nan,0,nan,0,nan,0
1597988451787768064,1597988452000000000,2020-08-21 13:40:52.000000,6906.0,6926.0,6826.0,6888.0,nan,6879.0,151829,10444316910.0,150499,6906.0,1,6905.0,25,nan,0,nan,0,nan,0,nan,0,nan,0,nan,0,nan,0,nan,0
1597988452288752128,1597988452000001024,2020-08-21 13:40:52.000001,6905.0,6926.0,6826.0,6888.0,nan,6879.0,151830,10444385700.0,150499,6906.0,5,6905.0,13,nan,0,nan,0,nan,0,nan,0,nan,0,nan,0,nan,0,nan,0
1597988452787877888,1597988453000000000,2020-08-21 13:40:53.000000,6905.0,6926.0,6826.0,6888.0,nan,6879.0,151843,10445279970.0,150510,6905.0,2,6904.0,26,nan,0,nan,0,nan,0,nan,0,nan,0,nan,0,nan,0,nan,0
1597988453276035072,1597988453000001024,2020-08-21 13:40:53.000001,6904.0,6926.0,6826.0,6888.0,nan,6879.0,151860,10446449400.0,150508,6905.0,6,6903.0,19,nan,0,nan,0,nan,0,nan,0,nan,0,nan,0,nan,0,nan,0
1597988453778124032,1597988454000000000,2020-08-21 13:40:54.000000,6904.0,6926.0,6826.0,6888.0,nan,6879.0,151861,10446518190.0,150509,6904.0,4,6903.0,19,nan,0,nan,0,nan,0,nan,0,nan,0,nan,0,nan,0,nan,0
1597988454283934976,1597988454000001024,2020-08-21 13:40:54.000001,6903.0,6926.0,6826.0,6888.0,nan,6879.0,151871,10447206090.0,150504,6904.0,4,6903.0,9,nan,0,nan,0,nan,0,nan,0,nan,0,nan,0,nan,0,nan,0
1597988454779526912,1597988455000000000,2020-08-21 13:40:55.000000,6903.0,6926.0,6826.0,6888.0,nan,6879.0,151872,10447274880.0,150504,6904.0,4,6903.0,8,nan,0,nan,0,nan,0,nan,0,nan,0,nan,0,nan,0,nan,0
1597988455277628928,1597988455000001024,2020-08-21 13:40:55.000001,6903.0,6926.0,6826.0,6888.0,nan,6879.0,151873,10447343670.0,150503,6904.0,4,6903.0,8,nan,0,nan,0,nan,0,nan,0,nan,0,nan,0,nan,0,nan,0
1597988455782048000,1597988456000000000,2020-08-21 13:40:56.000000,6904.0,6926.0,6826.0,6888.0,nan,6879.0,151875,10447481250.0,150504,6905.0,7,6903.0,7,nan,0,nan,0,nan,0,nan,0,nan,0,nan,0,nan,0,nan,0
1597988456286535936,1597988456000001024,2020-08-21 13:40:56.000001,6903.0,6926.0,6826.0,6888.0,nan,6879.0,151877,10447618830.0,150504,6905.0,7,6903.0,5,nan,0,nan,0,nan,0,nan,0,nan,0,nan,0,nan,0,nan,0
1597988456787106048,1597988457000000000,2020-08-21 13:40:57.000000,6906.0,6926.0,6826.0,6888.0,nan,6879.0,151889,10448444310.0,150509,6906.0,6,6904.0,9,nan,0,nan,0,nan,0,nan,0,nan,0,nan,0,nan,0,nan,0
1597988457280581120,1597988457000001024,2020-08-21 13:40:57.000001,6906.0,6926.0,6826.0,6888.0,nan,6879.0,151890,10448513100.0,150509,6906.0,2,6904.0,9,nan,0,nan,0,nan,0,nan,0,nan,0,nan,0,nan,0,nan,0
1597988457783011072,1597988458000000000,2020-08-21 13:40:58.000000,6904.0,6926.0,6826.0,6888.0,nan,6879.0,151891,10448581890.0,150509,6906.0,9,6904.0,8,nan,0,nan,0,nan,0,nan,0,nan,0,nan,0,nan,0,nan,0
1597988458289470976,1597988458000001024,2020-08-21 13:40:58.000001,6904.0,6926.0,6826.0,6888.0,nan,6879.0,151895,10448857050.0,150509,6906.0,9,6904.0,4,nan,0,nan,0,nan,0,nan,0,nan,0,nan,0,nan,0,nan,0
1597988458783767040,1597988459000000000,2020-08-21 13:40:59.000000,6904.0,6926.0,6826.0,6888.0,nan,6879.0,151899,10449132210.0,150509,6904.0,6,6903.0,4,nan,0,nan,0,nan,0,nan,0,nan,0,nan,0,nan,0,nan,0
1597988459781110016,1597988460000000000,2020-08-21 13:41:00.000000,6904.0,6926.0,6826.0,6888.0,nan,6879.0,151900,10449201000.0,150509,6904.0,5,6903.0,5,nan,0,nan,0,nan,0,nan,0,nan,0,nan,0,nan,0,nan,0
1597988460296201984,1597988460000001024,2020-08-21 13:41:00.000001,6904.0,6926.0,6826.0,6888.0,nan,6879.0,151901,10449269790.0,150509,6904.0,4,6903.0,5,nan,0,nan,0,nan,0,nan,0,nan,0,nan,0,nan,0,nan,0
1597988460782475008,1597988461000000000,2020-08-21 13:41:01.000000,6904.0,6926.0,6826.0,6888.0,nan,6879.0,151906,10449613740.0,150509,6906.0,10,6903.0,5,nan,0,nan,0,nan,0,nan,0,nan,0,nan,0,nan,0,nan,0
1597988461290853888,1597988461000001024,2020-08-21 13:41:01.000001,6904.0,6926.0,6826.0,6888.0,nan,6879.0,151907,10449682530.0,150509,6905.0,2,6903.0,5,nan,0,nan,0,nan,0,nan,0,nan,0,nan,0,nan,0,nan,0
1597988461791692032,1597988462000000000,2020-08-21 13:41:02.000000,6904.0,6926.0,6826.0,6888.0,nan,6879.0,151907,10449682530.0,150509,6905.0,2,6903.0,6,nan,0,nan,0,nan,0,nan,0,nan,0,nan,0,nan,0,nan,0
1597988462296780032,1597988462000001024,2020-08-21 13:41:02.000001,6904.0,6926.0,6826.0,6888.0,nan,6879.0,151908,10449751320.0,150510,6905.0,3,6904.0,1,nan,0,nan,0,nan,0,nan,0,nan,0,nan,0,nan,0,nan,0
1597988462796111104,1597988463000000000,2020-08-21 13:41:03.000000,6904.0,6926.0,6826.0,6888.0,nan,6879.0,151908,10449751320.0,150510,6905.0,3,6904.0,2,nan,0,nan,0,nan,0,nan,0,nan,0,nan,0,nan,0,nan,0
1597988464794884096,1597988465000000000,2020-08-21 13:41:05.000000,6905.0,6926.0,6826.0,6888.0,nan,6879.0,151922,10450714380.0,150510,6904.0,13,6903.0,6,nan,0,nan,0,nan,0,nan,0,nan,0,nan,0,nan,0,nan,0
1597988465793233920,1597988466000000000,2020-08-21 13:41:06.000000,6904.0,6926.0,6826.0,6888.0,nan,6879.0,151925,10450920750.0,150509,6904.0,14,6903.0,5,nan,0,nan,0,nan,0,nan,0,nan,0,nan,0,nan,0,nan,0
1597988466294064896,1597988466000001024,2020-08-21 13:41:06.000001,6904.0,6926.0,6826.0,6888.0,nan,6879.0,151925,10450920750.0,150509,6904.0,14,6903.0,7,nan,0,nan,0,nan,0,nan,0,nan,0,nan,0,nan,0,nan,0
1597988466789756928,1597988467000000000,2020-08-21 13:41:07.000000,6904.0,6926.0,6826.0,6888.0,nan,6879.0,151927,10451058330.0,150507,6904.0,12,6903.0,7,nan,0,nan,0,nan,0,nan,0,nan,0,nan,0,nan,0,nan,0
1597988467294756096,1597988467000001024,2020-08-21 13:41:07.000001,6904.0,6926.0,6826.0,6888.0,nan,6879.0,151929,10451195910.0,150507,6904.0,11,6903.0,7,nan,0,nan,0,nan,0,nan,0,nan,0,nan,0,nan,0,nan,0
1597988468292107008,1597988468000000000,2020-08-21 13:41:08.000000,6903.0,6926.0,6826.0,6888.0,nan,6879.0,151931,10451333490.0,150508,6904.0,10,6903.0,6,nan,0,nan,0,nan,0,nan,0,nan,0,nan,0,nan,0,nan,0
1597988469292667904,1597988469000000000,2020-08-21 13:41:09.000000,6903.0,6926.0,6826.0,6888.0,nan,6879.0,151932,10451402280.0,150509,6904.0,10,6903.0,5,nan,0,nan,0,nan,0,nan,0,nan,0,nan,0,nan,0,nan,0
1597988469796947968,1597988470000000000,2020-08-21 13:41:10.000000,6903.0,6926.0,6826.0,6888.0,nan,6879.0,151935,10451608650.0,150508,6904.0,9,6903.0,3,nan,0,nan,0,nan,0,nan,0,nan,0,nan,0,nan,0,nan,0
1597988470315672064,1597988470000001024,2020-08-21 13:41:10.000001,6903.0,6926.0,6826.0,6888.0,nan,6879.0,151937,10451746230.0,150509,6904.0,9,6903.0,1,nan,0,nan,0,nan,0,nan,0,nan,0,nan,0,nan,0,nan,0
1597988470790512896,1597988471000000000,2020-08-21 13:41:11.000000,6903.0,6926.0,6826.0,6888.0,nan,6879.0,151937,10451746230.0,150509,6904.0,9,6902.0,29,nan,0,nan,0,nan,0,nan,0,nan,0,nan,0,nan,0,nan,0
1597988471303572992,1597988471000001024,2020-08-21 13:41:11.000001,6903.0,6926.0,6826.0,6888.0,nan,6879.0,151937,10451746230.0,150509,6904.0,9,6902.0,21,nan,0,nan,0,nan,0,nan,0,nan,0,nan,0,nan,0,nan,0
1597988472301370880,1597988472000000000,2020-08-21 13:41:12.000000,6902.0,6926.0,6826.0,6888.0,nan,6879.0,151938,10451815020.0,150509,6903.0,10,6902.0,20,nan,0,nan,0,nan,0,nan,0,nan,0,nan,0,nan,0,nan,0
1597988472799180032,1597988473000000000,2020-08-21 13:41:13.000000,6903.0,6926.0,6826.0,6888.0,nan,6879.0,151939,10451883810.0,150509,6903.0,9,6902.0,19,nan,0,nan,0,nan,0,nan,0,nan,0,nan,0,nan,0,nan,0
1597988473316968960,1597988473000001024,2020-08-21 13:41:13.000001,6902.0,6926.0,6826.0,6888.0,nan,6879.0,151942,10452090180.0,150509,6903.0,7,6902.0,18,nan,0,nan,0,nan,0,nan,0,nan,0,nan,0,nan,0,nan,0
1597988473791058944,1597988474000000000,2020-08-21 13:41:14.000000,6902.0,6926.0,6826.0,6888.0,nan,6879.0,151942,10452090180.0,150509,6903.0,8,6902.0,18,nan,0,nan,0,nan,0,nan,0,nan,0,nan,0,nan,0,nan,0
1597988474293502976,1597988474000001024,2020-08-21 13:41:14.000001,6902.0,6926.0,6826.0,6888.0,nan,6879.0,151947,10452434130.0,150507,6903.0,19,6902.0,16,nan,0,nan,0,nan,0,nan,0,nan,0,nan,0,nan,0,nan,0
1597988474788289024,1597988475000000000,2020-08-21 13:41:15.000000,6901.0,6926.0,6826.0,6888.0,nan,6879.0,152019,10457387010.0,150577,6902.0,1,6900.0,102,nan,0,nan,0,nan,0,nan,0,nan,0,nan,0,nan,0,nan,0
1597988475293496064,1597988475000001024,2020-08-21 13:41:15.000001,6901.0,6926.0,6826.0,6888.0,nan,6879.0,152031,10458212490.0,150576,6901.0,1,6900.0,103,nan,0,nan,0,nan,0,nan,0,nan,0,nan,0,nan,0,nan,0
1597988475790308096,1597988476000000000,2020-08-21 13:41:16.000000,6900.0,6926.0,6826.0,6888.0,nan,6879.0,152114,10463922060.0,150611,6902.0,8,6900.0,30,nan,0,nan,0,nan,0,nan,0,nan,0,nan,0,nan,0,nan,0
1597988476298812928,1597988476000001024,2020-08-21 13:41:16.000001,6898.0,6926.0,6826.0,6888.0,nan,6879.0,152176,10468187040.0,150589,6900.0,2,6899.0,7,nan,0,nan,0,nan,0,nan,0,nan,0,nan,0,nan,0,nan,0
1597988476794681088,1597988477000000000,2020-08-21 13:41:17.000000,6897.0,6926.0,6826.0,6888.0,nan,6879.0,152207,10470319530.0,150583,6899.0,20,6897.0,17,nan,0,nan,0,nan,0,nan,0,nan,0,nan,0,nan,0,nan,0
1597988477294192128,1597988477000001024,2020-08-21 13:41:17.000001,6898.0,6926.0,6826.0,6888.0,nan,6879.0,152218,10471076220.0,150579,6899.0,29,6897.0,7,nan,0,nan,0,nan,0,nan,0,nan,0,nan,0,nan,0,nan,0
1597988477794380032,1597988478000000000,2020-08-21 13:41:18.000000,6896.0,6926.0,6826.0,6888.0,nan,6879.0,152242,10472727180.0,150575,6897.0,1,6896.0,28,nan,0,nan,0,nan,0,nan,0,nan,0,nan,0,nan,0,nan,0
1597988478306597120,1597988478000001024,2020-08-21 13:41:18.000001,6893.0,6926.0,6826.0,6888.0,nan,6879.0,152362,10480981980.0,150638,6895.0,5,6893.0,4,nan,0,nan,0,nan,0,nan,0,nan,0,nan,0,nan,0,nan,0
1597988478791316992,1597988479000000000,2020-08-21 13:41:19.000000,6895.0,6926.0,6826.0,6888.0,nan,6879.0,152392,10483045680.0,150614,6896.0,32,6895.0,1,nan,0,nan,0,nan,0,nan,0,nan,0,nan,0,nan,0,nan,0
1597988479319692032,1597988479000001024,2020-08-21 13:41:19.000001,6897.0,6926.0,6826.0,6888.0,nan,6879.0,152428,10485522120.0,150647,6897.0,21,6895.0,22,nan,0,nan,0,nan,0,nan,0,nan,0,nan,0,nan,0,nan,0
1597988479790765056,1597988480000000000,2020-08-21 13:41:20.000000,6899.0,6926.0,6826.0,6888.0,nan,6879.0,152479,10489030410.0,150622,6899.0,42,6897.0,1,nan,0,nan,0,nan,0,nan,0,nan,0,nan,0,nan,0,nan,0
1597988480297683968,1597988480000001024,2020-08-21 13:41:20.000001,6897.0,6926.0,6826.0,6888.0,nan,6879.0,152500,10490475000.0,150624,6897.0,4,6896.0,20,nan,0,nan,0,nan,0,nan,0,nan,0,nan,0,nan,0,nan,0
1597988480791689984,1597988481000000000,2020-08-21 13:41:21.000000,6896.0,6926.0,6826.0,6888.0,nan,6879.0,152521,10491919590.0,150631,6899.0,40,6896.0,8,nan,0,nan,0,nan,0,nan,0,nan,0,nan,0,nan,0,nan,0
1597988481296003072,1597988481000001024,2020-08-21 13:41:21.000001,6896.0,6926.0,6826.0,6888.0,nan,6879.0,152525,10492194750.0,150629,6898.0,11,6896.0,18,nan,0,nan,0,nan,0,nan,0,nan,0,nan,0,nan,0,nan,0
1597988481800825088,1597988482000000000,2020-08-21 13:41:22.000000,6898.0,6926.0,6826.0,6888.0,nan,6879.0,152532,10492676280.0,150629,6898.0,6,6896.0,22,nan,0,nan,0,nan,0,nan,0,nan,0,nan,0,nan,0,nan,0
1597988482296315904,1597988482000001024,2020-08-21 13:41:22.000001,6896.0,6926.0,6826.0,6888.0,nan,6879.0,152554,10494189660.0,150618,6899.0,77,6896.0,9,nan,0,nan,0,nan,0,nan,0,nan,0,nan,0,nan,0,nan,0
1597988482802472960,1597988483000000000,2020-08-21 13:41:23.000000,6898.0,6926.0,6826.0,6888.0,nan,6879.0,152557,10494396030.0,150616,6898.0,1,6897.0,5,nan,0,nan,0,nan,0,nan,0,nan,0,nan,0,nan,0,nan,0
1597988483300154112,1597988483000001024,2020-08-21 13:41:23.000001,6898.0,6926.0,6826.0,6888.0,nan,6879.0,152568,10495152720.0,150622,6899.0,98,6897.0,13,nan,0,nan,0,nan,0,nan,0,nan,0,nan,0,nan,0,nan,0
1597988483801298944,1597988484000000000,2020-08-21 13:41:24.000000,6897.0,6926.0,6826.0,6888.0,nan,6879.0,152574,10495565460.0,150623,6899.0,94,6897.0,15,nan,0,nan,0,nan,0,nan,0,nan,0,nan,0,nan,0,nan,0
