local_nano_time,quote_nano_time,datetime,last_price,highest,lowest,open,close,average,volume,amount,open_interest,ask_price1,ask_volume1,bid_price1,bid_volume1,ask_price2,ask_volume2,bid_price2,bid_volume2,ask_price3,ask_volume3,bid_price3,bid_volume3,ask_price4,ask_volume4,bid_price4,bid_volume4,ask_price5,ask_volume5,bid_price5,bid_volume5
1597988231156925952,1597988231734999808,2020-08-21 13:37:11.735000,7150.0,7250.0,7110.0,7250.0,nan,7165.0,198364,7110835975.0,273715,7155.0,395,7150.0,121,nan,0,nan,0,nan,0,nan,0,nan,0,nan,0,nan,0,nan,0
1597988231647232000,1597988232226000128,2020-08-21 13:37:12.226000,7150.0,7250.0,7110.0,7250.0,nan,7165.0,198364,7110835975.0,273715,7155.0,405,7150.0,121,nan,0,nan,0,nan,0,nan,0,nan,0,nan,0,nan,0,nan,0
1597988232636269056,1597988233224999936,2020-08-21 13:37:13.225000,7150.0,7250.0,7110.0,7250.0,nan,7165.0,198364,7110835975.0,273715,7155.0,405,7150.0,122,nan,0,nan,0,nan,0,nan,0,nan,0,nan,0,nan,0,nan,0
1597988233142330880,1597988233696999936,2020-08-21 13:37:13.697000,7150.0,7250.0,7110.0,7250.0,nan,7165.0,198364,7110835975.0,273715,7155.0,405,7150.0,120,nan,0,nan,0,nan,0,nan,0,nan,0,nan,0,nan,0,nan,0
1597988234172059904,1597988234667000064,2020-08-21 13:37:14.667000,7150.0,7250.0,7110.0,7250.0,nan,7165.0,198384,7111550975.0,273715,7155.0,405,7150.0,118,nan,0,nan,0,nan,0,nan,0,nan,0,nan,0,nan,0,nan,0
1597988239145914112,1597988239690000128,2020-08-21 13:37:19.690000,7150.0,7250.0,7110.0,7250.0,nan,7165.0,198384,7111550975.0,273715,7155.0,405,7150.0,119,nan,0,nan,0,nan,0,nan,0,nan,0,nan,0,nan,0,nan,0
1597988239643774976,1597988240232999936,2020-08-21 13:37:20.233000,7150.0,7250.0,7110.0,7250.0,nan,7165.0,198384,7111550975.0,273715,7155.0,405,7150.0,115,nan,0,nan,0,nan,0,nan,0,nan,0,nan,0,nan,0,nan,0
1597988240159247104,1597988240720999936,2020-08-21 13:37:20.721000,7150.0,7250.0,7110.0,7250.0,nan,7165.0,198384,7111550975.0,273715,7155.0,410,7150.0,115,nan,0,nan,0,nan,0,nan,0,nan,0,nan,0,nan,0,nan,0
1597988240645506048,1597988241204000000,2020-08-21 13:37:21.204000,7150.0,7250.0,7110.0,7250.0,nan,7165.0,198384,7111550975.0,273715,7155.0,421,7150.0,115,nan,0,nan,0,nan,0,nan,0,nan,0,nan,0,nan,0,nan,0
1597988241153618944,1597988241731000064,2020-08-21 13:37:21.731000,7150.0,7250.0,7110.0,7250.0,nan,7165.0,198384,7111550975.0,273715,7155.0,421,7150.0,116,nan,0,nan,0,nan,0,nan,0,nan,0,nan,0,nan,0,nan,0
1597988242658401024,1597988243240000000,2020-08-21 13:37:23.240000,7150.0,7250.0,7110.0,7250.0,nan,7165.0,198384,7111550975.0,273715,7155.0,431,7150.0,116,nan,0,nan,0,nan,0,nan,0,nan,0,nan,0,nan,0,nan,0
1597988243165758976,1597988243736999936,2020-08-21 13:37:23.737000,7150.0,7250.0,7110.0,7250.0,nan,7165.0,198387,7111658225.0,273714,7155.0,431,7150.0,113,nan,0,nan,0,nan,0,nan,0,nan,0,nan,0,nan,0,nan,0
1597988243645627904,1597988244160000000,2020-08-21 13:37:24.160000,7150.0,7250.0,7110.0,7250.0,nan,7165.0,198387,7111658225.0,273714,7155.0,436,7150.0,113,nan,0,nan,0,nan,0,nan,0,nan,0,nan,0,nan,0,nan,0
1597988244142430976,1597988244698999808,2020-08-21 13:37:24.699000,7150.0,7250.0,7110.0,7250.0,nan,7165.0,198387,7111658225.0,273714,7155.0,498,7150.0,113,nan,0,nan,0,nan,0,nan,0,nan,0,nan,0,nan,0,nan,0
1597988244643111936,1597988245219000064,2020-08-21 13:37:25.219000,7150.0,7250.0,7110.0,7250.0,nan,7165.0,198387,7111658225.0,273714,7155.0,499,7150.0,113,nan,0,nan,0,nan,0,nan,0,nan,0,nan,0,nan,0,nan,0
1597988246687828992,1597988247234999808,2020-08-21 13:37:27.235000,7150.0,7250.0,7110.0,7250.0,nan,7165.0,198417,7112730725.0,273718,7155.0,502,7150.0,83,nan,0,nan,0,nan,0,nan,0,nan,0,nan,0,nan,0,nan,0
1597988247164883968,1597988247742000128,2020-08-21 13:37:27.742000,7150.0,7250.0,7110.0,7250.0,nan,7165.0,198417,7112730725.0,273718,7155.0,502,7150.0,81,nan,0,nan,0,nan,0,nan,0,nan,0,nan,0,nan,0,nan,0
1597988247637733888,1597988248221999872,2020-08-21 13:37:28.222000,7150.0,7250.0,7110.0,7250.0,nan,7165.0,198417,7112730725.0,273718,7155.0,496,7150.0,81,nan,0,nan,0,nan,0,nan,0,nan,0,nan,0,nan,0,nan,0
1597988248193121024,1597988248716000000,2020-08-21 13:37:28.716000,7150.0,7250.0,7110.0,7250.0,nan,7165.0,198417,7112730725.0,273718,7155.0,496,7150.0,80,nan,0,nan,0,nan,0,nan,0,nan,0,nan,0,nan,0,nan,0
1597988249646210048,1597988250240000000,2020-08-21 13:37:30.240000,7150.0,7250.0,7110.0,7250.0,nan,7165.0,198417,7112730725.0,273718,7155.0,497,7150.0,80,nan,0,nan,0,nan,0,nan,0,nan,0,nan,0,nan,0,nan,0
1597988250218454016,1597988250739000064,2020-08-21 13:37:30.739000,7150.0,7250.0,7110.0,7250.0,nan,7165.0,198418,7112766475.0,273718,7155.0,470,7150.0,81,nan,0,nan,0,nan,0,nan,0,nan,0,nan,0,nan,0,nan,0
1597988250661510912,1597988251240000000,2020-08-21 13:37:31.240000,7155.0,7250.0,7110.0,7250.0,nan,7165.0,198419,7112802250.0,273717,7155.0,470,7150.0,81,nan,0,nan,0,nan,0,nan,0,nan,0,nan,0,nan,0,nan,0
1597988251156401920,1597988251737999872,2020-08-21 13:37:31.738000,7150.0,7250.0,7110.0,7250.0,nan,7165.0,198420,7112838000.0,273717,7155.0,470,7150.0,80,nan,0,nan,0,nan,0,nan,0,nan,0,nan,0,nan,0,nan,0
1597988251668732928,1597988252190000128,2020-08-21 13:37:32.190000,7150.0,7250.0,7110.0,7250.0,nan,7165.0,198420,7112838000.0,273717,7155.0,471,7150.0,80,nan,0,nan,0,nan,0,nan,0,nan,0,nan,0,nan,0,nan,0
1597988252670961920,1597988253234999808,2020-08-21 13:37:33.235000,7150.0,7250.0,7110.0,7250.0,nan,7165.0,198421,7112873750.0,273717,7155.0,471,7150.0,79,nan,0,nan,0,nan,0,nan,0,nan,0,nan,0,nan,0,nan,0
1597988253194204928,1597988253730000128,2020-08-21 13:37:33.730000,7150.0,7250.0,7110.0,7250.0,nan,7165.0,198501,7115733750.0,273775,7150.0,143,7145.0,466,nan,0,nan,0,nan,0,nan,0,nan,0,nan,0,nan,0,nan,0
1597988253645853952,1597988254232000000,2020-08-21 13:37:34.232000,7150.0,7250.0,7110.0,7250.0,nan,7165.0,198506,7115912500.0,273770,7150.0,163,7145.0,466,nan,0,nan,0,nan,0,nan,0,nan,0,nan,0,nan,0,nan,0
1597988254138285056,1597988254739000064,2020-08-21 13:37:34.739000,7150.0,7250.0,7110.0,7250.0,nan,7165.0,198506,7115912500.0,273770,7150.0,164,7145.0,466,nan,0,nan,0,nan,0,nan,0,nan,0,nan,0,nan,0,nan,0
1597988254636111872,1597988255220000000,2020-08-21 13:37:35.220000,7150.0,7250.0,7110.0,7250.0,nan,7165.0,198506,7115912500.0,273770,7150.0,170,7145.0,466,nan,0,nan,0,nan,0,nan,0,nan,0,nan,0,nan,0,nan,0
1597988255140838912,1597988255737999872,2020-08-21 13:37:35.738000,7150.0,7250.0,7110.0,7250.0,nan,7165.0,198506,7115912500.0,273770,7150.0,273,7145.0,466,nan,0,nan,0,nan,0,nan,0,nan,0,nan,0,nan,0,nan,0
1597988255640432128,1597988256232999936,2020-08-21 13:37:36.233000,7150.0,7250.0,7110.0,7250.0,nan,7165.0,198506,7115912500.0,273770,7150.0,275,7145.0,467,nan,0,nan,0,nan,0,nan,0,nan,0,nan,0,nan,0,nan,0
1597988258644974080,1597988259209000192,2020-08-21 13:37:39.209000,7150.0,7250.0,7110.0,7250.0,nan,7165.0,198507,7115948250.0,273770,7150.0,277,7145.0,467,nan,0,nan,0,nan,0,nan,0,nan,0,nan,0,nan,0,nan,0
1597988260133765888,1597988260736999936,2020-08-21 13:37:40.737000,7150.0,7250.0,7110.0,7250.0,nan,7165.0,198507,7115948250.0,273770,7150.0,277,7145.0,466,nan,0,nan,0,nan,0,nan,0,nan,0,nan,0,nan,0,nan,0
1597988260643697920,1597988261233999872,2020-08-21 13:37:41.234000,7150.0,7250.0,7110.0,7250.0,nan,7165.0,198507,7115948250.0,273770,7150.0,306,7145.0,466,nan,0,nan,0,nan,0,nan,0,nan,0,nan,0,nan,0,nan,0
1597988261639257088,1597988262239000064,2020-08-21 13:37:42.239000,7150.0,7250.0,7110.0,7250.0,nan,7165.0,198512,7116127000.0,273770,7150.0,305,7145.0,466,nan,0,nan,0,nan,0,nan,0,nan,0,nan,0,nan,0,nan,0
1597988262182946048,1597988262742000128,2020-08-21 13:37:42.742000,7150.0,7250.0,7110.0,7250.0,nan,7165.0,198512,7116127000.0,273770,7150.0,305,7145.0,467,nan,0,nan,0,nan,0,nan,0,nan,0,nan,0,nan,0,nan,0
1597988262650729984,1597988263232999936,2020-08-21 13:37:43.233000,7150.0,7250.0,7110.0,7250.0,nan,7165.0,198512,7116127000.0,273770,7150.0,305,7145.0,466,nan,0,nan,0,nan,0,nan,0,nan,0,nan,0,nan,0,nan,0
1597988266182351872,1597988266729000192,2020-08-21 13:37:46.729000,7150.0,7250.0,7110.0,7250.0,nan,7165.0,198537,7117020250.0,273745,7150.0,311,7145.0,452,nan,0,nan,0,nan,0,nan,0,nan,0,nan,0,nan,0,nan,0
1597988267180945920,1597988267736999936,2020-08-21 13:37:47.737000,7145.0,7250.0,7110.0,7250.0,nan,7165.0,198547,7117377500.0,273735,7150.0,311,7145.0,442,nan,0,nan,0,nan,0,nan,0,nan,0,nan,0,nan,0,nan,0
1597988267638605056,1597988268177999872,2020-08-21 13:37:48.178000,7145.0,7250.0,7110.0,7250.0,nan,7165.0,198547,7117377500.0,273735,7150.0,315,7145.0,441,nan,0,nan,0,nan,0,nan,0,nan,0,nan,0,nan,0,nan,0
1597988268154364928,1597988268732999936,2020-08-21 13:37:48.733000,7145.0,7250.0,7110.0,7250.0,nan,7165.0,198547,7117377500.0,273735,7150.0,515,7145.0,437,nan,0,nan,0,nan,0,nan,0,nan,0,nan,0,nan,0,nan,0
1597988268638167040,1597988269240000000,2020-08-21 13:37:49.240000,7150.0,7250.0,7110.0,7250.0,nan,7165.0,198548,7117413250.0,273734,7150.0,516,7145.0,438,nan,0,nan,0,nan,0,nan,0,nan,0,nan,0,nan,0,nan,0
1597988271641434880,1597988272233999872,2020-08-21 13:37:52.234000,7150.0,7250.0,7110.0,7250.0,nan,7165.0,198548,7117413250.0,273734,7150.0,521,7145.0,438,nan,0,nan,0,nan,0,nan,0,nan,0,nan,0,nan,0,nan,0
1597988272651119104,1597988273233999872,2020-08-21 13:37:53.234000,7150.0,7250.0,7110.0,7250.0,nan,7165.0,198548,7117413250.0,273734,7150.0,522,7145.0,438,nan,0,nan,0,nan,0,nan,0,nan,0,nan,0,nan,0,nan,0
1597988276149393920,1597988276736999936,2020-08-21 13:37:56.737000,7150.0,7250.0,7110.0,7250.0,nan,7165.0,198548,7117413250.0,273734,7150.0,523,7145.0,438,nan,0,nan,0,nan,0,nan,0,nan,0,nan,0,nan,0,nan,0
1597988277269024000,1597988277706000128,2020-08-21 13:37:57.706000,7150.0,7250.0,7110.0,7250.0,nan,7165.0,198552,7117556250.0,273733,7150.0,519,7145.0,438,nan,0,nan,0,nan,0,nan,0,nan,0,nan,0,nan,0,nan,0
1597988277640118016,1597988278236999936,2020-08-21 13:37:58.237000,7150.0,7250.0,7110.0,7250.0,nan,7165.0,198553,7117592000.0,273734,7150.0,518,7145.0,438,nan,0,nan,0,nan,0,nan,0,nan,0,nan,0,nan,0,nan,0
1597988279158878976,1597988279711000064,2020-08-21 13:37:59.711000,7150.0,7250.0,7110.0,7250.0,nan,7165.0,198555,7117663500.0,273736,7150.0,516,7145.0,438,nan,0,nan,0,nan,0,nan,0,nan,0,nan,0,nan,0,nan,0
1597988279648318976,1597988280138000128,2020-08-21 13:38:00.138000,7150.0,7250.0,7110.0,7250.0,nan,7165.0,198555,7117663500.0,273736,7150.0,516,7145.0,441,nan,0,nan,0,nan,0,nan,0,nan,0,nan,0,nan,0,nan,0
1597988281149053952,1597988281648000000,2020-08-21 13:38:01.648000,7150.0,7250.0,7110.0,7250.0,nan,7165.0,198555,7117663500.0,273736,7150.0,519,7145.0,441,nan,0,nan,0,nan,0,nan,0,nan,0,nan,0,nan,0,nan,0
1597988281645538048,1597988282193000192,2020-08-21 13:38:02.193000,7150.0,7250.0,7110.0,7250.0,nan,7165.0,198556,7117699250.0,273737,7150.0,518,7145.0,442,nan,0,nan,0,nan,0,nan,0,nan,0,nan,0,nan,0,nan,0
1597988282156477952,1597988282688000000,2020-08-21 13:38:02.688000,7150.0,7250.0,7110.0,7250.0,nan,7165.0,198556,7117699250.0,273737,7150.0,527,7145.0,443,nan,0,nan,0,nan,0,nan,0,nan,0,nan,0,nan,0,nan,0
1597988282644248064,1597988283233999872,2020-08-21 13:38:03.234000,7150.0,7250.0,7110.0,7250.0,nan,7165.0,198557,7117735000.0,273738,7150.0,526,7145.0,447,nan,0,nan,0,nan,0,nan,0,nan,0,nan,0,nan,0,nan,0
1597988283143550976,1597988283733999872,2020-08-21 13:38:03.734000,7150.0,7250.0,7110.0,7250.0,nan,7165.0,198558,7117770750.0,273738,7150.0,525,7145.0,445,nan,0,nan,0,nan,0,nan,0,nan,0,nan,0,nan,0,nan,0
1597988283647811072,1597988284236000000,2020-08-21 13:38:04.236000,7150.0,7250.0,7110.0,7250.0,nan,7165.0,198559,7117806500.0,273738,7150.0,524,7145.0,445,nan,0,nan,0,nan,0,nan,0,nan,0,nan,0,nan,0,nan,0
1597988284147830016,1597988284706000128,2020-08-21 13:38:04.706000,7150.0,7250.0,7110.0,7250.0,nan,7165.0,198563,7117949500.0,273738,7150.0,520,7145.0,444,nan,0,nan,0,nan,0,nan,0,nan,0,nan,0,nan,0,nan,0
1597988284642621952,1597988285211000064,2020-08-21 13:38:05.211000,7150.0,7250.0,7110.0,7250.0,nan,7165.0,198563,7117949500.0,273738,7150.0,507,7145.0,450,nan,0,nan,0,nan,0,nan,0,nan,0,nan,0,nan,0,nan,0
1597988285637760000,1597988286236999936,2020-08-21 13:38:06.237000,7150.0,7250.0,7110.0,7250.0,nan,7165.0,198575,7118378500.0,273750,7150.0,495,7145.0,450,nan,0,nan,0,nan,0,nan,0,nan,0,nan,0,nan,0,nan,0
1597988286644936960,1597988287220000000,2020-08-21 13:38:07.220000,7150.0,7250.0,7110.0,7250.0,nan,7165.0,198575,7118378500.0,273750,7150.0,496,7145.0,450,nan,0,nan,0,nan,0,nan,0,nan,0,nan,0,nan,0,nan,0
1597988291163473920,1597988291740999936,2020-08-21 13:38:11.741000,7150.0,7250.0,7110.0,7250.0,nan,7165.0,198575,7118378500.0,273750,7150.0,497,7145.0,452,nan,0,nan,0,nan,0,nan,0,nan,0,nan,0,nan,0,nan,0
1597988291641073920,1597988292220000000,2020-08-21 13:38:12.220000,7150.0,7250.0,7110.0,7250.0,nan,7165.0,198575,7118378500.0,273750,7150.0,497,7145.0,453,nan,0,nan,0,nan,0,nan,0,nan,0,nan,0,nan,0,nan,0
1597988292160993024,1597988292713999872,2020-08-21 13:38:12.714000,7150.0,7250.0,7110.0,7250.0,nan,7165.0,198575,7118378500.0,273750,7150.0,510,7145.0,453,nan,0,nan,0,nan,0,nan,0,nan,0,nan,0,nan,0,nan,0
1597988292640982016,1597988293220999936,2020-08-21 13:38:13.221000,7150.0,7250.0,7110.0,7250.0,nan,7165.0,198575,7118378500.0,273750,7150.0,512,7145.0,453,nan,0,nan,0,nan,0,nan,0,nan,0,nan,0,nan,0,nan,0
1597988296661345024,1597988297220000000,2020-08-21 13:38:17.220000,7150.0,7250.0,7110.0,7250.0,nan,7165.0,198575,7118378500.0,273750,7150.0,512,7145.0,454,nan,0,nan,0,nan,0,nan,0,nan,0,nan,0,nan,0,nan,0
1597988297167148032,1597988297716000000,2020-08-21 13:38:17.716000,7150.0,7250.0,7110.0,7250.0,nan,7165.0,198575,7118378500.0,273750,7150.0,511,7145.0,454,nan,0,nan,0,nan,0,nan,0,nan,0,nan,0,nan,0,nan,0
1597988297642594048,1597988298234999808,2020-08-21 13:38:18.235000,7150.0,7250.0,7110.0,7250.0,nan,7165.0,198575,7118378500.0,273750,7150.0,511,7145.0,467,nan,0,nan,0,nan,0,nan,0,nan,0,nan,0,nan,0,nan,0
1597988298178432000,1597988298721999872,2020-08-21 13:38:18.722000,7150.0,7250.0,7110.0,7250.0,nan,7165.0,198575,7118378500.0,273750,7150.0,514,7145.0,466,nan,0,nan,0,nan,0,nan,0,nan,0,nan,0,nan,0,nan,0
1597988298641561088,1597988299232999936,2020-08-21 13:38:19.233000,7150.0,7250.0,7110.0,7250.0,nan,7165.0,198575,7118378500.0,273750,7150.0,514,7145.0,469,nan,0,nan,0,nan,0,nan,0,nan,0,nan,0,nan,0,nan,0
1597988299642380032,1597988300231000064,2020-08-21 13:38:20.231000,7150.0,7250.0,7110.0,7250.0,nan,7165.0,198584,7118700250.0,273750,7150.0,505,7145.0,469,nan,0,nan,0,nan,0,nan,0,nan,0,nan,0,nan,0,nan,0
1597988300164871936,1597988300708000000,2020-08-21 13:38:20.708000,7150.0,7250.0,7110.0,7250.0,nan,7165.0,198584,7118700250.0,273750,7150.0,507,7145.0,469,nan,0,nan,0,nan,0,nan,0,nan,0,nan,0,nan,0,nan,0
1597988300692692992,1597988301226000128,2020-08-21 13:38:21.226000,7150.0,7250.0,7110.0,7250.0,nan,7165.0,198585,7118736000.0,273751,7150.0,505,7145.0,469,nan,0,nan,0,nan,0,nan,0,nan,0,nan,0,nan,0,nan,0
1597988301758843904,1597988301740999936,2020-08-21 13:38:21.741000,7145.0,7250.0,7110.0,7250.0,nan,7165.0,198586,7118771725.0,273750,7150.0,505,7145.0,469,nan,0,nan,0,nan,0,nan,0,nan,0,nan,0,nan,0,nan,0
1597988302035449088,1597988302231000064,2020-08-21 13:38:22.231000,7145.0,7250.0,7110.0,7250.0,nan,7165.0,198586,7118771725.0,273750,7150.0,506,7145.0,469,nan,0,nan,0,nan,0,nan,0,nan,0,nan,0,nan,0,nan,0
1597988304196197120,1597988304743000064,2020-08-21 13:38:24.743000,7145.0,7250.0,7110.0,7250.0,nan,7165.0,198586,7118771725.0,273750,7150.0,506,7145.0,468,nan,0,nan,0,nan,0,nan,0,nan,0,nan,0,nan,0,nan,0
1597988304659063040,1597988305243000064,2020-08-21 13:38:25.243000,7145.0,7250.0,7110.0,7250.0,nan,7165.0,198586,7118771725.0,273750,7150.0,506,7145.0,469,nan,0,nan,0,nan,0,nan,0,nan,0,nan,0,nan,0,nan,0
1597988305639334912,1597988306236000000,2020-08-21 13:38:26.236000,7145.0,7250.0,7110.0,7250.0,nan,7165.0,198586,7118771725.0,273750,7150.0,506,7145.0,470,nan,0,nan,0,nan,0,nan,0,nan,0,nan,0,nan,0,nan,0
1597988306153696000,1597988306742000128,2020-08-21 13:38:26.742000,7145.0,7250.0,7110.0,7250.0,nan,7165.0,198586,7118771725.0,273750,7150.0,506,7145.0,474,nan,0,nan,0,nan,0,nan,0,nan,0,nan,0,nan,0,nan,0
1597988306640442112,1597988307209000192,2020-08-21 13:38:27.209000,7145.0,7250.0,7110.0,7250.0,nan,7165.0,198586,7118771725.0,273750,7150.0,514,7145.0,477,nan,0,nan,0,nan,0,nan,0,nan,0,nan,0,nan,0,nan,0
1597988309193580032,1597988309736000000,2020-08-21 13:38:29.736000,7145.0,7250.0,7110.0,7250.0,nan,7165.0,198586,7118771725.0,273750,7150.0,514,7145.0,467,nan,0,nan,0,nan,0,nan,0,nan,0,nan,0,nan,0,nan,0
1597988309716689920,1597988310226000128,2020-08-21 13:38:30.226000,7145.0,7250.0,7110.0,7250.0,nan,7165.0,198586,7118771725.0,273750,7150.0,515,7145.0,468,nan,0,nan,0,nan,0,nan,0,nan,0,nan,0,nan,0,nan,0
1597988310244218112,1597988310736999936,2020-08-21 13:38:30.737000,7145.0,7250.0,7110.0,7250.0,nan,7165.0,198586,7118771725.0,273750,7150.0,515,7145.0,470,nan,0,nan,0,nan,0,nan,0,nan,0,nan,0,nan,0,nan,0
1597988310673797888,1597988311232999936,2020-08-21 13:38:31.233000,7145.0,7250.0,7110.0,7250.0,nan,7165.0,198587,7118807450.0,273749,7150.0,515,7145.0,469,nan,0,nan,0,nan,0,nan,0,nan,0,nan,0,nan,0,nan,0
1597988311152788992,1597988311724000000,2020-08-21 13:38:31.724000,7145.0,7250.0,7110.0,7250.0,nan,7165.0,198587,7118807450.0,273749,7150.0,488,7145.0,469,nan,0,nan,0,nan,0,nan,0,nan,0,nan,0,nan,0,nan,0
1597988313169999104,1597988313737999872,2020-08-21 13:38:33.738000,7145.0,7250.0,7110.0,7250.0,nan,7165.0,198587,7118807450.0,273749,7150.0,490,7145.0,469,nan,0,nan,0,nan,0,nan,0,nan,0,nan,0,nan,0,nan,0
1597988314142473984,1597988314733999872,2020-08-21 13:38:34.734000,7145.0,7250.0,7110.0,7250.0,nan,7165.0,198587,7118807450.0,273749,7150.0,490,7145.0,429,nan,0,nan,0,nan,0,nan,0,nan,0,nan,0,nan,0,nan,0
1597988315165513984,1597988315729000192,2020-08-21 13:38:35.729000,7145.0,7250.0,7110.0,7250.0,nan,7165.0,198588,7118843175.0,273748,7150.0,490,7145.0,428,nan,0,nan,0,nan,0,nan,0,nan,0,nan,0,nan,0,nan,0
1597988315713413120,1597988316223000064,2020-08-21 13:38:36.223000,7145.0,7250.0,7110.0,7250.0,nan,7165.0,198588,7118843175.0,273748,7150.0,495,7145.0,428,nan,0,nan,0,nan,0,nan,0,nan,0,nan,0,nan,0,nan,0
1597988318155600896,1597988318714999808,2020-08-21 13:38:38.715000,7145.0,7250.0,7110.0,7250.0,nan,7165.0,198589,7118878900.0,273747,7150.0,497,7145.0,427,nan,0,nan,0,nan,0,nan,0,nan,0,nan,0,nan,0,nan,0
1597988319644069888,1597988320240999936,2020-08-21 13:38:40.241000,7145.0,7250.0,7110.0,7250.0,nan,7165.0,198589,7118878900.0,273747,7150.0,510,7145.0,426,nan,0,nan,0,nan,0,nan,0,nan,0,nan,0,nan,0,nan,0
1597988320646361088,1597988321224999936,2020-08-21 13:38:41.225000,7145.0,7250.0,7110.0,7250.0,nan,7165.0,198589,7118878900.0,273747,7150.0,510,7145.0,428,nan,0,nan,0,nan,0,nan,0,nan,0,nan,0,nan,0,nan,0
1597988321181720064,1597988321740999936,2020-08-21 13:38:41.741000,7145.0,7250.0,7110.0,7250.0,nan,7165.0,198616,7119843475.0,273747,7150.0,510,7145.0,396,nan,0,nan,0,nan,0,nan,0,nan,0,nan,0,nan,0,nan,0
1597988322642682112,1597988323213999872,2020-08-21 13:38:43.214000,7145.0,7250.0,7110.0,7250.0,nan,7165.0,198616,7119843475.0,273747,7150.0,511,7145.0,396,nan,0,nan,0,nan,0,nan,0,nan,0,nan,0,nan,0,nan,0
1597988323143450112,1597988323732999936,2020-08-21 13:38:43.733000,7145.0,7250.0,7110.0,7250.0,nan,7165.0,198616,7119843475.0,273747,7150.0,511,7145.0,386,nan,0,nan,0,nan,0,nan,0,nan,0,nan,0,nan,0,nan,0
1597988323641442048,1597988324236999936,2020-08-21 13:38:44.237000,7145.0,7250.0,7110.0,7250.0,nan,7165.0,198616,7119843475.0,273747,7150.0,512,7145.0,386,nan,0,nan,0,nan,0,nan,0,nan,0,nan,0,nan,0,nan,0
1597988324189137920,1597988324729000192,2020-08-21 13:38:44.729000,7145.0,7250.0,7110.0,7250.0,nan,7165.0,198616,7119843475.0,273747,7150.0,512,7145.0,387,nan,0,nan,0,nan,0,nan,0,nan,0,nan,0,nan,0,nan,0
1597988325841688064,1597988326224000000,2020-08-21 13:38:46.224000,7145.0,7250.0,7110.0,7250.0,nan,7165.0,198616,7119843475.0,273747,7150.0,512,7145.0,388,nan,0,nan,0,nan,0,nan,0,nan,0,nan,0,nan,0,nan,0
1597988326158465024,1597988326737999872,2020-08-21 13:38:46.738000,7145.0,7250.0,7110.0,7250.0,nan,7165.0,198616,7119843475.0,273747,7150.0,512,7145.0,387,nan,0,nan,0,nan,0,nan,0,nan,0,nan,0,nan,0,nan,0
1597988326791250944,1597988327224999936,2020-08-21 13:38:47.225000,7145.0,7250.0,7110.0,7250.0,nan,7165.0,198621,7120022100.0,273742,7150.0,512,7145.0,383,nan,0,nan,0,nan,0,nan,0,nan,0,nan,0,nan,0,nan,0
1597988327357127936,1597988327712000000,2020-08-21 13:38:47.712000,7150.0,7250.0,7110.0,7250.0,nan,7165.0,198631,7120379600.0,273752,7150.0,503,7145.0,382,nan,0,nan,0,nan,0,nan,0,nan,0,nan,0,nan,0,nan,0
1597988327664905984,1597988328172000000,2020-08-21 13:38:48.172000,7150.0,7250.0,7110.0,7250.0,nan,7165.0,198631,7120379600.0,273752,7150.0,506,7145.0,382,nan,0,nan,0,nan,0,nan,0,nan,0,nan,0,nan,0,nan,0
1597988328200849920,1597988328732000000,2020-08-21 13:38:48.732000,7150.0,7250.0,7110.0,7250.0,nan,7165.0,198664,7121559350.0,273755,7150.0,506,7145.0,369,nan,0,nan,0,nan,0,nan,0,nan,0,nan,0,nan,0,nan,0
1597988328710683904,1597988329211000064,2020-08-21 13:38:49.211000,7150.0,7250.0,7110.0,7250.0,nan,7165.0,198664,7121559350.0,273755,7150.0,505,7145.0,369,nan,0,nan,0,nan,0,nan,0,nan,0,nan,0,nan,0,nan,0
1597988330680773888,1597988331240000000,2020-08-21 13:38:51.240000,7150.0,7250.0,7110.0,7250.0,nan,7165.0,198664,7121559350.0,273755,7150.0,536,7145.0,369,nan,0,nan,0,nan,0,nan,0,nan,0,nan,0,nan,0,nan,0
1597988333165883904,1597988333742000128,2020-08-21 13:38:53.742000,7150.0,7250.0,7110.0,7250.0,nan,7165.0,198665,7121595100.0,273755,7150.0,536,7145.0,368,nan,0,nan,0,nan,0,nan,0,nan,0,nan,0,nan,0,nan,0
1597988333707799040,1597988334240999936,2020-08-21 13:38:54.241000,7150.0,7250.0,7110.0,7250.0,nan,7165.0,198665,7121595100.0,273755,7150.0,536,7145.0,369,nan,0,nan,0,nan,0,nan,0,nan,0,nan,0,nan,0,nan,0
1597988334205455104,1597988334690000128,2020-08-21 13:38:54.690000,7150.0,7250.0,7110.0,7250.0,nan,7165.0,198666,7121630850.0,273756,7150.0,535,7145.0,369,nan,0,nan,0,nan,0,nan,0,nan,0,nan,0,nan,0,nan,0
1597988334647617024,1597988335183000064,2020-08-21 13:38:55.183000,7150.0,7250.0,7110.0,7250.0,nan,7165.0,198668,7121702350.0,273756,7150.0,533,7145.0,368,nan,0,nan,0,nan,0,nan,0,nan,0,nan,0,nan,0,nan,0
1597988335190600960,1597988335736999936,2020-08-21 13:38:55.737000,7150.0,7250.0,7110.0,7250.0,nan,7165.0,198668,7121702350.0,273756,7150.0,536,7145.0,368,nan,0,nan,0,nan,0,nan,0,nan,0,nan,0,nan,0,nan,0
1597988335685989888,1597988336194000128,2020-08-21 13:38:56.194000,7150.0,7250.0,7110.0,7250.0,nan,7165.0,198668,7121702350.0,273756,7150.0,538,7145.0,368,nan,0,nan,0,nan,0,nan,0,nan,0,nan,0,nan,0,nan,0
1597988337230635008,1597988337703000064,2020-08-21 13:38:57.703000,7145.0,7250.0,7110.0,7250.0,nan,7165.0,198669,7121738075.0,273756,7150.0,538,7145.0,368,nan,0,nan,0,nan,0,nan,0,nan,0,nan,0,nan,0,nan,0
1597988337655347968,1597988338230000128,2020-08-21 13:38:58.230000,7145.0,7250.0,7110.0,7250.0,nan,7165.0,198669,7121738075.0,273756,7150.0,538,7145.0,372,nan,0,nan,0,nan,0,nan,0,nan,0,nan,0,nan,0,nan,0
1597988338683155968,1597988339234999808,2020-08-21 13:38:59.235000,7145.0,7250.0,7110.0,7250.0,nan,7165.0,198669,7121738075.0,273756,7150.0,539,7145.0,371,nan,0,nan,0,nan,0,nan,0,nan,0,nan,0,nan,0,nan,0
1597988339300535040,1597988339732000000,2020-08-21 13:38:59.732000,7150.0,7250.0,7110.0,7250.0,nan,7165.0,198670,7121773825.0,273757,7150.0,538,7145.0,371,nan,0,nan,0,nan,0,nan,0,nan,0,nan,0,nan,0,nan,0
1597988342723888896,1597988343236999936,2020-08-21 13:39:03.237000,7150.0,7250.0,7110.0,7250.0,nan,7165.0,198671,7121809575.0,273758,7150.0,537,7145.0,371,nan,0,nan,0,nan,0,nan,0,nan,0,nan,0,nan,0,nan,0
1597988343167627008,1597988343740000000,2020-08-21 13:39:03.740000,7150.0,7250.0,7110.0,7250.0,nan,7165.0,198671,7121809575.0,273758,7150.0,537,7145.0,372,nan,0,nan,0,nan,0,nan,0,nan,0,nan,0,nan,0,nan,0
1597988343663639040,1597988344221999872,2020-08-21 13:39:04.222000,7150.0,7250.0,7110.0,7250.0,nan,7165.0,198671,7121809575.0,273758,7150.0,537,7145.0,373,nan,0,nan,0,nan,0,nan,0,nan,0,nan,0,nan,0,nan,0
1597988346188744960,1597988346724999936,2020-08-21 13:39:06.725000,7150.0,7250.0,7110.0,7250.0,nan,7165.0,198671,7121809575.0,273758,7150.0,537,7145.0,374,nan,0,nan,0,nan,0,nan,0,nan,0,nan,0,nan,0,nan,0
1597988346674360064,1597988347239000064,2020-08-21 13:39:07.239000,7150.0,7250.0,7110.0,7250.0,nan,7165.0,198676,7121988325.0,273758,7150.0,532,7145.0,373,nan,0,nan,0,nan,0,nan,0,nan,0,nan,0,nan,0,nan,0
1597988347203185920,1597988347711000064,2020-08-21 13:39:07.711000,7150.0,7250.0,7110.0,7250.0,nan,7165.0,198679,7122095575.0,273759,7150.0,529,7145.0,373,nan,0,nan,0,nan,0,nan,0,nan,0,nan,0,nan,0,nan,0
1597988348172721920,1597988348707000064,2020-08-21 13:39:08.707000,7150.0,7250.0,7110.0,7250.0,nan,7165.0,198679,7122095575.0,273759,7150.0,525,7145.0,373,nan,0,nan,0,nan,0,nan,0,nan,0,nan,0,nan,0,nan,0
1597988349186960896,1597988349740000000,2020-08-21 13:39:09.740000,7150.0,7250.0,7110.0,7250.0,nan,7165.0,198679,7122095575.0,273759,7150.0,535,7145.0,373,nan,0,nan,0,nan,0,nan,0,nan,0,nan,0,nan,0,nan,0
1597988352728386048,1597988353220999936,2020-08-21 13:39:13.221000,7150.0,7250.0,7110.0,7250.0,nan,7165.0,198679,7122095575.0,273759,7150.0,522,7145.0,373,nan,0,nan,0,nan,0,nan,0,nan,0,nan,0,nan,0,nan,0
1597988353188808960,1597988353730000128,2020-08-21 13:39:13.730000,7150.0,7250.0,7110.0,7250.0,nan,7165.0,198679,7122095575.0,273759,7150.0,521,7145.0,373,nan,0,nan,0,nan,0,nan,0,nan,0,nan,0,nan,0,nan,0
1597988353640867072,1597988354242000128,2020-08-21 13:39:14.242000,7145.0,7250.0,7110.0,7250.0,nan,7165.0,198680,7122131300.0,273758,7150.0,521,7145.0,372,nan,0,nan,0,nan,0,nan,0,nan,0,nan,0,nan,0,nan,0
1597988354185725952,1597988354724999936,2020-08-21 13:39:14.725000,7145.0,7250.0,7110.0,7250.0,nan,7165.0,198680,7122131300.0,273758,7150.0,522,7145.0,372,nan,0,nan,0,nan,0,nan,0,nan,0,nan,0,nan,0,nan,0
1597988354643233024,1597988355237999872,2020-08-21 13:39:15.238000,7145.0,7250.0,7110.0,7250.0,nan,7165.0,198680,7122131300.0,273758,7150.0,530,7145.0,372,nan,0,nan,0,nan,0,nan,0,nan,0,nan,0,nan,0,nan,0
1597988355155604992,1597988355742000128,2020-08-21 13:39:15.742000,7145.0,7250.0,7110.0,7250.0,nan,7165.0,198680,7122131300.0,273758,7150.0,535,7145.0,372,nan,0,nan,0,nan,0,nan,0,nan,0,nan,0,nan,0,nan,0
1597988356636643072,1597988357214999808,2020-08-21 13:39:17.215000,7145.0,7250.0,7110.0,7250.0,nan,7165.0,198680,7122131300.0,273758,7150.0,540,7145.0,372,nan,0,nan,0,nan,0,nan,0,nan,0,nan,0,nan,0,nan,0
1597988357161192960,1597988357663000064,2020-08-21 13:39:17.663000,7145.0,7250.0,7110.0,7250.0,nan,7165.0,198680,7122131300.0,273758,7150.0,540,7145.0,393,nan,0,nan,0,nan,0,nan,0,nan,0,nan,0,nan,0,nan,0
1597988357644224000,1597988358234999808,2020-08-21 13:39:18.235000,7145.0,7250.0,7110.0,7250.0,nan,7165.0,198680,7122131300.0,273758,7150.0,542,7145.0,393,nan,0,nan,0,nan,0,nan,0,nan,0,nan,0,nan,0,nan,0
1597988359153093120,1597988359740000000,2020-08-21 13:39:19.740000,7150.0,7250.0,7110.0,7250.0,nan,7165.0,198689,7122453050.0,273758,7150.0,533,7145.0,393,nan,0,nan,0,nan,0,nan,0,nan,0,nan,0,nan,0,nan,0
1597988360642458880,1597988361153000192,2020-08-21 13:39:21.153000,7150.0,7250.0,7110.0,7250.0,nan,7165.0,198689,7122453050.0,273758,7150.0,533,7145.0,394,nan,0,nan,0,nan,0,nan,0,nan,0,nan,0,nan,0,nan,0
1597988361170158080,1597988361737999872,2020-08-21 13:39:21.738000,7150.0,7250.0,7110.0,7250.0,nan,7165.0,198689,7122453050.0,273758,7150.0,543,7145.0,394,nan,0,nan,0,nan,0,nan,0,nan,0,nan,0,nan,0,nan,0
1597988362638349056,1597988363230000128,2020-08-21 13:39:23.230000,7150.0,7250.0,7110.0,7250.0,nan,7165.0,198689,7122453050.0,273758,7150.0,544,7145.0,394,nan,0,nan,0,nan,0,nan,0,nan,0,nan,0,nan,0,nan,0
1597988363644279040,1597988364230000128,2020-08-21 13:39:24.230000,7150.0,7250.0,7110.0,7250.0,nan,7165.0,198689,7122453050.0,273758,7150.0,551,7145.0,394,nan,0,nan,0,nan,0,nan,0,nan,0,nan,0,nan,0,nan,0
1597988364181664000,1597988364740000000,2020-08-21 13:39:24.740000,7145.0,7250.0,7110.0,7250.0,nan,7165.0,198690,7122488775.0,273757,7150.0,551,7145.0,393,nan,0,nan,0,nan,0,nan,0,nan,0,nan,0,nan,0,nan,0
1597988364646759936,1597988365242000128,2020-08-21 13:39:25.242000,7145.0,7250.0,7110.0,7250.0,nan,7165.0,198690,7122488775.0,273757,7150.0,551,7145.0,392,nan,0,nan,0,nan,0,nan,0,nan,0,nan,0,nan,0,nan,0
1597988365640166912,1597988366243000064,2020-08-21 13:39:26.243000,7150.0,7250.0,7110.0,7250.0,nan,7165.0,198691,7122524525.0,273758,7150.0,551,7145.0,392,nan,0,nan,0,nan,0,nan,0,nan,0,nan,0,nan,0,nan,0
1597988366215280896,1597988366731000064,2020-08-21 13:39:26.731000,7150.0,7250.0,7110.0,7250.0,nan,7165.0,198691,7122524525.0,273758,7150.0,566,7145.0,392,nan,0,nan,0,nan,0,nan,0,nan,0,nan,0,nan,0,nan,0
1597988367198341120,1597988367731000064,2020-08-21 13:39:27.731000,7150.0,7250.0,7110.0,7250.0,nan,7165.0,198692,7122560275.0,273759,7150.0,565,7145.0,393,nan,0,nan,0,nan,0,nan,0,nan,0,nan,0,nan,0,nan,0
1597988367668082944,1597988368209000192,2020-08-21 13:39:28.209000,7150.0,7250.0,7110.0,7250.0,nan,7165.0,198692,7122560275.0,273759,7150.0,566,7145.0,393,nan,0,nan,0,nan,0,nan,0,nan,0,nan,0,nan,0,nan,0
1597988368140525056,1597988368736999936,2020-08-21 13:39:28.737000,7150.0,7250.0,7110.0,7250.0,nan,7165.0,198692,7122560275.0,273759,7150.0,558,7145.0,393,nan,0,nan,0,nan,0,nan,0,nan,0,nan,0,nan,0,nan,0
1597988368638603008,1597988369236999936,2020-08-21 13:39:29.237000,7150.0,7250.0,7110.0,7250.0,nan,7165.0,198692,7122560275.0,273759,7150.0,558,7145.0,392,nan,0,nan,0,nan,0,nan,0,nan,0,nan,0,nan,0,nan,0
1597988369200747008,1597988369731000064,2020-08-21 13:39:29.731000,7150.0,7250.0,7110.0,7250.0,nan,7165.0,198692,7122560275.0,273759,7150.0,558,7145.0,393,nan,0,nan,0,nan,0,nan,0,nan,0,nan,0,nan,0,nan,0
1597988371137432064,1597988371739000064,2020-08-21 13:39:31.739000,7150.0,7250.0,7110.0,7250.0,nan,7165.0,198692,7122560275.0,273759,7150.0,559,7145.0,393,nan,0,nan,0,nan,0,nan,0,nan,0,nan,0,nan,0,nan,0
1597988371670759936,1597988372240999936,2020-08-21 13:39:32.241000,7150.0,7250.0,7110.0,7250.0,nan,7165.0,198692,7122560275.0,273759,7150.0,559,7145.0,392,nan,0,nan,0,nan,0,nan,0,nan,0,nan,0,nan,0,nan,0
1597988375638686976,1597988376240000000,2020-08-21 13:39:36.240000,7150.0,7250.0,7110.0,7250.0,nan,7165.0,198692,7122560275.0,273759,7150.0,559,7145.0,393,nan,0,nan,0,nan,0,nan,0,nan,0,nan,0,nan,0,nan,0
1597988376172844032,1597988376744000000,2020-08-21 13:39:36.744000,7150.0,7250.0,7110.0,7250.0,nan,7165.0,198692,7122560275.0,273759,7150.0,559,7145.0,395,nan,0,nan,0,nan,0,nan,0,nan,0,nan,0,nan,0,nan,0
1597988379649069056,1597988380232999936,2020-08-21 13:39:40.233000,7150.0,7250.0,7110.0,7250.0,nan,7165.0,198692,7122560275.0,273759,7150.0,559,7145.0,396,nan,0,nan,0,nan,0,nan,0,nan,0,nan,0,nan,0,nan,0
1597988381168712960,1597988381719000064,2020-08-21 13:39:41.719000,7150.0,7250.0,7110.0,7250.0,nan,7165.0,198692,7122560275.0,273759,7150.0,559,7145.0,400,nan,0,nan,0,nan,0,nan,0,nan,0,nan,0,nan,0,nan,0
1597988382153851904,1597988382732000000,2020-08-21 13:39:42.732000,7150.0,7250.0,7110.0,7250.0,nan,7165.0,198692,7122560275.0,273759,7150.0,557,7145.0,400,nan,0,nan,0,nan,0,nan,0,nan,0,nan,0,nan,0,nan,0
1597988382640609024,1597988383216999936,2020-08-21 13:39:43.217000,7150.0,7250.0,7110.0,7250.0,nan,7165.0,198696,7122703275.0,273759,7150.0,557,7145.0,404,nan,0,nan,0,nan,0,nan,0,nan,0,nan,0,nan,0,nan,0
1597988385178569984,1597988385733999872,2020-08-21 13:39:45.734000,7150.0,7250.0,7110.0,7250.0,nan,7165.0,198697,7122739025.0,273760,7150.0,556,7145.0,404,nan,0,nan,0,nan,0,nan,0,nan,0,nan,0,nan,0,nan,0
1597988385638938880,1597988386194000128,2020-08-21 13:39:46.194000,7150.0,7250.0,7110.0,7250.0,nan,7165.0,198697,7122739025.0,273760,7150.0,569,7145.0,404,nan,0,nan,0,nan,0,nan,0,nan,0,nan,0,nan,0,nan,0
1597988388156811008,1597988388739000064,2020-08-21 13:39:48.739000,7150.0,7250.0,7110.0,7250.0,nan,7165.0,198700,7122846275.0,273763,7150.0,566,7145.0,404,nan,0,nan,0,nan,0,nan,0,nan,0,nan,0,nan,0,nan,0
1597988389149216000,1597988389707000064,2020-08-21 13:39:49.707000,7150.0,7250.0,7110.0,7250.0,nan,7165.0,198700,7122846275.0,273763,7150.0,566,7145.0,412,nan,0,nan,0,nan,0,nan,0,nan,0,nan,0,nan,0,nan,0
1597988389641518080,1597988390240000000,2020-08-21 13:39:50.240000,7150.0,7250.0,7110.0,7250.0,nan,7165.0,198700,7122846275.0,273763,7150.0,574,7145.0,408,nan,0,nan,0,nan,0,nan,0,nan,0,nan,0,nan,0,nan,0
1597988390179950080,1597988390744000000,2020-08-21 13:39:50.744000,7150.0,7250.0,7110.0,7250.0,nan,7165.0,198705,7123025025.0,273768,7150.0,567,7145.0,408,nan,0,nan,0,nan,0,nan,0,nan,0,nan,0,nan,0,nan,0
1597988390647334912,1597988391240999936,2020-08-21 13:39:51.241000,7150.0,7250.0,7110.0,7250.0,nan,7165.0,198705,7123025025.0,273768,7150.0,572,7145.0,408,nan,0,nan,0,nan,0,nan,0,nan,0,nan,0,nan,0,nan,0
1597988391170129920,1597988391742000128,2020-08-21 13:39:51.742000,7150.0,7250.0,7110.0,7250.0,nan,7165.0,198705,7123025025.0,273768,7150.0,573,7145.0,408,nan,0,nan,0,nan,0,nan,0,nan,0,nan,0,nan,0,nan,0
1597988393164829952,1597988393729000192,2020-08-21 13:39:53.729000,7150.0,7250.0,7110.0,7250.0,nan,7165.0,198708,7123132275.0,273771,7150.0,570,7145.0,408,nan,0,nan,0,nan,0,nan,0,nan,0,nan,0,nan,0,nan,0
1597988395655489024,1597988396236000000,2020-08-21 13:39:56.236000,7150.0,7250.0,7110.0,7250.0,nan,7165.0,198713,7123311025.0,273776,7150.0,565,7145.0,408,nan,0,nan,0,nan,0,nan,0,nan,0,nan,0,nan,0,nan,0
1597988396193071104,1597988396729000192,2020-08-21 13:39:56.729000,7150.0,7250.0,7110.0,7250.0,nan,7165.0,198713,7123311025.0,273776,7150.0,555,7145.0,408,nan,0,nan,0,nan,0,nan,0,nan,0,nan,0,nan,0,nan,0
1597988396689126912,1597988397231000064,2020-08-21 13:39:57.231000,7145.0,7250.0,7110.0,7250.0,nan,7165.0,198715,7123382475.0,273774,7150.0,555,7145.0,406,nan,0,nan,0,nan,0,nan,0,nan,0,nan,0,nan,0,nan,0
1597988397180013056,1597988397743000064,2020-08-21 13:39:57.743000,7145.0,7250.0,7110.0,7250.0,nan,7165.0,198715,7123382475.0,273774,7150.0,562,7145.0,386,nan,0,nan,0,nan,0,nan,0,nan,0,nan,0,nan,0,nan,0
1597988398177649920,1597988398740999936,2020-08-21 13:39:58.741000,7145.0,7250.0,7110.0,7250.0,nan,7165.0,198715,7123382475.0,273774,7150.0,565,7145.0,386,nan,0,nan,0,nan,0,nan,0,nan,0,nan,0,nan,0,nan,0
1597988399157483008,1597988399734999808,2020-08-21 13:39:59.735000,7150.0,7250.0,7110.0,7250.0,nan,7165.0,198719,7123525475.0,273778,7150.0,562,7145.0,386,nan,0,nan,0,nan,0,nan,0,nan,0,nan,0,nan,0,nan,0
1597988399638265088,1597988400224000000,2020-08-21 13:40:00.224000,7150.0,7250.0,7110.0,7250.0,nan,7165.0,198719,7123525475.0,273778,7150.0,568,7145.0,386,nan,0,nan,0,nan,0,nan,0,nan,0,nan,0,nan,0,nan,0
1597988400654859008,1597988401224999936,2020-08-21 13:40:01.225000,7150.0,7250.0,7110.0,7250.0,nan,7165.0,198723,7123668475.0,273782,7150.0,564,7145.0,384,nan,0,nan,0,nan,0,nan,0,nan,0,nan,0,nan,0,nan,0
1597988401154217984,1597988401694000128,2020-08-21 13:40:01.694000,7150.0,7250.0,7110.0,7250.0,nan,7165.0,198723,7123668475.0,273782,7150.0,564,7145.0,388,nan,0,nan,0,nan,0,nan,0,nan,0,nan,0,nan,0,nan,0
1597988401649011968,1597988402216999936,2020-08-21 13:40:02.217000,7150.0,7250.0,7110.0,7250.0,nan,7165.0,198743,7124383475.0,273767,7150.0,545,7145.0,387,nan,0,nan,0,nan,0,nan,0,nan,0,nan,0,nan,0,nan,0
1597988402212156928,1597988402729000192,2020-08-21 13:40:02.729000,7150.0,7250.0,7110.0,7250.0,nan,7165.0,198746,7124490725.0,273767,7150.0,541,7145.0,397,nan,0,nan,0,nan,0,nan,0,nan,0,nan,0,nan,0,nan,0
1597988403184414976,1597988403719000064,2020-08-21 13:40:03.719000,7145.0,7250.0,7110.0,7250.0,nan,7165.0,198776,7125562475.0,273765,7150.0,549,7145.0,368,nan,0,nan,0,nan,0,nan,0,nan,0,nan,0,nan,0,nan,0
1597988403654277120,1597988404188999936,2020-08-21 13:40:04.189000,7145.0,7250.0,7110.0,7250.0,nan,7165.0,198776,7125562475.0,273765,7150.0,549,7145.0,363,nan,0,nan,0,nan,0,nan,0,nan,0,nan,0,nan,0,nan,0
1597988404172855040,1597988404724000000,2020-08-21 13:40:04.724000,7145.0,7250.0,7110.0,7250.0,nan,7165.0,198777,7125598200.0,273765,7150.0,549,7145.0,362,nan,0,nan,0,nan,0,nan,0,nan,0,nan,0,nan,0,nan,0
1597988404655694080,1597988405221999872,2020-08-21 13:40:05.222000,7145.0,7250.0,7110.0,7250.0,nan,7165.0,198777,7125598200.0,273765,7150.0,553,7145.0,363,nan,0,nan,0,nan,0,nan,0,nan,0,nan,0,nan,0,nan,0
1597988405170970880,1597988405729000192,2020-08-21 13:40:05.729000,7150.0,7250.0,7110.0,7250.0,nan,7165.0,198778,7125633950.0,273765,7150.0,554,7145.0,362,nan,0,nan,0,nan,0,nan,0,nan,0,nan,0,nan,0,nan,0
1597988405652228096,1597988406188000000,2020-08-21 13:40:06.188000,7150.0,7250.0,7110.0,7250.0,nan,7165.0,198778,7125633950.0,273765,7150.0,555,7145.0,363,nan,0,nan,0,nan,0,nan,0,nan,0,nan,0,nan,0,nan,0
1597988407185331968,1597988407719000064,2020-08-21 13:40:07.719000,7150.0,7250.0,7110.0,7250.0,nan,7165.0,198778,7125633950.0,273765,7150.0,556,7145.0,363,nan,0,nan,0,nan,0,nan,0,nan,0,nan,0,nan,0,nan,0
1597988408191484928,1597988408740000000,2020-08-21 13:40:08.740000,7150.0,7250.0,7110.0,7250.0,nan,7165.0,198779,7125669700.0,273765,7150.0,554,7145.0,363,nan,0,nan,0,nan,0,nan,0,nan,0,nan,0,nan,0,nan,0
1597988408652773120,1597988409176000000,2020-08-21 13:40:09.176000,7150.0,7250.0,7110.0,7250.0,nan,7165.0,198779,7125669700.0,273765,7150.0,569,7145.0,365,nan,0,nan,0,nan,0,nan,0,nan,0,nan,0,nan,0,nan,0
1597988409182665984,1597988409727000064,2020-08-21 13:40:09.727000,7150.0,7250.0,7110.0,7250.0,nan,7165.0,198781,7125741175.0,273765,7150.0,570,7145.0,364,nan,0,nan,0,nan,0,nan,0,nan,0,nan,0,nan,0,nan,0
1597988409647849984,1597988410096000000,2020-08-21 13:40:10.096000,7150.0,7250.0,7110.0,7250.0,nan,7165.0,198781,7125741175.0,273765,7150.0,569,7145.0,364,nan,0,nan,0,nan,0,nan,0,nan,0,nan,0,nan,0,nan,0
1597988411648805120,1597988412224999936,2020-08-21 13:40:12.225000,7150.0,7250.0,7110.0,7250.0,nan,7165.0,198783,7125812675.0,273765,7150.0,569,7145.0,364,nan,0,nan,0,nan,0,nan,0,nan,0,nan,0,nan,0,nan,0
1597988414164498944,1597988414704000000,2020-08-21 13:40:14.704000,7145.0,7250.0,7110.0,7250.0,nan,7165.0,198784,7125848400.0,273765,7150.0,569,7145.0,362,nan,0,nan,0,nan,0,nan,0,nan,0,nan,0,nan,0,nan,0
1597988414656926976,1597988415191000064,2020-08-21 13:40:15.191000,7150.0,7250.0,7110.0,7250.0,nan,7165.0,198795,7126241650.0,273771,7150.0,546,7145.0,362,nan,0,nan,0,nan,0,nan,0,nan,0,nan,0,nan,0,nan,0
1597988415161431040,1597988415740999936,2020-08-21 13:40:15.741000,7150.0,7250.0,7110.0,7250.0,nan,7165.0,198796,7126277400.0,273770,7150.0,538,7145.0,362,nan,0,nan,0,nan,0,nan,0,nan,0,nan,0,nan,0,nan,0
1597988415709602048,1597988416180999936,2020-08-21 13:40:16.181000,7150.0,7250.0,7110.0,7250.0,nan,7165.0,198796,7126277400.0,273770,7150.0,540,7145.0,362,nan,0,nan,0,nan,0,nan,0,nan,0,nan,0,nan,0,nan,0
1597988416205324032,1597988416733999872,2020-08-21 13:40:16.734000,7145.0,7250.0,7110.0,7250.0,nan,7165.0,198797,7126313125.0,273770,7150.0,540,7145.0,361,nan,0,nan,0,nan,0,nan,0,nan,0,nan,0,nan,0,nan,0
1597988416641830912,1597988417236000000,2020-08-21 13:40:17.236000,7145.0,7250.0,7110.0,7250.0,nan,7165.0,198797,7126313125.0,273770,7150.0,540,7145.0,358,nan,0,nan,0,nan,0,nan,0,nan,0,nan,0,nan,0,nan,0
1597988417193081088,1597988417744000000,2020-08-21 13:40:17.744000,7150.0,7250.0,7110.0,7250.0,nan,7165.0,198801,7126456125.0,273770,7150.0,536,7145.0,358,nan,0,nan,0,nan,0,nan,0,nan,0,nan,0,nan,0,nan,0
1597988417655296000,1597988418243000064,2020-08-21 13:40:18.243000,7150.0,7250.0,7110.0,7250.0,nan,7165.0,198801,7126456125.0,273770,7150.0,538,7145.0,378,nan,0,nan,0,nan,0,nan,0,nan,0,nan,0,nan,0,nan,0
1597988418159653888,1597988418734999808,2020-08-21 13:40:18.735000,7150.0,7250.0,7110.0,7250.0,nan,7165.0,198803,7126527625.0,273771,7150.0,536,7145.0,378,nan,0,nan,0,nan,0,nan,0,nan,0,nan,0,nan,0,nan,0
1597988418649334016,1597988419226000128,2020-08-21 13:40:19.226000,7150.0,7250.0,7110.0,7250.0,nan,7165.0,198803,7126527625.0,273771,7150.0,557,7145.0,378,nan,0,nan,0,nan,0,nan,0,nan,0,nan,0,nan,0,nan,0
1597988419144978944,1597988419665999872,2020-08-21 13:40:19.666000,7150.0,7250.0,7110.0,7250.0,nan,7165.0,198804,7126563375.0,273771,7150.0,557,7145.0,378,nan,0,nan,0,nan,0,nan,0,nan,0,nan,0,nan,0,nan,0
1597988420181872896,1597988420740999936,2020-08-21 13:40:20.741000,7145.0,7250.0,7110.0,7250.0,nan,7165.0,198805,7126599100.0,273771,7150.0,557,7145.0,377,nan,0,nan,0,nan,0,nan,0,nan,0,nan,0,nan,0,nan,0
1597988420642910976,1597988421230000128,2020-08-21 13:40:21.230000,7150.0,7250.0,7110.0,7250.0,nan,7165.0,198806,7126634850.0,273771,7150.0,556,7145.0,377,nan,0,nan,0,nan,0,nan,0,nan,0,nan,0,nan,0,nan,0
1597988421154273024,1597988421688000000,2020-08-21 13:40:21.688000,7150.0,7250.0,7110.0,7250.0,nan,7165.0,198809,7126742100.0,273774,7150.0,553,7145.0,377,nan,0,nan,0,nan,0,nan,0,nan,0,nan,0,nan,0,nan,0
1597988421645019904,1597988422176999936,2020-08-21 13:40:22.177000,7150.0,7250.0,7110.0,7250.0,nan,7165.0,198810,7126777850.0,273774,7150.0,552,7145.0,377,nan,0,nan,0,nan,0,nan,0,nan,0,nan,0,nan,0,nan,0
1597988424224827904,1597988424730000128,2020-08-21 13:40:24.730000,7145.0,7250.0,7110.0,7250.0,nan,7165.0,198811,7126813575.0,273774,7150.0,552,7145.0,376,nan,0,nan,0,nan,0,nan,0,nan,0,nan,0,nan,0,nan,0
1597988424679789056,1597988425211000064,2020-08-21 13:40:25.211000,7150.0,7250.0,7110.0,7250.0,nan,7165.0,198813,7126885075.0,273774,7150.0,550,7145.0,376,nan,0,nan,0,nan,0,nan,0,nan,0,nan,0,nan,0,nan,0
1597988426850659072,1597988427206000128,2020-08-21 13:40:27.206000,7145.0,7250.0,7110.0,7250.0,nan,7165.0,198824,7127278050.0,273774,7150.0,551,7145.0,365,nan,0,nan,0,nan,0,nan,0,nan,0,nan,0,nan,0,nan,0
1597988427195154944,1597988427740000000,2020-08-21 13:40:27.740000,7150.0,7250.0,7110.0,7250.0,nan,7165.0,198827,7127385300.0,273776,7150.0,548,7145.0,365,nan,0,nan,0,nan,0,nan,0,nan,0,nan,0,nan,0,nan,0
1597988428642873088,1597988429244999936,2020-08-21 13:40:29.245000,7150.0,7250.0,7110.0,7250.0,nan,7165.0,198827,7127385300.0,273776,7150.0,546,7145.0,365,nan,0,nan,0,nan,0,nan,0,nan,0,nan,0,nan,0,nan,0
1597988429645295104,1597988430226000128,2020-08-21 13:40:30.226000,7150.0,7250.0,7110.0,7250.0,nan,7165.0,198832,7127564050.0,273781,7150.0,541,7145.0,365,nan,0,nan,0,nan,0,nan,0,nan,0,nan,0,nan,0,nan,0
1597988430162085888,1597988430742000128,2020-08-21 13:40:30.742000,7150.0,7250.0,7110.0,7250.0,nan,7165.0,198832,7127564050.0,273781,7150.0,541,7145.0,350,nan,0,nan,0,nan,0,nan,0,nan,0,nan,0,nan,0,nan,0
1597988430647013120,1597988431200999936,2020-08-21 13:40:31.201000,7145.0,7250.0,7110.0,7250.0,nan,7165.0,198833,7127599775.0,273781,7150.0,541,7145.0,350,nan,0,nan,0,nan,0,nan,0,nan,0,nan,0,nan,0,nan,0
1597988431649449984,1597988432244999936,2020-08-21 13:40:32.245000,7145.0,7250.0,7110.0,7250.0,nan,7165.0,198834,7127635500.0,273781,7150.0,541,7145.0,345,nan,0,nan,0,nan,0,nan,0,nan,0,nan,0,nan,0,nan,0
1597988432191810048,1597988432740999936,2020-08-21 13:40:32.741000,7145.0,7250.0,7110.0,7250.0,nan,7165.0,198834,7127635500.0,273781,7150.0,541,7145.0,344,nan,0,nan,0,nan,0,nan,0,nan,0,nan,0,nan,0,nan,0
1597988432635458048,1597988433243000064,2020-08-21 13:40:33.243000,7150.0,7250.0,7110.0,7250.0,nan,7165.0,198841,7127885625.0,273779,7150.0,539,7145.0,340,nan,0,nan,0,nan,0,nan,0,nan,0,nan,0,nan,0,nan,0
1597988434138161920,1597988434720999936,2020-08-21 13:40:34.721000,7145.0,7250.0,7110.0,7250.0,nan,7165.0,198842,7127921350.0,273778,7150.0,539,7145.0,340,nan,0,nan,0,nan,0,nan,0,nan,0,nan,0,nan,0,nan,0
1597988435159316992,1597988435726000128,2020-08-21 13:40:35.726000,7145.0,7250.0,7110.0,7250.0,nan,7165.0,198842,7127921350.0,273778,7150.0,537,7145.0,341,nan,0,nan,0,nan,0,nan,0,nan,0,nan,0,nan,0,nan,0
1597988435646576896,1597988436236999936,2020-08-21 13:40:36.237000,7150.0,7250.0,7110.0,7250.0,nan,7165.0,198845,7128028600.0,273781,7150.0,534,7145.0,339,nan,0,nan,0,nan,0,nan,0,nan,0,nan,0,nan,0,nan,0
1597988439641508096,1597988440224000000,2020-08-21 13:40:40.224000,7150.0,7250.0,7110.0,7250.0,nan,7165.0,198845,7128028600.0,273781,7150.0,539,7145.0,338,nan,0,nan,0,nan,0,nan,0,nan,0,nan,0,nan,0,nan,0
1597988443140037120,1597988443743000064,2020-08-21 13:40:43.743000,7150.0,7250.0,7110.0,7250.0,nan,7165.0,198845,7128028600.0,273781,7150.0,534,7145.0,338,nan,0,nan,0,nan,0,nan,0,nan,0,nan,0,nan,0,nan,0
1597988443660510976,1597988444208000000,2020-08-21 13:40:44.208000,7150.0,7250.0,7110.0,7250.0,nan,7165.0,198845,7128028600.0,273781,7150.0,535,7145.0,337,nan,0,nan,0,nan,0,nan,0,nan,0,nan,0,nan,0,nan,0
1597988444164616960,1597988444728000000,2020-08-21 13:40:44.728000,7145.0,7250.0,7110.0,7250.0,nan,7165.0,198846,7128064325.0,273780,7150.0,535,7145.0,337,nan,0,nan,0,nan,0,nan,0,nan,0,nan,0,nan,0,nan,0
1597988446638276096,1597988447240000000,2020-08-21 13:40:47.240000,7145.0,7250.0,7110.0,7250.0,nan,7165.0,198846,7128064325.0,273780,7150.0,541,7145.0,337,nan,0,nan,0,nan,0,nan,0,nan,0,nan,0,nan,0,nan,0
1597988447142981120,1597988447739000064,2020-08-21 13:40:47.739000,7145.0,7250.0,7110.0,7250.0,nan,7165.0,198846,7128064325.0,273780,7150.0,549,7145.0,337,nan,0,nan,0,nan,0,nan,0,nan,0,nan,0,nan,0,nan,0
1597988447640602880,1597988448232000000,2020-08-21 13:40:48.232000,7145.0,7250.0,7110.0,7250.0,nan,7165.0,198846,7128064325.0,273780,7150.0,554,7145.0,337,nan,0,nan,0,nan,0,nan,0,nan,0,nan,0,nan,0,nan,0
1597988449643503104,1597988450232999936,2020-08-21 13:40:50.233000,7145.0,7250.0,7110.0,7250.0,nan,7165.0,198848,7128135775.0,273778,7150.0,553,7145.0,335,nan,0,nan,0,nan,0,nan,0,nan,0,nan,0,nan,0,nan,0
1597988453153867008,1597988453731000064,2020-08-21 13:40:53.731000,7150.0,7250.0,7110.0,7250.0,nan,7165.0,198849,7128171525.0,273779,7150.0,552,7145.0,335,nan,0,nan,0,nan,0,nan,0,nan,0,nan,0,nan,0,nan,0
1597988453647244032,1597988454232999936,2020-08-21 13:40:54.233000,7150.0,7250.0,7110.0,7250.0,nan,7165.0,198849,7128171525.0,273779,7150.0,556,7145.0,335,nan,0,nan,0,nan,0,nan,0,nan,0,nan,0,nan,0,nan,0
1597988454178351104,1597988454709000192,2020-08-21 13:40:54.709000,7145.0,7250.0,7110.0,7250.0,nan,7165.0,198850,7128207250.0,273778,7150.0,556,7145.0,334,nan,0,nan,0,nan,0,nan,0,nan,0,nan,0,nan,0,nan,0
1597988454647141120,1597988455242000128,2020-08-21 13:40:55.242000,7145.0,7250.0,7110.0,7250.0,nan,7165.0,198850,7128207250.0,273778,7150.0,602,7145.0,334,nan,0,nan,0,nan,0,nan,0,nan,0,nan,0,nan,0,nan,0
1597988464161217024,1597988464740000000,2020-08-21 13:41:04.740000,7145.0,7250.0,7110.0,7250.0,nan,7165.0,198851,7128242975.0,273777,7150.0,602,7145.0,333,nan,0,nan,0,nan,0,nan,0,nan,0,nan,0,nan,0,nan,0
1597988464646917120,1597988465236999936,2020-08-21 13:41:05.237000,7150.0,7250.0,7110.0,7250.0,nan,7165.0,198854,7128350225.0,273777,7150.0,596,7145.0,335,nan,0,nan,0,nan,0,nan,0,nan,0,nan,0,nan,0,nan,0
1597988465184827904,1597988465744999936,2020-08-21 13:41:05.745000,7150.0,7250.0,7110.0,7250.0,nan,7165.0,198854,7128350225.0,273777,7150.0,597,7145.0,335,nan,0,nan,0,nan,0,nan,0,nan,0,nan,0,nan,0,nan,0
1597988465646414080,1597988466186000128,2020-08-21 13:41:06.186000,7150.0,7250.0,7110.0,7250.0,nan,7165.0,198854,7128350225.0,273777,7150.0,599,7145.0,335,nan,0,nan,0,nan,0,nan,0,nan,0,nan,0,nan,0,nan,0
1597988467646000128,1597988468180000000,2020-08-21 13:41:08.180000,7150.0,7250.0,7110.0,7250.0,nan,7165.0,198854,7128350225.0,273777,7150.0,598,7145.0,335,nan,0,nan,0,nan,0,nan,0,nan,0,nan,0,nan,0,nan,0
1597988468157656064,1597988468670000128,2020-08-21 13:41:08.670000,7150.0,7250.0,7110.0,7250.0,nan,7165.0,198854,7128350225.0,273777,7150.0,600,7145.0,335,nan,0,nan,0,nan,0,nan,0,nan,0,nan,0,nan,0,nan,0
1597988469642718976,1597988470233999872,2020-08-21 13:41:10.234000,7150.0,7250.0,7110.0,7250.0,nan,7165.0,198854,7128350225.0,273777,7150.0,600,7145.0,336,nan,0,nan,0,nan,0,nan,0,nan,0,nan,0,nan,0,nan,0
1597988470675642112,1597988471236000000,2020-08-21 13:41:11.236000,7150.0,7250.0,7110.0,7250.0,nan,7165.0,198854,7128350225.0,273777,7150.0,600,7145.0,335,nan,0,nan,0,nan,0,nan,0,nan,0,nan,0,nan,0,nan,0
1597988471158295040,1597988471719000064,2020-08-21 13:41:11.719000,7150.0,7250.0,7110.0,7250.0,nan,7165.0,198854,7128350225.0,273777,7150.0,601,7145.0,335,nan,0,nan,0,nan,0,nan,0,nan,0,nan,0,nan,0,nan,0
1597988474153522944,1597988474651000064,2020-08-21 13:41:14.651000,7145.0,7250.0,7110.0,7250.0,nan,7165.0,198855,7128385950.0,273776,7150.0,601,7145.0,334,nan,0,nan,0,nan,0,nan,0,nan,0,nan,0,nan,0,nan,0
1597988480191148032,1597988480711000064,2020-08-21 13:41:20.711000,7145.0,7250.0,7110.0,7250.0,nan,7165.0,198855,7128385950.0,273776,7150.0,601,7145.0,333,nan,0,nan,0,nan,0,nan,0,nan,0,nan,0,nan,0,nan,0
1597988480648220928,1597988481242000128,2020-08-21 13:41:21.242000,7145.0,7250.0,7110.0,7250.0,nan,7165.0,198855,7128385950.0,273776,7150.0,608,7145.0,333,nan,0,nan,0,nan,0,nan,0,nan,0,nan,0,nan,0,nan,0
1597988482664310016,1597988483240000000,2020-08-21 13:41:23.240000,7145.0,7250.0,7110.0,7250.0,nan,7165.0,198855,7128385950.0,273776,7150.0,608,7145.0,334,nan,0,nan,0,nan,0,nan,0,nan,0,nan,0,nan,0,nan,0
1597988483640075008,1597988484224000000,2020-08-21 13:41:24.224000,7145.0,7250.0,7110.0,7250.0,nan,7165.0,198856,7128421675.0,273776,7150.0,608,7145.0,334,nan,0,nan,0,nan,0,nan,0,nan,0,nan,0,nan,0,nan,0
1597988484164954112,1597988484728000000,2020-08-21 13:41:24.728000,7145.0,7250.0,7110.0,7250.0,nan,7165.0,198857,7128457400.0,273775,7150.0,611,7145.0,333,nan,0,nan,0,nan,0,nan,0,nan,0,nan,0,nan,0,nan,0
1597988488670370048,1597988489240999936,2020-08-21 13:41:29.241000,7145.0,7250.0,7110.0,7250.0,nan,7165.0,198857,7128457400.0,273775,7150.0,603,7145.0,333,nan,0,nan,0,nan,0,nan,0,nan,0,nan,0,nan,0,nan,0
1597988489170115072,1597988489736999936,2020-08-21 13:41:29.737000,7145.0,7250.0,7110.0,7250.0,nan,7165.0,198857,7128457400.0,273775,7150.0,644,7145.0,333,nan,0,nan,0,nan,0,nan,0,nan,0,nan,0,nan,0,nan,0
1597988490158095104,1597988490744000000,2020-08-21 13:41:30.744000,7145.0,7250.0,7110.0,7250.0,nan,7165.0,198858,7128493125.0,273774,7150.0,644,7145.0,332,nan,0,nan,0,nan,0,nan,0,nan,0,nan,0,nan,0,nan,0
1597988492180427008,1597988492744000000,2020-08-21 13:41:32.744000,7145.0,7250.0,7110.0,7250.0,nan,7165.0,198858,7128493125.0,273774,7150.0,628,7145.0,330,nan,0,nan,0,nan,0,nan,0,nan,0,nan,0,nan,0,nan,0
1597988493160935936,1597988493742000128,2020-08-21 13:41:33.742000,7145.0,7250.0,7110.0,7250.0,nan,7165.0,198858,7128493125.0,273774,7150.0,628,7145.0,331,nan,0,nan,0,nan,0,nan,0,nan,0,nan,0,nan,0,nan,0
1597988494140204032,1597988494730000128,2020-08-21 13:41:34.730000,7145.0,7250.0,7110.0,7250.0,nan,7165.0,198859,7128528850.0,273773,7150.0,628,7145.0,330,nan,0,nan,0,nan,0,nan,0,nan,0,nan,0,nan,0,nan,0
1597988495180443904,1597988495743000064,2020-08-21 13:41:35.743000,7145.0,7250.0,7110.0,7250.0,nan,7165.0,198860,7128564575.0,273772,7150.0,628,7145.0,329,nan,0,nan,0,nan,0,nan,0,nan,0,nan,0,nan,0,nan,0
1597988499153820928,1597988499736999936,2020-08-21 13:41:39.737000,7145.0,7250.0,7110.0,7250.0,nan,7165.0,198870,7128921825.0,273762,7150.0,628,7145.0,319,nan,0,nan,0,nan,0,nan,0,nan,0,nan,0,nan,0,nan,0
1597988499642445056,1597988500219000064,2020-08-21 13:41:40.219000,7145.0,7250.0,7110.0,7250.0,nan,7165.0,198890,7129636325.0,273743,7150.0,628,7145.0,299,nan,0,nan,0,nan,0,nan,0,nan,0,nan,0,nan,0,nan,0
1597988500174337024,1597988500740000000,2020-08-21 13:41:40.740000,7145.0,7250.0,7110.0,7250.0,nan,7165.0,198890,7129636325.0,273743,7150.0,628,7145.0,324,nan,0,nan,0,nan,0,nan,0,nan,0,nan,0,nan,0,nan,0
1597988500634127872,1597988501243000064,2020-08-21 13:41:41.243000,7145.0,7250.0,7110.0,7250.0,nan,7165.0,198890,7129636325.0,273743,7150.0,628,7145.0,330,nan,0,nan,0,nan,0,nan,0,nan,0,nan,0,nan,0,nan,0
1597988501635493120,1597988502227000064,2020-08-21 13:41:42.227000,7145.0,7250.0,7110.0,7250.0,nan,7165.0,198895,7129814950.0,273738,7150.0,627,7145.0,327,nan,0,nan,0,nan,0,nan,0,nan,0,nan,0,nan,0,nan,0
1597988502161402880,1597988502744999936,2020-08-21 13:41:42.745000,7145.0,7250.0,7110.0,7250.0,nan,7165.0,198897,7129886400.0,273736,7150.0,626,7145.0,325,nan,0,nan,0,nan,0,nan,0,nan,0,nan,0,nan,0,nan,0
1597988503144230912,1597988503740999936,2020-08-21 13:41:43.741000,7145.0,7250.0,7110.0,7250.0,nan,7165.0,198898,7129922125.0,273735,7150.0,626,7145.0,324,nan,0,nan,0,nan,0,nan,0,nan,0,nan,0,nan,0,nan,0
1597988504160830976,1597988504743000064,2020-08-21 13:41:44.743000,7145.0,7250.0,7110.0,7250.0,nan,7165.0,198899,7129957850.0,273734,7150.0,626,7145.0,323,nan,0,nan,0,nan,0,nan,0,nan,0,nan,0,nan,0,nan,0
1597988504646547968,1597988505242000128,2020-08-21 13:41:45.242000,7145.0,7250.0,7110.0,7250.0,nan,7165.0,198900,7129993575.0,273734,7150.0,626,7145.0,322,nan,0,nan,0,nan,0,nan,0,nan,0,nan,0,nan,0,nan,0
1597988505180613888,1597988505711000064,2020-08-21 13:41:45.711000,7145.0,7250.0,7110.0,7250.0,nan,7165.0,198900,7129993575.0,273734,7150.0,627,7145.0,322,nan,0,nan,0,nan,0,nan,0,nan,0,nan,0,nan,0,nan,0
1597988506147087872,1597988506668999936,2020-08-21 13:41:46.669000,7145.0,7250.0,7110.0,7250.0,nan,7165.0,198900,7129993575.0,273734,7150.0,626,7145.0,322,nan,0,nan,0,nan,0,nan,0,nan,0,nan,0,nan,0,nan,0
1597988508639781120,1597988509236000000,2020-08-21 13:41:49.236000,7145.0,7250.0,7110.0,7250.0,nan,7165.0,198900,7129993575.0,273734,7150.0,626,7145.0,323,nan,0,nan,0,nan,0,nan,0,nan,0,nan,0,nan,0,nan,0
1597988509148345088,1597988509698999808,2020-08-21 13:41:49.699000,7145.0,7250.0,7110.0,7250.0,nan,7165.0,198900,7129993575.0,273734,7150.0,625,7145.0,323,nan,0,nan,0,nan,0,nan,0,nan,0,nan,0,nan,0,nan,0
1597988509639896064,1597988510206000128,2020-08-21 13:41:50.206000,7145.0,7250.0,7110.0,7250.0,nan,7165.0,198900,7129993575.0,273734,7150.0,626,7145.0,323,nan,0,nan,0,nan,0,nan,0,nan,0,nan,0,nan,0,nan,0
1597988510154511104,1597988510740000000,2020-08-21 13:41:50.740000,7145.0,7250.0,7110.0,7250.0,nan,7165.0,198901,7130029300.0,273733,7150.0,626,7145.0,322,nan,0,nan,0,nan,0,nan,0,nan,0,nan,0,nan,0,nan,0
1597988511639066880,1597988512232000000,2020-08-21 13:41:52.232000,7145.0,7250.0,7110.0,7250.0,nan,7165.0,198901,7130029300.0,273733,7150.0,627,7145.0,322,nan,0,nan,0,nan,0,nan,0,nan,0,nan,0,nan,0,nan,0
1597988512150455040,1597988512736999936,2020-08-21 13:41:52.737000,7145.0,7250.0,7110.0,7250.0,nan,7165.0,198901,7130029300.0,273733,7150.0,626,7145.0,322,nan,0,nan,0,nan,0,nan,0,nan,0,nan,0,nan,0,nan,0
1597988512639718912,1597988513244000000,2020-08-21 13:41:53.244000,7145.0,7250.0,7110.0,7250.0,nan,7165.0,198901,7130029300.0,273733,7150.0,626,7145.0,319,nan,0,nan,0,nan,0,nan,0,nan,0,nan,0,nan,0,nan,0
1597988513153073920,1597988513727000064,2020-08-21 13:41:53.727000,7145.0,7250.0,7110.0,7250.0,nan,7165.0,198901,7130029300.0,273733,7150.0,626,7145.0,318,nan,0,nan,0,nan,0,nan,0,nan,0,nan,0,nan,0,nan,0
1597988514156226048,1597988514742000128,2020-08-21 13:41:54.742000,7145.0,7250.0,7110.0,7250.0,nan,7165.0,198902,7130065025.0,273732,7150.0,626,7145.0,317,nan,0,nan,0,nan,0,nan,0,nan,0,nan,0,nan,0,nan,0
1597988514644974080,1597988515243000064,2020-08-21 13:41:55.243000,7145.0,7250.0,7110.0,7250.0,nan,7165.0,198902,7130065025.0,273732,7150.0,626,7145.0,316,nan,0,nan,0,nan,0,nan,0,nan,0,nan,0,nan,0,nan,0
1597988517151645952,1597988517605999872,2020-08-21 13:41:57.606000,7145.0,7250.0,7110.0,7250.0,nan,7165.0,198902,7130065025.0,273732,7150.0,626,7145.0,318,nan,0,nan,0,nan,0,nan,0,nan,0,nan,0,nan,0,nan,0
1597988518735550976,1597988519193000192,2020-08-21 13:41:59.193000,7145.0,7250.0,7110.0,7250.0,nan,7165.0,198902,7130065025.0,273732,7150.0,626,7145.0,317,nan,0,nan,0,nan,0,nan,0,nan,0,nan,0,nan,0,nan,0
1597988519162522112,1597988519712999936,2020-08-21 13:41:59.713000,7145.0,7250.0,7110.0,7250.0,nan,7165.0,198902,7130065025.0,273732,7150.0,625,7145.0,317,nan,0,nan,0,nan,0,nan,0,nan,0,nan,0,nan,0,nan,0
1597988521154425088,1597988521734999808,2020-08-21 13:42:01.735000,7145.0,7250.0,7110.0,7250.0,nan,7165.0,198917,7130600900.0,273717,7150.0,625,7145.0,303,nan,0,nan,0,nan,0,nan,0,nan,0,nan,0,nan,0,nan,0
1597988521648666880,1597988522219000064,2020-08-21 13:42:02.219000,7145.0,7250.0,7110.0,7250.0,nan,7165.0,198917,7130600900.0,273717,7150.0,627,7145.0,302,nan,0,nan,0,nan,0,nan,0,nan,0,nan,0,nan,0,nan,0
1597988522189078016,1597988522730000128,2020-08-21 13:42:02.730000,7145.0,7250.0,7110.0,7250.0,nan,7165.0,198922,7130779525.0,273712,7150.0,624,7145.0,296,nan,0,nan,0,nan,0,nan,0,nan,0,nan,0,nan,0,nan,0
1597988522687341056,1597988523246000128,2020-08-21 13:42:03.246000,7145.0,7250.0,7110.0,7250.0,nan,7165.0,198926,7130922425.0,273708,7150.0,620,7145.0,292,nan,0,nan,0,nan,0,nan,0,nan,0,nan,0,nan,0,nan,0
1597988524140672000,1597988524736000000,2020-08-21 13:42:04.736000,7145.0,7250.0,7110.0,7250.0,nan,7165.0,198927,7130958150.0,273707,7150.0,620,7145.0,291,nan,0,nan,0,nan,0,nan,0,nan,0,nan,0,nan,0,nan,0
1597988524639392000,1597988525212999936,2020-08-21 13:42:05.213000,7145.0,7250.0,7110.0,7250.0,nan,7165.0,198930,7131065325.0,273707,7150.0,620,7145.0,288,nan,0,nan,0,nan,0,nan,0,nan,0,nan,0,nan,0,nan,0
1597988525193853952,1597988525731000064,2020-08-21 13:42:05.731000,7145.0,7250.0,7110.0,7250.0,nan,7165.0,198930,7131065325.0,273707,7150.0,623,7145.0,283,nan,0,nan,0,nan,0,nan,0,nan,0,nan,0,nan,0,nan,0
1597988525642577920,1597988526228000000,2020-08-21 13:42:06.228000,7145.0,7250.0,7110.0,7250.0,nan,7165.0,198930,7131065325.0,273707,7150.0,628,7145.0,283,nan,0,nan,0,nan,0,nan,0,nan,0,nan,0,nan,0,nan,0
1597988526157179904,1597988526707000064,2020-08-21 13:42:06.707000,7145.0,7250.0,7110.0,7250.0,nan,7165.0,198930,7131065325.0,273707,7150.0,628,7145.0,281,nan,0,nan,0,nan,0,nan,0,nan,0,nan,0,nan,0,nan,0
1597988526644208128,1597988527200999936,2020-08-21 13:42:07.201000,7145.0,7250.0,7110.0,7250.0,nan,7165.0,198930,7131065325.0,273707,7150.0,628,7145.0,282,nan,0,nan,0,nan,0,nan,0,nan,0,nan,0,nan,0,nan,0
1597988527137456896,1597988527743000064,2020-08-21 13:42:07.743000,7145.0,7250.0,7110.0,7250.0,nan,7165.0,198930,7131065325.0,273707,7150.0,635,7145.0,279,nan,0,nan,0,nan,0,nan,0,nan,0,nan,0,nan,0,nan,0
1597988527641383936,1597988528224000000,2020-08-21 13:42:08.224000,7145.0,7250.0,7110.0,7250.0,nan,7165.0,198933,7131172500.0,273706,7150.0,641,7145.0,263,nan,0,nan,0,nan,0,nan,0,nan,0,nan,0,nan,0,nan,0
1597988528193519104,1597988528720000000,2020-08-21 13:42:08.720000,7145.0,7250.0,7110.0,7250.0,nan,7165.0,198933,7131172500.0,273706,7150.0,631,7145.0,264,nan,0,nan,0,nan,0,nan,0,nan,0,nan,0,nan,0,nan,0
1597988528645390080,1597988529224000000,2020-08-21 13:42:09.224000,7145.0,7250.0,7110.0,7250.0,nan,7165.0,198939,7131386850.0,273700,7150.0,628,7145.0,257,nan,0,nan,0,nan,0,nan,0,nan,0,nan,0,nan,0,nan,0
1597988529147368960,1597988529732000000,2020-08-21 13:42:09.732000,7145.0,7250.0,7110.0,7250.0,nan,7165.0,198939,7131386850.0,273700,7150.0,628,7145.0,256,nan,0,nan,0,nan,0,nan,0,nan,0,nan,0,nan,0,nan,0
1597988530143057920,1597988530744000000,2020-08-21 13:42:10.744000,7145.0,7250.0,7110.0,7250.0,nan,7165.0,198939,7131386850.0,273700,7150.0,628,7145.0,262,nan,0,nan,0,nan,0,nan,0,nan,0,nan,0,nan,0,nan,0
1597988533142343936,1597988533627000064,2020-08-21 13:42:13.627000,7145.0,7250.0,7110.0,7250.0,nan,7165.0,198942,7131494025.0,273697,7150.0,628,7145.0,259,nan,0,nan,0,nan,0,nan,0,nan,0,nan,0,nan,0,nan,0
1597988533639342080,1597988534232999936,2020-08-21 13:42:14.233000,7150.0,7250.0,7110.0,7250.0,nan,7165.0,198943,7131529775.0,273698,7150.0,628,7145.0,259,nan,0,nan,0,nan,0,nan,0,nan,0,nan,0,nan,0,nan,0
1597988534143165952,1597988534740999936,2020-08-21 13:42:14.741000,7145.0,7250.0,7110.0,7250.0,nan,7165.0,198944,7131565500.0,273697,7150.0,626,7145.0,258,nan,0,nan,0,nan,0,nan,0,nan,0,nan,0,nan,0,nan,0
1597988535644753920,1597988536240000000,2020-08-21 13:42:16.240000,7145.0,7250.0,7110.0,7250.0,nan,7165.0,198944,7131565500.0,273697,7150.0,626,7145.0,259,nan,0,nan,0,nan,0,nan,0,nan,0,nan,0,nan,0,nan,0
1597988540646039040,1597988541231000064,2020-08-21 13:42:21.231000,7145.0,7250.0,7110.0,7250.0,nan,7165.0,198944,7131565500.0,273697,7150.0,628,7145.0,259,nan,0,nan,0,nan,0,nan,0,nan,0,nan,0,nan,0,nan,0
1597988541162087936,1597988541737999872,2020-08-21 13:42:21.738000,7145.0,7250.0,7110.0,7250.0,nan,7165.0,198944,7131565500.0,273697,7150.0,625,7145.0,259,nan,0,nan,0,nan,0,nan,0,nan,0,nan,0,nan,0,nan,0
1597988541638571008,1597988542246000128,2020-08-21 13:42:22.246000,7145.0,7250.0,7110.0,7250.0,nan,7165.0,198944,7131565500.0,273697,7150.0,632,7145.0,260,nan,0,nan,0,nan,0,nan,0,nan,0,nan,0,nan,0,nan,0
1597988542638406912,1597988543219000064,2020-08-21 13:42:23.219000,7145.0,7250.0,7110.0,7250.0,nan,7165.0,198944,7131565500.0,273697,7150.0,632,7145.0,259,nan,0,nan,0,nan,0,nan,0,nan,0,nan,0,nan,0,nan,0
1597988544173410048,1597988544724000000,2020-08-21 13:42:24.724000,7145.0,7250.0,7110.0,7250.0,nan,7165.0,198945,7131601225.0,273696,7150.0,632,7145.0,258,nan,0,nan,0,nan,0,nan,0,nan,0,nan,0,nan,0,nan,0
1597988547641884928,1597988548237999872,2020-08-21 13:42:28.238000,7145.0,7250.0,7110.0,7250.0,nan,7165.0,198945,7131601225.0,273696,7150.0,632,7145.0,259,nan,0,nan,0,nan,0,nan,0,nan,0,nan,0,nan,0,nan,0
1597988548138205952,1597988548744000000,2020-08-21 13:42:28.744000,7145.0,7250.0,7110.0,7250.0,nan,7165.0,198945,7131601225.0,273696,7150.0,645,7145.0,259,nan,0,nan,0,nan,0,nan,0,nan,0,nan,0,nan,0,nan,0
1597988549647691008,1597988550236999936,2020-08-21 13:42:30.237000,7140.0,7250.0,7110.0,7250.0,nan,7165.0,199214,7141211125.0,273595,7145.0,134,7140.0,901,nan,0,nan,0,nan,0,nan,0,nan,0,nan,0,nan,0,nan,0
1597988550234117120,1597988550731000064,2020-08-21 13:42:30.731000,7140.0,7250.0,7110.0,7250.0,nan,7165.0,199243,7142246450.0,273602,7145.0,221,7140.0,903,nan,0,nan,0,nan,0,nan,0,nan,0,nan,0,nan,0,nan,0
1597988550688125952,1597988551243000064,2020-08-21 13:42:31.243000,7140.0,7250.0,7110.0,7250.0,nan,7165.0,199243,7142246450.0,273602,7145.0,226,7140.0,903,nan,0,nan,0,nan,0,nan,0,nan,0,nan,0,nan,0,nan,0
1597988551146866944,1597988551732999936,2020-08-21 13:42:31.733000,7140.0,7250.0,7110.0,7250.0,nan,7165.0,199243,7142246450.0,273602,7145.0,230,7140.0,903,nan,0,nan,0,nan,0,nan,0,nan,0,nan,0,nan,0,nan,0
1597988551643590912,1597988552227000064,2020-08-21 13:42:32.227000,7140.0,7250.0,7110.0,7250.0,nan,7165.0,199243,7142246450.0,273602,7145.0,370,7140.0,903,nan,0,nan,0,nan,0,nan,0,nan,0,nan,0,nan,0,nan,0
1597988552190420992,1597988552744000000,2020-08-21 13:42:32.744000,7140.0,7250.0,7110.0,7250.0,nan,7165.0,199251,7142532050.0,273610,7145.0,370,7140.0,895,nan,0,nan,0,nan,0,nan,0,nan,0,nan,0,nan,0,nan,0
1597988554148024064,1597988554734999808,2020-08-21 13:42:34.735000,7140.0,7250.0,7110.0,7250.0,nan,7165.0,199252,7142567750.0,273610,7145.0,370,7140.0,894,nan,0,nan,0,nan,0,nan,0,nan,0,nan,0,nan,0,nan,0
1597988554644140032,1597988555244000000,2020-08-21 13:42:35.244000,7140.0,7250.0,7110.0,7250.0,nan,7165.0,199252,7142567750.0,273610,7145.0,373,7140.0,894,nan,0,nan,0,nan,0,nan,0,nan,0,nan,0,nan,0,nan,0
1597988556189273088,1597988556740000000,2020-08-21 13:42:36.740000,7140.0,7250.0,7110.0,7250.0,nan,7165.0,199252,7142567750.0,273610,7145.0,373,7140.0,899,nan,0,nan,0,nan,0,nan,0,nan,0,nan,0,nan,0,nan,0
1597988556661989120,1597988557212999936,2020-08-21 13:42:37.213000,7140.0,7250.0,7110.0,7250.0,nan,7165.0,199252,7142567750.0,273610,7145.0,376,7140.0,899,nan,0,nan,0,nan,0,nan,0,nan,0,nan,0,nan,0,nan,0
1597988557178638080,1597988557736999936,2020-08-21 13:42:37.737000,7140.0,7250.0,7110.0,7250.0,nan,7165.0,199252,7142567750.0,273610,7145.0,373,7140.0,899,nan,0,nan,0,nan,0,nan,0,nan,0,nan,0,nan,0,nan,0
1597988557682821888,1597988558232000000,2020-08-21 13:42:38.232000,7140.0,7250.0,7110.0,7250.0,nan,7165.0,199252,7142567750.0,273610,7145.0,375,7140.0,899,nan,0,nan,0,nan,0,nan,0,nan,0,nan,0,nan,0,nan,0
1597988559678731008,1597988560228000000,2020-08-21 13:42:40.228000,7140.0,7250.0,7110.0,7250.0,nan,7165.0,199255,7142674850.0,273610,7145.0,375,7140.0,896,nan,0,nan,0,nan,0,nan,0,nan,0,nan,0,nan,0,nan,0
1597988562177743104,1597988562726000128,2020-08-21 13:42:42.726000,7140.0,7250.0,7110.0,7250.0,nan,7165.0,199255,7142674850.0,273610,7145.0,376,7140.0,896,nan,0,nan,0,nan,0,nan,0,nan,0,nan,0,nan,0,nan,0
1597988562676998912,1597988563236000000,2020-08-21 13:42:43.236000,7140.0,7250.0,7110.0,7250.0,nan,7165.0,199255,7142674850.0,273610,7145.0,376,7140.0,895,nan,0,nan,0,nan,0,nan,0,nan,0,nan,0,nan,0,nan,0
1597988564174636032,1597988564731000064,2020-08-21 13:42:44.731000,7140.0,7250.0,7110.0,7250.0,nan,7165.0,199256,7142710550.0,273610,7145.0,376,7140.0,894,nan,0,nan,0,nan,0,nan,0,nan,0,nan,0,nan,0,nan,0
1597988564645882880,1597988565198999808,2020-08-21 13:42:45.199000,7140.0,7250.0,7110.0,7250.0,nan,7165.0,199256,7142710550.0,273610,7145.0,390,7140.0,894,nan,0,nan,0,nan,0,nan,0,nan,0,nan,0,nan,0,nan,0
1597988566144685056,1597988566732000000,2020-08-21 13:42:46.732000,7140.0,7250.0,7110.0,7250.0,nan,7165.0,199256,7142710550.0,273610,7145.0,390,7140.0,895,nan,0,nan,0,nan,0,nan,0,nan,0,nan,0,nan,0,nan,0
1597988566654323968,1597988567229000192,2020-08-21 13:42:47.229000,7140.0,7250.0,7110.0,7250.0,nan,7165.0,199258,7142781950.0,273610,7145.0,390,7140.0,893,nan,0,nan,0,nan,0,nan,0,nan,0,nan,0,nan,0,nan,0
1597988567162036992,1597988567729000192,2020-08-21 13:42:47.729000,7140.0,7250.0,7110.0,7250.0,nan,7165.0,199260,7142853350.0,273612,7145.0,390,7140.0,891,nan,0,nan,0,nan,0,nan,0,nan,0,nan,0,nan,0,nan,0
1597988569150286080,1597988569728000000,2020-08-21 13:42:49.728000,7140.0,7250.0,7110.0,7250.0,nan,7165.0,199261,7142889050.0,273612,7145.0,390,7140.0,889,nan,0,nan,0,nan,0,nan,0,nan,0,nan,0,nan,0,nan,0
1597988569649412096,1597988570246000128,2020-08-21 13:42:50.246000,7140.0,7250.0,7110.0,7250.0,nan,7165.0,199261,7142889050.0,273612,7145.0,395,7140.0,889,nan,0,nan,0,nan,0,nan,0,nan,0,nan,0,nan,0,nan,0
1597988572152261888,1597988572732999936,2020-08-21 13:42:52.733000,7140.0,7250.0,7110.0,7250.0,nan,7165.0,199261,7142889050.0,273612,7145.0,395,7140.0,890,nan,0,nan,0,nan,0,nan,0,nan,0,nan,0,nan,0,nan,0
1597988573654714112,1597988574232000000,2020-08-21 13:42:54.232000,7140.0,7250.0,7110.0,7250.0,nan,7165.0,199261,7142889050.0,273612,7145.0,389,7140.0,890,nan,0,nan,0,nan,0,nan,0,nan,0,nan,0,nan,0,nan,0
1597988574178938112,1597988574739000064,2020-08-21 13:42:54.739000,7140.0,7250.0,7110.0,7250.0,nan,7165.0,199262,7142924750.0,273612,7145.0,389,7140.0,889,nan,0,nan,0,nan,0,nan,0,nan,0,nan,0,nan,0,nan,0
1597988575147931904,1597988575740999936,2020-08-21 13:42:55.741000,7140.0,7250.0,7110.0,7250.0,nan,7165.0,199264,7142996150.0,273613,7145.0,389,7140.0,887,nan,0,nan,0,nan,0,nan,0,nan,0,nan,0,nan,0,nan,0
1597988577158939904,1597988577732999936,2020-08-21 13:42:57.733000,7140.0,7250.0,7110.0,7250.0,nan,7165.0,199264,7142996150.0,273613,7145.0,390,7140.0,887,nan,0,nan,0,nan,0,nan,0,nan,0,nan,0,nan,0,nan,0
1597988577643837952,1597988578246000128,2020-08-21 13:42:58.246000,7140.0,7250.0,7110.0,7250.0,nan,7165.0,199264,7142996150.0,273613,7145.0,388,7140.0,887,nan,0,nan,0,nan,0,nan,0,nan,0,nan,0,nan,0,nan,0
1597988579174309888,1597988579740999936,2020-08-21 13:42:59.741000,7140.0,7250.0,7110.0,7250.0,nan,7165.0,199267,7143103250.0,273613,7145.0,388,7140.0,884,nan,0,nan,0,nan,0,nan,0,nan,0,nan,0,nan,0,nan,0
1597988579638671104,1597988580232000000,2020-08-21 13:43:00.232000,7140.0,7250.0,7110.0,7250.0,nan,7165.0,199267,7143103250.0,273613,7145.0,384,7140.0,884,nan,0,nan,0,nan,0,nan,0,nan,0,nan,0,nan,0,nan,0
1597988582700274944,1597988583239000064,2020-08-21 13:43:03.239000,7140.0,7250.0,7110.0,7250.0,nan,7165.0,199267,7143103250.0,273613,7145.0,384,7140.0,905,nan,0,nan,0,nan,0,nan,0,nan,0,nan,0,nan,0,nan,0
1597988583196015104,1597988583737999872,2020-08-21 13:43:03.738000,7140.0,7250.0,7110.0,7250.0,nan,7165.0,199280,7143567350.0,273613,7145.0,380,7140.0,892,nan,0,nan,0,nan,0,nan,0,nan,0,nan,0,nan,0,nan,0
1597988583651727104,1597988584232999936,2020-08-21 13:43:04.233000,7140.0,7250.0,7110.0,7250.0,nan,7165.0,199280,7143567350.0,273613,7145.0,379,7140.0,899,nan,0,nan,0,nan,0,nan,0,nan,0,nan,0,nan,0,nan,0
1597988584154885888,1597988584739000064,2020-08-21 13:43:04.739000,7140.0,7250.0,7110.0,7250.0,nan,7165.0,199281,7143603050.0,273613,7145.0,379,7140.0,898,nan,0,nan,0,nan,0,nan,0,nan,0,nan,0,nan,0,nan,0
1597988587150578944,1597988587648999936,2020-08-21 13:43:07.649000,7140.0,7250.0,7110.0,7250.0,nan,7165.0,199285,7143745850.0,273613,7145.0,380,7140.0,894,nan,0,nan,0,nan,0,nan,0,nan,0,nan,0,nan,0,nan,0
1597988588194279936,1597988588731000064,2020-08-21 13:43:08.731000,7140.0,7250.0,7110.0,7250.0,nan,7165.0,199285,7143745850.0,273613,7145.0,380,7140.0,893,nan,0,nan,0,nan,0,nan,0,nan,0,nan,0,nan,0,nan,0
1597988588704275968,1597988589171000064,2020-08-21 13:43:09.171000,7140.0,7250.0,7110.0,7250.0,nan,7165.0,199285,7143745850.0,273613,7145.0,380,7140.0,894,nan,0,nan,0,nan,0,nan,0,nan,0,nan,0,nan,0,nan,0
1597988590640762112,1597988591217999872,2020-08-21 13:43:11.218000,7140.0,7250.0,7110.0,7250.0,nan,7165.0,199285,7143745850.0,273613,7145.0,384,7140.0,894,nan,0,nan,0,nan,0,nan,0,nan,0,nan,0,nan,0,nan,0
1597988591169797888,1597988591742000128,2020-08-21 13:43:11.742000,7145.0,7250.0,7110.0,7250.0,nan,7165.0,199287,7143817300.0,273613,7145.0,400,7140.0,893,nan,0,nan,0,nan,0,nan,0,nan,0,nan,0,nan,0,nan,0
1597988591652918016,1597988592246000128,2020-08-21 13:43:12.246000,7145.0,7250.0,7110.0,7250.0,nan,7165.0,199295,7144103100.0,273605,7145.0,392,7140.0,893,nan,0,nan,0,nan,0,nan,0,nan,0,nan,0,nan,0,nan,0
1597988592218611968,1597988592736000000,2020-08-21 13:43:12.736000,7145.0,7250.0,7110.0,7250.0,nan,7165.0,199295,7144103100.0,273605,7145.0,392,7140.0,894,nan,0,nan,0,nan,0,nan,0,nan,0,nan,0,nan,0,nan,0
1597988593680913920,1597988594243000064,2020-08-21 13:43:14.243000,7145.0,7250.0,7110.0,7250.0,nan,7165.0,199295,7144103100.0,273605,7145.0,402,7140.0,894,nan,0,nan,0,nan,0,nan,0,nan,0,nan,0,nan,0,nan,0
1597988594211073024,1597988594732999936,2020-08-21 13:43:14.733000,7140.0,7250.0,7110.0,7250.0,nan,7165.0,199296,7144138800.0,273605,7145.0,402,7140.0,893,nan,0,nan,0,nan,0,nan,0,nan,0,nan,0,nan,0,nan,0
1597988594647034880,1597988595246000128,2020-08-21 13:43:15.246000,7145.0,7250.0,7110.0,7250.0,nan,7165.0,199305,7144460325.0,273596,7145.0,387,7140.0,893,nan,0,nan,0,nan,0,nan,0,nan,0,nan,0,nan,0,nan,0
1597988595174294016,1597988595732000000,2020-08-21 13:43:15.732000,7145.0,7250.0,7110.0,7250.0,nan,7165.0,199306,7144496050.0,273596,7145.0,388,7140.0,893,nan,0,nan,0,nan,0,nan,0,nan,0,nan,0,nan,0,nan,0
1597988596152132096,1597988596740000000,2020-08-21 13:43:16.740000,7145.0,7250.0,7110.0,7250.0,nan,7165.0,199306,7144496050.0,273596,7145.0,389,7140.0,893,nan,0,nan,0,nan,0,nan,0,nan,0,nan,0,nan,0,nan,0
1597988597677492992,1597988598246000128,2020-08-21 13:43:18.246000,7145.0,7250.0,7110.0,7250.0,nan,7165.0,199306,7144496050.0,273596,7145.0,414,7140.0,893,nan,0,nan,0,nan,0,nan,0,nan,0,nan,0,nan,0,nan,0
1597988598190301952,1597988598712999936,2020-08-21 13:43:18.713000,7145.0,7250.0,7110.0,7250.0,nan,7165.0,199306,7144496050.0,273596,7145.0,426,7140.0,893,nan,0,nan,0,nan,0,nan,0,nan,0,nan,0,nan,0,nan,0
1597988600158042880,1597988600728000000,2020-08-21 13:43:20.728000,7145.0,7250.0,7110.0,7250.0,nan,7165.0,199307,7144531775.0,273595,7145.0,426,7140.0,893,nan,0,nan,0,nan,0,nan,0,nan,0,nan,0,nan,0,nan,0
1597988601641114880,1597988602244000000,2020-08-21 13:43:22.244000,7145.0,7250.0,7110.0,7250.0,nan,7165.0,199307,7144531775.0,273595,7145.0,425,7140.0,893,nan,0,nan,0,nan,0,nan,0,nan,0,nan,0,nan,0,nan,0
1597988602636912128,1597988603228000000,2020-08-21 13:43:23.228000,7145.0,7250.0,7110.0,7250.0,nan,7165.0,199308,7144567500.0,273595,7145.0,424,7140.0,894,nan,0,nan,0,nan,0,nan,0,nan,0,nan,0,nan,0,nan,0
1597988603649018880,1597988604244000000,2020-08-21 13:43:24.244000,7145.0,7250.0,7110.0,7250.0,nan,7165.0,199311,7144674675.0,273595,7145.0,416,7140.0,911,nan,0,nan,0,nan,0,nan,0,nan,0,nan,0,nan,0,nan,0
1597988604176779008,1597988604726000128,2020-08-21 13:43:24.726000,7140.0,7250.0,7110.0,7250.0,nan,7165.0,199312,7144710375.0,273595,7145.0,418,7140.0,911,nan,0,nan,0,nan,0,nan,0,nan,0,nan,0,nan,0,nan,0
1597988604651376896,1597988605244000000,2020-08-21 13:43:25.244000,7140.0,7250.0,7110.0,7250.0,nan,7165.0,199388,7147424225.0,273601,7145.0,393,7140.0,861,nan,0,nan,0,nan,0,nan,0,nan,0,nan,0,nan,0,nan,0
1597988605143267072,1597988605733999872,2020-08-21 13:43:25.734000,7145.0,7250.0,7110.0,7250.0,nan,7165.0,199408,7148138725.0,273603,7145.0,368,7140.0,860,nan,0,nan,0,nan,0,nan,0,nan,0,nan,0,nan,0,nan,0
1597988605652257024,1597988606246000128,2020-08-21 13:43:26.246000,7145.0,7250.0,7110.0,7250.0,nan,7165.0,199408,7148138725.0,273603,7145.0,375,7140.0,860,nan,0,nan,0,nan,0,nan,0,nan,0,nan,0,nan,0,nan,0
1597988606633847040,1597988607217999872,2020-08-21 13:43:27.218000,7145.0,7250.0,7110.0,7250.0,nan,7165.0,199408,7148138725.0,273603,7145.0,375,7140.0,861,nan,0,nan,0,nan,0,nan,0,nan,0,nan,0,nan,0,nan,0
1597988609651436032,1597988610242000128,2020-08-21 13:43:30.242000,7145.0,7250.0,7110.0,7250.0,nan,7165.0,199408,7148138725.0,273603,7145.0,385,7140.0,861,nan,0,nan,0,nan,0,nan,0,nan,0,nan,0,nan,0,nan,0
1597988611650707968,1597988612240999936,2020-08-21 13:43:32.241000,7145.0,7250.0,7110.0,7250.0,nan,7165.0,199408,7148138725.0,273603,7145.0,386,7140.0,861,nan,0,nan,0,nan,0,nan,0,nan,0,nan,0,nan,0,nan,0
1597988612151687936,1597988612739000064,2020-08-21 13:43:32.739000,7145.0,7250.0,7110.0,7250.0,nan,7165.0,199408,7148138725.0,273603,7145.0,378,7140.0,861,nan,0,nan,0,nan,0,nan,0,nan,0,nan,0,nan,0,nan,0
1597988613667576064,1597988614240999936,2020-08-21 13:43:34.241000,7145.0,7250.0,7110.0,7250.0,nan,7165.0,199408,7148138725.0,273603,7145.0,377,7140.0,861,nan,0,nan,0,nan,0,nan,0,nan,0,nan,0,nan,0,nan,0
1597988614197007104,1597988614712000000,2020-08-21 13:43:34.712000,7145.0,7250.0,7110.0,7250.0,nan,7165.0,199411,7148245875.0,273603,7145.0,375,7140.0,860,nan,0,nan,0,nan,0,nan,0,nan,0,nan,0,nan,0,nan,0
1597988614676646912,1597988615224999936,2020-08-21 13:43:35.225000,7140.0,7250.0,7110.0,7250.0,nan,7165.0,199414,7148353025.0,273605,7145.0,373,7140.0,858,nan,0,nan,0,nan,0,nan,0,nan,0,nan,0,nan,0,nan,0
1597988618649520128,1597988619236000000,2020-08-21 13:43:39.236000,7145.0,7250.0,7110.0,7250.0,nan,7165.0,199418,7148495925.0,273606,7145.0,369,7140.0,858,nan,0,nan,0,nan,0,nan,0,nan,0,nan,0,nan,0,nan,0
1597988619186326016,1597988619743000064,2020-08-21 13:43:39.743000,7140.0,7250.0,7110.0,7250.0,nan,7165.0,199419,7148531625.0,273606,7145.0,374,7140.0,857,nan,0,nan,0,nan,0,nan,0,nan,0,nan,0,nan,0,nan,0
1597988619970844928,1597988620223000064,2020-08-21 13:43:40.223000,7140.0,7250.0,7110.0,7250.0,nan,7165.0,199419,7148531625.0,273606,7145.0,377,7140.0,857,nan,0,nan,0,nan,0,nan,0,nan,0,nan,0,nan,0,nan,0
1597988624189341952,1597988624744999936,2020-08-21 13:43:44.745000,7140.0,7250.0,7110.0,7250.0,nan,7165.0,199420,7148567325.0,273606,7145.0,377,7140.0,856,nan,0,nan,0,nan,0,nan,0,nan,0,nan,0,nan,0,nan,0
1597988624661804032,1597988625242000128,2020-08-21 13:43:45.242000,7140.0,7250.0,7110.0,7250.0,nan,7165.0,199421,7148603025.0,273606,7145.0,381,7140.0,855,nan,0,nan,0,nan,0,nan,0,nan,0,nan,0,nan,0,nan,0
1597988625166675968,1597988625740000000,2020-08-21 13:43:45.740000,7140.0,7250.0,7110.0,7250.0,nan,7165.0,199421,7148603025.0,273606,7145.0,370,7140.0,855,nan,0,nan,0,nan,0,nan,0,nan,0,nan,0,nan,0,nan,0
1597988625637242112,1597988626242000128,2020-08-21 13:43:46.242000,7140.0,7250.0,7110.0,7250.0,nan,7165.0,199421,7148603025.0,273606,7145.0,371,7140.0,855,nan,0,nan,0,nan,0,nan,0,nan,0,nan,0,nan,0,nan,0
1597988627639322880,1597988628244000000,2020-08-21 13:43:48.244000,7140.0,7250.0,7110.0,7250.0,nan,7165.0,199426,7148781525.0,273611,7145.0,371,7140.0,850,nan,0,nan,0,nan,0,nan,0,nan,0,nan,0,nan,0,nan,0
1597988628180454912,1597988628746000128,2020-08-21 13:43:48.746000,7140.0,7250.0,7110.0,7250.0,nan,7165.0,199427,7148817225.0,273612,7145.0,377,7140.0,849,nan,0,nan,0,nan,0,nan,0,nan,0,nan,0,nan,0,nan,0
1597988628642144000,1597988629224000000,2020-08-21 13:43:49.224000,7140.0,7250.0,7110.0,7250.0,nan,7165.0,199427,7148817225.0,273612,7145.0,380,7140.0,849,nan,0,nan,0,nan,0,nan,0,nan,0,nan,0,nan,0,nan,0
1597988629136855040,1597988629648000000,2020-08-21 13:43:49.648000,7140.0,7250.0,7110.0,7250.0,nan,7165.0,199427,7148817225.0,273612,7145.0,379,7140.0,849,nan,0,nan,0,nan,0,nan,0,nan,0,nan,0,nan,0,nan,0
1597988630153182976,1597988630734999808,2020-08-21 13:43:50.735000,7140.0,7250.0,7110.0,7250.0,nan,7165.0,199427,7148817225.0,273612,7145.0,382,7140.0,849,nan,0,nan,0,nan,0,nan,0,nan,0,nan,0,nan,0,nan,0
1597988631641760000,1597988632243000064,2020-08-21 13:43:52.243000,7140.0,7250.0,7110.0,7250.0,nan,7165.0,199427,7148817225.0,273612,7145.0,390,7140.0,849,nan,0,nan,0,nan,0,nan,0,nan,0,nan,0,nan,0,nan,0
1597988632144487936,1597988632732000000,2020-08-21 13:43:52.732000,7140.0,7250.0,7110.0,7250.0,nan,7165.0,199427,7148817225.0,273612,7145.0,385,7140.0,849,nan,0,nan,0,nan,0,nan,0,nan,0,nan,0,nan,0,nan,0
1597988634183397888,1597988634732000000,2020-08-21 13:43:54.732000,7140.0,7250.0,7110.0,7250.0,nan,7165.0,199428,7148852925.0,273612,7145.0,385,7140.0,848,nan,0,nan,0,nan,0,nan,0,nan,0,nan,0,nan,0,nan,0
1597988634642437120,1597988635237999872,2020-08-21 13:43:55.238000,7145.0,7250.0,7110.0,7250.0,nan,7165.0,199429,7148888650.0,273612,7145.0,387,7140.0,848,nan,0,nan,0,nan,0,nan,0,nan,0,nan,0,nan,0,nan,0
1597988636160140032,1597988636737999872,2020-08-21 13:43:56.738000,7145.0,7250.0,7110.0,7250.0,nan,7165.0,199430,7148924375.0,273612,7145.0,387,7140.0,848,nan,0,nan,0,nan,0,nan,0,nan,0,nan,0,nan,0,nan,0
1597988636638326016,1597988637246000128,2020-08-21 13:43:57.246000,7145.0,7250.0,7110.0,7250.0,nan,7165.0,199430,7148924375.0,273612,7145.0,389,7140.0,848,nan,0,nan,0,nan,0,nan,0,nan,0,nan,0,nan,0,nan,0
1597988638138008064,1597988638739000064,2020-08-21 13:43:58.739000,7145.0,7250.0,7110.0,7250.0,nan,7165.0,199430,7148924375.0,273612,7145.0,386,7140.0,848,nan,0,nan,0,nan,0,nan,0,nan,0,nan,0,nan,0,nan,0
1597988639166711040,1597988639742000128,2020-08-21 13:43:59.742000,7145.0,7250.0,7110.0,7250.0,nan,7165.0,199431,7148960100.0,273612,7145.0,387,7140.0,849,nan,0,nan,0,nan,0,nan,0,nan,0,nan,0,nan,0,nan,0
1597988639760858112,1597988640244000000,2020-08-21 13:44:00.244000,7145.0,7250.0,7110.0,7250.0,nan,7165.0,199432,7148995825.0,273613,7145.0,386,7140.0,849,nan,0,nan,0,nan,0,nan,0,nan,0,nan,0,nan,0,nan,0
1597988640176852992,1597988640743000064,2020-08-21 13:44:00.743000,7145.0,7250.0,7110.0,7250.0,nan,7165.0,199434,7149067275.0,273613,7145.0,395,7140.0,853,nan,0,nan,0,nan,0,nan,0,nan,0,nan,0,nan,0,nan,0
1597988641654064128,1597988642247000064,2020-08-21 13:44:02.247000,7145.0,7250.0,7110.0,7250.0,nan,7165.0,199436,7149138725.0,273614,7145.0,393,7140.0,853,nan,0,nan,0,nan,0,nan,0,nan,0,nan,0,nan,0,nan,0
1597988643151944960,1597988643744999936,2020-08-21 13:44:03.745000,7145.0,7250.0,7110.0,7250.0,nan,7165.0,199437,7149174450.0,273615,7145.0,392,7140.0,853,nan,0,nan,0,nan,0,nan,0,nan,0,nan,0,nan,0,nan,0
1597988644139356928,1597988644739000064,2020-08-21 13:44:04.739000,7140.0,7250.0,7110.0,7250.0,nan,7165.0,199438,7149210150.0,273615,7145.0,392,7140.0,852,nan,0,nan,0,nan,0,nan,0,nan,0,nan,0,nan,0,nan,0
1597988644644460032,1597988645231000064,2020-08-21 13:44:05.231000,7145.0,7250.0,7110.0,7250.0,nan,7165.0,199439,7149245875.0,273616,7145.0,391,7140.0,852,nan,0,nan,0,nan,0,nan,0,nan,0,nan,0,nan,0,nan,0
1597988645162717952,1597988645736999936,2020-08-21 13:44:05.737000,7145.0,7250.0,7110.0,7250.0,nan,7165.0,199439,7149245875.0,273616,7145.0,404,7140.0,852,nan,0,nan,0,nan,0,nan,0,nan,0,nan,0,nan,0,nan,0
1597988646159488000,1597988646740999936,2020-08-21 13:44:06.741000,7140.0,7250.0,7110.0,7250.0,nan,7165.0,199440,7149281575.0,273616,7145.0,404,7140.0,891,nan,0,nan,0,nan,0,nan,0,nan,0,nan,0,nan,0,nan,0
1597988647632797952,1597988648144000000,2020-08-21 13:44:08.144000,7140.0,7250.0,7110.0,7250.0,nan,7165.0,199442,7149352975.0,273616,7145.0,404,7140.0,890,nan,0,nan,0,nan,0,nan,0,nan,0,nan,0,nan,0,nan,0
1597988649181207040,1597988649742000128,2020-08-21 13:44:09.742000,7140.0,7250.0,7110.0,7250.0,nan,7165.0,199442,7149352975.0,273616,7145.0,404,7140.0,891,nan,0,nan,0,nan,0,nan,0,nan,0,nan,0,nan,0,nan,0
1597988649643533056,1597988650244999936,2020-08-21 13:44:10.245000,7140.0,7250.0,7110.0,7250.0,nan,7165.0,199442,7149352975.0,273616,7145.0,404,7140.0,892,nan,0,nan,0,nan,0,nan,0,nan,0,nan,0,nan,0,nan,0
1597988650639704064,1597988651244999936,2020-08-21 13:44:11.245000,7140.0,7250.0,7110.0,7250.0,nan,7165.0,199444,7149424425.0,273618,7145.0,404,7140.0,890,nan,0,nan,0,nan,0,nan,0,nan,0,nan,0,nan,0,nan,0
1597988651178560000,1597988651732999936,2020-08-21 13:44:11.733000,7145.0,7250.0,7110.0,7250.0,nan,7165.0,199445,7149460150.0,273619,7145.0,402,7140.0,890,nan,0,nan,0,nan,0,nan,0,nan,0,nan,0,nan,0,nan,0
1597988651656915968,1597988652246000128,2020-08-21 13:44:12.246000,7145.0,7250.0,7110.0,7250.0,nan,7165.0,199445,7149460150.0,273619,7145.0,402,7140.0,875,nan,0,nan,0,nan,0,nan,0,nan,0,nan,0,nan,0,nan,0
1597988652180686080,1597988652742000128,2020-08-21 13:44:12.742000,7145.0,7250.0,7110.0,7250.0,nan,7165.0,199446,7149495875.0,273619,7145.0,402,7140.0,890,nan,0,nan,0,nan,0,nan,0,nan,0,nan,0,nan,0,nan,0
1597988654162072064,1597988654744000000,2020-08-21 13:44:14.744000,7140.0,7250.0,7110.0,7250.0,nan,7165.0,199447,7149531575.0,273619,7145.0,402,7140.0,889,nan,0,nan,0,nan,0,nan,0,nan,0,nan,0,nan,0,nan,0
1597988655156862976,1597988655740999936,2020-08-21 13:44:15.741000,7145.0,7250.0,7110.0,7250.0,nan,7165.0,199448,7149567300.0,273620,7145.0,401,7140.0,889,nan,0,nan,0,nan,0,nan,0,nan,0,nan,0,nan,0,nan,0
1597988655637404928,1597988656239000064,2020-08-21 13:44:16.239000,7145.0,7250.0,7110.0,7250.0,nan,7165.0,199448,7149567300.0,273620,7145.0,417,7140.0,889,nan,0,nan,0,nan,0,nan,0,nan,0,nan,0,nan,0,nan,0
1597988656648774912,1597988657142999808,2020-08-21 13:44:17.143000,7145.0,7250.0,7110.0,7250.0,nan,7165.0,199448,7149567300.0,273620,7145.0,418,7140.0,889,nan,0,nan,0,nan,0,nan,0,nan,0,nan,0,nan,0,nan,0
1597988659635869952,1597988660244999936,2020-08-21 13:44:20.245000,7145.0,7250.0,7110.0,7250.0,nan,7165.0,199448,7149567300.0,273620,7145.0,418,7140.0,888,nan,0,nan,0,nan,0,nan,0,nan,0,nan,0,nan,0,nan,0
1597988660154895104,1597988660744999936,2020-08-21 13:44:20.745000,7145.0,7250.0,7110.0,7250.0,nan,7165.0,199448,7149567300.0,273620,7145.0,412,7140.0,888,nan,0,nan,0,nan,0,nan,0,nan,0,nan,0,nan,0,nan,0
1597988660646480896,1597988661209000192,2020-08-21 13:44:21.209000,7145.0,7250.0,7110.0,7250.0,nan,7165.0,199448,7149567300.0,273620,7145.0,420,7140.0,888,nan,0,nan,0,nan,0,nan,0,nan,0,nan,0,nan,0,nan,0
1597988664150200064,1597988664729000192,2020-08-21 13:44:24.729000,7140.0,7250.0,7110.0,7250.0,nan,7165.0,199449,7149603000.0,273620,7145.0,420,7140.0,887,nan,0,nan,0,nan,0,nan,0,nan,0,nan,0,nan,0,nan,0
1597988668143355904,1597988668744000000,2020-08-21 13:44:28.744000,7145.0,7250.0,7110.0,7250.0,nan,7165.0,199450,7149638725.0,273621,7145.0,420,7140.0,887,nan,0,nan,0,nan,0,nan,0,nan,0,nan,0,nan,0,nan,0
1597988668651603968,1597988669232999936,2020-08-21 13:44:29.233000,7145.0,7250.0,7110.0,7250.0,nan,7165.0,199451,7149674450.0,273621,7145.0,441,7140.0,887,nan,0,nan,0,nan,0,nan,0,nan,0,nan,0,nan,0,nan,0
1597988669189647872,1597988669724000000,2020-08-21 13:44:29.724000,7145.0,7250.0,7110.0,7250.0,nan,7165.0,199451,7149674450.0,273621,7145.0,443,7140.0,887,nan,0,nan,0,nan,0,nan,0,nan,0,nan,0,nan,0,nan,0
1597988669646492928,1597988670244999936,2020-08-21 13:44:30.245000,7145.0,7250.0,7110.0,7250.0,nan,7165.0,199451,7149674450.0,273621,7145.0,448,7140.0,887,nan,0,nan,0,nan,0,nan,0,nan,0,nan,0,nan,0,nan,0
1597988671142976000,1597988671743000064,2020-08-21 13:44:31.743000,7145.0,7250.0,7110.0,7250.0,nan,7165.0,199452,7149710175.0,273622,7145.0,447,7140.0,887,nan,0,nan,0,nan,0,nan,0,nan,0,nan,0,nan,0,nan,0
1597988672193137920,1597988672744000000,2020-08-21 13:44:32.744000,7145.0,7250.0,7110.0,7250.0,nan,7165.0,199453,7149745900.0,273622,7145.0,446,7140.0,887,nan,0,nan,0,nan,0,nan,0,nan,0,nan,0,nan,0,nan,0
1597988674143228928,1597988674746000128,2020-08-21 13:44:34.746000,7140.0,7250.0,7110.0,7250.0,nan,7165.0,199455,7149817325.0,273623,7145.0,446,7140.0,885,nan,0,nan,0,nan,0,nan,0,nan,0,nan,0,nan,0,nan,0
1597988674641416960,1597988675220999936,2020-08-21 13:44:35.221000,7140.0,7250.0,7110.0,7250.0,nan,7165.0,199455,7149817325.0,273623,7145.0,451,7140.0,885,nan,0,nan,0,nan,0,nan,0,nan,0,nan,0,nan,0,nan,0
1597988675157338880,1597988675724999936,2020-08-21 13:44:35.725000,7140.0,7250.0,7110.0,7250.0,nan,7165.0,199455,7149817325.0,273623,7145.0,440,7140.0,885,nan,0,nan,0,nan,0,nan,0,nan,0,nan,0,nan,0,nan,0
1597988680633506048,1597988681217999872,2020-08-21 13:44:41.218000,7145.0,7250.0,7110.0,7250.0,nan,7165.0,199457,7149888775.0,273623,7145.0,438,7140.0,885,nan,0,nan,0,nan,0,nan,0,nan,0,nan,0,nan,0,nan,0
1597988681226299904,1597988681732000000,2020-08-21 13:44:41.732000,7145.0,7250.0,7110.0,7250.0,nan,7165.0,199457,7149888775.0,273623,7145.0,432,7140.0,885,nan,0,nan,0,nan,0,nan,0,nan,0,nan,0,nan,0,nan,0
1597988681640379904,1597988682232000000,2020-08-21 13:44:42.232000,7145.0,7250.0,7110.0,7250.0,nan,7165.0,199457,7149888775.0,273623,7145.0,437,7140.0,885,nan,0,nan,0,nan,0,nan,0,nan,0,nan,0,nan,0,nan,0
1597988683140407040,1597988683742000128,2020-08-21 13:44:43.742000,7145.0,7250.0,7110.0,7250.0,nan,7165.0,199457,7149888775.0,273623,7145.0,437,7140.0,886,nan,0,nan,0,nan,0,nan,0,nan,0,nan,0,nan,0,nan,0
1597988684145218048,1597988684729000192,2020-08-21 13:44:44.729000,7140.0,7250.0,7110.0,7250.0,nan,7165.0,199458,7149924475.0,273623,7145.0,437,7140.0,885,nan,0,nan,0,nan,0,nan,0,nan,0,nan,0,nan,0,nan,0
1597988684668460032,1597988685237999872,2020-08-21 13:44:45.238000,7140.0,7250.0,7110.0,7250.0,nan,7165.0,199458,7149924475.0,273623,7145.0,449,7140.0,885,nan,0,nan,0,nan,0,nan,0,nan,0,nan,0,nan,0,nan,0
1597988689139275008,1597988689742000128,2020-08-21 13:44:49.742000,7145.0,7250.0,7110.0,7250.0,nan,7165.0,199460,7149995925.0,273623,7145.0,448,7140.0,885,nan,0,nan,0,nan,0,nan,0,nan,0,nan,0,nan,0,nan,0
1597988689658939904,1597988690234999808,2020-08-21 13:44:50.235000,7145.0,7250.0,7110.0,7250.0,nan,7165.0,199460,7149995925.0,273623,7145.0,462,7140.0,885,nan,0,nan,0,nan,0,nan,0,nan,0,nan,0,nan,0,nan,0
1597988690645270016,1597988691242000128,2020-08-21 13:44:51.242000,7145.0,7250.0,7110.0,7250.0,nan,7165.0,199463,7150103100.0,273624,7145.0,464,7140.0,885,nan,0,nan,0,nan,0,nan,0,nan,0,nan,0,nan,0,nan,0
1597988691151760896,1597988691730000128,2020-08-21 13:44:51.730000,7145.0,7250.0,7110.0,7250.0,nan,7165.0,199463,7150103100.0,273624,7145.0,494,7140.0,888,nan,0,nan,0,nan,0,nan,0,nan,0,nan,0,nan,0,nan,0
1597988692144525056,1597988692732999936,2020-08-21 13:44:52.733000,7145.0,7250.0,7110.0,7250.0,nan,7165.0,199463,7150103100.0,273624,7145.0,495,7140.0,888,nan,0,nan,0,nan,0,nan,0,nan,0,nan,0,nan,0,nan,0
1597988692646592000,1597988693207000064,2020-08-21 13:44:53.207000,7145.0,7250.0,7110.0,7250.0,nan,7165.0,199465,7150174550.0,273624,7145.0,494,7140.0,888,nan,0,nan,0,nan,0,nan,0,nan,0,nan,0,nan,0,nan,0
1597988697636487936,1597988698228000000,2020-08-21 13:44:58.228000,7145.0,7250.0,7110.0,7250.0,nan,7165.0,199470,7150353175.0,273629,7145.0,489,7140.0,907,nan,0,nan,0,nan,0,nan,0,nan,0,nan,0,nan,0,nan,0
1597988698142164992,1597988698731000064,2020-08-21 13:44:58.731000,7145.0,7250.0,7110.0,7250.0,nan,7165.0,199470,7150353175.0,273629,7145.0,477,7140.0,883,nan,0,nan,0,nan,0,nan,0,nan,0,nan,0,nan,0,nan,0
1597988700675388928,1597988701244999936,2020-08-21 13:45:01.245000,7140.0,7250.0,7110.0,7250.0,nan,7165.0,199472,7150424575.0,273631,7145.0,478,7140.0,881,nan,0,nan,0,nan,0,nan,0,nan,0,nan,0,nan,0,nan,0
1597988701182956032,1597988701742000128,2020-08-21 13:45:01.742000,7140.0,7250.0,7110.0,7250.0,nan,7165.0,199472,7150424575.0,273631,7145.0,481,7140.0,881,nan,0,nan,0,nan,0,nan,0,nan,0,nan,0,nan,0,nan,0
1597988701684923904,1597988702227000064,2020-08-21 13:45:02.227000,7140.0,7250.0,7110.0,7250.0,nan,7165.0,199472,7150424575.0,273631,7145.0,480,7140.0,882,nan,0,nan,0,nan,0,nan,0,nan,0,nan,0,nan,0,nan,0
1597988703160509952,1597988703726000128,2020-08-21 13:45:03.726000,7140.0,7250.0,7110.0,7250.0,nan,7165.0,199482,7150781575.0,273631,7145.0,481,7140.0,872,nan,0,nan,0,nan,0,nan,0,nan,0,nan,0,nan,0,nan,0
1597988704203673088,1597988704744999936,2020-08-21 13:45:04.745000,7140.0,7250.0,7110.0,7250.0,nan,7165.0,199482,7150781575.0,273631,7145.0,482,7140.0,872,nan,0,nan,0,nan,0,nan,0,nan,0,nan,0,nan,0,nan,0
1597988704650853120,1597988705212000000,2020-08-21 13:45:05.212000,7140.0,7250.0,7110.0,7250.0,nan,7165.0,199482,7150781575.0,273631,7145.0,490,7140.0,872,nan,0,nan,0,nan,0,nan,0,nan,0,nan,0,nan,0,nan,0
1597988705154487040,1597988705739000064,2020-08-21 13:45:05.739000,7140.0,7250.0,7110.0,7250.0,nan,7165.0,199482,7150781575.0,273631,7145.0,489,7140.0,872,nan,0,nan,0,nan,0,nan,0,nan,0,nan,0,nan,0,nan,0
1597988705656416000,1597988706242000128,2020-08-21 13:45:06.242000,7140.0,7250.0,7110.0,7250.0,nan,7165.0,199482,7150781575.0,273631,7145.0,490,7140.0,872,nan,0,nan,0,nan,0,nan,0,nan,0,nan,0,nan,0,nan,0
1597988706192884992,1597988706733999872,2020-08-21 13:45:06.734000,7145.0,7250.0,7110.0,7250.0,nan,7165.0,199483,7150817300.0,273632,7145.0,489,7140.0,872,nan,0,nan,0,nan,0,nan,0,nan,0,nan,0,nan,0,nan,0
1597988706638106880,1597988707237999872,2020-08-21 13:45:07.238000,7145.0,7250.0,7110.0,7250.0,nan,7165.0,199483,7150817300.0,273632,7145.0,488,7140.0,872,nan,0,nan,0,nan,0,nan,0,nan,0,nan,0,nan,0,nan,0
1597988708638714880,1597988709229000192,2020-08-21 13:45:09.229000,7140.0,7250.0,7110.0,7250.0,nan,7165.0,199486,7150924400.0,273632,7145.0,488,7140.0,869,nan,0,nan,0,nan,0,nan,0,nan,0,nan,0,nan,0,nan,0
1597988710145116928,1597988710736000000,2020-08-21 13:45:10.736000,7140.0,7250.0,7110.0,7250.0,nan,7165.0,199486,7150924400.0,273632,7145.0,492,7140.0,869,nan,0,nan,0,nan,0,nan,0,nan,0,nan,0,nan,0,nan,0
1597988710650875904,1597988711239000064,2020-08-21 13:45:11.239000,7140.0,7250.0,7110.0,7250.0,nan,7165.0,199486,7150924400.0,273632,7145.0,502,7140.0,869,nan,0,nan,0,nan,0,nan,0,nan,0,nan,0,nan,0,nan,0
1597988711647779072,1597988712219000064,2020-08-21 13:45:12.219000,7140.0,7250.0,7110.0,7250.0,nan,7165.0,199486,7150924400.0,273632,7145.0,502,7140.0,893,nan,0,nan,0,nan,0,nan,0,nan,0,nan,0,nan,0,nan,0
1597988712665054976,1597988713237999872,2020-08-21 13:45:13.238000,7145.0,7250.0,7110.0,7250.0,nan,7165.0,199527,7152389125.0,273649,7145.0,471,7140.0,879,nan,0,nan,0,nan,0,nan,0,nan,0,nan,0,nan,0,nan,0
1597988713165063936,1597988713739000064,2020-08-21 13:45:13.739000,7145.0,7250.0,7110.0,7250.0,nan,7165.0,199547,7153103625.0,273669,7145.0,475,7140.0,879,nan,0,nan,0,nan,0,nan,0,nan,0,nan,0,nan,0,nan,0
1597988713639816960,1597988714248000000,2020-08-21 13:45:14.248000,7145.0,7250.0,7110.0,7250.0,nan,7165.0,199568,7153853850.0,273688,7145.0,467,7140.0,881,nan,0,nan,0,nan,0,nan,0,nan,0,nan,0,nan,0,nan,0
1597988714193755904,1597988714737999872,2020-08-21 13:45:14.738000,7145.0,7250.0,7110.0,7250.0,nan,7165.0,199569,7153889575.0,273688,7145.0,465,7140.0,881,nan,0,nan,0,nan,0,nan,0,nan,0,nan,0,nan,0,nan,0
1597988714639672064,1597988715248000000,2020-08-21 13:45:15.248000,7145.0,7250.0,7110.0,7250.0,nan,7165.0,199589,7154604075.0,273708,7145.0,465,7140.0,881,nan,0,nan,0,nan,0,nan,0,nan,0,nan,0,nan,0,nan,0
1597988715156201984,1597988715743000064,2020-08-21 13:45:15.743000,7145.0,7250.0,7110.0,7250.0,nan,7165.0,199590,7154639800.0,273708,7145.0,456,7140.0,881,nan,0,nan,0,nan,0,nan,0,nan,0,nan,0,nan,0,nan,0
1597988715639514880,1597988716244999936,2020-08-21 13:45:16.245000,7145.0,7250.0,7110.0,7250.0,nan,7165.0,199590,7154639800.0,273708,7145.0,465,7140.0,881,nan,0,nan,0,nan,0,nan,0,nan,0,nan,0,nan,0,nan,0
1597988716141513984,1597988716743000064,2020-08-21 13:45:16.743000,7145.0,7250.0,7110.0,7250.0,nan,7165.0,199591,7154675525.0,273708,7145.0,464,7140.0,881,nan,0,nan,0,nan,0,nan,0,nan,0,nan,0,nan,0,nan,0
1597988716638234112,1597988717237999872,2020-08-21 13:45:17.238000,7140.0,7250.0,7110.0,7250.0,nan,7165.0,199592,7154711225.0,273709,7145.0,464,7140.0,881,nan,0,nan,0,nan,0,nan,0,nan,0,nan,0,nan,0,nan,0
1597988717157843968,1597988717740999936,2020-08-21 13:45:17.741000,7140.0,7250.0,7110.0,7250.0,nan,7165.0,199592,7154711225.0,273709,7145.0,460,7140.0,881,nan,0,nan,0,nan,0,nan,0,nan,0,nan,0,nan,0,nan,0
1597988717674342912,1597988718209000192,2020-08-21 13:45:18.209000,7145.0,7250.0,7110.0,7250.0,nan,7165.0,199593,7154746950.0,273708,7145.0,462,7140.0,881,nan,0,nan,0,nan,0,nan,0,nan,0,nan,0,nan,0,nan,0
1597988718162652928,1597988718744000000,2020-08-21 13:45:18.744000,7145.0,7250.0,7110.0,7250.0,nan,7165.0,199633,7156175950.0,273748,7145.0,467,7140.0,881,nan,0,nan,0,nan,0,nan,0,nan,0,nan,0,nan,0,nan,0
1597988718642369024,1597988719243000064,2020-08-21 13:45:19.243000,7145.0,7250.0,7110.0,7250.0,nan,7165.0,199633,7156175950.0,273748,7145.0,472,7140.0,886,nan,0,nan,0,nan,0,nan,0,nan,0,nan,0,nan,0,nan,0
1597988719135610112,1597988719712000000,2020-08-21 13:45:19.712000,7145.0,7250.0,7110.0,7250.0,nan,7165.0,199633,7156175950.0,273748,7145.0,476,7140.0,886,nan,0,nan,0,nan,0,nan,0,nan,0,nan,0,nan,0,nan,0
1597988719643655936,1597988720223000064,2020-08-21 13:45:20.223000,7145.0,7250.0,7110.0,7250.0,nan,7165.0,199633,7156175950.0,273748,7145.0,479,7140.0,886,nan,0,nan,0,nan,0,nan,0,nan,0,nan,0,nan,0,nan,0
1597988720160898048,1597988720740000000,2020-08-21 13:45:20.740000,7145.0,7250.0,7110.0,7250.0,nan,7165.0,199633,7156175950.0,273748,7145.0,481,7140.0,886,nan,0,nan,0,nan,0,nan,0,nan,0,nan,0,nan,0,nan,0
1597988720687790080,1597988721243000064,2020-08-21 13:45:21.243000,7145.0,7250.0,7110.0,7250.0,nan,7165.0,199633,7156175950.0,273748,7145.0,483,7140.0,889,nan,0,nan,0,nan,0,nan,0,nan,0,nan,0,nan,0,nan,0
1597988721264649984,1597988721748000000,2020-08-21 13:45:21.748000,7145.0,7250.0,7110.0,7250.0,nan,7165.0,199643,7156533200.0,273738,7145.0,478,7140.0,889,nan,0,nan,0,nan,0,nan,0,nan,0,nan,0,nan,0,nan,0
1597988721662754048,1597988722248000000,2020-08-21 13:45:22.248000,7140.0,7250.0,7110.0,7250.0,nan,7165.0,199644,7156568900.0,273738,7145.0,488,7140.0,888,nan,0,nan,0,nan,0,nan,0,nan,0,nan,0,nan,0,nan,0
1597988722659111936,1597988723239000064,2020-08-21 13:45:23.239000,7140.0,7250.0,7110.0,7250.0,nan,7165.0,199644,7156568900.0,273738,7145.0,488,7140.0,848,nan,0,nan,0,nan,0,nan,0,nan,0,nan,0,nan,0,nan,0
1597988723156688896,1597988723748000000,2020-08-21 13:45:23.748000,7140.0,7250.0,7110.0,7250.0,nan,7165.0,199644,7156568900.0,273738,7145.0,494,7140.0,848,nan,0,nan,0,nan,0,nan,0,nan,0,nan,0,nan,0,nan,0
1597988724646983936,1597988725246000128,2020-08-21 13:45:25.246000,7140.0,7250.0,7110.0,7250.0,nan,7165.0,199644,7156568900.0,273738,7145.0,494,7140.0,849,nan,0,nan,0,nan,0,nan,0,nan,0,nan,0,nan,0,nan,0
1597988727176462080,1597988727712999936,2020-08-21 13:45:27.713000,7140.0,7250.0,7110.0,7250.0,nan,7165.0,199644,7156568900.0,273738,7145.0,494,7140.0,859,nan,0,nan,0,nan,0,nan,0,nan,0,nan,0,nan,0,nan,0
1597988727654259968,1597988728234999808,2020-08-21 13:45:28.235000,7140.0,7250.0,7110.0,7250.0,nan,7165.0,199644,7156568900.0,273738,7145.0,494,7140.0,862,nan,0,nan,0,nan,0,nan,0,nan,0,nan,0,nan,0,nan,0
1597988730656655104,1597988731220999936,2020-08-21 13:45:31.221000,7140.0,7250.0,7110.0,7250.0,nan,7165.0,199664,7157282900.0,273733,7145.0,494,7140.0,842,nan,0,nan,0,nan,0,nan,0,nan,0,nan,0,nan,0,nan,0
1597988731136283904,1597988731740000000,2020-08-21 13:45:31.740000,7140.0,7250.0,7110.0,7250.0,nan,7165.0,199664,7157282900.0,273733,7145.0,494,7140.0,842,nan,0,nan,0,nan,0,nan,0,nan,0,nan,0,nan,0,nan,0
1597988732174519040,1597988732746000128,2020-08-21 13:45:32.746000,7140.0,7250.0,7110.0,7250.0,nan,7165.0,199665,7157318600.0,273732,7145.0,505,7140.0,836,nan,0,nan,0,nan,0,nan,0,nan,0,nan,0,nan,0,nan,0
1597988732640873984,1597988733246000128,2020-08-21 13:45:33.246000,7140.0,7250.0,7110.0,7250.0,nan,7165.0,199665,7157318600.0,273732,7145.0,506,7140.0,835,nan,0,nan,0,nan,0,nan,0,nan,0,nan,0,nan,0,nan,0
1597988735167600896,1597988735734999808,2020-08-21 13:45:35.735000,7140.0,7250.0,7110.0,7250.0,nan,7165.0,199665,7157318600.0,273732,7145.0,506,7140.0,831,nan,0,nan,0,nan,0,nan,0,nan,0,nan,0,nan,0,nan,0
1597988735693668096,1597988736242000128,2020-08-21 13:45:36.242000,7145.0,7250.0,7110.0,7250.0,nan,7165.0,199674,7157640125.0,273737,7145.0,502,7140.0,836,nan,0,nan,0,nan,0,nan,0,nan,0,nan,0,nan,0,nan,0
1597988736154496000,1597988736732000000,2020-08-21 13:45:36.732000,7140.0,7250.0,7110.0,7250.0,nan,7165.0,199676,7157711525.0,273735,7145.0,502,7140.0,834,nan,0,nan,0,nan,0,nan,0,nan,0,nan,0,nan,0,nan,0
1597988737165639936,1597988737740999936,2020-08-21 13:45:37.741000,7145.0,7250.0,7110.0,7250.0,nan,7165.0,199681,7157890150.0,273735,7145.0,498,7140.0,829,nan,0,nan,0,nan,0,nan,0,nan,0,nan,0,nan,0,nan,0
1597988737644865024,1597988738197999872,2020-08-21 13:45:38.198000,7145.0,7250.0,7110.0,7250.0,nan,7165.0,199681,7157890150.0,273735,7145.0,507,7140.0,829,nan,0,nan,0,nan,0,nan,0,nan,0,nan,0,nan,0,nan,0
1597988740638935040,1597988741229000192,2020-08-21 13:45:41.229000,7145.0,7250.0,7110.0,7250.0,nan,7165.0,199701,7158604650.0,273740,7145.0,492,7140.0,829,nan,0,nan,0,nan,0,nan,0,nan,0,nan,0,nan,0,nan,0
1597988741187706112,1597988741739000064,2020-08-21 13:45:41.739000,7145.0,7250.0,7110.0,7250.0,nan,7165.0,199716,7159140525.0,273755,7145.0,491,7140.0,834,nan,0,nan,0,nan,0,nan,0,nan,0,nan,0,nan,0,nan,0
1597988741643899904,1597988742217999872,2020-08-21 13:45:42.218000,7145.0,7250.0,7110.0,7250.0,nan,7165.0,199716,7159140525.0,273755,7145.0,491,7140.0,856,nan,0,nan,0,nan,0,nan,0,nan,0,nan,0,nan,0,nan,0
1597988742156884992,1597988742734999808,2020-08-21 13:45:42.735000,7145.0,7250.0,7110.0,7250.0,nan,7165.0,199716,7159140525.0,273755,7145.0,491,7140.0,876,nan,0,nan,0,nan,0,nan,0,nan,0,nan,0,nan,0,nan,0
1597988742651591936,1597988743226000128,2020-08-21 13:45:43.226000,7145.0,7250.0,7110.0,7250.0,nan,7165.0,199781,7161462650.0,273790,7145.0,425,7140.0,856,nan,0,nan,0,nan,0,nan,0,nan,0,nan,0,nan,0,nan,0
1597988743138629120,1597988743743000064,2020-08-21 13:45:43.743000,7145.0,7250.0,7110.0,7250.0,nan,7165.0,199781,7161462650.0,273790,7145.0,439,7140.0,856,nan,0,nan,0,nan,0,nan,0,nan,0,nan,0,nan,0,nan,0
1597988743691553024,1597988744248000000,2020-08-21 13:45:44.248000,7140.0,7250.0,7110.0,7250.0,nan,7165.0,199786,7161641150.0,273790,7145.0,439,7140.0,851,nan,0,nan,0,nan,0,nan,0,nan,0,nan,0,nan,0,nan,0
1597988744222448128,1597988744747000064,2020-08-21 13:45:44.747000,7140.0,7250.0,7110.0,7250.0,nan,7165.0,199786,7161641150.0,273790,7145.0,439,7140.0,858,nan,0,nan,0,nan,0,nan,0,nan,0,nan,0,nan,0,nan,0
1597988746173907968,1597988746730000128,2020-08-21 13:45:46.730000,7140.0,7250.0,7110.0,7250.0,nan,7165.0,199787,7161676850.0,273790,7145.0,439,7140.0,857,nan,0,nan,0,nan,0,nan,0,nan,0,nan,0,nan,0,nan,0
1597988746647791104,1597988747204000000,2020-08-21 13:45:47.204000,7140.0,7250.0,7110.0,7250.0,nan,7165.0,199807,7162391350.0,273810,7145.0,439,7140.0,840,nan,0,nan,0,nan,0,nan,0,nan,0,nan,0,nan,0,nan,0
1597988747157192960,1597988747726000128,2020-08-21 13:45:47.726000,7140.0,7250.0,7110.0,7250.0,nan,7165.0,199809,7162462775.0,273811,7145.0,439,7140.0,838,nan,0,nan,0,nan,0,nan,0,nan,0,nan,0,nan,0,nan,0
1597988748192256000,1597988748746000128,2020-08-21 13:45:48.746000,7145.0,7250.0,7110.0,7250.0,nan,7165.0,199829,7163177275.0,273831,7145.0,420,7140.0,838,nan,0,nan,0,nan,0,nan,0,nan,0,nan,0,nan,0,nan,0
1597988748642135040,1597988749233999872,2020-08-21 13:45:49.234000,7145.0,7250.0,7110.0,7250.0,nan,7165.0,199849,7163891775.0,273851,7145.0,399,7140.0,838,nan,0,nan,0,nan,0,nan,0,nan,0,nan,0,nan,0,nan,0
1597988749142843904,1597988749743000064,2020-08-21 13:45:49.743000,7145.0,7250.0,7110.0,7250.0,nan,7165.0,199870,7164641975.0,273871,7145.0,446,7140.0,837,nan,0,nan,0,nan,0,nan,0,nan,0,nan,0,nan,0,nan,0
