local_nano_time,quote_nano_time,datetime,last_price,highest,lowest,open,close,average,volume,amount,open_interest,ask_price1,ask_volume1,bid_price1,bid_volume1,ask_price2,ask_volume2,bid_price2,bid_volume2,ask_price3,ask_volume3,bid_price3,bid_volume3,ask_price4,ask_volume4,bid_price4,bid_volume4,ask_price5,ask_volume5,bid_price5,bid_volume5
1597988230115934976,1597988230432000000,2020-08-21 13:37:10.432000,6540.0,6605.8,6523.0,6540.0,nan,6563.5,83498,109607850200.0,116075,6540.8,2,6540.4,2,nan,0,nan,0,nan,0,nan,0,nan,0,nan,0,nan,0,nan,0
1597988230539389952,1597988230935000064,2020-08-21 13:37:10.935000,6539.2,6605.8,6523.0,6540.0,nan,6563.5,83500,109610465920.0,116074,6540.2,3,6539.0,3,nan,0,nan,0,nan,0,nan,0,nan,0,nan,0,nan,0,nan,0
1597988231041264128,1597988231436999936,2020-08-21 13:37:11.437000,6539.8,6605.8,6523.0,6540.0,nan,6563.5,83502,109613081840.0,116075,6540.2,1,6540.0,2,nan,0,nan,0,nan,0,nan,0,nan,0,nan,0,nan,0,nan,0
1597988231534921984,1597988231910000128,2020-08-21 13:37:11.910000,6540.0,6605.8,6523.0,6540.0,nan,6563.5,83506,109618313680.0,116079,6539.8,1,6539.0,1,nan,0,nan,0,nan,0,nan,0,nan,0,nan,0,nan,0,nan,0
1597988232032658944,1597988232423000064,2020-08-21 13:37:12.423000,6538.8,6605.8,6523.0,6540.0,nan,6563.5,83507,109619621440.0,116080,6540.0,1,6538.8,2,nan,0,nan,0,nan,0,nan,0,nan,0,nan,0,nan,0,nan,0
1597988232533405952,1597988232932000000,2020-08-21 13:37:12.932000,6539.0,6605.8,6523.0,6540.0,nan,6563.5,83508,109620929240.0,116081,6539.0,1,6538.8,2,nan,0,nan,0,nan,0,nan,0,nan,0,nan,0,nan,0,nan,0
1597988233033222912,1597988233405999872,2020-08-21 13:37:13.406000,6539.8,6605.8,6523.0,6540.0,nan,6563.5,83514,109628776280.0,116084,6540.0,1,6539.8,1,nan,0,nan,0,nan,0,nan,0,nan,0,nan,0,nan,0,nan,0
1597988233533314048,1597988233912000000,2020-08-21 13:37:13.912000,6539.8,6605.8,6523.0,6540.0,nan,6563.5,83515,109630084240.0,116085,6540.0,2,6539.8,2,nan,0,nan,0,nan,0,nan,0,nan,0,nan,0,nan,0,nan,0
1597988234034697984,1597988234427000064,2020-08-21 13:37:14.427000,6539.8,6605.8,6523.0,6540.0,nan,6563.5,83515,109630084240.0,116085,6540.0,2,6539.8,2,nan,0,nan,0,nan,0,nan,0,nan,0,nan,0,nan,0,nan,0
1597988234537605888,1597988234937999872,2020-08-21 13:37:14.938000,6540.0,6605.8,6523.0,6540.0,nan,6563.5,83517,109632700240.0,116087,6540.8,1,6540.0,1,nan,0,nan,0,nan,0,nan,0,nan,0,nan,0,nan,0,nan,0
1597988235030661888,1597988235413000192,2020-08-21 13:37:15.413000,6541.0,6605.8,6523.0,6540.0,nan,6563.5,83520,109636624600.0,116090,6541.0,4,6540.0,1,nan,0,nan,0,nan,0,nan,0,nan,0,nan,0,nan,0,nan,0
1597988235532765952,1597988235905999872,2020-08-21 13:37:15.906000,6540.8,6605.8,6523.0,6540.0,nan,6563.5,83522,109639240800.0,116091,6541.0,4,6540.0,1,nan,0,nan,0,nan,0,nan,0,nan,0,nan,0,nan,0,nan,0
1597988236035691008,1597988236432000000,2020-08-21 13:37:16.432000,6540.0,6605.8,6523.0,6540.0,nan,6563.5,83523,109640548800.0,116092,6541.0,4,6539.8,2,nan,0,nan,0,nan,0,nan,0,nan,0,nan,0,nan,0,nan,0
1597988236554364928,1597988236918999808,2020-08-21 13:37:16.919000,6540.0,6605.8,6523.0,6540.0,nan,6563.5,83523,109640548800.0,116092,6540.0,2,6539.8,2,nan,0,nan,0,nan,0,nan,0,nan,0,nan,0,nan,0,nan,0
1597988237042137088,1597988237435000064,2020-08-21 13:37:17.435000,6538.6,6605.8,6523.0,6540.0,nan,6563.5,83528,109647088000.0,116097,6538.2,3,6538.0,5,nan,0,nan,0,nan,0,nan,0,nan,0,nan,0,nan,0,nan,0
1597988237544557056,1597988237934000128,2020-08-21 13:37:17.934000,6538.0,6605.8,6523.0,6540.0,nan,6563.5,83537,109658856400.0,116099,6538.0,2,6537.8,1,nan,0,nan,0,nan,0,nan,0,nan,0,nan,0,nan,0,nan,0
1597988238043049984,1597988238430000128,2020-08-21 13:37:18.430000,6538.0,6605.8,6523.0,6540.0,nan,6563.5,83544,109668009560.0,116104,6539.6,5,6538.6,1,nan,0,nan,0,nan,0,nan,0,nan,0,nan,0,nan,0,nan,0
1597988238540430080,1597988238932000000,2020-08-21 13:37:18.932000,6538.0,6605.8,6523.0,6540.0,nan,6563.5,83547,109671932480.0,116102,6538.0,1,6537.4,3,nan,0,nan,0,nan,0,nan,0,nan,0,nan,0,nan,0,nan,0
1597988239040154880,1597988239420999936,2020-08-21 13:37:19.421000,6538.0,6605.8,6523.0,6540.0,nan,6563.5,83548,109673240080.0,116103,6538.6,1,6537.4,5,nan,0,nan,0,nan,0,nan,0,nan,0,nan,0,nan,0,nan,0
1597988239552092928,1597988239932000000,2020-08-21 13:37:19.932000,6537.8,6605.8,6523.0,6540.0,nan,6563.5,83550,109675855360.0,116105,6539.2,1,6537.6,1,nan,0,nan,0,nan,0,nan,0,nan,0,nan,0,nan,0,nan,0
1597988240042247936,1597988240416999936,2020-08-21 13:37:20.417000,6537.8,6605.8,6523.0,6540.0,nan,6563.5,83552,109678470480.0,116107,6538.6,2,6537.6,1,nan,0,nan,0,nan,0,nan,0,nan,0,nan,0,nan,0,nan,0
1597988240541955072,1597988240916000000,2020-08-21 13:37:20.916000,6537.8,6605.8,6523.0,6540.0,nan,6563.5,83552,109678470480.0,116107,6538.2,1,6537.6,1,nan,0,nan,0,nan,0,nan,0,nan,0,nan,0,nan,0,nan,0
1597988241078484992,1597988241423000064,2020-08-21 13:37:21.423000,6537.6,6605.8,6523.0,6540.0,nan,6563.5,83559,109687622960.0,116109,6538.0,1,6537.4,1,nan,0,nan,0,nan,0,nan,0,nan,0,nan,0,nan,0,nan,0
1597988241552176896,1597988241936000000,2020-08-21 13:37:21.936000,6537.0,6605.8,6523.0,6540.0,nan,6563.5,83565,109695467600.0,116113,6537.0,1,6536.6,2,nan,0,nan,0,nan,0,nan,0,nan,0,nan,0,nan,0,nan,0
1597988242054011904,1597988242423000064,2020-08-21 13:37:22.423000,6538.0,6605.8,6523.0,6540.0,nan,6563.5,83566,109696775200.0,116113,6538.0,1,6537.8,1,nan,0,nan,0,nan,0,nan,0,nan,0,nan,0,nan,0,nan,0
1597988242557026048,1597988242935000064,2020-08-21 13:37:22.935000,6536.6,6605.8,6523.0,6540.0,nan,6563.5,83569,109700697480.0,116115,6537.2,1,6536.6,1,nan,0,nan,0,nan,0,nan,0,nan,0,nan,0,nan,0,nan,0
1597988243083408896,1597988243432000000,2020-08-21 13:37:23.432000,6536.6,6605.8,6523.0,6540.0,nan,6563.5,83569,109700697480.0,116115,6537.2,2,6536.6,1,nan,0,nan,0,nan,0,nan,0,nan,0,nan,0,nan,0,nan,0
1597988243551277056,1597988243917999872,2020-08-21 13:37:23.918000,6536.6,6605.8,6523.0,6540.0,nan,6563.5,83569,109700697480.0,116115,6537.0,2,6536.6,1,nan,0,nan,0,nan,0,nan,0,nan,0,nan,0,nan,0,nan,0
1597988244078215936,1597988244433000192,2020-08-21 13:37:24.433000,6536.0,6605.8,6523.0,6540.0,nan,6563.5,83573,109705926800.0,116118,6537.2,2,6535.4,4,nan,0,nan,0,nan,0,nan,0,nan,0,nan,0,nan,0,nan,0
1597988244544113920,1597988244932000000,2020-08-21 13:37:24.932000,6537.2,6605.8,6523.0,6540.0,nan,6563.5,83576,109709848920.0,116118,6537.6,1,6536.6,4,nan,0,nan,0,nan,0,nan,0,nan,0,nan,0,nan,0,nan,0
1597988245053274880,1597988245427000064,2020-08-21 13:37:25.427000,6536.6,6605.8,6523.0,6540.0,nan,6563.5,83581,109716386200.0,116121,6537.4,1,6536.6,2,nan,0,nan,0,nan,0,nan,0,nan,0,nan,0,nan,0,nan,0
1597988245542840064,1597988245882999808,2020-08-21 13:37:25.883000,6536.6,6605.8,6523.0,6540.0,nan,6563.5,83584,109720308320.0,116123,6537.8,2,6536.0,1,nan,0,nan,0,nan,0,nan,0,nan,0,nan,0,nan,0,nan,0
1597988246076628992,1597988246423000064,2020-08-21 13:37:26.423000,6536.2,6605.8,6523.0,6540.0,nan,6563.5,83585,109721615560.0,116123,6536.4,5,6536.2,1,nan,0,nan,0,nan,0,nan,0,nan,0,nan,0,nan,0,nan,0
1597988246561359104,1597988246932000000,2020-08-21 13:37:26.932000,6536.0,6605.8,6523.0,6540.0,nan,6563.5,83592,109730766360.0,116127,6536.4,2,6535.6,2,nan,0,nan,0,nan,0,nan,0,nan,0,nan,0,nan,0,nan,0
1597988247079451904,1597988247436999936,2020-08-21 13:37:27.437000,6536.4,6605.8,6523.0,6540.0,nan,6563.5,83594,109733380920.0,116129,6536.6,1,6536.0,20,nan,0,nan,0,nan,0,nan,0,nan,0,nan,0,nan,0,nan,0
1597988247545413888,1597988247912000000,2020-08-21 13:37:27.912000,6536.6,6605.8,6523.0,6540.0,nan,6563.5,83602,109743839480.0,116133,6537.8,2,6536.8,2,nan,0,nan,0,nan,0,nan,0,nan,0,nan,0,nan,0,nan,0
1597988248054509056,1597988248420999936,2020-08-21 13:37:28.421000,6537.8,6605.8,6523.0,6540.0,nan,6563.5,83604,109746454600.0,116133,6539.2,1,6537.2,4,nan,0,nan,0,nan,0,nan,0,nan,0,nan,0,nan,0,nan,0
1597988248558861056,1597988248938999808,2020-08-21 13:37:28.939000,6537.6,6605.8,6523.0,6540.0,nan,6563.5,83605,109747762120.0,116132,6537.6,3,6537.2,2,nan,0,nan,0,nan,0,nan,0,nan,0,nan,0,nan,0,nan,0
1597988249044212992,1597988249420000000,2020-08-21 13:37:29.420000,6536.6,6605.8,6523.0,6540.0,nan,6563.5,83609,109752991760.0,116133,6539.6,2,6537.0,1,nan,0,nan,0,nan,0,nan,0,nan,0,nan,0,nan,0,nan,0
1597988249545366016,1597988249930000128,2020-08-21 13:37:29.930000,6537.0,6605.8,6523.0,6540.0,nan,6563.5,83613,109758221480.0,116132,6537.8,2,6536.6,1,nan,0,nan,0,nan,0,nan,0,nan,0,nan,0,nan,0,nan,0
1597988250055377920,1597988250435000064,2020-08-21 13:37:30.435000,6537.0,6605.8,6523.0,6540.0,nan,6563.5,83613,109758221480.0,116132,6537.6,2,6536.8,1,nan,0,nan,0,nan,0,nan,0,nan,0,nan,0,nan,0,nan,0
1597988250565421056,1597988250933000192,2020-08-21 13:37:30.933000,6536.6,6605.8,6523.0,6540.0,nan,6563.5,83615,109760836160.0,116131,6536.8,1,6536.6,1,nan,0,nan,0,nan,0,nan,0,nan,0,nan,0,nan,0,nan,0
1597988251052100096,1597988251436000000,2020-08-21 13:37:31.436000,6536.0,6605.8,6523.0,6540.0,nan,6563.5,83620,109767372600.0,116133,6536.6,1,6536.0,21,nan,0,nan,0,nan,0,nan,0,nan,0,nan,0,nan,0,nan,0
1597988251546827008,1597988251914000128,2020-08-21 13:37:31.914000,6536.6,6605.8,6523.0,6540.0,nan,6563.5,83624,109772601760.0,116134,6536.6,1,6536.0,20,nan,0,nan,0,nan,0,nan,0,nan,0,nan,0,nan,0,nan,0
1597988252556572928,1597988252933000192,2020-08-21 13:37:32.933000,6536.6,6605.8,6523.0,6540.0,nan,6563.5,83624,109772601760.0,116134,6536.2,2,6536.0,21,nan,0,nan,0,nan,0,nan,0,nan,0,nan,0,nan,0,nan,0
1597988253080397056,1597988253424000000,2020-08-21 13:37:33.424000,6536.2,6605.8,6523.0,6540.0,nan,6563.5,83627,109776523480.0,116134,6536.6,1,6536.0,20,nan,0,nan,0,nan,0,nan,0,nan,0,nan,0,nan,0,nan,0
1597988253554437120,1597988253898999808,2020-08-21 13:37:33.899000,6536.0,6605.8,6523.0,6540.0,nan,6563.5,83635,109786981080.0,116134,6536.4,1,6536.0,13,nan,0,nan,0,nan,0,nan,0,nan,0,nan,0,nan,0,nan,0
1597988254056796928,1597988254438999808,2020-08-21 13:37:34.439000,6535.0,6605.8,6523.0,6540.0,nan,6563.5,83660,109819659160.0,116142,6535.6,1,6534.6,1,nan,0,nan,0,nan,0,nan,0,nan,0,nan,0,nan,0,nan,0
1597988254553618944,1597988254935000064,2020-08-21 13:37:34.935000,6535.6,6605.8,6523.0,6540.0,nan,6563.4,83665,109826194600.0,116143,6534.4,1,6534.2,1,nan,0,nan,0,nan,0,nan,0,nan,0,nan,0,nan,0,nan,0
1597988255080803072,1597988255433000192,2020-08-21 13:37:35.433000,6536.0,6605.8,6523.0,6540.0,nan,6563.4,83670,109832730160.0,116146,6536.4,2,6536.0,11,nan,0,nan,0,nan,0,nan,0,nan,0,nan,0,nan,0,nan,0
1597988255564681984,1597988255931000064,2020-08-21 13:37:35.931000,6536.4,6605.8,6523.0,6540.0,nan,6563.4,83675,109839266560.0,116150,6536.8,3,6536.2,1,nan,0,nan,0,nan,0,nan,0,nan,0,nan,0,nan,0,nan,0
1597988256080747008,1597988256426000128,2020-08-21 13:37:36.426000,6536.8,6605.8,6523.0,6540.0,nan,6563.4,83678,109843188640.0,116152,6538.0,1,6536.8,2,nan,0,nan,0,nan,0,nan,0,nan,0,nan,0,nan,0,nan,0
1597988256562126080,1597988256924999936,2020-08-21 13:37:36.925000,6536.8,6605.8,6523.0,6540.0,nan,6563.4,83679,109844496000.0,116153,6538.0,4,6536.4,2,nan,0,nan,0,nan,0,nan,0,nan,0,nan,0,nan,0,nan,0
1597988257060172032,1597988257427000064,2020-08-21 13:37:37.427000,6537.2,6605.8,6523.0,6540.0,nan,6563.4,83680,109845803440.0,116154,6537.8,2,6536.4,3,nan,0,nan,0,nan,0,nan,0,nan,0,nan,0,nan,0,nan,0
1597988257555845888,1597988257933000192,2020-08-21 13:37:37.933000,6536.4,6605.8,6523.0,6540.0,nan,6563.4,83681,109847110720.0,116155,6537.8,4,6536.4,2,nan,0,nan,0,nan,0,nan,0,nan,0,nan,0,nan,0,nan,0
1597988258079085056,1597988258416999936,2020-08-21 13:37:38.417000,6536.4,6605.8,6523.0,6540.0,nan,6563.4,83682,109848418000.0,116156,6536.8,2,6536.6,1,nan,0,nan,0,nan,0,nan,0,nan,0,nan,0,nan,0,nan,0
1597988258558586880,1597988258935000064,2020-08-21 13:37:38.935000,6536.8,6605.8,6523.0,6540.0,nan,6563.4,83686,109853647320.0,116159,6536.8,4,6536.4,2,nan,0,nan,0,nan,0,nan,0,nan,0,nan,0,nan,0,nan,0
1597988259073116928,1597988259405999872,2020-08-21 13:37:39.406000,6536.8,6605.8,6523.0,6540.0,nan,6563.4,83686,109853647320.0,116159,6536.8,4,6536.4,2,nan,0,nan,0,nan,0,nan,0,nan,0,nan,0,nan,0,nan,0
1597988259563638016,1597988259921999872,2020-08-21 13:37:39.922000,6536.4,6605.8,6523.0,6540.0,nan,6563.4,83688,109856261880.0,116159,6536.4,1,6536.0,11,nan,0,nan,0,nan,0,nan,0,nan,0,nan,0,nan,0,nan,0
1597988260064517120,1597988260427000064,2020-08-21 13:37:40.427000,6536.0,6605.8,6523.0,6540.0,nan,6563.4,83700,109871948280.0,116168,6535.2,1,6534.8,1,nan,0,nan,0,nan,0,nan,0,nan,0,nan,0,nan,0,nan,0
1597988260559001088,1597988260932000000,2020-08-21 13:37:40.932000,6534.6,6605.8,6523.0,6540.0,nan,6563.4,83704,109877176240.0,116169,6534.6,3,6534.4,1,nan,0,nan,0,nan,0,nan,0,nan,0,nan,0,nan,0,nan,0
1597988261077498112,1597988261436000000,2020-08-21 13:37:41.436000,6534.6,6605.8,6523.0,6540.0,nan,6563.4,83704,109877176240.0,116169,6534.6,3,6534.4,1,nan,0,nan,0,nan,0,nan,0,nan,0,nan,0,nan,0,nan,0
1597988261555016960,1597988261931000064,2020-08-21 13:37:41.931000,6534.6,6605.8,6523.0,6540.0,nan,6563.4,83709,109883710840.0,116173,6535.2,2,6534.4,1,nan,0,nan,0,nan,0,nan,0,nan,0,nan,0,nan,0,nan,0
1597988262075889920,1597988262435000064,2020-08-21 13:37:42.435000,6534.6,6605.8,6523.0,6540.0,nan,6563.4,83710,109885017760.0,116173,6535.0,1,6534.4,1,nan,0,nan,0,nan,0,nan,0,nan,0,nan,0,nan,0,nan,0
1597988262555346944,1597988262910000128,2020-08-21 13:37:42.910000,6534.4,6605.8,6523.0,6540.0,nan,6563.4,83724,109903314000.0,116183,6534.4,5,6534.2,1,nan,0,nan,0,nan,0,nan,0,nan,0,nan,0,nan,0,nan,0
1597988263050195968,1597988263379000064,2020-08-21 13:37:43.379000,6534.4,6605.8,6523.0,6540.0,nan,6563.4,83731,109912461960.0,116189,6534.4,3,6534.0,32,nan,0,nan,0,nan,0,nan,0,nan,0,nan,0,nan,0,nan,0
1597988263553249024,1597988263930000128,2020-08-21 13:37:43.930000,6534.0,6605.8,6523.0,6540.0,nan,6563.4,83737,109920303000.0,116194,6535.2,2,6534.0,30,nan,0,nan,0,nan,0,nan,0,nan,0,nan,0,nan,0,nan,0
1597988264093888000,1597988264433000192,2020-08-21 13:37:44.433000,6535.0,6605.8,6523.0,6540.0,nan,6563.4,83745,109930758080.0,116199,6535.2,2,6534.0,27,nan,0,nan,0,nan,0,nan,0,nan,0,nan,0,nan,0,nan,0
1597988264555256064,1597988264935000064,2020-08-21 13:37:44.935000,6534.4,6605.8,6523.0,6540.0,nan,6563.4,83746,109932064960.0,116200,6535.2,2,6534.0,28,nan,0,nan,0,nan,0,nan,0,nan,0,nan,0,nan,0,nan,0
1597988265051108096,1597988265413000192,2020-08-21 13:37:45.413000,6535.2,6605.8,6523.0,6540.0,nan,6563.4,83748,109934679040.0,116200,6535.6,2,6535.2,5,nan,0,nan,0,nan,0,nan,0,nan,0,nan,0,nan,0,nan,0
1597988265550509056,1597988265935000064,2020-08-21 13:37:45.935000,6536.0,6605.8,6523.0,6540.0,nan,6563.4,83757,109946443120.0,116206,6536.8,1,6536.2,2,nan,0,nan,0,nan,0,nan,0,nan,0,nan,0,nan,0,nan,0
1597988266053568000,1597988266424999936,2020-08-21 13:37:46.425000,6536.8,6605.8,6523.0,6540.0,nan,6563.4,83758,109947750480.0,116207,6537.2,1,6536.2,2,nan,0,nan,0,nan,0,nan,0,nan,0,nan,0,nan,0,nan,0
1597988266551613952,1597988266924000000,2020-08-21 13:37:46.924000,6536.8,6605.8,6523.0,6540.0,nan,6563.4,83759,109949057840.0,116206,6537.2,1,6536.4,2,nan,0,nan,0,nan,0,nan,0,nan,0,nan,0,nan,0,nan,0
1597988267104967936,1597988267416999936,2020-08-21 13:37:47.417000,6536.8,6605.8,6523.0,6540.0,nan,6563.4,83759,109949057840.0,116206,6537.2,1,6536.6,1,nan,0,nan,0,nan,0,nan,0,nan,0,nan,0,nan,0,nan,0
1597988267560988928,1597988267938999808,2020-08-21 13:37:47.939000,6536.8,6605.8,6523.0,6540.0,nan,6563.4,83759,109949057840.0,116206,6537.2,1,6536.8,5,nan,0,nan,0,nan,0,nan,0,nan,0,nan,0,nan,0,nan,0
1597988268084929024,1597988268428999936,2020-08-21 13:37:48.429000,6536.8,6605.8,6523.0,6540.0,nan,6563.4,83759,109949057840.0,116206,6537.2,1,6537.0,1,nan,0,nan,0,nan,0,nan,0,nan,0,nan,0,nan,0,nan,0
1597988268568001024,1597988268924999936,2020-08-21 13:37:48.925000,6537.0,6605.8,6523.0,6540.0,nan,6563.4,83761,109951672680.0,116207,6537.4,1,6537.0,1,nan,0,nan,0,nan,0,nan,0,nan,0,nan,0,nan,0,nan,0
1597988269070307072,1597988269407000064,2020-08-21 13:37:49.407000,6536.8,6605.8,6523.0,6540.0,nan,6563.4,83763,109954287440.0,116209,6537.0,1,6536.8,4,nan,0,nan,0,nan,0,nan,0,nan,0,nan,0,nan,0,nan,0
1597988269566307072,1597988269923000064,2020-08-21 13:37:49.923000,6536.8,6605.8,6523.0,6540.0,nan,6563.4,83767,109959516880.0,116213,6537.0,1,6536.4,1,nan,0,nan,0,nan,0,nan,0,nan,0,nan,0,nan,0,nan,0
1597988270081434880,1597988270424000000,2020-08-21 13:37:50.424000,6536.4,6605.8,6523.0,6540.0,nan,6563.4,83769,109962131440.0,116214,6536.8,2,6536.2,2,nan,0,nan,0,nan,0,nan,0,nan,0,nan,0,nan,0,nan,0
1597988270557272064,1597988270935000064,2020-08-21 13:37:50.935000,6536.4,6605.8,6523.0,6540.0,nan,6563.4,83769,109962131440.0,116214,6536.6,1,6536.4,2,nan,0,nan,0,nan,0,nan,0,nan,0,nan,0,nan,0,nan,0
1597988271078521088,1597988271434000128,2020-08-21 13:37:51.434000,6536.8,6605.8,6523.0,6540.0,nan,6563.4,83772,109966053480.0,116216,6537.0,1,6536.4,2,nan,0,nan,0,nan,0,nan,0,nan,0,nan,0,nan,0,nan,0
1597988271555848960,1597988271913000192,2020-08-21 13:37:51.913000,6536.8,6605.8,6523.0,6540.0,nan,6563.4,83772,109966053480.0,116216,6537.0,1,6536.4,2,nan,0,nan,0,nan,0,nan,0,nan,0,nan,0,nan,0,nan,0
1597988272054065920,1597988272432000000,2020-08-21 13:37:52.432000,6536.8,6605.8,6523.0,6540.0,nan,6563.4,83772,109966053480.0,116216,6537.0,1,6536.4,2,nan,0,nan,0,nan,0,nan,0,nan,0,nan,0,nan,0,nan,0
1597988272555120896,1597988272932000000,2020-08-21 13:37:52.932000,6536.8,6605.8,6523.0,6540.0,nan,6563.4,83772,109966053480.0,116216,6537.0,2,6536.6,1,nan,0,nan,0,nan,0,nan,0,nan,0,nan,0,nan,0,nan,0
1597988273082021888,1597988273434000128,2020-08-21 13:37:53.434000,6536.6,6605.8,6523.0,6540.0,nan,6563.4,83773,109967360800.0,116217,6537.0,2,6536.8,2,nan,0,nan,0,nan,0,nan,0,nan,0,nan,0,nan,0,nan,0
1597988273562096896,1597988273932000000,2020-08-21 13:37:53.932000,6536.6,6605.8,6523.0,6540.0,nan,6563.4,83773,109967360800.0,116217,6537.0,2,6536.8,2,nan,0,nan,0,nan,0,nan,0,nan,0,nan,0,nan,0,nan,0
1597988274077232896,1597988274432000000,2020-08-21 13:37:54.432000,6536.6,6605.8,6523.0,6540.0,nan,6563.4,83774,109968668120.0,116218,6537.0,2,6536.8,1,nan,0,nan,0,nan,0,nan,0,nan,0,nan,0,nan,0,nan,0
1597988274560174080,1597988274931000064,2020-08-21 13:37:54.931000,6537.0,6605.8,6523.0,6540.0,nan,6563.4,83778,109973897680.0,116220,6537.2,1,6537.0,3,nan,0,nan,0,nan,0,nan,0,nan,0,nan,0,nan,0,nan,0
1597988275053920000,1597988275411000064,2020-08-21 13:37:55.411000,6537.2,6605.8,6523.0,6540.0,nan,6563.4,83780,109976512560.0,116221,6537.4,1,6537.2,1,nan,0,nan,0,nan,0,nan,0,nan,0,nan,0,nan,0,nan,0
1597988275567005952,1597988275917999872,2020-08-21 13:37:55.918000,6537.4,6605.8,6523.0,6540.0,nan,6563.4,83781,109977820040.0,116222,6538.0,1,6537.4,3,nan,0,nan,0,nan,0,nan,0,nan,0,nan,0,nan,0,nan,0
1597988276088772096,1597988276423000064,2020-08-21 13:37:56.423000,6537.4,6605.8,6523.0,6540.0,nan,6563.4,83781,109977820040.0,116222,6538.0,1,6537.6,2,nan,0,nan,0,nan,0,nan,0,nan,0,nan,0,nan,0,nan,0
1597988276700303104,1597988276926000128,2020-08-21 13:37:56.926000,6538.8,6605.8,6523.0,6540.0,nan,6563.4,83784,109981743040.0,116223,6538.8,1,6537.6,2,nan,0,nan,0,nan,0,nan,0,nan,0,nan,0,nan,0,nan,0
1597988277229629952,1597988277428999936,2020-08-21 13:37:57.429000,6538.8,6605.8,6523.0,6540.0,nan,6563.4,83784,109981743040.0,116223,6538.8,1,6538.0,2,nan,0,nan,0,nan,0,nan,0,nan,0,nan,0,nan,0,nan,0
1597988277563384064,1597988277920000000,2020-08-21 13:37:57.920000,6538.8,6605.8,6523.0,6540.0,nan,6563.4,83784,109981743040.0,116223,6538.8,1,6538.0,3,nan,0,nan,0,nan,0,nan,0,nan,0,nan,0,nan,0,nan,0
1597988278061794048,1597988278436000000,2020-08-21 13:37:58.436000,6538.0,6605.8,6523.0,6540.0,nan,6563.4,83785,109983050640.0,116224,6538.6,1,6538.0,2,nan,0,nan,0,nan,0,nan,0,nan,0,nan,0,nan,0,nan,0
1597988278556828928,1597988278937999872,2020-08-21 13:37:58.938000,6538.6,6605.8,6523.0,6540.0,nan,6563.4,83786,109984358360.0,116225,6538.8,1,6538.6,1,nan,0,nan,0,nan,0,nan,0,nan,0,nan,0,nan,0,nan,0
1597988279078629120,1597988279436000000,2020-08-21 13:37:59.436000,6538.6,6605.8,6523.0,6540.0,nan,6563.4,83786,109984358360.0,116225,6538.8,1,6538.6,1,nan,0,nan,0,nan,0,nan,0,nan,0,nan,0,nan,0,nan,0
1597988279559921920,1597988279936999936,2020-08-21 13:37:59.937000,6538.6,6605.8,6523.0,6540.0,nan,6563.4,83787,109985666080.0,116226,6538.8,1,6538.2,1,nan,0,nan,0,nan,0,nan,0,nan,0,nan,0,nan,0,nan,0
1597988280059862016,1597988280436000000,2020-08-21 13:38:00.436000,6538.8,6605.8,6523.0,6540.0,nan,6563.4,83788,109986973840.0,116225,6539.0,1,6538.4,1,nan,0,nan,0,nan,0,nan,0,nan,0,nan,0,nan,0,nan,0
1597988280560914944,1597988280933000192,2020-08-21 13:38:00.933000,6539.0,6605.8,6523.0,6540.0,nan,6563.4,83790,109989589440.0,116227,6538.6,1,6538.4,1,nan,0,nan,0,nan,0,nan,0,nan,0,nan,0,nan,0,nan,0
1597988281059995904,1597988281405999872,2020-08-21 13:38:01.406000,6538.4,6605.8,6523.0,6540.0,nan,6563.4,83792,109992204840.0,116227,6539.6,1,6538.2,1,nan,0,nan,0,nan,0,nan,0,nan,0,nan,0,nan,0,nan,0
1597988281560665088,1597988281924999936,2020-08-21 13:38:01.925000,6538.4,6605.8,6523.0,6540.0,nan,6563.4,83792,109992204840.0,116227,6539.4,3,6538.2,1,nan,0,nan,0,nan,0,nan,0,nan,0,nan,0,nan,0,nan,0
1597988282079654912,1597988282423000064,2020-08-21 13:38:02.423000,6538.4,6605.8,6523.0,6540.0,nan,6563.4,83792,109992204840.0,116227,6538.6,1,6538.2,1,nan,0,nan,0,nan,0,nan,0,nan,0,nan,0,nan,0,nan,0
1597988282558458880,1597988282935000064,2020-08-21 13:38:02.935000,6538.6,6605.8,6523.0,6540.0,nan,6563.4,83794,109994820200.0,116229,6538.8,1,6538.0,1,nan,0,nan,0,nan,0,nan,0,nan,0,nan,0,nan,0,nan,0
1597988283063866880,1597988283430000128,2020-08-21 13:38:03.430000,6538.0,6605.8,6523.0,6540.0,nan,6563.4,83798,110000051160.0,116232,6538.0,4,6537.8,1,nan,0,nan,0,nan,0,nan,0,nan,0,nan,0,nan,0,nan,0
1597988283559414016,1597988283913000192,2020-08-21 13:38:03.913000,6538.0,6605.8,6523.0,6540.0,nan,6563.4,83798,110000051160.0,116232,6538.0,5,6537.8,2,nan,0,nan,0,nan,0,nan,0,nan,0,nan,0,nan,0,nan,0
1597988284070956032,1597988284435000064,2020-08-21 13:38:04.435000,6537.8,6605.8,6523.0,6540.0,nan,6563.4,83800,110002666280.0,116233,6538.0,5,6537.4,6,nan,0,nan,0,nan,0,nan,0,nan,0,nan,0,nan,0,nan,0
1597988284562050048,1597988284932000000,2020-08-21 13:38:04.932000,6537.6,6605.8,6523.0,6540.0,nan,6563.4,83803,110006588760.0,116235,6538.0,5,6537.4,4,nan,0,nan,0,nan,0,nan,0,nan,0,nan,0,nan,0,nan,0
1597988285078502912,1597988285413000192,2020-08-21 13:38:05.413000,6537.4,6605.8,6523.0,6540.0,nan,6563.4,83804,110007896240.0,116235,6538.0,6,6537.6,1,nan,0,nan,0,nan,0,nan,0,nan,0,nan,0,nan,0,nan,0
1597988285567958016,1597988285937999872,2020-08-21 13:38:05.938000,6537.6,6605.8,6523.0,6540.0,nan,6563.4,83807,110011818800.0,116237,6537.6,2,6537.4,3,nan,0,nan,0,nan,0,nan,0,nan,0,nan,0,nan,0,nan,0
1597988286082319104,1597988286428000000,2020-08-21 13:38:06.428000,6537.0,6605.8,6523.0,6540.0,nan,6563.4,83813,110019663440.0,116239,6537.0,2,6536.4,1,nan,0,nan,0,nan,0,nan,0,nan,0,nan,0,nan,0,nan,0
1597988286571358976,1597988286936000000,2020-08-21 13:38:06.936000,6536.4,6605.8,6523.0,6540.0,nan,6563.4,83816,110023585280.0,116238,6536.4,2,6535.8,1,nan,0,nan,0,nan,0,nan,0,nan,0,nan,0,nan,0,nan,0
1597988287079965952,1597988287435000064,2020-08-21 13:38:07.435000,6535.8,6605.8,6523.0,6540.0,nan,6563.4,83819,110027506760.0,116240,6536.2,4,6535.6,1,nan,0,nan,0,nan,0,nan,0,nan,0,nan,0,nan,0,nan,0
1597988287577267968,1597988287937999872,2020-08-21 13:38:07.938000,6535.8,6605.8,6523.0,6540.0,nan,6563.4,83821,110030121040.0,116240,6536.2,4,6535.2,4,nan,0,nan,0,nan,0,nan,0,nan,0,nan,0,nan,0,nan,0
1597988288082970880,1597988288436999936,2020-08-21 13:38:08.437000,6535.8,6605.8,6523.0,6540.0,nan,6563.4,83821,110030121040.0,116240,6536.2,4,6535.2,4,nan,0,nan,0,nan,0,nan,0,nan,0,nan,0,nan,0,nan,0
1597988289087375872,1597988289432000000,2020-08-21 13:38:09.432000,6535.8,6605.8,6523.0,6540.0,nan,6563.4,83821,110030121040.0,116240,6536.2,4,6535.2,5,nan,0,nan,0,nan,0,nan,0,nan,0,nan,0,nan,0,nan,0
1597988289567074048,1597988289911000064,2020-08-21 13:38:09.911000,6535.8,6605.8,6523.0,6540.0,nan,6563.4,83821,110030121040.0,116240,6536.2,3,6535.2,5,nan,0,nan,0,nan,0,nan,0,nan,0,nan,0,nan,0,nan,0
1597988290067954944,1597988290417999872,2020-08-21 13:38:10.418000,6536.2,6605.8,6523.0,6540.0,nan,6563.4,83824,110034042760.0,116240,6536.4,1,6535.4,2,nan,0,nan,0,nan,0,nan,0,nan,0,nan,0,nan,0,nan,0
1597988290572054016,1597988290931000064,2020-08-21 13:38:10.931000,6537.6,6605.8,6523.0,6540.0,nan,6563.4,83826,110036657560.0,116239,6537.6,1,6537.0,1,nan,0,nan,0,nan,0,nan,0,nan,0,nan,0,nan,0,nan,0
1597988291082228992,1597988291432000000,2020-08-21 13:38:11.432000,6537.6,6605.8,6523.0,6540.0,nan,6563.4,83826,110036657560.0,116239,6537.6,1,6537.0,1,nan,0,nan,0,nan,0,nan,0,nan,0,nan,0,nan,0,nan,0
1597988291570109952,1597988291936000000,2020-08-21 13:38:11.936000,6537.0,6605.8,6523.0,6540.0,nan,6563.4,83827,110037964960.0,116240,6537.6,1,6536.4,2,nan,0,nan,0,nan,0,nan,0,nan,0,nan,0,nan,0,nan,0
1597988292084442880,1597988292436999936,2020-08-21 13:38:12.437000,6537.6,6605.8,6523.0,6540.0,nan,6563.4,83830,110041887080.0,116243,6538.0,5,6536.4,1,nan,0,nan,0,nan,0,nan,0,nan,0,nan,0,nan,0,nan,0
1597988292575055104,1597988292936000000,2020-08-21 13:38:12.936000,6537.6,6605.8,6523.0,6540.0,nan,6563.4,83830,110041887080.0,116243,6537.8,2,6537.6,20,nan,0,nan,0,nan,0,nan,0,nan,0,nan,0,nan,0,nan,0
1597988293070278912,1597988293428000000,2020-08-21 13:38:13.428000,6537.8,6605.8,6523.0,6540.0,nan,6563.4,83837,110051040200.0,116249,6538.4,1,6538.0,4,nan,0,nan,0,nan,0,nan,0,nan,0,nan,0,nan,0,nan,0
1597988293571780096,1597988293931000064,2020-08-21 13:38:13.931000,6539.6,6605.8,6523.0,6540.0,nan,6563.4,83840,110054963560.0,116251,6539.6,4,6538.8,3,nan,0,nan,0,nan,0,nan,0,nan,0,nan,0,nan,0,nan,0
1597988294078895104,1597988294430000128,2020-08-21 13:38:14.430000,6539.0,6605.8,6523.0,6540.0,nan,6563.4,83846,110062810720.0,116252,6539.6,1,6538.2,1,nan,0,nan,0,nan,0,nan,0,nan,0,nan,0,nan,0,nan,0
1597988294587237120,1597988294933000192,2020-08-21 13:38:14.933000,6538.2,6605.8,6523.0,6540.0,nan,6563.4,83849,110066733760.0,116253,6539.6,1,6537.8,3,nan,0,nan,0,nan,0,nan,0,nan,0,nan,0,nan,0,nan,0
1597988295101242112,1597988295438999808,2020-08-21 13:38:15.439000,6537.8,6605.8,6523.0,6540.0,nan,6563.4,83852,110070656440.0,116256,6539.2,1,6537.6,20,nan,0,nan,0,nan,0,nan,0,nan,0,nan,0,nan,0,nan,0
1597988295573159936,1597988295937999872,2020-08-21 13:38:15.938000,6537.6,6605.8,6523.0,6540.0,nan,6563.4,83860,110081116600.0,116258,6537.8,2,6537.6,12,nan,0,nan,0,nan,0,nan,0,nan,0,nan,0,nan,0,nan,0
1597988296066702080,1597988296431000064,2020-08-21 13:38:16.431000,6537.6,6605.8,6523.0,6540.0,nan,6563.4,83872,110096806840.0,116264,6536.6,1,6535.4,2,nan,0,nan,0,nan,0,nan,0,nan,0,nan,0,nan,0,nan,0
1597988296581586944,1597988296903000064,2020-08-21 13:38:16.903000,6535.4,6605.8,6523.0,6540.0,nan,6563.4,83873,110098113920.0,116264,6536.0,1,6535.4,1,nan,0,nan,0,nan,0,nan,0,nan,0,nan,0,nan,0,nan,0
1597988297077723904,1597988297424999936,2020-08-21 13:38:17.425000,6536.0,6605.8,6523.0,6540.0,nan,6563.4,83875,110100728320.0,116266,6536.2,1,6535.4,1,nan,0,nan,0,nan,0,nan,0,nan,0,nan,0,nan,0,nan,0
1597988297574043904,1597988297937999872,2020-08-21 13:38:17.938000,6537.6,6605.8,6523.0,6540.0,nan,6563.4,83881,110108572520.0,116272,6537.6,4,6535.6,2,nan,0,nan,0,nan,0,nan,0,nan,0,nan,0,nan,0,nan,0
1597988298077195008,1597988298433000192,2020-08-21 13:38:18.433000,6537.6,6605.8,6523.0,6540.0,nan,6563.4,83881,110108572520.0,116272,6537.4,2,6536.6,1,nan,0,nan,0,nan,0,nan,0,nan,0,nan,0,nan,0,nan,0
1597988298567688960,1597988298876000000,2020-08-21 13:38:18.876000,6537.6,6605.8,6523.0,6540.0,nan,6563.4,83882,110109880040.0,116271,6537.6,5,6536.6,1,nan,0,nan,0,nan,0,nan,0,nan,0,nan,0,nan,0,nan,0
1597988299068760064,1597988299417999872,2020-08-21 13:38:19.418000,6536.8,6605.8,6523.0,6540.0,nan,6563.4,83883,110111187400.0,116270,6537.6,4,6536.6,1,nan,0,nan,0,nan,0,nan,0,nan,0,nan,0,nan,0,nan,0
1597988300082409984,1597988300418999808,2020-08-21 13:38:20.419000,6536.8,6605.8,6523.0,6540.0,nan,6563.4,83883,110111187400.0,116270,6537.6,4,6536.8,1,nan,0,nan,0,nan,0,nan,0,nan,0,nan,0,nan,0,nan,0
1597988300569016064,1597988300936999936,2020-08-21 13:38:20.937000,6537.6,6605.8,6523.0,6540.0,nan,6563.4,83884,110112494920.0,116270,6537.6,3,6536.8,1,nan,0,nan,0,nan,0,nan,0,nan,0,nan,0,nan,0,nan,0
1597988301351927040,1597988301433000192,2020-08-21 13:38:21.433000,6536.8,6605.8,6523.0,6540.0,nan,6563.4,83885,110113802280.0,116271,6537.6,3,6536.6,2,nan,0,nan,0,nan,0,nan,0,nan,0,nan,0,nan,0,nan,0
1597988302025092096,1597988301933000192,2020-08-21 13:38:21.933000,6536.8,6605.8,6523.0,6540.0,nan,6563.4,83885,110113802280.0,116271,6536.8,1,6536.6,2,nan,0,nan,0,nan,0,nan,0,nan,0,nan,0,nan,0,nan,0
1597988302093058048,1597988302412000000,2020-08-21 13:38:22.412000,6536.8,6605.8,6523.0,6540.0,nan,6563.4,83885,110113802280.0,116271,6536.8,1,6536.6,1,nan,0,nan,0,nan,0,nan,0,nan,0,nan,0,nan,0,nan,0
1597988302580972032,1597988302926000128,2020-08-21 13:38:22.926000,6536.8,6605.8,6523.0,6540.0,nan,6563.4,83885,110113802280.0,116271,6536.8,1,6536.6,1,nan,0,nan,0,nan,0,nan,0,nan,0,nan,0,nan,0,nan,0
1597988303084670976,1597988303428000000,2020-08-21 13:38:23.428000,6536.8,6605.8,6523.0,6540.0,nan,6563.4,83886,110115109640.0,116272,6537.6,3,6536.6,1,nan,0,nan,0,nan,0,nan,0,nan,0,nan,0,nan,0,nan,0
1597988303590845952,1597988303917999872,2020-08-21 13:38:23.918000,6536.6,6605.8,6523.0,6540.0,nan,6563.4,83887,110116416960.0,116272,6537.6,3,6536.0,2,nan,0,nan,0,nan,0,nan,0,nan,0,nan,0,nan,0,nan,0
1597988304081078016,1597988304435000064,2020-08-21 13:38:24.435000,6536.4,6605.8,6523.0,6540.0,nan,6563.4,83888,110117724240.0,116272,6537.6,1,6536.2,1,nan,0,nan,0,nan,0,nan,0,nan,0,nan,0,nan,0,nan,0
1597988304568785920,1597988304928999936,2020-08-21 13:38:24.929000,6536.4,6605.8,6523.0,6540.0,nan,6563.4,83894,110125568400.0,116275,6539.6,2,6536.2,1,nan,0,nan,0,nan,0,nan,0,nan,0,nan,0,nan,0,nan,0
1597988305083692032,1597988305433000192,2020-08-21 13:38:25.433000,6538.6,6605.8,6523.0,6540.0,nan,6563.4,83896,110128183800.0,116277,6538.6,2,6537.0,1,nan,0,nan,0,nan,0,nan,0,nan,0,nan,0,nan,0,nan,0
1597988305587406080,1597988305936999936,2020-08-21 13:38:25.937000,6538.6,6605.8,6523.0,6540.0,nan,6563.4,83896,110128183800.0,116277,6538.4,3,6537.2,1,nan,0,nan,0,nan,0,nan,0,nan,0,nan,0,nan,0,nan,0
1597988306083184896,1597988306417999872,2020-08-21 13:38:26.418000,6538.6,6605.8,6523.0,6540.0,nan,6563.4,83896,110128183800.0,116277,6538.4,1,6537.2,1,nan,0,nan,0,nan,0,nan,0,nan,0,nan,0,nan,0,nan,0
1597988306581997056,1597988306932000000,2020-08-21 13:38:26.932000,6538.6,6605.8,6523.0,6540.0,nan,6563.4,83897,110129491520.0,116276,6538.4,1,6537.2,1,nan,0,nan,0,nan,0,nan,0,nan,0,nan,0,nan,0,nan,0
1597988307079394048,1597988307413000192,2020-08-21 13:38:27.413000,6538.6,6605.8,6523.0,6540.0,nan,6563.4,83897,110129491520.0,116276,6538.4,1,6537.4,1,nan,0,nan,0,nan,0,nan,0,nan,0,nan,0,nan,0,nan,0
1597988307574178048,1597988307923000064,2020-08-21 13:38:27.923000,6537.6,6605.8,6523.0,6540.0,nan,6563.4,83898,110130799040.0,116277,6538.4,1,6537.4,1,nan,0,nan,0,nan,0,nan,0,nan,0,nan,0,nan,0,nan,0
1597988308087145984,1597988308432000000,2020-08-21 13:38:28.432000,6537.6,6605.8,6523.0,6540.0,nan,6563.4,83898,110130799040.0,116277,6538.4,1,6537.4,1,nan,0,nan,0,nan,0,nan,0,nan,0,nan,0,nan,0,nan,0
1597988308576771072,1597988308936999936,2020-08-21 13:38:28.937000,6537.2,6605.8,6523.0,6540.0,nan,6563.4,83900,110133413960.0,116279,6538.4,1,6536.2,6,nan,0,nan,0,nan,0,nan,0,nan,0,nan,0,nan,0,nan,0
1597988309089787904,1597988309437999872,2020-08-21 13:38:29.438000,6537.2,6605.8,6523.0,6540.0,nan,6563.4,83900,110133413960.0,116279,6538.0,1,6536.8,2,nan,0,nan,0,nan,0,nan,0,nan,0,nan,0,nan,0,nan,0
1597988309659976960,1597988309937999872,2020-08-21 13:38:29.938000,6537.2,6605.8,6523.0,6540.0,nan,6563.4,83900,110133413960.0,116279,6538.2,1,6536.8,2,nan,0,nan,0,nan,0,nan,0,nan,0,nan,0,nan,0,nan,0
1597988310101590016,1597988310433000192,2020-08-21 13:38:30.433000,6537.4,6605.8,6523.0,6540.0,nan,6563.4,83901,110134721440.0,116279,6538.4,1,6536.8,2,nan,0,nan,0,nan,0,nan,0,nan,0,nan,0,nan,0,nan,0
1597988310575621888,1597988310916000000,2020-08-21 13:38:30.916000,6538.4,6605.8,6523.0,6540.0,nan,6563.4,83902,110136029120.0,116280,6538.6,2,6537.2,1,nan,0,nan,0,nan,0,nan,0,nan,0,nan,0,nan,0,nan,0
1597988311075665920,1597988311407000064,2020-08-21 13:38:31.407000,6538.6,6605.8,6523.0,6540.0,nan,6563.4,83904,110138644560.0,116282,6539.4,3,6537.2,2,nan,0,nan,0,nan,0,nan,0,nan,0,nan,0,nan,0,nan,0
1597988311587168000,1597988311936000000,2020-08-21 13:38:31.936000,6538.6,6605.8,6523.0,6540.0,nan,6563.4,83904,110138644560.0,116282,6539.0,4,6538.2,1,nan,0,nan,0,nan,0,nan,0,nan,0,nan,0,nan,0,nan,0
1597988312106409984,1597988312436999936,2020-08-21 13:38:32.437000,6537.8,6605.8,6523.0,6540.0,nan,6563.4,83906,110141259760.0,116283,6538.6,1,6537.6,3,nan,0,nan,0,nan,0,nan,0,nan,0,nan,0,nan,0,nan,0
1597988312594519040,1597988312916999936,2020-08-21 13:38:32.917000,6537.8,6605.8,6523.0,6540.0,nan,6563.4,83906,110141259760.0,116283,6538.6,1,6537.4,1,nan,0,nan,0,nan,0,nan,0,nan,0,nan,0,nan,0,nan,0
1597988313075579904,1597988313424000000,2020-08-21 13:38:33.424000,6538.6,6605.8,6523.0,6540.0,nan,6563.4,83907,110142567480.0,116283,6539.4,1,6539.0,4,nan,0,nan,0,nan,0,nan,0,nan,0,nan,0,nan,0,nan,0
1597988313585948928,1597988313927000064,2020-08-21 13:38:33.927000,6538.6,6605.8,6523.0,6540.0,nan,6563.4,83913,110150414200.0,116285,6539.0,2,6538.6,1,nan,0,nan,0,nan,0,nan,0,nan,0,nan,0,nan,0,nan,0
1597988314075824128,1597988314420999936,2020-08-21 13:38:34.421000,6538.6,6605.8,6523.0,6540.0,nan,6563.4,83913,110150414200.0,116285,6539.0,2,6538.8,1,nan,0,nan,0,nan,0,nan,0,nan,0,nan,0,nan,0,nan,0
1597988314576461056,1597988314897000192,2020-08-21 13:38:34.897000,6538.6,6605.8,6523.0,6540.0,nan,6563.4,83913,110150414200.0,116285,6539.0,1,6538.8,1,nan,0,nan,0,nan,0,nan,0,nan,0,nan,0,nan,0,nan,0
1597988315079251968,1597988315403000064,2020-08-21 13:38:35.403000,6539.0,6605.8,6523.0,6540.0,nan,6563.4,83914,110151722000.0,116285,6539.6,2,6539.0,2,nan,0,nan,0,nan,0,nan,0,nan,0,nan,0,nan,0,nan,0
1597988315613069056,1597988315878000128,2020-08-21 13:38:35.878000,6539.0,6605.8,6523.0,6540.0,nan,6563.4,83914,110151722000.0,116285,6539.6,2,6539.2,1,nan,0,nan,0,nan,0,nan,0,nan,0,nan,0,nan,0,nan,0
1597988316087447040,1597988316420000000,2020-08-21 13:38:36.420000,6539.0,6605.8,6523.0,6540.0,nan,6563.4,83915,110153029800.0,116285,6539.6,2,6539.0,2,nan,0,nan,0,nan,0,nan,0,nan,0,nan,0,nan,0,nan,0
1597988317092673024,1597988317431000064,2020-08-21 13:38:37.431000,6539.6,6605.8,6523.0,6540.0,nan,6563.4,83923,110163492520.0,116290,6539.6,6,6538.8,1,nan,0,nan,0,nan,0,nan,0,nan,0,nan,0,nan,0,nan,0
1597988317580745984,1597988317900999936,2020-08-21 13:38:37.901000,6538.8,6605.8,6523.0,6540.0,nan,6563.4,83924,110164800280.0,116291,6539.6,6,6539.0,1,nan,0,nan,0,nan,0,nan,0,nan,0,nan,0,nan,0,nan,0
1597988318583420928,1597988318931000064,2020-08-21 13:38:38.931000,6538.8,6605.8,6523.0,6540.0,nan,6563.4,83924,110164800280.0,116291,6539.6,6,6539.0,1,nan,0,nan,0,nan,0,nan,0,nan,0,nan,0,nan,0,nan,0
1597988319109641984,1597988319404000000,2020-08-21 13:38:39.404000,6538.8,6605.8,6523.0,6540.0,nan,6563.4,83924,110164800280.0,116291,6539.6,6,6539.0,2,nan,0,nan,0,nan,0,nan,0,nan,0,nan,0,nan,0,nan,0
1597988319588453888,1597988319927000064,2020-08-21 13:38:39.927000,6538.8,6605.8,6523.0,6540.0,nan,6563.4,83924,110164800280.0,116291,6539.6,6,6539.0,2,nan,0,nan,0,nan,0,nan,0,nan,0,nan,0,nan,0,nan,0
1597988320079065088,1597988320428999936,2020-08-21 13:38:40.429000,6538.8,6605.8,6523.0,6540.0,nan,6563.4,83926,110167415800.0,116293,6539.6,7,6538.6,1,nan,0,nan,0,nan,0,nan,0,nan,0,nan,0,nan,0,nan,0
1597988320583058944,1597988320934000128,2020-08-21 13:38:40.934000,6538.6,6605.8,6523.0,6540.0,nan,6563.4,83927,110168723520.0,116292,6538.6,2,6537.6,6,nan,0,nan,0,nan,0,nan,0,nan,0,nan,0,nan,0,nan,0
1597988321104884992,1597988321436999936,2020-08-21 13:38:41.437000,6538.6,6605.8,6523.0,6540.0,nan,6563.4,83927,110168723520.0,116292,6538.6,1,6537.6,6,nan,0,nan,0,nan,0,nan,0,nan,0,nan,0,nan,0,nan,0
1597988321582789120,1597988321938999808,2020-08-21 13:38:41.939000,6538.6,6605.8,6523.0,6540.0,nan,6563.4,83927,110168723520.0,116292,6538.6,1,6537.6,6,nan,0,nan,0,nan,0,nan,0,nan,0,nan,0,nan,0,nan,0
1597988322105537024,1597988322426000128,2020-08-21 13:38:42.426000,6538.6,6605.8,6523.0,6540.0,nan,6563.4,83927,110168723520.0,116292,6538.6,1,6537.6,6,nan,0,nan,0,nan,0,nan,0,nan,0,nan,0,nan,0,nan,0
1597988322583977984,1597988322928999936,2020-08-21 13:38:42.929000,6538.6,6605.8,6523.0,6540.0,nan,6563.4,83927,110168723520.0,116292,6538.6,1,6537.6,6,nan,0,nan,0,nan,0,nan,0,nan,0,nan,0,nan,0,nan,0
1597988323083438080,1597988323428999936,2020-08-21 13:38:43.429000,6538.6,6605.8,6523.0,6540.0,nan,6563.4,83927,110168723520.0,116292,6538.6,1,6537.6,6,nan,0,nan,0,nan,0,nan,0,nan,0,nan,0,nan,0,nan,0
1597988323581763072,1597988323924999936,2020-08-21 13:38:43.925000,6538.6,6605.8,6523.0,6540.0,nan,6563.4,83927,110168723520.0,116292,6538.6,1,6537.6,6,nan,0,nan,0,nan,0,nan,0,nan,0,nan,0,nan,0,nan,0
1597988324106200064,1597988324424999936,2020-08-21 13:38:44.425000,6538.6,6605.8,6523.0,6540.0,nan,6563.4,83927,110168723520.0,116292,6538.6,2,6537.6,6,nan,0,nan,0,nan,0,nan,0,nan,0,nan,0,nan,0,nan,0
1597988324582110976,1597988324895000064,2020-08-21 13:38:44.895000,6538.6,6605.8,6523.0,6540.0,nan,6563.4,83927,110168723520.0,116292,6538.6,2,6537.6,6,nan,0,nan,0,nan,0,nan,0,nan,0,nan,0,nan,0,nan,0
1597988325106327040,1597988325424000000,2020-08-21 13:38:45.424000,6538.6,6605.8,6523.0,6540.0,nan,6563.4,83927,110168723520.0,116292,6538.6,2,6538.4,6,nan,0,nan,0,nan,0,nan,0,nan,0,nan,0,nan,0,nan,0
1597988325580944896,1597988325935000064,2020-08-21 13:38:45.935000,6538.6,6605.8,6523.0,6540.0,nan,6563.4,83927,110168723520.0,116292,6538.6,3,6538.4,7,nan,0,nan,0,nan,0,nan,0,nan,0,nan,0,nan,0,nan,0
1597988326093040896,1597988326413000192,2020-08-21 13:38:46.413000,6538.6,6605.8,6523.0,6540.0,nan,6563.4,83927,110168723520.0,116292,6538.6,3,6538.4,7,nan,0,nan,0,nan,0,nan,0,nan,0,nan,0,nan,0,nan,0
1597988326588929024,1597988326921999872,2020-08-21 13:38:46.922000,6538.6,6605.8,6523.0,6540.0,nan,6563.4,83927,110168723520.0,116292,6538.6,3,6538.4,7,nan,0,nan,0,nan,0,nan,0,nan,0,nan,0,nan,0,nan,0
1597988327104826112,1597988327434000128,2020-08-21 13:38:47.434000,6538.6,6605.8,6523.0,6540.0,nan,6563.4,83931,110173954280.0,116293,6538.6,2,6538.4,4,nan,0,nan,0,nan,0,nan,0,nan,0,nan,0,nan,0,nan,0
1597988327594432000,1597988327936999936,2020-08-21 13:38:47.937000,6538.4,6605.8,6523.0,6540.0,nan,6563.4,83935,110179185000.0,116294,6538.4,1,6538.0,1,nan,0,nan,0,nan,0,nan,0,nan,0,nan,0,nan,0,nan,0
1597988328140966912,1597988328431000064,2020-08-21 13:38:48.431000,6538.0,6605.8,6523.0,6540.0,nan,6563.4,83936,110180492600.0,116294,6538.4,1,6537.6,6,nan,0,nan,0,nan,0,nan,0,nan,0,nan,0,nan,0,nan,0
1597988328595085056,1597988328881999872,2020-08-21 13:38:48.882000,6537.6,6605.8,6523.0,6540.0,nan,6563.4,83941,110187030200.0,116294,6538.4,1,6537.6,1,nan,0,nan,0,nan,0,nan,0,nan,0,nan,0,nan,0,nan,0
1597988329128179968,1597988329400000000,2020-08-21 13:38:49.400000,6537.6,6605.8,6523.0,6540.0,nan,6563.4,83941,110187030200.0,116294,6538.2,2,6537.6,1,nan,0,nan,0,nan,0,nan,0,nan,0,nan,0,nan,0,nan,0
1597988329583975936,1597988329930000128,2020-08-21 13:38:49.930000,6537.6,6605.8,6523.0,6540.0,nan,6563.4,83942,110188337720.0,116294,6537.6,4,6537.2,1,nan,0,nan,0,nan,0,nan,0,nan,0,nan,0,nan,0,nan,0
1597988330092097024,1597988330434000128,2020-08-21 13:38:50.434000,6537.6,6605.8,6523.0,6540.0,nan,6563.4,83942,110188337720.0,116294,6537.6,4,6537.2,1,nan,0,nan,0,nan,0,nan,0,nan,0,nan,0,nan,0,nan,0
1597988330590205952,1597988330931000064,2020-08-21 13:38:50.931000,6537.6,6605.8,6523.0,6540.0,nan,6563.4,83942,110188337720.0,116294,6537.6,4,6537.2,1,nan,0,nan,0,nan,0,nan,0,nan,0,nan,0,nan,0,nan,0
1597988331131616000,1597988331408000000,2020-08-21 13:38:51.408000,6537.6,6605.8,6523.0,6540.0,nan,6563.4,83942,110188337720.0,116294,6537.6,4,6537.2,1,nan,0,nan,0,nan,0,nan,0,nan,0,nan,0,nan,0,nan,0
1597988331582245888,1597988331923000064,2020-08-21 13:38:51.923000,6537.6,6605.8,6523.0,6540.0,nan,6563.4,83943,110189645240.0,116294,6537.6,3,6537.2,1,nan,0,nan,0,nan,0,nan,0,nan,0,nan,0,nan,0,nan,0
1597988333120461056,1597988333436000000,2020-08-21 13:38:53.436000,6537.6,6605.8,6523.0,6540.0,nan,6563.4,83944,110190952760.0,116295,6537.6,3,6537.2,1,nan,0,nan,0,nan,0,nan,0,nan,0,nan,0,nan,0,nan,0
1597988333604558080,1597988333913000192,2020-08-21 13:38:53.913000,6537.2,6605.8,6523.0,6540.0,nan,6563.4,83949,110197490040.0,116295,6537.6,2,6537.4,1,nan,0,nan,0,nan,0,nan,0,nan,0,nan,0,nan,0,nan,0
1597988334138722048,1597988334436000000,2020-08-21 13:38:54.436000,6537.6,6605.8,6523.0,6540.0,nan,6563.4,83951,110200105080.0,116296,6537.6,1,6537.4,1,nan,0,nan,0,nan,0,nan,0,nan,0,nan,0,nan,0,nan,0
1597988334588060928,1597988334927000064,2020-08-21 13:38:54.927000,6537.6,6605.8,6523.0,6540.0,nan,6563.4,83953,110202720120.0,116298,6538.6,1,6537.6,1,nan,0,nan,0,nan,0,nan,0,nan,0,nan,0,nan,0,nan,0
1597988335086896128,1597988335376000000,2020-08-21 13:38:55.376000,6537.6,6605.8,6523.0,6540.0,nan,6563.4,83955,110205335320.0,116299,6538.0,2,6537.4,1,nan,0,nan,0,nan,0,nan,0,nan,0,nan,0,nan,0,nan,0
1597988335620558080,1597988335924999936,2020-08-21 13:38:55.925000,6537.6,6605.8,6523.0,6540.0,nan,6563.4,83955,110205335320.0,116299,6537.6,7,6537.4,1,nan,0,nan,0,nan,0,nan,0,nan,0,nan,0,nan,0,nan,0
1597988336122100992,1597988336403000064,2020-08-21 13:38:56.403000,6537.4,6605.8,6523.0,6540.0,nan,6563.4,83956,110206642800.0,116300,6537.4,7,6537.0,1,nan,0,nan,0,nan,0,nan,0,nan,0,nan,0,nan,0,nan,0
1597988336588148992,1597988336936999936,2020-08-21 13:38:56.937000,6537.0,6605.8,6523.0,6540.0,nan,6563.4,83957,110207950200.0,116300,6537.4,5,6536.8,1,nan,0,nan,0,nan,0,nan,0,nan,0,nan,0,nan,0,nan,0
1597988337116199936,1597988337416999936,2020-08-21 13:38:57.417000,6537.4,6605.8,6523.0,6540.0,nan,6563.4,83958,110209257680.0,116301,6537.4,4,6536.8,1,nan,0,nan,0,nan,0,nan,0,nan,0,nan,0,nan,0,nan,0
1597988337587980032,1597988337934000128,2020-08-21 13:38:57.934000,6536.2,6605.8,6523.0,6540.0,nan,6563.4,83961,110213179680.0,116303,6536.8,3,6536.2,5,nan,0,nan,0,nan,0,nan,0,nan,0,nan,0,nan,0,nan,0
1597988338087853056,1597988338428000000,2020-08-21 13:38:58.428000,6536.2,6605.8,6523.0,6540.0,nan,6563.4,83966,110219715880.0,116308,6536.8,3,6536.0,1,nan,0,nan,0,nan,0,nan,0,nan,0,nan,0,nan,0,nan,0
1597988339184602112,1597988339424000000,2020-08-21 13:38:59.424000,6536.0,6605.8,6523.0,6540.0,nan,6563.4,83967,110221023080.0,116308,6536.8,3,6535.6,2,nan,0,nan,0,nan,0,nan,0,nan,0,nan,0,nan,0,nan,0
1597988339588914944,1597988339934000128,2020-08-21 13:38:59.934000,6536.0,6605.8,6523.0,6540.0,nan,6563.4,83967,110221023080.0,116308,6537.4,4,6535.6,2,nan,0,nan,0,nan,0,nan,0,nan,0,nan,0,nan,0,nan,0
1597988340098714880,1597988340432000000,2020-08-21 13:39:00.432000,6536.0,6605.8,6523.0,6540.0,nan,6563.4,83967,110221023080.0,116308,6537.4,4,6536.8,1,nan,0,nan,0,nan,0,nan,0,nan,0,nan,0,nan,0,nan,0
1597988340592472064,1597988340924000000,2020-08-21 13:39:00.924000,6536.8,6605.8,6523.0,6540.0,nan,6563.4,83968,110222330440.0,116308,6537.4,4,6536.8,1,nan,0,nan,0,nan,0,nan,0,nan,0,nan,0,nan,0,nan,0
1597988341097351936,1597988341415000064,2020-08-21 13:39:01.415000,6536.8,6605.8,6523.0,6540.0,nan,6563.4,83970,110224945280.0,116307,6535.8,1,6535.6,3,nan,0,nan,0,nan,0,nan,0,nan,0,nan,0,nan,0,nan,0
1597988341606850048,1597988341936999936,2020-08-21 13:39:01.937000,6537.4,6605.8,6523.0,6540.0,nan,6563.4,83974,110230174240.0,116306,6537.4,2,6536.8,1,nan,0,nan,0,nan,0,nan,0,nan,0,nan,0,nan,0,nan,0
1597988342116924928,1597988342410000128,2020-08-21 13:39:02.410000,6536.8,6605.8,6523.0,6540.0,nan,6563.4,83976,110232788960.0,116307,6536.8,1,6535.8,3,nan,0,nan,0,nan,0,nan,0,nan,0,nan,0,nan,0,nan,0
1597988342593118976,1597988342924999936,2020-08-21 13:39:02.925000,6536.0,6605.8,6523.0,6540.0,nan,6563.3,83979,110236710520.0,116308,6536.0,1,6535.8,1,nan,0,nan,0,nan,0,nan,0,nan,0,nan,0,nan,0,nan,0
1597988343115122944,1597988343435000064,2020-08-21 13:39:03.435000,6536.0,6605.8,6523.0,6540.0,nan,6563.3,83981,110239324920.0,116310,6537.4,2,6536.2,1,nan,0,nan,0,nan,0,nan,0,nan,0,nan,0,nan,0,nan,0
1597988343624062976,1597988343936999936,2020-08-21 13:39:03.937000,6536.2,6605.8,6523.0,6540.0,nan,6563.3,83982,110240632160.0,116311,6537.2,1,6536.0,1,nan,0,nan,0,nan,0,nan,0,nan,0,nan,0,nan,0,nan,0
1597988344090968064,1597988344374000128,2020-08-21 13:39:04.374000,6536.0,6605.8,6523.0,6540.0,nan,6563.3,83983,110241939360.0,116311,6537.0,1,6535.8,1,nan,0,nan,0,nan,0,nan,0,nan,0,nan,0,nan,0,nan,0
1597988344591133952,1597988344918999808,2020-08-21 13:39:04.919000,6535.8,6605.8,6523.0,6540.0,nan,6563.3,83986,110245860880.0,116312,6535.8,2,6535.6,2,nan,0,nan,0,nan,0,nan,0,nan,0,nan,0,nan,0,nan,0
1597988345116709120,1597988345416999936,2020-08-21 13:39:05.417000,6535.8,6605.8,6523.0,6540.0,nan,6563.3,83989,110249782320.0,116315,6536.8,1,6535.6,1,nan,0,nan,0,nan,0,nan,0,nan,0,nan,0,nan,0,nan,0
1597988345604014080,1597988345923000064,2020-08-21 13:39:05.923000,6535.8,6605.8,6523.0,6540.0,nan,6563.3,83989,110249782320.0,116315,6536.6,1,6535.6,2,nan,0,nan,0,nan,0,nan,0,nan,0,nan,0,nan,0,nan,0
1597988346109890048,1597988346420999936,2020-08-21 13:39:06.421000,6535.8,6605.8,6523.0,6540.0,nan,6563.3,83989,110249782320.0,116315,6536.6,1,6535.6,2,nan,0,nan,0,nan,0,nan,0,nan,0,nan,0,nan,0,nan,0
1597988346601198080,1597988346920000000,2020-08-21 13:39:06.920000,6535.6,6605.8,6523.0,6540.0,nan,6563.3,83991,110252396600.0,116316,6536.6,1,6535.8,1,nan,0,nan,0,nan,0,nan,0,nan,0,nan,0,nan,0,nan,0
1597988347119531008,1597988347420999936,2020-08-21 13:39:07.421000,6536.6,6605.8,6523.0,6540.0,nan,6563.3,83994,110256318400.0,116318,6537.0,1,6535.8,1,nan,0,nan,0,nan,0,nan,0,nan,0,nan,0,nan,0,nan,0
1597988347603973888,1597988347923000064,2020-08-21 13:39:07.923000,6536.4,6605.8,6523.0,6540.0,nan,6563.3,83996,110258932840.0,116319,6537.0,1,6535.6,2,nan,0,nan,0,nan,0,nan,0,nan,0,nan,0,nan,0,nan,0
1597988348106820096,1597988348430000128,2020-08-21 13:39:08.430000,6535.6,6605.8,6523.0,6540.0,nan,6563.3,83997,110260239960.0,116320,6537.0,1,6535.6,1,nan,0,nan,0,nan,0,nan,0,nan,0,nan,0,nan,0,nan,0
1597988348605132032,1597988348932000000,2020-08-21 13:39:08.932000,6535.6,6605.8,6523.0,6540.0,nan,6563.3,83997,110260239960.0,116320,6536.8,1,6536.6,1,nan,0,nan,0,nan,0,nan,0,nan,0,nan,0,nan,0,nan,0
1597988349126927872,1597988349437999872,2020-08-21 13:39:09.438000,6535.6,6605.8,6523.0,6540.0,nan,6563.3,84000,110264161520.0,116322,6535.6,1,6535.4,2,nan,0,nan,0,nan,0,nan,0,nan,0,nan,0,nan,0,nan,0
1597988349601180928,1597988349898000128,2020-08-21 13:39:09.898000,6535.6,6605.8,6523.0,6540.0,nan,6563.3,84001,110265468640.0,116322,6537.0,2,6535.6,6,nan,0,nan,0,nan,0,nan,0,nan,0,nan,0,nan,0,nan,0
1597988350087912960,1597988350412000000,2020-08-21 13:39:10.412000,6535.6,6605.8,6523.0,6540.0,nan,6563.3,84001,110265468640.0,116322,6537.0,1,6535.8,1,nan,0,nan,0,nan,0,nan,0,nan,0,nan,0,nan,0,nan,0
1597988350605242112,1597988350888000000,2020-08-21 13:39:10.888000,6537.0,6605.8,6523.0,6540.0,nan,6563.3,84002,110266776040.0,116322,6537.0,1,6535.8,2,nan,0,nan,0,nan,0,nan,0,nan,0,nan,0,nan,0,nan,0
1597988351131173120,1597988351423000064,2020-08-21 13:39:11.423000,6537.0,6605.8,6523.0,6540.0,nan,6563.3,84004,110269390840.0,116324,6537.4,2,6536.0,3,nan,0,nan,0,nan,0,nan,0,nan,0,nan,0,nan,0,nan,0
1597988351634548992,1597988351935000064,2020-08-21 13:39:11.935000,6537.0,6605.8,6523.0,6540.0,nan,6563.3,84004,110269390840.0,116324,6537.4,2,6536.2,1,nan,0,nan,0,nan,0,nan,0,nan,0,nan,0,nan,0,nan,0
1597988352105608960,1597988352436999936,2020-08-21 13:39:12.437000,6537.0,6605.8,6523.0,6540.0,nan,6563.3,84004,110269390840.0,116324,6537.0,1,6536.2,1,nan,0,nan,0,nan,0,nan,0,nan,0,nan,0,nan,0,nan,0
1597988352602232064,1597988352927000064,2020-08-21 13:39:12.927000,6537.0,6605.8,6523.0,6540.0,nan,6563.3,84004,110269390840.0,116324,6537.0,1,6536.0,3,nan,0,nan,0,nan,0,nan,0,nan,0,nan,0,nan,0,nan,0
1597988353106363904,1597988353404999936,2020-08-21 13:39:13.405000,6537.0,6605.8,6523.0,6540.0,nan,6563.3,84004,110269390840.0,116324,6537.0,1,6536.0,3,nan,0,nan,0,nan,0,nan,0,nan,0,nan,0,nan,0,nan,0
1597988353597408000,1597988353924999936,2020-08-21 13:39:13.925000,6537.0,6605.8,6523.0,6540.0,nan,6563.3,84004,110269390840.0,116324,6537.0,2,6536.2,1,nan,0,nan,0,nan,0,nan,0,nan,0,nan,0,nan,0,nan,0
1597988354112561920,1597988354382999808,2020-08-21 13:39:14.383000,6537.0,6605.8,6523.0,6540.0,nan,6563.3,84004,110269390840.0,116324,6537.0,2,6536.2,1,nan,0,nan,0,nan,0,nan,0,nan,0,nan,0,nan,0,nan,0
1597988354599441920,1597988354903000064,2020-08-21 13:39:14.903000,6536.0,6605.8,6523.0,6540.0,nan,6563.3,84009,110275926960.0,116326,6536.6,2,6535.8,1,nan,0,nan,0,nan,0,nan,0,nan,0,nan,0,nan,0,nan,0
1597988355104462080,1597988355434000128,2020-08-21 13:39:15.434000,6536.4,6605.8,6523.0,6540.0,nan,6563.3,84010,110277234240.0,116327,6537.0,2,6536.0,1,nan,0,nan,0,nan,0,nan,0,nan,0,nan,0,nan,0,nan,0
1597988355596934912,1597988355934000128,2020-08-21 13:39:15.934000,6536.6,6605.8,6523.0,6540.0,nan,6563.3,84013,110281156120.0,116326,6536.8,2,6536.6,1,nan,0,nan,0,nan,0,nan,0,nan,0,nan,0,nan,0,nan,0
1597988356101235968,1597988356436000000,2020-08-21 13:39:16.436000,6536.6,6605.8,6523.0,6540.0,nan,6563.3,84017,110286385400.0,116329,6536.6,3,6536.0,1,nan,0,nan,0,nan,0,nan,0,nan,0,nan,0,nan,0,nan,0
1597988356610268928,1597988356924999936,2020-08-21 13:39:16.925000,6536.0,6605.8,6523.0,6540.0,nan,6563.3,84018,110287692600.0,116330,6536.4,2,6535.8,1,nan,0,nan,0,nan,0,nan,0,nan,0,nan,0,nan,0,nan,0
1597988357110150912,1597988357430000128,2020-08-21 13:39:17.430000,6536.0,6605.8,6523.0,6540.0,nan,6563.3,84019,110288999800.0,116331,6536.0,1,6535.8,1,nan,0,nan,0,nan,0,nan,0,nan,0,nan,0,nan,0,nan,0
1597988357627883008,1597988357931000064,2020-08-21 13:39:17.931000,6536.0,6605.8,6523.0,6540.0,nan,6563.3,84020,110290307000.0,116332,6536.4,2,6535.8,1,nan,0,nan,0,nan,0,nan,0,nan,0,nan,0,nan,0,nan,0
1597988358110480896,1597988358344000000,2020-08-21 13:39:18.344000,6535.8,6605.8,6523.0,6540.0,nan,6563.3,84021,110291614160.0,116331,6536.0,2,6535.6,4,nan,0,nan,0,nan,0,nan,0,nan,0,nan,0,nan,0,nan,0
1597988358602108928,1597988358920000000,2020-08-21 13:39:18.920000,6535.8,6605.8,6523.0,6540.0,nan,6563.3,84021,110291614160.0,116331,6536.4,2,6535.6,4,nan,0,nan,0,nan,0,nan,0,nan,0,nan,0,nan,0,nan,0
1597988359101200896,1597988359424999936,2020-08-21 13:39:19.425000,6535.8,6605.8,6523.0,6540.0,nan,6563.3,84021,110291614160.0,116331,6536.0,2,6535.6,4,nan,0,nan,0,nan,0,nan,0,nan,0,nan,0,nan,0,nan,0
1597988359600988928,1597988359923000064,2020-08-21 13:39:19.923000,6535.8,6605.8,6523.0,6540.0,nan,6563.3,84022,110292921320.0,116332,6535.8,1,6535.6,4,nan,0,nan,0,nan,0,nan,0,nan,0,nan,0,nan,0,nan,0
1597988360106189056,1597988360408999936,2020-08-21 13:39:20.409000,6535.8,6605.8,6523.0,6540.0,nan,6563.3,84023,110294228480.0,116333,6536.4,2,6535.8,1,nan,0,nan,0,nan,0,nan,0,nan,0,nan,0,nan,0,nan,0
1597988360608569088,1597988360845999872,2020-08-21 13:39:20.846000,6535.8,6605.8,6523.0,6540.0,nan,6563.3,84023,110294228480.0,116333,6536.0,2,6535.8,1,nan,0,nan,0,nan,0,nan,0,nan,0,nan,0,nan,0,nan,0
1597988361129923072,1597988361430000128,2020-08-21 13:39:21.430000,6535.8,6605.8,6523.0,6540.0,nan,6563.3,84024,110295535640.0,116334,6535.8,1,6535.6,4,nan,0,nan,0,nan,0,nan,0,nan,0,nan,0,nan,0,nan,0
1597988361599385088,1597988361904000000,2020-08-21 13:39:21.904000,6536.4,6605.8,6523.0,6540.0,nan,6563.3,84027,110299457200.0,116334,6536.6,2,6535.6,3,nan,0,nan,0,nan,0,nan,0,nan,0,nan,0,nan,0,nan,0
1597988362102096896,1597988362424999936,2020-08-21 13:39:22.425000,6535.6,6605.8,6523.0,6540.0,nan,6563.3,84028,110300764320.0,116334,6536.6,2,6535.6,2,nan,0,nan,0,nan,0,nan,0,nan,0,nan,0,nan,0,nan,0
1597988362605209088,1597988362903000064,2020-08-21 13:39:22.903000,6535.6,6605.8,6523.0,6540.0,nan,6563.3,84028,110300764320.0,116334,6536.0,2,6535.6,2,nan,0,nan,0,nan,0,nan,0,nan,0,nan,0,nan,0,nan,0
1597988363127979008,1597988363433000192,2020-08-21 13:39:23.433000,6535.6,6605.8,6523.0,6540.0,nan,6563.3,84028,110300764320.0,116334,6536.6,2,6536.0,1,nan,0,nan,0,nan,0,nan,0,nan,0,nan,0,nan,0,nan,0
1597988363610447872,1597988363923000064,2020-08-21 13:39:23.923000,6536.2,6605.8,6523.0,6540.0,nan,6563.3,84029,110302071560.0,116335,6536.2,1,6535.6,2,nan,0,nan,0,nan,0,nan,0,nan,0,nan,0,nan,0,nan,0
1597988364141701120,1597988364416000000,2020-08-21 13:39:24.416000,6536.6,6605.8,6523.0,6540.0,nan,6563.3,84031,110304686000.0,116337,6536.6,1,6535.6,1,nan,0,nan,0,nan,0,nan,0,nan,0,nan,0,nan,0,nan,0
1597988364635628032,1597988364924999936,2020-08-21 13:39:24.925000,6536.6,6605.8,6523.0,6540.0,nan,6563.3,84032,110305993320.0,116338,6537.0,3,6536.0,1,nan,0,nan,0,nan,0,nan,0,nan,0,nan,0,nan,0,nan,0
1597988365103865088,1597988365427000064,2020-08-21 13:39:25.427000,6536.6,6605.8,6523.0,6540.0,nan,6563.3,84032,110305993320.0,116338,6536.4,2,6536.0,1,nan,0,nan,0,nan,0,nan,0,nan,0,nan,0,nan,0,nan,0
1597988365603902976,1597988365927000064,2020-08-21 13:39:25.927000,6537.0,6605.8,6523.0,6540.0,nan,6563.3,84035,110309915520.0,116339,6537.4,3,6536.0,1,nan,0,nan,0,nan,0,nan,0,nan,0,nan,0,nan,0,nan,0
1597988366161814016,1597988366421999872,2020-08-21 13:39:26.422000,6537.0,6605.8,6523.0,6540.0,nan,6563.3,84035,110309915520.0,116339,6536.6,2,6536.0,1,nan,0,nan,0,nan,0,nan,0,nan,0,nan,0,nan,0,nan,0
1597988366608218880,1597988366920000000,2020-08-21 13:39:26.920000,6537.0,6605.8,6523.0,6540.0,nan,6563.3,84035,110309915520.0,116339,6537.4,3,6536.2,2,nan,0,nan,0,nan,0,nan,0,nan,0,nan,0,nan,0,nan,0
1597988367137862912,1597988367416000000,2020-08-21 13:39:27.416000,6536.2,6605.8,6523.0,6540.0,nan,6563.3,84036,110311222760.0,116338,6536.8,2,6536.6,1,nan,0,nan,0,nan,0,nan,0,nan,0,nan,0,nan,0,nan,0
1597988367626682112,1597988367901999872,2020-08-21 13:39:27.902000,6536.6,6605.8,6523.0,6540.0,nan,6563.3,84037,110312530080.0,116338,6536.4,1,6536.2,1,nan,0,nan,0,nan,0,nan,0,nan,0,nan,0,nan,0,nan,0
1597988368100788992,1597988368420999936,2020-08-21 13:39:28.421000,6536.2,6605.8,6523.0,6540.0,nan,6563.3,84038,110313837320.0,116338,6536.4,1,6536.0,1,nan,0,nan,0,nan,0,nan,0,nan,0,nan,0,nan,0,nan,0
1597988368608636928,1597988368928999936,2020-08-21 13:39:28.929000,6536.4,6605.8,6523.0,6540.0,nan,6563.3,84039,110315144600.0,116338,6536.6,1,6536.0,1,nan,0,nan,0,nan,0,nan,0,nan,0,nan,0,nan,0,nan,0
1597988369139495936,1597988369394000128,2020-08-21 13:39:29.394000,6536.0,6605.8,6523.0,6540.0,nan,6563.3,84040,110316451800.0,116338,6536.6,1,6535.8,1,nan,0,nan,0,nan,0,nan,0,nan,0,nan,0,nan,0,nan,0
1597988369623087104,1597988369829999872,2020-08-21 13:39:29.830000,6536.0,6605.8,6523.0,6540.0,nan,6563.3,84040,110316451800.0,116338,6536.6,1,6536.0,1,nan,0,nan,0,nan,0,nan,0,nan,0,nan,0,nan,0,nan,0
1597988370125617920,1597988370428999936,2020-08-21 13:39:30.429000,6536.0,6605.8,6523.0,6540.0,nan,6563.3,84040,110316451800.0,116338,6536.2,2,6536.0,1,nan,0,nan,0,nan,0,nan,0,nan,0,nan,0,nan,0,nan,0
1597988370610405888,1597988370926000128,2020-08-21 13:39:30.926000,6536.2,6605.8,6523.0,6540.0,nan,6563.3,84042,110319066280.0,116340,6536.6,1,6536.2,1,nan,0,nan,0,nan,0,nan,0,nan,0,nan,0,nan,0,nan,0
1597988371108879872,1597988371364000000,2020-08-21 13:39:31.364000,6536.2,6605.8,6523.0,6540.0,nan,6563.3,84042,110319066280.0,116340,6536.4,1,6536.2,1,nan,0,nan,0,nan,0,nan,0,nan,0,nan,0,nan,0,nan,0
1597988371633108992,1597988371914000128,2020-08-21 13:39:31.914000,6535.8,6605.8,6523.0,6540.0,nan,6563.3,84044,110321680680.0,116341,6535.8,1,6535.6,2,nan,0,nan,0,nan,0,nan,0,nan,0,nan,0,nan,0,nan,0
1597988372121986048,1597988372426000128,2020-08-21 13:39:32.426000,6535.8,6605.8,6523.0,6540.0,nan,6563.3,84044,110321680680.0,116341,6535.8,1,6535.6,3,nan,0,nan,0,nan,0,nan,0,nan,0,nan,0,nan,0,nan,0
1597988372605719040,1597988372927000064,2020-08-21 13:39:32.927000,6535.8,6605.8,6523.0,6540.0,nan,6563.3,84045,110322987840.0,116342,6536.2,1,6535.8,1,nan,0,nan,0,nan,0,nan,0,nan,0,nan,0,nan,0,nan,0
1597988373131431936,1597988373426000128,2020-08-21 13:39:33.426000,6535.8,6605.8,6523.0,6540.0,nan,6563.3,84045,110322987840.0,116342,6536.2,1,6535.8,1,nan,0,nan,0,nan,0,nan,0,nan,0,nan,0,nan,0,nan,0
1597988373627069952,1597988373934000128,2020-08-21 13:39:33.934000,6536.2,6605.8,6523.0,6540.0,nan,6563.3,84046,110324295080.0,116341,6536.6,1,6536.0,1,nan,0,nan,0,nan,0,nan,0,nan,0,nan,0,nan,0,nan,0
1597988374129531904,1597988374433000192,2020-08-21 13:39:34.433000,6536.6,6605.8,6523.0,6540.0,nan,6563.3,84049,110328216800.0,116344,6537.4,3,6535.8,1,nan,0,nan,0,nan,0,nan,0,nan,0,nan,0,nan,0,nan,0
1597988374651608064,1597988374936999936,2020-08-21 13:39:34.937000,6536.6,6605.8,6523.0,6540.0,nan,6563.3,84049,110328216800.0,116344,6536.6,2,6536.4,1,nan,0,nan,0,nan,0,nan,0,nan,0,nan,0,nan,0,nan,0
1597988375128343040,1597988375430000128,2020-08-21 13:39:35.430000,6536.4,6605.8,6523.0,6540.0,nan,6563.3,84050,110329524080.0,116345,6536.6,2,6536.2,1,nan,0,nan,0,nan,0,nan,0,nan,0,nan,0,nan,0,nan,0
1597988375621310976,1597988375897000192,2020-08-21 13:39:35.897000,6536.4,6605.8,6523.0,6540.0,nan,6563.3,84050,110329524080.0,116345,6537.4,3,6536.2,1,nan,0,nan,0,nan,0,nan,0,nan,0,nan,0,nan,0,nan,0
1597988376128417024,1597988376411000064,2020-08-21 13:39:36.411000,6536.4,6605.8,6523.0,6540.0,nan,6563.3,84050,110329524080.0,116345,6536.8,2,6536.2,2,nan,0,nan,0,nan,0,nan,0,nan,0,nan,0,nan,0,nan,0
1597988376618085888,1597988376935000064,2020-08-21 13:39:36.935000,6536.2,6605.8,6523.0,6540.0,nan,6563.3,84051,110330831320.0,116345,6537.4,3,6536.2,1,nan,0,nan,0,nan,0,nan,0,nan,0,nan,0,nan,0,nan,0
1597988377142872064,1597988377420999936,2020-08-21 13:39:37.421000,6536.8,6605.8,6523.0,6540.0,nan,6563.3,84052,110332138680.0,116346,6536.8,3,6536.2,1,nan,0,nan,0,nan,0,nan,0,nan,0,nan,0,nan,0,nan,0
1597988377620770048,1597988377936000000,2020-08-21 13:39:37.936000,6536.2,6605.8,6523.0,6540.0,nan,6563.3,84053,110333445920.0,116346,6536.2,1,6535.8,1,nan,0,nan,0,nan,0,nan,0,nan,0,nan,0,nan,0,nan,0
1597988378125037056,1597988378437999872,2020-08-21 13:39:38.438000,6536.2,6605.8,6523.0,6540.0,nan,6563.3,84053,110333445920.0,116346,6536.2,1,6535.8,1,nan,0,nan,0,nan,0,nan,0,nan,0,nan,0,nan,0,nan,0
1597988379136233984,1597988379394000128,2020-08-21 13:39:39.394000,6536.2,6605.8,6523.0,6540.0,nan,6563.3,84054,110334753160.0,116346,6536.8,3,6535.8,2,nan,0,nan,0,nan,0,nan,0,nan,0,nan,0,nan,0,nan,0
1597988379635652096,1597988379928000000,2020-08-21 13:39:39.928000,6536.2,6605.8,6523.0,6540.0,nan,6563.3,84054,110334753160.0,116346,6536.8,2,6536.0,2,nan,0,nan,0,nan,0,nan,0,nan,0,nan,0,nan,0,nan,0
1597988380144382976,1597988380382999808,2020-08-21 13:39:40.383000,6536.2,6605.8,6523.0,6540.0,nan,6563.3,84054,110334753160.0,116346,6536.4,2,6536.0,2,nan,0,nan,0,nan,0,nan,0,nan,0,nan,0,nan,0,nan,0
1597988380660035072,1597988380934000128,2020-08-21 13:39:40.934000,6536.2,6605.8,6523.0,6540.0,nan,6563.3,84057,110338674800.0,116349,6536.2,1,6535.8,2,nan,0,nan,0,nan,0,nan,0,nan,0,nan,0,nan,0,nan,0
1597988381163700992,1597988381404000000,2020-08-21 13:39:41.404000,6536.2,6605.8,6523.0,6540.0,nan,6563.3,84058,110339982040.0,116350,6536.0,2,6535.8,2,nan,0,nan,0,nan,0,nan,0,nan,0,nan,0,nan,0,nan,0
1597988381645306112,1597988382213999872,2020-08-21 13:39:42.214000,6536.0,6605.8,6523.0,6540.0,nan,6563.3,84060,110342596440.0,116350,6536.8,2,6535.8,2,nan,0,nan,0,nan,0,nan,0,nan,0,nan,0,nan,0,nan,0
1597988382149320960,1597988382435000064,2020-08-21 13:39:42.435000,6536.8,6605.8,6523.0,6540.0,nan,6563.3,84061,110343903800.0,116350,6536.8,1,6535.8,2,nan,0,nan,0,nan,0,nan,0,nan,0,nan,0,nan,0,nan,0
1597988382623525888,1597988382921999872,2020-08-21 13:39:42.922000,6536.8,6605.8,6523.0,6540.0,nan,6563.3,84061,110343903800.0,116350,6536.6,2,6535.8,3,nan,0,nan,0,nan,0,nan,0,nan,0,nan,0,nan,0,nan,0
1597988383124274944,1597988383423000064,2020-08-21 13:39:43.423000,6536.8,6605.8,6523.0,6540.0,nan,6563.3,84061,110343903800.0,116350,6536.6,2,6535.8,2,nan,0,nan,0,nan,0,nan,0,nan,0,nan,0,nan,0,nan,0
1597988383634850048,1597988383916000000,2020-08-21 13:39:43.916000,6536.8,6605.8,6523.0,6540.0,nan,6563.3,84061,110343903800.0,116350,6536.6,10,6535.8,2,nan,0,nan,0,nan,0,nan,0,nan,0,nan,0,nan,0,nan,0
1597988384140225024,1597988384434000128,2020-08-21 13:39:44.434000,6536.8,6605.8,6523.0,6540.0,nan,6563.3,84061,110343903800.0,116350,6536.6,12,6535.8,1,nan,0,nan,0,nan,0,nan,0,nan,0,nan,0,nan,0,nan,0
1597988384629312000,1597988384924000000,2020-08-21 13:39:44.924000,6536.8,6605.8,6523.0,6540.0,nan,6563.3,84061,110343903800.0,116350,6536.6,18,6535.8,1,nan,0,nan,0,nan,0,nan,0,nan,0,nan,0,nan,0,nan,0
1597988385137147904,1597988385400999936,2020-08-21 13:39:45.401000,6536.8,6605.8,6523.0,6540.0,nan,6563.3,84061,110343903800.0,116350,6536.6,18,6535.8,1,nan,0,nan,0,nan,0,nan,0,nan,0,nan,0,nan,0,nan,0
1597988385626466048,1597988385924000000,2020-08-21 13:39:45.924000,6535.8,6605.8,6523.0,6540.0,nan,6563.3,84062,110345210960.0,116351,6536.6,18,6535.6,6,nan,0,nan,0,nan,0,nan,0,nan,0,nan,0,nan,0,nan,0
1597988386128570880,1597988386428999936,2020-08-21 13:39:46.429000,6535.6,6605.8,6523.0,6540.0,nan,6563.3,84065,110349132520.0,116353,6536.6,19,6535.6,4,nan,0,nan,0,nan,0,nan,0,nan,0,nan,0,nan,0,nan,0
1597988386629712896,1597988386927000064,2020-08-21 13:39:46.927000,6535.6,6605.8,6523.0,6540.0,nan,6563.3,84066,110350439640.0,116354,6536.6,20,6535.6,3,nan,0,nan,0,nan,0,nan,0,nan,0,nan,0,nan,0,nan,0
1597988387152045056,1597988387426000128,2020-08-21 13:39:47.426000,6535.6,6605.8,6523.0,6540.0,nan,6563.3,84066,110350439640.0,116354,6536.6,20,6535.6,3,nan,0,nan,0,nan,0,nan,0,nan,0,nan,0,nan,0,nan,0
1597988387642697984,1597988388076000000,2020-08-21 13:39:48.076000,6535.6,6605.8,6523.0,6540.0,nan,6563.3,84066,110350439640.0,116354,6536.6,21,6535.6,3,nan,0,nan,0,nan,0,nan,0,nan,0,nan,0,nan,0,nan,0
1597988388152612096,1597988388436999936,2020-08-21 13:39:48.437000,6535.6,6605.8,6523.0,6540.0,nan,6563.3,84068,110353053880.0,116356,6536.0,2,6535.8,1,nan,0,nan,0,nan,0,nan,0,nan,0,nan,0,nan,0,nan,0
1597988388641585920,1597988389175000064,2020-08-21 13:39:49.175000,6535.8,6605.8,6523.0,6540.0,nan,6563.3,84072,110358282400.0,116360,6536.0,5,6535.8,2,nan,0,nan,0,nan,0,nan,0,nan,0,nan,0,nan,0,nan,0
1597988389134504960,1597988389374000128,2020-08-21 13:39:49.374000,6535.4,6605.8,6523.0,6540.0,nan,6563.3,84075,110362203800.0,116360,6536.0,5,6535.2,2,nan,0,nan,0,nan,0,nan,0,nan,0,nan,0,nan,0,nan,0
1597988389628923904,1597988389934000128,2020-08-21 13:39:49.934000,6536.0,6605.8,6523.0,6540.0,nan,6563.3,84076,110363511000.0,116360,6536.0,4,6535.8,2,nan,0,nan,0,nan,0,nan,0,nan,0,nan,0,nan,0,nan,0
1597988390174984960,1597988390432000000,2020-08-21 13:39:50.432000,6536.0,6605.8,6523.0,6540.0,nan,6563.3,84078,110366125400.0,116360,6536.0,2,6535.8,2,nan,0,nan,0,nan,0,nan,0,nan,0,nan,0,nan,0,nan,0
1597988390618684928,1597988390937999872,2020-08-21 13:39:50.938000,6535.8,6605.8,6523.0,6540.0,nan,6563.3,84081,110370046960.0,116363,6536.6,19,6535.8,1,nan,0,nan,0,nan,0,nan,0,nan,0,nan,0,nan,0,nan,0
1597988391133369088,1597988391348000000,2020-08-21 13:39:51.348000,6535.8,6605.8,6523.0,6540.0,nan,6563.3,84082,110371354120.0,116364,6535.6,1,6535.2,2,nan,0,nan,0,nan,0,nan,0,nan,0,nan,0,nan,0,nan,0
1597988391630425088,1597988391932000000,2020-08-21 13:39:51.932000,6535.6,6605.8,6523.0,6540.0,nan,6563.3,84083,110372661240.0,116364,6536.6,19,6535.8,1,nan,0,nan,0,nan,0,nan,0,nan,0,nan,0,nan,0,nan,0
1597988392127491072,1597988392435000064,2020-08-21 13:39:52.435000,6535.6,6605.8,6523.0,6540.0,nan,6563.3,84083,110372661240.0,116364,6536.6,19,6535.8,1,nan,0,nan,0,nan,0,nan,0,nan,0,nan,0,nan,0,nan,0
1597988392622477056,1597988392937999872,2020-08-21 13:39:52.938000,6536.6,6605.8,6523.0,6540.0,nan,6563.3,84085,110375275880.0,116365,6536.2,2,6535.8,1,nan,0,nan,0,nan,0,nan,0,nan,0,nan,0,nan,0,nan,0
1597988393158787072,1597988393432000000,2020-08-21 13:39:53.432000,6536.6,6605.8,6523.0,6540.0,nan,6563.3,84088,110379197680.0,116368,6536.0,2,6535.8,1,nan,0,nan,0,nan,0,nan,0,nan,0,nan,0,nan,0,nan,0
1597988393624515072,1597988393904999936,2020-08-21 13:39:53.905000,6535.8,6605.8,6523.0,6540.0,nan,6563.3,84090,110381812040.0,116369,6536.6,16,6535.2,3,nan,0,nan,0,nan,0,nan,0,nan,0,nan,0,nan,0,nan,0
1597988394162298112,1597988394424999936,2020-08-21 13:39:54.425000,6535.8,6605.8,6523.0,6540.0,nan,6563.3,84090,110381812040.0,116369,6536.4,1,6535.2,3,nan,0,nan,0,nan,0,nan,0,nan,0,nan,0,nan,0,nan,0
1597988394648258048,1597988394903000064,2020-08-21 13:39:54.903000,6535.2,6605.8,6523.0,6540.0,nan,6563.3,84091,110383119080.0,116369,6535.8,2,6535.2,2,nan,0,nan,0,nan,0,nan,0,nan,0,nan,0,nan,0,nan,0
1597988395142740992,1597988395416000000,2020-08-21 13:39:55.416000,6535.2,6605.8,6523.0,6540.0,nan,6563.3,84091,110383119080.0,116369,6536.4,1,6535.2,2,nan,0,nan,0,nan,0,nan,0,nan,0,nan,0,nan,0,nan,0
1597988395644996096,1597988395937999872,2020-08-21 13:39:55.938000,6535.0,6605.8,6523.0,6540.0,nan,6563.3,84100,110394882160.0,116376,6536.4,1,6535.0,3,nan,0,nan,0,nan,0,nan,0,nan,0,nan,0,nan,0,nan,0
1597988396160880896,1597988396436000000,2020-08-21 13:39:56.436000,6536.4,6605.8,6523.0,6540.0,nan,6563.3,84104,110400110440.0,116377,6536.4,1,6535.0,2,nan,0,nan,0,nan,0,nan,0,nan,0,nan,0,nan,0,nan,0
1597988396648548096,1597988396937999872,2020-08-21 13:39:56.938000,6534.2,6605.8,6523.0,6540.0,nan,6563.3,84112,110410565880.0,116374,6534.8,1,6534.2,4,nan,0,nan,0,nan,0,nan,0,nan,0,nan,0,nan,0,nan,0
1597988397174606080,1597988397437999872,2020-08-21 13:39:57.438000,6534.8,6605.8,6523.0,6540.0,nan,6563.3,84114,110413179800.0,116375,6536.2,1,6534.8,1,nan,0,nan,0,nan,0,nan,0,nan,0,nan,0,nan,0,nan,0
1597988397653338112,1597988397901999872,2020-08-21 13:39:57.902000,6534.8,6605.8,6523.0,6540.0,nan,6563.3,84114,110413179800.0,116375,6536.0,1,6535.0,1,nan,0,nan,0,nan,0,nan,0,nan,0,nan,0,nan,0,nan,0
1597988398148837120,1597988398421999872,2020-08-21 13:39:58.422000,6534.2,6605.8,6523.0,6540.0,nan,6563.3,84116,110415793480.0,116376,6536.0,1,6534.2,2,nan,0,nan,0,nan,0,nan,0,nan,0,nan,0,nan,0,nan,0
1597988398645281024,1597988398860999936,2020-08-21 13:39:58.861000,6534.2,6605.8,6523.0,6540.0,nan,6563.3,84118,110418407160.0,116378,6535.8,2,6534.4,3,nan,0,nan,0,nan,0,nan,0,nan,0,nan,0,nan,0,nan,0
1597988399152197888,1597988399408999936,2020-08-21 13:39:59.409000,6534.4,6605.8,6523.0,6540.0,nan,6563.3,84119,110419714040.0,116378,6535.4,1,6534.4,2,nan,0,nan,0,nan,0,nan,0,nan,0,nan,0,nan,0,nan,0
1597988399626649088,1597988399924999936,2020-08-21 13:39:59.925000,6534.4,6605.8,6523.0,6540.0,nan,6563.3,84119,110419714040.0,116378,6535.2,2,6534.4,1,nan,0,nan,0,nan,0,nan,0,nan,0,nan,0,nan,0,nan,0
1597988400149150976,1597988400420999936,2020-08-21 13:40:00.421000,6534.4,6605.8,6523.0,6540.0,nan,6563.3,84119,110419714040.0,116378,6535.2,2,6534.6,1,nan,0,nan,0,nan,0,nan,0,nan,0,nan,0,nan,0,nan,0
1597988400635400960,1597988400937999872,2020-08-21 13:40:00.938000,6534.4,6605.8,6523.0,6540.0,nan,6563.3,84123,110424941880.0,116378,6534.4,3,6534.2,2,nan,0,nan,0,nan,0,nan,0,nan,0,nan,0,nan,0,nan,0
1597988401123322112,1597988401428999936,2020-08-21 13:40:01.429000,6534.4,6605.8,6523.0,6540.0,nan,6563.3,84133,110438010680.0,116379,6536.0,2,6534.4,8,nan,0,nan,0,nan,0,nan,0,nan,0,nan,0,nan,0,nan,0
1597988401632697088,1597988401930000128,2020-08-21 13:40:01.930000,6536.0,6605.8,6523.0,6540.0,nan,6563.3,84134,110439317880.0,116380,6536.0,3,6534.8,1,nan,0,nan,0,nan,0,nan,0,nan,0,nan,0,nan,0,nan,0
1597988402156487936,1597988402413000192,2020-08-21 13:40:02.413000,6536.0,6605.8,6523.0,6540.0,nan,6563.3,84139,110445853640.0,116383,6536.6,1,6536.0,8,nan,0,nan,0,nan,0,nan,0,nan,0,nan,0,nan,0,nan,0
1597988402639412992,1597988403240999936,2020-08-21 13:40:03.241000,6536.0,6605.8,6523.0,6540.0,nan,6563.3,84140,110447160840.0,116383,6536.2,2,6536.0,7,nan,0,nan,0,nan,0,nan,0,nan,0,nan,0,nan,0,nan,0
1597988403148780032,1597988403432000000,2020-08-21 13:40:03.432000,6536.0,6605.8,6523.0,6540.0,nan,6563.3,84149,110458925680.0,116386,6537.4,3,6535.2,11,nan,0,nan,0,nan,0,nan,0,nan,0,nan,0,nan,0,nan,0
1597988403631200000,1597988403924000000,2020-08-21 13:40:03.924000,6536.2,6605.8,6523.0,6540.0,nan,6563.3,84150,110460232920.0,116386,6536.0,1,6535.2,11,nan,0,nan,0,nan,0,nan,0,nan,0,nan,0,nan,0,nan,0
1597988404026547968,1597988404411000064,2020-08-21 13:40:04.411000,6536.2,6605.8,6523.0,6540.0,nan,6563.3,84150,110460232920.0,116386,6536.0,1,6535.2,11,nan,0,nan,0,nan,0,nan,0,nan,0,nan,0,nan,0,nan,0
1597988404539917056,1597988404903000064,2020-08-21 13:40:04.903000,6535.2,6605.8,6523.0,6540.0,nan,6563.3,84153,110464154040.0,116389,6536.0,2,6535.2,8,nan,0,nan,0,nan,0,nan,0,nan,0,nan,0,nan,0,nan,0
1597988405030205952,1597988405420000000,2020-08-21 13:40:05.420000,6535.8,6605.8,6523.0,6540.0,nan,6563.3,84160,110473303440.0,116395,6536.0,3,6535.2,7,nan,0,nan,0,nan,0,nan,0,nan,0,nan,0,nan,0,nan,0
1597988405532935936,1597988405897000192,2020-08-21 13:40:05.897000,6535.2,6605.8,6523.0,6540.0,nan,6563.3,84164,110478531600.0,116399,6536.0,4,6535.2,8,nan,0,nan,0,nan,0,nan,0,nan,0,nan,0,nan,0,nan,0
1597988406026264064,1597988406427000064,2020-08-21 13:40:06.427000,6535.8,6605.8,6523.0,6540.0,nan,6563.3,84166,110481145800.0,116401,6536.0,3,6535.2,12,nan,0,nan,0,nan,0,nan,0,nan,0,nan,0,nan,0,nan,0
1597988406539800064,1597988406927000064,2020-08-21 13:40:06.927000,6535.2,6605.8,6523.0,6540.0,nan,6563.3,84170,110486374120.0,116403,6535.6,2,6535.2,9,nan,0,nan,0,nan,0,nan,0,nan,0,nan,0,nan,0,nan,0
1597988407042774016,1597988407437999872,2020-08-21 13:40:07.438000,6535.2,6605.8,6523.0,6540.0,nan,6563.3,84178,110496830520.0,116408,6536.0,2,6535.2,2,nan,0,nan,0,nan,0,nan,0,nan,0,nan,0,nan,0,nan,0
1597988407552005120,1597988407897000192,2020-08-21 13:40:07.897000,6535.8,6605.8,6523.0,6540.0,nan,6563.3,84192,110515130280.0,116415,6535.8,1,6535.2,3,nan,0,nan,0,nan,0,nan,0,nan,0,nan,0,nan,0,nan,0
1597988408093058048,1597988408431000064,2020-08-21 13:40:08.431000,6535.2,6605.8,6523.0,6540.0,nan,6563.3,84198,110522972680.0,116416,6535.4,3,6535.0,1,nan,0,nan,0,nan,0,nan,0,nan,0,nan,0,nan,0,nan,0
1597988408547045120,1597988408918999808,2020-08-21 13:40:08.919000,6535.4,6605.8,6523.0,6540.0,nan,6563.3,84201,110526893800.0,116417,6535.0,2,6534.6,2,nan,0,nan,0,nan,0,nan,0,nan,0,nan,0,nan,0,nan,0
1597988409080454912,1597988409415000064,2020-08-21 13:40:09.415000,6535.2,6605.8,6523.0,6540.0,nan,6563.3,84204,110530814560.0,116418,6535.4,2,6534.2,1,nan,0,nan,0,nan,0,nan,0,nan,0,nan,0,nan,0,nan,0
1597988409550167040,1597988409904999936,2020-08-21 13:40:09.905000,6534.4,6605.8,6523.0,6540.0,nan,6563.3,84205,110532121440.0,116417,6535.4,2,6535.0,1,nan,0,nan,0,nan,0,nan,0,nan,0,nan,0,nan,0,nan,0
1597988410053483008,1597988410403000064,2020-08-21 13:40:10.403000,6535.0,6605.8,6523.0,6540.0,nan,6563.3,84206,110533428440.0,116417,6534.8,1,6534.2,1,nan,0,nan,0,nan,0,nan,0,nan,0,nan,0,nan,0,nan,0
1597988410549913088,1597988410931000064,2020-08-21 13:40:10.931000,6534.2,6605.8,6523.0,6540.0,nan,6563.3,84207,110534735280.0,116418,6534.4,1,6534.0,27,nan,0,nan,0,nan,0,nan,0,nan,0,nan,0,nan,0,nan,0
1597988411043636992,1597988411436000000,2020-08-21 13:40:11.436000,6534.0,6605.8,6523.0,6540.0,nan,6563.3,84210,110538655680.0,116419,6534.4,1,6534.0,24,nan,0,nan,0,nan,0,nan,0,nan,0,nan,0,nan,0,nan,0
1597988411545671936,1597988411924999936,2020-08-21 13:40:11.925000,6534.0,6605.8,6523.0,6540.0,nan,6563.3,84215,110545189760.0,116419,6534.4,1,6534.0,20,nan,0,nan,0,nan,0,nan,0,nan,0,nan,0,nan,0,nan,0
1597988412047726080,1597988412411000064,2020-08-21 13:40:12.411000,6534.8,6605.8,6523.0,6540.0,nan,6563.3,84220,110551724160.0,116422,6535.0,4,6534.8,3,nan,0,nan,0,nan,0,nan,0,nan,0,nan,0,nan,0,nan,0
1597988412541427968,1597988412930000128,2020-08-21 13:40:12.930000,6534.0,6605.8,6523.0,6540.0,nan,6563.3,84228,110562179640.0,116428,6534.8,1,6534.4,1,nan,0,nan,0,nan,0,nan,0,nan,0,nan,0,nan,0,nan,0
1597988413043453952,1597988413426000128,2020-08-21 13:40:13.426000,6534.8,6605.8,6523.0,6540.0,nan,6563.3,84230,110564793480.0,116429,6535.0,1,6534.0,17,nan,0,nan,0,nan,0,nan,0,nan,0,nan,0,nan,0,nan,0
1597988413545900032,1597988413916000000,2020-08-21 13:40:13.916000,6535.0,6605.8,6523.0,6540.0,nan,6563.3,84232,110567407480.0,116429,6535.4,2,6535.0,1,nan,0,nan,0,nan,0,nan,0,nan,0,nan,0,nan,0,nan,0
1597988414099634944,1597988414356000000,2020-08-21 13:40:14.356000,6535.2,6605.8,6523.0,6540.0,nan,6563.3,84238,110575249920.0,116433,6536.0,1,6535.4,2,nan,0,nan,0,nan,0,nan,0,nan,0,nan,0,nan,0,nan,0
1597988414542885888,1597988414920999936,2020-08-21 13:40:14.921000,6534.8,6605.8,6523.0,6540.0,nan,6563.3,84247,110587013280.0,116442,6536.0,1,6534.8,5,nan,0,nan,0,nan,0,nan,0,nan,0,nan,0,nan,0,nan,0
1597988415043607040,1597988415437999872,2020-08-21 13:40:15.438000,6535.4,6605.8,6523.0,6540.0,nan,6563.3,84249,110589627320.0,116443,6535.4,2,6534.8,4,nan,0,nan,0,nan,0,nan,0,nan,0,nan,0,nan,0,nan,0
1597988415545068032,1597988415935000064,2020-08-21 13:40:15.935000,6534.0,6605.8,6523.0,6540.0,nan,6563.3,84257,110600082720.0,116449,6534.8,1,6534.0,16,nan,0,nan,0,nan,0,nan,0,nan,0,nan,0,nan,0,nan,0
1597988416073875968,1597988416325999872,2020-08-21 13:40:16.326000,6534.0,6605.8,6523.0,6540.0,nan,6563.3,84258,110601389520.0,116450,6534.4,2,6534.0,15,nan,0,nan,0,nan,0,nan,0,nan,0,nan,0,nan,0,nan,0
1597988416563835904,1597988416935000064,2020-08-21 13:40:16.935000,6534.4,6605.8,6523.0,6540.0,nan,6563.3,84278,110627525520.0,116465,6534.8,1,6534.4,9,nan,0,nan,0,nan,0,nan,0,nan,0,nan,0,nan,0,nan,0
1597988417080901120,1597988417420999936,2020-08-21 13:40:17.421000,6534.4,6605.8,6523.0,6540.0,nan,6563.2,84282,110632753040.0,116468,6534.6,1,6534.4,5,nan,0,nan,0,nan,0,nan,0,nan,0,nan,0,nan,0,nan,0
1597988417561209088,1597988417892999936,2020-08-21 13:40:17.893000,6534.4,6605.8,6523.0,6540.0,nan,6563.2,84287,110639287440.0,116472,6534.4,5,6533.2,5,nan,0,nan,0,nan,0,nan,0,nan,0,nan,0,nan,0,nan,0
1597988418079011072,1597988418427000064,2020-08-21 13:40:18.427000,6533.4,6605.8,6523.0,6540.0,nan,6563.2,84289,110641901000.0,116472,6534.2,1,6533.2,5,nan,0,nan,0,nan,0,nan,0,nan,0,nan,0,nan,0,nan,0
1597988418555909888,1597988418917999872,2020-08-21 13:40:18.918000,6533.2,6605.8,6523.0,6540.0,nan,6563.2,84292,110645820920.0,116473,6534.2,1,6533.2,2,nan,0,nan,0,nan,0,nan,0,nan,0,nan,0,nan,0,nan,0
1597988419053780992,1597988419430000128,2020-08-21 13:40:19.430000,6534.2,6605.8,6523.0,6540.0,nan,6563.2,84294,110648434400.0,116474,6534.2,1,6533.2,1,nan,0,nan,0,nan,0,nan,0,nan,0,nan,0,nan,0,nan,0
1597988419551538944,1597988419924999936,2020-08-21 13:40:19.925000,6533.2,6605.8,6523.0,6540.0,nan,6563.2,84295,110649741040.0,116473,6533.2,6,6533.0,11,nan,0,nan,0,nan,0,nan,0,nan,0,nan,0,nan,0,nan,0
1597988420082717952,1597988420433000192,2020-08-21 13:40:20.433000,6533.0,6605.8,6523.0,6540.0,nan,6563.2,84301,110657580680.0,116476,6533.2,5,6533.0,6,nan,0,nan,0,nan,0,nan,0,nan,0,nan,0,nan,0,nan,0
1597988420562914048,1597988420932000000,2020-08-21 13:40:20.932000,6533.0,6605.8,6523.0,6540.0,nan,6563.2,84311,110670646440.0,116480,6533.0,2,6532.6,13,nan,0,nan,0,nan,0,nan,0,nan,0,nan,0,nan,0,nan,0
1597988421081093120,1597988421390000128,2020-08-21 13:40:21.390000,6532.6,6605.8,6523.0,6540.0,nan,6563.2,84314,110674566000.0,116479,6533.0,1,6532.6,10,nan,0,nan,0,nan,0,nan,0,nan,0,nan,0,nan,0,nan,0
1597988421556515072,1597988421928000000,2020-08-21 13:40:21.928000,6532.6,6605.8,6523.0,6540.0,nan,6563.2,84319,110681098680.0,116479,6533.2,6,6532.6,6,nan,0,nan,0,nan,0,nan,0,nan,0,nan,0,nan,0,nan,0
1597988422056486912,1597988422401999872,2020-08-21 13:40:22.402000,6532.6,6605.8,6523.0,6540.0,nan,6563.2,84321,110683711840.0,116479,6533.0,1,6532.6,6,nan,0,nan,0,nan,0,nan,0,nan,0,nan,0,nan,0,nan,0
1597988422558256128,1597988422921999872,2020-08-21 13:40:22.922000,6532.6,6605.8,6523.0,6540.0,nan,6563.2,84324,110687631480.0,116479,6533.2,5,6533.0,1,nan,0,nan,0,nan,0,nan,0,nan,0,nan,0,nan,0,nan,0
1597988423078656000,1597988423430000128,2020-08-21 13:40:23.430000,6533.2,6605.8,6523.0,6540.0,nan,6563.2,84326,110690244760.0,116478,6533.2,3,6533.0,1,nan,0,nan,0,nan,0,nan,0,nan,0,nan,0,nan,0,nan,0
1597988423545293056,1597988423857000192,2020-08-21 13:40:23.857000,6533.2,6605.8,6523.0,6540.0,nan,6563.2,84330,110695471320.0,116479,6534.4,9,6533.0,1,nan,0,nan,0,nan,0,nan,0,nan,0,nan,0,nan,0,nan,0
1597988424174611968,1597988424434000128,2020-08-21 13:40:24.434000,6533.2,6605.8,6523.0,6540.0,nan,6563.2,84331,110696777960.0,116479,6534.2,1,6533.0,1,nan,0,nan,0,nan,0,nan,0,nan,0,nan,0,nan,0,nan,0
1597988424546937088,1597988424924000000,2020-08-21 13:40:24.924000,6534.2,6605.8,6523.0,6540.0,nan,6563.2,84333,110699391600.0,116479,6534.4,9,6534.2,8,nan,0,nan,0,nan,0,nan,0,nan,0,nan,0,nan,0,nan,0
1597988425053016064,1597988425424999936,2020-08-21 13:40:25.425000,6534.2,6605.8,6523.0,6540.0,nan,6563.2,84341,110709846360.0,116485,6534.4,7,6534.2,1,nan,0,nan,0,nan,0,nan,0,nan,0,nan,0,nan,0,nan,0
1597988425560674048,1597988425930000128,2020-08-21 13:40:25.930000,6534.2,6605.8,6523.0,6540.0,nan,6563.2,84343,110712460040.0,116486,6534.2,3,6533.0,1,nan,0,nan,0,nan,0,nan,0,nan,0,nan,0,nan,0,nan,0
1597988426117223936,1597988426431000064,2020-08-21 13:40:26.431000,6533.4,6605.8,6523.0,6540.0,nan,6563.2,84345,110715073560.0,116486,6534.4,7,6533.2,2,nan,0,nan,0,nan,0,nan,0,nan,0,nan,0,nan,0,nan,0
1597988426557943040,1597988426934000128,2020-08-21 13:40:26.934000,6534.4,6605.8,6523.0,6540.0,nan,6563.2,84352,110724221160.0,116485,6534.4,4,6533.0,1,nan,0,nan,0,nan,0,nan,0,nan,0,nan,0,nan,0,nan,0
1597988427042584064,1597988427434000128,2020-08-21 13:40:27.434000,6534.2,6605.8,6523.0,6540.0,nan,6563.2,84354,110726834880.0,116485,6534.4,4,6534.2,1,nan,0,nan,0,nan,0,nan,0,nan,0,nan,0,nan,0,nan,0
1597988427543074048,1597988427918999808,2020-08-21 13:40:27.919000,6534.4,6605.8,6523.0,6540.0,nan,6563.2,84355,110728141760.0,116485,6534.4,4,6533.8,1,nan,0,nan,0,nan,0,nan,0,nan,0,nan,0,nan,0,nan,0
1597988428041298944,1597988428412000000,2020-08-21 13:40:28.412000,6534.0,6605.8,6523.0,6540.0,nan,6563.2,84357,110730755440.0,116485,6534.2,2,6533.8,1,nan,0,nan,0,nan,0,nan,0,nan,0,nan,0,nan,0,nan,0
1597988428560102912,1597988428924999936,2020-08-21 13:40:28.925000,6533.8,6605.8,6523.0,6540.0,nan,6563.2,84361,110735982760.0,116486,6534.4,2,6534.2,1,nan,0,nan,0,nan,0,nan,0,nan,0,nan,0,nan,0,nan,0
1597988429079869952,1597988429424999936,2020-08-21 13:40:29.425000,6534.2,6605.8,6523.0,6540.0,nan,6563.2,84362,110737289600.0,116487,6534.4,3,6533.2,3,nan,0,nan,0,nan,0,nan,0,nan,0,nan,0,nan,0,nan,0
1597988429550259968,1597988429936999936,2020-08-21 13:40:29.937000,6535.0,6605.8,6523.0,6540.0,nan,6563.2,84369,110746437760.0,116489,6535.2,1,6533.6,1,nan,0,nan,0,nan,0,nan,0,nan,0,nan,0,nan,0,nan,0
1597988430044474880,1597988430434000128,2020-08-21 13:40:30.434000,6535.2,6605.8,6523.0,6540.0,nan,6563.2,84372,110750358600.0,116490,6536.4,1,6535.2,9,nan,0,nan,0,nan,0,nan,0,nan,0,nan,0,nan,0,nan,0
1597988430544705024,1597988430927000064,2020-08-21 13:40:30.927000,6535.2,6605.8,6523.0,6540.0,nan,6563.2,84379,110759507880.0,116494,6536.2,5,6535.2,2,nan,0,nan,0,nan,0,nan,0,nan,0,nan,0,nan,0,nan,0
1597988431045210112,1597988431431000064,2020-08-21 13:40:31.431000,6535.2,6605.8,6523.0,6540.0,nan,6563.2,84379,110759507880.0,116494,6535.8,2,6535.2,16,nan,0,nan,0,nan,0,nan,0,nan,0,nan,0,nan,0,nan,0
1597988431560592896,1597988431912000000,2020-08-21 13:40:31.912000,6535.8,6605.8,6523.0,6540.0,nan,6563.2,84382,110763429240.0,116496,6535.6,1,6535.2,22,nan,0,nan,0,nan,0,nan,0,nan,0,nan,0,nan,0,nan,0
1597988432078674944,1597988432428000000,2020-08-21 13:40:32.428000,6535.6,6605.8,6523.0,6540.0,nan,6563.2,84386,110768657800.0,116499,6536.2,2,6535.6,10,nan,0,nan,0,nan,0,nan,0,nan,0,nan,0,nan,0,nan,0
1597988432551337984,1597988432936999936,2020-08-21 13:40:32.937000,6536.2,6605.8,6523.0,6540.0,nan,6563.2,84389,110772579520.0,116502,6536.8,1,6535.6,10,nan,0,nan,0,nan,0,nan,0,nan,0,nan,0,nan,0,nan,0
1597988433093214976,1597988433437999872,2020-08-21 13:40:33.438000,6535.8,6605.8,6523.0,6540.0,nan,6563.2,84391,110775193840.0,116502,6536.6,1,6535.8,1,nan,0,nan,0,nan,0,nan,0,nan,0,nan,0,nan,0,nan,0
1597988433561509888,1597988433934000128,2020-08-21 13:40:33.934000,6536.6,6605.8,6523.0,6540.0,nan,6563.2,84393,110777808480.0,116503,6536.8,1,6535.8,9,nan,0,nan,0,nan,0,nan,0,nan,0,nan,0,nan,0,nan,0
1597988434059376128,1597988434405999872,2020-08-21 13:40:34.406000,6537.4,6605.8,6523.0,6540.0,nan,6563.2,84396,110781730760.0,116503,6537.4,2,6537.0,1,nan,0,nan,0,nan,0,nan,0,nan,0,nan,0,nan,0,nan,0
1597988434569938944,1597988434923000064,2020-08-21 13:40:34.923000,6537.0,6605.8,6523.0,6540.0,nan,6563.2,84400,110786960600.0,116506,6537.6,1,6536.8,2,nan,0,nan,0,nan,0,nan,0,nan,0,nan,0,nan,0,nan,0
1597988435078543104,1597988435428999936,2020-08-21 13:40:35.429000,6537.2,6605.8,6523.0,6540.0,nan,6563.2,84402,110789575440.0,116508,6537.2,1,6537.0,1,nan,0,nan,0,nan,0,nan,0,nan,0,nan,0,nan,0,nan,0
1597988435555610880,1597988435910000128,2020-08-21 13:40:35.910000,6537.0,6605.8,6523.0,6540.0,nan,6563.2,84407,110796112640.0,116511,6538.0,1,6536.8,7,nan,0,nan,0,nan,0,nan,0,nan,0,nan,0,nan,0,nan,0
1597988436104369920,1597988436435000064,2020-08-21 13:40:36.435000,6537.0,6605.8,6523.0,6540.0,nan,6563.2,84407,110796112640.0,116511,6537.4,2,6537.0,1,nan,0,nan,0,nan,0,nan,0,nan,0,nan,0,nan,0,nan,0
1597988436571712000,1597988436894000128,2020-08-21 13:40:36.894000,6537.8,6605.8,6523.0,6540.0,nan,6563.2,84414,110805265240.0,116516,6538.0,1,6537.8,4,nan,0,nan,0,nan,0,nan,0,nan,0,nan,0,nan,0,nan,0
1597988437077402112,1597988437357000192,2020-08-21 13:40:37.357000,6537.8,6605.8,6523.0,6540.0,nan,6563.2,84420,110813110960.0,116518,6538.4,4,6537.8,7,nan,0,nan,0,nan,0,nan,0,nan,0,nan,0,nan,0,nan,0
1597988437564184064,1597988437937999872,2020-08-21 13:40:37.938000,6538.4,6605.8,6523.0,6540.0,nan,6563.2,84426,110820957040.0,116524,6538.6,3,6538.0,1,nan,0,nan,0,nan,0,nan,0,nan,0,nan,0,nan,0,nan,0
1597988438083877120,1597988438430000128,2020-08-21 13:40:38.430000,6538.6,6605.8,6523.0,6540.0,nan,6563.2,84436,110834034440.0,116528,6538.8,1,6538.2,1,nan,0,nan,0,nan,0,nan,0,nan,0,nan,0,nan,0,nan,0
1597988438570401024,1597988438938999808,2020-08-21 13:40:38.939000,6538.8,6605.8,6523.0,6540.0,nan,6563.2,84444,110844497000.0,116529,6539.0,1,6538.6,4,nan,0,nan,0,nan,0,nan,0,nan,0,nan,0,nan,0,nan,0
1597988439073643008,1597988439433000192,2020-08-21 13:40:39.433000,6539.0,6605.8,6523.0,6540.0,nan,6563.2,84454,110857576560.0,116531,6541.8,6,6539.0,6,nan,0,nan,0,nan,0,nan,0,nan,0,nan,0,nan,0,nan,0
1597988439567232000,1597988439926000128,2020-08-21 13:40:39.926000,6539.0,6605.8,6523.0,6540.0,nan,6563.2,84454,110857576560.0,116531,6539.6,1,6539.2,1,nan,0,nan,0,nan,0,nan,0,nan,0,nan,0,nan,0,nan,0
1597988440067908096,1597988440408000000,2020-08-21 13:40:40.408000,6539.4,6605.8,6523.0,6540.0,nan,6563.2,84457,110861500160.0,116533,6540.4,1,6539.0,11,nan,0,nan,0,nan,0,nan,0,nan,0,nan,0,nan,0,nan,0
1597988440582864896,1597988440938999808,2020-08-21 13:40:40.939000,6539.0,6605.8,6523.0,6540.0,nan,6563.2,84459,110864115760.0,116533,6540.2,2,6539.0,10,nan,0,nan,0,nan,0,nan,0,nan,0,nan,0,nan,0,nan,0
1597988441075489024,1597988441420999936,2020-08-21 13:40:41.421000,6539.0,6605.8,6523.0,6540.0,nan,6563.2,84463,110869346960.0,116536,6539.2,1,6539.0,6,nan,0,nan,0,nan,0,nan,0,nan,0,nan,0,nan,0,nan,0
1597988441569193984,1597988441924000000,2020-08-21 13:40:41.924000,6539.0,6605.8,6523.0,6540.0,nan,6563.2,84478,110888963880.0,116546,6539.0,2,6538.8,1,nan,0,nan,0,nan,0,nan,0,nan,0,nan,0,nan,0,nan,0
1597988442077100032,1597988442428000000,2020-08-21 13:40:42.428000,6537.8,6605.8,6523.0,6540.0,nan,6563.2,84485,110898117480.0,116551,6538.8,2,6537.0,5,nan,0,nan,0,nan,0,nan,0,nan,0,nan,0,nan,0,nan,0
1597988442567234048,1597988442924000000,2020-08-21 13:40:42.924000,6538.8,6605.8,6523.0,6540.0,nan,6563.2,84494,110909887000.0,116554,6539.2,1,6538.8,2,nan,0,nan,0,nan,0,nan,0,nan,0,nan,0,nan,0,nan,0
1597988443085592064,1597988443434000128,2020-08-21 13:40:43.434000,6538.8,6605.8,6523.0,6540.0,nan,6563.2,84499,110916426320.0,116557,6538.8,7,6538.0,1,nan,0,nan,0,nan,0,nan,0,nan,0,nan,0,nan,0,nan,0
1597988443554646016,1597988443938999808,2020-08-21 13:40:43.939000,6541.6,6605.8,6523.0,6540.0,nan,6563.2,84511,110932120440.0,116560,6541.6,3,6538.8,1,nan,0,nan,0,nan,0,nan,0,nan,0,nan,0,nan,0,nan,0
1597988444089332992,1597988444435000064,2020-08-21 13:40:44.435000,6541.6,6605.8,6523.0,6540.0,nan,6563.2,84511,110932120440.0,116560,6540.2,3,6539.0,2,nan,0,nan,0,nan,0,nan,0,nan,0,nan,0,nan,0,nan,0
1597988444568908032,1597988444905999872,2020-08-21 13:40:44.906000,6540.2,6605.8,6523.0,6540.0,nan,6563.2,84515,110937352400.0,116563,6539.6,2,6539.4,1,nan,0,nan,0,nan,0,nan,0,nan,0,nan,0,nan,0,nan,0
1597988445076498944,1597988445427000064,2020-08-21 13:40:45.427000,6539.6,6605.8,6523.0,6540.0,nan,6563.2,84520,110943892000.0,116565,6540.6,1,6540.2,1,nan,0,nan,0,nan,0,nan,0,nan,0,nan,0,nan,0,nan,0
1597988445582095872,1597988445926000128,2020-08-21 13:40:45.926000,6540.2,6605.8,6523.0,6540.0,nan,6563.2,84522,110946508080.0,116566,6540.2,1,6539.6,1,nan,0,nan,0,nan,0,nan,0,nan,0,nan,0,nan,0,nan,0
1597988446098368000,1597988446435000064,2020-08-21 13:40:46.435000,6539.8,6605.8,6523.0,6540.0,nan,6563.2,84527,110953048520.0,116567,6539.8,1,6539.6,1,nan,0,nan,0,nan,0,nan,0,nan,0,nan,0,nan,0,nan,0
1597988446560474112,1597988446924999936,2020-08-21 13:40:46.925000,6540.0,6605.8,6523.0,6540.0,nan,6563.2,84531,110958280560.0,116567,6541.6,4,6539.8,6,nan,0,nan,0,nan,0,nan,0,nan,0,nan,0,nan,0,nan,0
1597988447078956032,1597988447360999936,2020-08-21 13:40:47.361000,6540.0,6605.8,6523.0,6540.0,nan,6563.2,84538,110967438200.0,116572,6540.6,2,6540.0,2,nan,0,nan,0,nan,0,nan,0,nan,0,nan,0,nan,0,nan,0
1597988447574042880,1597988447936999936,2020-08-21 13:40:47.937000,6540.2,6605.8,6523.0,6540.0,nan,6563.2,84541,110971362480.0,116573,6540.2,1,6540.0,1,nan,0,nan,0,nan,0,nan,0,nan,0,nan,0,nan,0,nan,0
1597988448081704960,1597988448424999936,2020-08-21 13:40:48.425000,6540.8,6605.8,6523.0,6540.0,nan,6563.2,84546,110977902720.0,116576,6541.4,3,6540.2,1,nan,0,nan,0,nan,0,nan,0,nan,0,nan,0,nan,0,nan,0
1597988448566341888,1597988448924999936,2020-08-21 13:40:48.925000,6540.6,6605.8,6523.0,6540.0,nan,6563.2,84547,110979210840.0,116577,6540.8,2,6540.2,1,nan,0,nan,0,nan,0,nan,0,nan,0,nan,0,nan,0,nan,0
1597988449059730944,1597988449431000064,2020-08-21 13:40:49.431000,6540.6,6605.8,6523.0,6540.0,nan,6563.2,84551,110984443080.0,116581,6540.8,2,6540.6,2,nan,0,nan,0,nan,0,nan,0,nan,0,nan,0,nan,0,nan,0
1597988449556753920,1597988449894000128,2020-08-21 13:40:49.894000,6540.6,6605.8,6523.0,6540.0,nan,6563.2,84554,110988367440.0,116583,6540.6,3,6539.8,1,nan,0,nan,0,nan,0,nan,0,nan,0,nan,0,nan,0,nan,0
1597988450073060096,1597988450418999808,2020-08-21 13:40:50.419000,6539.8,6605.8,6523.0,6540.0,nan,6563.2,84556,110990983520.0,116585,6539.8,5,6539.4,2,nan,0,nan,0,nan,0,nan,0,nan,0,nan,0,nan,0,nan,0
1597988450562753024,1597988450928000000,2020-08-21 13:40:50.928000,6539.6,6605.8,6523.0,6540.0,nan,6563.2,84558,110993599320.0,116586,6539.6,1,6539.4,1,nan,0,nan,0,nan,0,nan,0,nan,0,nan,0,nan,0,nan,0
1597988451081699072,1597988451423000064,2020-08-21 13:40:51.423000,6539.6,6605.8,6523.0,6540.0,nan,6563.2,84567,111005370480.0,116591,6539.8,5,6539.6,3,nan,0,nan,0,nan,0,nan,0,nan,0,nan,0,nan,0,nan,0
1597988451565592064,1597988451933000192,2020-08-21 13:40:51.933000,6539.8,6605.8,6523.0,6540.0,nan,6563.2,84570,111009294360.0,116594,6539.8,2,6539.6,3,nan,0,nan,0,nan,0,nan,0,nan,0,nan,0,nan,0,nan,0
1597988452071193088,1597988452424999936,2020-08-21 13:40:52.425000,6539.6,6605.8,6523.0,6540.0,nan,6563.2,84576,111017141960.0,116599,6539.4,1,6539.2,1,nan,0,nan,0,nan,0,nan,0,nan,0,nan,0,nan,0,nan,0
1597988452559508992,1597988452930000128,2020-08-21 13:40:52.930000,6539.2,6605.8,6523.0,6540.0,nan,6563.2,84577,111018449800.0,116600,6539.4,1,6538.8,2,nan,0,nan,0,nan,0,nan,0,nan,0,nan,0,nan,0,nan,0
1597988453079417088,1597988453424999936,2020-08-21 13:40:53.425000,6539.2,6605.8,6523.0,6540.0,nan,6563.2,84577,111018449800.0,116600,6539.4,1,6539.2,1,nan,0,nan,0,nan,0,nan,0,nan,0,nan,0,nan,0,nan,0
1597988453565988096,1597988453932000000,2020-08-21 13:40:53.932000,6539.2,6605.8,6523.0,6540.0,nan,6563.2,84578,111019757640.0,116601,6539.2,5,6538.8,2,nan,0,nan,0,nan,0,nan,0,nan,0,nan,0,nan,0,nan,0
1597988454078738944,1597988454428000000,2020-08-21 13:40:54.428000,6539.2,6605.8,6523.0,6540.0,nan,6563.2,84578,111019757640.0,116601,6539.2,5,6538.8,2,nan,0,nan,0,nan,0,nan,0,nan,0,nan,0,nan,0,nan,0
1597988454560626944,1597988454931000064,2020-08-21 13:40:54.931000,6538.8,6605.8,6523.0,6540.0,nan,6563.2,84581,111023680920.0,116603,6538.8,2,6538.2,1,nan,0,nan,0,nan,0,nan,0,nan,0,nan,0,nan,0,nan,0
1597988455060307968,1597988455435000064,2020-08-21 13:40:55.435000,6538.2,6605.8,6523.0,6540.0,nan,6563.2,84586,111030219360.0,116607,6538.2,2,6538.0,1,nan,0,nan,0,nan,0,nan,0,nan,0,nan,0,nan,0,nan,0
1597988455558342912,1597988455936999936,2020-08-21 13:40:55.937000,6538.2,6605.8,6523.0,6540.0,nan,6563.2,84589,111034142280.0,116608,6539.2,5,6538.0,1,nan,0,nan,0,nan,0,nan,0,nan,0,nan,0,nan,0,nan,0
1597988456079183872,1597988456432000000,2020-08-21 13:40:56.432000,6538.4,6605.8,6523.0,6540.0,nan,6563.2,84592,111038065240.0,116608,6539.0,2,6538.0,1,nan,0,nan,0,nan,0,nan,0,nan,0,nan,0,nan,0,nan,0
1597988456573228032,1597988456905999872,2020-08-21 13:40:56.906000,6538.0,6605.8,6523.0,6540.0,nan,6563.2,84595,111041988080.0,116611,6538.0,1,6537.2,1,nan,0,nan,0,nan,0,nan,0,nan,0,nan,0,nan,0,nan,0
1597988457077775104,1597988457434000128,2020-08-21 13:40:57.434000,6538.0,6605.8,6523.0,6540.0,nan,6563.2,84595,111041988080.0,116611,6537.8,1,6537.4,3,nan,0,nan,0,nan,0,nan,0,nan,0,nan,0,nan,0,nan,0
1597988457558835968,1597988457931000064,2020-08-21 13:40:57.931000,6537.8,6605.8,6523.0,6540.0,nan,6563.2,84596,111043295640.0,116611,6538.0,1,6537.4,3,nan,0,nan,0,nan,0,nan,0,nan,0,nan,0,nan,0,nan,0
1597988458061153024,1597988458434000128,2020-08-21 13:40:58.434000,6537.8,6605.8,6523.0,6540.0,nan,6563.2,84596,111043295640.0,116611,6538.0,1,6537.4,2,nan,0,nan,0,nan,0,nan,0,nan,0,nan,0,nan,0,nan,0
1597988458554864896,1597988458926000128,2020-08-21 13:40:58.926000,6537.4,6605.8,6523.0,6540.0,nan,6563.2,84597,111044603120.0,116612,6538.0,1,6537.4,1,nan,0,nan,0,nan,0,nan,0,nan,0,nan,0,nan,0,nan,0
1597988459079877120,1597988459404000000,2020-08-21 13:40:59.404000,6537.4,6605.8,6523.0,6540.0,nan,6563.2,84598,111045910600.0,116611,6538.0,1,6537.8,1,nan,0,nan,0,nan,0,nan,0,nan,0,nan,0,nan,0,nan,0
1597988459562045952,1597988459904000000,2020-08-21 13:40:59.904000,6537.6,6605.8,6523.0,6540.0,nan,6563.2,84599,111047218120.0,116612,6538.0,1,6537.2,1,nan,0,nan,0,nan,0,nan,0,nan,0,nan,0,nan,0,nan,0
1597988460060201984,1597988460424999936,2020-08-21 13:41:00.425000,6538.0,6605.8,6523.0,6540.0,nan,6563.2,84601,111049833160.0,116612,6539.0,2,6537.6,1,nan,0,nan,0,nan,0,nan,0,nan,0,nan,0,nan,0,nan,0
1597988460560952064,1597988460937999872,2020-08-21 13:41:00.938000,6539.0,6605.8,6523.0,6540.0,nan,6563.2,84605,111055063840.0,116614,6539.2,7,6537.0,5,nan,0,nan,0,nan,0,nan,0,nan,0,nan,0,nan,0,nan,0
1597988461059869952,1597988461427000064,2020-08-21 13:41:01.427000,6539.0,6605.8,6523.0,6540.0,nan,6563.2,84605,111055063840.0,116614,6538.8,1,6537.8,1,nan,0,nan,0,nan,0,nan,0,nan,0,nan,0,nan,0,nan,0
1597988461567223040,1597988461891000064,2020-08-21 13:41:01.891000,6538.8,6605.8,6523.0,6540.0,nan,6563.1,84608,111058987120.0,116615,6539.2,7,6539.0,1,nan,0,nan,0,nan,0,nan,0,nan,0,nan,0,nan,0,nan,0
1597988462083228928,1597988462420999936,2020-08-21 13:41:02.421000,6539.2,6605.8,6523.0,6540.0,nan,6563.1,84611,111062910560.0,116616,6539.2,6,6537.8,1,nan,0,nan,0,nan,0,nan,0,nan,0,nan,0,nan,0,nan,0
1597988462577328128,1597988462911000064,2020-08-21 13:41:02.911000,6539.0,6605.8,6523.0,6540.0,nan,6563.1,84615,111068141840.0,116617,6539.0,3,6538.0,6,nan,0,nan,0,nan,0,nan,0,nan,0,nan,0,nan,0,nan,0
1597988463081404928,1597988463430000128,2020-08-21 13:41:03.430000,6539.0,6605.8,6523.0,6540.0,nan,6563.1,84618,111072065240.0,116617,6539.2,4,6539.0,4,nan,0,nan,0,nan,0,nan,0,nan,0,nan,0,nan,0,nan,0
1597988463578776064,1597988463935000064,2020-08-21 13:41:03.935000,6539.4,6605.8,6523.0,6540.0,nan,6563.1,84623,111078604480.0,116616,6539.4,1,6539.2,9,nan,0,nan,0,nan,0,nan,0,nan,0,nan,0,nan,0,nan,0
1597988464074465024,1597988464432000000,2020-08-21 13:41:04.432000,6539.6,6605.8,6523.0,6540.0,nan,6563.1,84630,111087759880.0,116623,6540.0,1,6539.6,3,nan,0,nan,0,nan,0,nan,0,nan,0,nan,0,nan,0,nan,0
1597988464563194880,1597988464926000128,2020-08-21 13:41:04.926000,6540.0,6605.8,6523.0,6540.0,nan,6563.1,84632,111090375880.0,116624,6541.0,1,6540.0,1,nan,0,nan,0,nan,0,nan,0,nan,0,nan,0,nan,0,nan,0
1597988465089172992,1597988465426000128,2020-08-21 13:41:05.426000,6539.4,6605.8,6523.0,6540.0,nan,6563.1,84638,111098223640.0,116623,6540.4,1,6540.0,1,nan,0,nan,0,nan,0,nan,0,nan,0,nan,0,nan,0,nan,0
1597988465575207936,1597988465921999872,2020-08-21 13:41:05.922000,6540.0,6605.8,6523.0,6540.0,nan,6563.1,84639,111099531640.0,116623,6539.6,1,6539.4,2,nan,0,nan,0,nan,0,nan,0,nan,0,nan,0,nan,0,nan,0
1597988466081235968,1597988466433000192,2020-08-21 13:41:06.433000,6539.4,6605.8,6523.0,6540.0,nan,6563.1,84644,111106071040.0,116621,6539.6,1,6539.2,1,nan,0,nan,0,nan,0,nan,0,nan,0,nan,0,nan,0,nan,0
1597988466559468032,1597988466938999808,2020-08-21 13:41:06.939000,6539.0,6605.8,6523.0,6540.0,nan,6563.1,84646,111108686680.0,116623,6539.6,1,6538.2,2,nan,0,nan,0,nan,0,nan,0,nan,0,nan,0,nan,0,nan,0
1597988467063920128,1597988467434000128,2020-08-21 13:41:07.434000,6540.0,6605.8,6523.0,6540.0,nan,6563.1,84648,111111302600.0,116625,6539.8,1,6538.4,1,nan,0,nan,0,nan,0,nan,0,nan,0,nan,0,nan,0,nan,0
1597988467571678976,1597988467888999936,2020-08-21 13:41:07.889000,6539.8,6605.8,6523.0,6540.0,nan,6563.1,84650,111113918280.0,116624,6539.8,1,6538.6,2,nan,0,nan,0,nan,0,nan,0,nan,0,nan,0,nan,0,nan,0
1597988468080944896,1597988468428000000,2020-08-21 13:41:08.428000,6539.8,6605.8,6523.0,6540.0,nan,6563.1,84651,111115226240.0,116624,6540.0,3,6539.6,1,nan,0,nan,0,nan,0,nan,0,nan,0,nan,0,nan,0,nan,0
1597988468564732928,1597988468913000192,2020-08-21 13:41:08.913000,6539.8,6605.8,6523.0,6540.0,nan,6563.1,84651,111115226240.0,116624,6540.0,3,6539.6,3,nan,0,nan,0,nan,0,nan,0,nan,0,nan,0,nan,0,nan,0
1597988469080396032,1597988469435000064,2020-08-21 13:41:09.435000,6539.8,6605.8,6523.0,6540.0,nan,6563.1,84655,111120458200.0,116628,6540.4,1,6539.6,3,nan,0,nan,0,nan,0,nan,0,nan,0,nan,0,nan,0,nan,0
1597988469573135872,1597988469934000128,2020-08-21 13:41:09.934000,6539.8,6605.8,6523.0,6540.0,nan,6563.1,84655,111120458200.0,116628,6540.4,1,6539.6,3,nan,0,nan,0,nan,0,nan,0,nan,0,nan,0,nan,0,nan,0
1597988470071109888,1597988470438999808,2020-08-21 13:41:10.439000,6539.8,6605.8,6523.0,6540.0,nan,6563.1,84655,111120458200.0,116628,6540.4,1,6539.8,2,nan,0,nan,0,nan,0,nan,0,nan,0,nan,0,nan,0,nan,0
1597988471080451072,1597988471436000000,2020-08-21 13:41:11.436000,6539.8,6605.8,6523.0,6540.0,nan,6563.1,84655,111120458200.0,116628,6540.4,1,6540.0,2,nan,0,nan,0,nan,0,nan,0,nan,0,nan,0,nan,0,nan,0
1597988471581588992,1597988471927000064,2020-08-21 13:41:11.927000,6540.0,6605.8,6523.0,6540.0,nan,6563.1,84657,111123074280.0,116628,6541.0,1,6540.0,1,nan,0,nan,0,nan,0,nan,0,nan,0,nan,0,nan,0,nan,0
1597988472081434112,1597988472436999936,2020-08-21 13:41:12.437000,6540.0,6605.8,6523.0,6540.0,nan,6563.1,84657,111123074280.0,116628,6540.8,1,6540.2,1,nan,0,nan,0,nan,0,nan,0,nan,0,nan,0,nan,0,nan,0
1597988472567762944,1597988472932000000,2020-08-21 13:41:12.932000,6540.2,6605.8,6523.0,6540.0,nan,6563.1,84658,111124382320.0,116629,6540.8,1,6540.4,1,nan,0,nan,0,nan,0,nan,0,nan,0,nan,0,nan,0,nan,0
1597988473063215104,1597988473436000000,2020-08-21 13:41:13.436000,6540.0,6605.8,6523.0,6540.0,nan,6563.1,84661,111128306560.0,116632,6541.0,1,6540.0,3,nan,0,nan,0,nan,0,nan,0,nan,0,nan,0,nan,0,nan,0
1597988473570594048,1597988473928999936,2020-08-21 13:41:13.929000,6541.0,6605.8,6523.0,6540.0,nan,6563.1,84666,111134846960.0,116636,6540.8,3,6539.8,2,nan,0,nan,0,nan,0,nan,0,nan,0,nan,0,nan,0,nan,0
1597988474076526080,1597988474404000000,2020-08-21 13:41:14.404000,6539.8,6605.8,6523.0,6540.0,nan,6563.1,84668,111137462880.0,116638,6539.8,2,6539.6,2,nan,0,nan,0,nan,0,nan,0,nan,0,nan,0,nan,0,nan,0
1597988474563862016,1597988474933000192,2020-08-21 13:41:14.933000,6539.6,6605.8,6523.0,6540.0,nan,6563.1,84671,111141386640.0,116639,6539.6,2,6538.6,1,nan,0,nan,0,nan,0,nan,0,nan,0,nan,0,nan,0,nan,0
1597988475088376064,1597988475437999872,2020-08-21 13:41:15.438000,6539.6,6605.8,6523.0,6540.0,nan,6563.1,84671,111141386640.0,116639,6539.6,2,6538.2,1,nan,0,nan,0,nan,0,nan,0,nan,0,nan,0,nan,0,nan,0
1597988475577715968,1597988475930000128,2020-08-21 13:41:15.930000,6539.6,6605.8,6523.0,6540.0,nan,6563.1,84672,111142694560.0,116640,6539.4,2,6538.4,2,nan,0,nan,0,nan,0,nan,0,nan,0,nan,0,nan,0,nan,0
1597988476082332928,1597988476435000064,2020-08-21 13:41:16.435000,6538.4,6605.8,6523.0,6540.0,nan,6563.1,84673,111144002240.0,116641,6539.4,2,6538.2,2,nan,0,nan,0,nan,0,nan,0,nan,0,nan,0,nan,0,nan,0
1597988476574619904,1597988476928000000,2020-08-21 13:41:16.928000,6538.4,6605.8,6523.0,6540.0,nan,6563.1,84673,111144002240.0,116641,6539.4,1,6538.2,2,nan,0,nan,0,nan,0,nan,0,nan,0,nan,0,nan,0,nan,0
1597988477081523968,1597988477436000000,2020-08-21 13:41:17.436000,6538.4,6605.8,6523.0,6540.0,nan,6563.1,84674,111145309920.0,116642,6539.6,4,6538.2,2,nan,0,nan,0,nan,0,nan,0,nan,0,nan,0,nan,0,nan,0
1597988477573488896,1597988477934000128,2020-08-21 13:41:17.934000,6538.4,6605.8,6523.0,6540.0,nan,6563.1,84674,111145309920.0,116642,6539.6,4,6539.4,2,nan,0,nan,0,nan,0,nan,0,nan,0,nan,0,nan,0,nan,0
1597988478082497024,1597988478432000000,2020-08-21 13:41:18.432000,6539.4,6605.8,6523.0,6540.0,nan,6563.1,84675,111146617800.0,116643,6539.6,3,6539.4,1,nan,0,nan,0,nan,0,nan,0,nan,0,nan,0,nan,0,nan,0
1597988478575926016,1597988478927000064,2020-08-21 13:41:18.927000,6539.6,6605.8,6523.0,6540.0,nan,6563.1,84678,111150541560.0,116644,6539.8,2,6539.6,2,nan,0,nan,0,nan,0,nan,0,nan,0,nan,0,nan,0,nan,0
1597988479075727104,1597988479433000192,2020-08-21 13:41:19.433000,6539.8,6605.8,6523.0,6540.0,nan,6563.1,84680,111153157480.0,116646,6540.4,1,6539.6,2,nan,0,nan,0,nan,0,nan,0,nan,0,nan,0,nan,0,nan,0
1597988479575331072,1597988479936000000,2020-08-21 13:41:19.936000,6539.6,6605.8,6523.0,6540.0,nan,6563.1,84681,111154465400.0,116647,6540.4,1,6539.8,1,nan,0,nan,0,nan,0,nan,0,nan,0,nan,0,nan,0,nan,0
1597988480077876992,1597988480416999936,2020-08-21 13:41:20.417000,6539.8,6605.8,6523.0,6540.0,nan,6563.1,84682,111155773360.0,116647,6540.4,1,6539.6,1,nan,0,nan,0,nan,0,nan,0,nan,0,nan,0,nan,0,nan,0
1597988480572428032,1597988480903000064,2020-08-21 13:41:20.903000,6540.4,6605.8,6523.0,6540.0,nan,6563.1,84684,111158389400.0,116648,6540.8,3,6539.6,1,nan,0,nan,0,nan,0,nan,0,nan,0,nan,0,nan,0,nan,0
1597988481085747968,1597988481438999808,2020-08-21 13:41:21.439000,6540.4,6605.8,6523.0,6540.0,nan,6563.1,84684,111158389400.0,116648,6540.8,3,6539.6,1,nan,0,nan,0,nan,0,nan,0,nan,0,nan,0,nan,0,nan,0
1597988481572188928,1597988481937999872,2020-08-21 13:41:21.938000,6540.4,6605.8,6523.0,6540.0,nan,6563.1,84684,111158389400.0,116648,6540.8,3,6539.6,1,nan,0,nan,0,nan,0,nan,0,nan,0,nan,0,nan,0,nan,0
1597988482066873088,1597988482430000128,2020-08-21 13:41:22.430000,6540.4,6605.8,6523.0,6540.0,nan,6563.1,84684,111158389400.0,116648,6540.8,3,6539.8,1,nan,0,nan,0,nan,0,nan,0,nan,0,nan,0,nan,0,nan,0
