local_nano_time,quote_nano_time,datetime,last_price,highest,lowest,open,close,average,volume,amount,open_interest,ask_price1,ask_volume1,bid_price1,bid_volume1,ask_price2,ask_volume2,bid_price2,bid_volume2,ask_price3,ask_volume3,bid_price3,bid_volume3,ask_price4,ask_volume4,bid_price4,bid_volume4,ask_price5,ask_volume5,bid_price5,bid_volume5
1597988226228549120,1597988226727000064,2020-08-21 13:37:06.727000,6620.0,6675.0,6600.0,6660.0,nan,6635.0,92440,3067700600.0,184349,6625.0,312,6620.0,123,nan,0,nan,0,nan,0,nan,0,nan,0,nan,0,nan,0,nan,0
1597988226655216128,1597988227224000000,2020-08-21 13:37:07.224000,6620.0,6675.0,6600.0,6660.0,nan,6635.0,92440,3067700600.0,184349,6625.0,321,6620.0,124,nan,0,nan,0,nan,0,nan,0,nan,0,nan,0,nan,0,nan,0
1597988227649033984,1597988228239000064,2020-08-21 13:37:08.239000,6620.0,6675.0,6600.0,6660.0,nan,6635.0,92440,3067700600.0,184349,6625.0,321,6620.0,125,nan,0,nan,0,nan,0,nan,0,nan,0,nan,0,nan,0,nan,0
1597988231149713920,1597988231734999808,2020-08-21 13:37:11.735000,6620.0,6675.0,6600.0,6660.0,nan,6635.0,92440,3067700600.0,184349,6625.0,327,6620.0,124,nan,0,nan,0,nan,0,nan,0,nan,0,nan,0,nan,0,nan,0
1597988233145614080,1597988233696999936,2020-08-21 13:37:13.697000,6620.0,6675.0,6600.0,6660.0,nan,6635.0,92440,3067700600.0,184349,6625.0,327,6620.0,127,nan,0,nan,0,nan,0,nan,0,nan,0,nan,0,nan,0,nan,0
1597988233645751040,1597988234216000000,2020-08-21 13:37:14.216000,6620.0,6675.0,6600.0,6660.0,nan,6635.0,92441,3067733700.0,184350,6625.0,327,6620.0,126,nan,0,nan,0,nan,0,nan,0,nan,0,nan,0,nan,0,nan,0
1597988234154643968,1597988234720999936,2020-08-21 13:37:14.721000,6620.0,6675.0,6600.0,6660.0,nan,6635.0,92441,3067733700.0,184350,6625.0,327,6620.0,125,nan,0,nan,0,nan,0,nan,0,nan,0,nan,0,nan,0,nan,0
1597988235147059968,1597988235608000000,2020-08-21 13:37:15.608000,6625.0,6675.0,6600.0,6660.0,nan,6635.0,92442,3067766825.0,184351,6625.0,326,6620.0,125,nan,0,nan,0,nan,0,nan,0,nan,0,nan,0,nan,0,nan,0
1597988236643638016,1597988237232000000,2020-08-21 13:37:17.232000,6625.0,6675.0,6600.0,6660.0,nan,6635.0,92443,3067799950.0,184352,6625.0,331,6620.0,125,nan,0,nan,0,nan,0,nan,0,nan,0,nan,0,nan,0,nan,0
1597988237149757952,1597988237740000000,2020-08-21 13:37:17.740000,6625.0,6675.0,6600.0,6660.0,nan,6635.0,92444,3067833075.0,184353,6625.0,330,6620.0,124,nan,0,nan,0,nan,0,nan,0,nan,0,nan,0,nan,0,nan,0
1597988238668026112,1597988239240999936,2020-08-21 13:37:19.241000,6625.0,6675.0,6600.0,6660.0,nan,6635.0,92444,3067833075.0,184353,6625.0,330,6620.0,125,nan,0,nan,0,nan,0,nan,0,nan,0,nan,0,nan,0,nan,0
1597988240186619904,1597988240720999936,2020-08-21 13:37:20.721000,6625.0,6675.0,6600.0,6660.0,nan,6635.0,92444,3067833075.0,184353,6625.0,335,6620.0,125,nan,0,nan,0,nan,0,nan,0,nan,0,nan,0,nan,0,nan,0
1597988240652143104,1597988241204000000,2020-08-21 13:37:21.204000,6620.0,6675.0,6600.0,6660.0,nan,6635.0,92455,3068197175.0,184364,6625.0,335,6620.0,107,nan,0,nan,0,nan,0,nan,0,nan,0,nan,0,nan,0,nan,0
1597988241155426048,1597988241731000064,2020-08-21 13:37:21.731000,6620.0,6675.0,6600.0,6660.0,nan,6635.0,92458,3068296475.0,184365,6625.0,335,6620.0,104,nan,0,nan,0,nan,0,nan,0,nan,0,nan,0,nan,0,nan,0
1597988242153787904,1597988242733999872,2020-08-21 13:37:22.734000,6625.0,6675.0,6600.0,6660.0,nan,6635.0,92459,3068329600.0,184365,6625.0,334,6620.0,105,nan,0,nan,0,nan,0,nan,0,nan,0,nan,0,nan,0,nan,0
1597988245146889984,1597988245700000000,2020-08-21 13:37:25.700000,6620.0,6675.0,6600.0,6660.0,nan,6635.0,92472,3068759900.0,184369,6625.0,333,6620.0,92,nan,0,nan,0,nan,0,nan,0,nan,0,nan,0,nan,0,nan,0
1597988245641500928,1597988246232999936,2020-08-21 13:37:26.233000,6620.0,6675.0,6600.0,6660.0,nan,6635.0,92489,3069322600.0,184357,6625.0,333,6620.0,76,nan,0,nan,0,nan,0,nan,0,nan,0,nan,0,nan,0,nan,0
1597988246179888896,1597988246723000064,2020-08-21 13:37:26.723000,6620.0,6675.0,6600.0,6660.0,nan,6635.0,92490,3069355700.0,184357,6625.0,333,6620.0,74,nan,0,nan,0,nan,0,nan,0,nan,0,nan,0,nan,0,nan,0
1597988250189334016,1597988250739000064,2020-08-21 13:37:30.739000,6620.0,6675.0,6600.0,6660.0,nan,6635.0,92496,3069554300.0,184356,6625.0,333,6620.0,68,nan,0,nan,0,nan,0,nan,0,nan,0,nan,0,nan,0,nan,0
1597988250690984960,1597988251240000000,2020-08-21 13:37:31.240000,6620.0,6675.0,6600.0,6660.0,nan,6635.0,92499,3069653600.0,184356,6625.0,332,6620.0,65,nan,0,nan,0,nan,0,nan,0,nan,0,nan,0,nan,0,nan,0
1597988251188651008,1597988251737999872,2020-08-21 13:37:31.738000,6620.0,6675.0,6600.0,6660.0,nan,6635.0,92500,3069686700.0,184355,6625.0,332,6620.0,64,nan,0,nan,0,nan,0,nan,0,nan,0,nan,0,nan,0,nan,0
1597988251677559040,1597988252190000128,2020-08-21 13:37:32.190000,6620.0,6675.0,6600.0,6660.0,nan,6635.0,92500,3069686700.0,184355,6625.0,333,6620.0,64,nan,0,nan,0,nan,0,nan,0,nan,0,nan,0,nan,0,nan,0
1597988252683132928,1597988253240000000,2020-08-21 13:37:33.240000,6620.0,6675.0,6600.0,6660.0,nan,6635.0,92501,3069719800.0,184355,6625.0,333,6620.0,63,nan,0,nan,0,nan,0,nan,0,nan,0,nan,0,nan,0,nan,0
1597988253158183936,1597988253730000128,2020-08-21 13:37:33.730000,6620.0,6675.0,6600.0,6660.0,nan,6635.0,92501,3069719800.0,184355,6625.0,333,6620.0,50,nan,0,nan,0,nan,0,nan,0,nan,0,nan,0,nan,0,nan,0
1597988253703491072,1597988254240999936,2020-08-21 13:37:34.241000,6620.0,6675.0,6600.0,6660.0,nan,6635.0,92551,3071374800.0,184327,6620.0,64,6615.0,495,nan,0,nan,0,nan,0,nan,0,nan,0,nan,0,nan,0,nan,0
1597988254195239936,1597988254739000064,2020-08-21 13:37:34.739000,6620.0,6675.0,6600.0,6660.0,nan,6635.0,92551,3071374800.0,184327,6620.0,90,6615.0,499,nan,0,nan,0,nan,0,nan,0,nan,0,nan,0,nan,0,nan,0
1597988254704462080,1597988255228000000,2020-08-21 13:37:35.228000,6620.0,6675.0,6600.0,6660.0,nan,6635.0,92551,3071374800.0,184327,6620.0,131,6615.0,499,nan,0,nan,0,nan,0,nan,0,nan,0,nan,0,nan,0,nan,0
1597988257160331008,1597988257727000064,2020-08-21 13:37:37.727000,6620.0,6675.0,6600.0,6660.0,nan,6635.0,92552,3071407900.0,184327,6620.0,132,6615.0,499,nan,0,nan,0,nan,0,nan,0,nan,0,nan,0,nan,0,nan,0
1597988258184869120,1597988258734999808,2020-08-21 13:37:38.735000,6620.0,6675.0,6600.0,6660.0,nan,6635.0,92552,3071407900.0,184327,6620.0,132,6615.0,500,nan,0,nan,0,nan,0,nan,0,nan,0,nan,0,nan,0,nan,0
1597988260151212032,1597988260736999936,2020-08-21 13:37:40.737000,6620.0,6675.0,6600.0,6660.0,nan,6635.0,92554,3071474100.0,184325,6620.0,144,6615.0,500,nan,0,nan,0,nan,0,nan,0,nan,0,nan,0,nan,0,nan,0
1597988264161724928,1597988264740999936,2020-08-21 13:37:44.741000,6620.0,6675.0,6600.0,6660.0,nan,6635.0,92556,3071540300.0,184325,6620.0,142,6615.0,500,nan,0,nan,0,nan,0,nan,0,nan,0,nan,0,nan,0,nan,0
1597988264646987008,1597988265232000000,2020-08-21 13:37:45.232000,6620.0,6675.0,6600.0,6660.0,nan,6635.0,92561,3071705725.0,184324,6620.0,140,6615.0,499,nan,0,nan,0,nan,0,nan,0,nan,0,nan,0,nan,0,nan,0
1597988268671580928,1597988269240000000,2020-08-21 13:37:49.240000,6620.0,6675.0,6600.0,6660.0,nan,6635.0,92561,3071705725.0,184324,6620.0,140,6615.0,501,nan,0,nan,0,nan,0,nan,0,nan,0,nan,0,nan,0,nan,0
1597988270149078016,1597988270731000064,2020-08-21 13:37:50.731000,6620.0,6675.0,6600.0,6660.0,nan,6635.0,92561,3071705725.0,184324,6620.0,212,6615.0,501,nan,0,nan,0,nan,0,nan,0,nan,0,nan,0,nan,0,nan,0
1597988273151467008,1597988273732000000,2020-08-21 13:37:53.732000,6620.0,6675.0,6600.0,6660.0,nan,6635.0,92561,3071705725.0,184324,6620.0,212,6615.0,503,nan,0,nan,0,nan,0,nan,0,nan,0,nan,0,nan,0,nan,0
1597988274148600064,1597988274724999936,2020-08-21 13:37:54.725000,6620.0,6675.0,6600.0,6660.0,nan,6635.0,92561,3071705725.0,184324,6620.0,212,6615.0,501,nan,0,nan,0,nan,0,nan,0,nan,0,nan,0,nan,0,nan,0
1597988276773192960,1597988277226000128,2020-08-21 13:37:57.226000,6620.0,6675.0,6600.0,6660.0,nan,6635.0,92562,3071738825.0,184324,6620.0,212,6615.0,501,nan,0,nan,0,nan,0,nan,0,nan,0,nan,0,nan,0,nan,0
1597988277267012096,1597988277706000128,2020-08-21 13:37:57.706000,6615.0,6675.0,6600.0,6660.0,nan,6635.0,92563,3071771900.0,184324,6620.0,212,6615.0,500,nan,0,nan,0,nan,0,nan,0,nan,0,nan,0,nan,0,nan,0
1597988278192880128,1597988278736000000,2020-08-21 13:37:58.736000,6615.0,6675.0,6600.0,6660.0,nan,6635.0,92563,3071771900.0,184324,6620.0,212,6615.0,502,nan,0,nan,0,nan,0,nan,0,nan,0,nan,0,nan,0,nan,0
1597988282148291072,1597988282712999936,2020-08-21 13:38:02.713000,6615.0,6675.0,6600.0,6660.0,nan,6635.0,92563,3071771900.0,184324,6620.0,212,6615.0,503,nan,0,nan,0,nan,0,nan,0,nan,0,nan,0,nan,0,nan,0
1597988282656752128,1597988283233999872,2020-08-21 13:38:03.234000,6615.0,6675.0,6600.0,6660.0,nan,6635.0,92563,3071771900.0,184324,6620.0,214,6615.0,505,nan,0,nan,0,nan,0,nan,0,nan,0,nan,0,nan,0,nan,0
1597988283659235072,1597988284237999872,2020-08-21 13:38:04.238000,6615.0,6675.0,6600.0,6660.0,nan,6635.0,92563,3071771900.0,184324,6620.0,214,6615.0,510,nan,0,nan,0,nan,0,nan,0,nan,0,nan,0,nan,0,nan,0
1597988284187610112,1597988284706000128,2020-08-21 13:38:04.706000,6620.0,6675.0,6600.0,6660.0,nan,6635.0,92568,3071937400.0,184324,6620.0,209,6615.0,510,nan,0,nan,0,nan,0,nan,0,nan,0,nan,0,nan,0,nan,0
1597988284684937984,1597988285234999808,2020-08-21 13:38:05.235000,6620.0,6675.0,6600.0,6660.0,nan,6635.0,92773,3078722925.0,184447,6625.0,237,6620.0,123,nan,0,nan,0,nan,0,nan,0,nan,0,nan,0,nan,0,nan,0
1597988285157554944,1597988285714999808,2020-08-21 13:38:05.715000,6620.0,6675.0,6600.0,6660.0,nan,6635.0,92778,3078888450.0,184452,6625.0,238,6620.0,121,nan,0,nan,0,nan,0,nan,0,nan,0,nan,0,nan,0,nan,0
1597988285687877888,1597988286236999936,2020-08-21 13:38:06.237000,6620.0,6675.0,6600.0,6660.0,nan,6635.0,92778,3078888450.0,184452,6625.0,243,6620.0,134,nan,0,nan,0,nan,0,nan,0,nan,0,nan,0,nan,0,nan,0
1597988290652860928,1597988291242000128,2020-08-21 13:38:11.242000,6620.0,6675.0,6600.0,6660.0,nan,6635.0,92778,3078888450.0,184452,6625.0,244,6620.0,134,nan,0,nan,0,nan,0,nan,0,nan,0,nan,0,nan,0,nan,0
1597988292651911936,1597988293236999936,2020-08-21 13:38:13.237000,6620.0,6675.0,6600.0,6660.0,nan,6635.0,92783,3079053950.0,184452,6625.0,244,6620.0,129,nan,0,nan,0,nan,0,nan,0,nan,0,nan,0,nan,0,nan,0
1597988296149552128,1597988296737999872,2020-08-21 13:38:16.738000,6620.0,6675.0,6600.0,6660.0,nan,6635.0,92783,3079053950.0,184452,6625.0,244,6620.0,130,nan,0,nan,0,nan,0,nan,0,nan,0,nan,0,nan,0,nan,0
1597988296691665920,1597988297220000000,2020-08-21 13:38:17.220000,6620.0,6675.0,6600.0,6660.0,nan,6635.0,92784,3079087050.0,184453,6625.0,244,6620.0,129,nan,0,nan,0,nan,0,nan,0,nan,0,nan,0,nan,0,nan,0
1597988297670977024,1597988298234999808,2020-08-21 13:38:18.235000,6620.0,6675.0,6600.0,6660.0,nan,6635.0,92784,3079087050.0,184453,6625.0,238,6620.0,129,nan,0,nan,0,nan,0,nan,0,nan,0,nan,0,nan,0,nan,0
1597988304196188928,1597988304743000064,2020-08-21 13:38:24.743000,6620.0,6675.0,6600.0,6660.0,nan,6635.0,92784,3079087050.0,184453,6625.0,238,6620.0,132,nan,0,nan,0,nan,0,nan,0,nan,0,nan,0,nan,0,nan,0
1597988304682253056,1597988305243000064,2020-08-21 13:38:25.243000,6620.0,6675.0,6600.0,6660.0,nan,6635.0,92804,3079749050.0,184467,6625.0,238,6620.0,112,nan,0,nan,0,nan,0,nan,0,nan,0,nan,0,nan,0,nan,0
1597988305158808064,1597988305742000128,2020-08-21 13:38:25.742000,6620.0,6675.0,6600.0,6660.0,nan,6635.0,92807,3079848350.0,184467,6625.0,233,6620.0,109,nan,0,nan,0,nan,0,nan,0,nan,0,nan,0,nan,0,nan,0
1597988307195344896,1597988307742000128,2020-08-21 13:38:27.742000,6620.0,6675.0,6600.0,6660.0,nan,6635.0,92807,3079848350.0,184467,6625.0,233,6620.0,119,nan,0,nan,0,nan,0,nan,0,nan,0,nan,0,nan,0,nan,0
1597988310227827968,1597988310736999936,2020-08-21 13:38:30.737000,6620.0,6675.0,6600.0,6660.0,nan,6635.0,92807,3079848350.0,184467,6625.0,239,6620.0,119,nan,0,nan,0,nan,0,nan,0,nan,0,nan,0,nan,0,nan,0
1597988318169809920,1597988318716000000,2020-08-21 13:38:38.716000,6625.0,6675.0,6600.0,6660.0,nan,6635.0,92808,3079881475.0,184468,6625.0,239,6620.0,119,nan,0,nan,0,nan,0,nan,0,nan,0,nan,0,nan,0,nan,0
1597988318648893952,1597988319234999808,2020-08-21 13:38:39.235000,6620.0,6675.0,6600.0,6660.0,nan,6635.0,92810,3079947675.0,184468,6625.0,239,6620.0,118,nan,0,nan,0,nan,0,nan,0,nan,0,nan,0,nan,0,nan,0
1597988319653376000,1597988320240999936,2020-08-21 13:38:40.241000,6620.0,6675.0,6600.0,6660.0,nan,6635.0,92932,3083985875.0,184494,6620.0,69,6615.0,503,nan,0,nan,0,nan,0,nan,0,nan,0,nan,0,nan,0,nan,0
1597988320153863936,1597988320740999936,2020-08-21 13:38:40.741000,6620.0,6675.0,6600.0,6660.0,nan,6635.0,92941,3084283775.0,184493,6620.0,76,6615.0,507,nan,0,nan,0,nan,0,nan,0,nan,0,nan,0,nan,0,nan,0
1597988320655869952,1597988321233999872,2020-08-21 13:38:41.234000,6620.0,6675.0,6600.0,6660.0,nan,6635.0,92944,3084383075.0,184490,6620.0,79,6615.0,507,nan,0,nan,0,nan,0,nan,0,nan,0,nan,0,nan,0,nan,0
1597988321154281984,1597988321743000064,2020-08-21 13:38:41.743000,6620.0,6675.0,6600.0,6660.0,nan,6635.0,92948,3084515475.0,184489,6620.0,75,6615.0,504,nan,0,nan,0,nan,0,nan,0,nan,0,nan,0,nan,0,nan,0
1597988321649582080,1597988322233999872,2020-08-21 13:38:42.234000,6620.0,6675.0,6600.0,6660.0,nan,6635.0,92948,3084515475.0,184489,6620.0,81,6615.0,504,nan,0,nan,0,nan,0,nan,0,nan,0,nan,0,nan,0,nan,0
1597988322157154048,1597988322726000128,2020-08-21 13:38:42.726000,6615.0,6675.0,6600.0,6660.0,nan,6635.0,92949,3084548550.0,184488,6620.0,81,6615.0,503,nan,0,nan,0,nan,0,nan,0,nan,0,nan,0,nan,0,nan,0
1597988324648828928,1597988325237999872,2020-08-21 13:38:45.238000,6620.0,6675.0,6600.0,6660.0,nan,6635.0,92950,3084581650.0,184488,6620.0,80,6615.0,502,nan,0,nan,0,nan,0,nan,0,nan,0,nan,0,nan,0,nan,0
1597988328290934016,1597988328732000000,2020-08-21 13:38:48.732000,6620.0,6675.0,6600.0,6660.0,nan,6635.0,92951,3084614750.0,184488,6620.0,79,6615.0,502,nan,0,nan,0,nan,0,nan,0,nan,0,nan,0,nan,0,nan,0
1597988329266683904,1597988329716999936,2020-08-21 13:38:49.717000,6620.0,6675.0,6600.0,6660.0,nan,6635.0,92952,3084647850.0,184487,6620.0,78,6615.0,501,nan,0,nan,0,nan,0,nan,0,nan,0,nan,0,nan,0,nan,0
1597988330711212032,1597988331240000000,2020-08-21 13:38:51.240000,6620.0,6675.0,6600.0,6660.0,nan,6635.0,92952,3084647850.0,184487,6620.0,84,6615.0,501,nan,0,nan,0,nan,0,nan,0,nan,0,nan,0,nan,0,nan,0
1597988331192153088,1597988331743000064,2020-08-21 13:38:51.743000,6620.0,6675.0,6600.0,6660.0,nan,6635.0,92952,3084647850.0,184487,6620.0,85,6615.0,501,nan,0,nan,0,nan,0,nan,0,nan,0,nan,0,nan,0,nan,0
1597988332214373888,1597988332740999936,2020-08-21 13:38:52.741000,6620.0,6675.0,6600.0,6660.0,nan,6635.0,92952,3084647850.0,184487,6620.0,94,6615.0,501,nan,0,nan,0,nan,0,nan,0,nan,0,nan,0,nan,0,nan,0
1597988333764633088,1597988334240999936,2020-08-21 13:38:54.241000,6620.0,6675.0,6600.0,6660.0,nan,6635.0,92952,3084647850.0,184487,6620.0,94,6615.0,502,nan,0,nan,0,nan,0,nan,0,nan,0,nan,0,nan,0,nan,0
1597988335166056960,1597988335736999936,2020-08-21 13:38:55.737000,6620.0,6675.0,6600.0,6660.0,nan,6635.0,92952,3084647850.0,184487,6620.0,94,6615.0,511,nan,0,nan,0,nan,0,nan,0,nan,0,nan,0,nan,0,nan,0
1597988335704389120,1597988336194000128,2020-08-21 13:38:56.194000,6620.0,6675.0,6600.0,6660.0,nan,6635.0,92952,3084647850.0,184487,6620.0,100,6615.0,514,nan,0,nan,0,nan,0,nan,0,nan,0,nan,0,nan,0,nan,0
1597988340711070976,1597988341237999872,2020-08-21 13:39:01.238000,6620.0,6675.0,6600.0,6660.0,nan,6635.0,92954,3084714050.0,184485,6620.0,98,6615.0,514,nan,0,nan,0,nan,0,nan,0,nan,0,nan,0,nan,0,nan,0
1597988341161701120,1597988341742000128,2020-08-21 13:39:01.742000,6620.0,6675.0,6600.0,6660.0,nan,6635.0,92954,3084714050.0,184485,6620.0,99,6615.0,514,nan,0,nan,0,nan,0,nan,0,nan,0,nan,0,nan,0,nan,0
1597988342748869888,1597988343236999936,2020-08-21 13:39:03.237000,6620.0,6675.0,6600.0,6660.0,nan,6635.0,92954,3084714050.0,184485,6620.0,93,6615.0,514,nan,0,nan,0,nan,0,nan,0,nan,0,nan,0,nan,0,nan,0
1597988344646874880,1597988345236999936,2020-08-21 13:39:05.237000,6620.0,6675.0,6600.0,6660.0,nan,6635.0,92954,3084714050.0,184485,6620.0,93,6615.0,513,nan,0,nan,0,nan,0,nan,0,nan,0,nan,0,nan,0,nan,0
1597988346238043904,1597988346743000064,2020-08-21 13:39:06.743000,6620.0,6675.0,6600.0,6660.0,nan,6635.0,92954,3084714050.0,184485,6620.0,93,6615.0,514,nan,0,nan,0,nan,0,nan,0,nan,0,nan,0,nan,0,nan,0
1597988346684549120,1597988347239000064,2020-08-21 13:39:07.239000,6620.0,6675.0,6600.0,6660.0,nan,6635.0,92954,3084714050.0,184485,6620.0,98,6615.0,514,nan,0,nan,0,nan,0,nan,0,nan,0,nan,0,nan,0,nan,0
1597988347674737920,1597988348233999872,2020-08-21 13:39:08.234000,6620.0,6675.0,6600.0,6660.0,nan,6635.0,92954,3084714050.0,184485,6620.0,98,6615.0,515,nan,0,nan,0,nan,0,nan,0,nan,0,nan,0,nan,0,nan,0
1597988348658002944,1597988349219000064,2020-08-21 13:39:09.219000,6620.0,6675.0,6600.0,6660.0,nan,6635.0,92956,3084780250.0,184483,6620.0,97,6615.0,515,nan,0,nan,0,nan,0,nan,0,nan,0,nan,0,nan,0,nan,0
1597988350887899904,1597988351211000064,2020-08-21 13:39:11.211000,6620.0,6675.0,6600.0,6660.0,nan,6635.0,92956,3084780250.0,184483,6620.0,98,6615.0,515,nan,0,nan,0,nan,0,nan,0,nan,0,nan,0,nan,0,nan,0
1597988351771280896,1597988352243000064,2020-08-21 13:39:12.243000,6620.0,6675.0,6600.0,6660.0,nan,6635.0,92956,3084780250.0,184483,6620.0,98,6615.0,507,nan,0,nan,0,nan,0,nan,0,nan,0,nan,0,nan,0,nan,0
1597988352716563968,1597988353220999936,2020-08-21 13:39:13.221000,6620.0,6675.0,6600.0,6660.0,nan,6635.0,93054,3088024050.0,184531,6625.0,213,6620.0,105,nan,0,nan,0,nan,0,nan,0,nan,0,nan,0,nan,0,nan,0
1597988353184785920,1597988353730000128,2020-08-21 13:39:13.730000,6625.0,6675.0,6600.0,6660.0,nan,6635.0,93058,3088156500.0,184535,6625.0,229,6620.0,112,nan,0,nan,0,nan,0,nan,0,nan,0,nan,0,nan,0,nan,0
1597988353660881920,1597988354242000128,2020-08-21 13:39:14.242000,6625.0,6675.0,6600.0,6660.0,nan,6635.0,93059,3088189625.0,184536,6625.0,228,6620.0,127,nan,0,nan,0,nan,0,nan,0,nan,0,nan,0,nan,0,nan,0
1597988354164702976,1597988354724999936,2020-08-21 13:39:14.725000,6625.0,6675.0,6600.0,6660.0,nan,6635.0,93060,3088222750.0,184537,6625.0,227,6620.0,128,nan,0,nan,0,nan,0,nan,0,nan,0,nan,0,nan,0,nan,0
1597988354651958016,1597988355237999872,2020-08-21 13:39:15.238000,6625.0,6675.0,6600.0,6660.0,nan,6635.0,93062,3088289000.0,184539,6625.0,225,6620.0,128,nan,0,nan,0,nan,0,nan,0,nan,0,nan,0,nan,0,nan,0
1597988355658235904,1597988356224999936,2020-08-21 13:39:16.225000,6625.0,6675.0,6600.0,6660.0,nan,6635.0,93062,3088289000.0,184539,6625.0,225,6620.0,133,nan,0,nan,0,nan,0,nan,0,nan,0,nan,0,nan,0,nan,0
1597988356153487872,1597988356732999936,2020-08-21 13:39:16.733000,6625.0,6675.0,6600.0,6660.0,nan,6635.0,93062,3088289000.0,184539,6625.0,220,6620.0,133,nan,0,nan,0,nan,0,nan,0,nan,0,nan,0,nan,0,nan,0
1597988359167540992,1597988359740000000,2020-08-21 13:39:19.740000,6625.0,6675.0,6600.0,6660.0,nan,6635.0,93063,3088322125.0,184540,6625.0,219,6620.0,139,nan,0,nan,0,nan,0,nan,0,nan,0,nan,0,nan,0,nan,0
1597988359649948928,1597988360240000000,2020-08-21 13:39:20.240000,6625.0,6675.0,6600.0,6660.0,nan,6635.0,93063,3088322125.0,184540,6625.0,212,6620.0,147,nan,0,nan,0,nan,0,nan,0,nan,0,nan,0,nan,0,nan,0
1597988361650020096,1597988362233999872,2020-08-21 13:39:22.234000,6625.0,6675.0,6600.0,6660.0,nan,6635.0,93063,3088322125.0,184540,6625.0,212,6620.0,152,nan,0,nan,0,nan,0,nan,0,nan,0,nan,0,nan,0,nan,0
1597988364147450112,1597988364740000000,2020-08-21 13:39:24.740000,6625.0,6675.0,6600.0,6660.0,nan,6635.0,93063,3088322125.0,184540,6625.0,212,6620.0,165,nan,0,nan,0,nan,0,nan,0,nan,0,nan,0,nan,0,nan,0
1597988366204528896,1597988366731000064,2020-08-21 13:39:26.731000,6625.0,6675.0,6600.0,6660.0,nan,6635.0,93063,3088322125.0,184540,6625.0,220,6620.0,165,nan,0,nan,0,nan,0,nan,0,nan,0,nan,0,nan,0,nan,0
1597988369647419904,1597988370196000000,2020-08-21 13:39:30.196000,6620.0,6675.0,6600.0,6660.0,nan,6635.0,93064,3088355225.0,184540,6625.0,224,6620.0,165,nan,0,nan,0,nan,0,nan,0,nan,0,nan,0,nan,0,nan,0
1597988370153766912,1597988370739000064,2020-08-21 13:39:30.739000,6620.0,6675.0,6600.0,6660.0,nan,6635.0,93064,3088355225.0,184540,6625.0,224,6620.0,153,nan,0,nan,0,nan,0,nan,0,nan,0,nan,0,nan,0,nan,0
1597988371146219008,1597988371739000064,2020-08-21 13:39:31.739000,6620.0,6675.0,6600.0,6660.0,nan,6635.0,93064,3088355225.0,184540,6625.0,226,6620.0,153,nan,0,nan,0,nan,0,nan,0,nan,0,nan,0,nan,0,nan,0
1597988371664866048,1597988372240999936,2020-08-21 13:39:32.241000,6620.0,6675.0,6600.0,6660.0,nan,6635.0,93065,3088388325.0,184540,6625.0,226,6620.0,154,nan,0,nan,0,nan,0,nan,0,nan,0,nan,0,nan,0,nan,0
1597988381648877056,1597988382240999936,2020-08-21 13:39:42.241000,6620.0,6675.0,6600.0,6660.0,nan,6635.0,93065,3088388325.0,184540,6625.0,226,6620.0,156,nan,0,nan,0,nan,0,nan,0,nan,0,nan,0,nan,0,nan,0
1597988382154533120,1597988382742000128,2020-08-21 13:39:42.742000,6625.0,6675.0,6600.0,6660.0,nan,6635.0,93098,3089481450.0,184529,6625.0,189,6620.0,173,nan,0,nan,0,nan,0,nan,0,nan,0,nan,0,nan,0,nan,0
1597988382656329984,1597988383234999808,2020-08-21 13:39:43.235000,6625.0,6675.0,6600.0,6660.0,nan,6635.0,93098,3089481450.0,184529,6625.0,177,6620.0,174,nan,0,nan,0,nan,0,nan,0,nan,0,nan,0,nan,0,nan,0
1597988383649671936,1597988384208000000,2020-08-21 13:39:44.208000,6620.0,6675.0,6600.0,6660.0,nan,6635.0,93100,3089547650.0,184531,6625.0,177,6620.0,172,nan,0,nan,0,nan,0,nan,0,nan,0,nan,0,nan,0,nan,0
1597988384147036928,1597988384744000000,2020-08-21 13:39:44.744000,6620.0,6675.0,6600.0,6660.0,nan,6635.0,93100,3089547650.0,184531,6625.0,177,6620.0,176,nan,0,nan,0,nan,0,nan,0,nan,0,nan,0,nan,0,nan,0
1597988384656481024,1597988385243000064,2020-08-21 13:39:45.243000,6620.0,6675.0,6600.0,6660.0,nan,6635.0,93100,3089547650.0,184531,6625.0,177,6620.0,191,nan,0,nan,0,nan,0,nan,0,nan,0,nan,0,nan,0,nan,0
1597988385655534080,1597988386194000128,2020-08-21 13:39:46.194000,6625.0,6675.0,6600.0,6660.0,nan,6635.0,93101,3089580775.0,184532,6625.0,176,6620.0,193,nan,0,nan,0,nan,0,nan,0,nan,0,nan,0,nan,0,nan,0
1597988386154221056,1597988386704999936,2020-08-21 13:39:46.705000,6625.0,6675.0,6600.0,6660.0,nan,6635.0,93101,3089580775.0,184532,6625.0,176,6620.0,194,nan,0,nan,0,nan,0,nan,0,nan,0,nan,0,nan,0,nan,0
1597988386643917056,1597988387200999936,2020-08-21 13:39:47.201000,6625.0,6675.0,6600.0,6660.0,nan,6635.0,93101,3089580775.0,184532,6625.0,176,6620.0,195,nan,0,nan,0,nan,0,nan,0,nan,0,nan,0,nan,0,nan,0
1597988387650536960,1597988388223000064,2020-08-21 13:39:48.223000,6620.0,6675.0,6600.0,6660.0,nan,6635.0,93103,3089646975.0,184534,6625.0,176,6620.0,193,nan,0,nan,0,nan,0,nan,0,nan,0,nan,0,nan,0,nan,0
1597988388154686976,1597988388739000064,2020-08-21 13:39:48.739000,6620.0,6675.0,6600.0,6660.0,nan,6635.0,93103,3089646975.0,184534,6625.0,176,6620.0,194,nan,0,nan,0,nan,0,nan,0,nan,0,nan,0,nan,0,nan,0
1597988390651558912,1597988391240999936,2020-08-21 13:39:51.241000,6620.0,6675.0,6600.0,6660.0,nan,6635.0,93105,3089713175.0,184536,6625.0,176,6620.0,192,nan,0,nan,0,nan,0,nan,0,nan,0,nan,0,nan,0,nan,0
1597988391163127040,1597988391742000128,2020-08-21 13:39:51.742000,6620.0,6675.0,6600.0,6660.0,nan,6635.0,93105,3089713175.0,184536,6625.0,176,6620.0,193,nan,0,nan,0,nan,0,nan,0,nan,0,nan,0,nan,0,nan,0
1597988392651330048,1597988393233999872,2020-08-21 13:39:53.234000,6620.0,6675.0,6600.0,6660.0,nan,6635.0,93107,3089779375.0,184538,6625.0,176,6620.0,191,nan,0,nan,0,nan,0,nan,0,nan,0,nan,0,nan,0,nan,0
1597988394668280064,1597988395243000064,2020-08-21 13:39:55.243000,6620.0,6675.0,6600.0,6660.0,nan,6635.0,93107,3089779375.0,184538,6625.0,179,6620.0,191,nan,0,nan,0,nan,0,nan,0,nan,0,nan,0,nan,0,nan,0
1597988395152972032,1597988395743000064,2020-08-21 13:39:55.743000,6620.0,6675.0,6600.0,6660.0,nan,6635.0,93109,3089845575.0,184540,6625.0,189,6620.0,189,nan,0,nan,0,nan,0,nan,0,nan,0,nan,0,nan,0,nan,0
1597988395658077952,1597988396236000000,2020-08-21 13:39:56.236000,6620.0,6675.0,6600.0,6660.0,nan,6635.0,93110,3089878675.0,184540,6625.0,189,6620.0,188,nan,0,nan,0,nan,0,nan,0,nan,0,nan,0,nan,0,nan,0
1597988396156832000,1597988396729000192,2020-08-21 13:39:56.729000,6620.0,6675.0,6600.0,6660.0,nan,6635.0,93110,3089878675.0,184540,6625.0,193,6620.0,188,nan,0,nan,0,nan,0,nan,0,nan,0,nan,0,nan,0,nan,0
1597988396690723072,1597988397231000064,2020-08-21 13:39:57.231000,6620.0,6675.0,6600.0,6660.0,nan,6635.0,93110,3089878675.0,184540,6625.0,196,6620.0,188,nan,0,nan,0,nan,0,nan,0,nan,0,nan,0,nan,0,nan,0
1597988397149748992,1597988397743000064,2020-08-21 13:39:57.743000,6620.0,6675.0,6600.0,6660.0,nan,6635.0,93112,3089944875.0,184542,6625.0,196,6620.0,186,nan,0,nan,0,nan,0,nan,0,nan,0,nan,0,nan,0,nan,0
1597988397660736000,1597988398239000064,2020-08-21 13:39:58.239000,6620.0,6675.0,6600.0,6660.0,nan,6635.0,93112,3089944875.0,184542,6625.0,191,6620.0,186,nan,0,nan,0,nan,0,nan,0,nan,0,nan,0,nan,0,nan,0
1597988399148338944,1597988399743000064,2020-08-21 13:39:59.743000,6620.0,6675.0,6600.0,6660.0,nan,6635.0,93114,3090011075.0,184544,6625.0,191,6620.0,184,nan,0,nan,0,nan,0,nan,0,nan,0,nan,0,nan,0,nan,0
1597988399645092096,1597988400224000000,2020-08-21 13:40:00.224000,6620.0,6675.0,6600.0,6660.0,nan,6635.0,93114,3090011075.0,184544,6625.0,191,6620.0,205,nan,0,nan,0,nan,0,nan,0,nan,0,nan,0,nan,0,nan,0
1597988400165201920,1597988400744000000,2020-08-21 13:40:00.744000,6620.0,6675.0,6600.0,6660.0,nan,6635.0,93114,3090011075.0,184544,6625.0,190,6620.0,225,nan,0,nan,0,nan,0,nan,0,nan,0,nan,0,nan,0,nan,0
1597988400660803072,1597988401224999936,2020-08-21 13:40:01.225000,6625.0,6675.0,6600.0,6660.0,nan,6635.0,93116,3090077325.0,184546,6625.0,188,6620.0,225,nan,0,nan,0,nan,0,nan,0,nan,0,nan,0,nan,0,nan,0
1597988401162352128,1597988401703000064,2020-08-21 13:40:01.703000,6620.0,6675.0,6600.0,6660.0,nan,6635.0,93118,3090143525.0,184548,6625.0,174,6620.0,224,nan,0,nan,0,nan,0,nan,0,nan,0,nan,0,nan,0,nan,0
1597988402661113088,1597988403240999936,2020-08-21 13:40:03.241000,6620.0,6675.0,6600.0,6660.0,nan,6635.0,93118,3090143525.0,184548,6625.0,174,6620.0,225,nan,0,nan,0,nan,0,nan,0,nan,0,nan,0,nan,0,nan,0
1597988404171574016,1597988404734999808,2020-08-21 13:40:04.735000,6625.0,6675.0,6600.0,6660.0,nan,6635.0,93119,3090176650.0,184549,6625.0,173,6620.0,225,nan,0,nan,0,nan,0,nan,0,nan,0,nan,0,nan,0,nan,0
1597988405160603904,1597988405729000192,2020-08-21 13:40:05.729000,6625.0,6675.0,6600.0,6660.0,nan,6635.0,93121,3090242900.0,184550,6625.0,171,6620.0,225,nan,0,nan,0,nan,0,nan,0,nan,0,nan,0,nan,0,nan,0
1597988406153787904,1597988406744999936,2020-08-21 13:40:06.745000,6620.0,6675.0,6600.0,6660.0,nan,6635.0,93123,3090309100.0,184552,6625.0,171,6620.0,223,nan,0,nan,0,nan,0,nan,0,nan,0,nan,0,nan,0,nan,0
1597988410657366016,1597988411239000064,2020-08-21 13:40:11.239000,6620.0,6675.0,6600.0,6660.0,nan,6635.0,93123,3090309100.0,184552,6625.0,172,6620.0,237,nan,0,nan,0,nan,0,nan,0,nan,0,nan,0,nan,0,nan,0
1597988411653473024,1597988412224999936,2020-08-21 13:40:12.225000,6620.0,6675.0,6600.0,6660.0,nan,6635.0,93124,3090342200.0,184553,6625.0,172,6620.0,236,nan,0,nan,0,nan,0,nan,0,nan,0,nan,0,nan,0,nan,0
1597988412147059968,1597988412708000000,2020-08-21 13:40:12.708000,6620.0,6675.0,6600.0,6660.0,nan,6635.0,93126,3090408400.0,184554,6625.0,172,6620.0,234,nan,0,nan,0,nan,0,nan,0,nan,0,nan,0,nan,0,nan,0
1597988412683307008,1597988413236999936,2020-08-21 13:40:13.237000,6620.0,6675.0,6600.0,6660.0,nan,6635.0,93126,3090408400.0,184554,6625.0,172,6620.0,245,nan,0,nan,0,nan,0,nan,0,nan,0,nan,0,nan,0,nan,0
1597988414164081920,1597988414728000000,2020-08-21 13:40:14.728000,6625.0,6675.0,6600.0,6660.0,nan,6635.0,93127,3090441525.0,184555,6625.0,171,6620.0,245,nan,0,nan,0,nan,0,nan,0,nan,0,nan,0,nan,0,nan,0
1597988414657960960,1597988415240999936,2020-08-21 13:40:15.241000,6625.0,6675.0,6600.0,6660.0,nan,6635.0,93127,3090441525.0,184555,6625.0,171,6620.0,271,nan,0,nan,0,nan,0,nan,0,nan,0,nan,0,nan,0,nan,0
1597988415158807040,1597988415740999936,2020-08-21 13:40:15.741000,6625.0,6675.0,6600.0,6660.0,nan,6635.0,93127,3090441525.0,184555,6625.0,171,6620.0,301,nan,0,nan,0,nan,0,nan,0,nan,0,nan,0,nan,0,nan,0
1597988417674253056,1597988418243000064,2020-08-21 13:40:18.243000,6620.0,6675.0,6600.0,6660.0,nan,6635.0,93129,3090507725.0,184555,6625.0,171,6620.0,300,nan,0,nan,0,nan,0,nan,0,nan,0,nan,0,nan,0,nan,0
1597988422151802880,1597988422721999872,2020-08-21 13:40:22.722000,6620.0,6675.0,6600.0,6660.0,nan,6635.0,93129,3090507725.0,184555,6625.0,172,6620.0,300,nan,0,nan,0,nan,0,nan,0,nan,0,nan,0,nan,0,nan,0
1597988422683151872,1597988423237999872,2020-08-21 13:40:23.238000,6620.0,6675.0,6600.0,6660.0,nan,6635.0,93132,3090607025.0,184555,6625.0,172,6620.0,297,nan,0,nan,0,nan,0,nan,0,nan,0,nan,0,nan,0,nan,0
1597988423155554048,1597988423736999936,2020-08-21 13:40:23.737000,6625.0,6675.0,6600.0,6660.0,nan,6635.0,93136,3090739525.0,184559,6625.0,168,6620.0,297,nan,0,nan,0,nan,0,nan,0,nan,0,nan,0,nan,0,nan,0
1597988423689967104,1597988424240000000,2020-08-21 13:40:24.240000,6625.0,6675.0,6600.0,6660.0,nan,6635.0,93136,3090739525.0,184559,6625.0,168,6620.0,307,nan,0,nan,0,nan,0,nan,0,nan,0,nan,0,nan,0,nan,0
1597988424190685952,1597988424730000128,2020-08-21 13:40:24.730000,6625.0,6675.0,6600.0,6660.0,nan,6635.0,93137,3090772650.0,184560,6625.0,167,6620.0,307,nan,0,nan,0,nan,0,nan,0,nan,0,nan,0,nan,0,nan,0
1597988425659478016,1597988426244999936,2020-08-21 13:40:26.245000,6625.0,6675.0,6600.0,6660.0,nan,6635.0,93137,3090772650.0,184560,6625.0,167,6620.0,308,nan,0,nan,0,nan,0,nan,0,nan,0,nan,0,nan,0,nan,0
1597988427658625024,1597988428221999872,2020-08-21 13:40:28.222000,6625.0,6675.0,6600.0,6660.0,nan,6635.0,93137,3090772650.0,184560,6625.0,167,6620.0,309,nan,0,nan,0,nan,0,nan,0,nan,0,nan,0,nan,0,nan,0
1597988428154970880,1597988428744999936,2020-08-21 13:40:28.745000,6625.0,6675.0,6600.0,6660.0,nan,6635.0,93138,3090805775.0,184560,6625.0,166,6620.0,309,nan,0,nan,0,nan,0,nan,0,nan,0,nan,0,nan,0,nan,0
1597988429152948992,1597988429729000192,2020-08-21 13:40:29.729000,6625.0,6675.0,6600.0,6660.0,nan,6635.0,93139,3090838900.0,184561,6625.0,165,6620.0,309,nan,0,nan,0,nan,0,nan,0,nan,0,nan,0,nan,0,nan,0
1597988431149968896,1597988431661999872,2020-08-21 13:40:31.662000,6625.0,6675.0,6600.0,6660.0,nan,6635.0,93139,3090838900.0,184561,6625.0,165,6620.0,259,nan,0,nan,0,nan,0,nan,0,nan,0,nan,0,nan,0,nan,0
1597988433805199872,1597988434242000128,2020-08-21 13:40:34.242000,6620.0,6675.0,6600.0,6660.0,nan,6635.0,93145,3091037500.0,184561,6625.0,165,6620.0,253,nan,0,nan,0,nan,0,nan,0,nan,0,nan,0,nan,0,nan,0
1597988434189415936,1597988434737999872,2020-08-21 13:40:34.738000,6625.0,6675.0,6600.0,6660.0,nan,6635.0,93162,3091600250.0,184563,6625.0,173,6620.0,238,nan,0,nan,0,nan,0,nan,0,nan,0,nan,0,nan,0,nan,0
1597988437289108992,1597988437720000000,2020-08-21 13:40:37.720000,6620.0,6675.0,6600.0,6660.0,nan,6635.0,93173,3091964350.0,184563,6625.0,173,6620.0,227,nan,0,nan,0,nan,0,nan,0,nan,0,nan,0,nan,0,nan,0
1597988437697476096,1597988438233999872,2020-08-21 13:40:38.234000,6620.0,6675.0,6600.0,6660.0,nan,6635.0,93176,3092063650.0,184563,6625.0,173,6620.0,224,nan,0,nan,0,nan,0,nan,0,nan,0,nan,0,nan,0,nan,0
1597988440145275904,1597988440744999936,2020-08-21 13:40:40.745000,6620.0,6675.0,6600.0,6660.0,nan,6635.0,93176,3092063650.0,184563,6625.0,174,6620.0,224,nan,0,nan,0,nan,0,nan,0,nan,0,nan,0,nan,0,nan,0
1597988442155161088,1597988442744999936,2020-08-21 13:40:42.745000,6625.0,6675.0,6600.0,6660.0,nan,6635.0,93263,3094945525.0,184513,6625.0,77,6620.0,238,nan,0,nan,0,nan,0,nan,0,nan,0,nan,0,nan,0,nan,0
1597988442652733952,1597988443239000064,2020-08-21 13:40:43.239000,6625.0,6675.0,6600.0,6660.0,nan,6635.0,93263,3094945525.0,184513,6625.0,72,6620.0,252,nan,0,nan,0,nan,0,nan,0,nan,0,nan,0,nan,0,nan,0
1597988443152399104,1597988443744999936,2020-08-21 13:40:43.745000,6625.0,6675.0,6600.0,6660.0,nan,6635.0,93263,3094945525.0,184513,6625.0,82,6620.0,246,nan,0,nan,0,nan,0,nan,0,nan,0,nan,0,nan,0,nan,0
1597988443660762880,1597988444208000000,2020-08-21 13:40:44.208000,6625.0,6675.0,6600.0,6660.0,nan,6635.0,93269,3095144275.0,184508,6625.0,76,6620.0,246,nan,0,nan,0,nan,0,nan,0,nan,0,nan,0,nan,0,nan,0
1597988444153779968,1597988444746000128,2020-08-21 13:40:44.746000,6620.0,6675.0,6600.0,6660.0,nan,6635.0,93275,3095342900.0,184508,6625.0,75,6620.0,241,nan,0,nan,0,nan,0,nan,0,nan,0,nan,0,nan,0,nan,0
1597988447257562112,1597988447744999936,2020-08-21 13:40:47.745000,6620.0,6675.0,6600.0,6660.0,nan,6635.0,93275,3095342900.0,184508,6625.0,75,6620.0,242,nan,0,nan,0,nan,0,nan,0,nan,0,nan,0,nan,0,nan,0
1597988449646881024,1597988450244000000,2020-08-21 13:40:50.244000,6625.0,6675.0,6600.0,6660.0,nan,6635.0,93283,3095607900.0,184510,6625.0,70,6620.0,242,nan,0,nan,0,nan,0,nan,0,nan,0,nan,0,nan,0,nan,0
1597988450151900928,1597988450732000000,2020-08-21 13:40:50.732000,6625.0,6675.0,6600.0,6660.0,nan,6635.0,93283,3095607900.0,184510,6625.0,70,6620.0,244,nan,0,nan,0,nan,0,nan,0,nan,0,nan,0,nan,0,nan,0
1597988451148537088,1597988451743000064,2020-08-21 13:40:51.743000,6625.0,6675.0,6600.0,6660.0,nan,6635.0,93285,3095674150.0,184510,6625.0,68,6620.0,244,nan,0,nan,0,nan,0,nan,0,nan,0,nan,0,nan,0,nan,0
1597988451656310016,1597988452242000128,2020-08-21 13:40:52.242000,6625.0,6675.0,6600.0,6660.0,nan,6635.0,93285,3095674150.0,184510,6625.0,74,6620.0,246,nan,0,nan,0,nan,0,nan,0,nan,0,nan,0,nan,0,nan,0
1597988452645057024,1597988453180999936,2020-08-21 13:40:53.181000,6620.0,6675.0,6600.0,6660.0,nan,6635.0,93290,3095839650.0,184505,6625.0,74,6620.0,241,nan,0,nan,0,nan,0,nan,0,nan,0,nan,0,nan,0,nan,0
1597988453157668096,1597988453731000064,2020-08-21 13:40:53.731000,6620.0,6675.0,6600.0,6660.0,nan,6635.0,93290,3095839650.0,184505,6625.0,74,6620.0,245,nan,0,nan,0,nan,0,nan,0,nan,0,nan,0,nan,0,nan,0
1597988454152399104,1597988454709000192,2020-08-21 13:40:54.709000,6625.0,6675.0,6600.0,6660.0,nan,6635.0,93291,3095872775.0,184505,6625.0,74,6620.0,245,nan,0,nan,0,nan,0,nan,0,nan,0,nan,0,nan,0,nan,0
1597988454641947904,1597988455242000128,2020-08-21 13:40:55.242000,6620.0,6675.0,6600.0,6660.0,nan,6635.0,93292,3095905875.0,184505,6625.0,74,6620.0,249,nan,0,nan,0,nan,0,nan,0,nan,0,nan,0,nan,0,nan,0
1597988458152256000,1597988458742000128,2020-08-21 13:40:58.742000,6620.0,6675.0,6600.0,6660.0,nan,6635.0,93292,3095905875.0,184505,6625.0,74,6620.0,254,nan,0,nan,0,nan,0,nan,0,nan,0,nan,0,nan,0,nan,0
1597988463150874112,1597988463732999936,2020-08-21 13:41:03.733000,6625.0,6675.0,6600.0,6660.0,nan,6635.0,93298,3096104625.0,184505,6625.0,68,6620.0,254,nan,0,nan,0,nan,0,nan,0,nan,0,nan,0,nan,0,nan,0
1597988463645434880,1597988464237999872,2020-08-21 13:41:04.238000,6625.0,6675.0,6600.0,6660.0,nan,6635.0,93310,3096502125.0,184508,6625.0,63,6620.0,254,nan,0,nan,0,nan,0,nan,0,nan,0,nan,0,nan,0,nan,0
1597988464167670016,1597988464740000000,2020-08-21 13:41:04.740000,6620.0,6675.0,6600.0,6660.0,nan,6635.0,93313,3096601475.0,184509,6625.0,61,6620.0,253,nan,0,nan,0,nan,0,nan,0,nan,0,nan,0,nan,0,nan,0
1597988466656193024,1597988467242000128,2020-08-21 13:41:07.242000,6620.0,6675.0,6600.0,6660.0,nan,6635.0,93315,3096667675.0,184509,6625.0,61,6620.0,251,nan,0,nan,0,nan,0,nan,0,nan,0,nan,0,nan,0,nan,0
1597988468655796992,1597988469217999872,2020-08-21 13:41:09.218000,6620.0,6675.0,6600.0,6660.0,nan,6635.0,93315,3096667675.0,184509,6625.0,61,6620.0,252,nan,0,nan,0,nan,0,nan,0,nan,0,nan,0,nan,0,nan,0
1597988470148837888,1597988470730000128,2020-08-21 13:41:10.730000,6625.0,6675.0,6600.0,6660.0,nan,6635.0,93340,3097495800.0,184530,6625.0,36,6620.0,223,nan,0,nan,0,nan,0,nan,0,nan,0,nan,0,nan,0,nan,0
1597988471655880960,1597988472231000064,2020-08-21 13:41:12.231000,6625.0,6675.0,6600.0,6660.0,nan,6635.0,93341,3097528925.0,184530,6625.0,35,6620.0,222,nan,0,nan,0,nan,0,nan,0,nan,0,nan,0,nan,0,nan,0
1597988473148886016,1597988473736999936,2020-08-21 13:41:13.737000,6625.0,6675.0,6600.0,6660.0,nan,6635.0,93342,3097562050.0,184530,6625.0,34,6620.0,222,nan,0,nan,0,nan,0,nan,0,nan,0,nan,0,nan,0,nan,0
1597988474186363904,1597988474733999872,2020-08-21 13:41:14.734000,6625.0,6675.0,6600.0,6660.0,nan,6635.0,93343,3097595175.0,184530,6625.0,34,6620.0,222,nan,0,nan,0,nan,0,nan,0,nan,0,nan,0,nan,0,nan,0
1597988474691297024,1597988475232000000,2020-08-21 13:41:15.232000,6620.0,6675.0,6600.0,6660.0,nan,6635.0,93345,3097661375.0,184530,6625.0,34,6620.0,220,nan,0,nan,0,nan,0,nan,0,nan,0,nan,0,nan,0,nan,0
1597988478150765056,1597988478742000128,2020-08-21 13:41:18.742000,6620.0,6675.0,6600.0,6660.0,nan,6635.0,93345,3097661375.0,184530,6625.0,34,6620.0,218,nan,0,nan,0,nan,0,nan,0,nan,0,nan,0,nan,0,nan,0
1597988480153892096,1597988480733999872,2020-08-21 13:41:20.734000,6625.0,6675.0,6600.0,6660.0,nan,6635.0,93357,3098058875.0,184536,6625.0,23,6620.0,206,nan,0,nan,0,nan,0,nan,0,nan,0,nan,0,nan,0,nan,0
1597988480686973952,1597988481242000128,2020-08-21 13:41:21.242000,6625.0,6675.0,6600.0,6660.0,nan,6635.0,93361,3098191375.0,184535,6625.0,19,6620.0,201,nan,0,nan,0,nan,0,nan,0,nan,0,nan,0,nan,0,nan,0
1597988482679152896,1597988483240000000,2020-08-21 13:41:23.240000,6625.0,6675.0,6600.0,6660.0,nan,6635.0,93363,3098257625.0,184533,6625.0,17,6620.0,201,nan,0,nan,0,nan,0,nan,0,nan,0,nan,0,nan,0,nan,0
1597988483145228032,1597988483746000128,2020-08-21 13:41:23.746000,6620.0,6675.0,6600.0,6660.0,nan,6635.0,93364,3098290725.0,184533,6625.0,17,6620.0,200,nan,0,nan,0,nan,0,nan,0,nan,0,nan,0,nan,0,nan,0
1597988483647346944,1597988484239000064,2020-08-21 13:41:24.239000,6625.0,6675.0,6600.0,6660.0,nan,6635.0,93365,3098323850.0,184533,6625.0,16,6620.0,200,nan,0,nan,0,nan,0,nan,0,nan,0,nan,0,nan,0,nan,0
1597988484154887936,1597988484732000000,2020-08-21 13:41:24.732000,6625.0,6675.0,6600.0,6660.0,nan,6635.0,93366,3098356975.0,184533,6625.0,14,6620.0,200,nan,0,nan,0,nan,0,nan,0,nan,0,nan,0,nan,0,nan,0
1597988484651614976,1597988485237999872,2020-08-21 13:41:25.238000,6625.0,6675.0,6600.0,6660.0,nan,6635.0,93366,3098356975.0,184533,6625.0,21,6620.0,200,nan,0,nan,0,nan,0,nan,0,nan,0,nan,0,nan,0,nan,0
1597988492662690048,1597988493237999872,2020-08-21 13:41:33.238000,6620.0,6675.0,6600.0,6660.0,nan,6635.0,93367,3098390075.0,184532,6625.0,21,6620.0,199,nan,0,nan,0,nan,0,nan,0,nan,0,nan,0,nan,0,nan,0
1597988493151642880,1597988493742000128,2020-08-21 13:41:33.742000,6620.0,6675.0,6600.0,6660.0,nan,6635.0,93371,3098522475.0,184528,6625.0,21,6620.0,200,nan,0,nan,0,nan,0,nan,0,nan,0,nan,0,nan,0,nan,0
1597988493659216896,1597988494226000128,2020-08-21 13:41:34.226000,6620.0,6675.0,6600.0,6660.0,nan,6635.0,93372,3098555575.0,184528,6625.0,21,6620.0,200,nan,0,nan,0,nan,0,nan,0,nan,0,nan,0,nan,0,nan,0
1597988494153387008,1597988494744000000,2020-08-21 13:41:34.744000,6625.0,6675.0,6600.0,6660.0,nan,6635.0,93373,3098588700.0,184528,6625.0,20,6620.0,200,nan,0,nan,0,nan,0,nan,0,nan,0,nan,0,nan,0,nan,0
1597988495148785920,1597988495746000128,2020-08-21 13:41:35.746000,6620.0,6675.0,6600.0,6660.0,nan,6635.0,93374,3098621800.0,184527,6625.0,20,6620.0,199,nan,0,nan,0,nan,0,nan,0,nan,0,nan,0,nan,0,nan,0
1597988503157750016,1597988503740999936,2020-08-21 13:41:43.741000,6620.0,6675.0,6600.0,6660.0,nan,6635.0,93375,3098654900.0,184526,6625.0,20,6620.0,198,nan,0,nan,0,nan,0,nan,0,nan,0,nan,0,nan,0,nan,0
1597988503736777984,1597988504242000128,2020-08-21 13:41:44.242000,6620.0,6675.0,6600.0,6660.0,nan,6635.0,93377,3098721100.0,184526,6625.0,20,6620.0,196,nan,0,nan,0,nan,0,nan,0,nan,0,nan,0,nan,0,nan,0
1597988504157526016,1597988504743000064,2020-08-21 13:41:44.743000,6625.0,6675.0,6600.0,6660.0,nan,6635.0,93378,3098754225.0,184526,6625.0,20,6620.0,196,nan,0,nan,0,nan,0,nan,0,nan,0,nan,0,nan,0,nan,0
1597988504648861952,1597988505242000128,2020-08-21 13:41:45.242000,6625.0,6675.0,6600.0,6660.0,nan,6635.0,93378,3098754225.0,184526,6625.0,21,6620.0,196,nan,0,nan,0,nan,0,nan,0,nan,0,nan,0,nan,0,nan,0
1597988505149847040,1597988505711000064,2020-08-21 13:41:45.711000,6625.0,6675.0,6600.0,6660.0,nan,6635.0,93378,3098754225.0,184526,6625.0,21,6620.0,197,nan,0,nan,0,nan,0,nan,0,nan,0,nan,0,nan,0,nan,0
1597988511648448000,1597988512232000000,2020-08-21 13:41:52.232000,6625.0,6675.0,6600.0,6660.0,nan,6635.0,93378,3098754225.0,184526,6625.0,22,6620.0,197,nan,0,nan,0,nan,0,nan,0,nan,0,nan,0,nan,0,nan,0
1597988512163091968,1597988512736999936,2020-08-21 13:41:52.737000,6625.0,6675.0,6600.0,6660.0,nan,6635.0,93378,3098754225.0,184526,6625.0,22,6620.0,198,nan,0,nan,0,nan,0,nan,0,nan,0,nan,0,nan,0,nan,0
1597988514145776128,1597988514742000128,2020-08-21 13:41:54.742000,6625.0,6675.0,6600.0,6660.0,nan,6635.0,93379,3098787350.0,184526,6625.0,21,6620.0,198,nan,0,nan,0,nan,0,nan,0,nan,0,nan,0,nan,0,nan,0
1597988514647105024,1597988515243000064,2020-08-21 13:41:55.243000,6625.0,6675.0,6600.0,6660.0,nan,6635.0,93382,3098886675.0,184525,6625.0,20,6620.0,196,nan,0,nan,0,nan,0,nan,0,nan,0,nan,0,nan,0,nan,0
1597988516641188096,1597988517243000064,2020-08-21 13:41:57.243000,6625.0,6675.0,6600.0,6660.0,nan,6635.0,93382,3098886675.0,184525,6625.0,20,6620.0,197,nan,0,nan,0,nan,0,nan,0,nan,0,nan,0,nan,0,nan,0
1597988522158403072,1597988522730000128,2020-08-21 13:42:02.730000,6625.0,6675.0,6600.0,6660.0,nan,6635.0,93382,3098886675.0,184525,6625.0,20,6620.0,198,nan,0,nan,0,nan,0,nan,0,nan,0,nan,0,nan,0,nan,0
1597988522684606976,1597988523246000128,2020-08-21 13:42:03.246000,6625.0,6675.0,6600.0,6660.0,nan,6635.0,93382,3098886675.0,184525,6625.0,21,6620.0,197,nan,0,nan,0,nan,0,nan,0,nan,0,nan,0,nan,0,nan,0
1597988523159831040,1597988523740999936,2020-08-21 13:42:03.741000,6625.0,6675.0,6600.0,6660.0,nan,6635.0,93383,3098919800.0,184524,6625.0,20,6620.0,197,nan,0,nan,0,nan,0,nan,0,nan,0,nan,0,nan,0,nan,0
1597988524145636096,1597988524736000000,2020-08-21 13:42:04.736000,6625.0,6675.0,6600.0,6660.0,nan,6635.0,93384,3098952925.0,184524,6625.0,19,6620.0,197,nan,0,nan,0,nan,0,nan,0,nan,0,nan,0,nan,0,nan,0
1597988524646868992,1597988525243000064,2020-08-21 13:42:05.243000,6620.0,6675.0,6600.0,6660.0,nan,6635.0,93386,3099019125.0,184524,6625.0,19,6620.0,195,nan,0,nan,0,nan,0,nan,0,nan,0,nan,0,nan,0,nan,0
1597988525145549056,1597988525731000064,2020-08-21 13:42:05.731000,6625.0,6675.0,6600.0,6660.0,nan,6635.0,93387,3099052250.0,184524,6625.0,18,6620.0,195,nan,0,nan,0,nan,0,nan,0,nan,0,nan,0,nan,0,nan,0
1597988526151213056,1597988526742000128,2020-08-21 13:42:06.742000,6625.0,6675.0,6600.0,6660.0,nan,6635.0,93387,3099052250.0,184524,6625.0,18,6620.0,196,nan,0,nan,0,nan,0,nan,0,nan,0,nan,0,nan,0,nan,0
1597988529150460928,1597988529732000000,2020-08-21 13:42:09.732000,6625.0,6675.0,6600.0,6660.0,nan,6635.0,93387,3099052250.0,184524,6625.0,19,6620.0,196,nan,0,nan,0,nan,0,nan,0,nan,0,nan,0,nan,0,nan,0
1597988529646324992,1597988530237999872,2020-08-21 13:42:10.238000,6625.0,6675.0,6600.0,6660.0,nan,6635.0,93432,3100542875.0,184522,6625.0,25,6620.0,204,nan,0,nan,0,nan,0,nan,0,nan,0,nan,0,nan,0,nan,0
1597988530194867968,1597988530744000000,2020-08-21 13:42:10.744000,6625.0,6675.0,6600.0,6660.0,nan,6635.0,93433,3100576000.0,184522,6625.0,25,6620.0,211,nan,0,nan,0,nan,0,nan,0,nan,0,nan,0,nan,0,nan,0
1597988533152897024,1597988533721999872,2020-08-21 13:42:13.722000,6625.0,6675.0,6600.0,6660.0,nan,6635.0,93434,3100609125.0,184522,6625.0,24,6620.0,211,nan,0,nan,0,nan,0,nan,0,nan,0,nan,0,nan,0,nan,0
1597988534197509120,1597988534740999936,2020-08-21 13:42:14.741000,6625.0,6675.0,6600.0,6660.0,nan,6635.0,93451,3101172250.0,184506,6625.0,7,6620.0,211,nan,0,nan,0,nan,0,nan,0,nan,0,nan,0,nan,0,nan,0
1597988534643123968,1597988535201999872,2020-08-21 13:42:15.202000,6620.0,6675.0,6600.0,6660.0,nan,6635.0,93453,3101238450.0,184506,6625.0,7,6620.0,216,nan,0,nan,0,nan,0,nan,0,nan,0,nan,0,nan,0,nan,0
1597988538180860928,1597988538732999936,2020-08-21 13:42:18.733000,6620.0,6675.0,6600.0,6660.0,nan,6635.0,93453,3101238450.0,184506,6625.0,7,6620.0,217,nan,0,nan,0,nan,0,nan,0,nan,0,nan,0,nan,0,nan,0
1597988543148058112,1597988543746000128,2020-08-21 13:42:23.746000,6620.0,6675.0,6600.0,6660.0,nan,6635.0,93453,3101238450.0,184506,6625.0,7,6620.0,226,nan,0,nan,0,nan,0,nan,0,nan,0,nan,0,nan,0,nan,0
1597988543651299072,1597988544243000064,2020-08-21 13:42:24.243000,6620.0,6675.0,6600.0,6660.0,nan,6635.0,93453,3101238450.0,184506,6625.0,7,6620.0,225,nan,0,nan,0,nan,0,nan,0,nan,0,nan,0,nan,0,nan,0
1597988544151593984,1597988544724000000,2020-08-21 13:42:24.724000,6620.0,6675.0,6600.0,6660.0,nan,6635.0,93453,3101238450.0,184506,6625.0,8,6620.0,225,nan,0,nan,0,nan,0,nan,0,nan,0,nan,0,nan,0,nan,0
1597988544650796032,1597988545228000000,2020-08-21 13:42:25.228000,6620.0,6675.0,6600.0,6660.0,nan,6635.0,93455,3101304650.0,184506,6625.0,28,6620.0,223,nan,0,nan,0,nan,0,nan,0,nan,0,nan,0,nan,0,nan,0
1597988545192140032,1597988545746000128,2020-08-21 13:42:25.746000,6620.0,6675.0,6600.0,6660.0,nan,6635.0,93455,3101304650.0,184506,6625.0,29,6620.0,220,nan,0,nan,0,nan,0,nan,0,nan,0,nan,0,nan,0,nan,0
1597988545658558976,1597988546237999872,2020-08-21 13:42:26.238000,6625.0,6675.0,6600.0,6660.0,nan,6635.0,93456,3101337775.0,184506,6625.0,28,6620.0,214,nan,0,nan,0,nan,0,nan,0,nan,0,nan,0,nan,0,nan,0
1597988549841383936,1597988550244999936,2020-08-21 13:42:30.245000,6625.0,6675.0,6600.0,6660.0,nan,6635.0,93456,3101337775.0,184506,6625.0,35,6620.0,214,nan,0,nan,0,nan,0,nan,0,nan,0,nan,0,nan,0,nan,0
1597988550208823040,1597988550744999936,2020-08-21 13:42:30.745000,6625.0,6675.0,6600.0,6660.0,nan,6635.0,93456,3101337775.0,184506,6625.0,79,6620.0,214,nan,0,nan,0,nan,0,nan,0,nan,0,nan,0,nan,0,nan,0
1597988551692505088,1597988552244999936,2020-08-21 13:42:32.245000,6625.0,6675.0,6600.0,6660.0,nan,6635.0,93456,3101337775.0,184506,6625.0,94,6620.0,214,nan,0,nan,0,nan,0,nan,0,nan,0,nan,0,nan,0,nan,0
1597988552185659904,1597988552744000000,2020-08-21 13:42:32.744000,6625.0,6675.0,6600.0,6660.0,nan,6635.0,93456,3101337775.0,184506,6625.0,99,6620.0,214,nan,0,nan,0,nan,0,nan,0,nan,0,nan,0,nan,0,nan,0
1597988552698427904,1597988553237999872,2020-08-21 13:42:33.238000,6625.0,6675.0,6600.0,6660.0,nan,6635.0,93456,3101337775.0,184506,6625.0,105,6620.0,214,nan,0,nan,0,nan,0,nan,0,nan,0,nan,0,nan,0,nan,0
1597988553680867072,1597988554246000128,2020-08-21 13:42:34.246000,6625.0,6675.0,6600.0,6660.0,nan,6635.0,93456,3101337775.0,184506,6625.0,105,6620.0,215,nan,0,nan,0,nan,0,nan,0,nan,0,nan,0,nan,0,nan,0
1597988557721262080,1597988558232000000,2020-08-21 13:42:38.232000,6620.0,6675.0,6600.0,6660.0,nan,6635.0,93457,3101370875.0,184505,6625.0,105,6620.0,214,nan,0,nan,0,nan,0,nan,0,nan,0,nan,0,nan,0,nan,0
1597988558193061888,1597988558728000000,2020-08-21 13:42:38.728000,6620.0,6675.0,6600.0,6660.0,nan,6635.0,93459,3101437075.0,184505,6625.0,109,6620.0,212,nan,0,nan,0,nan,0,nan,0,nan,0,nan,0,nan,0,nan,0
1597988559209783040,1597988559744999936,2020-08-21 13:42:39.745000,6620.0,6675.0,6600.0,6660.0,nan,6635.0,93468,3101734975.0,184511,6625.0,109,6620.0,203,nan,0,nan,0,nan,0,nan,0,nan,0,nan,0,nan,0,nan,0
1597988559699996928,1597988560234999808,2020-08-21 13:42:40.235000,6620.0,6675.0,6600.0,6660.0,nan,6635.0,93468,3101734975.0,184511,6625.0,112,6620.0,201,nan,0,nan,0,nan,0,nan,0,nan,0,nan,0,nan,0,nan,0
1597988561198638080,1597988561744999936,2020-08-21 13:42:41.745000,6620.0,6675.0,6600.0,6660.0,nan,6635.0,93468,3101734975.0,184511,6625.0,115,6620.0,201,nan,0,nan,0,nan,0,nan,0,nan,0,nan,0,nan,0,nan,0
1597988561664965888,1597988562228000000,2020-08-21 13:42:42.228000,6620.0,6675.0,6600.0,6660.0,nan,6635.0,93468,3101734975.0,184511,6625.0,116,6620.0,201,nan,0,nan,0,nan,0,nan,0,nan,0,nan,0,nan,0,nan,0
1597988562170962944,1597988562726000128,2020-08-21 13:42:42.726000,6620.0,6675.0,6600.0,6660.0,nan,6635.0,93468,3101734975.0,184511,6625.0,119,6620.0,201,nan,0,nan,0,nan,0,nan,0,nan,0,nan,0,nan,0,nan,0
1597988563151006976,1597988563742000128,2020-08-21 13:42:43.742000,6625.0,6675.0,6600.0,6660.0,nan,6635.0,93469,3101768100.0,184510,6625.0,119,6620.0,202,nan,0,nan,0,nan,0,nan,0,nan,0,nan,0,nan,0,nan,0
1597988565152669952,1597988565731000064,2020-08-21 13:42:45.731000,6625.0,6675.0,6600.0,6660.0,nan,6635.0,93470,3101801225.0,184510,6625.0,118,6620.0,202,nan,0,nan,0,nan,0,nan,0,nan,0,nan,0,nan,0,nan,0
1597988565664941056,1597988566239000064,2020-08-21 13:42:46.239000,6625.0,6675.0,6600.0,6660.0,nan,6635.0,93470,3101801225.0,184510,6625.0,124,6620.0,202,nan,0,nan,0,nan,0,nan,0,nan,0,nan,0,nan,0,nan,0
1597988566185510912,1597988566739000064,2020-08-21 13:42:46.739000,6625.0,6675.0,6600.0,6660.0,nan,6635.0,93471,3101834350.0,184510,6625.0,123,6620.0,202,nan,0,nan,0,nan,0,nan,0,nan,0,nan,0,nan,0,nan,0
1597988567656024064,1597988568239000064,2020-08-21 13:42:48.239000,6625.0,6675.0,6600.0,6660.0,nan,6635.0,93471,3101834350.0,184510,6625.0,123,6620.0,203,nan,0,nan,0,nan,0,nan,0,nan,0,nan,0,nan,0,nan,0
1597988568151698944,1597988568731000064,2020-08-21 13:42:48.731000,6620.0,6675.0,6600.0,6660.0,nan,6635.0,93473,3101900550.0,184512,6625.0,126,6620.0,201,nan,0,nan,0,nan,0,nan,0,nan,0,nan,0,nan,0,nan,0
1597988569163301120,1597988569742000128,2020-08-21 13:42:49.742000,6620.0,6675.0,6600.0,6660.0,nan,6635.0,93475,3101966750.0,184514,6625.0,125,6620.0,199,nan,0,nan,0,nan,0,nan,0,nan,0,nan,0,nan,0,nan,0
1597988572152076032,1597988572732999936,2020-08-21 13:42:52.733000,6620.0,6675.0,6600.0,6660.0,nan,6635.0,93475,3101966750.0,184514,6625.0,125,6620.0,200,nan,0,nan,0,nan,0,nan,0,nan,0,nan,0,nan,0,nan,0
1597988573657719040,1597988574236000000,2020-08-21 13:42:54.236000,6620.0,6675.0,6600.0,6660.0,nan,6635.0,93475,3101966750.0,184514,6625.0,126,6620.0,200,nan,0,nan,0,nan,0,nan,0,nan,0,nan,0,nan,0,nan,0
1597988574167790080,1597988574739000064,2020-08-21 13:42:54.739000,6625.0,6675.0,6600.0,6660.0,nan,6635.0,93476,3101999875.0,184514,6625.0,125,6620.0,200,nan,0,nan,0,nan,0,nan,0,nan,0,nan,0,nan,0,nan,0
1597988576168040960,1597988576740000000,2020-08-21 13:42:56.740000,6625.0,6675.0,6600.0,6660.0,nan,6635.0,93476,3101999875.0,184514,6625.0,125,6620.0,199,nan,0,nan,0,nan,0,nan,0,nan,0,nan,0,nan,0,nan,0
1597988576671086080,1597988577236999936,2020-08-21 13:42:57.237000,6625.0,6675.0,6600.0,6660.0,nan,6635.0,93476,3101999875.0,184514,6625.0,119,6620.0,199,nan,0,nan,0,nan,0,nan,0,nan,0,nan,0,nan,0,nan,0
1597988577152592896,1597988577732999936,2020-08-21 13:42:57.733000,6625.0,6675.0,6600.0,6660.0,nan,6635.0,93476,3101999875.0,184514,6625.0,117,6620.0,199,nan,0,nan,0,nan,0,nan,0,nan,0,nan,0,nan,0,nan,0
1597988577656478976,1597988578246000128,2020-08-21 13:42:58.246000,6625.0,6675.0,6600.0,6660.0,nan,6635.0,93476,3101999875.0,184514,6625.0,123,6620.0,199,nan,0,nan,0,nan,0,nan,0,nan,0,nan,0,nan,0,nan,0
1597988578148982016,1597988578742000128,2020-08-21 13:42:58.742000,6625.0,6675.0,6600.0,6660.0,nan,6635.0,93476,3101999875.0,184514,6625.0,124,6620.0,199,nan,0,nan,0,nan,0,nan,0,nan,0,nan,0,nan,0,nan,0
1597988583189893888,1597988583737999872,2020-08-21 13:43:03.738000,6625.0,6675.0,6600.0,6660.0,nan,6635.0,93477,3102033000.0,184514,6625.0,113,6620.0,200,nan,0,nan,0,nan,0,nan,0,nan,0,nan,0,nan,0,nan,0
1597988583664158976,1597988584243000064,2020-08-21 13:43:04.243000,6625.0,6675.0,6600.0,6660.0,nan,6635.0,93477,3102033000.0,184514,6625.0,112,6620.0,201,nan,0,nan,0,nan,0,nan,0,nan,0,nan,0,nan,0,nan,0
1597988584165114112,1597988584744000000,2020-08-21 13:43:04.744000,6625.0,6675.0,6600.0,6660.0,nan,6635.0,93477,3102033000.0,184514,6625.0,112,6620.0,203,nan,0,nan,0,nan,0,nan,0,nan,0,nan,0,nan,0,nan,0
1597988586652581120,1597988587220999936,2020-08-21 13:43:07.221000,6625.0,6675.0,6600.0,6660.0,nan,6635.0,93477,3102033000.0,184514,6625.0,112,6620.0,207,nan,0,nan,0,nan,0,nan,0,nan,0,nan,0,nan,0,nan,0
1597988587152747008,1597988587706000128,2020-08-21 13:43:07.706000,6625.0,6675.0,6600.0,6660.0,nan,6635.0,93477,3102033000.0,184514,6625.0,103,6620.0,207,nan,0,nan,0,nan,0,nan,0,nan,0,nan,0,nan,0,nan,0
1597988587675966976,1597988588224999936,2020-08-21 13:43:08.225000,6625.0,6675.0,6600.0,6660.0,nan,6635.0,93477,3102033000.0,184514,6625.0,97,6620.0,207,nan,0,nan,0,nan,0,nan,0,nan,0,nan,0,nan,0,nan,0
1597988588164295936,1597988588731000064,2020-08-21 13:43:08.731000,6625.0,6675.0,6600.0,6660.0,nan,6635.0,93477,3102033000.0,184514,6625.0,103,6620.0,207,nan,0,nan,0,nan,0,nan,0,nan,0,nan,0,nan,0,nan,0
1597988590174072064,1597988590737999872,2020-08-21 13:43:10.738000,6625.0,6675.0,6600.0,6660.0,nan,6635.0,93477,3102033000.0,184514,6625.0,104,6620.0,207,nan,0,nan,0,nan,0,nan,0,nan,0,nan,0,nan,0,nan,0
1597988591166682112,1597988591742000128,2020-08-21 13:43:11.742000,6625.0,6675.0,6600.0,6660.0,nan,6635.0,93477,3102033000.0,184514,6625.0,104,6620.0,208,nan,0,nan,0,nan,0,nan,0,nan,0,nan,0,nan,0,nan,0
1597988592230392064,1597988592736000000,2020-08-21 13:43:12.736000,6625.0,6675.0,6600.0,6660.0,nan,6635.0,93478,3102066125.0,184514,6625.0,103,6620.0,208,nan,0,nan,0,nan,0,nan,0,nan,0,nan,0,nan,0,nan,0
1597988594688531968,1597988595246000128,2020-08-21 13:43:15.246000,6625.0,6675.0,6600.0,6660.0,nan,6635.0,93478,3102066125.0,184514,6625.0,103,6620.0,223,nan,0,nan,0,nan,0,nan,0,nan,0,nan,0,nan,0,nan,0
1597988601153346048,1597988601744000000,2020-08-21 13:43:21.744000,6625.0,6675.0,6600.0,6660.0,nan,6635.0,93479,3102099250.0,184514,6625.0,102,6620.0,223,nan,0,nan,0,nan,0,nan,0,nan,0,nan,0,nan,0,nan,0
1597988601685241088,1597988602244999936,2020-08-21 13:43:22.245000,6625.0,6675.0,6600.0,6660.0,nan,6635.0,93479,3102099250.0,184514,6625.0,96,6620.0,228,nan,0,nan,0,nan,0,nan,0,nan,0,nan,0,nan,0,nan,0
1597988602157778944,1597988602740999936,2020-08-21 13:43:22.741000,6620.0,6675.0,6600.0,6660.0,nan,6635.0,93485,3102297850.0,184520,6625.0,96,6620.0,222,nan,0,nan,0,nan,0,nan,0,nan,0,nan,0,nan,0,nan,0
1597988603152944896,1597988603734999808,2020-08-21 13:43:23.735000,6620.0,6675.0,6600.0,6660.0,nan,6635.0,93485,3102297850.0,184520,6625.0,96,6620.0,223,nan,0,nan,0,nan,0,nan,0,nan,0,nan,0,nan,0,nan,0
1597988605652542976,1597988606246000128,2020-08-21 13:43:26.246000,6620.0,6675.0,6600.0,6660.0,nan,6635.0,93487,3102364050.0,184520,6625.0,96,6620.0,221,nan,0,nan,0,nan,0,nan,0,nan,0,nan,0,nan,0,nan,0
1597988606160313088,1597988606723000064,2020-08-21 13:43:26.723000,6620.0,6675.0,6600.0,6660.0,nan,6635.0,93488,3102397150.0,184520,6625.0,96,6620.0,219,nan,0,nan,0,nan,0,nan,0,nan,0,nan,0,nan,0,nan,0
1597988607648794112,1597988608240999936,2020-08-21 13:43:28.241000,6625.0,6675.0,6600.0,6660.0,nan,6635.0,93489,3102430275.0,184521,6625.0,95,6620.0,219,nan,0,nan,0,nan,0,nan,0,nan,0,nan,0,nan,0,nan,0
1597988610150179072,1597988610737999872,2020-08-21 13:43:30.738000,6625.0,6675.0,6600.0,6660.0,nan,6635.0,93490,3102463400.0,184522,6625.0,94,6620.0,219,nan,0,nan,0,nan,0,nan,0,nan,0,nan,0,nan,0,nan,0
1597988611149764096,1597988611744999936,2020-08-21 13:43:31.745000,6620.0,6675.0,6600.0,6660.0,nan,6635.0,93491,3102496500.0,184522,6625.0,94,6620.0,218,nan,0,nan,0,nan,0,nan,0,nan,0,nan,0,nan,0,nan,0
1597988614221861120,1597988614736000000,2020-08-21 13:43:34.736000,6625.0,6675.0,6600.0,6660.0,nan,6635.0,93493,3102562750.0,184524,6625.0,92,6620.0,218,nan,0,nan,0,nan,0,nan,0,nan,0,nan,0,nan,0,nan,0
1597988616181350912,1597988616740000000,2020-08-21 13:43:36.740000,6625.0,6675.0,6600.0,6660.0,nan,6635.0,93494,3102595875.0,184524,6625.0,51,6620.0,218,nan,0,nan,0,nan,0,nan,0,nan,0,nan,0,nan,0,nan,0
1597988616658957056,1597988617236999936,2020-08-21 13:43:37.237000,6625.0,6675.0,6600.0,6660.0,nan,6635.0,93494,3102595875.0,184524,6625.0,49,6620.0,218,nan,0,nan,0,nan,0,nan,0,nan,0,nan,0,nan,0,nan,0
1597988618152175104,1597988618742000128,2020-08-21 13:43:38.742000,6625.0,6675.0,6600.0,6660.0,nan,6635.0,93495,3102629000.0,184525,6625.0,48,6620.0,218,nan,0,nan,0,nan,0,nan,0,nan,0,nan,0,nan,0,nan,0
1597988619160816896,1597988619743000064,2020-08-21 13:43:39.743000,6620.0,6675.0,6600.0,6660.0,nan,6635.0,93497,3102695225.0,184527,6625.0,47,6620.0,217,nan,0,nan,0,nan,0,nan,0,nan,0,nan,0,nan,0,nan,0
1597988628147269120,1597988628746000128,2020-08-21 13:43:48.746000,6625.0,6675.0,6600.0,6660.0,nan,6635.0,93498,3102728350.0,184528,6625.0,46,6620.0,217,nan,0,nan,0,nan,0,nan,0,nan,0,nan,0,nan,0,nan,0
1597988628648135936,1597988629224000000,2020-08-21 13:43:49.224000,6625.0,6675.0,6600.0,6660.0,nan,6635.0,93498,3102728350.0,184528,6625.0,47,6620.0,217,nan,0,nan,0,nan,0,nan,0,nan,0,nan,0,nan,0,nan,0
1597988636648067072,1597988637246000128,2020-08-21 13:43:57.246000,6625.0,6675.0,6600.0,6660.0,nan,6635.0,93498,3102728350.0,184528,6625.0,49,6620.0,217,nan,0,nan,0,nan,0,nan,0,nan,0,nan,0,nan,0,nan,0
1597988637142726912,1597988637698999808,2020-08-21 13:43:57.699000,6625.0,6675.0,6600.0,6660.0,nan,6635.0,93498,3102728350.0,184528,6625.0,50,6620.0,218,nan,0,nan,0,nan,0,nan,0,nan,0,nan,0,nan,0,nan,0
1597988637638338048,1597988638200000000,2020-08-21 13:43:58.200000,6625.0,6675.0,6600.0,6660.0,nan,6635.0,93498,3102728350.0,184528,6625.0,51,6620.0,218,nan,0,nan,0,nan,0,nan,0,nan,0,nan,0,nan,0,nan,0
1597988638146298880,1597988638739000064,2020-08-21 13:43:58.739000,6625.0,6675.0,6600.0,6660.0,nan,6635.0,93498,3102728350.0,184528,6625.0,53,6620.0,218,nan,0,nan,0,nan,0,nan,0,nan,0,nan,0,nan,0,nan,0
1597988639147578112,1597988639742000128,2020-08-21 13:43:59.742000,6625.0,6675.0,6600.0,6660.0,nan,6635.0,93508,3103059600.0,184538,6625.0,43,6620.0,218,nan,0,nan,0,nan,0,nan,0,nan,0,nan,0,nan,0,nan,0
1597988639645048064,1597988640244000000,2020-08-21 13:44:00.244000,6625.0,6675.0,6600.0,6660.0,nan,6635.0,93508,3103059600.0,184538,6625.0,62,6620.0,218,nan,0,nan,0,nan,0,nan,0,nan,0,nan,0,nan,0,nan,0
1597988640148237056,1597988640743000064,2020-08-21 13:44:00.743000,6625.0,6675.0,6600.0,6660.0,nan,6635.0,93508,3103059600.0,184538,6625.0,67,6620.0,218,nan,0,nan,0,nan,0,nan,0,nan,0,nan,0,nan,0,nan,0
1597988640647578880,1597988641227000064,2020-08-21 13:44:01.227000,6625.0,6675.0,6600.0,6660.0,nan,6635.0,93508,3103059600.0,184538,6625.0,68,6620.0,218,nan,0,nan,0,nan,0,nan,0,nan,0,nan,0,nan,0,nan,0
1597988641685224960,1597988642247000064,2020-08-21 13:44:02.247000,6625.0,6675.0,6600.0,6660.0,nan,6635.0,93508,3103059600.0,184538,6625.0,68,6620.0,219,nan,0,nan,0,nan,0,nan,0,nan,0,nan,0,nan,0,nan,0
1597988645153163008,1597988645736999936,2020-08-21 13:44:05.737000,6625.0,6675.0,6600.0,6660.0,nan,6635.0,93508,3103059600.0,184538,6625.0,69,6620.0,219,nan,0,nan,0,nan,0,nan,0,nan,0,nan,0,nan,0,nan,0
1597988649148888064,1597988649742000128,2020-08-21 13:44:09.742000,6625.0,6675.0,6600.0,6660.0,nan,6635.0,93509,3103092725.0,184539,6625.0,68,6620.0,219,nan,0,nan,0,nan,0,nan,0,nan,0,nan,0,nan,0,nan,0
1597988652158466048,1597988652742000128,2020-08-21 13:44:12.742000,6625.0,6675.0,6600.0,6660.0,nan,6635.0,93510,3103125850.0,184539,6625.0,67,6620.0,219,nan,0,nan,0,nan,0,nan,0,nan,0,nan,0,nan,0,nan,0
1597988652656525056,1597988653244000000,2020-08-21 13:44:13.244000,6625.0,6675.0,6600.0,6660.0,nan,6635.0,93510,3103125850.0,184539,6625.0,67,6620.0,220,nan,0,nan,0,nan,0,nan,0,nan,0,nan,0,nan,0,nan,0
1597988653151520000,1597988653746000128,2020-08-21 13:44:13.746000,6625.0,6675.0,6600.0,6660.0,nan,6635.0,93510,3103125850.0,184539,6625.0,66,6620.0,220,nan,0,nan,0,nan,0,nan,0,nan,0,nan,0,nan,0,nan,0
1597988670148419072,1597988670747000064,2020-08-21 13:44:30.747000,6625.0,6675.0,6600.0,6660.0,nan,6635.0,93515,3103291475.0,184542,6625.0,62,6620.0,220,nan,0,nan,0,nan,0,nan,0,nan,0,nan,0,nan,0,nan,0
1597988670655867904,1597988671248000000,2020-08-21 13:44:31.248000,6625.0,6675.0,6600.0,6660.0,nan,6635.0,93515,3103291475.0,184542,6625.0,63,6620.0,226,nan,0,nan,0,nan,0,nan,0,nan,0,nan,0,nan,0,nan,0
1597988671150812928,1597988671743000064,2020-08-21 13:44:31.743000,6625.0,6675.0,6600.0,6660.0,nan,6635.0,93522,3103523200.0,184543,6625.0,62,6620.0,221,nan,0,nan,0,nan,0,nan,0,nan,0,nan,0,nan,0,nan,0
1597988671648839936,1597988672236999936,2020-08-21 13:44:32.237000,6625.0,6675.0,6600.0,6660.0,nan,6635.0,93527,3103688825.0,184548,6625.0,57,6620.0,221,nan,0,nan,0,nan,0,nan,0,nan,0,nan,0,nan,0,nan,0
1597988673146973952,1597988673737999872,2020-08-21 13:44:33.738000,6625.0,6675.0,6600.0,6660.0,nan,6635.0,93528,3103721950.0,184549,6625.0,56,6620.0,221,nan,0,nan,0,nan,0,nan,0,nan,0,nan,0,nan,0,nan,0
1597988673648375040,1597988674248000000,2020-08-21 13:44:34.248000,6625.0,6675.0,6600.0,6660.0,nan,6635.0,93533,3103887575.0,184554,6625.0,51,6620.0,221,nan,0,nan,0,nan,0,nan,0,nan,0,nan,0,nan,0,nan,0
1597988674654384896,1597988675220999936,2020-08-21 13:44:35.221000,6625.0,6675.0,6600.0,6660.0,nan,6635.0,93534,3103920700.0,184555,6625.0,50,6620.0,221,nan,0,nan,0,nan,0,nan,0,nan,0,nan,0,nan,0,nan,0
1597988676146791936,1597988676719000064,2020-08-21 13:44:36.719000,6625.0,6675.0,6600.0,6660.0,nan,6635.0,93534,3103920700.0,184555,6625.0,50,6620.0,226,nan,0,nan,0,nan,0,nan,0,nan,0,nan,0,nan,0,nan,0
1597988676709238016,1597988677229000192,2020-08-21 13:44:37.229000,6625.0,6675.0,6600.0,6660.0,nan,6635.0,93541,3104152575.0,184555,6625.0,45,6620.0,226,nan,0,nan,0,nan,0,nan,0,nan,0,nan,0,nan,0,nan,0
1597988677155523072,1597988677744000000,2020-08-21 13:44:37.744000,6625.0,6675.0,6600.0,6660.0,nan,6635.0,93541,3104152575.0,184555,6625.0,43,6620.0,226,nan,0,nan,0,nan,0,nan,0,nan,0,nan,0,nan,0,nan,0
1597988680640942080,1597988681217999872,2020-08-21 13:44:41.218000,6620.0,6675.0,6600.0,6660.0,nan,6635.0,93547,3104351175.0,184561,6625.0,43,6620.0,228,nan,0,nan,0,nan,0,nan,0,nan,0,nan,0,nan,0,nan,0
1597988681652296960,1597988682232000000,2020-08-21 13:44:42.232000,6625.0,6675.0,6600.0,6660.0,nan,6635.0,93548,3104384300.0,184561,6625.0,42,6620.0,228,nan,0,nan,0,nan,0,nan,0,nan,0,nan,0,nan,0,nan,0
1597988683649223936,1597988684247000064,2020-08-21 13:44:44.247000,6625.0,6675.0,6600.0,6660.0,nan,6635.0,93556,3104649300.0,184567,6625.0,34,6620.0,228,nan,0,nan,0,nan,0,nan,0,nan,0,nan,0,nan,0,nan,0
1597988684148665088,1597988684729000192,2020-08-21 13:44:44.729000,6625.0,6675.0,6600.0,6660.0,nan,6635.0,93556,3104649300.0,184567,6625.0,39,6620.0,231,nan,0,nan,0,nan,0,nan,0,nan,0,nan,0,nan,0,nan,0
1597988685148840960,1597988685744999936,2020-08-21 13:44:45.745000,6625.0,6675.0,6600.0,6660.0,nan,6635.0,93556,3104649300.0,184567,6625.0,39,6620.0,232,nan,0,nan,0,nan,0,nan,0,nan,0,nan,0,nan,0,nan,0
1597988688145861120,1597988688740000000,2020-08-21 13:44:48.740000,6625.0,6675.0,6600.0,6660.0,nan,6635.0,93556,3104649300.0,184567,6625.0,40,6620.0,232,nan,0,nan,0,nan,0,nan,0,nan,0,nan,0,nan,0,nan,0
1597988688656535040,1597988689237999872,2020-08-21 13:44:49.238000,6625.0,6675.0,6600.0,6660.0,nan,6635.0,93557,3104682425.0,184567,6625.0,39,6620.0,232,nan,0,nan,0,nan,0,nan,0,nan,0,nan,0,nan,0,nan,0
1597988690647975936,1597988691242000128,2020-08-21 13:44:51.242000,6625.0,6675.0,6600.0,6660.0,nan,6635.0,93558,3104715550.0,184567,6625.0,38,6620.0,232,nan,0,nan,0,nan,0,nan,0,nan,0,nan,0,nan,0,nan,0
1597988691804852992,1597988692227000064,2020-08-21 13:44:52.227000,6625.0,6675.0,6600.0,6660.0,nan,6635.0,93560,3104781800.0,184567,6625.0,36,6620.0,232,nan,0,nan,0,nan,0,nan,0,nan,0,nan,0,nan,0,nan,0
1597988692150551040,1597988692732999936,2020-08-21 13:44:52.733000,6625.0,6675.0,6600.0,6660.0,nan,6635.0,93561,3104814925.0,184567,6625.0,35,6620.0,232,nan,0,nan,0,nan,0,nan,0,nan,0,nan,0,nan,0,nan,0
1597988692647788032,1597988693210000128,2020-08-21 13:44:53.210000,6625.0,6675.0,6600.0,6660.0,nan,6635.0,93565,3104947425.0,184567,6625.0,31,6620.0,232,nan,0,nan,0,nan,0,nan,0,nan,0,nan,0,nan,0,nan,0
1597988693147173888,1597988693726000128,2020-08-21 13:44:53.726000,6625.0,6675.0,6600.0,6660.0,nan,6635.0,93565,3104947425.0,184567,6625.0,45,6620.0,233,nan,0,nan,0,nan,0,nan,0,nan,0,nan,0,nan,0,nan,0
1597988693660354048,1597988694240999936,2020-08-21 13:44:54.241000,6625.0,6675.0,6600.0,6660.0,nan,6635.0,93565,3104947425.0,184567,6625.0,46,6620.0,233,nan,0,nan,0,nan,0,nan,0,nan,0,nan,0,nan,0,nan,0
1597988694191577088,1597988694744000000,2020-08-21 13:44:54.744000,6625.0,6675.0,6600.0,6660.0,nan,6635.0,93575,3105278675.0,184567,6625.0,37,6620.0,233,nan,0,nan,0,nan,0,nan,0,nan,0,nan,0,nan,0,nan,0
1597988695148268032,1597988695720000000,2020-08-21 13:44:55.720000,6625.0,6675.0,6600.0,6660.0,nan,6635.0,93575,3105278675.0,184567,6625.0,36,6620.0,233,nan,0,nan,0,nan,0,nan,0,nan,0,nan,0,nan,0,nan,0
1597988695666996992,1597988696248000000,2020-08-21 13:44:56.248000,6625.0,6675.0,6600.0,6660.0,nan,6635.0,93578,3105378050.0,184567,6625.0,33,6620.0,233,nan,0,nan,0,nan,0,nan,0,nan,0,nan,0,nan,0,nan,0
1597988697640174080,1597988698228000000,2020-08-21 13:44:58.228000,6625.0,6675.0,6600.0,6660.0,nan,6635.0,93611,3106471175.0,184592,6630.0,296,6625.0,25,nan,0,nan,0,nan,0,nan,0,nan,0,nan,0,nan,0,nan,0
1597988698155382016,1597988698732999936,2020-08-21 13:44:58.733000,6625.0,6675.0,6600.0,6660.0,nan,6635.0,93640,3107431800.0,184590,6625.0,13,6620.0,241,nan,0,nan,0,nan,0,nan,0,nan,0,nan,0,nan,0,nan,0
1597988698651161088,1597988699242000128,2020-08-21 13:44:59.242000,6625.0,6675.0,6600.0,6660.0,nan,6635.0,93640,3107431800.0,184590,6625.0,13,6620.0,237,nan,0,nan,0,nan,0,nan,0,nan,0,nan,0,nan,0,nan,0
1597988699150546944,1597988699744000000,2020-08-21 13:44:59.744000,6625.0,6675.0,6600.0,6660.0,nan,6635.0,93642,3107498050.0,184590,6625.0,11,6620.0,238,nan,0,nan,0,nan,0,nan,0,nan,0,nan,0,nan,0,nan,0
1597988700190150912,1597988700744999936,2020-08-21 13:45:00.745000,6625.0,6675.0,6600.0,6660.0,nan,6635.0,93642,3107498050.0,184590,6625.0,26,6620.0,238,nan,0,nan,0,nan,0,nan,0,nan,0,nan,0,nan,0,nan,0
1597988700705702912,1597988701244999936,2020-08-21 13:45:01.245000,6625.0,6675.0,6600.0,6660.0,nan,6635.0,93643,3107531175.0,184590,6625.0,33,6620.0,238,nan,0,nan,0,nan,0,nan,0,nan,0,nan,0,nan,0,nan,0
1597988702653006080,1597988703240999936,2020-08-21 13:45:03.241000,6625.0,6675.0,6600.0,6660.0,nan,6635.0,93650,3107763050.0,184590,6625.0,26,6620.0,238,nan,0,nan,0,nan,0,nan,0,nan,0,nan,0,nan,0,nan,0
1597988704206468096,1597988704744999936,2020-08-21 13:45:04.745000,6620.0,6675.0,6600.0,6660.0,nan,6635.0,93670,3108425050.0,184585,6625.0,26,6620.0,218,nan,0,nan,0,nan,0,nan,0,nan,0,nan,0,nan,0,nan,0
1597988704651440896,1597988705226000128,2020-08-21 13:45:05.226000,6620.0,6675.0,6600.0,6660.0,nan,6635.0,93670,3108425050.0,184585,6625.0,39,6620.0,269,nan,0,nan,0,nan,0,nan,0,nan,0,nan,0,nan,0,nan,0
1597988706642957056,1597988707237999872,2020-08-21 13:45:07.238000,6625.0,6675.0,6600.0,6660.0,nan,6635.0,93671,3108458175.0,184584,6625.0,38,6620.0,269,nan,0,nan,0,nan,0,nan,0,nan,0,nan,0,nan,0,nan,0
1597988707153242112,1597988707730000128,2020-08-21 13:45:07.730000,6625.0,6675.0,6600.0,6660.0,nan,6635.0,93671,3108458175.0,184584,6625.0,40,6620.0,269,nan,0,nan,0,nan,0,nan,0,nan,0,nan,0,nan,0,nan,0
1597988709642724096,1597988710236999936,2020-08-21 13:45:10.237000,6625.0,6675.0,6600.0,6660.0,nan,6635.0,93671,3108458175.0,184584,6625.0,40,6620.0,272,nan,0,nan,0,nan,0,nan,0,nan,0,nan,0,nan,0,nan,0
1597988710153456128,1597988710736000000,2020-08-21 13:45:10.736000,6625.0,6675.0,6600.0,6660.0,nan,6635.0,93699,3109385675.0,184573,6625.0,14,6620.0,272,nan,0,nan,0,nan,0,nan,0,nan,0,nan,0,nan,0,nan,0
1597988710651332096,1597988711243000064,2020-08-21 13:45:11.243000,6625.0,6675.0,6600.0,6660.0,nan,6635.0,93743,3110843175.0,184576,6625.0,25,6620.0,286,nan,0,nan,0,nan,0,nan,0,nan,0,nan,0,nan,0,nan,0
1597988711165424128,1597988711737999872,2020-08-21 13:45:11.738000,6625.0,6675.0,6600.0,6660.0,nan,6635.0,93761,3111439425.0,184558,6625.0,11,6620.0,292,nan,0,nan,0,nan,0,nan,0,nan,0,nan,0,nan,0,nan,0
1597988711658811904,1597988712219000064,2020-08-21 13:45:12.219000,6625.0,6675.0,6600.0,6660.0,nan,6635.0,93772,3111803800.0,184560,6630.0,328,6625.0,43,nan,0,nan,0,nan,0,nan,0,nan,0,nan,0,nan,0,nan,0
1597988712157775104,1597988712732999936,2020-08-21 13:45:12.733000,6625.0,6675.0,6600.0,6660.0,nan,6635.0,93778,3112002550.0,184566,6630.0,329,6625.0,52,nan,0,nan,0,nan,0,nan,0,nan,0,nan,0,nan,0,nan,0
1597988713159888896,1597988713739000064,2020-08-21 13:45:13.739000,6625.0,6675.0,6600.0,6660.0,nan,6635.0,93778,3112002550.0,184566,6630.0,329,6625.0,55,nan,0,nan,0,nan,0,nan,0,nan,0,nan,0,nan,0,nan,0
1597988717151513088,1597988717748000000,2020-08-21 13:45:17.748000,6625.0,6675.0,6600.0,6660.0,nan,6635.0,93778,3112002550.0,184566,6630.0,329,6625.0,65,nan,0,nan,0,nan,0,nan,0,nan,0,nan,0,nan,0,nan,0
1597988718374481920,1597988718744000000,2020-08-21 13:45:18.744000,6625.0,6675.0,6600.0,6660.0,nan,6635.0,93778,3112002550.0,184566,6630.0,330,6625.0,65,nan,0,nan,0,nan,0,nan,0,nan,0,nan,0,nan,0,nan,0
1597988719651077120,1597988720223000064,2020-08-21 13:45:20.223000,6625.0,6675.0,6600.0,6660.0,nan,6635.0,93778,3112002550.0,184566,6630.0,330,6625.0,71,nan,0,nan,0,nan,0,nan,0,nan,0,nan,0,nan,0,nan,0
1597988720158981120,1597988720748000000,2020-08-21 13:45:20.748000,6625.0,6675.0,6600.0,6660.0,nan,6635.0,93778,3112002550.0,184566,6630.0,330,6625.0,72,nan,0,nan,0,nan,0,nan,0,nan,0,nan,0,nan,0,nan,0
1597988722672497920,1597988723239000064,2020-08-21 13:45:23.239000,6625.0,6675.0,6600.0,6660.0,nan,6635.0,93778,3112002550.0,184566,6630.0,330,6625.0,73,nan,0,nan,0,nan,0,nan,0,nan,0,nan,0,nan,0,nan,0
1597988723145633024,1597988723748000000,2020-08-21 13:45:23.748000,6625.0,6675.0,6600.0,6660.0,nan,6635.0,93781,3112101925.0,184569,6630.0,330,6625.0,74,nan,0,nan,0,nan,0,nan,0,nan,0,nan,0,nan,0,nan,0
1597988723671076096,1597988724239000064,2020-08-21 13:45:24.239000,6630.0,6675.0,6600.0,6660.0,nan,6635.0,93782,3112135075.0,184570,6630.0,336,6625.0,74,nan,0,nan,0,nan,0,nan,0,nan,0,nan,0,nan,0,nan,0
1597988724153743872,1597988724739000064,2020-08-21 13:45:24.739000,6630.0,6675.0,6600.0,6660.0,nan,6635.0,93805,3112897500.0,184572,6630.0,315,6625.0,102,nan,0,nan,0,nan,0,nan,0,nan,0,nan,0,nan,0,nan,0
1597988724649220096,1597988725246000128,2020-08-21 13:45:25.246000,6630.0,6675.0,6600.0,6660.0,nan,6635.0,93807,3112963800.0,184574,6630.0,313,6625.0,102,nan,0,nan,0,nan,0,nan,0,nan,0,nan,0,nan,0,nan,0
1597988725148901120,1597988725729000192,2020-08-21 13:45:25.729000,6630.0,6675.0,6600.0,6660.0,nan,6635.0,93807,3112963800.0,184574,6630.0,313,6625.0,109,nan,0,nan,0,nan,0,nan,0,nan,0,nan,0,nan,0,nan,0
1597988725716795904,1597988726226000128,2020-08-21 13:45:26.226000,6630.0,6675.0,6600.0,6660.0,nan,6635.0,93807,3112963800.0,184574,6630.0,313,6625.0,126,nan,0,nan,0,nan,0,nan,0,nan,0,nan,0,nan,0,nan,0
1597988726644901120,1597988727237999872,2020-08-21 13:45:27.238000,6630.0,6675.0,6600.0,6660.0,nan,6635.0,93807,3112963800.0,184574,6630.0,313,6625.0,125,nan,0,nan,0,nan,0,nan,0,nan,0,nan,0,nan,0,nan,0
1597988727149485056,1597988727744999936,2020-08-21 13:45:27.745000,6630.0,6675.0,6600.0,6660.0,nan,6635.0,93808,3112996950.0,184574,6630.0,312,6625.0,125,nan,0,nan,0,nan,0,nan,0,nan,0,nan,0,nan,0,nan,0
1597988727655840000,1597988728244000000,2020-08-21 13:45:28.244000,6625.0,6675.0,6600.0,6660.0,nan,6635.0,93810,3113063200.0,184574,6630.0,312,6625.0,124,nan,0,nan,0,nan,0,nan,0,nan,0,nan,0,nan,0,nan,0
1597988729178138112,1597988729740999936,2020-08-21 13:45:29.741000,6625.0,6675.0,6600.0,6660.0,nan,6635.0,93810,3113063200.0,184574,6630.0,313,6625.0,125,nan,0,nan,0,nan,0,nan,0,nan,0,nan,0,nan,0,nan,0
1597988730651900928,1597988731228000000,2020-08-21 13:45:31.228000,6625.0,6675.0,6600.0,6660.0,nan,6635.0,93810,3113063200.0,184574,6630.0,313,6625.0,146,nan,0,nan,0,nan,0,nan,0,nan,0,nan,0,nan,0,nan,0
1597988731669064960,1597988732242000128,2020-08-21 13:45:32.242000,6625.0,6675.0,6600.0,6660.0,nan,6635.0,93810,3113063200.0,184574,6630.0,313,6625.0,147,nan,0,nan,0,nan,0,nan,0,nan,0,nan,0,nan,0,nan,0
1597988732162469120,1597988732746000128,2020-08-21 13:45:32.746000,6625.0,6675.0,6600.0,6660.0,nan,6635.0,93814,3113195700.0,184574,6630.0,313,6625.0,143,nan,0,nan,0,nan,0,nan,0,nan,0,nan,0,nan,0,nan,0
1597988732652164096,1597988733246000128,2020-08-21 13:45:33.246000,6625.0,6675.0,6600.0,6660.0,nan,6635.0,93815,3113228825.0,184575,6630.0,313,6625.0,142,nan,0,nan,0,nan,0,nan,0,nan,0,nan,0,nan,0,nan,0
1597988733686027008,1597988734239000064,2020-08-21 13:45:34.239000,6625.0,6675.0,6600.0,6660.0,nan,6635.0,93815,3113228825.0,184575,6630.0,313,6625.0,144,nan,0,nan,0,nan,0,nan,0,nan,0,nan,0,nan,0,nan,0
1597988734654185984,1597988735246000128,2020-08-21 13:45:35.246000,6625.0,6675.0,6600.0,6660.0,nan,6635.0,93817,3113295075.0,184575,6630.0,313,6625.0,142,nan,0,nan,0,nan,0,nan,0,nan,0,nan,0,nan,0,nan,0
1597988737650042112,1597988738197999872,2020-08-21 13:45:38.198000,6625.0,6675.0,6600.0,6660.0,nan,6635.0,93818,3113328200.0,184575,6630.0,313,6625.0,141,nan,0,nan,0,nan,0,nan,0,nan,0,nan,0,nan,0,nan,0
1597988740145982976,1597988740733999872,2020-08-21 13:45:40.734000,6625.0,6675.0,6600.0,6660.0,nan,6635.0,93818,3113328200.0,184575,6630.0,313,6625.0,142,nan,0,nan,0,nan,0,nan,0,nan,0,nan,0,nan,0,nan,0
1597988741687728896,1597988742224000000,2020-08-21 13:45:42.224000,6625.0,6675.0,6600.0,6660.0,nan,6635.0,93818,3113328200.0,184575,6630.0,313,6625.0,144,nan,0,nan,0,nan,0,nan,0,nan,0,nan,0,nan,0,nan,0
1597988745662327040,1597988746244000000,2020-08-21 13:45:46.244000,6625.0,6675.0,6600.0,6660.0,nan,6635.0,93818,3113328200.0,184575,6630.0,313,6625.0,145,nan,0,nan,0,nan,0,nan,0,nan,0,nan,0,nan,0,nan,0
1597988746178617088,1597988746748000000,2020-08-21 13:45:46.748000,6625.0,6675.0,6600.0,6660.0,nan,6635.0,93820,3113394450.0,184577,6630.0,313,6625.0,143,nan,0,nan,0,nan,0,nan,0,nan,0,nan,0,nan,0,nan,0
1597988748643083008,1597988749247000064,2020-08-21 13:45:49.247000,6625.0,6675.0,6600.0,6660.0,nan,6635.0,93820,3113394450.0,184577,6630.0,309,6625.0,143,nan,0,nan,0,nan,0,nan,0,nan,0,nan,0,nan,0,nan,0
1597988750655537920,1597988751229000192,2020-08-21 13:45:51.229000,6630.0,6675.0,6600.0,6660.0,nan,6635.0,93822,3113460750.0,184577,6630.0,354,6625.0,190,nan,0,nan,0,nan,0,nan,0,nan,0,nan,0,nan,0,nan,0
1597988751175575040,1597988751712000000,2020-08-21 13:45:51.712000,6630.0,6675.0,6600.0,6660.0,nan,6635.0,93822,3113460750.0,184577,6630.0,358,6625.0,190,nan,0,nan,0,nan,0,nan,0,nan,0,nan,0,nan,0,nan,0
1597988752186662912,1597988752748000000,2020-08-21 13:45:52.748000,6625.0,6675.0,6600.0,6660.0,nan,6635.0,93858,3114653250.0,184560,6630.0,335,6625.0,107,nan,0,nan,0,nan,0,nan,0,nan,0,nan,0,nan,0,nan,0
1597988752693723904,1597988753236000000,2020-08-21 13:45:53.236000,6625.0,6675.0,6600.0,6660.0,nan,6635.0,93859,3114686375.0,184560,6630.0,335,6625.0,107,nan,0,nan,0,nan,0,nan,0,nan,0,nan,0,nan,0,nan,0
1597988753193910016,1597988753744999936,2020-08-21 13:45:53.745000,6625.0,6675.0,6600.0,6660.0,nan,6635.0,93859,3114686375.0,184560,6630.0,335,6625.0,109,nan,0,nan,0,nan,0,nan,0,nan,0,nan,0,nan,0,nan,0
1597988753696622080,1597988754243000064,2020-08-21 13:45:54.243000,6625.0,6675.0,6600.0,6660.0,nan,6635.0,93859,3114686375.0,184560,6630.0,335,6625.0,111,nan,0,nan,0,nan,0,nan,0,nan,0,nan,0,nan,0,nan,0
1597988756156886016,1597988756740999936,2020-08-21 13:45:56.741000,6625.0,6675.0,6600.0,6660.0,nan,6635.0,93859,3114686375.0,184560,6630.0,335,6625.0,112,nan,0,nan,0,nan,0,nan,0,nan,0,nan,0,nan,0,nan,0
1597988759185710080,1597988759746000128,2020-08-21 13:45:59.746000,6625.0,6675.0,6600.0,6660.0,nan,6635.0,93859,3114686375.0,184560,6630.0,336,6625.0,112,nan,0,nan,0,nan,0,nan,0,nan,0,nan,0,nan,0,nan,0
1597988760688733952,1597988761232999936,2020-08-21 13:46:01.233000,6625.0,6675.0,6600.0,6660.0,nan,6635.0,93859,3114686375.0,184560,6630.0,360,6625.0,112,nan,0,nan,0,nan,0,nan,0,nan,0,nan,0,nan,0,nan,0
1597988761183953920,1597988761736999936,2020-08-21 13:46:01.737000,6625.0,6675.0,6600.0,6660.0,nan,6635.0,93859,3114686375.0,184560,6630.0,360,6625.0,111,nan,0,nan,0,nan,0,nan,0,nan,0,nan,0,nan,0,nan,0
1597988762159787008,1597988762744999936,2020-08-21 13:46:02.745000,6630.0,6675.0,6600.0,6660.0,nan,6635.0,93860,3114719525.0,184560,6630.0,359,6625.0,111,nan,0,nan,0,nan,0,nan,0,nan,0,nan,0,nan,0,nan,0
1597988762655749120,1597988763236999936,2020-08-21 13:46:03.237000,6630.0,6675.0,6600.0,6660.0,nan,6635.0,93860,3114719525.0,184560,6630.0,336,6625.0,115,nan,0,nan,0,nan,0,nan,0,nan,0,nan,0,nan,0,nan,0
1597988763177794048,1597988763742000128,2020-08-21 13:46:03.742000,6625.0,6675.0,6600.0,6660.0,nan,6635.0,93862,3114785775.0,184561,6630.0,336,6625.0,116,nan,0,nan,0,nan,0,nan,0,nan,0,nan,0,nan,0,nan,0
1597988763662667008,1597988764244000000,2020-08-21 13:46:04.244000,6630.0,6675.0,6600.0,6660.0,nan,6635.0,93863,3114818925.0,184561,6630.0,359,6625.0,116,nan,0,nan,0,nan,0,nan,0,nan,0,nan,0,nan,0,nan,0
1597988764656119040,1597988765242000128,2020-08-21 13:46:05.242000,6630.0,6675.0,6600.0,6660.0,nan,6635.0,93863,3114818925.0,184561,6630.0,351,6625.0,116,nan,0,nan,0,nan,0,nan,0,nan,0,nan,0,nan,0,nan,0
1597988765156012032,1597988765744999936,2020-08-21 13:46:05.745000,6630.0,6675.0,6600.0,6660.0,nan,6635.0,93863,3114818925.0,184561,6630.0,336,6625.0,116,nan,0,nan,0,nan,0,nan,0,nan,0,nan,0,nan,0,nan,0
1597988767688547072,1597988768244999936,2020-08-21 13:46:08.245000,6630.0,6675.0,6600.0,6660.0,nan,6635.0,93863,3114818925.0,184561,6630.0,336,6625.0,117,nan,0,nan,0,nan,0,nan,0,nan,0,nan,0,nan,0,nan,0
1597988768154662912,1597988768720000000,2020-08-21 13:46:08.720000,6625.0,6675.0,6600.0,6660.0,nan,6635.0,93865,3114885175.0,184561,6630.0,336,6625.0,120,nan,0,nan,0,nan,0,nan,0,nan,0,nan,0,nan,0,nan,0
1597988770171823104,1597988770744999936,2020-08-21 13:46:10.745000,6625.0,6675.0,6600.0,6660.0,nan,6635.0,93865,3114885175.0,184561,6630.0,337,6625.0,120,nan,0,nan,0,nan,0,nan,0,nan,0,nan,0,nan,0,nan,0
1597988770658106880,1597988771242000128,2020-08-21 13:46:11.242000,6625.0,6675.0,6600.0,6660.0,nan,6635.0,93865,3114885175.0,184561,6630.0,338,6625.0,120,nan,0,nan,0,nan,0,nan,0,nan,0,nan,0,nan,0,nan,0
1597988771196762880,1597988771746000128,2020-08-21 13:46:11.746000,6625.0,6675.0,6600.0,6660.0,nan,6635.0,93865,3114885175.0,184561,6630.0,338,6625.0,122,nan,0,nan,0,nan,0,nan,0,nan,0,nan,0,nan,0,nan,0
1597988771655675904,1597988772247000064,2020-08-21 13:46:12.247000,6625.0,6675.0,6600.0,6660.0,nan,6635.0,93866,3114918300.0,184562,6630.0,338,6625.0,121,nan,0,nan,0,nan,0,nan,0,nan,0,nan,0,nan,0,nan,0
1597988774703237888,1597988775246000128,2020-08-21 13:46:15.246000,6625.0,6675.0,6600.0,6660.0,nan,6635.0,93866,3114918300.0,184562,6630.0,339,6625.0,121,nan,0,nan,0,nan,0,nan,0,nan,0,nan,0,nan,0,nan,0
1597988775213381888,1597988775748000000,2020-08-21 13:46:15.748000,6625.0,6675.0,6600.0,6660.0,nan,6635.0,93992,3119092050.0,184551,6625.0,117,6620.0,251,nan,0,nan,0,nan,0,nan,0,nan,0,nan,0,nan,0,nan,0
1597988775734814976,1597988776247000064,2020-08-21 13:46:16.247000,6625.0,6675.0,6600.0,6660.0,nan,6635.0,93993,3119125175.0,184551,6625.0,141,6620.0,251,nan,0,nan,0,nan,0,nan,0,nan,0,nan,0,nan,0,nan,0
1597988776217922048,1597988776744000000,2020-08-21 13:46:16.744000,6625.0,6675.0,6600.0,6660.0,nan,6635.0,93993,3119125175.0,184551,6625.0,142,6620.0,252,nan,0,nan,0,nan,0,nan,0,nan,0,nan,0,nan,0,nan,0
1597988777697165056,1597988778237999872,2020-08-21 13:46:18.238000,6620.0,6675.0,6600.0,6660.0,nan,6635.0,93995,3119191375.0,184553,6625.0,142,6620.0,251,nan,0,nan,0,nan,0,nan,0,nan,0,nan,0,nan,0,nan,0
1597988780650748928,1597988781248000000,2020-08-21 13:46:21.248000,6620.0,6675.0,6600.0,6660.0,nan,6635.0,93995,3119191375.0,184553,6625.0,146,6620.0,245,nan,0,nan,0,nan,0,nan,0,nan,0,nan,0,nan,0,nan,0
1597988781163326976,1597988781687000064,2020-08-21 13:46:21.687000,6620.0,6675.0,6600.0,6660.0,nan,6635.0,93995,3119191375.0,184553,6625.0,147,6620.0,245,nan,0,nan,0,nan,0,nan,0,nan,0,nan,0,nan,0,nan,0
1597988784664098048,1597988785233999872,2020-08-21 13:46:25.234000,6620.0,6675.0,6600.0,6660.0,nan,6635.0,93995,3119191375.0,184553,6625.0,148,6620.0,246,nan,0,nan,0,nan,0,nan,0,nan,0,nan,0,nan,0,nan,0
1597988785152755968,1597988785734999808,2020-08-21 13:46:25.735000,6620.0,6675.0,6600.0,6660.0,nan,6635.0,93995,3119191375.0,184553,6625.0,150,6620.0,246,nan,0,nan,0,nan,0,nan,0,nan,0,nan,0,nan,0,nan,0
1597988785701817088,1597988786248000000,2020-08-21 13:46:26.248000,6620.0,6675.0,6600.0,6660.0,nan,6635.0,93995,3119191375.0,184553,6625.0,154,6620.0,256,nan,0,nan,0,nan,0,nan,0,nan,0,nan,0,nan,0,nan,0
1597988786158782976,1597988786730000128,2020-08-21 13:46:26.730000,6620.0,6675.0,6600.0,6660.0,nan,6635.0,93997,3119257575.0,184555,6625.0,163,6620.0,254,nan,0,nan,0,nan,0,nan,0,nan,0,nan,0,nan,0,nan,0
1597988786650593024,1597988787232999936,2020-08-21 13:46:27.233000,6620.0,6675.0,6600.0,6660.0,nan,6635.0,93997,3119257575.0,184555,6625.0,164,6620.0,253,nan,0,nan,0,nan,0,nan,0,nan,0,nan,0,nan,0,nan,0
1597988787151110912,1597988787739000064,2020-08-21 13:46:27.739000,6620.0,6675.0,6600.0,6660.0,nan,6635.0,93997,3119257575.0,184555,6625.0,165,6620.0,253,nan,0,nan,0,nan,0,nan,0,nan,0,nan,0,nan,0,nan,0
1597988789182279936,1597988789740999936,2020-08-21 13:46:29.741000,6620.0,6675.0,6600.0,6660.0,nan,6635.0,93997,3119257575.0,184555,6625.0,165,6620.0,254,nan,0,nan,0,nan,0,nan,0,nan,0,nan,0,nan,0,nan,0
1597988791170477056,1597988791744000000,2020-08-21 13:46:31.744000,6620.0,6675.0,6600.0,6660.0,nan,6635.0,93997,3119257575.0,184555,6625.0,165,6620.0,253,nan,0,nan,0,nan,0,nan,0,nan,0,nan,0,nan,0,nan,0
1597988796154290944,1597988796744999936,2020-08-21 13:46:36.745000,6620.0,6675.0,6600.0,6660.0,nan,6635.0,93997,3119257575.0,184555,6625.0,166,6620.0,253,nan,0,nan,0,nan,0,nan,0,nan,0,nan,0,nan,0,nan,0
1597988796652368896,1597988797247000064,2020-08-21 13:46:37.247000,6620.0,6675.0,6600.0,6660.0,nan,6635.0,93999,3119323775.0,184557,6625.0,166,6620.0,251,nan,0,nan,0,nan,0,nan,0,nan,0,nan,0,nan,0,nan,0
1597988798151064064,1597988798744000000,2020-08-21 13:46:38.744000,6620.0,6675.0,6600.0,6660.0,nan,6635.0,93999,3119323775.0,184557,6625.0,171,6620.0,251,nan,0,nan,0,nan,0,nan,0,nan,0,nan,0,nan,0,nan,0
1597988798653808128,1597988799244000000,2020-08-21 13:46:39.244000,6620.0,6675.0,6600.0,6660.0,nan,6635.0,93999,3119323775.0,184557,6625.0,172,6620.0,251,nan,0,nan,0,nan,0,nan,0,nan,0,nan,0,nan,0,nan,0
1597988799682156032,1597988800242000128,2020-08-21 13:46:40.242000,6620.0,6675.0,6600.0,6660.0,nan,6635.0,93999,3119323775.0,184557,6625.0,173,6620.0,251,nan,0,nan,0,nan,0,nan,0,nan,0,nan,0,nan,0,nan,0
1597988800671886080,1597988801232999936,2020-08-21 13:46:41.233000,6620.0,6675.0,6600.0,6660.0,nan,6635.0,93999,3119323775.0,184557,6625.0,179,6620.0,251,nan,0,nan,0,nan,0,nan,0,nan,0,nan,0,nan,0,nan,0
1597988801667312896,1597988802237999872,2020-08-21 13:46:42.238000,6620.0,6675.0,6600.0,6660.0,nan,6635.0,93999,3119323775.0,184557,6625.0,179,6620.0,252,nan,0,nan,0,nan,0,nan,0,nan,0,nan,0,nan,0,nan,0
1597988802151365888,1597988802740000000,2020-08-21 13:46:42.740000,6620.0,6675.0,6600.0,6660.0,nan,6635.0,93999,3119323775.0,184557,6625.0,178,6620.0,252,nan,0,nan,0,nan,0,nan,0,nan,0,nan,0,nan,0,nan,0
1597988804682672128,1597988805247000064,2020-08-21 13:46:45.247000,6620.0,6675.0,6600.0,6660.0,nan,6635.0,94000,3119356875.0,184556,6625.0,178,6620.0,251,nan,0,nan,0,nan,0,nan,0,nan,0,nan,0,nan,0,nan,0
1597988805683623936,1597988806234999808,2020-08-21 13:46:46.235000,6620.0,6675.0,6600.0,6660.0,nan,6635.0,94000,3119356875.0,184556,6625.0,178,6620.0,254,nan,0,nan,0,nan,0,nan,0,nan,0,nan,0,nan,0,nan,0
1597988809154827008,1597988809743000064,2020-08-21 13:46:49.743000,6620.0,6675.0,6600.0,6660.0,nan,6635.0,94000,3119356875.0,184556,6625.0,177,6620.0,254,nan,0,nan,0,nan,0,nan,0,nan,0,nan,0,nan,0,nan,0
1597988809652286976,1597988810234999808,2020-08-21 13:46:50.235000,6620.0,6675.0,6600.0,6660.0,nan,6635.0,94003,3119456175.0,184556,6625.0,178,6620.0,251,nan,0,nan,0,nan,0,nan,0,nan,0,nan,0,nan,0,nan,0
1597988812651346944,1597988813246000128,2020-08-21 13:46:53.246000,6620.0,6675.0,6600.0,6660.0,nan,6635.0,94003,3119456175.0,184556,6625.0,178,6620.0,252,nan,0,nan,0,nan,0,nan,0,nan,0,nan,0,nan,0,nan,0
1597988814147932928,1597988814748000000,2020-08-21 13:46:54.748000,6620.0,6675.0,6600.0,6660.0,nan,6635.0,94003,3119456175.0,184556,6625.0,179,6620.0,255,nan,0,nan,0,nan,0,nan,0,nan,0,nan,0,nan,0,nan,0
1597988815143119104,1597988815749000192,2020-08-21 13:46:55.749000,6620.0,6675.0,6600.0,6660.0,nan,6635.0,94003,3119456175.0,184556,6625.0,180,6620.0,255,nan,0,nan,0,nan,0,nan,0,nan,0,nan,0,nan,0,nan,0
1597988815650305024,1597988816234999808,2020-08-21 13:46:56.235000,6620.0,6675.0,6600.0,6660.0,nan,6635.0,94003,3119456175.0,184556,6625.0,185,6620.0,255,nan,0,nan,0,nan,0,nan,0,nan,0,nan,0,nan,0,nan,0
1597988816150625024,1597988816748000000,2020-08-21 13:46:56.748000,6620.0,6675.0,6600.0,6660.0,nan,6635.0,94004,3119489275.0,184556,6625.0,185,6620.0,254,nan,0,nan,0,nan,0,nan,0,nan,0,nan,0,nan,0,nan,0
1597988818152114944,1597988818748000000,2020-08-21 13:46:58.748000,6625.0,6675.0,6600.0,6660.0,nan,6635.0,94007,3119588650.0,184553,6625.0,183,6620.0,254,nan,0,nan,0,nan,0,nan,0,nan,0,nan,0,nan,0,nan,0
1597988819208601088,1597988819746000128,2020-08-21 13:46:59.746000,6625.0,6675.0,6600.0,6660.0,nan,6635.0,94007,3119588650.0,184553,6625.0,203,6620.0,254,nan,0,nan,0,nan,0,nan,0,nan,0,nan,0,nan,0,nan,0
1597988819693582080,1597988820249000192,2020-08-21 13:47:00.249000,6620.0,6675.0,6600.0,6660.0,nan,6635.0,94009,3119654850.0,184551,6625.0,203,6620.0,252,nan,0,nan,0,nan,0,nan,0,nan,0,nan,0,nan,0,nan,0
1597988820196204032,1597988820740000000,2020-08-21 13:47:00.740000,6625.0,6675.0,6600.0,6660.0,nan,6635.0,94013,3119787275.0,184551,6625.0,203,6620.0,249,nan,0,nan,0,nan,0,nan,0,nan,0,nan,0,nan,0,nan,0
1597988822654577920,1597988823249000192,2020-08-21 13:47:03.249000,6625.0,6675.0,6600.0,6660.0,nan,6635.0,94013,3119787275.0,184551,6625.0,203,6620.0,250,nan,0,nan,0,nan,0,nan,0,nan,0,nan,0,nan,0,nan,0
1597988823160268032,1597988823746000128,2020-08-21 13:47:03.746000,6625.0,6675.0,6600.0,6660.0,nan,6635.0,94016,3119886650.0,184548,6625.0,200,6620.0,250,nan,0,nan,0,nan,0,nan,0,nan,0,nan,0,nan,0,nan,0
1597988824163235072,1597988824737999872,2020-08-21 13:47:04.738000,6625.0,6675.0,6600.0,6660.0,nan,6635.0,94016,3119886650.0,184548,6625.0,200,6620.0,258,nan,0,nan,0,nan,0,nan,0,nan,0,nan,0,nan,0,nan,0
1597988824651640064,1597988825242000128,2020-08-21 13:47:05.242000,6625.0,6675.0,6600.0,6660.0,nan,6635.0,94016,3119886650.0,184548,6625.0,200,6620.0,259,nan,0,nan,0,nan,0,nan,0,nan,0,nan,0,nan,0,nan,0
1597988831152839936,1597988831740000000,2020-08-21 13:47:11.740000,6625.0,6675.0,6600.0,6660.0,nan,6635.0,94016,3119886650.0,184548,6625.0,200,6620.0,265,nan,0,nan,0,nan,0,nan,0,nan,0,nan,0,nan,0,nan,0
1597988831671572992,1597988832208000000,2020-08-21 13:47:12.208000,6620.0,6675.0,6600.0,6660.0,nan,6635.0,94018,3119952850.0,184548,6625.0,200,6620.0,264,nan,0,nan,0,nan,0,nan,0,nan,0,nan,0,nan,0,nan,0
1597988832153426944,1597988832747000064,2020-08-21 13:47:12.747000,6620.0,6675.0,6600.0,6660.0,nan,6635.0,94018,3119952850.0,184548,6625.0,201,6620.0,264,nan,0,nan,0,nan,0,nan,0,nan,0,nan,0,nan,0,nan,0
1597988833153212928,1597988833749000192,2020-08-21 13:47:13.749000,6620.0,6675.0,6600.0,6660.0,nan,6635.0,94018,3119952850.0,184548,6625.0,201,6620.0,267,nan,0,nan,0,nan,0,nan,0,nan,0,nan,0,nan,0,nan,0
1597988834148672000,1597988834744999936,2020-08-21 13:47:14.745000,6620.0,6675.0,6600.0,6660.0,nan,6635.0,94018,3119952850.0,184548,6625.0,203,6620.0,267,nan,0,nan,0,nan,0,nan,0,nan,0,nan,0,nan,0,nan,0
1597988834656504064,1597988835243000064,2020-08-21 13:47:15.243000,6620.0,6675.0,6600.0,6660.0,nan,6635.0,94018,3119952850.0,184548,6625.0,204,6620.0,267,nan,0,nan,0,nan,0,nan,0,nan,0,nan,0,nan,0,nan,0
1597988837655761920,1597988838236000000,2020-08-21 13:47:18.236000,6620.0,6675.0,6600.0,6660.0,nan,6635.0,94018,3119952850.0,184548,6625.0,204,6620.0,268,nan,0,nan,0,nan,0,nan,0,nan,0,nan,0,nan,0,nan,0
1597988841387019008,1597988841748000000,2020-08-21 13:47:21.748000,6620.0,6675.0,6600.0,6660.0,nan,6635.0,94018,3119952850.0,184548,6625.0,206,6620.0,268,nan,0,nan,0,nan,0,nan,0,nan,0,nan,0,nan,0,nan,0
1597988841713793024,1597988842239000064,2020-08-21 13:47:22.239000,6620.0,6675.0,6600.0,6660.0,nan,6635.0,94019,3119985950.0,184548,6625.0,206,6620.0,267,nan,0,nan,0,nan,0,nan,0,nan,0,nan,0,nan,0,nan,0
1597988843645606912,1597988844244000000,2020-08-21 13:47:24.244000,6620.0,6675.0,6600.0,6660.0,nan,6635.0,94019,3119985950.0,184548,6625.0,206,6620.0,266,nan,0,nan,0,nan,0,nan,0,nan,0,nan,0,nan,0,nan,0
1597988846158257920,1597988846732999936,2020-08-21 13:47:26.733000,6620.0,6675.0,6600.0,6660.0,nan,6635.0,94019,3119985950.0,184548,6625.0,206,6620.0,267,nan,0,nan,0,nan,0,nan,0,nan,0,nan,0,nan,0,nan,0
1597988846645157888,1597988847249000192,2020-08-21 13:47:27.249000,6620.0,6675.0,6600.0,6660.0,nan,6635.0,94019,3119985950.0,184548,6625.0,206,6620.0,268,nan,0,nan,0,nan,0,nan,0,nan,0,nan,0,nan,0,nan,0
1597988847152567040,1597988847732999936,2020-08-21 13:47:27.733000,6620.0,6675.0,6600.0,6660.0,nan,6635.0,94019,3119985950.0,184548,6625.0,211,6620.0,268,nan,0,nan,0,nan,0,nan,0,nan,0,nan,0,nan,0,nan,0
1597988847653942016,1597988848246000128,2020-08-21 13:47:28.246000,6620.0,6675.0,6600.0,6660.0,nan,6635.0,94025,3120184550.0,184542,6625.0,205,6620.0,262,nan,0,nan,0,nan,0,nan,0,nan,0,nan,0,nan,0,nan,0
1597988848644634112,1597988849244000000,2020-08-21 13:47:29.244000,6620.0,6675.0,6600.0,6660.0,nan,6635.0,94025,3120184550.0,184542,6625.0,210,6620.0,262,nan,0,nan,0,nan,0,nan,0,nan,0,nan,0,nan,0,nan,0
1597988851646213888,1597988852148999936,2020-08-21 13:47:32.149000,6620.0,6675.0,6600.0,6660.0,nan,6635.0,94030,3120350050.0,184542,6625.0,210,6620.0,257,nan,0,nan,0,nan,0,nan,0,nan,0,nan,0,nan,0,nan,0
1597988852152877056,1597988852744999936,2020-08-21 13:47:32.745000,6620.0,6675.0,6600.0,6660.0,nan,6635.0,94032,3120416250.0,184542,6625.0,210,6620.0,255,nan,0,nan,0,nan,0,nan,0,nan,0,nan,0,nan,0,nan,0
1597988852652328960,1597988853248000000,2020-08-21 13:47:33.248000,6620.0,6675.0,6600.0,6660.0,nan,6635.0,94032,3120416250.0,184542,6625.0,211,6620.0,255,nan,0,nan,0,nan,0,nan,0,nan,0,nan,0,nan,0,nan,0
1597988853648929024,1597988854232000000,2020-08-21 13:47:34.232000,6620.0,6675.0,6600.0,6660.0,nan,6635.0,94033,3120449350.0,184541,6625.0,211,6620.0,254,nan,0,nan,0,nan,0,nan,0,nan,0,nan,0,nan,0,nan,0
1597988856653227008,1597988857240999936,2020-08-21 13:47:37.241000,6620.0,6675.0,6600.0,6660.0,nan,6635.0,94034,3120482450.0,184540,6625.0,211,6620.0,260,nan,0,nan,0,nan,0,nan,0,nan,0,nan,0,nan,0,nan,0
1597988858165788928,1597988858743000064,2020-08-21 13:47:38.743000,6620.0,6675.0,6600.0,6660.0,nan,6635.0,94035,3120515550.0,184539,6625.0,212,6620.0,259,nan,0,nan,0,nan,0,nan,0,nan,0,nan,0,nan,0,nan,0
1597988858655888896,1597988859243000064,2020-08-21 13:47:39.243000,6620.0,6675.0,6600.0,6660.0,nan,6635.0,94035,3120515550.0,184539,6625.0,213,6620.0,259,nan,0,nan,0,nan,0,nan,0,nan,0,nan,0,nan,0,nan,0
1597988859645762048,1597988860248000000,2020-08-21 13:47:40.248000,6620.0,6675.0,6600.0,6660.0,nan,6635.0,94035,3120515550.0,184539,6625.0,228,6620.0,259,nan,0,nan,0,nan,0,nan,0,nan,0,nan,0,nan,0,nan,0
1597988860150503936,1597988860729000192,2020-08-21 13:47:40.729000,6620.0,6675.0,6600.0,6660.0,nan,6635.0,94035,3120515550.0,184539,6625.0,229,6620.0,259,nan,0,nan,0,nan,0,nan,0,nan,0,nan,0,nan,0,nan,0
1597988862663653888,1597988863244000000,2020-08-21 13:47:43.244000,6620.0,6675.0,6600.0,6660.0,nan,6635.0,94035,3120515550.0,184539,6625.0,230,6620.0,262,nan,0,nan,0,nan,0,nan,0,nan,0,nan,0,nan,0,nan,0
1597988865646944000,1597988866204000000,2020-08-21 13:47:46.204000,6620.0,6675.0,6600.0,6660.0,nan,6635.0,94035,3120515550.0,184539,6625.0,230,6620.0,264,nan,0,nan,0,nan,0,nan,0,nan,0,nan,0,nan,0,nan,0
1597988866208527104,1597988866734999808,2020-08-21 13:47:46.735000,6620.0,6675.0,6600.0,6660.0,nan,6635.0,94035,3120515550.0,184539,6625.0,230,6620.0,265,nan,0,nan,0,nan,0,nan,0,nan,0,nan,0,nan,0,nan,0
1597988872656513024,1597988873207000064,2020-08-21 13:47:53.207000,6620.0,6675.0,6600.0,6660.0,nan,6635.0,94035,3120515550.0,184539,6625.0,230,6620.0,266,nan,0,nan,0,nan,0,nan,0,nan,0,nan,0,nan,0,nan,0
1597988874705143040,1597988875229000192,2020-08-21 13:47:55.229000,6625.0,6675.0,6600.0,6660.0,nan,6635.0,94038,3120614925.0,184536,6625.0,227,6620.0,266,nan,0,nan,0,nan,0,nan,0,nan,0,nan,0,nan,0,nan,0
1597988877643494912,1597988878231000064,2020-08-21 13:47:58.231000,6625.0,6675.0,6600.0,6660.0,nan,6635.0,94038,3120614925.0,184536,6625.0,228,6620.0,266,nan,0,nan,0,nan,0,nan,0,nan,0,nan,0,nan,0,nan,0
1597988878151833088,1597988878736000000,2020-08-21 13:47:58.736000,6625.0,6675.0,6600.0,6660.0,nan,6635.0,94038,3120614925.0,184536,6625.0,227,6620.0,266,nan,0,nan,0,nan,0,nan,0,nan,0,nan,0,nan,0,nan,0
1597988878642075904,1597988879194000128,2020-08-21 13:47:59.194000,6625.0,6675.0,6600.0,6660.0,nan,6635.0,94038,3120614925.0,184536,6625.0,226,6620.0,266,nan,0,nan,0,nan,0,nan,0,nan,0,nan,0,nan,0,nan,0
1597988880154290944,1597988880743000064,2020-08-21 13:48:00.743000,6625.0,6675.0,6600.0,6660.0,nan,6635.0,94038,3120614925.0,184536,6625.0,227,6620.0,254,nan,0,nan,0,nan,0,nan,0,nan,0,nan,0,nan,0,nan,0
1597988880657648896,1597988881246000128,2020-08-21 13:48:01.246000,6625.0,6675.0,6600.0,6660.0,nan,6635.0,94050,3121012425.0,184536,6625.0,222,6620.0,254,nan,0,nan,0,nan,0,nan,0,nan,0,nan,0,nan,0,nan,0
1597988881158665984,1597988881721999872,2020-08-21 13:48:01.722000,6620.0,6675.0,6600.0,6660.0,nan,6635.0,94051,3121045525.0,184535,6625.0,222,6620.0,253,nan,0,nan,0,nan,0,nan,0,nan,0,nan,0,nan,0,nan,0
1597988881661328896,1597988882243000064,2020-08-21 13:48:02.243000,6620.0,6675.0,6600.0,6660.0,nan,6635.0,94051,3121045525.0,184535,6625.0,223,6620.0,253,nan,0,nan,0,nan,0,nan,0,nan,0,nan,0,nan,0,nan,0
1597988882189319936,1597988882727000064,2020-08-21 13:48:02.727000,6620.0,6675.0,6600.0,6660.0,nan,6635.0,94051,3121045525.0,184535,6625.0,214,6620.0,254,nan,0,nan,0,nan,0,nan,0,nan,0,nan,0,nan,0,nan,0
1597988882657705984,1597988883233999872,2020-08-21 13:48:03.234000,6620.0,6675.0,6600.0,6660.0,nan,6635.0,94051,3121045525.0,184535,6625.0,213,6620.0,254,nan,0,nan,0,nan,0,nan,0,nan,0,nan,0,nan,0,nan,0
1597988883167457024,1597988883740999936,2020-08-21 13:48:03.741000,6620.0,6675.0,6600.0,6660.0,nan,6635.0,94051,3121045525.0,184535,6625.0,212,6620.0,254,nan,0,nan,0,nan,0,nan,0,nan,0,nan,0,nan,0,nan,0
1597988883656257024,1597988884224000000,2020-08-21 13:48:04.224000,6620.0,6675.0,6600.0,6660.0,nan,6635.0,94051,3121045525.0,184535,6625.0,210,6620.0,254,nan,0,nan,0,nan,0,nan,0,nan,0,nan,0,nan,0,nan,0
1597988884154818048,1597988884731000064,2020-08-21 13:48:04.731000,6620.0,6675.0,6600.0,6660.0,nan,6635.0,94051,3121045525.0,184535,6625.0,208,6620.0,256,nan,0,nan,0,nan,0,nan,0,nan,0,nan,0,nan,0,nan,0
1597988890716508928,1597988891233999872,2020-08-21 13:48:11.234000,6620.0,6675.0,6600.0,6660.0,nan,6635.0,94051,3121045525.0,184535,6625.0,208,6620.0,254,nan,0,nan,0,nan,0,nan,0,nan,0,nan,0,nan,0,nan,0
1597988893150564096,1597988893694000128,2020-08-21 13:48:13.694000,6620.0,6675.0,6600.0,6660.0,nan,6635.0,94052,3121078625.0,184534,6625.0,208,6620.0,253,nan,0,nan,0,nan,0,nan,0,nan,0,nan,0,nan,0,nan,0
1597988893658386944,1597988894248000000,2020-08-21 13:48:14.248000,6620.0,6675.0,6600.0,6660.0,nan,6635.0,94052,3121078625.0,184534,6625.0,208,6620.0,263,nan,0,nan,0,nan,0,nan,0,nan,0,nan,0,nan,0,nan,0
1597988901149292032,1597988901748000000,2020-08-21 13:48:21.748000,6620.0,6675.0,6600.0,6660.0,nan,6635.0,94053,3121111725.0,184534,6625.0,209,6620.0,262,nan,0,nan,0,nan,0,nan,0,nan,0,nan,0,nan,0,nan,0
1597988901656683008,1597988902248000000,2020-08-21 13:48:22.248000,6620.0,6675.0,6600.0,6660.0,nan,6635.0,94053,3121111725.0,184534,6625.0,212,6620.0,262,nan,0,nan,0,nan,0,nan,0,nan,0,nan,0,nan,0,nan,0
1597988902160676096,1597988902740000000,2020-08-21 13:48:22.740000,6620.0,6675.0,6600.0,6660.0,nan,6635.0,94053,3121111725.0,184534,6625.0,213,6620.0,262,nan,0,nan,0,nan,0,nan,0,nan,0,nan,0,nan,0,nan,0
1597988904158456064,1597988904733999872,2020-08-21 13:48:24.734000,6620.0,6675.0,6600.0,6660.0,nan,6635.0,94053,3121111725.0,184534,6625.0,214,6620.0,262,nan,0,nan,0,nan,0,nan,0,nan,0,nan,0,nan,0,nan,0
1597988910189046016,1597988910744999936,2020-08-21 13:48:30.745000,6620.0,6675.0,6600.0,6660.0,nan,6635.0,94053,3121111725.0,184534,6625.0,254,6620.0,261,nan,0,nan,0,nan,0,nan,0,nan,0,nan,0,nan,0,nan,0
1597988910658018048,1597988911244999936,2020-08-21 13:48:31.245000,6620.0,6675.0,6600.0,6660.0,nan,6635.0,94053,3121111725.0,184534,6625.0,253,6620.0,261,nan,0,nan,0,nan,0,nan,0,nan,0,nan,0,nan,0,nan,0
1597988911240137984,1597988911710000128,2020-08-21 13:48:31.710000,6620.0,6675.0,6600.0,6660.0,nan,6635.0,94055,3121177925.0,184534,6625.0,253,6620.0,259,nan,0,nan,0,nan,0,nan,0,nan,0,nan,0,nan,0,nan,0
1597988911660509952,1597988912242000128,2020-08-21 13:48:32.242000,6620.0,6675.0,6600.0,6660.0,nan,6635.0,94055,3121177925.0,184534,6625.0,253,6620.0,258,nan,0,nan,0,nan,0,nan,0,nan,0,nan,0,nan,0,nan,0
1597988912709549056,1597988913246000128,2020-08-21 13:48:33.246000,6620.0,6675.0,6600.0,6660.0,nan,6635.0,94063,3121442725.0,184534,6625.0,253,6620.0,251,nan,0,nan,0,nan,0,nan,0,nan,0,nan,0,nan,0,nan,0
1597988914648452096,1597988915248000000,2020-08-21 13:48:35.248000,6620.0,6675.0,6600.0,6660.0,nan,6635.0,94064,3121475850.0,184535,6625.0,252,6620.0,251,nan,0,nan,0,nan,0,nan,0,nan,0,nan,0,nan,0,nan,0
1597988916682765056,1597988917248000000,2020-08-21 13:48:37.248000,6620.0,6675.0,6600.0,6660.0,nan,6635.0,94064,3121475850.0,184535,6625.0,257,6620.0,251,nan,0,nan,0,nan,0,nan,0,nan,0,nan,0,nan,0,nan,0
1597988917156386048,1597988917748000000,2020-08-21 13:48:37.748000,6620.0,6675.0,6600.0,6660.0,nan,6635.0,94065,3121508950.0,184536,6625.0,257,6620.0,250,nan,0,nan,0,nan,0,nan,0,nan,0,nan,0,nan,0,nan,0
1597988917685399040,1597988918246000128,2020-08-21 13:48:38.246000,6620.0,6675.0,6600.0,6660.0,nan,6635.0,94065,3121508950.0,184536,6625.0,258,6620.0,250,nan,0,nan,0,nan,0,nan,0,nan,0,nan,0,nan,0,nan,0
1597988919650553088,1597988920243000064,2020-08-21 13:48:40.243000,6625.0,6675.0,6600.0,6660.0,nan,6635.0,94066,3121542075.0,184537,6625.0,258,6620.0,242,nan,0,nan,0,nan,0,nan,0,nan,0,nan,0,nan,0,nan,0
1597988921161921024,1597988921747000064,2020-08-21 13:48:41.747000,6625.0,6675.0,6600.0,6660.0,nan,6635.0,94066,3121542075.0,184537,6625.0,258,6620.0,241,nan,0,nan,0,nan,0,nan,0,nan,0,nan,0,nan,0,nan,0
1597988921677111040,1597988922231000064,2020-08-21 13:48:42.231000,6620.0,6675.0,6600.0,6660.0,nan,6635.0,94067,3121575175.0,184537,6625.0,258,6620.0,240,nan,0,nan,0,nan,0,nan,0,nan,0,nan,0,nan,0,nan,0
1597988922702188032,1597988923246000128,2020-08-21 13:48:43.246000,6620.0,6675.0,6600.0,6660.0,nan,6635.0,94067,3121575175.0,184537,6625.0,258,6620.0,241,nan,0,nan,0,nan,0,nan,0,nan,0,nan,0,nan,0,nan,0
1597988929179334912,1597988929742000128,2020-08-21 13:48:49.742000,6625.0,6675.0,6600.0,6660.0,nan,6635.0,94068,3121608300.0,184538,6625.0,257,6620.0,241,nan,0,nan,0,nan,0,nan,0,nan,0,nan,0,nan,0,nan,0
1597988930650302976,1597988931240999936,2020-08-21 13:48:51.241000,6620.0,6675.0,6600.0,6660.0,nan,6635.0,94072,3121740700.0,184539,6625.0,257,6620.0,237,nan,0,nan,0,nan,0,nan,0,nan,0,nan,0,nan,0,nan,0
1597988931151057920,1597988931733999872,2020-08-21 13:48:51.734000,6620.0,6675.0,6600.0,6660.0,nan,6635.0,94072,3121740700.0,184539,6625.0,257,6620.0,238,nan,0,nan,0,nan,0,nan,0,nan,0,nan,0,nan,0,nan,0
1597988932175011072,1597988932749000192,2020-08-21 13:48:52.749000,6620.0,6675.0,6600.0,6660.0,nan,6635.0,94072,3121740700.0,184539,6625.0,258,6620.0,238,nan,0,nan,0,nan,0,nan,0,nan,0,nan,0,nan,0,nan,0
1597988932657294080,1597988933237999872,2020-08-21 13:48:53.238000,6620.0,6675.0,6600.0,6660.0,nan,6635.0,94073,3121773800.0,184538,6625.0,258,6620.0,237,nan,0,nan,0,nan,0,nan,0,nan,0,nan,0,nan,0,nan,0
1597988934237360128,1597988934742000128,2020-08-21 13:48:54.742000,6625.0,6675.0,6600.0,6660.0,nan,6635.0,94074,3121806925.0,184539,6625.0,257,6620.0,237,nan,0,nan,0,nan,0,nan,0,nan,0,nan,0,nan,0,nan,0
1597988936639090944,1597988937231000064,2020-08-21 13:48:57.231000,6625.0,6675.0,6600.0,6660.0,nan,6635.0,94074,3121806925.0,184539,6625.0,257,6620.0,238,nan,0,nan,0,nan,0,nan,0,nan,0,nan,0,nan,0,nan,0
1597988937158241024,1597988937749000192,2020-08-21 13:48:57.749000,6620.0,6675.0,6600.0,6660.0,nan,6635.0,94075,3121840025.0,184539,6625.0,257,6620.0,237,nan,0,nan,0,nan,0,nan,0,nan,0,nan,0,nan,0,nan,0
