local_nano_time,quote_nano_time,datetime,last_price,highest,lowest,open,close,average,volume,amount,open_interest,ask_price1,ask_volume1,bid_price1,bid_volume1,ask_price2,ask_volume2,bid_price2,bid_volume2,ask_price3,ask_volume3,bid_price3,bid_volume3,ask_price4,ask_volume4,bid_price4,bid_volume4,ask_price5,ask_volume5,bid_price5,bid_volume5
1597988232724615936,1597988233224999936,2020-08-21 13:37:13.225000,1650.0,1674.0,1640.0,1656.0,nan,1656.0,66972,2218112640.0,50349,1650.0,57,1649.0,49,nan,0,nan,0,nan,0,nan,0,nan,0,nan,0,nan,0,nan,0
1597988233206693120,1597988233696999936,2020-08-21 13:37:13.697000,1649.0,1674.0,1640.0,1656.0,nan,1656.0,66974,2218178880.0,50349,1650.0,57,1649.0,47,nan,0,nan,0,nan,0,nan,0,nan,0,nan,0,nan,0,nan,0
1597988233720494080,1597988234216000000,2020-08-21 13:37:14.216000,1650.0,1674.0,1640.0,1656.0,nan,1656.0,66975,2218212000.0,50349,1650.0,56,1649.0,47,nan,0,nan,0,nan,0,nan,0,nan,0,nan,0,nan,0,nan,0
1597988236238025984,1597988236734999808,2020-08-21 13:37:16.735000,1650.0,1674.0,1640.0,1656.0,nan,1656.0,66975,2218212000.0,50349,1650.0,54,1649.0,47,nan,0,nan,0,nan,0,nan,0,nan,0,nan,0,nan,0,nan,0
1597988237731428096,1597988238211000064,2020-08-21 13:37:18.211000,1649.0,1674.0,1640.0,1656.0,nan,1656.0,66976,2218245120.0,50348,1650.0,53,1649.0,46,nan,0,nan,0,nan,0,nan,0,nan,0,nan,0,nan,0,nan,0
1597988238263653120,1597988238712000000,2020-08-21 13:37:18.712000,1650.0,1674.0,1640.0,1656.0,nan,1656.0,66983,2218476960.0,50347,1650.0,46,1649.0,47,nan,0,nan,0,nan,0,nan,0,nan,0,nan,0,nan,0,nan,0
1597988238739773952,1597988239240999936,2020-08-21 13:37:19.241000,1650.0,1674.0,1640.0,1656.0,nan,1656.0,66984,2218510080.0,50348,1650.0,47,1649.0,47,nan,0,nan,0,nan,0,nan,0,nan,0,nan,0,nan,0,nan,0
1597988239723556096,1597988240232999936,2020-08-21 13:37:20.233000,1649.0,1674.0,1640.0,1656.0,nan,1656.0,66986,2218576320.0,50347,1650.0,47,1649.0,45,nan,0,nan,0,nan,0,nan,0,nan,0,nan,0,nan,0,nan,0
1597988240258995968,1597988240720999936,2020-08-21 13:37:20.721000,1649.0,1674.0,1640.0,1656.0,nan,1656.0,66986,2218576320.0,50347,1650.0,50,1649.0,45,nan,0,nan,0,nan,0,nan,0,nan,0,nan,0,nan,0,nan,0
1597988240720625920,1597988241204000000,2020-08-21 13:37:21.204000,1649.0,1674.0,1640.0,1656.0,nan,1656.0,66986,2218576320.0,50347,1650.0,50,1649.0,39,nan,0,nan,0,nan,0,nan,0,nan,0,nan,0,nan,0,nan,0
1597988241230285056,1597988241731000064,2020-08-21 13:37:21.731000,1649.0,1674.0,1640.0,1656.0,nan,1656.0,66986,2218576320.0,50347,1650.0,51,1649.0,39,nan,0,nan,0,nan,0,nan,0,nan,0,nan,0,nan,0,nan,0
1597988242735358976,1597988243240000000,2020-08-21 13:37:23.240000,1650.0,1674.0,1640.0,1656.0,nan,1656.0,66987,2218609440.0,50347,1650.0,50,1649.0,39,nan,0,nan,0,nan,0,nan,0,nan,0,nan,0,nan,0,nan,0
1597988244748923904,1597988245219000064,2020-08-21 13:37:25.219000,1649.0,1674.0,1640.0,1656.0,nan,1656.0,66988,2218642560.0,50347,1650.0,50,1649.0,38,nan,0,nan,0,nan,0,nan,0,nan,0,nan,0,nan,0,nan,0
1597988245244651008,1597988245700000000,2020-08-21 13:37:25.700000,1650.0,1674.0,1640.0,1656.0,nan,1656.0,66989,2218675680.0,50348,1650.0,49,1649.0,48,nan,0,nan,0,nan,0,nan,0,nan,0,nan,0,nan,0,nan,0
1597988246273722880,1597988246723000064,2020-08-21 13:37:26.723000,1650.0,1674.0,1640.0,1656.0,nan,1656.0,66989,2218675680.0,50348,1650.0,51,1649.0,48,nan,0,nan,0,nan,0,nan,0,nan,0,nan,0,nan,0,nan,0
1597988246757182976,1597988247234999808,2020-08-21 13:37:27.235000,1650.0,1674.0,1640.0,1656.0,nan,1656.0,66992,2218775040.0,50348,1650.0,48,1649.0,48,nan,0,nan,0,nan,0,nan,0,nan,0,nan,0,nan,0,nan,0
1597988247228271104,1597988247742000128,2020-08-21 13:37:27.742000,1649.0,1674.0,1640.0,1656.0,nan,1656.0,66993,2218808160.0,50348,1650.0,48,1649.0,47,nan,0,nan,0,nan,0,nan,0,nan,0,nan,0,nan,0,nan,0
1597988247734556928,1597988248221999872,2020-08-21 13:37:28.222000,1649.0,1674.0,1640.0,1656.0,nan,1656.0,66993,2218808160.0,50348,1650.0,53,1649.0,47,nan,0,nan,0,nan,0,nan,0,nan,0,nan,0,nan,0,nan,0
1597988248254822912,1597988248727000064,2020-08-21 13:37:28.727000,1650.0,1674.0,1640.0,1656.0,nan,1656.0,66994,2218841280.0,50348,1650.0,52,1649.0,47,nan,0,nan,0,nan,0,nan,0,nan,0,nan,0,nan,0,nan,0
1597988250747909120,1597988251240000000,2020-08-21 13:37:31.240000,1650.0,1674.0,1640.0,1656.0,nan,1656.0,67031,2220066720.0,50358,1650.0,15,1649.0,47,nan,0,nan,0,nan,0,nan,0,nan,0,nan,0,nan,0,nan,0
1597988251215100928,1597988251737999872,2020-08-21 13:37:31.738000,1649.0,1674.0,1640.0,1656.0,nan,1656.0,67033,2220132960.0,50359,1650.0,14,1649.0,46,nan,0,nan,0,nan,0,nan,0,nan,0,nan,0,nan,0,nan,0
1597988251744324096,1597988252190000128,2020-08-21 13:37:32.190000,1650.0,1674.0,1640.0,1656.0,nan,1656.0,67034,2220166080.0,50359,1650.0,13,1649.0,46,nan,0,nan,0,nan,0,nan,0,nan,0,nan,0,nan,0,nan,0
1597988252232713984,1597988252742000128,2020-08-21 13:37:32.742000,1650.0,1674.0,1640.0,1656.0,nan,1656.0,67034,2220166080.0,50359,1650.0,14,1649.0,46,nan,0,nan,0,nan,0,nan,0,nan,0,nan,0,nan,0,nan,0
1597988256742775040,1597988257223000064,2020-08-21 13:37:37.223000,1649.0,1674.0,1640.0,1656.0,nan,1656.0,67036,2220232320.0,50359,1650.0,14,1649.0,45,nan,0,nan,0,nan,0,nan,0,nan,0,nan,0,nan,0,nan,0
1597988258230764032,1597988258734999808,2020-08-21 13:37:38.735000,1649.0,1674.0,1640.0,1656.0,nan,1656.0,67036,2220232320.0,50359,1650.0,15,1649.0,45,nan,0,nan,0,nan,0,nan,0,nan,0,nan,0,nan,0,nan,0
1597988258739140096,1597988259240000000,2020-08-21 13:37:39.240000,1650.0,1674.0,1640.0,1656.0,nan,1656.0,67050,2220696000.0,50364,1650.0,1,1649.0,45,nan,0,nan,0,nan,0,nan,0,nan,0,nan,0,nan,0,nan,0
1597988259238183936,1597988259724000000,2020-08-21 13:37:39.724000,1650.0,1674.0,1640.0,1656.0,nan,1656.0,67053,2220795360.0,50361,1651.0,110,1650.0,15,nan,0,nan,0,nan,0,nan,0,nan,0,nan,0,nan,0,nan,0
1597988259760872960,1597988260211000064,2020-08-21 13:37:40.211000,1651.0,1674.0,1640.0,1656.0,nan,1656.0,67058,2220960960.0,50361,1651.0,105,1650.0,16,nan,0,nan,0,nan,0,nan,0,nan,0,nan,0,nan,0,nan,0
1597988260739920896,1597988261242000128,2020-08-21 13:37:41.242000,1651.0,1674.0,1640.0,1656.0,nan,1656.0,67058,2220960960.0,50361,1651.0,105,1650.0,18,nan,0,nan,0,nan,0,nan,0,nan,0,nan,0,nan,0,nan,0
1597988261253675008,1597988261736000000,2020-08-21 13:37:41.736000,1651.0,1674.0,1640.0,1656.0,nan,1656.0,67058,2220960960.0,50361,1651.0,105,1650.0,19,nan,0,nan,0,nan,0,nan,0,nan,0,nan,0,nan,0,nan,0
1597988261727585024,1597988262239000064,2020-08-21 13:37:42.239000,1651.0,1674.0,1640.0,1656.0,nan,1656.0,67058,2220960960.0,50361,1651.0,105,1650.0,20,nan,0,nan,0,nan,0,nan,0,nan,0,nan,0,nan,0,nan,0
1597988263216218112,1597988263740999936,2020-08-21 13:37:43.741000,1651.0,1674.0,1640.0,1656.0,nan,1656.0,67058,2220960960.0,50361,1651.0,105,1650.0,21,nan,0,nan,0,nan,0,nan,0,nan,0,nan,0,nan,0,nan,0
1597988263728623104,1597988264236999936,2020-08-21 13:37:44.237000,1651.0,1674.0,1640.0,1656.0,nan,1656.0,67058,2220960960.0,50361,1651.0,105,1650.0,26,nan,0,nan,0,nan,0,nan,0,nan,0,nan,0,nan,0,nan,0
1597988264255809024,1597988264740999936,2020-08-21 13:37:44.741000,1651.0,1674.0,1640.0,1656.0,nan,1656.0,67058,2220960960.0,50361,1651.0,105,1650.0,27,nan,0,nan,0,nan,0,nan,0,nan,0,nan,0,nan,0,nan,0
1597988264732183040,1597988265232000000,2020-08-21 13:37:45.232000,1651.0,1674.0,1640.0,1656.0,nan,1656.0,67058,2220960960.0,50361,1651.0,105,1650.0,28,nan,0,nan,0,nan,0,nan,0,nan,0,nan,0,nan,0,nan,0
1597988265248457984,1597988265709000192,2020-08-21 13:37:45.709000,1651.0,1674.0,1640.0,1656.0,nan,1656.0,67063,2221126560.0,50362,1651.0,101,1650.0,28,nan,0,nan,0,nan,0,nan,0,nan,0,nan,0,nan,0,nan,0
1597988265747127040,1597988266236000000,2020-08-21 13:37:46.236000,1651.0,1674.0,1640.0,1656.0,nan,1656.0,67068,2221292160.0,50365,1651.0,96,1650.0,28,nan,0,nan,0,nan,0,nan,0,nan,0,nan,0,nan,0,nan,0
1597988266219176960,1597988266729000192,2020-08-21 13:37:46.729000,1651.0,1674.0,1640.0,1656.0,nan,1656.0,67068,2221292160.0,50365,1651.0,96,1650.0,29,nan,0,nan,0,nan,0,nan,0,nan,0,nan,0,nan,0,nan,0
1597988266741321984,1597988267224000000,2020-08-21 13:37:47.224000,1651.0,1674.0,1640.0,1656.0,nan,1656.0,67069,2221325280.0,50365,1651.0,95,1650.0,33,nan,0,nan,0,nan,0,nan,0,nan,0,nan,0,nan,0,nan,0
1597988267737931008,1597988268177999872,2020-08-21 13:37:48.178000,1651.0,1674.0,1640.0,1656.0,nan,1656.0,67069,2221325280.0,50365,1651.0,95,1650.0,32,nan,0,nan,0,nan,0,nan,0,nan,0,nan,0,nan,0,nan,0
1597988268232048128,1597988268732999936,2020-08-21 13:37:48.733000,1651.0,1674.0,1640.0,1656.0,nan,1656.0,67069,2221325280.0,50365,1651.0,95,1650.0,30,nan,0,nan,0,nan,0,nan,0,nan,0,nan,0,nan,0,nan,0
1597988268748123904,1597988269240000000,2020-08-21 13:37:49.240000,1651.0,1674.0,1640.0,1656.0,nan,1656.0,67079,2221656480.0,50360,1651.0,90,1650.0,25,nan,0,nan,0,nan,0,nan,0,nan,0,nan,0,nan,0,nan,0
1597988271236324096,1597988271740000000,2020-08-21 13:37:51.740000,1651.0,1674.0,1640.0,1656.0,nan,1656.0,67090,2222020800.0,50353,1651.0,79,1650.0,25,nan,0,nan,0,nan,0,nan,0,nan,0,nan,0,nan,0,nan,0
1597988272749120000,1597988273233999872,2020-08-21 13:37:53.234000,1651.0,1674.0,1640.0,1656.0,nan,1656.0,67090,2222020800.0,50353,1651.0,79,1650.0,26,nan,0,nan,0,nan,0,nan,0,nan,0,nan,0,nan,0,nan,0
1597988274749232128,1597988275239000064,2020-08-21 13:37:55.239000,1651.0,1674.0,1640.0,1656.0,nan,1656.0,67090,2222020800.0,50353,1651.0,79,1650.0,27,nan,0,nan,0,nan,0,nan,0,nan,0,nan,0,nan,0,nan,0
1597988275232773120,1597988275727000064,2020-08-21 13:37:55.727000,1650.0,1674.0,1640.0,1656.0,nan,1656.0,67092,2222087040.0,50351,1651.0,79,1650.0,26,nan,0,nan,0,nan,0,nan,0,nan,0,nan,0,nan,0,nan,0
1597988276260727040,1597988276736999936,2020-08-21 13:37:56.737000,1651.0,1674.0,1640.0,1656.0,nan,1656.0,67093,2222120160.0,50350,1651.0,78,1650.0,26,nan,0,nan,0,nan,0,nan,0,nan,0,nan,0,nan,0,nan,0
1597988277275066112,1597988277706000128,2020-08-21 13:37:57.706000,1651.0,1674.0,1640.0,1656.0,nan,1656.0,67094,2222153280.0,50350,1651.0,77,1650.0,26,nan,0,nan,0,nan,0,nan,0,nan,0,nan,0,nan,0,nan,0
1597988278232741120,1597988278736000000,2020-08-21 13:37:58.736000,1651.0,1674.0,1640.0,1656.0,nan,1656.0,67094,2222153280.0,50350,1651.0,77,1650.0,30,nan,0,nan,0,nan,0,nan,0,nan,0,nan,0,nan,0,nan,0
1597988279254401024,1597988279720000000,2020-08-21 13:37:59.720000,1651.0,1674.0,1640.0,1656.0,nan,1656.0,67094,2222153280.0,50350,1651.0,77,1650.0,31,nan,0,nan,0,nan,0,nan,0,nan,0,nan,0,nan,0,nan,0
1597988279744819968,1597988280161999872,2020-08-21 13:38:00.162000,1651.0,1674.0,1640.0,1656.0,nan,1656.0,67094,2222153280.0,50350,1651.0,78,1650.0,31,nan,0,nan,0,nan,0,nan,0,nan,0,nan,0,nan,0,nan,0
1597988280248870912,1597988280742000128,2020-08-21 13:38:00.742000,1651.0,1674.0,1640.0,1656.0,nan,1656.0,67095,2222186400.0,50350,1651.0,85,1650.0,31,nan,0,nan,0,nan,0,nan,0,nan,0,nan,0,nan,0,nan,0
1597988280743464960,1597988281236999936,2020-08-21 13:38:01.237000,1651.0,1674.0,1640.0,1656.0,nan,1656.0,67095,2222186400.0,50350,1651.0,60,1650.0,31,nan,0,nan,0,nan,0,nan,0,nan,0,nan,0,nan,0,nan,0
1597988281223553024,1597988281742000128,2020-08-21 13:38:01.742000,1651.0,1674.0,1640.0,1656.0,nan,1656.0,67115,2222848800.0,50341,1651.0,40,1650.0,31,nan,0,nan,0,nan,0,nan,0,nan,0,nan,0,nan,0,nan,0
1597988281747401984,1597988282193000192,2020-08-21 13:38:02.193000,1651.0,1674.0,1640.0,1656.0,nan,1656.0,67115,2222848800.0,50341,1651.0,40,1650.0,39,nan,0,nan,0,nan,0,nan,0,nan,0,nan,0,nan,0,nan,0
1597988282238630912,1597988282712999936,2020-08-21 13:38:02.713000,1651.0,1674.0,1640.0,1656.0,nan,1656.0,67119,2222981280.0,50344,1651.0,36,1650.0,39,nan,0,nan,0,nan,0,nan,0,nan,0,nan,0,nan,0,nan,0
1597988283289443072,1597988283733999872,2020-08-21 13:38:03.734000,1651.0,1674.0,1640.0,1656.0,nan,1656.0,67140,2223676800.0,50354,1651.0,40,1650.0,19,nan,0,nan,0,nan,0,nan,0,nan,0,nan,0,nan,0,nan,0
1597988283758351104,1597988284237999872,2020-08-21 13:38:04.238000,1651.0,1674.0,1640.0,1656.0,nan,1656.0,67140,2223676800.0,50354,1651.0,40,1650.0,27,nan,0,nan,0,nan,0,nan,0,nan,0,nan,0,nan,0,nan,0
1597988284231674112,1597988284706000128,2020-08-21 13:38:04.706000,1651.0,1674.0,1640.0,1656.0,nan,1656.0,67140,2223676800.0,50354,1651.0,41,1650.0,27,nan,0,nan,0,nan,0,nan,0,nan,0,nan,0,nan,0,nan,0
1597988284742129920,1597988285234999808,2020-08-21 13:38:05.235000,1651.0,1674.0,1640.0,1656.0,nan,1656.0,67140,2223676800.0,50354,1651.0,41,1650.0,22,nan,0,nan,0,nan,0,nan,0,nan,0,nan,0,nan,0,nan,0
1597988285748418048,1597988286236999936,2020-08-21 13:38:06.237000,1651.0,1674.0,1640.0,1656.0,nan,1656.0,67142,2223743040.0,50352,1651.0,40,1650.0,21,nan,0,nan,0,nan,0,nan,0,nan,0,nan,0,nan,0,nan,0
1597988287225907968,1597988287739000064,2020-08-21 13:38:07.739000,1651.0,1674.0,1640.0,1656.0,nan,1656.0,67142,2223743040.0,50352,1651.0,40,1650.0,23,nan,0,nan,0,nan,0,nan,0,nan,0,nan,0,nan,0,nan,0
1597988287753369088,1597988288242000128,2020-08-21 13:38:08.242000,1651.0,1674.0,1640.0,1656.0,nan,1656.0,67150,2224008000.0,50344,1651.0,32,1650.0,23,nan,0,nan,0,nan,0,nan,0,nan,0,nan,0,nan,0,nan,0
1597988288257125120,1597988288730000128,2020-08-21 13:38:08.730000,1651.0,1674.0,1640.0,1656.0,nan,1656.0,67150,2224008000.0,50344,1651.0,32,1650.0,24,nan,0,nan,0,nan,0,nan,0,nan,0,nan,0,nan,0,nan,0
1597988292249049088,1597988292713999872,2020-08-21 13:38:12.714000,1651.0,1674.0,1640.0,1656.0,nan,1656.0,67151,2224041120.0,50344,1651.0,34,1650.0,28,nan,0,nan,0,nan,0,nan,0,nan,0,nan,0,nan,0,nan,0
1597988292755139072,1597988293236999936,2020-08-21 13:38:13.237000,1651.0,1674.0,1640.0,1656.0,nan,1656.0,67151,2224041120.0,50344,1651.0,34,1650.0,29,nan,0,nan,0,nan,0,nan,0,nan,0,nan,0,nan,0,nan,0
1597988293749359104,1597988294223000064,2020-08-21 13:38:14.223000,1651.0,1674.0,1640.0,1656.0,nan,1656.0,67156,2224206720.0,50344,1651.0,29,1650.0,29,nan,0,nan,0,nan,0,nan,0,nan,0,nan,0,nan,0,nan,0
1597988294748887040,1597988295240000000,2020-08-21 13:38:15.240000,1651.0,1674.0,1640.0,1656.0,nan,1656.0,67162,2224405440.0,50346,1651.0,23,1650.0,29,nan,0,nan,0,nan,0,nan,0,nan,0,nan,0,nan,0,nan,0
1597988295261946112,1597988295724999936,2020-08-21 13:38:15.725000,1651.0,1674.0,1640.0,1656.0,nan,1656.0,67163,2224438560.0,50345,1651.0,22,1650.0,29,nan,0,nan,0,nan,0,nan,0,nan,0,nan,0,nan,0,nan,0
1597988295759006976,1597988296236999936,2020-08-21 13:38:16.237000,1650.0,1674.0,1640.0,1656.0,nan,1656.0,67167,2224571040.0,50343,1651.0,22,1650.0,45,nan,0,nan,0,nan,0,nan,0,nan,0,nan,0,nan,0,nan,0
1597988296236059904,1597988296737999872,2020-08-21 13:38:16.738000,1651.0,1674.0,1640.0,1656.0,nan,1656.0,67174,2224802880.0,50339,1651.0,15,1650.0,45,nan,0,nan,0,nan,0,nan,0,nan,0,nan,0,nan,0,nan,0
1597988296751665920,1597988297220000000,2020-08-21 13:38:17.220000,1651.0,1674.0,1640.0,1656.0,nan,1656.0,67186,2225200320.0,50337,1651.0,5,1650.0,45,nan,0,nan,0,nan,0,nan,0,nan,0,nan,0,nan,0,nan,0
1597988297265876992,1597988297716000000,2020-08-21 13:38:17.716000,1650.0,1674.0,1640.0,1656.0,nan,1656.0,67187,2225233440.0,50338,1651.0,6,1650.0,44,nan,0,nan,0,nan,0,nan,0,nan,0,nan,0,nan,0,nan,0
1597988297751011072,1597988298234999808,2020-08-21 13:38:18.235000,1651.0,1674.0,1640.0,1656.0,nan,1656.0,67188,2225266560.0,50337,1651.0,5,1650.0,44,nan,0,nan,0,nan,0,nan,0,nan,0,nan,0,nan,0,nan,0
1597988298248984064,1597988298739000064,2020-08-21 13:38:18.739000,1651.0,1674.0,1640.0,1656.0,nan,1656.0,67194,2225465280.0,50335,1652.0,89,1651.0,14,nan,0,nan,0,nan,0,nan,0,nan,0,nan,0,nan,0,nan,0
1597988298763276032,1597988299232999936,2020-08-21 13:38:19.233000,1651.0,1674.0,1640.0,1656.0,nan,1656.0,67194,2225465280.0,50335,1652.0,89,1651.0,27,nan,0,nan,0,nan,0,nan,0,nan,0,nan,0,nan,0,nan,0
1597988299244604928,1597988299731000064,2020-08-21 13:38:19.731000,1651.0,1674.0,1640.0,1656.0,nan,1656.0,67197,2225564640.0,50333,1652.0,89,1651.0,24,nan,0,nan,0,nan,0,nan,0,nan,0,nan,0,nan,0,nan,0
1597988299758448128,1597988300231000064,2020-08-21 13:38:20.231000,1651.0,1674.0,1640.0,1656.0,nan,1656.0,67197,2225564640.0,50333,1652.0,89,1651.0,26,nan,0,nan,0,nan,0,nan,0,nan,0,nan,0,nan,0,nan,0
1597988301798703104,1597988301740999936,2020-08-21 13:38:21.741000,1651.0,1674.0,1640.0,1656.0,nan,1656.0,67203,2225763360.0,50327,1652.0,89,1651.0,14,nan,0,nan,0,nan,0,nan,0,nan,0,nan,0,nan,0,nan,0
1597988302046128896,1597988302231000064,2020-08-21 13:38:22.231000,1651.0,1674.0,1640.0,1656.0,nan,1656.0,67205,2225829600.0,50327,1652.0,91,1651.0,12,nan,0,nan,0,nan,0,nan,0,nan,0,nan,0,nan,0,nan,0
1597988302255158016,1597988302743000064,2020-08-21 13:38:22.743000,1652.0,1674.0,1640.0,1656.0,nan,1656.0,67206,2225862720.0,50328,1652.0,90,1651.0,12,nan,0,nan,0,nan,0,nan,0,nan,0,nan,0,nan,0,nan,0
1597988302761581056,1597988303228000000,2020-08-21 13:38:23.228000,1651.0,1674.0,1640.0,1656.0,nan,1656.0,67212,2226061440.0,50325,1652.0,85,1651.0,11,nan,0,nan,0,nan,0,nan,0,nan,0,nan,0,nan,0,nan,0
1597988303251725056,1597988303732000000,2020-08-21 13:38:23.732000,1651.0,1674.0,1640.0,1656.0,nan,1656.0,67214,2226127680.0,50324,1652.0,85,1651.0,9,nan,0,nan,0,nan,0,nan,0,nan,0,nan,0,nan,0,nan,0
1597988304273362944,1597988304743000064,2020-08-21 13:38:24.743000,1651.0,1674.0,1640.0,1656.0,nan,1656.0,67214,2226127680.0,50324,1652.0,87,1651.0,10,nan,0,nan,0,nan,0,nan,0,nan,0,nan,0,nan,0,nan,0
1597988304750801920,1597988305243000064,2020-08-21 13:38:25.243000,1651.0,1674.0,1640.0,1656.0,nan,1656.0,67217,2226227040.0,50327,1652.0,87,1651.0,7,nan,0,nan,0,nan,0,nan,0,nan,0,nan,0,nan,0,nan,0
1597988305233673984,1597988305742000128,2020-08-21 13:38:25.742000,1651.0,1674.0,1640.0,1656.0,nan,1656.0,67224,2226458880.0,50334,1651.0,7,1650.0,49,nan,0,nan,0,nan,0,nan,0,nan,0,nan,0,nan,0,nan,0
1597988306262477056,1597988306742000128,2020-08-21 13:38:26.742000,1650.0,1674.0,1640.0,1656.0,nan,1656.0,67231,2226690720.0,50341,1651.0,3,1650.0,46,nan,0,nan,0,nan,0,nan,0,nan,0,nan,0,nan,0,nan,0
1597988306753488896,1597988307209000192,2020-08-21 13:38:27.209000,1651.0,1674.0,1640.0,1656.0,nan,1656.0,67237,2226889440.0,50347,1651.0,7,1650.0,46,nan,0,nan,0,nan,0,nan,0,nan,0,nan,0,nan,0,nan,0
1597988307273992960,1597988307742000128,2020-08-21 13:38:27.742000,1651.0,1674.0,1640.0,1656.0,nan,1656.0,67239,2226955680.0,50349,1651.0,23,1650.0,46,nan,0,nan,0,nan,0,nan,0,nan,0,nan,0,nan,0,nan,0
1597988307768150016,1597988308243000064,2020-08-21 13:38:28.243000,1651.0,1674.0,1640.0,1656.0,nan,1656.0,67240,2226988800.0,50350,1651.0,22,1650.0,46,nan,0,nan,0,nan,0,nan,0,nan,0,nan,0,nan,0,nan,0
1597988308242979072,1597988308734999808,2020-08-21 13:38:28.735000,1651.0,1674.0,1640.0,1656.0,nan,1656.0,67241,2227021920.0,50351,1651.0,22,1650.0,46,nan,0,nan,0,nan,0,nan,0,nan,0,nan,0,nan,0,nan,0
1597988308754426112,1597988309229000192,2020-08-21 13:38:29.229000,1651.0,1674.0,1640.0,1656.0,nan,1656.0,67242,2227055040.0,50352,1651.0,21,1650.0,46,nan,0,nan,0,nan,0,nan,0,nan,0,nan,0,nan,0,nan,0
1597988309257925888,1597988309736000000,2020-08-21 13:38:29.736000,1651.0,1674.0,1640.0,1656.0,nan,1656.0,67242,2227055040.0,50352,1651.0,22,1650.0,47,nan,0,nan,0,nan,0,nan,0,nan,0,nan,0,nan,0,nan,0
1597988309951042048,1597988310227000064,2020-08-21 13:38:30.227000,1651.0,1674.0,1640.0,1656.0,nan,1656.0,67243,2227088160.0,50352,1651.0,21,1650.0,47,nan,0,nan,0,nan,0,nan,0,nan,0,nan,0,nan,0,nan,0
1597988310352036096,1597988310736999936,2020-08-21 13:38:30.737000,1651.0,1674.0,1640.0,1656.0,nan,1656.0,67244,2227121280.0,50353,1651.0,20,1650.0,47,nan,0,nan,0,nan,0,nan,0,nan,0,nan,0,nan,0,nan,0
1597988311261404928,1597988311724000000,2020-08-21 13:38:31.724000,1651.0,1674.0,1640.0,1656.0,nan,1656.0,67245,2227154400.0,50353,1651.0,19,1650.0,47,nan,0,nan,0,nan,0,nan,0,nan,0,nan,0,nan,0,nan,0
1597988312251794944,1597988312696000000,2020-08-21 13:38:32.696000,1651.0,1674.0,1640.0,1656.0,nan,1656.0,67245,2227154400.0,50353,1651.0,25,1650.0,47,nan,0,nan,0,nan,0,nan,0,nan,0,nan,0,nan,0,nan,0
1597988314244587008,1597988314734999808,2020-08-21 13:38:34.735000,1651.0,1674.0,1640.0,1656.0,nan,1656.0,67246,2227187520.0,50353,1651.0,24,1650.0,46,nan,0,nan,0,nan,0,nan,0,nan,0,nan,0,nan,0,nan,0
1597988315254298880,1597988315729000192,2020-08-21 13:38:35.729000,1650.0,1674.0,1640.0,1656.0,nan,1656.0,67250,2227320000.0,50353,1651.0,24,1650.0,42,nan,0,nan,0,nan,0,nan,0,nan,0,nan,0,nan,0,nan,0
1597988315772611072,1597988316223000064,2020-08-21 13:38:36.223000,1650.0,1674.0,1640.0,1656.0,nan,1656.0,67250,2227320000.0,50353,1651.0,24,1650.0,47,nan,0,nan,0,nan,0,nan,0,nan,0,nan,0,nan,0,nan,0
1597988316270075904,1597988316742000128,2020-08-21 13:38:36.742000,1650.0,1674.0,1640.0,1656.0,nan,1656.0,67251,2227353120.0,50354,1651.0,24,1650.0,46,nan,0,nan,0,nan,0,nan,0,nan,0,nan,0,nan,0,nan,0
1597988317279559936,1597988317716000000,2020-08-21 13:38:37.716000,1650.0,1674.0,1640.0,1656.0,nan,1656.0,67251,2227353120.0,50354,1651.0,23,1650.0,46,nan,0,nan,0,nan,0,nan,0,nan,0,nan,0,nan,0,nan,0
1597988317762095104,1597988318232000000,2020-08-21 13:38:38.232000,1650.0,1674.0,1640.0,1656.0,nan,1656.0,67251,2227353120.0,50354,1651.0,23,1650.0,26,nan,0,nan,0,nan,0,nan,0,nan,0,nan,0,nan,0,nan,0
1597988318258483968,1597988318716000000,2020-08-21 13:38:38.716000,1650.0,1674.0,1640.0,1656.0,nan,1656.0,67251,2227353120.0,50354,1651.0,37,1650.0,26,nan,0,nan,0,nan,0,nan,0,nan,0,nan,0,nan,0,nan,0
1597988318757371904,1597988319234999808,2020-08-21 13:38:39.235000,1650.0,1674.0,1640.0,1656.0,nan,1656.0,67251,2227353120.0,50354,1651.0,38,1650.0,26,nan,0,nan,0,nan,0,nan,0,nan,0,nan,0,nan,0,nan,0
1597988319271575040,1597988319726000128,2020-08-21 13:38:39.726000,1650.0,1674.0,1640.0,1656.0,nan,1656.0,67251,2227353120.0,50354,1651.0,39,1650.0,26,nan,0,nan,0,nan,0,nan,0,nan,0,nan,0,nan,0,nan,0
1597988319769243904,1597988320240999936,2020-08-21 13:38:40.241000,1651.0,1674.0,1640.0,1656.0,nan,1656.0,67252,2227386240.0,50354,1651.0,38,1650.0,29,nan,0,nan,0,nan,0,nan,0,nan,0,nan,0,nan,0,nan,0
1597988320247767040,1597988320740999936,2020-08-21 13:38:40.741000,1651.0,1674.0,1640.0,1656.0,nan,1656.0,67252,2227386240.0,50354,1651.0,39,1650.0,28,nan,0,nan,0,nan,0,nan,0,nan,0,nan,0,nan,0,nan,0
1597988320760497920,1597988321233999872,2020-08-21 13:38:41.234000,1651.0,1674.0,1640.0,1656.0,nan,1656.0,67252,2227386240.0,50354,1651.0,39,1650.0,27,nan,0,nan,0,nan,0,nan,0,nan,0,nan,0,nan,0,nan,0
1597988321251687936,1597988321743000064,2020-08-21 13:38:41.743000,1651.0,1674.0,1640.0,1656.0,nan,1656.0,67252,2227386240.0,50354,1651.0,39,1650.0,32,nan,0,nan,0,nan,0,nan,0,nan,0,nan,0,nan,0,nan,0
1597988321777268992,1597988322233999872,2020-08-21 13:38:42.234000,1651.0,1674.0,1640.0,1656.0,nan,1656.0,67257,2227551840.0,50354,1651.0,34,1650.0,32,nan,0,nan,0,nan,0,nan,0,nan,0,nan,0,nan,0,nan,0
1597988322269305088,1597988322726000128,2020-08-21 13:38:42.726000,1651.0,1674.0,1640.0,1656.0,nan,1656.0,67257,2227551840.0,50354,1651.0,35,1650.0,32,nan,0,nan,0,nan,0,nan,0,nan,0,nan,0,nan,0,nan,0
1597988323245204992,1597988323732999936,2020-08-21 13:38:43.733000,1650.0,1674.0,1640.0,1656.0,nan,1656.0,67258,2227584960.0,50355,1651.0,35,1650.0,31,nan,0,nan,0,nan,0,nan,0,nan,0,nan,0,nan,0,nan,0
1597988324266928896,1597988324729000192,2020-08-21 13:38:44.729000,1651.0,1674.0,1640.0,1656.0,nan,1656.0,67263,2227750560.0,50355,1651.0,30,1650.0,31,nan,0,nan,0,nan,0,nan,0,nan,0,nan,0,nan,0,nan,0
1597988325919620096,1597988326224000000,2020-08-21 13:38:46.224000,1651.0,1674.0,1640.0,1656.0,nan,1656.0,67268,2227916160.0,50350,1651.0,25,1650.0,31,nan,0,nan,0,nan,0,nan,0,nan,0,nan,0,nan,0,nan,0
1597988326798049024,1597988327224999936,2020-08-21 13:38:47.225000,1650.0,1674.0,1640.0,1656.0,nan,1656.0,67273,2228081760.0,50350,1651.0,21,1650.0,30,nan,0,nan,0,nan,0,nan,0,nan,0,nan,0,nan,0,nan,0
1597988327843030016,1597988328180000000,2020-08-21 13:38:48.180000,1651.0,1674.0,1640.0,1656.0,nan,1656.0,67277,2228214240.0,50351,1651.0,17,1650.0,30,nan,0,nan,0,nan,0,nan,0,nan,0,nan,0,nan,0,nan,0
1597988328440041984,1597988328732000000,2020-08-21 13:38:48.732000,1651.0,1674.0,1640.0,1656.0,nan,1656.0,67277,2228214240.0,50351,1651.0,4,1650.0,30,nan,0,nan,0,nan,0,nan,0,nan,0,nan,0,nan,0,nan,0
1597988329467422976,1597988329716999936,2020-08-21 13:38:49.717000,1651.0,1674.0,1640.0,1656.0,nan,1656.0,67281,2228346720.0,50353,1651.0,1,1650.0,30,nan,0,nan,0,nan,0,nan,0,nan,0,nan,0,nan,0,nan,0
1597988330349262080,1597988330712000000,2020-08-21 13:38:50.712000,1651.0,1674.0,1640.0,1656.0,nan,1656.0,67282,2228379840.0,50353,1652.0,87,1650.0,30,nan,0,nan,0,nan,0,nan,0,nan,0,nan,0,nan,0,nan,0
1597988330787102976,1597988331240000000,2020-08-21 13:38:51.240000,1651.0,1674.0,1640.0,1656.0,nan,1656.0,67288,2228578560.0,50353,1651.0,20,1650.0,30,nan,0,nan,0,nan,0,nan,0,nan,0,nan,0,nan,0,nan,0
1597988331262341120,1597988331743000064,2020-08-21 13:38:51.743000,1651.0,1674.0,1640.0,1656.0,nan,1656.0,67289,2228611680.0,50353,1651.0,22,1650.0,38,nan,0,nan,0,nan,0,nan,0,nan,0,nan,0,nan,0,nan,0
1597988332296541952,1597988332740999936,2020-08-21 13:38:52.741000,1651.0,1674.0,1640.0,1656.0,nan,1656.0,67289,2228611680.0,50353,1651.0,23,1650.0,38,nan,0,nan,0,nan,0,nan,0,nan,0,nan,0,nan,0,nan,0
1597988332773048064,1597988333239000064,2020-08-21 13:38:53.239000,1651.0,1674.0,1640.0,1656.0,nan,1656.0,67292,2228711040.0,50353,1651.0,20,1650.0,38,nan,0,nan,0,nan,0,nan,0,nan,0,nan,0,nan,0,nan,0
1597988333843136000,1597988334240999936,2020-08-21 13:38:54.241000,1651.0,1674.0,1640.0,1656.0,nan,1656.0,67292,2228711040.0,50353,1651.0,20,1650.0,48,nan,0,nan,0,nan,0,nan,0,nan,0,nan,0,nan,0,nan,0
1597988335255681024,1597988335736999936,2020-08-21 13:38:55.737000,1651.0,1674.0,1640.0,1656.0,nan,1656.0,67292,2228711040.0,50353,1651.0,20,1650.0,49,nan,0,nan,0,nan,0,nan,0,nan,0,nan,0,nan,0,nan,0
1597988335764267008,1597988336194000128,2020-08-21 13:38:56.194000,1651.0,1674.0,1640.0,1656.0,nan,1656.0,67298,2228909760.0,50353,1651.0,14,1650.0,49,nan,0,nan,0,nan,0,nan,0,nan,0,nan,0,nan,0,nan,0
1597988336839792128,1597988337237999872,2020-08-21 13:38:57.238000,1651.0,1674.0,1640.0,1656.0,nan,1656.0,67300,2228976000.0,50355,1651.0,12,1650.0,49,nan,0,nan,0,nan,0,nan,0,nan,0,nan,0,nan,0,nan,0
1597988337285312000,1597988337703000064,2020-08-21 13:38:57.703000,1651.0,1674.0,1640.0,1656.0,nan,1656.0,67308,2229240960.0,50355,1652.0,108,1651.0,2,nan,0,nan,0,nan,0,nan,0,nan,0,nan,0,nan,0,nan,0
1597988337945187072,1597988338239000064,2020-08-21 13:38:58.239000,1651.0,1674.0,1640.0,1656.0,nan,1656.0,67309,2229274080.0,50356,1652.0,107,1651.0,1,nan,0,nan,0,nan,0,nan,0,nan,0,nan,0,nan,0,nan,0
1597988338255644928,1597988338732000000,2020-08-21 13:38:58.732000,1652.0,1674.0,1640.0,1656.0,nan,1656.0,67315,2229472800.0,50355,1652.0,101,1651.0,1,nan,0,nan,0,nan,0,nan,0,nan,0,nan,0,nan,0,nan,0
1597988338783450880,1597988339243000064,2020-08-21 13:38:59.243000,1651.0,1674.0,1640.0,1656.0,nan,1656.0,67317,2229539040.0,50356,1652.0,101,1650.0,50,nan,0,nan,0,nan,0,nan,0,nan,0,nan,0,nan,0,nan,0
1597988339350212096,1597988339732000000,2020-08-21 13:38:59.732000,1652.0,1674.0,1640.0,1656.0,nan,1656.0,67320,2229638400.0,50354,1652.0,98,1650.0,50,nan,0,nan,0,nan,0,nan,0,nan,0,nan,0,nan,0,nan,0
1597988339773637888,1597988340240999936,2020-08-21 13:39:00.241000,1652.0,1674.0,1640.0,1656.0,nan,1656.0,67327,2229870240.0,50354,1652.0,67,1650.0,50,nan,0,nan,0,nan,0,nan,0,nan,0,nan,0,nan,0,nan,0
1597988340289434112,1597988340736999936,2020-08-21 13:39:00.737000,1652.0,1674.0,1640.0,1656.0,nan,1656.0,67327,2229870240.0,50354,1652.0,67,1651.0,14,nan,0,nan,0,nan,0,nan,0,nan,0,nan,0,nan,0,nan,0
1597988340831755008,1597988341237999872,2020-08-21 13:39:01.238000,1652.0,1674.0,1640.0,1656.0,nan,1656.0,67327,2229870240.0,50354,1652.0,67,1651.0,15,nan,0,nan,0,nan,0,nan,0,nan,0,nan,0,nan,0,nan,0
1597988341270360064,1597988341742000128,2020-08-21 13:39:01.742000,1652.0,1674.0,1640.0,1656.0,nan,1656.0,67329,2229936480.0,50353,1652.0,65,1651.0,15,nan,0,nan,0,nan,0,nan,0,nan,0,nan,0,nan,0,nan,0
1597988341858733056,1597988342244000000,2020-08-21 13:39:02.244000,1652.0,1674.0,1640.0,1656.0,nan,1656.0,67332,2230035840.0,50350,1652.0,62,1651.0,20,nan,0,nan,0,nan,0,nan,0,nan,0,nan,0,nan,0,nan,0
1597988342267748096,1597988342734999808,2020-08-21 13:39:02.735000,1652.0,1674.0,1640.0,1656.0,nan,1656.0,67332,2230035840.0,50350,1652.0,62,1651.0,22,nan,0,nan,0,nan,0,nan,0,nan,0,nan,0,nan,0,nan,0
1597988343281039104,1597988343740000000,2020-08-21 13:39:03.740000,1652.0,1674.0,1640.0,1656.0,nan,1656.0,67340,2230300800.0,50342,1652.0,61,1651.0,15,nan,0,nan,0,nan,0,nan,0,nan,0,nan,0,nan,0,nan,0
1597988343781608960,1597988344221999872,2020-08-21 13:39:04.222000,1652.0,1674.0,1640.0,1656.0,nan,1656.0,67340,2230300800.0,50342,1652.0,61,1651.0,16,nan,0,nan,0,nan,0,nan,0,nan,0,nan,0,nan,0,nan,0
1597988344255891968,1597988344743000064,2020-08-21 13:39:04.743000,1652.0,1674.0,1640.0,1656.0,nan,1656.0,67340,2230300800.0,50342,1652.0,61,1651.0,17,nan,0,nan,0,nan,0,nan,0,nan,0,nan,0,nan,0,nan,0
1597988347290366976,1597988347711000064,2020-08-21 13:39:07.711000,1652.0,1674.0,1640.0,1656.0,nan,1656.0,67341,2230333920.0,50342,1652.0,60,1651.0,17,nan,0,nan,0,nan,0,nan,0,nan,0,nan,0,nan,0,nan,0
1597988349275339008,1597988349740000000,2020-08-21 13:39:09.740000,1651.0,1674.0,1640.0,1656.0,nan,1656.0,67343,2230400160.0,50340,1652.0,60,1651.0,10,nan,0,nan,0,nan,0,nan,0,nan,0,nan,0,nan,0,nan,0
1597988350274718976,1597988350743000064,2020-08-21 13:39:10.743000,1651.0,1674.0,1640.0,1656.0,nan,1656.0,67343,2230400160.0,50340,1652.0,60,1651.0,16,nan,0,nan,0,nan,0,nan,0,nan,0,nan,0,nan,0,nan,0
1597988352299226112,1597988352734999808,2020-08-21 13:39:12.735000,1651.0,1674.0,1640.0,1656.0,nan,1656.0,67343,2230400160.0,50340,1652.0,60,1651.0,21,nan,0,nan,0,nan,0,nan,0,nan,0,nan,0,nan,0,nan,0
1597988352862000896,1597988353220999936,2020-08-21 13:39:13.221000,1652.0,1674.0,1640.0,1656.0,nan,1656.0,67348,2230565760.0,50340,1652.0,55,1651.0,21,nan,0,nan,0,nan,0,nan,0,nan,0,nan,0,nan,0,nan,0
1597988354772164096,1597988355237999872,2020-08-21 13:39:15.238000,1652.0,1674.0,1640.0,1656.0,nan,1656.0,67348,2230565760.0,50340,1652.0,55,1651.0,30,nan,0,nan,0,nan,0,nan,0,nan,0,nan,0,nan,0,nan,0
1597988356288360960,1597988356732999936,2020-08-21 13:39:16.733000,1652.0,1674.0,1640.0,1656.0,nan,1656.0,67349,2230598880.0,50340,1652.0,55,1651.0,30,nan,0,nan,0,nan,0,nan,0,nan,0,nan,0,nan,0,nan,0
1597988359266770944,1597988359740000000,2020-08-21 13:39:19.740000,1652.0,1674.0,1640.0,1656.0,nan,1656.0,67349,2230598880.0,50340,1652.0,59,1651.0,32,nan,0,nan,0,nan,0,nan,0,nan,0,nan,0,nan,0,nan,0
1597988359774866944,1597988360240000000,2020-08-21 13:39:20.240000,1652.0,1674.0,1640.0,1656.0,nan,1656.0,67349,2230598880.0,50340,1652.0,90,1651.0,32,nan,0,nan,0,nan,0,nan,0,nan,0,nan,0,nan,0,nan,0
1597988360266903040,1597988360740999936,2020-08-21 13:39:20.741000,1652.0,1674.0,1640.0,1656.0,nan,1656.0,67349,2230598880.0,50340,1652.0,91,1651.0,32,nan,0,nan,0,nan,0,nan,0,nan,0,nan,0,nan,0,nan,0
1597988361772966912,1597988362233999872,2020-08-21 13:39:22.234000,1652.0,1674.0,1640.0,1656.0,nan,1656.0,67350,2230632000.0,50340,1652.0,91,1651.0,32,nan,0,nan,0,nan,0,nan,0,nan,0,nan,0,nan,0,nan,0
1597988362262668032,1597988362736000000,2020-08-21 13:39:22.736000,1652.0,1674.0,1640.0,1656.0,nan,1656.0,67350,2230632000.0,50340,1652.0,92,1651.0,34,nan,0,nan,0,nan,0,nan,0,nan,0,nan,0,nan,0,nan,0
1597988363777950976,1597988364230000128,2020-08-21 13:39:24.230000,1652.0,1674.0,1640.0,1656.0,nan,1656.0,67350,2230632000.0,50340,1652.0,92,1651.0,35,nan,0,nan,0,nan,0,nan,0,nan,0,nan,0,nan,0,nan,0
1597988364272015104,1597988364740000000,2020-08-21 13:39:24.740000,1651.0,1674.0,1640.0,1656.0,nan,1656.0,67351,2230665120.0,50340,1652.0,92,1651.0,34,nan,0,nan,0,nan,0,nan,0,nan,0,nan,0,nan,0,nan,0
1597988364798881024,1597988365242000128,2020-08-21 13:39:25.242000,1652.0,1674.0,1640.0,1656.0,nan,1656.0,67361,2230996320.0,50346,1652.0,82,1651.0,34,nan,0,nan,0,nan,0,nan,0,nan,0,nan,0,nan,0,nan,0
1597988365781061888,1597988366243000064,2020-08-21 13:39:26.243000,1652.0,1674.0,1640.0,1656.0,nan,1656.0,67361,2230996320.0,50346,1652.0,83,1651.0,34,nan,0,nan,0,nan,0,nan,0,nan,0,nan,0,nan,0,nan,0
1597988366804858880,1597988367232000000,2020-08-21 13:39:27.232000,1652.0,1674.0,1640.0,1656.0,nan,1656.0,67361,2230996320.0,50346,1652.0,58,1651.0,34,nan,0,nan,0,nan,0,nan,0,nan,0,nan,0,nan,0,nan,0
1597988367277932032,1597988367731000064,2020-08-21 13:39:27.731000,1652.0,1674.0,1640.0,1656.0,nan,1656.0,67361,2230996320.0,50346,1652.0,59,1651.0,34,nan,0,nan,0,nan,0,nan,0,nan,0,nan,0,nan,0,nan,0
1597988369273112064,1597988369731000064,2020-08-21 13:39:29.731000,1652.0,1674.0,1640.0,1656.0,nan,1656.0,67362,2231029440.0,50346,1652.0,59,1651.0,34,nan,0,nan,0,nan,0,nan,0,nan,0,nan,0,nan,0,nan,0
1597988369791088128,1597988370196000000,2020-08-21 13:39:30.196000,1652.0,1674.0,1640.0,1656.0,nan,1656.0,67362,2231029440.0,50346,1652.0,59,1651.0,26,nan,0,nan,0,nan,0,nan,0,nan,0,nan,0,nan,0,nan,0
1597988370318974976,1597988370739000064,2020-08-21 13:39:30.739000,1652.0,1674.0,1640.0,1656.0,nan,1656.0,67363,2231062560.0,50347,1652.0,58,1651.0,26,nan,0,nan,0,nan,0,nan,0,nan,0,nan,0,nan,0,nan,0
1597988370783500032,1597988371223000064,2020-08-21 13:39:31.223000,1652.0,1674.0,1640.0,1656.0,nan,1656.0,67363,2231062560.0,50347,1652.0,59,1651.0,26,nan,0,nan,0,nan,0,nan,0,nan,0,nan,0,nan,0,nan,0
1597988371295328000,1597988371739000064,2020-08-21 13:39:31.739000,1652.0,1674.0,1640.0,1656.0,nan,1656.0,67364,2231095680.0,50346,1652.0,58,1651.0,26,nan,0,nan,0,nan,0,nan,0,nan,0,nan,0,nan,0,nan,0
1597988372822066944,1597988373240999936,2020-08-21 13:39:33.241000,1652.0,1674.0,1640.0,1656.0,nan,1656.0,67364,2231095680.0,50346,1652.0,63,1651.0,26,nan,0,nan,0,nan,0,nan,0,nan,0,nan,0,nan,0,nan,0
1597988373273033984,1597988373724999936,2020-08-21 13:39:33.725000,1652.0,1674.0,1640.0,1656.0,nan,1656.0,67364,2231095680.0,50346,1652.0,64,1651.0,26,nan,0,nan,0,nan,0,nan,0,nan,0,nan,0,nan,0,nan,0
1597988374343131904,1597988374736999936,2020-08-21 13:39:34.737000,1652.0,1674.0,1640.0,1656.0,nan,1656.0,67364,2231095680.0,50346,1652.0,64,1651.0,32,nan,0,nan,0,nan,0,nan,0,nan,0,nan,0,nan,0,nan,0
1597988375291618048,1597988375732000000,2020-08-21 13:39:35.732000,1652.0,1674.0,1640.0,1656.0,nan,1656.0,67365,2231128800.0,50346,1652.0,63,1651.0,32,nan,0,nan,0,nan,0,nan,0,nan,0,nan,0,nan,0,nan,0
1597988376284340992,1597988376744000000,2020-08-21 13:39:36.744000,1652.0,1674.0,1640.0,1656.0,nan,1656.0,67365,2231128800.0,50346,1652.0,63,1651.0,35,nan,0,nan,0,nan,0,nan,0,nan,0,nan,0,nan,0,nan,0
1597988376793668096,1597988377236999936,2020-08-21 13:39:37.237000,1652.0,1674.0,1640.0,1656.0,nan,1656.0,67367,2231195040.0,50347,1652.0,61,1651.0,34,nan,0,nan,0,nan,0,nan,0,nan,0,nan,0,nan,0,nan,0
1597988377786243072,1597988378224999936,2020-08-21 13:39:38.225000,1651.0,1674.0,1640.0,1656.0,nan,1656.0,67372,2231360640.0,50348,1652.0,57,1651.0,33,nan,0,nan,0,nan,0,nan,0,nan,0,nan,0,nan,0,nan,0
1597988378776935936,1597988379204999936,2020-08-21 13:39:39.205000,1652.0,1674.0,1640.0,1656.0,nan,1656.0,67375,2231460000.0,50348,1652.0,54,1651.0,33,nan,0,nan,0,nan,0,nan,0,nan,0,nan,0,nan,0,nan,0
1597988379284030976,1597988379720999936,2020-08-21 13:39:39.721000,1651.0,1674.0,1640.0,1656.0,nan,1656.0,67376,2231493120.0,50349,1652.0,54,1651.0,32,nan,0,nan,0,nan,0,nan,0,nan,0,nan,0,nan,0,nan,0
1597988380306324992,1597988380729000192,2020-08-21 13:39:40.729000,1652.0,1674.0,1640.0,1656.0,nan,1656.0,67379,2231592480.0,50349,1652.0,51,1651.0,32,nan,0,nan,0,nan,0,nan,0,nan,0,nan,0,nan,0,nan,0
1597988380783120896,1597988381234999808,2020-08-21 13:39:41.235000,1652.0,1674.0,1640.0,1656.0,nan,1656.0,67379,2231592480.0,50349,1652.0,51,1651.0,33,nan,0,nan,0,nan,0,nan,0,nan,0,nan,0,nan,0,nan,0
1597988381284121088,1597988381719000064,2020-08-21 13:39:41.719000,1652.0,1674.0,1640.0,1656.0,nan,1656.0,67383,2231724960.0,50350,1652.0,48,1651.0,32,nan,0,nan,0,nan,0,nan,0,nan,0,nan,0,nan,0,nan,0
1597988382779642112,1597988383234999808,2020-08-21 13:39:43.235000,1651.0,1674.0,1640.0,1656.0,nan,1656.0,67384,2231758080.0,50351,1652.0,48,1651.0,31,nan,0,nan,0,nan,0,nan,0,nan,0,nan,0,nan,0,nan,0
1597988383786761984,1597988384208000000,2020-08-21 13:39:44.208000,1651.0,1674.0,1640.0,1656.0,nan,1656.0,67384,2231758080.0,50351,1652.0,49,1651.0,31,nan,0,nan,0,nan,0,nan,0,nan,0,nan,0,nan,0,nan,0
1597988384278168064,1597988384744000000,2020-08-21 13:39:44.744000,1651.0,1674.0,1640.0,1656.0,nan,1656.0,67385,2231791200.0,50351,1652.0,49,1651.0,30,nan,0,nan,0,nan,0,nan,0,nan,0,nan,0,nan,0,nan,0
1597988384778181888,1597988385243000064,2020-08-21 13:39:45.243000,1651.0,1674.0,1640.0,1656.0,nan,1656.0,67387,2231857440.0,50351,1652.0,48,1651.0,29,nan,0,nan,0,nan,0,nan,0,nan,0,nan,0,nan,0,nan,0
1597988385288460032,1597988385733999872,2020-08-21 13:39:45.734000,1651.0,1674.0,1640.0,1656.0,nan,1656.0,67387,2231857440.0,50351,1652.0,48,1651.0,30,nan,0,nan,0,nan,0,nan,0,nan,0,nan,0,nan,0,nan,0
1597988385789840896,1597988386194000128,2020-08-21 13:39:46.194000,1651.0,1674.0,1640.0,1656.0,nan,1656.0,67387,2231857440.0,50351,1652.0,48,1651.0,34,nan,0,nan,0,nan,0,nan,0,nan,0,nan,0,nan,0,nan,0
1597988386276505088,1597988386704999936,2020-08-21 13:39:46.705000,1652.0,1674.0,1640.0,1656.0,nan,1656.0,67388,2231890560.0,50351,1652.0,48,1651.0,34,nan,0,nan,0,nan,0,nan,0,nan,0,nan,0,nan,0,nan,0
1597988386780290048,1597988387200999936,2020-08-21 13:39:47.201000,1652.0,1674.0,1640.0,1656.0,nan,1656.0,67389,2231923680.0,50351,1652.0,47,1651.0,34,nan,0,nan,0,nan,0,nan,0,nan,0,nan,0,nan,0,nan,0
1597988387272621056,1597988387728000000,2020-08-21 13:39:47.728000,1652.0,1674.0,1640.0,1656.0,nan,1656.0,67390,2231956800.0,50351,1652.0,46,1651.0,34,nan,0,nan,0,nan,0,nan,0,nan,0,nan,0,nan,0,nan,0
1597988388788933120,1597988389243000064,2020-08-21 13:39:49.243000,1652.0,1674.0,1640.0,1656.0,nan,1656.0,67390,2231956800.0,50351,1652.0,52,1651.0,34,nan,0,nan,0,nan,0,nan,0,nan,0,nan,0,nan,0,nan,0
1597988389782747904,1597988390240000000,2020-08-21 13:39:50.240000,1652.0,1674.0,1640.0,1656.0,nan,1656.0,67391,2231989920.0,50351,1652.0,51,1651.0,34,nan,0,nan,0,nan,0,nan,0,nan,0,nan,0,nan,0,nan,0
1597988390277419008,1597988390744000000,2020-08-21 13:39:50.744000,1652.0,1674.0,1640.0,1656.0,nan,1656.0,67395,2232122400.0,50347,1652.0,47,1651.0,35,nan,0,nan,0,nan,0,nan,0,nan,0,nan,0,nan,0,nan,0
1597988390793475072,1597988391240999936,2020-08-21 13:39:51.241000,1652.0,1674.0,1640.0,1656.0,nan,1656.0,67395,2232122400.0,50347,1652.0,48,1651.0,35,nan,0,nan,0,nan,0,nan,0,nan,0,nan,0,nan,0,nan,0
1597988391293805056,1597988391742000128,2020-08-21 13:39:51.742000,1652.0,1674.0,1640.0,1656.0,nan,1656.0,67399,2232254880.0,50348,1652.0,43,1651.0,35,nan,0,nan,0,nan,0,nan,0,nan,0,nan,0,nan,0,nan,0
1597988392788122112,1597988393233999872,2020-08-21 13:39:53.234000,1652.0,1674.0,1640.0,1656.0,nan,1656.0,67399,2232254880.0,50348,1652.0,44,1651.0,35,nan,0,nan,0,nan,0,nan,0,nan,0,nan,0,nan,0,nan,0
1597988393280805120,1597988393729000192,2020-08-21 13:39:53.729000,1652.0,1674.0,1640.0,1656.0,nan,1656.0,67399,2232254880.0,50348,1652.0,45,1651.0,35,nan,0,nan,0,nan,0,nan,0,nan,0,nan,0,nan,0,nan,0
1597988393785904128,1597988394243000064,2020-08-21 13:39:54.243000,1652.0,1674.0,1640.0,1656.0,nan,1656.0,67400,2232288000.0,50348,1652.0,44,1651.0,35,nan,0,nan,0,nan,0,nan,0,nan,0,nan,0,nan,0,nan,0
1597988394801265920,1597988395243000064,2020-08-21 13:39:55.243000,1652.0,1674.0,1640.0,1656.0,nan,1656.0,67403,2232387360.0,50351,1652.0,42,1651.0,34,nan,0,nan,0,nan,0,nan,0,nan,0,nan,0,nan,0,nan,0
1597988395307507968,1597988395743000064,2020-08-21 13:39:55.743000,1652.0,1674.0,1640.0,1656.0,nan,1656.0,67404,2232420480.0,50352,1652.0,41,1651.0,34,nan,0,nan,0,nan,0,nan,0,nan,0,nan,0,nan,0,nan,0
1597988395791351040,1597988396236000000,2020-08-21 13:39:56.236000,1652.0,1674.0,1640.0,1656.0,nan,1656.0,67404,2232420480.0,50352,1652.0,45,1651.0,34,nan,0,nan,0,nan,0,nan,0,nan,0,nan,0,nan,0,nan,0
1597988396295739904,1597988396729000192,2020-08-21 13:39:56.729000,1652.0,1674.0,1640.0,1656.0,nan,1656.0,67408,2232552960.0,50354,1652.0,41,1651.0,33,nan,0,nan,0,nan,0,nan,0,nan,0,nan,0,nan,0,nan,0
1597988396803819008,1597988397231000064,2020-08-21 13:39:57.231000,1652.0,1674.0,1640.0,1656.0,nan,1656.0,67409,2232586080.0,50353,1652.0,40,1651.0,38,nan,0,nan,0,nan,0,nan,0,nan,0,nan,0,nan,0,nan,0
1597988397326760960,1597988397743000064,2020-08-21 13:39:57.743000,1652.0,1674.0,1640.0,1656.0,nan,1656.0,67412,2232685440.0,50353,1652.0,41,1651.0,38,nan,0,nan,0,nan,0,nan,0,nan,0,nan,0,nan,0,nan,0
1597988397924337920,1597988398239000064,2020-08-21 13:39:58.239000,1652.0,1674.0,1640.0,1656.0,nan,1656.0,67413,2232718560.0,50353,1652.0,40,1651.0,39,nan,0,nan,0,nan,0,nan,0,nan,0,nan,0,nan,0,nan,0
1597988398298486016,1597988398740999936,2020-08-21 13:39:58.741000,1652.0,1674.0,1640.0,1656.0,nan,1656.0,67415,2232784800.0,50355,1652.0,37,1651.0,40,nan,0,nan,0,nan,0,nan,0,nan,0,nan,0,nan,0,nan,0
1597988398791191040,1597988399239000064,2020-08-21 13:39:59.239000,1652.0,1674.0,1640.0,1656.0,nan,1656.0,67417,2232851040.0,50357,1652.0,36,1651.0,40,nan,0,nan,0,nan,0,nan,0,nan,0,nan,0,nan,0,nan,0
1597988399287350016,1597988399743000064,2020-08-21 13:39:59.743000,1652.0,1674.0,1640.0,1656.0,nan,1656.0,67419,2232917280.0,50357,1652.0,34,1651.0,40,nan,0,nan,0,nan,0,nan,0,nan,0,nan,0,nan,0,nan,0
1597988399845255936,1597988400224000000,2020-08-21 13:40:00.224000,1652.0,1674.0,1640.0,1656.0,nan,1656.0,67420,2232950400.0,50357,1652.0,33,1651.0,39,nan,0,nan,0,nan,0,nan,0,nan,0,nan,0,nan,0,nan,0
1597988400285444096,1597988400744000000,2020-08-21 13:40:00.744000,1652.0,1674.0,1640.0,1656.0,nan,1656.0,67421,2232983520.0,50356,1652.0,33,1651.0,39,nan,0,nan,0,nan,0,nan,0,nan,0,nan,0,nan,0,nan,0
1597988400814816000,1597988401224999936,2020-08-21 13:40:01.225000,1652.0,1674.0,1640.0,1656.0,nan,1656.0,67421,2232983520.0,50356,1652.0,34,1651.0,39,nan,0,nan,0,nan,0,nan,0,nan,0,nan,0,nan,0,nan,0
1597988401285522944,1597988401703000064,2020-08-21 13:40:01.703000,1652.0,1674.0,1640.0,1656.0,nan,1656.0,67421,2232983520.0,50356,1652.0,40,1651.0,39,nan,0,nan,0,nan,0,nan,0,nan,0,nan,0,nan,0,nan,0
1597988403314386944,1597988403719000064,2020-08-21 13:40:03.719000,1652.0,1674.0,1640.0,1656.0,nan,1656.0,67421,2232983520.0,50356,1652.0,40,1651.0,41,nan,0,nan,0,nan,0,nan,0,nan,0,nan,0,nan,0,nan,0
1597988403797250048,1597988404240000000,2020-08-21 13:40:04.240000,1652.0,1674.0,1640.0,1656.0,nan,1656.0,67421,2232983520.0,50356,1652.0,39,1651.0,42,nan,0,nan,0,nan,0,nan,0,nan,0,nan,0,nan,0,nan,0
1597988404297106944,1597988404734999808,2020-08-21 13:40:04.735000,1652.0,1674.0,1640.0,1656.0,nan,1656.0,67422,2233016640.0,50356,1652.0,38,1651.0,42,nan,0,nan,0,nan,0,nan,0,nan,0,nan,0,nan,0,nan,0
1597988406294917888,1597988406744999936,2020-08-21 13:40:06.745000,1652.0,1674.0,1640.0,1656.0,nan,1656.0,67422,2233016640.0,50356,1652.0,40,1651.0,45,nan,0,nan,0,nan,0,nan,0,nan,0,nan,0,nan,0,nan,0
1597988406813306880,1597988407236999936,2020-08-21 13:40:07.237000,1652.0,1674.0,1640.0,1656.0,nan,1656.0,67422,2233016640.0,50356,1652.0,40,1651.0,46,nan,0,nan,0,nan,0,nan,0,nan,0,nan,0,nan,0,nan,0
1597988408282388992,1597988408740000000,2020-08-21 13:40:08.740000,1651.0,1674.0,1640.0,1656.0,nan,1656.0,67463,2234374560.0,50340,1652.0,35,1651.0,6,nan,0,nan,0,nan,0,nan,0,nan,0,nan,0,nan,0,nan,0
1597988408862658048,1597988409211000064,2020-08-21 13:40:09.211000,1651.0,1674.0,1640.0,1656.0,nan,1656.0,67469,2234573280.0,50340,1652.0,49,1650.0,44,nan,0,nan,0,nan,0,nan,0,nan,0,nan,0,nan,0,nan,0
1597988409287324928,1597988409736999936,2020-08-21 13:40:09.737000,1651.0,1674.0,1640.0,1656.0,nan,1656.0,67469,2234573280.0,50340,1652.0,53,1650.0,44,nan,0,nan,0,nan,0,nan,0,nan,0,nan,0,nan,0,nan,0
1597988409799083008,1597988410194999808,2020-08-21 13:40:10.195000,1651.0,1674.0,1640.0,1656.0,nan,1656.0,67469,2234573280.0,50340,1651.0,5,1650.0,44,nan,0,nan,0,nan,0,nan,0,nan,0,nan,0,nan,0,nan,0
1597988410282693120,1597988410712000000,2020-08-21 13:40:10.712000,1651.0,1674.0,1640.0,1656.0,nan,1656.0,67469,2234573280.0,50340,1651.0,19,1650.0,44,nan,0,nan,0,nan,0,nan,0,nan,0,nan,0,nan,0,nan,0
1597988411286283008,1597988411730000128,2020-08-21 13:40:11.730000,1651.0,1674.0,1640.0,1656.0,nan,1656.0,67469,2234573280.0,50340,1651.0,20,1650.0,45,nan,0,nan,0,nan,0,nan,0,nan,0,nan,0,nan,0,nan,0
1597988411804050944,1597988412224999936,2020-08-21 13:40:12.225000,1650.0,1674.0,1640.0,1656.0,nan,1656.0,67471,2234639520.0,50342,1651.0,28,1650.0,43,nan,0,nan,0,nan,0,nan,0,nan,0,nan,0,nan,0,nan,0
1597988412291559936,1597988412708000000,2020-08-21 13:40:12.708000,1651.0,1674.0,1640.0,1656.0,nan,1656.0,67472,2234672640.0,50342,1651.0,27,1650.0,44,nan,0,nan,0,nan,0,nan,0,nan,0,nan,0,nan,0,nan,0
1597988412823664896,1597988413236999936,2020-08-21 13:40:13.237000,1651.0,1674.0,1640.0,1656.0,nan,1656.0,67472,2234672640.0,50342,1651.0,28,1650.0,44,nan,0,nan,0,nan,0,nan,0,nan,0,nan,0,nan,0,nan,0
1597988414286255104,1597988414728000000,2020-08-21 13:40:14.728000,1651.0,1674.0,1640.0,1656.0,nan,1656.0,67473,2234705760.0,50342,1651.0,27,1650.0,44,nan,0,nan,0,nan,0,nan,0,nan,0,nan,0,nan,0,nan,0
1597988414816988928,1597988415240999936,2020-08-21 13:40:15.241000,1651.0,1674.0,1640.0,1656.0,nan,1656.0,67475,2234772000.0,50343,1651.0,29,1650.0,43,nan,0,nan,0,nan,0,nan,0,nan,0,nan,0,nan,0,nan,0
1597988416305542912,1597988416740999936,2020-08-21 13:40:16.741000,1651.0,1674.0,1640.0,1656.0,nan,1656.0,67478,2234871360.0,50343,1651.0,28,1650.0,42,nan,0,nan,0,nan,0,nan,0,nan,0,nan,0,nan,0,nan,0
1597988416815748096,1597988417244000000,2020-08-21 13:40:17.244000,1651.0,1674.0,1640.0,1656.0,nan,1656.0,67478,2234871360.0,50343,1651.0,28,1650.0,44,nan,0,nan,0,nan,0,nan,0,nan,0,nan,0,nan,0,nan,0
1597988417287101952,1597988417744000000,2020-08-21 13:40:17.744000,1651.0,1674.0,1640.0,1656.0,nan,1656.0,67482,2235003840.0,50344,1651.0,25,1650.0,43,nan,0,nan,0,nan,0,nan,0,nan,0,nan,0,nan,0,nan,0
1597988417843770112,1597988418243000064,2020-08-21 13:40:18.243000,1650.0,1674.0,1640.0,1656.0,nan,1656.0,67483,2235036960.0,50345,1651.0,25,1650.0,41,nan,0,nan,0,nan,0,nan,0,nan,0,nan,0,nan,0,nan,0
1597988418290404096,1597988418734999808,2020-08-21 13:40:18.735000,1650.0,1674.0,1640.0,1656.0,nan,1656.0,67483,2235036960.0,50345,1651.0,25,1650.0,43,nan,0,nan,0,nan,0,nan,0,nan,0,nan,0,nan,0,nan,0
1597988419363788032,1597988419665999872,2020-08-21 13:40:19.666000,1650.0,1674.0,1640.0,1656.0,nan,1656.0,67483,2235036960.0,50345,1651.0,26,1650.0,43,nan,0,nan,0,nan,0,nan,0,nan,0,nan,0,nan,0,nan,0
1597988419806643968,1597988420226000128,2020-08-21 13:40:20.226000,1651.0,1674.0,1640.0,1656.0,nan,1656.0,67485,2235103200.0,50344,1651.0,24,1650.0,43,nan,0,nan,0,nan,0,nan,0,nan,0,nan,0,nan,0,nan,0
1597988420795415040,1597988421230000128,2020-08-21 13:40:21.230000,1651.0,1674.0,1640.0,1656.0,nan,1656.0,67486,2235136320.0,50345,1651.0,23,1650.0,47,nan,0,nan,0,nan,0,nan,0,nan,0,nan,0,nan,0,nan,0
1597988421803202048,1597988422221999872,2020-08-21 13:40:22.222000,1651.0,1674.0,1640.0,1656.0,nan,1656.0,67486,2235136320.0,50345,1651.0,23,1650.0,49,nan,0,nan,0,nan,0,nan,0,nan,0,nan,0,nan,0,nan,0
1597988422289342976,1597988422721999872,2020-08-21 13:40:22.722000,1650.0,1674.0,1640.0,1656.0,nan,1656.0,67487,2235169440.0,50346,1651.0,24,1650.0,48,nan,0,nan,0,nan,0,nan,0,nan,0,nan,0,nan,0,nan,0
1597988424303102976,1597988424730000128,2020-08-21 13:40:24.730000,1651.0,1674.0,1640.0,1656.0,nan,1656.0,67513,2236030560.0,50351,1652.0,76,1651.0,28,nan,0,nan,0,nan,0,nan,0,nan,0,nan,0,nan,0,nan,0
1597988424804441088,1597988425211000064,2020-08-21 13:40:25.211000,1651.0,1674.0,1640.0,1656.0,nan,1656.0,67515,2236096800.0,50353,1652.0,76,1651.0,26,nan,0,nan,0,nan,0,nan,0,nan,0,nan,0,nan,0,nan,0
1597988425283063040,1597988425719000064,2020-08-21 13:40:25.719000,1651.0,1674.0,1640.0,1656.0,nan,1656.0,67521,2236295520.0,50354,1652.0,76,1651.0,21,nan,0,nan,0,nan,0,nan,0,nan,0,nan,0,nan,0,nan,0
1597988425805933056,1597988426244999936,2020-08-21 13:40:26.245000,1651.0,1674.0,1640.0,1656.0,nan,1656.0,67523,2236361760.0,50354,1652.0,76,1651.0,19,nan,0,nan,0,nan,0,nan,0,nan,0,nan,0,nan,0,nan,0
1597988426325419008,1597988426712000000,2020-08-21 13:40:26.712000,1651.0,1674.0,1640.0,1656.0,nan,1656.0,67524,2236394880.0,50355,1652.0,76,1651.0,18,nan,0,nan,0,nan,0,nan,0,nan,0,nan,0,nan,0,nan,0
1597988428293157120,1597988428744999936,2020-08-21 13:40:28.745000,1651.0,1674.0,1640.0,1656.0,nan,1656.0,67527,2236494240.0,50357,1652.0,76,1651.0,15,nan,0,nan,0,nan,0,nan,0,nan,0,nan,0,nan,0,nan,0
1597988428806568960,1597988429244999936,2020-08-21 13:40:29.245000,1651.0,1674.0,1640.0,1656.0,nan,1656.0,67530,2236593600.0,50358,1652.0,76,1651.0,12,nan,0,nan,0,nan,0,nan,0,nan,0,nan,0,nan,0,nan,0
1597988429293850112,1597988429729000192,2020-08-21 13:40:29.729000,1651.0,1674.0,1640.0,1656.0,nan,1656.0,67535,2236759200.0,50363,1652.0,76,1651.0,7,nan,0,nan,0,nan,0,nan,0,nan,0,nan,0,nan,0,nan,0
1597988429813893888,1597988430239000064,2020-08-21 13:40:30.239000,1651.0,1674.0,1640.0,1656.0,nan,1656.0,67546,2237123520.0,50366,1651.0,7,1650.0,43,nan,0,nan,0,nan,0,nan,0,nan,0,nan,0,nan,0,nan,0
1597988430396529920,1597988430742000128,2020-08-21 13:40:30.742000,1650.0,1674.0,1640.0,1656.0,nan,1656.0,67547,2237156640.0,50367,1651.0,7,1650.0,42,nan,0,nan,0,nan,0,nan,0,nan,0,nan,0,nan,0,nan,0
1597988431823959040,1597988432244999936,2020-08-21 13:40:32.245000,1651.0,1674.0,1640.0,1656.0,nan,1656.0,67548,2237189760.0,50367,1651.0,6,1650.0,42,nan,0,nan,0,nan,0,nan,0,nan,0,nan,0,nan,0,nan,0
1597988432294216960,1597988432740999936,2020-08-21 13:40:32.741000,1651.0,1674.0,1640.0,1656.0,nan,1656.0,67548,2237189760.0,50367,1651.0,9,1650.0,42,nan,0,nan,0,nan,0,nan,0,nan,0,nan,0,nan,0,nan,0
1597988432820292096,1597988433243000064,2020-08-21 13:40:33.243000,1651.0,1674.0,1640.0,1656.0,nan,1656.0,67549,2237222880.0,50368,1651.0,8,1650.0,42,nan,0,nan,0,nan,0,nan,0,nan,0,nan,0,nan,0,nan,0
1597988433297049088,1597988433737999872,2020-08-21 13:40:33.738000,1651.0,1674.0,1640.0,1656.0,nan,1656.0,67550,2237256000.0,50369,1651.0,7,1650.0,43,nan,0,nan,0,nan,0,nan,0,nan,0,nan,0,nan,0,nan,0
1597988434330138112,1597988434737999872,2020-08-21 13:40:34.738000,1651.0,1674.0,1640.0,1656.0,nan,1656.0,67551,2237289120.0,50370,1651.0,11,1650.0,43,nan,0,nan,0,nan,0,nan,0,nan,0,nan,0,nan,0,nan,0
1597988434817448960,1597988435239000064,2020-08-21 13:40:35.239000,1651.0,1674.0,1640.0,1656.0,nan,1656.0,67562,2237653440.0,50365,1652.0,76,1651.0,1,nan,0,nan,0,nan,0,nan,0,nan,0,nan,0,nan,0,nan,0
1597988435301881088,1597988435726000128,2020-08-21 13:40:35.726000,1651.0,1674.0,1640.0,1656.0,nan,1656.0,67562,2237653440.0,50365,1652.0,76,1651.0,2,nan,0,nan,0,nan,0,nan,0,nan,0,nan,0,nan,0,nan,0
1597988436322140928,1597988436740000000,2020-08-21 13:40:36.740000,1651.0,1674.0,1640.0,1656.0,nan,1656.0,67564,2237719680.0,50364,1651.0,22,1650.0,46,nan,0,nan,0,nan,0,nan,0,nan,0,nan,0,nan,0,nan,0
1597988436820904960,1597988437242000128,2020-08-21 13:40:37.242000,1651.0,1674.0,1640.0,1656.0,nan,1656.0,67564,2237719680.0,50364,1651.0,22,1650.0,50,nan,0,nan,0,nan,0,nan,0,nan,0,nan,0,nan,0,nan,0
1597988437832491008,1597988438233999872,2020-08-21 13:40:38.234000,1651.0,1674.0,1640.0,1656.0,nan,1656.0,67564,2237719680.0,50364,1651.0,23,1650.0,50,nan,0,nan,0,nan,0,nan,0,nan,0,nan,0,nan,0,nan,0
1597988438298699008,1597988438724000000,2020-08-21 13:40:38.724000,1651.0,1674.0,1640.0,1656.0,nan,1656.0,67568,2237852160.0,50366,1651.0,21,1650.0,48,nan,0,nan,0,nan,0,nan,0,nan,0,nan,0,nan,0,nan,0
1597988440337491968,1597988440744999936,2020-08-21 13:40:40.745000,1651.0,1674.0,1640.0,1656.0,nan,1656.0,67570,2237918400.0,50364,1651.0,19,1650.0,48,nan,0,nan,0,nan,0,nan,0,nan,0,nan,0,nan,0,nan,0
1597988440817359872,1597988441234999808,2020-08-21 13:40:41.235000,1651.0,1674.0,1640.0,1656.0,nan,1656.0,67580,2238249600.0,50354,1651.0,11,1650.0,48,nan,0,nan,0,nan,0,nan,0,nan,0,nan,0,nan,0,nan,0
1597988441821208064,1597988442187000064,2020-08-21 13:40:42.187000,1651.0,1674.0,1640.0,1656.0,nan,1656.0,67580,2238249600.0,50354,1651.0,13,1650.0,48,nan,0,nan,0,nan,0,nan,0,nan,0,nan,0,nan,0,nan,0
1597988445299616000,1597988445717999872,2020-08-21 13:40:45.718000,1651.0,1674.0,1640.0,1656.0,nan,1656.0,67583,2238348960.0,50354,1651.0,10,1650.0,48,nan,0,nan,0,nan,0,nan,0,nan,0,nan,0,nan,0,nan,0
1597988446329412096,1597988446740999936,2020-08-21 13:40:46.741000,1651.0,1674.0,1640.0,1656.0,nan,1656.0,67583,2238348960.0,50354,1651.0,13,1650.0,48,nan,0,nan,0,nan,0,nan,0,nan,0,nan,0,nan,0,nan,0
1597988446840752896,1597988447240000000,2020-08-21 13:40:47.240000,1651.0,1674.0,1640.0,1656.0,nan,1656.0,67584,2238382080.0,50354,1651.0,12,1650.0,48,nan,0,nan,0,nan,0,nan,0,nan,0,nan,0,nan,0,nan,0
1597988447812005888,1597988448232000000,2020-08-21 13:40:48.232000,1651.0,1674.0,1640.0,1656.0,nan,1656.0,67584,2238382080.0,50354,1651.0,13,1650.0,49,nan,0,nan,0,nan,0,nan,0,nan,0,nan,0,nan,0,nan,0
1597988451305765888,1597988451743000064,2020-08-21 13:40:51.743000,1651.0,1674.0,1640.0,1656.0,nan,1656.0,67584,2238382080.0,50354,1651.0,13,1650.0,50,nan,0,nan,0,nan,0,nan,0,nan,0,nan,0,nan,0,nan,0
1597988451827533056,1597988452242000128,2020-08-21 13:40:52.242000,1650.0,1674.0,1640.0,1656.0,nan,1656.0,67606,2239110720.0,50348,1651.0,14,1650.0,30,nan,0,nan,0,nan,0,nan,0,nan,0,nan,0,nan,0,nan,0
1597988452332274944,1597988452732999936,2020-08-21 13:40:52.733000,1650.0,1674.0,1640.0,1656.0,nan,1656.0,67606,2239110720.0,50348,1651.0,28,1650.0,30,nan,0,nan,0,nan,0,nan,0,nan,0,nan,0,nan,0,nan,0
1597988454309538048,1597988454709000192,2020-08-21 13:40:54.709000,1650.0,1674.0,1640.0,1656.0,nan,1656.0,67637,2240137440.0,50348,1650.0,10,1649.0,45,nan,0,nan,0,nan,0,nan,0,nan,0,nan,0,nan,0,nan,0
1597988454813143040,1597988455242000128,2020-08-21 13:40:55.242000,1650.0,1674.0,1640.0,1656.0,nan,1656.0,67639,2240203680.0,50350,1650.0,7,1649.0,45,nan,0,nan,0,nan,0,nan,0,nan,0,nan,0,nan,0,nan,0
1597988455331991040,1597988455744000000,2020-08-21 13:40:55.744000,1650.0,1674.0,1640.0,1656.0,nan,1656.0,67646,2240435520.0,50357,1651.0,29,1650.0,11,nan,0,nan,0,nan,0,nan,0,nan,0,nan,0,nan,0,nan,0
1597988457812179968,1597988458244000000,2020-08-21 13:40:58.244000,1650.0,1674.0,1640.0,1656.0,nan,1656.0,67646,2240435520.0,50357,1651.0,29,1650.0,13,nan,0,nan,0,nan,0,nan,0,nan,0,nan,0,nan,0,nan,0
1597988459833556992,1597988460242000128,2020-08-21 13:41:00.242000,1650.0,1674.0,1640.0,1656.0,nan,1656.0,67646,2240435520.0,50357,1651.0,29,1650.0,14,nan,0,nan,0,nan,0,nan,0,nan,0,nan,0,nan,0,nan,0
1597988461824583936,1597988462244999936,2020-08-21 13:41:02.245000,1650.0,1674.0,1640.0,1656.0,nan,1656.0,67647,2240468640.0,50358,1651.0,29,1650.0,14,nan,0,nan,0,nan,0,nan,0,nan,0,nan,0,nan,0,nan,0
1597988462332395008,1597988462739000064,2020-08-21 13:41:02.739000,1650.0,1674.0,1640.0,1656.0,nan,1656.0,67647,2240468640.0,50358,1651.0,29,1650.0,15,nan,0,nan,0,nan,0,nan,0,nan,0,nan,0,nan,0,nan,0
1597988462836028928,1597988463236000000,2020-08-21 13:41:03.236000,1650.0,1674.0,1640.0,1656.0,nan,1656.0,67647,2240468640.0,50358,1651.0,29,1650.0,20,nan,0,nan,0,nan,0,nan,0,nan,0,nan,0,nan,0,nan,0
1597988463306811904,1597988463732999936,2020-08-21 13:41:03.733000,1651.0,1674.0,1640.0,1656.0,nan,1656.0,67648,2240501760.0,50358,1651.0,54,1650.0,29,nan,0,nan,0,nan,0,nan,0,nan,0,nan,0,nan,0,nan,0
1597988463834060032,1597988464237999872,2020-08-21 13:41:04.238000,1651.0,1674.0,1640.0,1656.0,nan,1656.0,67648,2240501760.0,50358,1651.0,55,1650.0,30,nan,0,nan,0,nan,0,nan,0,nan,0,nan,0,nan,0,nan,0
1597988465306310912,1597988465744999936,2020-08-21 13:41:05.745000,1651.0,1674.0,1640.0,1656.0,nan,1656.0,67698,2242157760.0,50377,1651.0,5,1650.0,30,nan,0,nan,0,nan,0,nan,0,nan,0,nan,0,nan,0,nan,0
1597988466326498048,1597988466744999936,2020-08-21 13:41:06.745000,1651.0,1674.0,1640.0,1656.0,nan,1656.0,67698,2242157760.0,50377,1651.0,41,1650.0,30,nan,0,nan,0,nan,0,nan,0,nan,0,nan,0,nan,0,nan,0
1597988466825265920,1597988467242000128,2020-08-21 13:41:07.242000,1651.0,1674.0,1640.0,1656.0,nan,1656.0,67698,2242157760.0,50377,1651.0,41,1650.0,31,nan,0,nan,0,nan,0,nan,0,nan,0,nan,0,nan,0,nan,0
1597988467309722112,1597988467708000000,2020-08-21 13:41:07.708000,1650.0,1674.0,1640.0,1656.0,nan,1656.0,67699,2242190880.0,50377,1651.0,42,1650.0,30,nan,0,nan,0,nan,0,nan,0,nan,0,nan,0,nan,0,nan,0
1597988467817786112,1597988468187000064,2020-08-21 13:41:08.187000,1651.0,1674.0,1640.0,1656.0,nan,1656.0,67700,2242224000.0,50377,1651.0,46,1650.0,37,nan,0,nan,0,nan,0,nan,0,nan,0,nan,0,nan,0,nan,0
1597988468307997952,1597988468670000128,2020-08-21 13:41:08.670000,1651.0,1674.0,1640.0,1656.0,nan,1656.0,67700,2242224000.0,50377,1651.0,47,1650.0,37,nan,0,nan,0,nan,0,nan,0,nan,0,nan,0,nan,0,nan,0
1597988469350753024,1597988469713999872,2020-08-21 13:41:09.714000,1651.0,1674.0,1640.0,1656.0,nan,1656.0,67700,2242224000.0,50377,1651.0,46,1650.0,38,nan,0,nan,0,nan,0,nan,0,nan,0,nan,0,nan,0,nan,0
1597988469836162048,1597988470233999872,2020-08-21 13:41:10.234000,1651.0,1674.0,1640.0,1656.0,nan,1656.0,67701,2242257120.0,50377,1651.0,45,1650.0,40,nan,0,nan,0,nan,0,nan,0,nan,0,nan,0,nan,0,nan,0
1597988471835610880,1597988472231000064,2020-08-21 13:41:12.231000,1651.0,1674.0,1640.0,1656.0,nan,1656.0,67701,2242257120.0,50377,1651.0,47,1650.0,40,nan,0,nan,0,nan,0,nan,0,nan,0,nan,0,nan,0,nan,0
1597988473823229952,1597988474236000000,2020-08-21 13:41:14.236000,1651.0,1674.0,1640.0,1656.0,nan,1656.0,67702,2242290240.0,50377,1651.0,50,1650.0,40,nan,0,nan,0,nan,0,nan,0,nan,0,nan,0,nan,0,nan,0
1597988474309445120,1597988474733999872,2020-08-21 13:41:14.734000,1651.0,1674.0,1640.0,1656.0,nan,1656.0,67702,2242290240.0,50377,1651.0,51,1650.0,40,nan,0,nan,0,nan,0,nan,0,nan,0,nan,0,nan,0,nan,0
1597988475308316928,1597988475724999936,2020-08-21 13:41:15.725000,1651.0,1674.0,1640.0,1656.0,nan,1656.0,67705,2242389600.0,50377,1651.0,48,1650.0,40,nan,0,nan,0,nan,0,nan,0,nan,0,nan,0,nan,0,nan,0
1597988476333672960,1597988476743000064,2020-08-21 13:41:16.743000,1651.0,1674.0,1640.0,1656.0,nan,1656.0,67709,2242522080.0,50377,1651.0,45,1650.0,40,nan,0,nan,0,nan,0,nan,0,nan,0,nan,0,nan,0,nan,0
1597988477307627008,1597988477734999808,2020-08-21 13:41:17.735000,1651.0,1674.0,1640.0,1656.0,nan,1656.0,67709,2242522080.0,50377,1651.0,50,1650.0,40,nan,0,nan,0,nan,0,nan,0,nan,0,nan,0,nan,0,nan,0
1597988477835333888,1597988478232000000,2020-08-21 13:41:18.232000,1651.0,1674.0,1640.0,1656.0,nan,1656.0,67709,2242522080.0,50377,1651.0,52,1650.0,40,nan,0,nan,0,nan,0,nan,0,nan,0,nan,0,nan,0,nan,0
1597988481854827008,1597988482243000064,2020-08-21 13:41:22.243000,1651.0,1674.0,1640.0,1656.0,nan,1656.0,67709,2242522080.0,50377,1651.0,52,1650.0,42,nan,0,nan,0,nan,0,nan,0,nan,0,nan,0,nan,0,nan,0
1597988483315271936,1597988483746000128,2020-08-21 13:41:23.746000,1651.0,1674.0,1640.0,1656.0,nan,1656.0,67711,2242588320.0,50379,1651.0,50,1650.0,42,nan,0,nan,0,nan,0,nan,0,nan,0,nan,0,nan,0,nan,0
1597988484317963008,1597988484732000000,2020-08-21 13:41:24.732000,1651.0,1674.0,1640.0,1656.0,nan,1656.0,67764,2244343680.0,50410,1652.0,184,1650.0,39,nan,0,nan,0,nan,0,nan,0,nan,0,nan,0,nan,0,nan,0
1597988484836540928,1597988485237999872,2020-08-21 13:41:25.238000,1651.0,1674.0,1640.0,1656.0,nan,1656.0,67764,2244343680.0,50410,1652.0,170,1650.0,39,nan,0,nan,0,nan,0,nan,0,nan,0,nan,0,nan,0,nan,0
1597988485320262912,1597988485655000064,2020-08-21 13:41:25.655000,1651.0,1674.0,1640.0,1656.0,nan,1656.0,67764,2244343680.0,50410,1651.0,2,1650.0,39,nan,0,nan,0,nan,0,nan,0,nan,0,nan,0,nan,0,nan,0
1597988486318996992,1597988486736000000,2020-08-21 13:41:26.736000,1651.0,1674.0,1640.0,1656.0,nan,1656.0,67766,2244409920.0,50408,1652.0,70,1650.0,39,nan,0,nan,0,nan,0,nan,0,nan,0,nan,0,nan,0,nan,0
1597988486834727936,1597988487246000128,2020-08-21 13:41:27.246000,1651.0,1674.0,1640.0,1656.0,nan,1656.0,67766,2244409920.0,50408,1652.0,70,1650.0,40,nan,0,nan,0,nan,0,nan,0,nan,0,nan,0,nan,0,nan,0
1597988487319428096,1597988487737999872,2020-08-21 13:41:27.738000,1651.0,1674.0,1640.0,1656.0,nan,1656.0,67766,2244409920.0,50408,1652.0,69,1650.0,44,nan,0,nan,0,nan,0,nan,0,nan,0,nan,0,nan,0,nan,0
1597988487836471040,1597988488209000192,2020-08-21 13:41:28.209000,1651.0,1674.0,1640.0,1656.0,nan,1656.0,67766,2244409920.0,50408,1652.0,69,1651.0,6,nan,0,nan,0,nan,0,nan,0,nan,0,nan,0,nan,0,nan,0
1597988488355546112,1597988488746000128,2020-08-21 13:41:28.746000,1651.0,1674.0,1640.0,1656.0,nan,1656.0,67767,2244443040.0,50408,1652.0,69,1651.0,5,nan,0,nan,0,nan,0,nan,0,nan,0,nan,0,nan,0,nan,0
1597988490320104960,1597988490744000000,2020-08-21 13:41:30.744000,1651.0,1674.0,1640.0,1656.0,nan,1656.0,67769,2244509280.0,50408,1652.0,68,1651.0,9,nan,0,nan,0,nan,0,nan,0,nan,0,nan,0,nan,0,nan,0
1597988490841643008,1597988491246000128,2020-08-21 13:41:31.246000,1651.0,1674.0,1640.0,1656.0,nan,1656.0,67770,2244542400.0,50408,1652.0,68,1651.0,8,nan,0,nan,0,nan,0,nan,0,nan,0,nan,0,nan,0,nan,0
1597988491350215936,1597988491728000000,2020-08-21 13:41:31.728000,1651.0,1674.0,1640.0,1656.0,nan,1656.0,67771,2244575520.0,50408,1652.0,68,1651.0,7,nan,0,nan,0,nan,0,nan,0,nan,0,nan,0,nan,0,nan,0
1597988492344417024,1597988492744000000,2020-08-21 13:41:32.744000,1651.0,1674.0,1640.0,1656.0,nan,1656.0,67771,2244575520.0,50408,1652.0,68,1651.0,8,nan,0,nan,0,nan,0,nan,0,nan,0,nan,0,nan,0,nan,0
1597988492846246912,1597988493237999872,2020-08-21 13:41:33.238000,1651.0,1674.0,1640.0,1656.0,nan,1656.0,67771,2244575520.0,50408,1652.0,68,1651.0,9,nan,0,nan,0,nan,0,nan,0,nan,0,nan,0,nan,0,nan,0
1597988493331345920,1597988493742000128,2020-08-21 13:41:33.742000,1651.0,1674.0,1640.0,1656.0,nan,1656.0,67771,2244575520.0,50408,1652.0,68,1651.0,16,nan,0,nan,0,nan,0,nan,0,nan,0,nan,0,nan,0,nan,0
1597988493840219904,1597988494226000128,2020-08-21 13:41:34.226000,1652.0,1674.0,1640.0,1656.0,nan,1656.0,67772,2244608640.0,50408,1652.0,69,1651.0,37,nan,0,nan,0,nan,0,nan,0,nan,0,nan,0,nan,0,nan,0
1597988494323226880,1597988494744000000,2020-08-21 13:41:34.744000,1651.0,1674.0,1640.0,1656.0,nan,1656.0,67773,2244641760.0,50408,1652.0,69,1651.0,36,nan,0,nan,0,nan,0,nan,0,nan,0,nan,0,nan,0,nan,0
1597988494823585024,1597988495226000128,2020-08-21 13:41:35.226000,1651.0,1674.0,1640.0,1656.0,nan,1656.0,67773,2244641760.0,50408,1652.0,79,1651.0,36,nan,0,nan,0,nan,0,nan,0,nan,0,nan,0,nan,0,nan,0
1597988496840855040,1597988497244999936,2020-08-21 13:41:37.245000,1651.0,1674.0,1640.0,1656.0,nan,1656.0,67773,2244641760.0,50408,1652.0,79,1651.0,56,nan,0,nan,0,nan,0,nan,0,nan,0,nan,0,nan,0,nan,0
1597988497342384896,1597988497704000000,2020-08-21 13:41:37.704000,1652.0,1674.0,1640.0,1656.0,nan,1656.0,67777,2244774240.0,50410,1652.0,75,1651.0,57,nan,0,nan,0,nan,0,nan,0,nan,0,nan,0,nan,0,nan,0
1597988497853018880,1597988498239000064,2020-08-21 13:41:38.239000,1652.0,1674.0,1640.0,1656.0,nan,1656.0,67778,2244807360.0,50410,1652.0,70,1651.0,57,nan,0,nan,0,nan,0,nan,0,nan,0,nan,0,nan,0,nan,0
1597988498833135104,1597988499196999936,2020-08-21 13:41:39.197000,1651.0,1674.0,1640.0,1656.0,nan,1656.0,67834,2246662080.0,50423,1652.0,70,1650.0,38,nan,0,nan,0,nan,0,nan,0,nan,0,nan,0,nan,0,nan,0
1597988499313948928,1597988499736999936,2020-08-21 13:41:39.737000,1652.0,1674.0,1640.0,1656.0,nan,1656.0,67867,2247755040.0,50434,1652.0,37,1651.0,22,nan,0,nan,0,nan,0,nan,0,nan,0,nan,0,nan,0,nan,0
1597988500325041920,1597988500740000000,2020-08-21 13:41:40.740000,1652.0,1674.0,1640.0,1656.0,nan,1656.0,67872,2247920640.0,50439,1652.0,32,1651.0,22,nan,0,nan,0,nan,0,nan,0,nan,0,nan,0,nan,0,nan,0
1597988501314813952,1597988501724999936,2020-08-21 13:41:41.725000,1652.0,1674.0,1640.0,1656.0,nan,1656.0,67872,2247920640.0,50439,1652.0,31,1651.0,22,nan,0,nan,0,nan,0,nan,0,nan,0,nan,0,nan,0,nan,0
1597988501840614912,1597988502404999936,2020-08-21 13:41:42.405000,1652.0,1674.0,1640.0,1656.0,nan,1656.0,67873,2247953760.0,50439,1652.0,30,1651.0,23,nan,0,nan,0,nan,0,nan,0,nan,0,nan,0,nan,0,nan,0
1597988502318408960,1597988502744999936,2020-08-21 13:41:42.745000,1652.0,1674.0,1640.0,1656.0,nan,1656.0,67873,2247953760.0,50439,1652.0,30,1651.0,29,nan,0,nan,0,nan,0,nan,0,nan,0,nan,0,nan,0,nan,0
1597988502841101056,1597988503378000128,2020-08-21 13:41:43.378000,1651.0,1674.0,1640.0,1656.0,nan,1656.0,67879,2248152480.0,50445,1652.0,30,1651.0,23,nan,0,nan,0,nan,0,nan,0,nan,0,nan,0,nan,0,nan,0
1597988503352082944,1597988503740999936,2020-08-21 13:41:43.741000,1652.0,1674.0,1640.0,1656.0,nan,1656.0,67882,2248251840.0,50448,1652.0,27,1651.0,23,nan,0,nan,0,nan,0,nan,0,nan,0,nan,0,nan,0,nan,0
1597988503833964032,1597988504242000128,2020-08-21 13:41:44.242000,1652.0,1674.0,1640.0,1656.0,nan,1656.0,67890,2248516800.0,50450,1652.0,19,1651.0,23,nan,0,nan,0,nan,0,nan,0,nan,0,nan,0,nan,0,nan,0
1597988504340440064,1597988504926000128,2020-08-21 13:41:44.926000,1652.0,1674.0,1640.0,1656.0,nan,1656.0,67891,2248549920.0,50450,1652.0,18,1651.0,23,nan,0,nan,0,nan,0,nan,0,nan,0,nan,0,nan,0,nan,0
1597988506355723008,1597988506834000128,2020-08-21 13:41:46.834000,1652.0,1674.0,1640.0,1656.0,nan,1656.0,67892,2248583040.0,50449,1652.0,17,1651.0,23,nan,0,nan,0,nan,0,nan,0,nan,0,nan,0,nan,0,nan,0
1597988506842507008,1597988507242000128,2020-08-21 13:41:47.242000,1652.0,1674.0,1640.0,1656.0,nan,1656.0,67892,2248583040.0,50449,1652.0,18,1651.0,25,nan,0,nan,0,nan,0,nan,0,nan,0,nan,0,nan,0,nan,0
1597988508327785984,1597988508744999936,2020-08-21 13:41:48.745000,1652.0,1674.0,1640.0,1656.0,nan,1656.0,67893,2248616160.0,50449,1652.0,17,1651.0,25,nan,0,nan,0,nan,0,nan,0,nan,0,nan,0,nan,0,nan,0
1597988508846678016,1597988509432000000,2020-08-21 13:41:49.432000,1652.0,1674.0,1640.0,1656.0,nan,1656.0,67893,2248616160.0,50449,1652.0,17,1651.0,29,nan,0,nan,0,nan,0,nan,0,nan,0,nan,0,nan,0,nan,0
1597988509346390016,1597988509698999808,2020-08-21 13:41:49.699000,1652.0,1674.0,1640.0,1656.0,nan,1656.0,67895,2248682400.0,50448,1652.0,16,1651.0,29,nan,0,nan,0,nan,0,nan,0,nan,0,nan,0,nan,0,nan,0
1597988510844439040,1597988511243000064,2020-08-21 13:41:51.243000,1652.0,1674.0,1640.0,1656.0,nan,1656.0,67911,2249212320.0,50448,1653.0,204,1652.0,4,nan,0,nan,0,nan,0,nan,0,nan,0,nan,0,nan,0,nan,0
1597988511329036032,1597988511806999808,2020-08-21 13:41:51.807000,1652.0,1674.0,1640.0,1656.0,nan,1656.0,67911,2249212320.0,50448,1653.0,204,1652.0,35,nan,0,nan,0,nan,0,nan,0,nan,0,nan,0,nan,0,nan,0
1597988511847448064,1597988512232000000,2020-08-21 13:41:52.232000,1652.0,1674.0,1640.0,1656.0,nan,1656.0,67912,2249245440.0,50449,1653.0,204,1652.0,34,nan,0,nan,0,nan,0,nan,0,nan,0,nan,0,nan,0,nan,0
1597988512352208896,1597988512914000128,2020-08-21 13:41:52.914000,1653.0,1674.0,1640.0,1656.0,nan,1656.0,67916,2249377920.0,50448,1653.0,200,1652.0,34,nan,0,nan,0,nan,0,nan,0,nan,0,nan,0,nan,0,nan,0
1597988512837913088,1597988513244999936,2020-08-21 13:41:53.245000,1653.0,1674.0,1640.0,1656.0,nan,1656.0,67931,2249874720.0,50447,1653.0,186,1652.0,36,nan,0,nan,0,nan,0,nan,0,nan,0,nan,0,nan,0,nan,0
1597988513335212032,1597988513936000000,2020-08-21 13:41:53.936000,1653.0,1674.0,1640.0,1656.0,nan,1656.0,67932,2249907840.0,50446,1653.0,185,1652.0,36,nan,0,nan,0,nan,0,nan,0,nan,0,nan,0,nan,0,nan,0
1597988515347809024,1597988515688000000,2020-08-21 13:41:55.688000,1653.0,1674.0,1640.0,1656.0,nan,1656.0,67932,2249907840.0,50446,1653.0,181,1652.0,36,nan,0,nan,0,nan,0,nan,0,nan,0,nan,0,nan,0,nan,0
1597988515846149120,1597988516435000064,2020-08-21 13:41:56.435000,1652.0,1674.0,1640.0,1656.0,nan,1656.0,67936,2250040320.0,50446,1653.0,181,1652.0,34,nan,0,nan,0,nan,0,nan,0,nan,0,nan,0,nan,0,nan,0
1597988517337177088,1597988517930000128,2020-08-21 13:41:57.930000,1652.0,1674.0,1640.0,1656.0,nan,1656.0,67936,2250040320.0,50446,1653.0,194,1652.0,34,nan,0,nan,0,nan,0,nan,0,nan,0,nan,0,nan,0,nan,0
1597988517866765056,1597988518431000064,2020-08-21 13:41:58.431000,1652.0,1674.0,1640.0,1656.0,nan,1656.0,67971,2251199520.0,50475,1652.0,3,1651.0,28,nan,0,nan,0,nan,0,nan,0,nan,0,nan,0,nan,0,nan,0
1597988518389825024,1597988518930000128,2020-08-21 13:41:58.930000,1652.0,1674.0,1640.0,1656.0,nan,1656.0,67971,2251199520.0,50475,1652.0,9,1651.0,29,nan,0,nan,0,nan,0,nan,0,nan,0,nan,0,nan,0,nan,0
1597988518890499072,1597988519436000000,2020-08-21 13:41:59.436000,1652.0,1674.0,1640.0,1656.0,nan,1656.0,67971,2251199520.0,50475,1652.0,19,1651.0,27,nan,0,nan,0,nan,0,nan,0,nan,0,nan,0,nan,0,nan,0
1597988520862650880,1597988521368000000,2020-08-21 13:42:01.368000,1652.0,1674.0,1640.0,1656.0,nan,1656.0,67973,2251265760.0,50477,1652.0,17,1651.0,27,nan,0,nan,0,nan,0,nan,0,nan,0,nan,0,nan,0,nan,0
1597988521359695104,1597988521734999808,2020-08-21 13:42:01.735000,1652.0,1674.0,1640.0,1656.0,nan,1656.0,67974,2251298880.0,50478,1652.0,16,1651.0,27,nan,0,nan,0,nan,0,nan,0,nan,0,nan,0,nan,0,nan,0
1597988521843193088,1597988522244000000,2020-08-21 13:42:02.244000,1652.0,1674.0,1640.0,1656.0,nan,1656.0,67974,2251298880.0,50478,1652.0,17,1651.0,27,nan,0,nan,0,nan,0,nan,0,nan,0,nan,0,nan,0,nan,0
1597988522863130112,1597988523246000128,2020-08-21 13:42:03.246000,1651.0,1674.0,1640.0,1656.0,nan,1656.0,68004,2252292480.0,50484,1651.0,23,1650.0,40,nan,0,nan,0,nan,0,nan,0,nan,0,nan,0,nan,0,nan,0
1597988523343958016,1597988523891000064,2020-08-21 13:42:03.891000,1651.0,1674.0,1640.0,1656.0,nan,1656.0,68005,2252325600.0,50485,1651.0,22,1650.0,40,nan,0,nan,0,nan,0,nan,0,nan,0,nan,0,nan,0,nan,0
1597988525352677888,1597988525935000064,2020-08-21 13:42:05.935000,1651.0,1674.0,1640.0,1656.0,nan,1656.0,68005,2252325600.0,50485,1651.0,22,1650.0,43,nan,0,nan,0,nan,0,nan,0,nan,0,nan,0,nan,0,nan,0
1597988525856773888,1597988526364000000,2020-08-21 13:42:06.364000,1651.0,1674.0,1640.0,1656.0,nan,1656.0,68008,2252424960.0,50485,1651.0,19,1650.0,43,nan,0,nan,0,nan,0,nan,0,nan,0,nan,0,nan,0,nan,0
1597988527870113024,1597988528224000000,2020-08-21 13:42:08.224000,1651.0,1674.0,1640.0,1656.0,nan,1656.0,68008,2252424960.0,50485,1651.0,19,1650.0,45,nan,0,nan,0,nan,0,nan,0,nan,0,nan,0,nan,0,nan,0
1597988528334573056,1597988528936999936,2020-08-21 13:42:08.937000,1651.0,1674.0,1640.0,1656.0,nan,1656.0,68008,2252424960.0,50485,1651.0,20,1650.0,46,nan,0,nan,0,nan,0,nan,0,nan,0,nan,0,nan,0,nan,0
1597988528857863936,1597988529418999808,2020-08-21 13:42:09.419000,1651.0,1674.0,1640.0,1656.0,nan,1656.0,68009,2252458080.0,50486,1651.0,29,1650.0,46,nan,0,nan,0,nan,0,nan,0,nan,0,nan,0,nan,0,nan,0
1597988529850977024,1597988530427000064,2020-08-21 13:42:10.427000,1651.0,1674.0,1640.0,1656.0,nan,1656.0,68009,2252458080.0,50486,1651.0,29,1650.0,48,nan,0,nan,0,nan,0,nan,0,nan,0,nan,0,nan,0,nan,0
1597988531333199872,1597988531934000128,2020-08-21 13:42:11.934000,1651.0,1674.0,1640.0,1656.0,nan,1656.0,68009,2252458080.0,50486,1651.0,29,1650.0,49,nan,0,nan,0,nan,0,nan,0,nan,0,nan,0,nan,0,nan,0
1597988533861433088,1597988534424000000,2020-08-21 13:42:14.424000,1651.0,1674.0,1640.0,1656.0,nan,1656.0,68009,2252458080.0,50486,1651.0,31,1650.0,50,nan,0,nan,0,nan,0,nan,0,nan,0,nan,0,nan,0,nan,0
1597988534341483008,1597988534926000128,2020-08-21 13:42:14.926000,1651.0,1674.0,1640.0,1656.0,nan,1656.0,68009,2252458080.0,50486,1651.0,32,1650.0,51,nan,0,nan,0,nan,0,nan,0,nan,0,nan,0,nan,0,nan,0
1597988534866746112,1597988535435000064,2020-08-21 13:42:15.435000,1651.0,1674.0,1640.0,1656.0,nan,1656.0,68009,2252458080.0,50486,1651.0,32,1650.0,53,nan,0,nan,0,nan,0,nan,0,nan,0,nan,0,nan,0,nan,0
1597988535855384064,1597988536403000064,2020-08-21 13:42:16.403000,1651.0,1674.0,1640.0,1656.0,nan,1656.0,68010,2252491200.0,50487,1651.0,31,1650.0,53,nan,0,nan,0,nan,0,nan,0,nan,0,nan,0,nan,0,nan,0
1597988537344308992,1597988537928000000,2020-08-21 13:42:17.928000,1651.0,1674.0,1640.0,1656.0,nan,1656.0,68010,2252491200.0,50487,1651.0,35,1650.0,53,nan,0,nan,0,nan,0,nan,0,nan,0,nan,0,nan,0,nan,0
1597988537859363072,1597988538427000064,2020-08-21 13:42:18.427000,1651.0,1674.0,1640.0,1656.0,nan,1656.0,68013,2252590560.0,50488,1651.0,32,1650.0,54,nan,0,nan,0,nan,0,nan,0,nan,0,nan,0,nan,0,nan,0
1597988539857212928,1597988540433000192,2020-08-21 13:42:20.433000,1651.0,1674.0,1640.0,1656.0,nan,1656.0,68015,2252656800.0,50490,1651.0,30,1650.0,54,nan,0,nan,0,nan,0,nan,0,nan,0,nan,0,nan,0,nan,0
1597988541876662016,1597988542404999936,2020-08-21 13:42:22.405000,1650.0,1674.0,1640.0,1656.0,nan,1656.0,68016,2252689920.0,50491,1651.0,30,1650.0,54,nan,0,nan,0,nan,0,nan,0,nan,0,nan,0,nan,0,nan,0
1597988542854336000,1597988543424999936,2020-08-21 13:42:23.425000,1651.0,1674.0,1640.0,1656.0,nan,1656.0,68017,2252723040.0,50492,1651.0,29,1650.0,54,nan,0,nan,0,nan,0,nan,0,nan,0,nan,0,nan,0,nan,0
1597988543878398976,1597988544432000000,2020-08-21 13:42:24.432000,1651.0,1674.0,1640.0,1656.0,nan,1656.0,68017,2252723040.0,50492,1651.0,30,1650.0,54,nan,0,nan,0,nan,0,nan,0,nan,0,nan,0,nan,0,nan,0
1597988545381680128,1597988545928999936,2020-08-21 13:42:25.929000,1651.0,1674.0,1640.0,1656.0,nan,1656.0,68017,2252723040.0,50492,1651.0,35,1650.0,54,nan,0,nan,0,nan,0,nan,0,nan,0,nan,0,nan,0,nan,0
1597988546355299072,1597988546935000064,2020-08-21 13:42:26.935000,1651.0,1674.0,1640.0,1656.0,nan,1656.0,68017,2252723040.0,50492,1651.0,35,1650.0,55,nan,0,nan,0,nan,0,nan,0,nan,0,nan,0,nan,0,nan,0
1597988546870390016,1597988547426000128,2020-08-21 13:42:27.426000,1651.0,1674.0,1640.0,1656.0,nan,1656.0,68017,2252723040.0,50492,1651.0,37,1650.0,55,nan,0,nan,0,nan,0,nan,0,nan,0,nan,0,nan,0,nan,0
1597988547866855936,1597988548418999808,2020-08-21 13:42:28.419000,1651.0,1674.0,1640.0,1656.0,nan,1656.0,68017,2252723040.0,50492,1651.0,36,1650.0,55,nan,0,nan,0,nan,0,nan,0,nan,0,nan,0,nan,0,nan,0
1597988548374981120,1597988548936999936,2020-08-21 13:42:28.937000,1651.0,1674.0,1640.0,1656.0,nan,1656.0,68018,2252756160.0,50493,1651.0,35,1650.0,55,nan,0,nan,0,nan,0,nan,0,nan,0,nan,0,nan,0,nan,0
1597988549869815040,1597988550432000000,2020-08-21 13:42:30.432000,1651.0,1674.0,1640.0,1656.0,nan,1656.0,68018,2252756160.0,50493,1651.0,35,1650.0,56,nan,0,nan,0,nan,0,nan,0,nan,0,nan,0,nan,0,nan,0
1597988551868721920,1597988552436999936,2020-08-21 13:42:32.437000,1651.0,1674.0,1640.0,1656.0,nan,1656.0,68018,2252756160.0,50493,1651.0,37,1650.0,56,nan,0,nan,0,nan,0,nan,0,nan,0,nan,0,nan,0,nan,0
1597988552863812096,1597988553427000064,2020-08-21 13:42:33.427000,1651.0,1674.0,1640.0,1656.0,nan,1656.0,68018,2252756160.0,50493,1651.0,37,1650.0,55,nan,0,nan,0,nan,0,nan,0,nan,0,nan,0,nan,0,nan,0
1597988553341754880,1597988553901999872,2020-08-21 13:42:33.902000,1651.0,1674.0,1640.0,1656.0,nan,1656.0,68019,2252789280.0,50494,1651.0,36,1650.0,55,nan,0,nan,0,nan,0,nan,0,nan,0,nan,0,nan,0,nan,0
1597988555345669120,1597988555932000000,2020-08-21 13:42:35.932000,1651.0,1674.0,1640.0,1656.0,nan,1656.0,68021,2252855520.0,50495,1651.0,34,1650.0,55,nan,0,nan,0,nan,0,nan,0,nan,0,nan,0,nan,0,nan,0
1597988556352305920,1597988556924000000,2020-08-21 13:42:36.924000,1651.0,1674.0,1640.0,1656.0,nan,1656.0,68022,2252888640.0,50496,1651.0,33,1650.0,55,nan,0,nan,0,nan,0,nan,0,nan,0,nan,0,nan,0,nan,0
1597988557386991104,1597988557924999936,2020-08-21 13:42:37.925000,1651.0,1674.0,1640.0,1656.0,nan,1656.0,68023,2252921760.0,50497,1651.0,32,1650.0,55,nan,0,nan,0,nan,0,nan,0,nan,0,nan,0,nan,0,nan,0
1597988557876041984,1597988558426000128,2020-08-21 13:42:38.426000,1651.0,1674.0,1640.0,1656.0,nan,1656.0,68023,2252921760.0,50497,1651.0,38,1650.0,55,nan,0,nan,0,nan,0,nan,0,nan,0,nan,0,nan,0,nan,0
1597988559352250112,1597988559936999936,2020-08-21 13:42:39.937000,1651.0,1674.0,1640.0,1656.0,nan,1656.0,68023,2252921760.0,50497,1651.0,38,1650.0,64,nan,0,nan,0,nan,0,nan,0,nan,0,nan,0,nan,0,nan,0
1597988559878565888,1597988560430000128,2020-08-21 13:42:40.430000,1651.0,1674.0,1640.0,1656.0,nan,1656.0,68023,2252921760.0,50497,1651.0,38,1650.0,74,nan,0,nan,0,nan,0,nan,0,nan,0,nan,0,nan,0,nan,0
1597988560880133888,1597988561426000128,2020-08-21 13:42:41.426000,1651.0,1674.0,1640.0,1656.0,nan,1656.0,68061,2254180320.0,50477,1652.0,40,1651.0,20,nan,0,nan,0,nan,0,nan,0,nan,0,nan,0,nan,0,nan,0
1597988561875340032,1597988562428000000,2020-08-21 13:42:42.428000,1651.0,1674.0,1640.0,1656.0,nan,1656.0,68062,2254213440.0,50477,1652.0,40,1651.0,67,nan,0,nan,0,nan,0,nan,0,nan,0,nan,0,nan,0,nan,0
1597988562359414016,1597988562928000000,2020-08-21 13:42:42.928000,1651.0,1674.0,1640.0,1656.0,nan,1656.0,68062,2254213440.0,50477,1652.0,40,1651.0,68,nan,0,nan,0,nan,0,nan,0,nan,0,nan,0,nan,0,nan,0
1597988562881244928,1597988563430000128,2020-08-21 13:42:43.430000,1651.0,1674.0,1640.0,1656.0,nan,1656.0,68062,2254213440.0,50477,1652.0,40,1651.0,74,nan,0,nan,0,nan,0,nan,0,nan,0,nan,0,nan,0,nan,0
1597988565353512960,1597988565936999936,2020-08-21 13:42:45.937000,1651.0,1674.0,1640.0,1656.0,nan,1656.0,68064,2254279680.0,50479,1652.0,41,1651.0,72,nan,0,nan,0,nan,0,nan,0,nan,0,nan,0,nan,0,nan,0
1597988566878127104,1597988567430000128,2020-08-21 13:42:47.430000,1651.0,1674.0,1640.0,1656.0,nan,1656.0,68064,2254279680.0,50479,1652.0,41,1651.0,73,nan,0,nan,0,nan,0,nan,0,nan,0,nan,0,nan,0,nan,0
1597988568349984000,1597988568924999936,2020-08-21 13:42:48.925000,1651.0,1674.0,1640.0,1656.0,nan,1656.0,68064,2254279680.0,50479,1652.0,44,1651.0,73,nan,0,nan,0,nan,0,nan,0,nan,0,nan,0,nan,0,nan,0
1597988568874640896,1597988569435000064,2020-08-21 13:42:49.435000,1651.0,1674.0,1640.0,1656.0,nan,1656.0,68114,2255935680.0,50479,1652.0,44,1651.0,23,nan,0,nan,0,nan,0,nan,0,nan,0,nan,0,nan,0,nan,0
1597988569401539072,1597988569936000000,2020-08-21 13:42:49.936000,1651.0,1674.0,1640.0,1656.0,nan,1656.0,68137,2256697440.0,50501,1652.0,45,1650.0,78,nan,0,nan,0,nan,0,nan,0,nan,0,nan,0,nan,0,nan,0
1597988570364125952,1597988570931000064,2020-08-21 13:42:50.931000,1651.0,1674.0,1640.0,1656.0,nan,1656.0,68137,2256697440.0,50501,1651.0,10,1650.0,78,nan,0,nan,0,nan,0,nan,0,nan,0,nan,0,nan,0,nan,0
1597988573358897920,1597988573935000064,2020-08-21 13:42:53.935000,1651.0,1674.0,1640.0,1656.0,nan,1656.0,68148,2257061760.0,50505,1652.0,46,1651.0,26,nan,0,nan,0,nan,0,nan,0,nan,0,nan,0,nan,0,nan,0
1597988573881863936,1597988574424999936,2020-08-21 13:42:54.425000,1651.0,1674.0,1640.0,1656.0,nan,1656.0,68148,2257061760.0,50505,1652.0,47,1651.0,26,nan,0,nan,0,nan,0,nan,0,nan,0,nan,0,nan,0,nan,0
1597988574369744896,1597988574927000064,2020-08-21 13:42:54.927000,1651.0,1674.0,1640.0,1656.0,nan,1656.0,68148,2257061760.0,50505,1652.0,48,1651.0,26,nan,0,nan,0,nan,0,nan,0,nan,0,nan,0,nan,0,nan,0
1597988574877398016,1597988575414000128,2020-08-21 13:42:55.414000,1651.0,1674.0,1640.0,1656.0,nan,1656.0,68148,2257061760.0,50505,1652.0,48,1651.0,27,nan,0,nan,0,nan,0,nan,0,nan,0,nan,0,nan,0,nan,0
1597988575870206976,1597988576433000192,2020-08-21 13:42:56.433000,1652.0,1674.0,1640.0,1656.0,nan,1656.0,68152,2257194240.0,50506,1652.0,44,1651.0,27,nan,0,nan,0,nan,0,nan,0,nan,0,nan,0,nan,0,nan,0
1597988576363917056,1597988576927000064,2020-08-21 13:42:56.927000,1652.0,1674.0,1640.0,1656.0,nan,1656.0,68152,2257194240.0,50506,1652.0,45,1651.0,27,nan,0,nan,0,nan,0,nan,0,nan,0,nan,0,nan,0,nan,0
1597988577365281024,1597988577927000064,2020-08-21 13:42:57.927000,1651.0,1674.0,1640.0,1656.0,nan,1656.0,68157,2257359840.0,50506,1652.0,45,1651.0,22,nan,0,nan,0,nan,0,nan,0,nan,0,nan,0,nan,0,nan,0
1597988577891480064,1597988578438999808,2020-08-21 13:42:58.439000,1651.0,1674.0,1640.0,1656.0,nan,1656.0,68157,2257359840.0,50506,1652.0,45,1651.0,52,nan,0,nan,0,nan,0,nan,0,nan,0,nan,0,nan,0,nan,0
1597988578413571072,1597988578933000192,2020-08-21 13:42:58.933000,1651.0,1674.0,1640.0,1656.0,nan,1656.0,68157,2257359840.0,50506,1652.0,48,1651.0,52,nan,0,nan,0,nan,0,nan,0,nan,0,nan,0,nan,0,nan,0
1597988578907163904,1597988579436000000,2020-08-21 13:42:59.436000,1651.0,1674.0,1640.0,1656.0,nan,1656.0,68157,2257359840.0,50506,1652.0,49,1651.0,52,nan,0,nan,0,nan,0,nan,0,nan,0,nan,0,nan,0,nan,0
1597988582360215040,1597988582932000000,2020-08-21 13:43:02.932000,1651.0,1674.0,1640.0,1656.0,nan,1656.0,68211,2259148320.0,50553,1651.0,2,1650.0,78,nan,0,nan,0,nan,0,nan,0,nan,0,nan,0,nan,0,nan,0
1597988582887038976,1597988583432000000,2020-08-21 13:43:03.432000,1651.0,1674.0,1640.0,1656.0,nan,1656.0,68211,2259148320.0,50553,1651.0,4,1650.0,78,nan,0,nan,0,nan,0,nan,0,nan,0,nan,0,nan,0,nan,0
1597988583361243904,1597988583936000000,2020-08-21 13:43:03.936000,1651.0,1674.0,1640.0,1656.0,nan,1656.0,68211,2259148320.0,50553,1651.0,5,1650.0,78,nan,0,nan,0,nan,0,nan,0,nan,0,nan,0,nan,0,nan,0
1597988584445039104,1597988584900000000,2020-08-21 13:43:04.900000,1651.0,1674.0,1640.0,1656.0,nan,1656.0,68211,2259148320.0,50553,1651.0,5,1650.0,84,nan,0,nan,0,nan,0,nan,0,nan,0,nan,0,nan,0,nan,0
1597988584874341888,1597988585420999936,2020-08-21 13:43:05.421000,1651.0,1674.0,1640.0,1656.0,nan,1656.0,68211,2259148320.0,50553,1651.0,6,1650.0,84,nan,0,nan,0,nan,0,nan,0,nan,0,nan,0,nan,0,nan,0
1597988585888060928,1597988586426000128,2020-08-21 13:43:06.426000,1651.0,1674.0,1640.0,1656.0,nan,1656.0,68217,2259347040.0,50559,1652.0,45,1651.0,44,nan,0,nan,0,nan,0,nan,0,nan,0,nan,0,nan,0,nan,0
1597988587863352064,1597988588329999872,2020-08-21 13:43:08.330000,1651.0,1674.0,1640.0,1656.0,nan,1656.0,68227,2259678240.0,50559,1652.0,49,1651.0,34,nan,0,nan,0,nan,0,nan,0,nan,0,nan,0,nan,0,nan,0
1597988588373958912,1597988588916000000,2020-08-21 13:43:08.916000,1651.0,1674.0,1640.0,1656.0,nan,1656.0,68227,2259678240.0,50559,1652.0,49,1651.0,35,nan,0,nan,0,nan,0,nan,0,nan,0,nan,0,nan,0,nan,0
1597988588878100992,1597988589328000000,2020-08-21 13:43:09.328000,1651.0,1674.0,1640.0,1656.0,nan,1656.0,68227,2259678240.0,50559,1652.0,49,1651.0,36,nan,0,nan,0,nan,0,nan,0,nan,0,nan,0,nan,0,nan,0
1597988591889127936,1597988592433000192,2020-08-21 13:43:12.433000,1652.0,1674.0,1640.0,1656.0,nan,1656.0,68236,2259976320.0,50561,1652.0,41,1651.0,36,nan,0,nan,0,nan,0,nan,0,nan,0,nan,0,nan,0,nan,0
1597988593391544064,1597988593924999936,2020-08-21 13:43:13.925000,1652.0,1674.0,1640.0,1656.0,nan,1656.0,68236,2259976320.0,50561,1652.0,43,1651.0,36,nan,0,nan,0,nan,0,nan,0,nan,0,nan,0,nan,0,nan,0
1597988593901676032,1597988594426000128,2020-08-21 13:43:14.426000,1652.0,1674.0,1640.0,1656.0,nan,1656.0,68236,2259976320.0,50561,1652.0,43,1651.0,37,nan,0,nan,0,nan,0,nan,0,nan,0,nan,0,nan,0,nan,0
1597988595377491968,1597988596000000000,2020-08-21 13:43:16.000000,1651.0,1674.0,1640.0,1656.0,nan,1656.0,68237,2260009440.0,50561,1652.0,40,1651.0,36,nan,0,nan,0,nan,0,nan,0,nan,0,nan,0,nan,0,nan,0
1597988595854434048,1597988596436999936,2020-08-21 13:43:16.437000,1651.0,1674.0,1640.0,1656.0,nan,1656.0,68237,2260009440.0,50561,1652.0,45,1651.0,36,nan,0,nan,0,nan,0,nan,0,nan,0,nan,0,nan,0,nan,0
1597988596404104960,1597988596928999936,2020-08-21 13:43:16.929000,1651.0,1674.0,1640.0,1656.0,nan,1656.0,68238,2260042560.0,50561,1652.0,45,1651.0,35,nan,0,nan,0,nan,0,nan,0,nan,0,nan,0,nan,0,nan,0
1597988598377152000,1597988598928000000,2020-08-21 13:43:18.928000,1651.0,1674.0,1640.0,1656.0,nan,1656.0,68238,2260042560.0,50561,1652.0,44,1651.0,35,nan,0,nan,0,nan,0,nan,0,nan,0,nan,0,nan,0,nan,0
1597988604886466048,1597988605435000064,2020-08-21 13:43:25.435000,1651.0,1674.0,1640.0,1656.0,nan,1656.0,68238,2260042560.0,50561,1652.0,45,1651.0,35,nan,0,nan,0,nan,0,nan,0,nan,0,nan,0,nan,0,nan,0
1597988605377072896,1597988605923000064,2020-08-21 13:43:25.923000,1651.0,1674.0,1640.0,1656.0,nan,1656.0,68238,2260042560.0,50561,1652.0,45,1651.0,38,nan,0,nan,0,nan,0,nan,0,nan,0,nan,0,nan,0,nan,0
1597988606372849920,1597988606938999808,2020-08-21 13:43:26.939000,1651.0,1674.0,1640.0,1656.0,nan,1656.0,68238,2260042560.0,50561,1652.0,45,1651.0,37,nan,0,nan,0,nan,0,nan,0,nan,0,nan,0,nan,0,nan,0
1597988606904145920,1597988607428999936,2020-08-21 13:43:27.429000,1652.0,1674.0,1640.0,1656.0,nan,1656.0,68245,2260274400.0,50561,1652.0,38,1651.0,37,nan,0,nan,0,nan,0,nan,0,nan,0,nan,0,nan,0,nan,0
1597988610382464000,1597988611000000000,2020-08-21 13:43:31.000000,1651.0,1674.0,1640.0,1656.0,nan,1656.0,68246,2260307520.0,50562,1652.0,38,1651.0,36,nan,0,nan,0,nan,0,nan,0,nan,0,nan,0,nan,0,nan,0
1597988610871356928,1597988611417999872,2020-08-21 13:43:31.418000,1652.0,1674.0,1640.0,1656.0,nan,1656.0,68248,2260373760.0,50564,1652.0,36,1651.0,38,nan,0,nan,0,nan,0,nan,0,nan,0,nan,0,nan,0,nan,0
1597988611420048896,1597988612000000000,2020-08-21 13:43:32.000000,1652.0,1674.0,1640.0,1656.0,nan,1656.0,68248,2260373760.0,50564,1652.0,37,1651.0,38,nan,0,nan,0,nan,0,nan,0,nan,0,nan,0,nan,0,nan,0
1597988611875329024,1597988612430000128,2020-08-21 13:43:32.430000,1652.0,1674.0,1640.0,1656.0,nan,1656.0,68250,2260440000.0,50566,1652.0,35,1651.0,38,nan,0,nan,0,nan,0,nan,0,nan,0,nan,0,nan,0,nan,0
1597988612379203072,1597988612936000000,2020-08-21 13:43:32.936000,1652.0,1674.0,1640.0,1656.0,nan,1656.0,68254,2260572480.0,50570,1652.0,32,1651.0,38,nan,0,nan,0,nan,0,nan,0,nan,0,nan,0,nan,0,nan,0
1597988614882152960,1597988615423000064,2020-08-21 13:43:35.423000,1652.0,1674.0,1640.0,1656.0,nan,1656.0,68254,2260572480.0,50570,1652.0,32,1651.0,39,nan,0,nan,0,nan,0,nan,0,nan,0,nan,0,nan,0,nan,0
1597988615367941120,1597988616000000000,2020-08-21 13:43:36.000000,1651.0,1674.0,1640.0,1656.0,nan,1656.0,68256,2260638720.0,50570,1652.0,32,1651.0,37,nan,0,nan,0,nan,0,nan,0,nan,0,nan,0,nan,0,nan,0
1597988617391170048,1597988617926000128,2020-08-21 13:43:37.926000,1651.0,1674.0,1640.0,1656.0,nan,1656.0,68256,2260638720.0,50570,1652.0,32,1651.0,38,nan,0,nan,0,nan,0,nan,0,nan,0,nan,0,nan,0,nan,0
1597988619375974912,1597988619932000000,2020-08-21 13:43:39.932000,1651.0,1674.0,1640.0,1656.0,nan,1656.0,68256,2260638720.0,50570,1652.0,32,1651.0,39,nan,0,nan,0,nan,0,nan,0,nan,0,nan,0,nan,0,nan,0
1597988620004897024,1597988620438999808,2020-08-21 13:43:40.439000,1651.0,1674.0,1640.0,1656.0,nan,1656.0,68256,2260638720.0,50570,1652.0,32,1651.0,52,nan,0,nan,0,nan,0,nan,0,nan,0,nan,0,nan,0,nan,0
1597988621371823104,1597988621904999936,2020-08-21 13:43:41.905000,1651.0,1674.0,1640.0,1656.0,nan,1656.0,68256,2260638720.0,50570,1652.0,35,1651.0,52,nan,0,nan,0,nan,0,nan,0,nan,0,nan,0,nan,0,nan,0
1597988624390476032,1597988625000000000,2020-08-21 13:43:45.000000,1652.0,1674.0,1640.0,1656.0,nan,1656.0,68257,2260671840.0,50571,1652.0,34,1651.0,52,nan,0,nan,0,nan,0,nan,0,nan,0,nan,0,nan,0,nan,0
1597988624878893056,1597988625427000064,2020-08-21 13:43:45.427000,1652.0,1674.0,1640.0,1656.0,nan,1656.0,68257,2260671840.0,50571,1652.0,36,1651.0,52,nan,0,nan,0,nan,0,nan,0,nan,0,nan,0,nan,0,nan,0
1597988625390994944,1597988626000000000,2020-08-21 13:43:46.000000,1652.0,1674.0,1640.0,1656.0,nan,1656.0,68258,2260704960.0,50572,1652.0,35,1651.0,52,nan,0,nan,0,nan,0,nan,0,nan,0,nan,0,nan,0,nan,0
1597988626404290048,1597988627000000000,2020-08-21 13:43:47.000000,1652.0,1674.0,1640.0,1656.0,nan,1656.0,68258,2260704960.0,50572,1652.0,35,1651.0,53,nan,0,nan,0,nan,0,nan,0,nan,0,nan,0,nan,0,nan,0
1597988626874167040,1597988627378000128,2020-08-21 13:43:47.378000,1652.0,1674.0,1640.0,1656.0,nan,1656.0,68258,2260704960.0,50572,1652.0,38,1651.0,53,nan,0,nan,0,nan,0,nan,0,nan,0,nan,0,nan,0,nan,0
1597988627882319872,1597988628435000064,2020-08-21 13:43:48.435000,1652.0,1674.0,1640.0,1656.0,nan,1656.0,68278,2261367360.0,50578,1652.0,18,1651.0,53,nan,0,nan,0,nan,0,nan,0,nan,0,nan,0,nan,0,nan,0
1597988628880877056,1597988629436999936,2020-08-21 13:43:49.437000,1652.0,1674.0,1640.0,1656.0,nan,1656.0,68280,2261433600.0,50580,1652.0,16,1651.0,53,nan,0,nan,0,nan,0,nan,0,nan,0,nan,0,nan,0,nan,0
1597988629405326080,1597988630000000000,2020-08-21 13:43:50.000000,1652.0,1674.0,1640.0,1656.0,nan,1656.0,68296,2261963520.0,50567,1653.0,187,1651.0,53,nan,0,nan,0,nan,0,nan,0,nan,0,nan,0,nan,0,nan,0
1597988631392200960,1597988632000000000,2020-08-21 13:43:52.000000,1652.0,1674.0,1640.0,1656.0,nan,1656.0,68296,2261963520.0,50567,1652.0,3,1651.0,53,nan,0,nan,0,nan,0,nan,0,nan,0,nan,0,nan,0,nan,0
1597988633376696064,1597988633915000064,2020-08-21 13:43:53.915000,1652.0,1674.0,1640.0,1656.0,nan,1656.0,68297,2261996640.0,50567,1652.0,2,1651.0,53,nan,0,nan,0,nan,0,nan,0,nan,0,nan,0,nan,0,nan,0
1597988633887442944,1597988634424999936,2020-08-21 13:43:54.425000,1652.0,1674.0,1640.0,1656.0,nan,1656.0,68297,2261996640.0,50567,1652.0,3,1651.0,53,nan,0,nan,0,nan,0,nan,0,nan,0,nan,0,nan,0,nan,0
1597988634371890944,1597988635000000000,2020-08-21 13:43:55.000000,1652.0,1674.0,1640.0,1656.0,nan,1656.0,68298,2262029760.0,50567,1652.0,2,1651.0,53,nan,0,nan,0,nan,0,nan,0,nan,0,nan,0,nan,0,nan,0
1597988635385198080,1597988636000000000,2020-08-21 13:43:56.000000,1652.0,1674.0,1640.0,1656.0,nan,1656.0,68300,2262096000.0,50567,1653.0,188,1652.0,2,nan,0,nan,0,nan,0,nan,0,nan,0,nan,0,nan,0,nan,0
1597988636876022016,1597988637401999872,2020-08-21 13:43:57.402000,1652.0,1674.0,1640.0,1656.0,nan,1656.0,68302,2262162240.0,50567,1652.0,1,1651.0,53,nan,0,nan,0,nan,0,nan,0,nan,0,nan,0,nan,0,nan,0
1597988637371684096,1597988637926000128,2020-08-21 13:43:57.926000,1652.0,1674.0,1640.0,1656.0,nan,1656.0,68303,2262195360.0,50567,1653.0,188,1652.0,9,nan,0,nan,0,nan,0,nan,0,nan,0,nan,0,nan,0,nan,0
1597988637876165120,1597988638431000064,2020-08-21 13:43:58.431000,1652.0,1674.0,1640.0,1656.0,nan,1656.0,68303,2262195360.0,50567,1653.0,188,1652.0,14,nan,0,nan,0,nan,0,nan,0,nan,0,nan,0,nan,0,nan,0
1597988638404158976,1597988638932000000,2020-08-21 13:43:58.932000,1652.0,1674.0,1640.0,1656.0,nan,1656.0,68305,2262261600.0,50566,1653.0,187,1652.0,13,nan,0,nan,0,nan,0,nan,0,nan,0,nan,0,nan,0,nan,0
1597988638878650112,1597988639434000128,2020-08-21 13:43:59.434000,1652.0,1674.0,1640.0,1656.0,nan,1656.0,68305,2262261600.0,50566,1653.0,187,1652.0,15,nan,0,nan,0,nan,0,nan,0,nan,0,nan,0,nan,0,nan,0
1597988640401707008,1597988641000000000,2020-08-21 13:44:01.000000,1652.0,1674.0,1640.0,1656.0,nan,1656.0,68307,2262327840.0,50566,1653.0,187,1652.0,13,nan,0,nan,0,nan,0,nan,0,nan,0,nan,0,nan,0,nan,0
1597988641414848000,1597988642000000000,2020-08-21 13:44:02.000000,1652.0,1674.0,1640.0,1656.0,nan,1656.0,68307,2262327840.0,50566,1653.0,187,1652.0,16,nan,0,nan,0,nan,0,nan,0,nan,0,nan,0,nan,0,nan,0
1597988642378529024,1597988643000000000,2020-08-21 13:44:03.000000,1652.0,1674.0,1640.0,1656.0,nan,1656.0,68307,2262327840.0,50566,1653.0,186,1652.0,16,nan,0,nan,0,nan,0,nan,0,nan,0,nan,0,nan,0,nan,0
1597988643396101888,1597988644000000000,2020-08-21 13:44:04.000000,1652.0,1674.0,1640.0,1656.0,nan,1656.0,68307,2262327840.0,50566,1653.0,187,1652.0,16,nan,0,nan,0,nan,0,nan,0,nan,0,nan,0,nan,0,nan,0
1597988643884928000,1597988644421999872,2020-08-21 13:44:04.422000,1652.0,1674.0,1640.0,1656.0,nan,1656.0,68307,2262327840.0,50566,1653.0,187,1652.0,19,nan,0,nan,0,nan,0,nan,0,nan,0,nan,0,nan,0,nan,0
1597988645893431040,1597988646434000128,2020-08-21 13:44:06.434000,1652.0,1674.0,1640.0,1656.0,nan,1656.0,68308,2262360960.0,50567,1653.0,187,1652.0,20,nan,0,nan,0,nan,0,nan,0,nan,0,nan,0,nan,0,nan,0
1597988646402327040,1597988647000000000,2020-08-21 13:44:07.000000,1652.0,1674.0,1640.0,1656.0,nan,1656.0,68308,2262360960.0,50567,1653.0,187,1652.0,30,nan,0,nan,0,nan,0,nan,0,nan,0,nan,0,nan,0,nan,0
1597988646875440128,1597988647435000064,2020-08-21 13:44:07.435000,1652.0,1674.0,1640.0,1656.0,nan,1656.0,68308,2262360960.0,50567,1653.0,187,1652.0,34,nan,0,nan,0,nan,0,nan,0,nan,0,nan,0,nan,0,nan,0
1597988647390379008,1597988648000000000,2020-08-21 13:44:08.000000,1652.0,1674.0,1640.0,1656.0,nan,1656.0,68308,2262360960.0,50567,1653.0,187,1652.0,44,nan,0,nan,0,nan,0,nan,0,nan,0,nan,0,nan,0,nan,0
1597988647882544128,1597988648420999936,2020-08-21 13:44:08.421000,1652.0,1674.0,1640.0,1656.0,nan,1656.0,68308,2262360960.0,50567,1653.0,187,1652.0,45,nan,0,nan,0,nan,0,nan,0,nan,0,nan,0,nan,0,nan,0
1597988648383692032,1597988649000000000,2020-08-21 13:44:09.000000,1652.0,1674.0,1640.0,1656.0,nan,1656.0,68358,2264016960.0,50588,1652.0,1,1651.0,54,nan,0,nan,0,nan,0,nan,0,nan,0,nan,0,nan,0,nan,0
1597988648884654080,1597988649433000192,2020-08-21 13:44:09.433000,1652.0,1674.0,1640.0,1656.0,nan,1656.0,68359,2264050080.0,50588,1653.0,187,1651.0,54,nan,0,nan,0,nan,0,nan,0,nan,0,nan,0,nan,0,nan,0
1597988649387299072,1597988650000000000,2020-08-21 13:44:10.000000,1653.0,1674.0,1640.0,1656.0,nan,1656.0,68360,2264083200.0,50588,1653.0,186,1651.0,54,nan,0,nan,0,nan,0,nan,0,nan,0,nan,0,nan,0,nan,0
1597988650415271936,1597988651000000000,2020-08-21 13:44:11.000000,1653.0,1674.0,1640.0,1656.0,nan,1656.0,68360,2264083200.0,50588,1653.0,186,1652.0,1,nan,0,nan,0,nan,0,nan,0,nan,0,nan,0,nan,0,nan,0
1597988651424012032,1597988652000000000,2020-08-21 13:44:12.000000,1653.0,1674.0,1640.0,1656.0,nan,1656.0,68360,2264083200.0,50588,1653.0,187,1652.0,2,nan,0,nan,0,nan,0,nan,0,nan,0,nan,0,nan,0,nan,0
1597988651885338112,1597988652433000192,2020-08-21 13:44:12.433000,1653.0,1674.0,1640.0,1656.0,nan,1656.0,68360,2264083200.0,50588,1653.0,187,1652.0,3,nan,0,nan,0,nan,0,nan,0,nan,0,nan,0,nan,0,nan,0
1597988652414243072,1597988653000000000,2020-08-21 13:44:13.000000,1652.0,1674.0,1640.0,1656.0,nan,1656.0,68361,2264116320.0,50589,1653.0,187,1652.0,2,nan,0,nan,0,nan,0,nan,0,nan,0,nan,0,nan,0,nan,0
1597988652878614016,1597988653424000000,2020-08-21 13:44:13.424000,1652.0,1674.0,1640.0,1656.0,nan,1656.0,68363,2264182560.0,50589,1652.0,2,1651.0,54,nan,0,nan,0,nan,0,nan,0,nan,0,nan,0,nan,0,nan,0
1597988653389457920,1597988654000000000,2020-08-21 13:44:14.000000,1652.0,1674.0,1640.0,1656.0,nan,1656.0,68363,2264182560.0,50589,1652.0,12,1651.0,54,nan,0,nan,0,nan,0,nan,0,nan,0,nan,0,nan,0,nan,0
1597988653894585088,1597988654437999872,2020-08-21 13:44:14.438000,1652.0,1674.0,1640.0,1656.0,nan,1656.0,68365,2264248800.0,50589,1652.0,10,1651.0,55,nan,0,nan,0,nan,0,nan,0,nan,0,nan,0,nan,0,nan,0
1597988654400850944,1597988655000000000,2020-08-21 13:44:15.000000,1652.0,1674.0,1640.0,1656.0,nan,1656.0,68365,2264248800.0,50589,1652.0,10,1651.0,56,nan,0,nan,0,nan,0,nan,0,nan,0,nan,0,nan,0,nan,0
1597988655391898880,1597988655932000000,2020-08-21 13:44:15.932000,1651.0,1674.0,1640.0,1656.0,nan,1656.0,68367,2264315040.0,50589,1652.0,14,1651.0,54,nan,0,nan,0,nan,0,nan,0,nan,0,nan,0,nan,0,nan,0
1597988655911823104,1597988656424000000,2020-08-21 13:44:16.424000,1652.0,1674.0,1640.0,1656.0,nan,1656.0,68380,2264745600.0,50589,1652.0,2,1651.0,53,nan,0,nan,0,nan,0,nan,0,nan,0,nan,0,nan,0,nan,0
1597988657881626112,1597988658436999936,2020-08-21 13:44:18.437000,1652.0,1674.0,1640.0,1656.0,nan,1656.0,68380,2264745600.0,50589,1652.0,3,1651.0,53,nan,0,nan,0,nan,0,nan,0,nan,0,nan,0,nan,0,nan,0
1597988658394597888,1597988659000000000,2020-08-21 13:44:19.000000,1652.0,1674.0,1640.0,1656.0,nan,1656.0,68380,2264745600.0,50589,1652.0,3,1651.0,60,nan,0,nan,0,nan,0,nan,0,nan,0,nan,0,nan,0,nan,0
1597988658882678016,1597988659436999936,2020-08-21 13:44:19.437000,1652.0,1674.0,1640.0,1656.0,nan,1656.0,68380,2264745600.0,50589,1652.0,3,1651.0,66,nan,0,nan,0,nan,0,nan,0,nan,0,nan,0,nan,0,nan,0
1597988659426854912,1597988660000000000,2020-08-21 13:44:20.000000,1652.0,1674.0,1640.0,1656.0,nan,1656.0,68380,2264745600.0,50589,1652.0,3,1651.0,54,nan,0,nan,0,nan,0,nan,0,nan,0,nan,0,nan,0,nan,0
1597988659889036032,1597988660434000128,2020-08-21 13:44:20.434000,1652.0,1674.0,1640.0,1656.0,nan,1656.0,68383,2264844960.0,50589,1653.0,177,1652.0,9,nan,0,nan,0,nan,0,nan,0,nan,0,nan,0,nan,0,nan,0
1597988660884588032,1597988661413000192,2020-08-21 13:44:21.413000,1652.0,1674.0,1640.0,1656.0,nan,1656.0,68383,2264844960.0,50589,1653.0,177,1652.0,15,nan,0,nan,0,nan,0,nan,0,nan,0,nan,0,nan,0,nan,0
1597988661893825024,1597988662435000064,2020-08-21 13:44:22.435000,1652.0,1674.0,1640.0,1656.0,nan,1656.0,68383,2264844960.0,50589,1653.0,178,1652.0,15,nan,0,nan,0,nan,0,nan,0,nan,0,nan,0,nan,0,nan,0
1597988662409776896,1597988663000000000,2020-08-21 13:44:23.000000,1652.0,1674.0,1640.0,1656.0,nan,1656.0,68384,2264878080.0,50590,1653.0,178,1652.0,14,nan,0,nan,0,nan,0,nan,0,nan,0,nan,0,nan,0,nan,0
1597988662891290112,1597988663438999808,2020-08-21 13:44:23.439000,1652.0,1674.0,1640.0,1656.0,nan,1656.0,68386,2264944320.0,50591,1653.0,177,1652.0,13,nan,0,nan,0,nan,0,nan,0,nan,0,nan,0,nan,0,nan,0
1597988663386494976,1597988664000000000,2020-08-21 13:44:24.000000,1652.0,1674.0,1640.0,1656.0,nan,1656.0,68387,2264977440.0,50591,1653.0,177,1652.0,13,nan,0,nan,0,nan,0,nan,0,nan,0,nan,0,nan,0,nan,0
1597988663901015040,1597988664412000000,2020-08-21 13:44:24.412000,1652.0,1674.0,1640.0,1656.0,nan,1656.0,68388,2265010560.0,50591,1653.0,177,1652.0,12,nan,0,nan,0,nan,0,nan,0,nan,0,nan,0,nan,0,nan,0
1597988666388860928,1597988667000000000,2020-08-21 13:44:27.000000,1652.0,1674.0,1640.0,1656.0,nan,1656.0,68394,2265209280.0,50592,1653.0,177,1652.0,16,nan,0,nan,0,nan,0,nan,0,nan,0,nan,0,nan,0,nan,0
1597988667418999040,1597988668000000000,2020-08-21 13:44:28.000000,1652.0,1674.0,1640.0,1656.0,nan,1656.0,68395,2265242400.0,50592,1653.0,177,1652.0,15,nan,0,nan,0,nan,0,nan,0,nan,0,nan,0,nan,0,nan,0
1597988667891697920,1597988668431000064,2020-08-21 13:44:28.431000,1652.0,1674.0,1640.0,1656.0,nan,1656.0,68410,2265739200.0,50595,1652.0,14,1651.0,50,nan,0,nan,0,nan,0,nan,0,nan,0,nan,0,nan,0,nan,0
1597988668407963904,1597988669000000000,2020-08-21 13:44:29.000000,1653.0,1674.0,1640.0,1656.0,nan,1656.0,68411,2265772320.0,50595,1653.0,176,1651.0,50,nan,0,nan,0,nan,0,nan,0,nan,0,nan,0,nan,0,nan,0
1597988668899766016,1597988669420999936,2020-08-21 13:44:29.421000,1653.0,1674.0,1640.0,1656.0,nan,1656.0,68416,2265937920.0,50600,1652.0,46,1651.0,50,nan,0,nan,0,nan,0,nan,0,nan,0,nan,0,nan,0,nan,0
1597988670425636096,1597988671000000000,2020-08-21 13:44:31.000000,1652.0,1674.0,1640.0,1656.0,nan,1656.0,68423,2266169760.0,50606,1652.0,39,1651.0,50,nan,0,nan,0,nan,0,nan,0,nan,0,nan,0,nan,0,nan,0
1597988670896283904,1597988671421999872,2020-08-21 13:44:31.422000,1652.0,1674.0,1640.0,1656.0,nan,1656.0,68423,2266169760.0,50606,1652.0,39,1651.0,54,nan,0,nan,0,nan,0,nan,0,nan,0,nan,0,nan,0,nan,0
1597988671895632896,1597988672433000192,2020-08-21 13:44:32.433000,1652.0,1674.0,1640.0,1656.0,nan,1656.0,68423,2266169760.0,50606,1652.0,44,1651.0,55,nan,0,nan,0,nan,0,nan,0,nan,0,nan,0,nan,0,nan,0
1597988672386524928,1597988673000000000,2020-08-21 13:44:33.000000,1652.0,1674.0,1640.0,1656.0,nan,1656.0,68440,2266732800.0,50606,1652.0,27,1651.0,55,nan,0,nan,0,nan,0,nan,0,nan,0,nan,0,nan,0,nan,0
1597988673416086016,1597988674000000000,2020-08-21 13:44:34.000000,1652.0,1674.0,1640.0,1656.0,nan,1656.0,68441,2266765920.0,50607,1652.0,26,1651.0,55,nan,0,nan,0,nan,0,nan,0,nan,0,nan,0,nan,0,nan,0
1597988674414454016,1597988675000000000,2020-08-21 13:44:35.000000,1652.0,1674.0,1640.0,1656.0,nan,1656.0,68441,2266765920.0,50607,1652.0,26,1651.0,56,nan,0,nan,0,nan,0,nan,0,nan,0,nan,0,nan,0,nan,0
1597988674885082880,1597988675436000000,2020-08-21 13:44:35.436000,1652.0,1674.0,1640.0,1656.0,nan,1656.0,68441,2266765920.0,50607,1652.0,76,1651.0,56,nan,0,nan,0,nan,0,nan,0,nan,0,nan,0,nan,0,nan,0
1597988675896377088,1597988676432000000,2020-08-21 13:44:36.432000,1652.0,1674.0,1640.0,1656.0,nan,1656.0,68441,2266765920.0,50607,1652.0,83,1651.0,57,nan,0,nan,0,nan,0,nan,0,nan,0,nan,0,nan,0,nan,0
1597988676410824960,1597988677000000000,2020-08-21 13:44:37.000000,1652.0,1674.0,1640.0,1656.0,nan,1656.0,68444,2266865280.0,50610,1652.0,81,1651.0,57,nan,0,nan,0,nan,0,nan,0,nan,0,nan,0,nan,0,nan,0
1597988678894883072,1597988679434000128,2020-08-21 13:44:39.434000,1652.0,1674.0,1640.0,1656.0,nan,1656.0,68444,2266865280.0,50610,1652.0,82,1651.0,57,nan,0,nan,0,nan,0,nan,0,nan,0,nan,0,nan,0,nan,0
1597988679886051072,1597988680432000000,2020-08-21 13:44:40.432000,1652.0,1674.0,1640.0,1656.0,nan,1656.0,68444,2266865280.0,50610,1652.0,82,1651.0,60,nan,0,nan,0,nan,0,nan,0,nan,0,nan,0,nan,0,nan,0
1597988681403592960,1597988682000000000,2020-08-21 13:44:42.000000,1652.0,1674.0,1640.0,1656.0,nan,1656.0,68444,2266865280.0,50610,1652.0,83,1651.0,60,nan,0,nan,0,nan,0,nan,0,nan,0,nan,0,nan,0,nan,0
1597988681919864064,1597988682438999808,2020-08-21 13:44:42.439000,1652.0,1674.0,1640.0,1656.0,nan,1656.0,68444,2266865280.0,50610,1652.0,83,1651.0,65,nan,0,nan,0,nan,0,nan,0,nan,0,nan,0,nan,0,nan,0
1597988682417133056,1597988683000000000,2020-08-21 13:44:43.000000,1652.0,1674.0,1640.0,1656.0,nan,1656.0,68444,2266865280.0,50610,1652.0,76,1651.0,65,nan,0,nan,0,nan,0,nan,0,nan,0,nan,0,nan,0,nan,0
