local_nano_time,quote_nano_time,datetime,last_price,highest,lowest,open,close,average,volume,amount,open_interest,ask_price1,ask_volume1,bid_price1,bid_volume1,ask_price2,ask_volume2,bid_price2,bid_volume2,ask_price3,ask_volume3,bid_price3,bid_volume3,ask_price4,ask_volume4,bid_price4,bid_volume4,ask_price5,ask_volume5,bid_price5,bid_volume5
1597988226645199872,1597988227220999936,2020-08-21 13:37:07.221000,1216.0,1218.0,1205.5,1211.5,nan,1213.0,28519,2075789880.0,20839,1216.5,26,1216.0,17,nan,0,nan,0,nan,0,nan,0,nan,0,nan,0,nan,0,nan,0
1597988230638802944,1597988231226000128,2020-08-21 13:37:11.226000,1216.5,1218.0,1205.5,1211.5,nan,1213.0,28520,2075862870.0,20838,1216.5,25,1216.0,17,nan,0,nan,0,nan,0,nan,0,nan,0,nan,0,nan,0,nan,0
1597988241667409920,1597988242229000192,2020-08-21 13:37:22.229000,1216.5,1218.0,1205.5,1211.5,nan,1213.0,28520,2075862870.0,20838,1216.5,25,1216.0,14,nan,0,nan,0,nan,0,nan,0,nan,0,nan,0,nan,0,nan,0
1597988244146701056,1597988244698999808,2020-08-21 13:37:24.699000,1216.0,1218.0,1205.5,1211.5,nan,1213.0,28521,2075935830.0,20838,1216.5,25,1216.0,14,nan,0,nan,0,nan,0,nan,0,nan,0,nan,0,nan,0,nan,0
1597988246179443968,1597988246687000064,2020-08-21 13:37:26.687000,1216.0,1218.0,1205.5,1211.5,nan,1213.0,28521,2075935830.0,20838,1216.5,25,1216.0,13,nan,0,nan,0,nan,0,nan,0,nan,0,nan,0,nan,0,nan,0
1597988250187471872,1597988250739000064,2020-08-21 13:37:30.739000,1216.5,1218.0,1205.5,1211.5,nan,1213.0,28522,2076008820.0,20837,1216.5,24,1216.0,17,nan,0,nan,0,nan,0,nan,0,nan,0,nan,0,nan,0,nan,0
1597988251676433920,1597988252190000128,2020-08-21 13:37:32.190000,1216.5,1218.0,1205.5,1211.5,nan,1213.0,28522,2076008820.0,20837,1216.5,24,1216.0,18,nan,0,nan,0,nan,0,nan,0,nan,0,nan,0,nan,0,nan,0
1597988252145455104,1597988252742000128,2020-08-21 13:37:32.742000,1216.5,1218.0,1205.5,1211.5,nan,1213.0,28522,2076008820.0,20837,1216.5,25,1216.0,18,nan,0,nan,0,nan,0,nan,0,nan,0,nan,0,nan,0,nan,0
1597988252671281920,1597988253234999808,2020-08-21 13:37:33.235000,1216.5,1218.0,1205.5,1211.5,nan,1213.0,28523,2076081810.0,20836,1216.5,24,1216.0,18,nan,0,nan,0,nan,0,nan,0,nan,0,nan,0,nan,0,nan,0
1597988253648129024,1597988254232000000,2020-08-21 13:37:34.232000,1216.5,1218.0,1205.5,1211.5,nan,1213.0,28523,2076081810.0,20836,1216.5,24,1216.0,17,nan,0,nan,0,nan,0,nan,0,nan,0,nan,0,nan,0,nan,0
1597988254147222016,1597988254739000064,2020-08-21 13:37:34.739000,1216.5,1218.0,1205.5,1211.5,nan,1213.0,28524,2076154800.0,20835,1216.5,23,1216.0,17,nan,0,nan,0,nan,0,nan,0,nan,0,nan,0,nan,0,nan,0
1597988256156412928,1597988256673000192,2020-08-21 13:37:36.673000,1216.0,1218.0,1205.5,1211.5,nan,1213.0,28528,2076446640.0,20839,1216.5,23,1216.0,13,nan,0,nan,0,nan,0,nan,0,nan,0,nan,0,nan,0,nan,0
1597988256653299968,1597988257223000064,2020-08-21 13:37:37.223000,1216.0,1218.0,1205.5,1211.5,nan,1213.0,28528,2076446640.0,20839,1216.5,23,1216.0,15,nan,0,nan,0,nan,0,nan,0,nan,0,nan,0,nan,0,nan,0
1597988257159656960,1597988257727000064,2020-08-21 13:37:37.727000,1216.0,1218.0,1205.5,1211.5,nan,1213.0,28533,2076811440.0,20834,1216.5,23,1216.0,10,nan,0,nan,0,nan,0,nan,0,nan,0,nan,0,nan,0,nan,0
1597988257647104000,1597988258237999872,2020-08-21 13:37:38.238000,1216.0,1218.0,1205.5,1211.5,nan,1213.0,28533,2076811440.0,20834,1216.5,23,1216.0,5,nan,0,nan,0,nan,0,nan,0,nan,0,nan,0,nan,0,nan,0
1597988261648304128,1597988262239000064,2020-08-21 13:37:42.239000,1216.0,1218.0,1205.5,1211.5,nan,1213.0,28533,2076811440.0,20834,1216.5,23,1216.0,6,nan,0,nan,0,nan,0,nan,0,nan,0,nan,0,nan,0,nan,0
1597988262168132096,1597988262742000128,2020-08-21 13:37:42.742000,1216.0,1218.0,1205.5,1211.5,nan,1213.0,28533,2076811440.0,20834,1216.5,35,1216.0,6,nan,0,nan,0,nan,0,nan,0,nan,0,nan,0,nan,0,nan,0
1597988273150812928,1597988273728000000,2020-08-21 13:37:53.728000,1216.0,1218.0,1205.5,1211.5,nan,1213.0,28534,2076884400.0,20835,1216.5,35,1216.0,5,nan,0,nan,0,nan,0,nan,0,nan,0,nan,0,nan,0,nan,0
1597988276148846080,1597988276736999936,2020-08-21 13:37:56.737000,1216.0,1218.0,1205.5,1211.5,nan,1213.0,28534,2076884400.0,20835,1216.5,36,1216.0,5,nan,0,nan,0,nan,0,nan,0,nan,0,nan,0,nan,0,nan,0
1597988279645753088,1597988280138000128,2020-08-21 13:38:00.138000,1216.0,1218.0,1205.5,1211.5,nan,1213.0,28539,2077249200.0,20837,1216.5,38,1215.5,57,nan,0,nan,0,nan,0,nan,0,nan,0,nan,0,nan,0,nan,0
1597988282147278080,1597988282688000000,2020-08-21 13:38:02.688000,1216.0,1218.0,1205.5,1211.5,nan,1213.0,28539,2077249200.0,20837,1216.5,58,1215.5,58,nan,0,nan,0,nan,0,nan,0,nan,0,nan,0,nan,0,nan,0
1597988283140762112,1597988283701999872,2020-08-21 13:38:03.702000,1216.5,1218.0,1205.5,1211.5,nan,1213.0,28540,2077322190.0,20836,1216.5,58,1215.5,58,nan,0,nan,0,nan,0,nan,0,nan,0,nan,0,nan,0,nan,0
1597988291640314112,1597988292220000000,2020-08-21 13:38:12.220000,1216.5,1218.0,1205.5,1211.5,nan,1213.0,28540,2077322190.0,20836,1216.5,58,1216.0,8,nan,0,nan,0,nan,0,nan,0,nan,0,nan,0,nan,0,nan,0
1597988292145987072,1597988292713999872,2020-08-21 13:38:12.714000,1216.0,1218.0,1205.5,1211.5,nan,1213.0,28544,2077614030.0,20832,1216.5,58,1216.0,4,nan,0,nan,0,nan,0,nan,0,nan,0,nan,0,nan,0,nan,0
1597988293141808128,1597988293712000000,2020-08-21 13:38:13.712000,1216.0,1218.0,1205.5,1211.5,nan,1213.0,28544,2077614030.0,20832,1216.5,59,1216.0,4,nan,0,nan,0,nan,0,nan,0,nan,0,nan,0,nan,0,nan,0
1597988294642352896,1597988295227000064,2020-08-21 13:38:15.227000,1216.5,1218.0,1205.5,1211.5,nan,1213.0,28545,2077687020.0,20831,1216.5,58,1216.0,4,nan,0,nan,0,nan,0,nan,0,nan,0,nan,0,nan,0,nan,0
1597988295641592064,1597988296236999936,2020-08-21 13:38:16.237000,1216.0,1218.0,1205.5,1211.5,nan,1213.0,28546,2077759980.0,20831,1216.5,58,1216.0,3,nan,0,nan,0,nan,0,nan,0,nan,0,nan,0,nan,0,nan,0
1597988303144291072,1597988303732000000,2020-08-21 13:38:23.732000,1216.0,1218.0,1205.5,1211.5,nan,1213.0,28549,2077978860.0,20831,1216.0,8,1215.5,58,nan,0,nan,0,nan,0,nan,0,nan,0,nan,0,nan,0,nan,0
1597988303852229888,1597988304216999936,2020-08-21 13:38:24.217000,1216.0,1218.0,1205.5,1211.5,nan,1213.0,28549,2077978860.0,20831,1216.0,20,1215.5,58,nan,0,nan,0,nan,0,nan,0,nan,0,nan,0,nan,0,nan,0
1597988306148102912,1597988306742000128,2020-08-21 13:38:26.742000,1216.0,1218.0,1205.5,1211.5,nan,1213.0,28569,2079438060.0,20838,1216.5,45,1216.0,2,nan,0,nan,0,nan,0,nan,0,nan,0,nan,0,nan,0,nan,0
1597988307194652928,1597988307742000128,2020-08-21 13:38:27.742000,1216.0,1218.0,1205.5,1211.5,nan,1213.0,28569,2079438060.0,20838,1216.5,45,1216.0,8,nan,0,nan,0,nan,0,nan,0,nan,0,nan,0,nan,0,nan,0
1597988307700894976,1597988308243000064,2020-08-21 13:38:28.243000,1216.0,1218.0,1205.5,1211.5,nan,1213.0,28569,2079438060.0,20838,1216.5,45,1216.0,10,nan,0,nan,0,nan,0,nan,0,nan,0,nan,0,nan,0,nan,0
1597988314647013888,1597988315232999936,2020-08-21 13:38:35.233000,1216.0,1218.0,1205.5,1211.5,nan,1213.0,28569,2079438060.0,20838,1216.5,45,1216.0,11,nan,0,nan,0,nan,0,nan,0,nan,0,nan,0,nan,0,nan,0
1597988319649576960,1597988320240999936,2020-08-21 13:38:40.241000,1216.0,1218.0,1205.5,1211.5,nan,1213.0,28569,2079438060.0,20838,1216.5,48,1216.0,11,nan,0,nan,0,nan,0,nan,0,nan,0,nan,0,nan,0,nan,0
1597988320142287104,1597988320728000000,2020-08-21 13:38:40.728000,1216.0,1218.0,1205.5,1211.5,nan,1213.0,28569,2079438060.0,20838,1216.5,48,1216.0,2,nan,0,nan,0,nan,0,nan,0,nan,0,nan,0,nan,0,nan,0
1597988320653619968,1597988321224999936,2020-08-21 13:38:41.225000,1216.0,1218.0,1205.5,1211.5,nan,1213.0,28569,2079438060.0,20838,1216.5,48,1216.0,4,nan,0,nan,0,nan,0,nan,0,nan,0,nan,0,nan,0,nan,0
1597988333167344128,1597988333742000128,2020-08-21 13:38:53.742000,1216.0,1218.0,1205.5,1211.5,nan,1213.0,28570,2079511020.0,20837,1216.5,48,1216.0,3,nan,0,nan,0,nan,0,nan,0,nan,0,nan,0,nan,0,nan,0
1597988333758810112,1597988334203000064,2020-08-21 13:38:54.203000,1216.0,1218.0,1205.5,1211.5,nan,1213.0,28571,2079583980.0,20836,1216.5,48,1216.0,2,nan,0,nan,0,nan,0,nan,0,nan,0,nan,0,nan,0,nan,0
1597988334212023040,1597988334690000128,2020-08-21 13:38:54.690000,1216.0,1218.0,1205.5,1211.5,nan,1213.0,28572,2079656940.0,20837,1216.5,48,1216.0,1,nan,0,nan,0,nan,0,nan,0,nan,0,nan,0,nan,0,nan,0
1597988335702362880,1597988336194000128,2020-08-21 13:38:56.194000,1216.0,1218.0,1205.5,1211.5,nan,1213.0,28573,2079729900.0,20837,1216.0,2,1215.5,59,nan,0,nan,0,nan,0,nan,0,nan,0,nan,0,nan,0,nan,0
1597988336211276032,1597988336742000128,2020-08-21 13:38:56.742000,1216.0,1218.0,1205.5,1211.5,nan,1213.0,28575,2079875820.0,20837,1216.0,4,1215.5,59,nan,0,nan,0,nan,0,nan,0,nan,0,nan,0,nan,0,nan,0
1597988336727371008,1597988337233999872,2020-08-21 13:38:57.234000,1216.0,1218.0,1205.5,1211.5,nan,1213.0,28579,2080167660.0,20837,1216.5,48,1215.5,59,nan,0,nan,0,nan,0,nan,0,nan,0,nan,0,nan,0,nan,0
1597988339314042880,1597988339720000000,2020-08-21 13:38:59.720000,1216.0,1218.0,1205.5,1211.5,nan,1213.0,28579,2080167660.0,20837,1216.5,48,1215.5,58,nan,0,nan,0,nan,0,nan,0,nan,0,nan,0,nan,0,nan,0
1597988340168098048,1597988340736999936,2020-08-21 13:39:00.737000,1216.0,1218.0,1205.5,1211.5,nan,1213.0,28579,2080167660.0,20837,1216.5,49,1215.5,58,nan,0,nan,0,nan,0,nan,0,nan,0,nan,0,nan,0,nan,0
1597988341742505984,1597988342244000000,2020-08-21 13:39:02.244000,1216.0,1218.0,1205.5,1211.5,nan,1213.0,28579,2080167660.0,20837,1216.5,49,1216.0,9,nan,0,nan,0,nan,0,nan,0,nan,0,nan,0,nan,0,nan,0
1597988342171365888,1597988342734999808,2020-08-21 13:39:02.735000,1216.0,1218.0,1205.5,1211.5,nan,1213.0,28579,2080167660.0,20837,1216.5,49,1216.0,11,nan,0,nan,0,nan,0,nan,0,nan,0,nan,0,nan,0,nan,0
1597988342728227072,1597988343236999936,2020-08-21 13:39:03.237000,1216.0,1218.0,1205.5,1211.5,nan,1213.0,28579,2080167660.0,20837,1216.5,49,1216.0,12,nan,0,nan,0,nan,0,nan,0,nan,0,nan,0,nan,0,nan,0
1597988343159911936,1597988343740000000,2020-08-21 13:39:03.740000,1216.0,1218.0,1205.5,1211.5,nan,1213.0,28579,2080167660.0,20837,1216.5,49,1216.0,5,nan,0,nan,0,nan,0,nan,0,nan,0,nan,0,nan,0,nan,0
1597988345167068928,1597988345742000128,2020-08-21 13:39:05.742000,1216.0,1218.0,1205.5,1211.5,nan,1213.0,28580,2080240620.0,20838,1216.5,49,1216.0,4,nan,0,nan,0,nan,0,nan,0,nan,0,nan,0,nan,0,nan,0
1597988346683022080,1597988347239000064,2020-08-21 13:39:07.239000,1216.0,1218.0,1205.5,1211.5,nan,1213.0,28580,2080240620.0,20838,1216.5,49,1216.0,3,nan,0,nan,0,nan,0,nan,0,nan,0,nan,0,nan,0,nan,0
1597988347469283072,1597988347711000064,2020-08-21 13:39:07.711000,1216.0,1218.0,1205.5,1211.5,nan,1213.0,28584,2080532460.0,20838,1216.5,49,1215.5,57,nan,0,nan,0,nan,0,nan,0,nan,0,nan,0,nan,0,nan,0
1597988355148451072,1597988355742000128,2020-08-21 13:39:15.742000,1216.0,1218.0,1205.5,1211.5,nan,1213.0,28584,2080532460.0,20838,1216.5,49,1215.5,52,nan,0,nan,0,nan,0,nan,0,nan,0,nan,0,nan,0,nan,0
1597988374146820096,1597988374736999936,2020-08-21 13:39:34.737000,1216.5,1218.0,1205.5,1211.5,nan,1213.0,28585,2080605450.0,20838,1216.5,48,1215.5,52,nan,0,nan,0,nan,0,nan,0,nan,0,nan,0,nan,0,nan,0
1597988378646936064,1597988379204999936,2020-08-21 13:39:39.205000,1216.5,1218.0,1205.5,1211.5,nan,1213.0,28586,2080678440.0,20837,1216.5,47,1215.5,52,nan,0,nan,0,nan,0,nan,0,nan,0,nan,0,nan,0,nan,0
1597988392145179904,1597988392736999936,2020-08-21 13:39:52.737000,1216.5,1218.0,1205.5,1211.5,nan,1213.0,28586,2080678440.0,20837,1216.5,48,1215.5,52,nan,0,nan,0,nan,0,nan,0,nan,0,nan,0,nan,0,nan,0
1597988392641457920,1597988393233999872,2020-08-21 13:39:53.234000,1216.5,1218.0,1205.5,1211.5,nan,1213.0,28586,2080678440.0,20837,1216.5,50,1216.0,1,nan,0,nan,0,nan,0,nan,0,nan,0,nan,0,nan,0,nan,0
1597988393167282944,1597988393729000192,2020-08-21 13:39:53.729000,1216.0,1218.0,1205.5,1211.5,nan,1213.0,28587,2080751400.0,20837,1216.5,50,1215.5,52,nan,0,nan,0,nan,0,nan,0,nan,0,nan,0,nan,0,nan,0
1597988395647739904,1597988396236000000,2020-08-21 13:39:56.236000,1216.0,1218.0,1205.5,1211.5,nan,1213.0,28587,2080751400.0,20837,1216.5,50,1215.5,58,nan,0,nan,0,nan,0,nan,0,nan,0,nan,0,nan,0,nan,0
1597988396154462976,1597988396729000192,2020-08-21 13:39:56.729000,1216.5,1218.0,1205.5,1211.5,nan,1213.0,28590,2080970370.0,20834,1216.5,47,1215.5,59,nan,0,nan,0,nan,0,nan,0,nan,0,nan,0,nan,0,nan,0
1597988400164256000,1597988400744000000,2020-08-21 13:40:00.744000,1216.5,1218.0,1205.5,1211.5,nan,1213.0,28591,2081043360.0,20834,1216.5,46,1215.5,59,nan,0,nan,0,nan,0,nan,0,nan,0,nan,0,nan,0,nan,0
1597988401656257024,1597988402216999936,2020-08-21 13:40:02.217000,1216.5,1218.0,1205.5,1211.5,nan,1213.0,28591,2081043360.0,20834,1216.5,46,1215.5,60,nan,0,nan,0,nan,0,nan,0,nan,0,nan,0,nan,0,nan,0
1597988404170631936,1597988404724000000,2020-08-21 13:40:04.724000,1215.5,1218.0,1205.5,1211.5,nan,1213.0,28592,2081116290.0,20833,1216.5,46,1215.5,59,nan,0,nan,0,nan,0,nan,0,nan,0,nan,0,nan,0,nan,0
1597988404657505024,1597988405188000000,2020-08-21 13:40:05.188000,1215.5,1218.0,1205.5,1211.5,nan,1213.0,28593,2081189220.0,20833,1216.5,46,1215.5,58,nan,0,nan,0,nan,0,nan,0,nan,0,nan,0,nan,0,nan,0
1597988406153116928,1597988406729000192,2020-08-21 13:40:06.729000,1215.5,1218.0,1205.5,1211.5,nan,1213.0,28593,2081189220.0,20833,1216.5,46,1215.5,53,nan,0,nan,0,nan,0,nan,0,nan,0,nan,0,nan,0,nan,0
1597988406649036032,1597988407236999936,2020-08-21 13:40:07.237000,1216.5,1218.0,1205.5,1211.5,nan,1213.0,28595,2081335200.0,20831,1216.5,44,1215.5,53,nan,0,nan,0,nan,0,nan,0,nan,0,nan,0,nan,0,nan,0
1597988408647452928,1597988409176000000,2020-08-21 13:40:09.176000,1215.5,1218.0,1205.5,1211.5,nan,1213.0,28597,2081481060.0,20829,1216.5,44,1215.5,51,nan,0,nan,0,nan,0,nan,0,nan,0,nan,0,nan,0,nan,0
1597988410656733952,1597988411239000064,2020-08-21 13:40:11.239000,1215.5,1218.0,1205.5,1211.5,nan,1213.0,28597,2081481060.0,20829,1216.5,44,1215.5,56,nan,0,nan,0,nan,0,nan,0,nan,0,nan,0,nan,0,nan,0
1597988411652611072,1597988412224999936,2020-08-21 13:40:12.225000,1216.5,1218.0,1205.5,1211.5,nan,1213.0,28598,2081554050.0,20829,1216.5,43,1215.5,56,nan,0,nan,0,nan,0,nan,0,nan,0,nan,0,nan,0,nan,0
1597988412146468096,1597988412708000000,2020-08-21 13:40:12.708000,1216.5,1218.0,1205.5,1211.5,nan,1213.0,28598,2081554050.0,20829,1216.5,42,1215.5,56,nan,0,nan,0,nan,0,nan,0,nan,0,nan,0,nan,0,nan,0
1597988414151049984,1597988414704000000,2020-08-21 13:40:14.704000,1215.5,1218.0,1205.5,1211.5,nan,1213.0,28599,2081626980.0,20829,1216.5,42,1215.5,55,nan,0,nan,0,nan,0,nan,0,nan,0,nan,0,nan,0,nan,0
1597988414656679936,1597988415145999872,2020-08-21 13:40:15.146000,1215.5,1218.0,1205.5,1211.5,nan,1213.0,28599,2081626980.0,20829,1216.5,52,1215.5,55,nan,0,nan,0,nan,0,nan,0,nan,0,nan,0,nan,0,nan,0
1597988417658169088,1597988418243000064,2020-08-21 13:40:18.243000,1216.5,1218.0,1205.5,1211.5,nan,1213.0,28600,2081699970.0,20828,1216.5,51,1215.5,55,nan,0,nan,0,nan,0,nan,0,nan,0,nan,0,nan,0,nan,0
1597988418161590016,1597988418734999808,2020-08-21 13:40:18.735000,1216.5,1218.0,1205.5,1211.5,nan,1213.0,28600,2081699970.0,20828,1216.5,51,1215.5,56,nan,0,nan,0,nan,0,nan,0,nan,0,nan,0,nan,0,nan,0
1597988418650435072,1597988419226000128,2020-08-21 13:40:19.226000,1216.5,1218.0,1205.5,1211.5,nan,1213.0,28600,2081699970.0,20828,1216.0,10,1215.5,56,nan,0,nan,0,nan,0,nan,0,nan,0,nan,0,nan,0,nan,0
1597988419153760000,1597988419665999872,2020-08-21 13:40:19.666000,1216.0,1218.0,1205.5,1211.5,nan,1213.0,28610,2082429570.0,20828,1216.0,3,1215.5,56,nan,0,nan,0,nan,0,nan,0,nan,0,nan,0,nan,0,nan,0
1597988419658170112,1597988420226000128,2020-08-21 13:40:20.226000,1216.0,1218.0,1205.5,1211.5,nan,1213.0,28613,2082648450.0,20831,1216.5,51,1215.5,56,nan,0,nan,0,nan,0,nan,0,nan,0,nan,0,nan,0,nan,0
1597988420148434944,1597988420739000064,2020-08-21 13:40:20.739000,1216.5,1218.0,1205.5,1211.5,nan,1213.0,28615,2082794430.0,20831,1216.5,49,1215.5,56,nan,0,nan,0,nan,0,nan,0,nan,0,nan,0,nan,0,nan,0
1597988421648721920,1597988422176999936,2020-08-21 13:40:22.177000,1216.5,1218.0,1205.5,1211.5,nan,1213.0,28616,2082867420.0,20831,1216.5,48,1215.5,55,nan,0,nan,0,nan,0,nan,0,nan,0,nan,0,nan,0,nan,0
1597988425180598016,1597988425713999872,2020-08-21 13:40:25.714000,1216.5,1218.0,1205.5,1211.5,nan,1213.0,28616,2082867420.0,20831,1216.5,48,1215.5,50,nan,0,nan,0,nan,0,nan,0,nan,0,nan,0,nan,0,nan,0
1597988429141850880,1597988429728000000,2020-08-21 13:40:29.728000,1216.5,1218.0,1205.5,1211.5,nan,1213.0,28622,2083305360.0,20834,1216.5,42,1215.5,50,nan,0,nan,0,nan,0,nan,0,nan,0,nan,0,nan,0,nan,0
1597988437651968000,1597988438233999872,2020-08-21 13:40:38.234000,1216.5,1218.0,1205.5,1211.5,nan,1213.0,28622,2083305360.0,20834,1216.5,42,1216.0,36,nan,0,nan,0,nan,0,nan,0,nan,0,nan,0,nan,0,nan,0
1597988438142290944,1597988438723000064,2020-08-21 13:40:38.723000,1216.5,1218.0,1205.5,1211.5,nan,1213.0,28623,2083378350.0,20835,1216.5,41,1216.0,38,nan,0,nan,0,nan,0,nan,0,nan,0,nan,0,nan,0,nan,0
1597988438645635072,1597988439244999936,2020-08-21 13:40:39.245000,1216.0,1218.0,1205.5,1211.5,nan,1213.0,28633,2084107950.0,20825,1216.5,41,1216.0,29,nan,0,nan,0,nan,0,nan,0,nan,0,nan,0,nan,0,nan,0
1597988446649619968,1597988447240000000,2020-08-21 13:40:47.240000,1216.0,1218.0,1205.5,1211.5,nan,1213.0,28634,2084180910.0,20824,1216.5,51,1216.0,25,nan,0,nan,0,nan,0,nan,0,nan,0,nan,0,nan,0,nan,0
1597988447144017920,1597988447724999936,2020-08-21 13:40:47.725000,1216.0,1218.0,1205.5,1211.5,nan,1213.0,28637,2084399790.0,20822,1216.5,51,1215.5,48,nan,0,nan,0,nan,0,nan,0,nan,0,nan,0,nan,0,nan,0
1597988447641329920,1597988448232000000,2020-08-21 13:40:48.232000,1216.5,1218.0,1205.5,1211.5,nan,1213.0,28638,2084472780.0,20823,1216.5,50,1215.5,48,nan,0,nan,0,nan,0,nan,0,nan,0,nan,0,nan,0,nan,0
1597988455651321088,1597988456161999872,2020-08-21 13:40:56.162000,1216.5,1218.0,1205.5,1211.5,nan,1213.0,28638,2084472780.0,20823,1216.5,50,1215.5,53,nan,0,nan,0,nan,0,nan,0,nan,0,nan,0,nan,0,nan,0
1597988462646426880,1597988463212000000,2020-08-21 13:41:03.212000,1216.5,1218.0,1205.5,1211.5,nan,1213.0,28638,2084472780.0,20823,1216.5,50,1215.5,52,nan,0,nan,0,nan,0,nan,0,nan,0,nan,0,nan,0,nan,0
1597988463150162944,1597988463732999936,2020-08-21 13:41:03.733000,1216.5,1218.0,1205.5,1211.5,nan,1213.0,28639,2084545770.0,20824,1216.5,49,1215.5,52,nan,0,nan,0,nan,0,nan,0,nan,0,nan,0,nan,0,nan,0
1597988464153075968,1597988464740000000,2020-08-21 13:41:04.740000,1216.5,1218.0,1205.5,1211.5,nan,1213.0,28639,2084545770.0,20824,1216.5,49,1215.5,51,nan,0,nan,0,nan,0,nan,0,nan,0,nan,0,nan,0,nan,0
1597988466162106880,1597988466694000128,2020-08-21 13:41:06.694000,1216.5,1218.0,1205.5,1211.5,nan,1213.0,28639,2084545770.0,20824,1216.0,8,1215.5,51,nan,0,nan,0,nan,0,nan,0,nan,0,nan,0,nan,0,nan,0
1597988466646600960,1597988467242000128,2020-08-21 13:41:07.242000,1216.0,1218.0,1205.5,1211.5,nan,1213.0,28647,2085129450.0,20824,1216.5,49,1215.5,51,nan,0,nan,0,nan,0,nan,0,nan,0,nan,0,nan,0,nan,0
1597988467145708032,1597988467708000000,2020-08-21 13:41:07.708000,1216.0,1218.0,1205.5,1211.5,nan,1213.0,28647,2085129450.0,20824,1216.5,50,1215.5,51,nan,0,nan,0,nan,0,nan,0,nan,0,nan,0,nan,0,nan,0
1597988468640221952,1597988469217999872,2020-08-21 13:41:09.218000,1216.0,1218.0,1205.5,1211.5,nan,1213.0,28647,2085129450.0,20824,1216.5,50,1215.5,50,nan,0,nan,0,nan,0,nan,0,nan,0,nan,0,nan,0,nan,0
1597988473147642880,1597988473673000192,2020-08-21 13:41:13.673000,1216.0,1218.0,1205.5,1211.5,nan,1213.0,28647,2085129450.0,20824,1216.5,50,1215.5,51,nan,0,nan,0,nan,0,nan,0,nan,0,nan,0,nan,0,nan,0
1597988473648242944,1597988474236000000,2020-08-21 13:41:14.236000,1216.5,1218.0,1205.5,1211.5,nan,1213.0,28648,2085202440.0,20825,1216.5,49,1215.5,50,nan,0,nan,0,nan,0,nan,0,nan,0,nan,0,nan,0,nan,0
1597988475156823040,1597988475724999936,2020-08-21 13:41:15.725000,1216.5,1218.0,1205.5,1211.5,nan,1213.0,28648,2085202440.0,20825,1216.5,49,1215.5,49,nan,0,nan,0,nan,0,nan,0,nan,0,nan,0,nan,0,nan,0
1597988480658307072,1597988481242000128,2020-08-21 13:41:21.242000,1216.5,1218.0,1205.5,1211.5,nan,1213.0,28648,2085202440.0,20825,1216.0,50,1215.5,47,nan,0,nan,0,nan,0,nan,0,nan,0,nan,0,nan,0,nan,0
1597988481155321088,1597988481730000128,2020-08-21 13:41:21.730000,1216.5,1218.0,1205.5,1211.5,nan,1213.0,28648,2085202440.0,20825,1216.0,50,1215.5,46,nan,0,nan,0,nan,0,nan,0,nan,0,nan,0,nan,0,nan,0
1597988481666520064,1597988482243000064,2020-08-21 13:41:22.243000,1216.5,1218.0,1205.5,1211.5,nan,1213.0,28648,2085202440.0,20825,1216.0,50,1215.5,45,nan,0,nan,0,nan,0,nan,0,nan,0,nan,0,nan,0,nan,0
1597988484641234944,1597988485216999936,2020-08-21 13:41:25.217000,1216.5,1218.0,1205.5,1211.5,nan,1213.0,28648,2085202440.0,20825,1216.0,50,1215.5,46,nan,0,nan,0,nan,0,nan,0,nan,0,nan,0,nan,0,nan,0
1597988485153134080,1597988485655000064,2020-08-21 13:41:25.655000,1216.5,1218.0,1205.5,1211.5,nan,1213.0,28648,2085202440.0,20825,1216.0,50,1215.5,45,nan,0,nan,0,nan,0,nan,0,nan,0,nan,0,nan,0,nan,0
1597988485661391872,1597988486210000128,2020-08-21 13:41:26.210000,1215.5,1218.0,1205.5,1211.5,nan,1213.0,28693,2088484290.0,20793,1215.5,5,1215.0,61,nan,0,nan,0,nan,0,nan,0,nan,0,nan,0,nan,0,nan,0
1597988486158128896,1597988486723000064,2020-08-21 13:41:26.723000,1215.5,1218.0,1205.5,1211.5,nan,1213.0,28698,2088848940.0,20793,1215.5,13,1215.0,61,nan,0,nan,0,nan,0,nan,0,nan,0,nan,0,nan,0,nan,0
1597988486646162944,1597988487246000128,2020-08-21 13:41:27.246000,1215.5,1218.0,1205.5,1211.5,nan,1213.0,28701,2089067730.0,20793,1215.5,10,1215.0,61,nan,0,nan,0,nan,0,nan,0,nan,0,nan,0,nan,0,nan,0
1597988487147217920,1597988487737999872,2020-08-21 13:41:27.738000,1215.5,1218.0,1205.5,1211.5,nan,1213.0,28701,2089067730.0,20793,1215.5,13,1215.0,41,nan,0,nan,0,nan,0,nan,0,nan,0,nan,0,nan,0,nan,0
1597988487648114944,1597988488209000192,2020-08-21 13:41:28.209000,1215.5,1218.0,1205.5,1211.5,nan,1213.0,28706,2089432380.0,20794,1215.5,14,1215.0,36,nan,0,nan,0,nan,0,nan,0,nan,0,nan,0,nan,0,nan,0
1597988490145704960,1597988490744000000,2020-08-21 13:41:30.744000,1215.5,1218.0,1205.5,1211.5,nan,1213.0,28707,2089505310.0,20794,1215.5,13,1215.0,36,nan,0,nan,0,nan,0,nan,0,nan,0,nan,0,nan,0,nan,0
1597988491140363008,1597988491656000000,2020-08-21 13:41:31.656000,1215.5,1218.0,1205.5,1211.5,nan,1213.0,28707,2089505310.0,20794,1215.5,14,1215.0,36,nan,0,nan,0,nan,0,nan,0,nan,0,nan,0,nan,0,nan,0
1597988492662056960,1597988493237999872,2020-08-21 13:41:33.238000,1215.5,1218.0,1205.5,1211.5,nan,1213.0,28707,2089505310.0,20794,1215.5,15,1215.0,36,nan,0,nan,0,nan,0,nan,0,nan,0,nan,0,nan,0,nan,0
1597988495147883008,1597988495743000064,2020-08-21 13:41:35.743000,1215.5,1218.0,1205.5,1211.5,nan,1213.0,28708,2089578240.0,20794,1215.5,14,1215.0,36,nan,0,nan,0,nan,0,nan,0,nan,0,nan,0,nan,0,nan,0
1597988495668601088,1597988496240000000,2020-08-21 13:41:36.240000,1215.5,1218.0,1205.5,1211.5,nan,1213.0,28708,2089578240.0,20794,1215.5,15,1215.0,36,nan,0,nan,0,nan,0,nan,0,nan,0,nan,0,nan,0,nan,0
1597988496153435904,1597988496709000192,2020-08-21 13:41:36.709000,1215.5,1218.0,1205.5,1211.5,nan,1213.0,28708,2089578240.0,20794,1215.5,15,1215.0,42,nan,0,nan,0,nan,0,nan,0,nan,0,nan,0,nan,0,nan,0
1597988500638324992,1597988501243000064,2020-08-21 13:41:41.243000,1215.0,1218.0,1205.5,1211.5,nan,1213.0,28710,2089724040.0,20794,1215.5,15,1215.0,41,nan,0,nan,0,nan,0,nan,0,nan,0,nan,0,nan,0,nan,0
1597988512144455936,1597988512736999936,2020-08-21 13:41:52.737000,1215.0,1218.0,1205.5,1211.5,nan,1213.0,28710,2089724040.0,20794,1215.5,25,1215.0,41,nan,0,nan,0,nan,0,nan,0,nan,0,nan,0,nan,0,nan,0
1597988512656944128,1597988513210000128,2020-08-21 13:41:53.210000,1215.0,1218.0,1205.5,1211.5,nan,1213.0,28711,2089796940.0,20794,1215.5,25,1215.0,40,nan,0,nan,0,nan,0,nan,0,nan,0,nan,0,nan,0,nan,0
1597988514144598016,1597988514713999872,2020-08-21 13:41:54.714000,1215.0,1218.0,1205.5,1211.5,nan,1213.0,28711,2089796940.0,20794,1215.5,25,1215.0,35,nan,0,nan,0,nan,0,nan,0,nan,0,nan,0,nan,0,nan,0
1597988514646310912,1597988515226000128,2020-08-21 13:41:55.226000,1215.0,1218.0,1205.5,1211.5,nan,1213.0,28712,2089869840.0,20795,1215.5,25,1215.0,34,nan,0,nan,0,nan,0,nan,0,nan,0,nan,0,nan,0,nan,0
1597988515640028928,1597988516210000128,2020-08-21 13:41:56.210000,1215.0,1218.0,1205.5,1211.5,nan,1213.0,28713,2089942740.0,20794,1215.5,24,1215.0,33,nan,0,nan,0,nan,0,nan,0,nan,0,nan,0,nan,0,nan,0
1597988516640077056,1597988517155000064,2020-08-21 13:41:57.155000,1215.5,1218.0,1205.5,1211.5,nan,1213.0,28714,2090015670.0,20795,1215.5,23,1215.0,33,nan,0,nan,0,nan,0,nan,0,nan,0,nan,0,nan,0,nan,0
1597988518790121984,1597988519193000192,2020-08-21 13:41:59.193000,1215.5,1218.0,1205.5,1211.5,nan,1213.0,28714,2090015670.0,20795,1215.5,23,1215.0,38,nan,0,nan,0,nan,0,nan,0,nan,0,nan,0,nan,0,nan,0
1597988519164455936,1597988519712999936,2020-08-21 13:41:59.713000,1215.5,1218.0,1205.5,1211.5,nan,1213.0,28714,2090015670.0,20795,1215.5,23,1215.0,37,nan,0,nan,0,nan,0,nan,0,nan,0,nan,0,nan,0,nan,0
1597988521648338944,1597988522219000064,2020-08-21 13:42:02.219000,1215.5,1218.0,1205.5,1211.5,nan,1213.0,28714,2090015670.0,20795,1215.5,23,1215.0,38,nan,0,nan,0,nan,0,nan,0,nan,0,nan,0,nan,0,nan,0
1597988526645198080,1597988527200999936,2020-08-21 13:42:07.201000,1215.5,1218.0,1205.5,1211.5,nan,1213.0,28714,2090015670.0,20795,1215.5,23,1215.0,33,nan,0,nan,0,nan,0,nan,0,nan,0,nan,0,nan,0,nan,0
1597988527146302976,1597988527743000064,2020-08-21 13:42:07.743000,1215.5,1218.0,1205.5,1211.5,nan,1213.0,28714,2090015670.0,20795,1215.5,23,1215.0,34,nan,0,nan,0,nan,0,nan,0,nan,0,nan,0,nan,0,nan,0
1597988528145608960,1597988528720000000,2020-08-21 13:42:08.720000,1215.5,1218.0,1205.5,1211.5,nan,1213.0,28714,2090015670.0,20795,1215.5,24,1215.0,34,nan,0,nan,0,nan,0,nan,0,nan,0,nan,0,nan,0,nan,0
1597988532649992960,1597988533227000064,2020-08-21 13:42:13.227000,1215.5,1218.0,1205.5,1211.5,nan,1213.0,28714,2090015670.0,20795,1215.5,25,1215.0,34,nan,0,nan,0,nan,0,nan,0,nan,0,nan,0,nan,0,nan,0
1597988549151792896,1597988549736999936,2020-08-21 13:42:29.737000,1215.5,1218.0,1205.5,1211.5,nan,1213.0,28714,2090015670.0,20795,1215.5,25,1215.0,39,nan,0,nan,0,nan,0,nan,0,nan,0,nan,0,nan,0,nan,0
1597988551152197888,1597988551732999936,2020-08-21 13:42:31.733000,1215.5,1218.0,1205.5,1211.5,nan,1213.0,28714,2090015670.0,20795,1215.5,25,1215.0,40,nan,0,nan,0,nan,0,nan,0,nan,0,nan,0,nan,0,nan,0
1597988551655281920,1597988552220000000,2020-08-21 13:42:32.220000,1215.5,1218.0,1205.5,1211.5,nan,1213.0,28714,2090015670.0,20795,1215.5,25,1215.0,42,nan,0,nan,0,nan,0,nan,0,nan,0,nan,0,nan,0,nan,0
1597988552142084096,1597988552744000000,2020-08-21 13:42:32.744000,1215.5,1218.0,1205.5,1211.5,nan,1213.0,28714,2090015670.0,20795,1215.5,26,1215.0,42,nan,0,nan,0,nan,0,nan,0,nan,0,nan,0,nan,0,nan,0
1597988557193840128,1597988557736999936,2020-08-21 13:42:37.737000,1215.5,1218.0,1205.5,1211.5,nan,1213.0,28714,2090015670.0,20795,1215.5,26,1215.0,37,nan,0,nan,0,nan,0,nan,0,nan,0,nan,0,nan,0,nan,0
1597988557695354112,1597988558219000064,2020-08-21 13:42:38.219000,1215.0,1218.0,1205.5,1211.5,nan,1213.0,28749,2092567170.0,20778,1215.0,18,1214.5,24,nan,0,nan,0,nan,0,nan,0,nan,0,nan,0,nan,0,nan,0
1597988558174407936,1597988558728000000,2020-08-21 13:42:38.728000,1215.0,1218.0,1205.5,1211.5,nan,1213.0,28749,2092567170.0,20778,1215.0,22,1214.5,3,nan,0,nan,0,nan,0,nan,0,nan,0,nan,0,nan,0,nan,0
1597988558692276992,1597988559240000000,2020-08-21 13:42:39.240000,1214.5,1218.0,1205.5,1211.5,nan,1213.0,28752,2092785780.0,20778,1215.0,22,1214.0,30,nan,0,nan,0,nan,0,nan,0,nan,0,nan,0,nan,0,nan,0
1597988561157444096,1597988561694999808,2020-08-21 13:42:41.695000,1214.5,1218.0,1205.5,1211.5,nan,1213.0,28752,2092785780.0,20778,1215.0,22,1214.0,37,nan,0,nan,0,nan,0,nan,0,nan,0,nan,0,nan,0,nan,0
1597988561654322944,1597988562216999936,2020-08-21 13:42:42.217000,1214.5,1218.0,1205.5,1211.5,nan,1213.0,28752,2092785780.0,20778,1215.0,22,1214.5,6,nan,0,nan,0,nan,0,nan,0,nan,0,nan,0,nan,0,nan,0
1597988562169182976,1597988562726000128,2020-08-21 13:42:42.726000,1214.5,1218.0,1205.5,1211.5,nan,1213.0,28752,2092785780.0,20778,1215.0,22,1214.5,11,nan,0,nan,0,nan,0,nan,0,nan,0,nan,0,nan,0,nan,0
1597988565151910912,1597988565634000128,2020-08-21 13:42:45.634000,1214.5,1218.0,1205.5,1211.5,nan,1213.0,28752,2092785780.0,20778,1215.0,32,1214.5,11,nan,0,nan,0,nan,0,nan,0,nan,0,nan,0,nan,0,nan,0
1597988565653690112,1597988566239000064,2020-08-21 13:42:46.239000,1214.5,1218.0,1205.5,1211.5,nan,1213.0,28754,2092931520.0,20778,1215.0,33,1214.5,9,nan,0,nan,0,nan,0,nan,0,nan,0,nan,0,nan,0,nan,0
1597988566152039936,1597988566732000000,2020-08-21 13:42:46.732000,1214.5,1218.0,1205.5,1211.5,nan,1213.0,28763,2093587350.0,20778,1215.0,33,1214.0,38,nan,0,nan,0,nan,0,nan,0,nan,0,nan,0,nan,0,nan,0
1597988570163237120,1597988570740999936,2020-08-21 13:42:50.741000,1214.0,1218.0,1205.5,1211.5,nan,1213.0,28768,2093951550.0,20773,1215.0,33,1214.0,34,nan,0,nan,0,nan,0,nan,0,nan,0,nan,0,nan,0,nan,0
1597988570648325120,1597988571240000000,2020-08-21 13:42:51.240000,1214.0,1218.0,1205.5,1211.5,nan,1213.0,28768,2093951550.0,20773,1214.5,15,1214.0,33,nan,0,nan,0,nan,0,nan,0,nan,0,nan,0,nan,0,nan,0
1597988571145385984,1597988571743000064,2020-08-21 13:42:51.743000,1214.5,1218.0,1205.5,1211.5,nan,1213.0,28769,2094024420.0,20774,1214.5,14,1214.0,32,nan,0,nan,0,nan,0,nan,0,nan,0,nan,0,nan,0,nan,0
1597988572151397120,1597988572732999936,2020-08-21 13:42:52.733000,1214.0,1218.0,1205.5,1211.5,nan,1213.0,28770,2094097260.0,20773,1214.5,14,1214.0,31,nan,0,nan,0,nan,0,nan,0,nan,0,nan,0,nan,0,nan,0
1597988572648408064,1597988573131000064,2020-08-21 13:42:53.131000,1214.0,1218.0,1205.5,1211.5,nan,1213.0,28770,2094097260.0,20773,1214.5,14,1214.0,30,nan,0,nan,0,nan,0,nan,0,nan,0,nan,0,nan,0,nan,0
1597988575150584064,1597988575740999936,2020-08-21 13:42:55.741000,1214.0,1218.0,1205.5,1211.5,nan,1213.0,28800,2096282460.0,20766,1214.0,22,1213.5,28,nan,0,nan,0,nan,0,nan,0,nan,0,nan,0,nan,0,nan,0
1597988575662233088,1597988576246000128,2020-08-21 13:42:56.246000,1214.0,1218.0,1205.5,1211.5,nan,1213.0,28800,2096282460.0,20766,1214.0,23,1213.5,28,nan,0,nan,0,nan,0,nan,0,nan,0,nan,0,nan,0,nan,0
1597988576156679936,1597988576691000064,2020-08-21 13:42:56.691000,1214.0,1218.0,1205.5,1211.5,nan,1213.0,28800,2096282460.0,20766,1214.0,26,1213.5,28,nan,0,nan,0,nan,0,nan,0,nan,0,nan,0,nan,0,nan,0
1597988576669926912,1597988577236999936,2020-08-21 13:42:57.237000,1213.5,1218.0,1205.5,1211.5,nan,1213.0,28810,2097010560.0,20766,1214.0,26,1213.5,18,nan,0,nan,0,nan,0,nan,0,nan,0,nan,0,nan,0,nan,0
1597988577141305088,1597988577732999936,2020-08-21 13:42:57.733000,1213.5,1218.0,1205.5,1211.5,nan,1213.0,28827,2098248330.0,20778,1213.5,24,1213.0,9,nan,0,nan,0,nan,0,nan,0,nan,0,nan,0,nan,0,nan,0
1597988577644655104,1597988578246000128,2020-08-21 13:42:58.246000,1213.5,1218.0,1205.5,1211.5,nan,1213.0,28827,2098248330.0,20778,1213.5,25,1213.0,9,nan,0,nan,0,nan,0,nan,0,nan,0,nan,0,nan,0,nan,0
1597988578705545984,1597988579223000064,2020-08-21 13:42:59.223000,1213.5,1218.0,1205.5,1211.5,nan,1213.0,28827,2098248330.0,20778,1213.5,26,1213.0,9,nan,0,nan,0,nan,0,nan,0,nan,0,nan,0,nan,0,nan,0
1597988582147187968,1597988582740999936,2020-08-21 13:43:02.741000,1213.5,1218.0,1205.5,1211.5,nan,1213.0,28827,2098248330.0,20778,1213.5,26,1213.0,27,nan,0,nan,0,nan,0,nan,0,nan,0,nan,0,nan,0,nan,0
1597988582686768128,1597988583239000064,2020-08-21 13:43:03.239000,1213.5,1218.0,1205.5,1211.5,nan,1213.0,28842,2099340480.0,20772,1214.0,31,1213.5,33,nan,0,nan,0,nan,0,nan,0,nan,0,nan,0,nan,0,nan,0
1597988583172043008,1597988583737999872,2020-08-21 13:43:03.738000,1213.5,1218.0,1205.5,1211.5,nan,1213.0,28842,2099340480.0,20772,1214.0,23,1213.5,17,nan,0,nan,0,nan,0,nan,0,nan,0,nan,0,nan,0,nan,0
1597988583649518080,1597988584184000000,2020-08-21 13:43:04.184000,1213.5,1218.0,1205.5,1211.5,nan,1213.0,28842,2099340480.0,20772,1214.0,23,1213.5,20,nan,0,nan,0,nan,0,nan,0,nan,0,nan,0,nan,0,nan,0
1597988587674522880,1597988588224999936,2020-08-21 13:43:08.225000,1214.0,1218.0,1205.5,1211.5,nan,1213.0,28853,2100141720.0,20772,1214.0,13,1213.5,20,nan,0,nan,0,nan,0,nan,0,nan,0,nan,0,nan,0,nan,0
1597988588142266112,1597988588720000000,2020-08-21 13:43:08.720000,1214.0,1218.0,1205.5,1211.5,nan,1213.0,28866,2101088640.0,20776,1214.5,20,1213.5,20,nan,0,nan,0,nan,0,nan,0,nan,0,nan,0,nan,0,nan,0
1597988596652075008,1597988597232000000,2020-08-21 13:43:17.232000,1214.0,1218.0,1205.5,1211.5,nan,1213.0,28866,2101088640.0,20776,1214.5,20,1213.5,25,nan,0,nan,0,nan,0,nan,0,nan,0,nan,0,nan,0,nan,0
1597988601153015040,1597988601744000000,2020-08-21 13:43:21.744000,1214.0,1218.0,1205.5,1211.5,nan,1213.0,28866,2101088640.0,20776,1214.5,20,1213.5,26,nan,0,nan,0,nan,0,nan,0,nan,0,nan,0,nan,0,nan,0
1597988605154408960,1597988605732999936,2020-08-21 13:43:25.733000,1214.0,1218.0,1205.5,1211.5,nan,1213.0,28866,2101088640.0,20776,1214.5,20,1213.5,25,nan,0,nan,0,nan,0,nan,0,nan,0,nan,0,nan,0,nan,0
1597988605639876096,1597988606246000128,2020-08-21 13:43:26.246000,1214.0,1218.0,1205.5,1211.5,nan,1213.0,28866,2101088640.0,20776,1214.5,20,1214.0,3,nan,0,nan,0,nan,0,nan,0,nan,0,nan,0,nan,0,nan,0
1597988608150813952,1597988608728000000,2020-08-21 13:43:28.728000,1214.0,1218.0,1205.5,1211.5,nan,1213.0,28866,2101088640.0,20776,1214.5,20,1214.0,4,nan,0,nan,0,nan,0,nan,0,nan,0,nan,0,nan,0,nan,0
1597988608642694912,1597988609236000000,2020-08-21 13:43:29.236000,1214.0,1218.0,1205.5,1211.5,nan,1213.0,28866,2101088640.0,20776,1214.5,20,1214.0,15,nan,0,nan,0,nan,0,nan,0,nan,0,nan,0,nan,0,nan,0
1597988609143877888,1597988609731000064,2020-08-21 13:43:29.731000,1214.0,1218.0,1205.5,1211.5,nan,1213.0,28881,2102181240.0,20768,1214.0,19,1213.5,24,nan,0,nan,0,nan,0,nan,0,nan,0,nan,0,nan,0,nan,0
1597988609645735936,1597988610228000000,2020-08-21 13:43:30.228000,1214.0,1218.0,1205.5,1211.5,nan,1213.0,28884,2102399760.0,20768,1214.0,18,1213.5,25,nan,0,nan,0,nan,0,nan,0,nan,0,nan,0,nan,0,nan,0
1597988616151549952,1597988616700000000,2020-08-21 13:43:36.700000,1214.0,1218.0,1205.5,1211.5,nan,1213.0,28884,2102399760.0,20768,1214.0,17,1213.5,25,nan,0,nan,0,nan,0,nan,0,nan,0,nan,0,nan,0,nan,0
1597988616658296064,1597988617236999936,2020-08-21 13:43:37.237000,1214.0,1218.0,1205.5,1211.5,nan,1213.0,28884,2102399760.0,20768,1214.0,16,1213.5,25,nan,0,nan,0,nan,0,nan,0,nan,0,nan,0,nan,0,nan,0
1597988620014706944,1597988620223000064,2020-08-21 13:43:40.223000,1214.0,1218.0,1205.5,1211.5,nan,1213.0,28884,2102399760.0,20768,1214.0,16,1213.5,30,nan,0,nan,0,nan,0,nan,0,nan,0,nan,0,nan,0,nan,0
1597988621151360000,1597988621734999808,2020-08-21 13:43:41.735000,1214.0,1218.0,1205.5,1211.5,nan,1213.0,28885,2102472600.0,20767,1214.0,15,1213.5,31,nan,0,nan,0,nan,0,nan,0,nan,0,nan,0,nan,0,nan,0
1597988621639456000,1597988622228000000,2020-08-21 13:43:42.228000,1214.0,1218.0,1205.5,1211.5,nan,1213.0,28900,2103565200.0,20767,1214.5,20,1213.5,31,nan,0,nan,0,nan,0,nan,0,nan,0,nan,0,nan,0,nan,0
1597988622645976064,1597988623226000128,2020-08-21 13:43:43.226000,1214.5,1218.0,1205.5,1211.5,nan,1213.0,28901,2103638070.0,20767,1214.5,19,1213.5,31,nan,0,nan,0,nan,0,nan,0,nan,0,nan,0,nan,0,nan,0
1597988623654428928,1597988624236000000,2020-08-21 13:43:44.236000,1214.5,1218.0,1205.5,1211.5,nan,1213.0,28902,2103710940.0,20767,1214.5,18,1213.5,31,nan,0,nan,0,nan,0,nan,0,nan,0,nan,0,nan,0,nan,0
1597988624676971008,1597988625236999936,2020-08-21 13:43:45.237000,1213.5,1218.0,1205.5,1211.5,nan,1213.0,28903,2103783750.0,20768,1214.5,18,1213.5,31,nan,0,nan,0,nan,0,nan,0,nan,0,nan,0,nan,0,nan,0
1597988634144477952,1597988634729000192,2020-08-21 13:43:54.729000,1213.5,1218.0,1205.5,1211.5,nan,1213.0,28904,2103856560.0,20769,1214.5,18,1213.5,30,nan,0,nan,0,nan,0,nan,0,nan,0,nan,0,nan,0,nan,0
1597988641147495936,1597988641740000000,2020-08-21 13:44:01.740000,1214.0,1218.0,1205.5,1211.5,nan,1213.0,28905,2103929400.0,20770,1214.5,18,1213.5,30,nan,0,nan,0,nan,0,nan,0,nan,0,nan,0,nan,0,nan,0
1597988641648529920,1597988642186000128,2020-08-21 13:44:02.186000,1214.0,1218.0,1205.5,1211.5,nan,1213.0,28905,2103929400.0,20770,1214.5,18,1213.5,32,nan,0,nan,0,nan,0,nan,0,nan,0,nan,0,nan,0,nan,0
1597988644647609088,1597988645231000064,2020-08-21 13:44:05.231000,1214.0,1218.0,1205.5,1211.5,nan,1213.0,28905,2103929400.0,20770,1214.5,18,1213.5,34,nan,0,nan,0,nan,0,nan,0,nan,0,nan,0,nan,0,nan,0
1597988645141123072,1597988645736999936,2020-08-21 13:44:05.737000,1214.0,1218.0,1205.5,1211.5,nan,1213.0,28905,2103929400.0,20770,1214.5,18,1213.5,35,nan,0,nan,0,nan,0,nan,0,nan,0,nan,0,nan,0,nan,0
1597988652644328960,1597988653226000128,2020-08-21 13:44:13.226000,1214.0,1218.0,1205.5,1211.5,nan,1213.0,28905,2103929400.0,20770,1214.0,1,1213.5,35,nan,0,nan,0,nan,0,nan,0,nan,0,nan,0,nan,0,nan,0
1597988653150929920,1597988653736999936,2020-08-21 13:44:13.737000,1214.0,1218.0,1205.5,1211.5,nan,1213.0,28906,2104002240.0,20771,1214.5,18,1213.5,35,nan,0,nan,0,nan,0,nan,0,nan,0,nan,0,nan,0,nan,0
1597988653644097024,1597988654227000064,2020-08-21 13:44:14.227000,1214.0,1218.0,1205.5,1211.5,nan,1213.0,28906,2104002240.0,20771,1214.5,18,1213.5,39,nan,0,nan,0,nan,0,nan,0,nan,0,nan,0,nan,0,nan,0
1597988654156445952,1597988654736000000,2020-08-21 13:44:14.736000,1213.5,1218.0,1205.5,1211.5,nan,1213.0,28911,2104366290.0,20776,1214.5,18,1213.5,35,nan,0,nan,0,nan,0,nan,0,nan,0,nan,0,nan,0,nan,0
1597988654637372928,1597988655224999936,2020-08-21 13:44:15.225000,1213.5,1218.0,1205.5,1211.5,nan,1213.0,28911,2104366290.0,20776,1214.5,18,1213.5,36,nan,0,nan,0,nan,0,nan,0,nan,0,nan,0,nan,0,nan,0
1597988655145978880,1597988655740999936,2020-08-21 13:44:15.741000,1213.5,1218.0,1205.5,1211.5,nan,1213.0,28911,2104366290.0,20776,1214.5,18,1213.5,39,nan,0,nan,0,nan,0,nan,0,nan,0,nan,0,nan,0,nan,0
1597988655636698880,1597988656239000064,2020-08-21 13:44:16.239000,1213.5,1218.0,1205.5,1211.5,nan,1213.0,28911,2104366290.0,20776,1214.5,18,1213.5,41,nan,0,nan,0,nan,0,nan,0,nan,0,nan,0,nan,0,nan,0
1597988660149615104,1597988660744999936,2020-08-21 13:44:20.745000,1213.5,1218.0,1205.5,1211.5,nan,1213.0,28911,2104366290.0,20776,1214.5,19,1213.5,41,nan,0,nan,0,nan,0,nan,0,nan,0,nan,0,nan,0,nan,0
1597988667149383936,1597988667720999936,2020-08-21 13:44:27.721000,1213.5,1218.0,1205.5,1211.5,nan,1213.0,28911,2104366290.0,20776,1214.5,19,1214.0,21,nan,0,nan,0,nan,0,nan,0,nan,0,nan,0,nan,0,nan,0
1597988668146614016,1597988668744000000,2020-08-21 13:44:28.744000,1213.5,1218.0,1205.5,1211.5,nan,1213.0,28911,2104366290.0,20776,1214.5,19,1214.0,25,nan,0,nan,0,nan,0,nan,0,nan,0,nan,0,nan,0,nan,0
1597988668652980992,1597988669232999936,2020-08-21 13:44:29.233000,1213.5,1218.0,1205.5,1211.5,nan,1213.0,28911,2104366290.0,20776,1214.5,11,1214.0,28,nan,0,nan,0,nan,0,nan,0,nan,0,nan,0,nan,0,nan,0
1597988671150205952,1597988671743000064,2020-08-21 13:44:31.743000,1213.5,1218.0,1205.5,1211.5,nan,1213.0,28911,2104366290.0,20776,1214.5,19,1214.0,6,nan,0,nan,0,nan,0,nan,0,nan,0,nan,0,nan,0,nan,0
1597988671648248064,1597988672200999936,2020-08-21 13:44:32.201000,1214.5,1218.0,1205.5,1211.5,nan,1213.0,28912,2104439160.0,20777,1214.5,18,1214.0,3,nan,0,nan,0,nan,0,nan,0,nan,0,nan,0,nan,0,nan,0
1597988673144582912,1597988673737999872,2020-08-21 13:44:33.738000,1214.5,1218.0,1205.5,1211.5,nan,1213.0,28912,2104439160.0,20777,1214.5,19,1214.0,3,nan,0,nan,0,nan,0,nan,0,nan,0,nan,0,nan,0,nan,0
1597988677155173120,1597988677744000000,2020-08-21 13:44:37.744000,1214.5,1218.0,1205.5,1211.5,nan,1213.0,28912,2104439160.0,20777,1214.5,19,1214.0,8,nan,0,nan,0,nan,0,nan,0,nan,0,nan,0,nan,0,nan,0
1597988680140926976,1597988680747000064,2020-08-21 13:44:40.747000,1214.5,1218.0,1205.5,1211.5,nan,1213.0,28912,2104439160.0,20777,1214.5,18,1214.0,8,nan,0,nan,0,nan,0,nan,0,nan,0,nan,0,nan,0,nan,0
1597988682148604928,1597988682739000064,2020-08-21 13:44:42.739000,1214.5,1218.0,1205.5,1211.5,nan,1213.0,28912,2104439160.0,20777,1214.5,18,1214.0,15,nan,0,nan,0,nan,0,nan,0,nan,0,nan,0,nan,0,nan,0
1597988687141106944,1597988687732999936,2020-08-21 13:44:47.733000,1214.0,1218.0,1205.5,1211.5,nan,1213.0,28913,2104512000.0,20776,1214.5,18,1214.0,14,nan,0,nan,0,nan,0,nan,0,nan,0,nan,0,nan,0,nan,0
1597988690646917888,1597988691239000064,2020-08-21 13:44:51.239000,1214.0,1218.0,1205.5,1211.5,nan,1213.0,28915,2104657680.0,20774,1214.5,18,1214.0,12,nan,0,nan,0,nan,0,nan,0,nan,0,nan,0,nan,0,nan,0
1597988691145031936,1597988691719000064,2020-08-21 13:44:51.719000,1214.0,1218.0,1205.5,1211.5,nan,1213.0,28915,2104657680.0,20774,1214.5,18,1214.0,11,nan,0,nan,0,nan,0,nan,0,nan,0,nan,0,nan,0,nan,0
1597988691754150912,1597988692227000064,2020-08-21 13:44:52.227000,1214.5,1218.0,1205.5,1211.5,nan,1213.0,28918,2104876260.0,20777,1214.5,22,1213.5,33,nan,0,nan,0,nan,0,nan,0,nan,0,nan,0,nan,0,nan,0
1597988695662383104,1597988696203000064,2020-08-21 13:44:56.203000,1214.0,1218.0,1205.5,1211.5,nan,1213.0,28919,2104949100.0,20778,1214.5,22,1213.5,34,nan,0,nan,0,nan,0,nan,0,nan,0,nan,0,nan,0,nan,0
1597988696155385088,1597988696728000000,2020-08-21 13:44:56.728000,1214.0,1218.0,1205.5,1211.5,nan,1213.0,28919,2104949100.0,20778,1214.5,22,1213.5,38,nan,0,nan,0,nan,0,nan,0,nan,0,nan,0,nan,0,nan,0
1597988699644205056,1597988700224999936,2020-08-21 13:45:00.225000,1214.5,1218.0,1205.5,1211.5,nan,1213.0,28920,2105021970.0,20778,1214.5,21,1213.5,38,nan,0,nan,0,nan,0,nan,0,nan,0,nan,0,nan,0,nan,0
1597988701698516992,1597988702227000064,2020-08-21 13:45:02.227000,1214.5,1218.0,1205.5,1211.5,nan,1213.0,28920,2105021970.0,20778,1214.5,21,1213.5,39,nan,0,nan,0,nan,0,nan,0,nan,0,nan,0,nan,0,nan,0
1597988702652410112,1597988703240999936,2020-08-21 13:45:03.241000,1214.5,1218.0,1205.5,1211.5,nan,1213.0,28920,2105021970.0,20778,1214.5,21,1213.5,40,nan,0,nan,0,nan,0,nan,0,nan,0,nan,0,nan,0,nan,0
1597988712677157120,1597988713154000128,2020-08-21 13:45:13.154000,1214.5,1218.0,1205.5,1211.5,nan,1213.0,28921,2105094840.0,20778,1214.5,20,1213.5,40,nan,0,nan,0,nan,0,nan,0,nan,0,nan,0,nan,0,nan,0
1597988714174458112,1597988714737999872,2020-08-21 13:45:14.738000,1214.5,1218.0,1205.5,1211.5,nan,1213.0,28921,2105094840.0,20778,1214.5,20,1213.5,35,nan,0,nan,0,nan,0,nan,0,nan,0,nan,0,nan,0,nan,0
1597988714650345984,1597988715236000000,2020-08-21 13:45:15.236000,1214.5,1218.0,1205.5,1211.5,nan,1213.0,28921,2105094840.0,20778,1214.5,20,1214.0,5,nan,0,nan,0,nan,0,nan,0,nan,0,nan,0,nan,0,nan,0
1597988715147279104,1597988715724000000,2020-08-21 13:45:15.724000,1214.5,1218.0,1205.5,1211.5,nan,1213.0,28921,2105094840.0,20778,1214.5,20,1214.0,6,nan,0,nan,0,nan,0,nan,0,nan,0,nan,0,nan,0,nan,0
1597988715652833024,1597988716244999936,2020-08-21 13:45:16.245000,1214.5,1218.0,1205.5,1211.5,nan,1213.0,28921,2105094840.0,20778,1214.5,20,1214.0,7,nan,0,nan,0,nan,0,nan,0,nan,0,nan,0,nan,0,nan,0
1597988721665208064,1597988722248000000,2020-08-21 13:45:22.248000,1214.5,1218.0,1205.5,1211.5,nan,1213.0,28922,2105167710.0,20777,1214.5,19,1214.0,7,nan,0,nan,0,nan,0,nan,0,nan,0,nan,0,nan,0,nan,0
1597988722173078016,1597988722737999872,2020-08-21 13:45:22.738000,1214.5,1218.0,1205.5,1211.5,nan,1213.0,28922,2105167710.0,20777,1214.5,19,1214.0,8,nan,0,nan,0,nan,0,nan,0,nan,0,nan,0,nan,0,nan,0
1597988722667138048,1597988723239000064,2020-08-21 13:45:23.239000,1214.5,1218.0,1205.5,1211.5,nan,1213.0,28924,2105313450.0,20777,1214.5,17,1214.0,15,nan,0,nan,0,nan,0,nan,0,nan,0,nan,0,nan,0,nan,0
1597988724152731904,1597988724739000064,2020-08-21 13:45:24.739000,1214.5,1218.0,1205.5,1211.5,nan,1213.0,28924,2105313450.0,20777,1214.5,16,1214.0,15,nan,0,nan,0,nan,0,nan,0,nan,0,nan,0,nan,0,nan,0
1597988724647812096,1597988725246000128,2020-08-21 13:45:25.246000,1214.5,1218.0,1205.5,1211.5,nan,1213.0,28924,2105313450.0,20777,1214.5,16,1214.0,17,nan,0,nan,0,nan,0,nan,0,nan,0,nan,0,nan,0,nan,0
1597988731147815936,1597988731733999872,2020-08-21 13:45:31.734000,1214.5,1218.0,1205.5,1211.5,nan,1213.0,28930,2105750670.0,20781,1214.5,10,1214.0,17,nan,0,nan,0,nan,0,nan,0,nan,0,nan,0,nan,0,nan,0
1597988731668389120,1597988732242000128,2020-08-21 13:45:32.242000,1214.5,1218.0,1205.5,1211.5,nan,1213.0,28937,2106260760.0,20787,1214.5,5,1214.0,23,nan,0,nan,0,nan,0,nan,0,nan,0,nan,0,nan,0,nan,0
1597988732161532928,1597988732746000128,2020-08-21 13:45:32.746000,1214.5,1218.0,1205.5,1211.5,nan,1213.0,28942,2106625110.0,20789,1215.0,37,1214.0,23,nan,0,nan,0,nan,0,nan,0,nan,0,nan,0,nan,0,nan,0
1597988736162009088,1597988736732000000,2020-08-21 13:45:36.732000,1215.0,1218.0,1205.5,1211.5,nan,1213.0,28943,2106698010.0,20788,1215.0,36,1214.0,23,nan,0,nan,0,nan,0,nan,0,nan,0,nan,0,nan,0,nan,0
1597988737649146880,1597988738197999872,2020-08-21 13:45:38.198000,1215.0,1218.0,1205.5,1211.5,nan,1213.0,28943,2106698010.0,20788,1215.0,36,1214.0,25,nan,0,nan,0,nan,0,nan,0,nan,0,nan,0,nan,0,nan,0
1597988738147209984,1597988738732999936,2020-08-21 13:45:38.733000,1215.0,1218.0,1205.5,1211.5,nan,1213.0,28943,2106698010.0,20788,1215.0,36,1214.0,26,nan,0,nan,0,nan,0,nan,0,nan,0,nan,0,nan,0,nan,0
1597988738644208896,1597988739247000064,2020-08-21 13:45:39.247000,1215.0,1218.0,1205.5,1211.5,nan,1213.0,28943,2106698010.0,20788,1215.0,48,1214.0,30,nan,0,nan,0,nan,0,nan,0,nan,0,nan,0,nan,0,nan,0
1597988753149502976,1597988753742000128,2020-08-21 13:45:53.742000,1215.0,1218.0,1205.5,1211.5,nan,1213.0,28943,2106698010.0,20788,1215.0,49,1214.0,27,nan,0,nan,0,nan,0,nan,0,nan,0,nan,0,nan,0,nan,0
1597988753654629120,1597988754152000000,2020-08-21 13:45:54.152000,1215.0,1218.0,1205.5,1211.5,nan,1213.0,28944,2106770910.0,20788,1215.0,48,1214.0,27,nan,0,nan,0,nan,0,nan,0,nan,0,nan,0,nan,0,nan,0
1597988759150875904,1597988759732000000,2020-08-21 13:45:59.732000,1215.0,1218.0,1205.5,1211.5,nan,1213.0,28944,2106770910.0,20788,1215.0,58,1214.0,27,nan,0,nan,0,nan,0,nan,0,nan,0,nan,0,nan,0,nan,0
1597988762644868096,1597988763230000128,2020-08-21 13:46:03.230000,1215.0,1218.0,1205.5,1211.5,nan,1213.0,28944,2106770910.0,20788,1215.0,58,1214.0,29,nan,0,nan,0,nan,0,nan,0,nan,0,nan,0,nan,0,nan,0
1597988763176740096,1597988763728000000,2020-08-21 13:46:03.728000,1215.0,1218.0,1205.5,1211.5,nan,1213.0,28944,2106770910.0,20788,1215.0,58,1214.0,30,nan,0,nan,0,nan,0,nan,0,nan,0,nan,0,nan,0,nan,0
1597988763651870976,1597988764234999808,2020-08-21 13:46:04.235000,1215.0,1218.0,1205.5,1211.5,nan,1213.0,28945,2106843810.0,20788,1215.0,57,1214.0,30,nan,0,nan,0,nan,0,nan,0,nan,0,nan,0,nan,0,nan,0
1597988773174151936,1597988773743000064,2020-08-21 13:46:13.743000,1215.0,1218.0,1205.5,1211.5,nan,1213.0,28945,2106843810.0,20788,1215.0,58,1214.0,30,nan,0,nan,0,nan,0,nan,0,nan,0,nan,0,nan,0,nan,0
1597988773662052096,1597988774236000000,2020-08-21 13:46:14.236000,1215.0,1218.0,1205.5,1211.5,nan,1213.0,28945,2106843810.0,20788,1215.0,59,1214.0,29,nan,0,nan,0,nan,0,nan,0,nan,0,nan,0,nan,0,nan,0
1597988774159358976,1597988774742000128,2020-08-21 13:46:14.742000,1215.0,1218.0,1205.5,1211.5,nan,1213.0,28946,2106916710.0,20788,1215.0,59,1214.0,30,nan,0,nan,0,nan,0,nan,0,nan,0,nan,0,nan,0,nan,0
1597988774658085120,1597988775232999936,2020-08-21 13:46:15.233000,1215.0,1218.0,1205.5,1211.5,nan,1213.0,28946,2106916710.0,20788,1215.0,80,1214.0,30,nan,0,nan,0,nan,0,nan,0,nan,0,nan,0,nan,0,nan,0
1597988775191216128,1597988775748000000,2020-08-21 13:46:15.748000,1215.0,1218.0,1205.5,1211.5,nan,1213.0,28946,2106916710.0,20788,1214.5,18,1214.0,22,nan,0,nan,0,nan,0,nan,0,nan,0,nan,0,nan,0,nan,0
1597988775690306048,1597988776247000064,2020-08-21 13:46:16.247000,1214.0,1218.0,1205.5,1211.5,nan,1213.0,28958,2107790790.0,20793,1214.5,27,1214.0,5,nan,0,nan,0,nan,0,nan,0,nan,0,nan,0,nan,0,nan,0
1597988776154178048,1597988776736000000,2020-08-21 13:46:16.736000,1214.0,1218.0,1205.5,1211.5,nan,1213.0,28963,2108154990.0,20792,1214.0,15,1213.5,29,nan,0,nan,0,nan,0,nan,0,nan,0,nan,0,nan,0,nan,0
1597988776658074112,1597988777243000064,2020-08-21 13:46:17.243000,1214.0,1218.0,1205.5,1211.5,nan,1213.0,28963,2108154990.0,20792,1214.0,28,1213.5,26,nan,0,nan,0,nan,0,nan,0,nan,0,nan,0,nan,0,nan,0
1597988777660696064,1597988778237999872,2020-08-21 13:46:18.238000,1214.0,1218.0,1205.5,1211.5,nan,1213.0,28964,2108227830.0,20792,1214.0,27,1213.5,26,nan,0,nan,0,nan,0,nan,0,nan,0,nan,0,nan,0,nan,0
1597988778152080896,1597988778734999808,2020-08-21 13:46:18.735000,1214.0,1218.0,1205.5,1211.5,nan,1213.0,28965,2108300670.0,20792,1214.0,26,1213.5,26,nan,0,nan,0,nan,0,nan,0,nan,0,nan,0,nan,0,nan,0
1597988781648552960,1597988782213999872,2020-08-21 13:46:22.214000,1213.5,1218.0,1205.5,1211.5,nan,1213.0,28967,2108446290.0,20792,1214.0,26,1213.5,24,nan,0,nan,0,nan,0,nan,0,nan,0,nan,0,nan,0,nan,0
1597988790660517888,1597988791211000064,2020-08-21 13:46:31.211000,1213.5,1218.0,1205.5,1211.5,nan,1213.0,28967,2108446290.0,20792,1214.0,26,1213.5,29,nan,0,nan,0,nan,0,nan,0,nan,0,nan,0,nan,0,nan,0
1597988791169189120,1597988791744000000,2020-08-21 13:46:31.744000,1214.0,1218.0,1205.5,1211.5,nan,1213.0,28968,2108519130.0,20792,1214.0,25,1213.5,32,nan,0,nan,0,nan,0,nan,0,nan,0,nan,0,nan,0,nan,0
1597988791649511936,1597988792231000064,2020-08-21 13:46:32.231000,1213.5,1218.0,1205.5,1211.5,nan,1213.0,28969,2108591940.0,20793,1214.0,25,1213.5,31,nan,0,nan,0,nan,0,nan,0,nan,0,nan,0,nan,0,nan,0
1597988792642104064,1597988793237999872,2020-08-21 13:46:33.238000,1213.5,1218.0,1205.5,1211.5,nan,1213.0,28969,2108591940.0,20793,1214.0,25,1213.5,26,nan,0,nan,0,nan,0,nan,0,nan,0,nan,0,nan,0,nan,0
1597988794142807040,1597988794739000064,2020-08-21 13:46:34.739000,1213.5,1218.0,1205.5,1211.5,nan,1213.0,28969,2108591940.0,20793,1214.0,25,1213.5,23,nan,0,nan,0,nan,0,nan,0,nan,0,nan,0,nan,0,nan,0
1597988794636337920,1597988795196000000,2020-08-21 13:46:35.196000,1213.5,1218.0,1205.5,1211.5,nan,1213.0,28969,2108591940.0,20793,1214.0,25,1213.5,28,nan,0,nan,0,nan,0,nan,0,nan,0,nan,0,nan,0,nan,0
1597988803666567936,1597988804246000128,2020-08-21 13:46:44.246000,1213.5,1218.0,1205.5,1211.5,nan,1213.0,28969,2108591940.0,20793,1214.0,31,1213.5,20,nan,0,nan,0,nan,0,nan,0,nan,0,nan,0,nan,0,nan,0
1597988804145733120,1597988804748000000,2020-08-21 13:46:44.748000,1214.0,1218.0,1205.5,1211.5,nan,1213.0,28970,2108664780.0,20793,1214.0,31,1213.5,20,nan,0,nan,0,nan,0,nan,0,nan,0,nan,0,nan,0,nan,0
1597988809144717056,1597988809740000000,2020-08-21 13:46:49.740000,1213.5,1218.0,1205.5,1211.5,nan,1213.0,28990,2110120980.0,20789,1213.5,1,1213.0,42,nan,0,nan,0,nan,0,nan,0,nan,0,nan,0,nan,0,nan,0
1597988809640538880,1597988810219000064,2020-08-21 13:46:50.219000,1213.5,1218.0,1205.5,1211.5,nan,1213.0,28991,2110193790.0,20790,1213.5,30,1213.0,43,nan,0,nan,0,nan,0,nan,0,nan,0,nan,0,nan,0,nan,0
1597988810148806912,1597988810744999936,2020-08-21 13:46:50.745000,1213.5,1218.0,1205.5,1211.5,nan,1213.0,28991,2110193790.0,20790,1213.5,30,1213.0,34,nan,0,nan,0,nan,0,nan,0,nan,0,nan,0,nan,0,nan,0
1597988810638966016,1597988811244999936,2020-08-21 13:46:51.245000,1213.5,1218.0,1205.5,1211.5,nan,1213.0,28991,2110193790.0,20790,1213.5,32,1213.0,34,nan,0,nan,0,nan,0,nan,0,nan,0,nan,0,nan,0,nan,0
1597988811645319936,1597988812234999808,2020-08-21 13:46:52.235000,1213.5,1218.0,1205.5,1211.5,nan,1213.0,28991,2110193790.0,20790,1213.5,32,1213.0,35,nan,0,nan,0,nan,0,nan,0,nan,0,nan,0,nan,0,nan,0
1597988812146580992,1597988812694000128,2020-08-21 13:46:52.694000,1213.5,1218.0,1205.5,1211.5,nan,1213.0,28991,2110193790.0,20790,1213.5,32,1213.0,34,nan,0,nan,0,nan,0,nan,0,nan,0,nan,0,nan,0,nan,0
1597988812650470912,1597988813203000064,2020-08-21 13:46:53.203000,1213.0,1218.0,1205.5,1211.5,nan,1213.0,28993,2110339350.0,20789,1213.5,32,1213.0,33,nan,0,nan,0,nan,0,nan,0,nan,0,nan,0,nan,0,nan,0
1597988813145710080,1597988813748000000,2020-08-21 13:46:53.748000,1213.0,1218.0,1205.5,1211.5,nan,1213.0,28995,2110484940.0,20789,1213.5,32,1213.0,29,nan,0,nan,0,nan,0,nan,0,nan,0,nan,0,nan,0,nan,0
1597988813850692096,1597988814229000192,2020-08-21 13:46:54.229000,1213.0,1218.0,1205.5,1211.5,nan,1213.0,28995,2110484940.0,20789,1213.5,32,1213.0,24,nan,0,nan,0,nan,0,nan,0,nan,0,nan,0,nan,0,nan,0
1597988814649387008,1597988815136000000,2020-08-21 13:46:55.136000,1213.0,1218.0,1205.5,1211.5,nan,1213.0,28996,2110557720.0,20789,1213.5,32,1213.0,23,nan,0,nan,0,nan,0,nan,0,nan,0,nan,0,nan,0,nan,0
1597988815142243072,1597988815749000192,2020-08-21 13:46:55.749000,1213.0,1218.0,1205.5,1211.5,nan,1213.0,29000,2110848840.0,20789,1213.5,32,1213.0,19,nan,0,nan,0,nan,0,nan,0,nan,0,nan,0,nan,0,nan,0
1597988816149613056,1597988816748000000,2020-08-21 13:46:56.748000,1213.0,1218.0,1205.5,1211.5,nan,1213.0,29000,2110848840.0,20789,1213.5,30,1213.0,19,nan,0,nan,0,nan,0,nan,0,nan,0,nan,0,nan,0,nan,0
1597988825643346944,1597988826242000128,2020-08-21 13:47:06.242000,1213.0,1218.0,1205.5,1211.5,nan,1213.0,29001,2110921620.0,20789,1213.5,30,1213.0,18,nan,0,nan,0,nan,0,nan,0,nan,0,nan,0,nan,0,nan,0
1597988826151421952,1597988826736999936,2020-08-21 13:47:06.737000,1213.0,1218.0,1205.5,1211.5,nan,1213.0,29001,2110921620.0,20789,1213.5,30,1213.0,20,nan,0,nan,0,nan,0,nan,0,nan,0,nan,0,nan,0,nan,0
1597988830652346112,1597988831242000128,2020-08-21 13:47:11.242000,1213.0,1218.0,1205.5,1211.5,nan,1213.0,29001,2110921620.0,20789,1213.5,30,1213.0,21,nan,0,nan,0,nan,0,nan,0,nan,0,nan,0,nan,0,nan,0
1597988833648343040,1597988834234999808,2020-08-21 13:47:14.235000,1213.0,1218.0,1205.5,1211.5,nan,1213.0,29003,2111067180.0,20790,1213.5,30,1213.0,19,nan,0,nan,0,nan,0,nan,0,nan,0,nan,0,nan,0,nan,0
1597988840145942016,1597988840747000064,2020-08-21 13:47:20.747000,1213.0,1218.0,1205.5,1211.5,nan,1213.0,29003,2111067180.0,20790,1213.5,33,1213.0,19,nan,0,nan,0,nan,0,nan,0,nan,0,nan,0,nan,0,nan,0
1597988842647355904,1597988843231000064,2020-08-21 13:47:23.231000,1213.5,1218.0,1205.5,1211.5,nan,1213.0,29004,2111139990.0,20789,1213.5,32,1213.0,19,nan,0,nan,0,nan,0,nan,0,nan,0,nan,0,nan,0,nan,0
1597988845644737024,1597988846181999872,2020-08-21 13:47:26.182000,1213.5,1218.0,1205.5,1211.5,nan,1213.0,29004,2111139990.0,20789,1213.5,33,1213.0,19,nan,0,nan,0,nan,0,nan,0,nan,0,nan,0,nan,0,nan,0
1597988847644024064,1597988848229000192,2020-08-21 13:47:28.229000,1213.5,1218.0,1205.5,1211.5,nan,1213.0,29004,2111139990.0,20789,1213.5,30,1213.0,19,nan,0,nan,0,nan,0,nan,0,nan,0,nan,0,nan,0,nan,0
1597988851645435904,1597988852148999936,2020-08-21 13:47:32.149000,1213.5,1218.0,1205.5,1211.5,nan,1213.0,29004,2111139990.0,20789,1213.5,30,1213.0,20,nan,0,nan,0,nan,0,nan,0,nan,0,nan,0,nan,0,nan,0
1597988852152033024,1597988852728000000,2020-08-21 13:47:32.728000,1213.5,1218.0,1205.5,1211.5,nan,1213.0,29004,2111139990.0,20789,1213.5,30,1213.0,22,nan,0,nan,0,nan,0,nan,0,nan,0,nan,0,nan,0,nan,0
1597988853145689088,1597988853701999872,2020-08-21 13:47:33.702000,1213.5,1218.0,1205.5,1211.5,nan,1213.0,29004,2111139990.0,20789,1213.5,31,1213.0,22,nan,0,nan,0,nan,0,nan,0,nan,0,nan,0,nan,0,nan,0
1597988863151222016,1597988863747000064,2020-08-21 13:47:43.747000,1213.5,1218.0,1205.5,1211.5,nan,1213.0,29006,2111285610.0,20787,1213.5,29,1213.0,23,nan,0,nan,0,nan,0,nan,0,nan,0,nan,0,nan,0,nan,0
1597988869149060096,1597988869664999936,2020-08-21 13:47:49.665000,1213.5,1218.0,1205.5,1211.5,nan,1213.0,29021,2112377760.0,20783,1213.5,14,1213.0,23,nan,0,nan,0,nan,0,nan,0,nan,0,nan,0,nan,0,nan,0
1597988869650248960,1597988870221999872,2020-08-21 13:47:50.222000,1213.5,1218.0,1205.5,1211.5,nan,1213.0,29035,2113397100.0,20773,1214.0,40,1213.0,40,nan,0,nan,0,nan,0,nan,0,nan,0,nan,0,nan,0,nan,0
1597988873153051904,1597988873740999936,2020-08-21 13:47:53.741000,1213.5,1218.0,1205.5,1211.5,nan,1213.0,29035,2113397100.0,20773,1214.0,40,1213.5,10,nan,0,nan,0,nan,0,nan,0,nan,0,nan,0,nan,0,nan,0
1597988873649402112,1597988874194000128,2020-08-21 13:47:54.194000,1213.5,1218.0,1205.5,1211.5,nan,1213.0,29035,2113397100.0,20773,1214.0,40,1213.5,14,nan,0,nan,0,nan,0,nan,0,nan,0,nan,0,nan,0,nan,0
1597988874149114112,1597988874732999936,2020-08-21 13:47:54.733000,1213.5,1218.0,1205.5,1211.5,nan,1213.0,29035,2113397100.0,20773,1214.0,40,1213.5,17,nan,0,nan,0,nan,0,nan,0,nan,0,nan,0,nan,0,nan,0
1597988876643165952,1597988877247000064,2020-08-21 13:47:57.247000,1213.5,1218.0,1205.5,1211.5,nan,1213.0,29035,2113397100.0,20773,1214.0,17,1213.5,20,nan,0,nan,0,nan,0,nan,0,nan,0,nan,0,nan,0,nan,0
1597988882156034048,1597988882727000064,2020-08-21 13:48:02.727000,1213.5,1218.0,1205.5,1211.5,nan,1213.0,29035,2113397100.0,20773,1214.0,17,1213.5,21,nan,0,nan,0,nan,0,nan,0,nan,0,nan,0,nan,0,nan,0
1597988893646021888,1597988894248000000,2020-08-21 13:48:14.248000,1213.5,1218.0,1205.5,1211.5,nan,1213.0,29036,2113469910.0,20773,1214.0,18,1213.5,20,nan,0,nan,0,nan,0,nan,0,nan,0,nan,0,nan,0,nan,0
1597988903645341952,1597988904240000000,2020-08-21 13:48:24.240000,1213.5,1218.0,1205.5,1211.5,nan,1213.0,29036,2113469910.0,20773,1214.0,17,1213.5,20,nan,0,nan,0,nan,0,nan,0,nan,0,nan,0,nan,0,nan,0
1597988906653253888,1597988907216999936,2020-08-21 13:48:27.217000,1214.0,1218.0,1205.5,1211.5,nan,1213.0,29047,2114271150.0,20766,1214.5,21,1213.5,26,nan,0,nan,0,nan,0,nan,0,nan,0,nan,0,nan,0,nan,0
1597988907707848960,1597988908249000192,2020-08-21 13:48:28.249000,1214.0,1218.0,1205.5,1211.5,nan,1213.0,29047,2114271150.0,20766,1214.5,21,1213.5,28,nan,0,nan,0,nan,0,nan,0,nan,0,nan,0,nan,0,nan,0
1597988908202322944,1597988908743000064,2020-08-21 13:48:28.743000,1214.0,1218.0,1205.5,1211.5,nan,1213.0,29047,2114271150.0,20766,1214.5,22,1214.0,14,nan,0,nan,0,nan,0,nan,0,nan,0,nan,0,nan,0,nan,0
1597988908690842880,1597988909249999872,2020-08-21 13:48:29.250000,1214.0,1218.0,1205.5,1211.5,nan,1213.0,29047,2114271150.0,20766,1214.5,17,1214.0,19,nan,0,nan,0,nan,0,nan,0,nan,0,nan,0,nan,0,nan,0
1597988909191429120,1597988909748000000,2020-08-21 13:48:29.748000,1214.0,1218.0,1205.5,1211.5,nan,1213.0,29047,2114271150.0,20766,1214.5,14,1214.0,23,nan,0,nan,0,nan,0,nan,0,nan,0,nan,0,nan,0,nan,0
1597988915154619904,1597988915744000000,2020-08-21 13:48:35.744000,1214.0,1218.0,1205.5,1211.5,nan,1213.0,29047,2114271150.0,20766,1214.5,8,1214.0,27,nan,0,nan,0,nan,0,nan,0,nan,0,nan,0,nan,0,nan,0
1597988915651471104,1597988916243000064,2020-08-21 13:48:36.243000,1214.0,1218.0,1205.5,1211.5,nan,1213.0,29060,2115218430.0,20767,1215.0,48,1214.0,26,nan,0,nan,0,nan,0,nan,0,nan,0,nan,0,nan,0,nan,0
1597988921676239104,1597988922231000064,2020-08-21 13:48:42.231000,1214.0,1218.0,1205.5,1211.5,nan,1213.0,29061,2115291270.0,20766,1215.0,48,1214.0,25,nan,0,nan,0,nan,0,nan,0,nan,0,nan,0,nan,0,nan,0
1597988922147516928,1597988922746000128,2020-08-21 13:48:42.746000,1214.0,1218.0,1205.5,1211.5,nan,1213.0,29061,2115291270.0,20766,1214.5,3,1214.0,25,nan,0,nan,0,nan,0,nan,0,nan,0,nan,0,nan,0,nan,0
1597988924155208960,1597988924740000000,2020-08-21 13:48:44.740000,1214.0,1218.0,1205.5,1211.5,nan,1213.0,29061,2115291270.0,20766,1215.0,48,1214.0,25,nan,0,nan,0,nan,0,nan,0,nan,0,nan,0,nan,0,nan,0
1597988924642150912,1597988925240999936,2020-08-21 13:48:45.241000,1215.0,1218.0,1205.5,1211.5,nan,1213.0,29062,2115364170.0,20766,1215.0,47,1214.0,25,nan,0,nan,0,nan,0,nan,0,nan,0,nan,0,nan,0,nan,0
1597988929175697920,1597988929712999936,2020-08-21 13:48:49.713000,1215.0,1218.0,1205.5,1211.5,nan,1213.0,29062,2115364170.0,20766,1215.0,45,1214.0,25,nan,0,nan,0,nan,0,nan,0,nan,0,nan,0,nan,0,nan,0
1597988929718423040,1597988930249999872,2020-08-21 13:48:50.250000,1215.0,1218.0,1205.5,1211.5,nan,1213.0,29062,2115364170.0,20766,1215.0,47,1214.0,31,nan,0,nan,0,nan,0,nan,0,nan,0,nan,0,nan,0,nan,0
1597988930143916032,1597988930744000000,2020-08-21 13:48:50.744000,1215.0,1218.0,1205.5,1211.5,nan,1213.0,29062,2115364170.0,20766,1215.0,45,1214.0,31,nan,0,nan,0,nan,0,nan,0,nan,0,nan,0,nan,0,nan,0
1597988930639987968,1597988931204000000,2020-08-21 13:48:51.204000,1215.0,1218.0,1205.5,1211.5,nan,1213.0,29062,2115364170.0,20766,1215.0,48,1214.0,31,nan,0,nan,0,nan,0,nan,0,nan,0,nan,0,nan,0,nan,0
1597988931150379008,1597988931733999872,2020-08-21 13:48:51.734000,1215.0,1218.0,1205.5,1211.5,nan,1213.0,29062,2115364170.0,20766,1215.0,48,1214.0,32,nan,0,nan,0,nan,0,nan,0,nan,0,nan,0,nan,0,nan,0
1597988932646685952,1597988933204999936,2020-08-21 13:48:53.205000,1214.0,1218.0,1205.5,1211.5,nan,1213.0,29063,2115437010.0,20765,1215.0,48,1214.0,32,nan,0,nan,0,nan,0,nan,0,nan,0,nan,0,nan,0,nan,0
1597988933147877888,1597988933730000128,2020-08-21 13:48:53.730000,1214.0,1218.0,1205.5,1211.5,nan,1213.0,29063,2115437010.0,20765,1215.0,49,1214.0,32,nan,0,nan,0,nan,0,nan,0,nan,0,nan,0,nan,0,nan,0
1597988933665108992,1597988934084000000,2020-08-21 13:48:54.084000,1214.0,1218.0,1205.5,1211.5,nan,1213.0,29063,2115437010.0,20765,1215.0,51,1214.0,32,nan,0,nan,0,nan,0,nan,0,nan,0,nan,0,nan,0,nan,0
1597988938152557056,1597988938720999936,2020-08-21 13:48:58.721000,1214.5,1218.0,1205.5,1211.5,nan,1213.0,29065,2115582750.0,20765,1215.0,51,1214.0,32,nan,0,nan,0,nan,0,nan,0,nan,0,nan,0,nan,0,nan,0
1597988938645539072,1597988939226000128,2020-08-21 13:48:59.226000,1214.5,1218.0,1205.5,1211.5,nan,1213.0,29065,2115582750.0,20765,1215.0,49,1214.0,32,nan,0,nan,0,nan,0,nan,0,nan,0,nan,0,nan,0,nan,0
1597988941161300992,1597988941723000064,2020-08-21 13:49:01.723000,1214.5,1218.0,1205.5,1211.5,nan,1213.0,29065,2115582750.0,20765,1215.0,51,1214.0,32,nan,0,nan,0,nan,0,nan,0,nan,0,nan,0,nan,0,nan,0
1597988941696419072,1597988942240999936,2020-08-21 13:49:02.241000,1214.0,1218.0,1205.5,1211.5,nan,1213.0,29067,2115728430.0,20765,1215.0,51,1214.0,30,nan,0,nan,0,nan,0,nan,0,nan,0,nan,0,nan,0,nan,0
1597988942168082944,1597988942744000000,2020-08-21 13:49:02.744000,1214.5,1218.0,1205.5,1211.5,nan,1213.0,29070,2115947040.0,20768,1215.0,51,1214.0,31,nan,0,nan,0,nan,0,nan,0,nan,0,nan,0,nan,0,nan,0
1597988943142862080,1597988943743000064,2020-08-21 13:49:03.743000,1214.5,1218.0,1205.5,1211.5,nan,1213.0,29070,2115947040.0,20768,1215.0,51,1214.0,41,nan,0,nan,0,nan,0,nan,0,nan,0,nan,0,nan,0,nan,0
1597988943644148992,1597988944233999872,2020-08-21 13:49:04.234000,1214.0,1218.0,1205.5,1211.5,nan,1213.0,29071,2116019880.0,20767,1215.0,51,1214.0,40,nan,0,nan,0,nan,0,nan,0,nan,0,nan,0,nan,0,nan,0
1597988947149166080,1597988947742000128,2020-08-21 13:49:07.742000,1214.0,1218.0,1205.5,1211.5,nan,1213.0,29071,2116019880.0,20767,1215.0,49,1214.0,40,nan,0,nan,0,nan,0,nan,0,nan,0,nan,0,nan,0,nan,0
1597988951146955008,1597988951731000064,2020-08-21 13:49:11.731000,1214.0,1218.0,1205.5,1211.5,nan,1213.0,29071,2116019880.0,20767,1215.0,51,1214.0,40,nan,0,nan,0,nan,0,nan,0,nan,0,nan,0,nan,0,nan,0
1597988953165050880,1597988953721999872,2020-08-21 13:49:13.722000,1214.0,1218.0,1205.5,1211.5,nan,1213.0,29071,2116019880.0,20767,1215.0,52,1214.0,40,nan,0,nan,0,nan,0,nan,0,nan,0,nan,0,nan,0,nan,0
1597988954159767040,1597988954747000064,2020-08-21 13:49:14.747000,1214.5,1218.0,1205.5,1211.5,nan,1213.0,29072,2116092750.0,20768,1215.0,52,1214.0,40,nan,0,nan,0,nan,0,nan,0,nan,0,nan,0,nan,0,nan,0
1597988955654565888,1597988956247000064,2020-08-21 13:49:16.247000,1214.5,1218.0,1205.5,1211.5,nan,1213.0,29072,2116092750.0,20768,1215.0,51,1214.0,40,nan,0,nan,0,nan,0,nan,0,nan,0,nan,0,nan,0,nan,0
1597988956148276992,1597988956726000128,2020-08-21 13:49:16.726000,1214.5,1218.0,1205.5,1211.5,nan,1213.0,29072,2116092750.0,20768,1215.0,53,1214.0,40,nan,0,nan,0,nan,0,nan,0,nan,0,nan,0,nan,0,nan,0
1597988962641050112,1597988963243000064,2020-08-21 13:49:23.243000,1215.0,1218.0,1205.5,1211.5,nan,1213.0,29073,2116165650.0,20767,1215.0,50,1214.0,40,nan,0,nan,0,nan,0,nan,0,nan,0,nan,0,nan,0,nan,0
1597988963153076992,1597988963732000000,2020-08-21 13:49:23.732000,1215.0,1218.0,1205.5,1211.5,nan,1213.0,29073,2116165650.0,20767,1215.0,52,1214.0,40,nan,0,nan,0,nan,0,nan,0,nan,0,nan,0,nan,0,nan,0
1597988963659121920,1597988964247000064,2020-08-21 13:49:24.247000,1215.0,1218.0,1205.5,1211.5,nan,1213.0,29073,2116165650.0,20767,1215.0,52,1214.0,36,nan,0,nan,0,nan,0,nan,0,nan,0,nan,0,nan,0,nan,0
1597988964155383040,1597988964747000064,2020-08-21 13:49:24.747000,1215.0,1218.0,1205.5,1211.5,nan,1213.0,29073,2116165650.0,20767,1215.0,52,1214.0,40,nan,0,nan,0,nan,0,nan,0,nan,0,nan,0,nan,0,nan,0
1597988972147149056,1597988972749000192,2020-08-21 13:49:32.749000,1215.0,1218.0,1205.5,1211.5,nan,1213.0,29073,2116165650.0,20767,1215.0,53,1214.0,40,nan,0,nan,0,nan,0,nan,0,nan,0,nan,0,nan,0,nan,0
1597988973643079936,1597988974236000000,2020-08-21 13:49:34.236000,1215.0,1218.0,1205.5,1211.5,nan,1213.0,29073,2116165650.0,20767,1215.0,54,1214.0,40,nan,0,nan,0,nan,0,nan,0,nan,0,nan,0,nan,0,nan,0
1597988975147773952,1597988975592999936,2020-08-21 13:49:35.593000,1215.0,1218.0,1205.5,1211.5,nan,1213.0,29073,2116165650.0,20767,1215.0,51,1214.0,40,nan,0,nan,0,nan,0,nan,0,nan,0,nan,0,nan,0,nan,0
1597988975665756928,1597988976232999936,2020-08-21 13:49:36.233000,1215.0,1218.0,1205.5,1211.5,nan,1213.0,29074,2116238550.0,20767,1215.0,51,1214.0,40,nan,0,nan,0,nan,0,nan,0,nan,0,nan,0,nan,0,nan,0
1597988976153049088,1597988976747000064,2020-08-21 13:49:36.747000,1215.0,1218.0,1205.5,1211.5,nan,1213.0,29074,2116238550.0,20767,1215.0,52,1214.0,40,nan,0,nan,0,nan,0,nan,0,nan,0,nan,0,nan,0,nan,0
1597988978150194944,1597988978728000000,2020-08-21 13:49:38.728000,1215.0,1218.0,1205.5,1211.5,nan,1213.0,29075,2116311450.0,20766,1215.0,51,1214.0,40,nan,0,nan,0,nan,0,nan,0,nan,0,nan,0,nan,0,nan,0
1597988980158320896,1597988980744999936,2020-08-21 13:49:40.745000,1215.0,1218.0,1205.5,1211.5,nan,1213.0,29075,2116311450.0,20766,1215.0,50,1214.0,40,nan,0,nan,0,nan,0,nan,0,nan,0,nan,0,nan,0,nan,0
1597988995639002112,1597988996198999808,2020-08-21 13:49:56.199000,1215.0,1218.0,1205.5,1211.5,nan,1213.0,29075,2116311450.0,20766,1215.0,50,1214.0,45,nan,0,nan,0,nan,0,nan,0,nan,0,nan,0,nan,0,nan,0
1597988996157166080,1597988996739000064,2020-08-21 13:49:56.739000,1215.0,1218.0,1205.5,1211.5,nan,1213.0,29075,2116311450.0,20766,1215.0,50,1214.0,46,nan,0,nan,0,nan,0,nan,0,nan,0,nan,0,nan,0,nan,0
1597988997652872960,1597988998229000192,2020-08-21 13:49:58.229000,1215.0,1218.0,1205.5,1211.5,nan,1213.0,29075,2116311450.0,20766,1214.5,2,1214.0,46,nan,0,nan,0,nan,0,nan,0,nan,0,nan,0,nan,0,nan,0
1597988998163545088,1597988998727000064,2020-08-21 13:49:58.727000,1215.0,1218.0,1205.5,1211.5,nan,1213.0,29075,2116311450.0,20766,1214.5,3,1214.0,46,nan,0,nan,0,nan,0,nan,0,nan,0,nan,0,nan,0,nan,0
1597988998653927936,1597988999134000128,2020-08-21 13:49:59.134000,1214.0,1218.0,1205.5,1211.5,nan,1213.0,29076,2116384290.0,20766,1214.5,2,1214.0,45,nan,0,nan,0,nan,0,nan,0,nan,0,nan,0,nan,0,nan,0
1597989000150042880,1597989000737999872,2020-08-21 13:50:00.738000,1214.5,1218.0,1205.5,1211.5,nan,1213.0,29078,2116530030.0,20767,1215.0,61,1214.0,45,nan,0,nan,0,nan,0,nan,0,nan,0,nan,0,nan,0,nan,0
1597989001646071040,1597989002236999936,2020-08-21 13:50:02.237000,1214.5,1218.0,1205.5,1211.5,nan,1213.0,29078,2116530030.0,20767,1215.0,61,1214.0,47,nan,0,nan,0,nan,0,nan,0,nan,0,nan,0,nan,0,nan,0
1597989006166699008,1597989006714999808,2020-08-21 13:50:06.715000,1215.0,1218.0,1205.5,1211.5,nan,1213.0,29079,2116602930.0,20767,1215.0,60,1214.0,47,nan,0,nan,0,nan,0,nan,0,nan,0,nan,0,nan,0,nan,0
1597989007151729920,1597989007707000064,2020-08-21 13:50:07.707000,1215.0,1218.0,1205.5,1211.5,nan,1213.0,29079,2116602930.0,20767,1215.0,48,1214.0,47,nan,0,nan,0,nan,0,nan,0,nan,0,nan,0,nan,0,nan,0
1597989007650310912,1597989008148000000,2020-08-21 13:50:08.148000,1215.0,1218.0,1205.5,1211.5,nan,1213.0,29079,2116602930.0,20767,1215.0,60,1214.0,47,nan,0,nan,0,nan,0,nan,0,nan,0,nan,0,nan,0,nan,0
1597989008637362944,1597989009219000064,2020-08-21 13:50:09.219000,1215.0,1218.0,1205.5,1211.5,nan,1213.0,29079,2116602930.0,20767,1215.0,48,1214.0,47,nan,0,nan,0,nan,0,nan,0,nan,0,nan,0,nan,0,nan,0
1597989009647409920,1597989010228000000,2020-08-21 13:50:10.228000,1215.0,1218.0,1205.5,1211.5,nan,1213.0,29080,2116675830.0,20767,1215.0,48,1214.0,47,nan,0,nan,0,nan,0,nan,0,nan,0,nan,0,nan,0,nan,0
1597989011803656960,1597989012249000192,2020-08-21 13:50:12.249000,1215.0,1218.0,1205.5,1211.5,nan,1213.0,29081,2116748730.0,20768,1215.0,48,1214.0,47,nan,0,nan,0,nan,0,nan,0,nan,0,nan,0,nan,0,nan,0
1597989013644009984,1597989014229000192,2020-08-21 13:50:14.229000,1215.0,1218.0,1205.5,1211.5,nan,1213.0,29083,2116894530.0,20770,1215.0,56,1214.0,47,nan,0,nan,0,nan,0,nan,0,nan,0,nan,0,nan,0,nan,0
1597989014644434944,1597989015250999808,2020-08-21 13:50:15.251000,1215.0,1218.0,1205.5,1211.5,nan,1213.0,29083,2116894530.0,20770,1215.0,57,1214.0,47,nan,0,nan,0,nan,0,nan,0,nan,0,nan,0,nan,0,nan,0
1597989015145768960,1597989015712000000,2020-08-21 13:50:15.712000,1215.0,1218.0,1205.5,1211.5,nan,1213.0,29083,2116894530.0,20770,1215.0,57,1214.5,1,nan,0,nan,0,nan,0,nan,0,nan,0,nan,0,nan,0,nan,0
1597989015640332032,1597989016230000128,2020-08-21 13:50:16.230000,1214.5,1218.0,1205.5,1211.5,nan,1213.0,29094,2117696100.0,20760,1214.5,4,1214.0,38,nan,0,nan,0,nan,0,nan,0,nan,0,nan,0,nan,0,nan,0
1597989016143336960,1597989016681999872,2020-08-21 13:50:16.682000,1214.5,1218.0,1205.5,1211.5,nan,1213.0,29095,2117768970.0,20760,1214.5,3,1214.0,43,nan,0,nan,0,nan,0,nan,0,nan,0,nan,0,nan,0,nan,0
1597989017639536128,1597989018247000064,2020-08-21 13:50:18.247000,1214.5,1218.0,1205.5,1211.5,nan,1213.0,29096,2117841840.0,20760,1214.5,2,1214.0,43,nan,0,nan,0,nan,0,nan,0,nan,0,nan,0,nan,0,nan,0
1597989019148441088,1597989019749000192,2020-08-21 13:50:19.749000,1214.5,1218.0,1205.5,1211.5,nan,1213.0,29097,2117914710.0,20760,1214.5,3,1214.0,43,nan,0,nan,0,nan,0,nan,0,nan,0,nan,0,nan,0,nan,0
1597989025148957952,1597989025740000000,2020-08-21 13:50:25.740000,1214.5,1218.0,1205.5,1211.5,nan,1213.0,29100,2118133320.0,20760,1215.0,56,1214.5,6,nan,0,nan,0,nan,0,nan,0,nan,0,nan,0,nan,0,nan,0
1597989025656766976,1597989026192000000,2020-08-21 13:50:26.192000,1215.0,1218.0,1205.5,1211.5,nan,1213.0,29112,2119007970.0,20764,1215.0,48,1214.5,18,nan,0,nan,0,nan,0,nan,0,nan,0,nan,0,nan,0,nan,0
1597989026160462080,1597989026694000128,2020-08-21 13:50:26.694000,1214.5,1218.0,1205.5,1211.5,nan,1213.0,29113,2119080840.0,20764,1215.0,48,1214.5,18,nan,0,nan,0,nan,0,nan,0,nan,0,nan,0,nan,0,nan,0
1597989028150641920,1597989028748000000,2020-08-21 13:50:28.748000,1214.5,1218.0,1205.5,1211.5,nan,1213.0,29117,2119372320.0,20764,1215.0,44,1214.5,14,nan,0,nan,0,nan,0,nan,0,nan,0,nan,0,nan,0,nan,0
1597989028648553984,1597989029248000000,2020-08-21 13:50:29.248000,1214.5,1218.0,1205.5,1211.5,nan,1213.0,29117,2119372320.0,20764,1215.0,44,1214.5,23,nan,0,nan,0,nan,0,nan,0,nan,0,nan,0,nan,0,nan,0
1597989029152954112,1597989029740999936,2020-08-21 13:50:29.741000,1214.5,1218.0,1205.5,1211.5,nan,1213.0,29118,2119445190.0,20764,1215.0,43,1214.5,22,nan,0,nan,0,nan,0,nan,0,nan,0,nan,0,nan,0,nan,0
1597989030150828032,1597989030747000064,2020-08-21 13:50:30.747000,1214.5,1218.0,1205.5,1211.5,nan,1213.0,29119,2119518060.0,20764,1215.0,42,1214.5,21,nan,0,nan,0,nan,0,nan,0,nan,0,nan,0,nan,0,nan,0
1597989033650530048,1597989034249999872,2020-08-21 13:50:34.250000,1214.5,1218.0,1205.5,1211.5,nan,1213.0,29121,2119663800.0,20765,1215.0,40,1214.5,19,nan,0,nan,0,nan,0,nan,0,nan,0,nan,0,nan,0,nan,0
1597989034151132928,1597989034737999872,2020-08-21 13:50:34.738000,1215.0,1218.0,1205.5,1211.5,nan,1213.0,29122,2119736700.0,20766,1215.0,40,1214.5,19,nan,0,nan,0,nan,0,nan,0,nan,0,nan,0,nan,0,nan,0
1597989034656482048,1597989035196000000,2020-08-21 13:50:35.196000,1214.5,1218.0,1205.5,1211.5,nan,1213.0,29123,2119809570.0,20766,1215.0,40,1214.5,18,nan,0,nan,0,nan,0,nan,0,nan,0,nan,0,nan,0,nan,0
1597989046150371072,1597989046686000128,2020-08-21 13:50:46.686000,1214.5,1218.0,1205.5,1211.5,nan,1213.0,29123,2119809570.0,20766,1215.0,42,1214.5,18,nan,0,nan,0,nan,0,nan,0,nan,0,nan,0,nan,0,nan,0
1597989046639289088,1597989047249999872,2020-08-21 13:50:47.250000,1215.0,1218.0,1205.5,1211.5,nan,1213.0,29124,2119882470.0,20767,1215.0,39,1214.5,18,nan,0,nan,0,nan,0,nan,0,nan,0,nan,0,nan,0,nan,0
1597989050640947968,1597989051144000000,2020-08-21 13:50:51.144000,1215.0,1218.0,1205.5,1211.5,nan,1213.0,29124,2119882470.0,20767,1215.0,41,1214.5,18,nan,0,nan,0,nan,0,nan,0,nan,0,nan,0,nan,0,nan,0
1597989051160203008,1597989051740000000,2020-08-21 13:50:51.740000,1214.5,1218.0,1205.5,1211.5,nan,1213.0,29138,2120902650.0,20758,1214.5,6,1214.0,34,nan,0,nan,0,nan,0,nan,0,nan,0,nan,0,nan,0,nan,0
1597989051645566976,1597989052232000000,2020-08-21 13:50:52.232000,1214.5,1218.0,1205.5,1211.5,nan,1213.0,29139,2120975520.0,20758,1214.5,5,1214.0,34,nan,0,nan,0,nan,0,nan,0,nan,0,nan,0,nan,0,nan,0
1597989062654135040,1597989063233999872,2020-08-21 13:51:03.234000,1214.5,1218.0,1205.5,1211.5,nan,1213.0,29139,2120975520.0,20758,1214.5,6,1214.0,34,nan,0,nan,0,nan,0,nan,0,nan,0,nan,0,nan,0,nan,0
1597989063158428928,1597989063729000192,2020-08-21 13:51:03.729000,1214.5,1218.0,1205.5,1211.5,nan,1213.0,29140,2121048390.0,20758,1214.5,5,1214.0,34,nan,0,nan,0,nan,0,nan,0,nan,0,nan,0,nan,0,nan,0
1597989069646097920,1597989070243000064,2020-08-21 13:51:10.243000,1214.5,1218.0,1205.5,1211.5,nan,1213.0,29141,2121121260.0,20758,1214.5,4,1214.0,34,nan,0,nan,0,nan,0,nan,0,nan,0,nan,0,nan,0,nan,0
1597989075146120960,1597989075675000064,2020-08-21 13:51:15.675000,1214.5,1218.0,1205.5,1211.5,nan,1213.0,29141,2121121260.0,20758,1214.5,6,1214.0,34,nan,0,nan,0,nan,0,nan,0,nan,0,nan,0,nan,0,nan,0
1597989075674146048,1597989076240000000,2020-08-21 13:51:16.240000,1214.5,1218.0,1205.5,1211.5,nan,1213.0,29141,2121121260.0,20758,1214.5,4,1214.0,36,nan,0,nan,0,nan,0,nan,0,nan,0,nan,0,nan,0,nan,0
1597989076707798016,1597989077250999808,2020-08-21 13:51:17.251000,1214.0,1218.0,1205.5,1211.5,nan,1213.0,29146,2121485460.0,20758,1214.5,11,1214.0,31,nan,0,nan,0,nan,0,nan,0,nan,0,nan,0,nan,0,nan,0
1597989077158238976,1597989077750999808,2020-08-21 13:51:17.751000,1214.0,1218.0,1205.5,1211.5,nan,1213.0,29146,2121485460.0,20758,1214.5,19,1214.0,21,nan,0,nan,0,nan,0,nan,0,nan,0,nan,0,nan,0,nan,0
1597989077643085056,1597989078249000192,2020-08-21 13:51:18.249000,1214.0,1218.0,1205.5,1211.5,nan,1213.0,29146,2121485460.0,20758,1214.5,19,1214.0,21,nan,0,nan,0,nan,0,nan,0,nan,0,nan,0,nan,0,nan,0
1597989082654900992,1597989083239000064,2020-08-21 13:51:23.239000,1214.0,1218.0,1205.5,1211.5,nan,1213.0,29146,2121485460.0,20758,1214.5,19,1214.0,18,nan,0,nan,0,nan,0,nan,0,nan,0,nan,0,nan,0,nan,0
1597989083247511040,1597989083739000064,2020-08-21 13:51:23.739000,1214.0,1218.0,1205.5,1211.5,nan,1213.0,29158,2122359540.0,20756,1214.5,25,1213.5,29,nan,0,nan,0,nan,0,nan,0,nan,0,nan,0,nan,0,nan,0
1597989087649231104,1597989088220000000,2020-08-21 13:51:28.220000,1214.0,1218.0,1205.5,1211.5,nan,1213.0,29158,2122359540.0,20756,1214.0,1,1213.5,29,nan,0,nan,0,nan,0,nan,0,nan,0,nan,0,nan,0,nan,0
1597989088150543104,1597989088749000192,2020-08-21 13:51:28.749000,1214.0,1218.0,1205.5,1211.5,nan,1213.0,29158,2122359540.0,20756,1214.0,8,1213.5,29,nan,0,nan,0,nan,0,nan,0,nan,0,nan,0,nan,0,nan,0
1597989099647865088,1597989100200000000,2020-08-21 13:51:40.200000,1213.5,1218.0,1205.5,1211.5,nan,1213.0,29159,2122432350.0,20756,1214.0,8,1213.5,29,nan,0,nan,0,nan,0,nan,0,nan,0,nan,0,nan,0,nan,0
1597989101648187904,1597989102083000064,2020-08-21 13:51:42.083000,1213.5,1218.0,1205.5,1211.5,nan,1213.0,29159,2122432350.0,20756,1214.0,7,1213.5,29,nan,0,nan,0,nan,0,nan,0,nan,0,nan,0,nan,0,nan,0
1597989104641043968,1597989105236999936,2020-08-21 13:51:45.237000,1213.5,1218.0,1205.5,1211.5,nan,1213.0,29160,2122505160.0,20755,1214.0,7,1213.5,28,nan,0,nan,0,nan,0,nan,0,nan,0,nan,0,nan,0,nan,0
1597989107638499072,1597989108248000000,2020-08-21 13:51:48.248000,1213.5,1218.0,1205.5,1211.5,nan,1213.0,29160,2122505160.0,20755,1214.0,8,1213.5,28,nan,0,nan,0,nan,0,nan,0,nan,0,nan,0,nan,0,nan,0
1597989114143504896,1597989114740999936,2020-08-21 13:51:54.741000,1213.5,1218.0,1205.5,1211.5,nan,1213.0,29163,2122723590.0,20753,1214.0,11,1213.5,24,nan,0,nan,0,nan,0,nan,0,nan,0,nan,0,nan,0,nan,0
1597989114642307072,1597989115249000192,2020-08-21 13:51:55.249000,1213.5,1218.0,1205.5,1211.5,nan,1213.0,29182,2124106980.0,20745,1214.0,21,1213.0,32,nan,0,nan,0,nan,0,nan,0,nan,0,nan,0,nan,0,nan,0
1597989117648625920,1597989118248000000,2020-08-21 13:51:58.248000,1213.5,1218.0,1205.5,1211.5,nan,1213.0,29182,2124106980.0,20745,1213.5,6,1213.0,32,nan,0,nan,0,nan,0,nan,0,nan,0,nan,0,nan,0,nan,0
1597989118157242880,1597989118736999936,2020-08-21 13:51:58.737000,1213.5,1218.0,1205.5,1211.5,nan,1213.0,29182,2124106980.0,20745,1213.5,20,1213.0,16,nan,0,nan,0,nan,0,nan,0,nan,0,nan,0,nan,0,nan,0
1597989118654703104,1597989119240000000,2020-08-21 13:51:59.240000,1213.5,1218.0,1205.5,1211.5,nan,1213.0,29182,2124106980.0,20745,1213.5,21,1213.0,16,nan,0,nan,0,nan,0,nan,0,nan,0,nan,0,nan,0,nan,0
1597989134657264128,1597989135207000064,2020-08-21 13:52:15.207000,1213.5,1218.0,1205.5,1211.5,nan,1213.0,29182,2124106980.0,20745,1213.5,23,1213.0,16,nan,0,nan,0,nan,0,nan,0,nan,0,nan,0,nan,0,nan,0
1597989135142807040,1597989135733999872,2020-08-21 13:52:15.734000,1213.0,1218.0,1205.5,1211.5,nan,1213.0,29185,2124325320.0,20745,1213.5,22,1213.0,17,nan,0,nan,0,nan,0,nan,0,nan,0,nan,0,nan,0,nan,0
1597989140647130880,1597989141232999936,2020-08-21 13:52:21.233000,1213.0,1218.0,1205.5,1211.5,nan,1213.0,29185,2124325320.0,20745,1213.5,23,1213.0,17,nan,0,nan,0,nan,0,nan,0,nan,0,nan,0,nan,0,nan,0
1597989142140463104,1597989142750000128,2020-08-21 13:52:22.750000,1213.0,1218.0,1205.5,1211.5,nan,1213.0,29185,2124325320.0,20745,1213.5,33,1213.0,17,nan,0,nan,0,nan,0,nan,0,nan,0,nan,0,nan,0,nan,0
1597989146147941120,1597989146746000128,2020-08-21 13:52:26.746000,1213.0,1218.0,1205.5,1211.5,nan,1213.0,29185,2124325320.0,20745,1213.5,34,1213.0,17,nan,0,nan,0,nan,0,nan,0,nan,0,nan,0,nan,0,nan,0
1597989147643923968,1597989148234999808,2020-08-21 13:52:28.235000,1213.0,1218.0,1205.5,1211.5,nan,1213.0,29186,2124398100.0,20746,1213.5,34,1213.0,16,nan,0,nan,0,nan,0,nan,0,nan,0,nan,0,nan,0,nan,0
1597989148642565120,1597989149198999808,2020-08-21 13:52:29.199000,1213.0,1218.0,1205.5,1211.5,nan,1213.0,29202,2125562580.0,20736,1213.0,3,1212.5,4,nan,0,nan,0,nan,0,nan,0,nan,0,nan,0,nan,0,nan,0
1597989149146600960,1597989149732000000,2020-08-21 13:52:29.732000,1212.5,1218.0,1205.5,1211.5,nan,1213.0,29206,2125853580.0,20733,1213.0,23,1212.0,41,nan,0,nan,0,nan,0,nan,0,nan,0,nan,0,nan,0,nan,0
1597989149645885952,1597989150244000000,2020-08-21 13:52:30.244000,1212.0,1218.0,1205.5,1211.5,nan,1213.0,29211,2126217210.0,20731,1213.0,23,1212.0,38,nan,0,nan,0,nan,0,nan,0,nan,0,nan,0,nan,0,nan,0
1597989150150840064,1597989150750000128,2020-08-21 13:52:30.750000,1212.0,1218.0,1205.5,1211.5,nan,1213.0,29220,2126871690.0,20724,1213.0,23,1212.0,29,nan,0,nan,0,nan,0,nan,0,nan,0,nan,0,nan,0,nan,0
1597989150643461120,1597989151244999936,2020-08-21 13:52:31.245000,1212.0,1218.0,1205.5,1211.5,nan,1213.0,29228,2127453450.0,20724,1213.0,23,1212.0,21,nan,0,nan,0,nan,0,nan,0,nan,0,nan,0,nan,0,nan,0
1597989151657797888,1597989152144000000,2020-08-21 13:52:32.144000,1212.0,1218.0,1205.5,1211.5,nan,1213.0,29228,2127453450.0,20724,1213.0,23,1212.0,22,nan,0,nan,0,nan,0,nan,0,nan,0,nan,0,nan,0,nan,0
1597989157648957952,1597989158236000000,2020-08-21 13:52:38.236000,1212.0,1218.0,1205.5,1211.5,nan,1213.0,29229,2127526170.0,20725,1212.5,3,1212.0,21,nan,0,nan,0,nan,0,nan,0,nan,0,nan,0,nan,0,nan,0
1597989158144692992,1597989158747000064,2020-08-21 13:52:38.747000,1212.0,1218.0,1205.5,1211.5,nan,1213.0,29229,2127526170.0,20725,1212.5,26,1212.0,21,nan,0,nan,0,nan,0,nan,0,nan,0,nan,0,nan,0,nan,0
1597989158637445120,1597989159203000064,2020-08-21 13:52:39.203000,1212.0,1218.0,1205.5,1211.5,nan,1213.0,29229,2127526170.0,20725,1212.5,26,1212.0,18,nan,0,nan,0,nan,0,nan,0,nan,0,nan,0,nan,0,nan,0
1597989160318533120,1597989160733999872,2020-08-21 13:52:40.734000,1212.5,1218.0,1205.5,1211.5,nan,1213.0,29240,2128326120.0,20735,1212.5,25,1212.0,8,nan,0,nan,0,nan,0,nan,0,nan,0,nan,0,nan,0,nan,0
1597989160648765952,1597989161181999872,2020-08-21 13:52:41.182000,1212.5,1218.0,1205.5,1211.5,nan,1213.0,29240,2128326120.0,20735,1212.5,26,1212.0,7,nan,0,nan,0,nan,0,nan,0,nan,0,nan,0,nan,0,nan,0
1597989161644840960,1597989162249999872,2020-08-21 13:52:42.250000,1212.5,1218.0,1205.5,1211.5,nan,1213.0,29241,2128398870.0,20736,1212.5,25,1212.0,7,nan,0,nan,0,nan,0,nan,0,nan,0,nan,0,nan,0,nan,0
1597989162145347072,1597989162744999936,2020-08-21 13:52:42.745000,1212.5,1218.0,1205.5,1211.5,nan,1213.0,29241,2128398870.0,20736,1212.5,25,1212.0,8,nan,0,nan,0,nan,0,nan,0,nan,0,nan,0,nan,0,nan,0
1597989163657744896,1597989164244000000,2020-08-21 13:52:44.244000,1212.5,1218.0,1205.5,1211.5,nan,1213.0,29243,2128544370.0,20735,1212.5,23,1212.0,8,nan,0,nan,0,nan,0,nan,0,nan,0,nan,0,nan,0,nan,0
1597989165141736960,1597989165743000064,2020-08-21 13:52:45.743000,1212.5,1218.0,1205.5,1211.5,nan,1213.0,29243,2128544370.0,20735,1212.5,23,1212.0,10,nan,0,nan,0,nan,0,nan,0,nan,0,nan,0,nan,0,nan,0
1597989165652723968,1597989166223000064,2020-08-21 13:52:46.223000,1212.5,1218.0,1205.5,1211.5,nan,1213.0,29266,2130217620.0,20740,1213.0,23,1212.5,9,nan,0,nan,0,nan,0,nan,0,nan,0,nan,0,nan,0,nan,0
1597989166299945984,1597989166742000128,2020-08-21 13:52:46.742000,1212.5,1218.0,1205.5,1211.5,nan,1213.0,29266,2130217620.0,20740,1213.0,24,1212.5,9,nan,0,nan,0,nan,0,nan,0,nan,0,nan,0,nan,0,nan,0
1597989166642802944,1597989167223000064,2020-08-21 13:52:47.223000,1212.5,1218.0,1205.5,1211.5,nan,1213.0,29266,2130217620.0,20740,1213.0,24,1212.5,12,nan,0,nan,0,nan,0,nan,0,nan,0,nan,0,nan,0,nan,0
1597989176146930944,1597989176728000000,2020-08-21 13:52:56.728000,1212.5,1218.0,1205.5,1211.5,nan,1213.0,29266,2130217620.0,20740,1213.0,29,1212.5,10,nan,0,nan,0,nan,0,nan,0,nan,0,nan,0,nan,0,nan,0
1597989185653605888,1597989186250999808,2020-08-21 13:53:06.251000,1212.5,1218.0,1205.5,1211.5,nan,1213.0,29268,2130363120.0,20740,1213.0,29,1212.5,8,nan,0,nan,0,nan,0,nan,0,nan,0,nan,0,nan,0,nan,0
1597989186155499008,1597989186696999936,2020-08-21 13:53:06.697000,1212.5,1218.0,1205.5,1211.5,nan,1213.0,29268,2130363120.0,20740,1213.0,29,1212.5,10,nan,0,nan,0,nan,0,nan,0,nan,0,nan,0,nan,0,nan,0
1597989193145198080,1597989193746000128,2020-08-21 13:53:13.746000,1212.5,1218.0,1205.5,1211.5,nan,1213.0,29268,2130363120.0,20740,1213.0,29,1212.5,11,nan,0,nan,0,nan,0,nan,0,nan,0,nan,0,nan,0,nan,0
1597989194144349952,1597989194744999936,2020-08-21 13:53:14.745000,1212.5,1218.0,1205.5,1211.5,nan,1213.0,29269,2130435870.0,20740,1213.0,29,1212.5,10,nan,0,nan,0,nan,0,nan,0,nan,0,nan,0,nan,0,nan,0
1597989197162330880,1597989197730000128,2020-08-21 13:53:17.730000,1212.5,1218.0,1205.5,1211.5,nan,1213.0,29269,2130435870.0,20740,1213.0,29,1212.5,11,nan,0,nan,0,nan,0,nan,0,nan,0,nan,0,nan,0,nan,0
1597989211642400000,1597989212153000192,2020-08-21 13:53:32.153000,1212.5,1218.0,1205.5,1211.5,nan,1213.0,29269,2130435870.0,20740,1213.0,19,1212.5,20,nan,0,nan,0,nan,0,nan,0,nan,0,nan,0,nan,0,nan,0
1597989212142886912,1597989212724999936,2020-08-21 13:53:32.725000,1212.5,1218.0,1205.5,1211.5,nan,1213.0,29269,2130435870.0,20740,1213.0,18,1212.5,22,nan,0,nan,0,nan,0,nan,0,nan,0,nan,0,nan,0,nan,0
1597989213148712960,1597989213736999936,2020-08-21 13:53:33.737000,1212.5,1218.0,1205.5,1211.5,nan,1213.0,29269,2130435870.0,20740,1213.0,18,1212.5,23,nan,0,nan,0,nan,0,nan,0,nan,0,nan,0,nan,0,nan,0
1597989214146278912,1597989214737999872,2020-08-21 13:53:34.738000,1212.5,1218.0,1205.5,1211.5,nan,1213.0,29270,2130508620.0,20740,1213.0,18,1212.5,22,nan,0,nan,0,nan,0,nan,0,nan,0,nan,0,nan,0,nan,0
1597989218152406016,1597989218737999872,2020-08-21 13:53:38.738000,1213.0,1218.0,1205.5,1211.5,nan,1213.0,29271,2130581400.0,20739,1213.0,17,1212.5,22,nan,0,nan,0,nan,0,nan,0,nan,0,nan,0,nan,0,nan,0
1597989218655693056,1597989219247000064,2020-08-21 13:53:39.247000,1213.0,1218.0,1205.5,1211.5,nan,1213.0,29271,2130581400.0,20739,1213.0,10,1212.5,22,nan,0,nan,0,nan,0,nan,0,nan,0,nan,0,nan,0,nan,0
1597989219144954880,1597989219750000128,2020-08-21 13:53:39.750000,1213.0,1218.0,1205.5,1211.5,nan,1213.0,29278,2131090860.0,20737,1213.5,24,1213.0,17,nan,0,nan,0,nan,0,nan,0,nan,0,nan,0,nan,0,nan,0
1597989219650731008,1597989220250999808,2020-08-21 13:53:40.251000,1213.0,1218.0,1205.5,1211.5,nan,1213.0,29278,2131090860.0,20737,1213.5,23,1213.0,25,nan,0,nan,0,nan,0,nan,0,nan,0,nan,0,nan,0,nan,0
1597989220148049920,1597989220737999872,2020-08-21 13:53:40.738000,1213.0,1218.0,1205.5,1211.5,nan,1213.0,29278,2131090860.0,20737,1213.5,19,1213.0,26,nan,0,nan,0,nan,0,nan,0,nan,0,nan,0,nan,0,nan,0
1597989222147120128,1597989222730000128,2020-08-21 13:53:42.730000,1213.5,1218.0,1205.5,1211.5,nan,1213.0,29279,2131163670.0,20737,1213.5,19,1213.0,26,nan,0,nan,0,nan,0,nan,0,nan,0,nan,0,nan,0,nan,0
1597989231154237952,1597989231732000000,2020-08-21 13:53:51.732000,1213.5,1218.0,1205.5,1211.5,nan,1213.0,29279,2131163670.0,20737,1213.5,19,1213.0,27,nan,0,nan,0,nan,0,nan,0,nan,0,nan,0,nan,0,nan,0
1597989234646000128,1597989235233999872,2020-08-21 13:53:55.234000,1213.5,1218.0,1205.5,1211.5,nan,1213.0,29279,2131163670.0,20737,1213.5,24,1213.0,22,nan,0,nan,0,nan,0,nan,0,nan,0,nan,0,nan,0,nan,0
1597989235149524992,1597989235743000064,2020-08-21 13:53:55.743000,1213.5,1218.0,1205.5,1211.5,nan,1213.0,29279,2131163670.0,20737,1213.5,25,1213.0,16,nan,0,nan,0,nan,0,nan,0,nan,0,nan,0,nan,0,nan,0
1597989239637505024,1597989240247000064,2020-08-21 13:54:00.247000,1213.5,1218.0,1205.5,1211.5,nan,1213.0,29279,2131163670.0,20737,1213.5,25,1213.0,26,nan,0,nan,0,nan,0,nan,0,nan,0,nan,0,nan,0,nan,0
1597989240187633920,1597989240734999808,2020-08-21 13:54:00.735000,1213.5,1218.0,1205.5,1211.5,nan,1213.0,29279,2131163670.0,20737,1213.5,25,1213.0,30,nan,0,nan,0,nan,0,nan,0,nan,0,nan,0,nan,0,nan,0
1597989241165167104,1597989241743000064,2020-08-21 13:54:01.743000,1213.5,1218.0,1205.5,1211.5,nan,1213.0,29279,2131163670.0,20737,1213.5,51,1213.0,30,nan,0,nan,0,nan,0,nan,0,nan,0,nan,0,nan,0,nan,0
1597989241687543040,1597989242244000000,2020-08-21 13:54:02.244000,1213.0,1218.0,1205.5,1211.5,nan,1213.0,29306,2133128730.0,20714,1213.0,28,1212.5,10,nan,0,nan,0,nan,0,nan,0,nan,0,nan,0,nan,0,nan,0
1597989242239609088,1597989242744999936,2020-08-21 13:54:02.745000,1212.5,1218.0,1205.5,1211.5,nan,1213.0,29312,2133565230.0,20716,1212.5,16,1212.0,14,nan,0,nan,0,nan,0,nan,0,nan,0,nan,0,nan,0,nan,0
1597989242647804928,1597989243250999808,2020-08-21 13:54:03.251000,1212.5,1218.0,1205.5,1211.5,nan,1213.0,29312,2133565230.0,20716,1212.5,16,1212.0,15,nan,0,nan,0,nan,0,nan,0,nan,0,nan,0,nan,0,nan,0
1597989243157680128,1597989243747000064,2020-08-21 13:54:03.747000,1212.5,1218.0,1205.5,1211.5,nan,1213.0,29313,2133637980.0,20717,1212.5,15,1212.0,15,nan,0,nan,0,nan,0,nan,0,nan,0,nan,0,nan,0,nan,0
1597989243644571904,1597989244158999808,2020-08-21 13:54:04.159000,1212.5,1218.0,1205.5,1211.5,nan,1213.0,29313,2133637980.0,20717,1212.5,14,1212.0,18,nan,0,nan,0,nan,0,nan,0,nan,0,nan,0,nan,0,nan,0
1597989244640584960,1597989245243000064,2020-08-21 13:54:05.243000,1212.5,1218.0,1205.5,1211.5,nan,1213.0,29318,2134001730.0,20722,1213.0,27,1212.5,10,nan,0,nan,0,nan,0,nan,0,nan,0,nan,0,nan,0,nan,0
1597989245141129984,1597989245750999808,2020-08-21 13:54:05.751000,1212.5,1218.0,1205.5,1211.5,nan,1213.0,29318,2134001730.0,20722,1213.0,27,1212.5,14,nan,0,nan,0,nan,0,nan,0,nan,0,nan,0,nan,0,nan,0
1597989248180005888,1597989248728000000,2020-08-21 13:54:08.728000,1212.5,1218.0,1205.5,1211.5,nan,1213.0,29318,2134001730.0,20722,1213.0,27,1212.5,7,nan,0,nan,0,nan,0,nan,0,nan,0,nan,0,nan,0,nan,0
1597989248654716928,1597989249243000064,2020-08-21 13:54:09.243000,1212.5,1218.0,1205.5,1211.5,nan,1213.0,29320,2134147230.0,20720,1213.0,27,1212.5,5,nan,0,nan,0,nan,0,nan,0,nan,0,nan,0,nan,0,nan,0
1597989250152240128,1597989250744999936,2020-08-21 13:54:10.745000,1212.5,1218.0,1205.5,1211.5,nan,1213.0,29325,2134510980.0,20724,1213.0,27,1212.0,18,nan,0,nan,0,nan,0,nan,0,nan,0,nan,0,nan,0,nan,0
1597989250655270912,1597989251226000128,2020-08-21 13:54:11.226000,1212.5,1218.0,1205.5,1211.5,nan,1213.0,29325,2134510980.0,20724,1212.5,14,1212.0,18,nan,0,nan,0,nan,0,nan,0,nan,0,nan,0,nan,0,nan,0
1597989251653171968,1597989252250999808,2020-08-21 13:54:12.251000,1212.5,1218.0,1205.5,1211.5,nan,1213.0,29325,2134510980.0,20724,1212.5,14,1212.0,11,nan,0,nan,0,nan,0,nan,0,nan,0,nan,0,nan,0,nan,0
1597989252163036928,1597989252704000000,2020-08-21 13:54:12.704000,1212.5,1218.0,1205.5,1211.5,nan,1213.0,29325,2134510980.0,20724,1212.5,21,1212.0,11,nan,0,nan,0,nan,0,nan,0,nan,0,nan,0,nan,0,nan,0
1597989254644520960,1597989255192000000,2020-08-21 13:54:15.192000,1212.5,1218.0,1205.5,1211.5,nan,1213.0,29325,2134510980.0,20724,1212.5,22,1212.0,11,nan,0,nan,0,nan,0,nan,0,nan,0,nan,0,nan,0,nan,0
1597989258140825088,1597989258746000128,2020-08-21 13:54:18.746000,1212.0,1218.0,1205.5,1211.5,nan,1213.0,29326,2134583700.0,20724,1212.5,22,1212.0,10,nan,0,nan,0,nan,0,nan,0,nan,0,nan,0,nan,0,nan,0
1597989258646971904,1597989259250999808,2020-08-21 13:54:19.251000,1212.0,1218.0,1205.5,1211.5,nan,1213.0,29326,2134583700.0,20724,1212.5,22,1212.0,11,nan,0,nan,0,nan,0,nan,0,nan,0,nan,0,nan,0,nan,0
1597989259642629888,1597989260148000000,2020-08-21 13:54:20.148000,1212.5,1218.0,1205.5,1211.5,nan,1213.0,29327,2134656450.0,20725,1212.5,21,1212.0,11,nan,0,nan,0,nan,0,nan,0,nan,0,nan,0,nan,0,nan,0
1597989266648254976,1597989267246000128,2020-08-21 13:54:27.246000,1212.5,1218.0,1205.5,1211.5,nan,1213.0,29327,2134656450.0,20725,1212.5,21,1212.0,6,nan,0,nan,0,nan,0,nan,0,nan,0,nan,0,nan,0,nan,0
1597989267712108032,1597989268244999936,2020-08-21 13:54:28.245000,1212.0,1218.0,1205.5,1211.5,nan,1213.0,29333,2135092770.0,20724,1212.0,9,1211.5,27,nan,0,nan,0,nan,0,nan,0,nan,0,nan,0,nan,0,nan,0
1597989270678684928,1597989271223000064,2020-08-21 13:54:31.223000,1212.0,1218.0,1205.5,1211.5,nan,1213.0,29342,2135747250.0,20722,1212.5,21,1212.0,1,nan,0,nan,0,nan,0,nan,0,nan,0,nan,0,nan,0,nan,0
1597989287654028032,1597989288249000192,2020-08-21 13:54:48.249000,1212.0,1218.0,1205.5,1211.5,nan,1213.0,29343,2135819970.0,20721,1212.5,21,1211.5,32,nan,0,nan,0,nan,0,nan,0,nan,0,nan,0,nan,0,nan,0
1597989294158516992,1597989294750999808,2020-08-21 13:54:54.751000,1212.0,1218.0,1205.5,1211.5,nan,1213.0,29344,2135892690.0,20720,1212.5,21,1211.5,32,nan,0,nan,0,nan,0,nan,0,nan,0,nan,0,nan,0,nan,0
1597989294692794112,1597989295221999872,2020-08-21 13:54:55.222000,1212.0,1218.0,1205.5,1211.5,nan,1213.0,29344,2135892690.0,20720,1212.5,21,1211.5,34,nan,0,nan,0,nan,0,nan,0,nan,0,nan,0,nan,0,nan,0
1597989295647744000,1597989296221999872,2020-08-21 13:54:56.222000,1212.5,1218.0,1205.5,1211.5,nan,1213.0,29345,2135965440.0,20720,1212.5,21,1211.5,34,nan,0,nan,0,nan,0,nan,0,nan,0,nan,0,nan,0,nan,0
1597989300650088960,1597989301228000000,2020-08-21 13:55:01.228000,1212.5,1218.0,1205.5,1211.5,nan,1213.0,29345,2135965440.0,20720,1212.0,10,1211.5,34,nan,0,nan,0,nan,0,nan,0,nan,0,nan,0,nan,0,nan,0
1597989301156236032,1597989301750999808,2020-08-21 13:55:01.751000,1212.5,1218.0,1205.5,1211.5,nan,1213.0,29346,2136038190.0,20721,1212.0,14,1211.5,29,nan,0,nan,0,nan,0,nan,0,nan,0,nan,0,nan,0,nan,0
1597989301709886976,1597989302224999936,2020-08-21 13:55:02.225000,1212.5,1218.0,1205.5,1211.5,nan,1213.0,29346,2136038190.0,20721,1212.0,14,1211.5,31,nan,0,nan,0,nan,0,nan,0,nan,0,nan,0,nan,0,nan,0
1597989305191884032,1597989305730000128,2020-08-21 13:55:05.730000,1212.5,1218.0,1205.5,1211.5,nan,1213.0,29346,2136038190.0,20721,1212.0,13,1211.5,31,nan,0,nan,0,nan,0,nan,0,nan,0,nan,0,nan,0,nan,0
1597989305647824896,1597989306237999872,2020-08-21 13:55:06.238000,1212.0,1218.0,1205.5,1211.5,nan,1213.0,29349,2136256290.0,20719,1212.0,12,1211.5,30,nan,0,nan,0,nan,0,nan,0,nan,0,nan,0,nan,0,nan,0
1597989308197512960,1597989308752000000,2020-08-21 13:55:08.752000,1212.0,1218.0,1205.5,1211.5,nan,1213.0,29349,2136256290.0,20719,1212.0,13,1211.5,30,nan,0,nan,0,nan,0,nan,0,nan,0,nan,0,nan,0,nan,0
1597989308700954880,1597989309232999936,2020-08-21 13:55:09.233000,1212.0,1218.0,1205.5,1211.5,nan,1213.0,29349,2136256290.0,20719,1212.0,14,1211.5,30,nan,0,nan,0,nan,0,nan,0,nan,0,nan,0,nan,0,nan,0
1597989310677448960,1597989311248000000,2020-08-21 13:55:11.248000,1212.0,1218.0,1205.5,1211.5,nan,1213.0,29350,2136329010.0,20720,1212.0,13,1211.5,30,nan,0,nan,0,nan,0,nan,0,nan,0,nan,0,nan,0,nan,0
1597989312154889984,1597989312750999808,2020-08-21 13:55:12.751000,1212.0,1218.0,1205.5,1211.5,nan,1213.0,29350,2136329010.0,20720,1212.0,13,1211.5,32,nan,0,nan,0,nan,0,nan,0,nan,0,nan,0,nan,0,nan,0
1597989313147304960,1597989313732000000,2020-08-21 13:55:13.732000,1212.0,1218.0,1205.5,1211.5,nan,1213.0,29350,2136329010.0,20720,1212.0,12,1211.5,32,nan,0,nan,0,nan,0,nan,0,nan,0,nan,0,nan,0,nan,0
1597989313660922880,1597989314234999808,2020-08-21 13:55:14.235000,1212.0,1218.0,1205.5,1211.5,nan,1213.0,29350,2136329010.0,20720,1212.0,11,1211.5,32,nan,0,nan,0,nan,0,nan,0,nan,0,nan,0,nan,0,nan,0
1597989317697912064,1597989318229000192,2020-08-21 13:55:18.229000,1212.0,1218.0,1205.5,1211.5,nan,1213.0,29350,2136329010.0,20720,1212.0,8,1211.5,32,nan,0,nan,0,nan,0,nan,0,nan,0,nan,0,nan,0,nan,0
1597989318194276096,1597989318752000000,2020-08-21 13:55:18.752000,1212.0,1218.0,1205.5,1211.5,nan,1213.0,29358,2136910770.0,20727,1212.5,20,1212.0,2,nan,0,nan,0,nan,0,nan,0,nan,0,nan,0,nan,0,nan,0
1597989318661573120,1597989319236999936,2020-08-21 13:55:19.237000,1212.0,1218.0,1205.5,1211.5,nan,1213.0,29358,2136910770.0,20727,1212.5,20,1212.0,11,nan,0,nan,0,nan,0,nan,0,nan,0,nan,0,nan,0,nan,0
1597989319195642112,1597989319750000128,2020-08-21 13:55:19.750000,1212.0,1218.0,1205.5,1211.5,nan,1213.0,29358,2136910770.0,20727,1212.5,20,1212.0,15,nan,0,nan,0,nan,0,nan,0,nan,0,nan,0,nan,0,nan,0
1597989319742238976,1597989320244000000,2020-08-21 13:55:20.244000,1212.0,1218.0,1205.5,1211.5,nan,1213.0,29358,2136910770.0,20727,1212.5,20,1212.0,16,nan,0,nan,0,nan,0,nan,0,nan,0,nan,0,nan,0,nan,0
1597989320659670016,1597989321233999872,2020-08-21 13:55:21.234000,1212.5,1218.0,1205.5,1211.5,nan,1213.0,29359,2136983520.0,20727,1212.5,19,1212.0,16,nan,0,nan,0,nan,0,nan,0,nan,0,nan,0,nan,0,nan,0
1597989321153928960,1597989321744999936,2020-08-21 13:55:21.745000,1212.5,1218.0,1205.5,1211.5,nan,1213.0,29360,2137056270.0,20728,1212.5,17,1212.0,19,nan,0,nan,0,nan,0,nan,0,nan,0,nan,0,nan,0,nan,0
1597989323354264064,1597989323750000128,2020-08-21 13:55:23.750000,1212.5,1218.0,1205.5,1211.5,nan,1213.0,29360,2137056270.0,20728,1212.5,16,1212.0,19,nan,0,nan,0,nan,0,nan,0,nan,0,nan,0,nan,0,nan,0
1597989326648439040,1597989327233999872,2020-08-21 13:55:27.234000,1212.5,1218.0,1205.5,1211.5,nan,1213.0,29361,2137129020.0,20729,1212.5,12,1212.0,19,nan,0,nan,0,nan,0,nan,0,nan,0,nan,0,nan,0,nan,0
1597989336153281024,1597989336731000064,2020-08-21 13:55:36.731000,1212.5,1218.0,1205.5,1211.5,nan,1213.0,29361,2137129020.0,20729,1212.5,12,1212.0,20,nan,0,nan,0,nan,0,nan,0,nan,0,nan,0,nan,0,nan,0
1597989336669403904,1597989337227000064,2020-08-21 13:55:37.227000,1212.5,1218.0,1205.5,1211.5,nan,1213.0,29363,2137274520.0,20731,1212.5,4,1212.0,20,nan,0,nan,0,nan,0,nan,0,nan,0,nan,0,nan,0,nan,0
1597989337153955072,1597989337736999936,2020-08-21 13:55:37.737000,1212.5,1218.0,1205.5,1211.5,nan,1213.0,29363,2137274520.0,20731,1212.5,1,1212.0,26,nan,0,nan,0,nan,0,nan,0,nan,0,nan,0,nan,0,nan,0
1597989337692035072,1597989338246000128,2020-08-21 13:55:38.246000,1212.5,1218.0,1205.5,1211.5,nan,1213.0,29364,2137347270.0,20732,1213.0,27,1212.5,3,nan,0,nan,0,nan,0,nan,0,nan,0,nan,0,nan,0,nan,0
1597989338193413888,1597989338744999936,2020-08-21 13:55:38.745000,1212.5,1218.0,1205.5,1211.5,nan,1213.0,29369,2137711020.0,20730,1213.0,27,1212.0,23,nan,0,nan,0,nan,0,nan,0,nan,0,nan,0,nan,0,nan,0
1597989338662966016,1597989339242000128,2020-08-21 13:55:39.242000,1212.5,1218.0,1205.5,1211.5,nan,1213.0,29369,2137711020.0,20730,1213.0,27,1212.0,24,nan,0,nan,0,nan,0,nan,0,nan,0,nan,0,nan,0,nan,0
1597989339680143872,1597989340236999936,2020-08-21 13:55:40.237000,1213.0,1218.0,1205.5,1211.5,nan,1213.0,29375,2138147700.0,20733,1213.0,21,1212.0,24,nan,0,nan,0,nan,0,nan,0,nan,0,nan,0,nan,0,nan,0
1597989340171744000,1597989340736000000,2020-08-21 13:55:40.736000,1212.0,1218.0,1205.5,1211.5,nan,1213.0,29376,2138220420.0,20733,1213.0,21,1212.0,23,nan,0,nan,0,nan,0,nan,0,nan,0,nan,0,nan,0,nan,0
1597989353202446080,1597989353744999936,2020-08-21 13:55:53.745000,1212.0,1218.0,1205.5,1211.5,nan,1213.0,29376,2138220420.0,20733,1213.0,21,1212.0,24,nan,0,nan,0,nan,0,nan,0,nan,0,nan,0,nan,0,nan,0
1597989353672546048,1597989354244000000,2020-08-21 13:55:54.244000,1212.5,1218.0,1205.5,1211.5,nan,1213.0,29378,2138365920.0,20735,1212.5,10,1212.0,24,nan,0,nan,0,nan,0,nan,0,nan,0,nan,0,nan,0,nan,0
1597989356149846016,1597989356736000000,2020-08-21 13:55:56.736000,1212.5,1218.0,1205.5,1211.5,nan,1213.0,29380,2138511420.0,20733,1212.5,8,1212.0,24,nan,0,nan,0,nan,0,nan,0,nan,0,nan,0,nan,0,nan,0
1597989360150861056,1597989360716999936,2020-08-21 13:56:00.717000,1212.0,1218.0,1205.5,1211.5,nan,1213.0,29382,2138656860.0,20735,1212.5,8,1212.0,22,nan,0,nan,0,nan,0,nan,0,nan,0,nan,0,nan,0,nan,0
1597989360662838016,1597989361243000064,2020-08-21 13:56:01.243000,1212.0,1218.0,1205.5,1211.5,nan,1213.0,29382,2138656860.0,20735,1212.5,18,1212.0,22,nan,0,nan,0,nan,0,nan,0,nan,0,nan,0,nan,0,nan,0
1597989361164427008,1597989361731000064,2020-08-21 13:56:01.731000,1212.0,1218.0,1205.5,1211.5,nan,1213.0,29382,2138656860.0,20735,1212.5,19,1212.0,22,nan,0,nan,0,nan,0,nan,0,nan,0,nan,0,nan,0,nan,0
1597989362204496896,1597989362737999872,2020-08-21 13:56:02.738000,1212.0,1218.0,1205.5,1211.5,nan,1213.0,29382,2138656860.0,20735,1212.5,19,1212.0,25,nan,0,nan,0,nan,0,nan,0,nan,0,nan,0,nan,0,nan,0
1597989362644325120,1597989363226000128,2020-08-21 13:56:03.226000,1212.0,1218.0,1205.5,1211.5,nan,1213.0,29382,2138656860.0,20735,1212.5,19,1212.0,22,nan,0,nan,0,nan,0,nan,0,nan,0,nan,0,nan,0,nan,0
1597989363647280896,1597989364226000128,2020-08-21 13:56:04.226000,1212.0,1218.0,1205.5,1211.5,nan,1213.0,29382,2138656860.0,20735,1212.5,19,1212.0,19,nan,0,nan,0,nan,0,nan,0,nan,0,nan,0,nan,0,nan,0
1597989364163194112,1597989364752000000,2020-08-21 13:56:04.752000,1212.5,1218.0,1205.5,1211.5,nan,1213.0,29383,2138729610.0,20735,1212.5,18,1212.0,22,nan,0,nan,0,nan,0,nan,0,nan,0,nan,0,nan,0,nan,0
1597989364650191872,1597989365233999872,2020-08-21 13:56:05.234000,1212.5,1218.0,1205.5,1211.5,nan,1213.0,29383,2138729610.0,20735,1212.5,18,1212.0,23,nan,0,nan,0,nan,0,nan,0,nan,0,nan,0,nan,0,nan,0
1597989368148071936,1597989368744999936,2020-08-21 13:56:08.745000,1212.5,1218.0,1205.5,1211.5,nan,1213.0,29383,2138729610.0,20735,1212.5,19,1212.0,22,nan,0,nan,0,nan,0,nan,0,nan,0,nan,0,nan,0,nan,0
1597989368650266112,1597989369244000000,2020-08-21 13:56:09.244000,1212.5,1218.0,1205.5,1211.5,nan,1213.0,29383,2138729610.0,20735,1212.5,19,1212.0,13,nan,0,nan,0,nan,0,nan,0,nan,0,nan,0,nan,0,nan,0
1597989369692158976,1597989370252999936,2020-08-21 13:56:10.253000,1212.5,1218.0,1205.5,1211.5,nan,1213.0,29383,2138729610.0,20735,1212.5,19,1212.0,7,nan,0,nan,0,nan,0,nan,0,nan,0,nan,0,nan,0,nan,0
1597989370164470016,1597989370707000064,2020-08-21 13:56:10.707000,1212.0,1218.0,1205.5,1211.5,nan,1213.0,29390,2139238650.0,20734,1212.5,22,1211.5,31,nan,0,nan,0,nan,0,nan,0,nan,0,nan,0,nan,0,nan,0
1597989370661808128,1597989371247000064,2020-08-21 13:56:11.247000,1212.0,1218.0,1205.5,1211.5,nan,1213.0,29390,2139238650.0,20734,1212.5,22,1211.5,32,nan,0,nan,0,nan,0,nan,0,nan,0,nan,0,nan,0,nan,0
1597989371700898048,1597989372234999808,2020-08-21 13:56:12.235000,1212.0,1218.0,1205.5,1211.5,nan,1213.0,29390,2139238650.0,20734,1212.5,25,1211.5,32,nan,0,nan,0,nan,0,nan,0,nan,0,nan,0,nan,0,nan,0
1597989372698661888,1597989373252000000,2020-08-21 13:56:13.252000,1212.0,1218.0,1205.5,1211.5,nan,1213.0,29390,2139238650.0,20734,1212.5,28,1211.5,32,nan,0,nan,0,nan,0,nan,0,nan,0,nan,0,nan,0,nan,0
1597989375153411072,1597989375730000128,2020-08-21 13:56:15.730000,1212.0,1218.0,1205.5,1211.5,nan,1213.0,29390,2139238650.0,20734,1212.0,1,1211.5,32,nan,0,nan,0,nan,0,nan,0,nan,0,nan,0,nan,0,nan,0
1597989375680050944,1597989376228000000,2020-08-21 13:56:16.228000,1212.0,1218.0,1205.5,1211.5,nan,1213.0,29391,2139311370.0,20734,1212.0,1,1211.5,32,nan,0,nan,0,nan,0,nan,0,nan,0,nan,0,nan,0,nan,0
