local_nano_time,quote_nano_time,datetime,last_price,highest,lowest,open,close,average,volume,amount,open_interest,ask_price1,ask_volume1,bid_price1,bid_volume1,ask_price2,ask_volume2,bid_price2,bid_volume2,ask_price3,ask_volume3,bid_price3,bid_volume3,ask_price4,ask_volume4,bid_price4,bid_volume4,ask_price5,ask_volume5,bid_price5,bid_volume5
1597988227611632896,1597988227936000000,2020-08-21 13:37:07.936000,2513.0,2541.0,2457.0,2494.0,nan,2503.261,46676,1168422030.0,72458,2514.0,37,2513.0,21,2515.0,211,2512.0,64,2516.0,92,2511.0,182,2517.0,27,2510.0,15,2518.0,24,2509.0,25
1597988230628798976,1597988230935000064,2020-08-21 13:37:10.935000,2513.0,2541.0,2457.0,2494.0,nan,2503.261,46676,1168422030.0,72458,2514.0,37,2513.0,21,2515.0,211,2512.0,64,2516.0,92,2511.0,182,2517.0,27,2510.0,11,2518.0,24,2509.0,25
1597988236118386944,1597988236432000000,2020-08-21 13:37:16.432000,2513.0,2541.0,2457.0,2494.0,nan,2503.265,46697,1168949760.0,72456,2513.0,5,2512.0,62,2514.0,33,2511.0,105,2515.0,133,2510.0,11,2516.0,92,2509.0,6,2517.0,27,2508.0,8
1597988236621633024,1597988236918999808,2020-08-21 13:37:16.919000,2513.0,2541.0,2457.0,2494.0,nan,2503.265,46697,1168949760.0,72456,2513.0,5,2512.0,24,2514.0,34,2511.0,125,2515.0,153,2510.0,11,2516.0,52,2509.0,6,2517.0,27,2508.0,8
1597988237114567936,1597988237435000064,2020-08-21 13:37:17.435000,2513.0,2541.0,2457.0,2494.0,nan,2503.265,46697,1168949760.0,72456,2513.0,5,2512.0,5,2514.0,36,2511.0,205,2515.0,232,2510.0,11,2516.0,32,2509.0,6,2517.0,46,2508.0,27
1597988237630071040,1597988237934000128,2020-08-21 13:37:17.934000,2513.0,2541.0,2457.0,2494.0,nan,2503.265,46697,1168949760.0,72456,2513.0,5,2512.0,5,2514.0,36,2511.0,185,2515.0,212,2510.0,11,2516.0,32,2509.0,6,2517.0,46,2508.0,27
1597988238116339968,1597988238430000128,2020-08-21 13:37:18.430000,2513.0,2541.0,2457.0,2494.0,nan,2503.265,46697,1168949760.0,72456,2513.0,7,2512.0,7,2514.0,35,2511.0,224,2515.0,250,2510.0,11,2516.0,32,2509.0,6,2517.0,46,2508.0,27
1597988238637033984,1597988238932000000,2020-08-21 13:37:18.932000,2513.0,2541.0,2457.0,2494.0,nan,2503.265,46697,1168949760.0,72456,2513.0,10,2512.0,8,2514.0,35,2511.0,244,2515.0,270,2510.0,11,2516.0,32,2509.0,6,2517.0,46,2508.0,27
1597988239133577984,1597988239420999936,2020-08-21 13:37:19.421000,2513.0,2541.0,2457.0,2494.0,nan,2503.265,46698,1168974890.0,72457,2513.0,10,2512.0,7,2514.0,151,2511.0,128,2515.0,133,2510.0,128,2516.0,32,2509.0,6,2517.0,46,2508.0,27
1597988239616517888,1597988239932000000,2020-08-21 13:37:19.932000,2513.0,2541.0,2457.0,2494.0,nan,2503.265,46698,1168974890.0,72457,2513.0,10,2512.0,7,2514.0,171,2511.0,88,2515.0,113,2510.0,148,2516.0,32,2509.0,6,2517.0,46,2508.0,27
1597988240127692032,1597988240416999936,2020-08-21 13:37:20.417000,2513.0,2541.0,2457.0,2494.0,nan,2503.265,46698,1168974890.0,72457,2513.0,10,2512.0,7,2514.0,171,2511.0,86,2515.0,113,2510.0,148,2516.0,32,2509.0,6,2517.0,46,2508.0,27
1597988241639406080,1597988241936000000,2020-08-21 13:37:21.936000,2513.0,2541.0,2457.0,2494.0,nan,2503.265,46698,1168974890.0,72457,2513.0,10,2512.0,10,2514.0,171,2511.0,86,2515.0,113,2510.0,148,2516.0,32,2509.0,6,2517.0,46,2508.0,27
1597988242126492928,1597988242423000064,2020-08-21 13:37:22.423000,2513.0,2541.0,2457.0,2494.0,nan,2503.265,46698,1168974890.0,72457,2513.0,9,2512.0,11,2514.0,55,2511.0,202,2515.0,230,2510.0,31,2516.0,32,2509.0,6,2517.0,46,2508.0,27
1597988242619461888,1597988242935000064,2020-08-21 13:37:22.935000,2513.0,2541.0,2457.0,2494.0,nan,2503.265,46698,1168974890.0,72457,2513.0,9,2512.0,11,2514.0,35,2511.0,222,2515.0,250,2510.0,11,2516.0,32,2509.0,6,2517.0,46,2508.0,27
1597988243122400000,1597988243432000000,2020-08-21 13:37:23.432000,2513.0,2541.0,2457.0,2494.0,nan,2503.265,46698,1168974890.0,72457,2513.0,7,2512.0,11,2514.0,35,2511.0,222,2515.0,250,2510.0,11,2516.0,32,2509.0,6,2517.0,46,2508.0,27
1597988243616006912,1597988243917999872,2020-08-21 13:37:23.918000,2513.0,2541.0,2457.0,2494.0,nan,2503.265,46698,1168974890.0,72457,2513.0,7,2512.0,26,2514.0,37,2511.0,222,2515.0,250,2510.0,11,2516.0,32,2509.0,6,2517.0,46,2508.0,27
1597988244116614912,1597988244433000192,2020-08-21 13:37:24.433000,2513.0,2541.0,2457.0,2494.0,nan,2503.265,46698,1168974890.0,72457,2513.0,7,2512.0,27,2514.0,37,2511.0,221,2515.0,250,2510.0,11,2516.0,32,2509.0,6,2517.0,46,2508.0,27
1597988246680523008,1597988246932000000,2020-08-21 13:37:26.932000,2513.0,2541.0,2457.0,2494.0,nan,2503.265,46698,1168974890.0,72457,2513.0,7,2512.0,42,2514.0,37,2511.0,221,2515.0,250,2510.0,11,2516.0,32,2509.0,6,2517.0,46,2508.0,27
1597988248639401984,1597988248938999808,2020-08-21 13:37:28.939000,2513.0,2541.0,2457.0,2494.0,nan,2503.267,46705,1169150800.0,72458,2514.0,34,2513.0,15,2515.0,173,2512.0,38,2516.0,32,2511.0,143,2517.0,27,2510.0,11,2518.0,5,2509.0,6
1597988249116032000,1597988249420000000,2020-08-21 13:37:29.420000,2513.0,2541.0,2457.0,2494.0,nan,2503.267,46705,1169150800.0,72458,2514.0,34,2513.0,15,2515.0,153,2512.0,55,2516.0,52,2511.0,125,2517.0,27,2510.0,11,2518.0,5,2509.0,6
1597988249622981888,1597988249930000128,2020-08-21 13:37:29.930000,2513.0,2541.0,2457.0,2494.0,nan,2503.267,46705,1169150800.0,72458,2514.0,34,2513.0,17,2515.0,153,2512.0,55,2516.0,52,2511.0,125,2517.0,27,2510.0,11,2518.0,5,2509.0,6
1597988250141530112,1597988250435000064,2020-08-21 13:37:30.435000,2513.0,2541.0,2457.0,2494.0,nan,2503.267,46705,1169150800.0,72458,2514.0,35,2513.0,17,2515.0,213,2512.0,57,2516.0,52,2511.0,184,2517.0,27,2510.0,11,2518.0,24,2509.0,25
1597988250634845952,1597988250933000192,2020-08-21 13:37:30.933000,2513.0,2541.0,2457.0,2494.0,nan,2503.267,46705,1169150800.0,72458,2514.0,39,2513.0,20,2515.0,251,2512.0,58,2516.0,52,2511.0,222,2517.0,27,2510.0,11,2518.0,24,2509.0,25
1597988251133504000,1597988251436000000,2020-08-21 13:37:31.436000,2513.0,2541.0,2457.0,2494.0,nan,2503.267,46705,1169150800.0,72458,2514.0,39,2513.0,21,2515.0,251,2512.0,57,2516.0,52,2511.0,222,2517.0,27,2510.0,11,2518.0,24,2509.0,25
1597988252652701952,1597988252933000192,2020-08-21 13:37:32.933000,2513.0,2541.0,2457.0,2494.0,nan,2503.267,46705,1169150800.0,72458,2514.0,39,2513.0,36,2515.0,251,2512.0,42,2516.0,52,2511.0,222,2517.0,27,2510.0,11,2518.0,24,2509.0,25
1597988254623955968,1597988254935000064,2020-08-21 13:37:34.935000,2514.0,2541.0,2457.0,2494.0,nan,2503.269,46715,1169402200.0,72458,2514.0,29,2513.0,36,2515.0,251,2512.0,42,2516.0,52,2511.0,222,2517.0,27,2510.0,11,2518.0,24,2509.0,25
1597988255108472064,1597988255433000192,2020-08-21 13:37:35.433000,2514.0,2541.0,2457.0,2494.0,nan,2503.269,46715,1169402200.0,72458,2514.0,28,2513.0,37,2515.0,115,2512.0,178,2516.0,189,2511.0,85,2517.0,27,2510.0,11,2518.0,24,2509.0,25
1597988256115190016,1597988256426000128,2020-08-21 13:37:36.426000,2514.0,2541.0,2457.0,2494.0,nan,2503.269,46715,1169402200.0,72458,2514.0,28,2513.0,42,2515.0,115,2512.0,178,2516.0,170,2511.0,85,2517.0,27,2510.0,11,2518.0,24,2509.0,25
1597988256619378944,1597988256924999936,2020-08-21 13:37:36.925000,2514.0,2541.0,2457.0,2494.0,nan,2503.269,46715,1169402200.0,72458,2514.0,26,2513.0,44,2515.0,115,2512.0,178,2516.0,170,2511.0,85,2517.0,27,2510.0,11,2518.0,24,2509.0,25
1597988258115305984,1597988258416999936,2020-08-21 13:37:38.417000,2514.0,2541.0,2457.0,2494.0,nan,2503.269,46716,1169427340.0,72459,2514.0,25,2513.0,44,2515.0,115,2512.0,178,2516.0,170,2511.0,85,2517.0,27,2510.0,11,2518.0,24,2509.0,25
1597988261608228096,1597988261931000064,2020-08-21 13:37:41.931000,2514.0,2541.0,2457.0,2494.0,nan,2503.269,46716,1169427340.0,72459,2514.0,25,2513.0,45,2515.0,115,2512.0,178,2516.0,170,2511.0,85,2517.0,27,2510.0,11,2518.0,24,2509.0,25
1597988263606213888,1597988263930000128,2020-08-21 13:37:43.930000,2514.0,2541.0,2457.0,2494.0,nan,2503.269,46716,1169427340.0,72459,2514.0,44,2513.0,45,2515.0,115,2512.0,178,2516.0,170,2511.0,85,2517.0,27,2510.0,11,2518.0,24,2509.0,25
1597988269112858112,1597988269407000064,2020-08-21 13:37:49.407000,2514.0,2541.0,2457.0,2494.0,nan,2503.269,46716,1169427340.0,72459,2514.0,45,2513.0,45,2515.0,115,2512.0,178,2516.0,170,2511.0,85,2517.0,27,2510.0,11,2518.0,24,2509.0,25
1597988269634074112,1597988269923000064,2020-08-21 13:37:49.923000,2514.0,2541.0,2457.0,2494.0,nan,2503.269,46716,1169427340.0,72459,2514.0,45,2513.0,45,2515.0,95,2512.0,198,2516.0,190,2511.0,65,2517.0,27,2510.0,11,2518.0,24,2509.0,25
1597988271609707008,1597988271913000192,2020-08-21 13:37:51.913000,2514.0,2541.0,2457.0,2494.0,nan,2503.269,46716,1169427340.0,72459,2514.0,45,2513.0,50,2515.0,95,2512.0,198,2516.0,190,2511.0,65,2517.0,27,2510.0,11,2518.0,24,2509.0,25
1597988274106936064,1597988274432000000,2020-08-21 13:37:54.432000,2513.0,2541.0,2457.0,2494.0,nan,2503.27,46721,1169552990.0,72462,2514.0,45,2513.0,45,2515.0,95,2512.0,198,2516.0,190,2511.0,65,2517.0,27,2510.0,11,2518.0,24,2509.0,25
1597988277236829952,1597988277428999936,2020-08-21 13:37:57.429000,2514.0,2541.0,2457.0,2494.0,nan,2503.278,46755,1170407750.0,72482,2514.0,11,2513.0,41,2515.0,93,2512.0,100,2516.0,93,2511.0,65,2517.0,27,2510.0,11,2518.0,5,2509.0,6
1597988277631141120,1597988277920000000,2020-08-21 13:37:57.920000,2514.0,2541.0,2457.0,2494.0,nan,2503.278,46755,1170407750.0,72482,2514.0,11,2513.0,41,2515.0,75,2512.0,120,2516.0,93,2511.0,45,2517.0,27,2510.0,11,2518.0,5,2509.0,6
1597988278119610880,1597988278436000000,2020-08-21 13:37:58.436000,2514.0,2541.0,2457.0,2494.0,nan,2503.278,46755,1170407750.0,72482,2514.0,11,2513.0,42,2515.0,77,2512.0,162,2516.0,132,2511.0,45,2517.0,27,2510.0,11,2518.0,24,2509.0,25
1597988279144717056,1597988279436000000,2020-08-21 13:37:59.436000,2514.0,2541.0,2457.0,2494.0,nan,2503.278,46755,1170407750.0,72482,2514.0,13,2513.0,45,2515.0,78,2512.0,200,2516.0,170,2511.0,45,2517.0,27,2510.0,11,2518.0,24,2509.0,25
1597988279646990080,1597988279936999936,2020-08-21 13:37:59.937000,2514.0,2541.0,2457.0,2494.0,nan,2503.278,46755,1170407750.0,72482,2514.0,14,2513.0,45,2515.0,78,2512.0,220,2516.0,210,2511.0,45,2517.0,27,2510.0,11,2518.0,24,2509.0,25
1597988281132289024,1597988281405999872,2020-08-21 13:38:01.406000,2514.0,2541.0,2457.0,2494.0,nan,2503.278,46755,1170407750.0,72482,2514.0,14,2513.0,44,2515.0,78,2512.0,220,2516.0,210,2511.0,45,2517.0,27,2510.0,11,2518.0,24,2509.0,25
1597988283121257984,1597988283430000128,2020-08-21 13:38:03.430000,2514.0,2541.0,2457.0,2494.0,nan,2503.278,46756,1170432890.0,72482,2514.0,13,2513.0,44,2515.0,78,2512.0,220,2516.0,210,2511.0,45,2517.0,27,2510.0,11,2518.0,24,2509.0,25
1597988284129509888,1597988284435000064,2020-08-21 13:38:04.435000,2514.0,2541.0,2457.0,2494.0,nan,2503.278,46756,1170432890.0,72482,2514.0,15,2513.0,44,2515.0,78,2512.0,220,2516.0,210,2511.0,45,2517.0,27,2510.0,11,2518.0,24,2509.0,25
1597988284603383040,1597988284932000000,2020-08-21 13:38:04.932000,2514.0,2541.0,2457.0,2494.0,nan,2503.278,46756,1170432890.0,72482,2514.0,15,2513.0,39,2515.0,78,2512.0,220,2516.0,210,2511.0,45,2517.0,27,2510.0,11,2518.0,24,2509.0,25
1597988289113870080,1597988289432000000,2020-08-21 13:38:09.432000,2514.0,2541.0,2457.0,2494.0,nan,2503.28,46761,1170558590.0,72482,2514.0,10,2513.0,39,2515.0,78,2512.0,220,2516.0,210,2511.0,45,2517.0,27,2510.0,11,2518.0,24,2509.0,25
1597988291119805952,1597988291432000000,2020-08-21 13:38:11.432000,2514.0,2541.0,2457.0,2494.0,nan,2503.28,46761,1170558590.0,72482,2514.0,10,2513.0,39,2515.0,90,2512.0,220,2516.0,210,2511.0,45,2517.0,27,2510.0,11,2518.0,24,2509.0,25
1597988293600785920,1597988293931000064,2020-08-21 13:38:13.931000,2514.0,2541.0,2457.0,2494.0,nan,2503.28,46762,1170583730.0,72482,2514.0,9,2513.0,39,2515.0,90,2512.0,220,2516.0,210,2511.0,45,2517.0,27,2510.0,11,2518.0,24,2509.0,25
1597988295164921088,1597988295438999808,2020-08-21 13:38:15.439000,2514.0,2541.0,2457.0,2494.0,nan,2503.281,46766,1170684290.0,72482,2514.0,5,2513.0,39,2515.0,90,2512.0,220,2516.0,210,2511.0,45,2517.0,27,2510.0,11,2518.0,24,2509.0,25
1597988297149872128,1597988297424999936,2020-08-21 13:38:17.425000,2514.0,2541.0,2457.0,2494.0,nan,2503.281,46766,1170684290.0,72482,2514.0,5,2513.0,39,2515.0,90,2512.0,205,2516.0,210,2511.0,45,2517.0,27,2510.0,11,2518.0,24,2509.0,25
1597988299120187904,1597988299417999872,2020-08-21 13:38:19.418000,2514.0,2541.0,2457.0,2494.0,nan,2503.282,46771,1170809990.0,72486,2515.0,88,2514.0,2,2516.0,133,2513.0,36,2517.0,27,2512.0,127,2518.0,5,2511.0,45,2519.0,15,2510.0,11
1597988299632203008,1597988299933000192,2020-08-21 13:38:19.933000,2514.0,2541.0,2457.0,2494.0,nan,2503.282,46773,1170860270.0,72486,2514.0,7,2513.0,55,2515.0,68,2512.0,107,2516.0,113,2511.0,25,2517.0,47,2510.0,11,2518.0,5,2509.0,6
1597988300117390080,1597988300418999808,2020-08-21 13:38:20.419000,2514.0,2541.0,2457.0,2494.0,nan,2503.282,46773,1170860270.0,72486,2514.0,7,2513.0,36,2515.0,50,2512.0,207,2516.0,212,2511.0,5,2517.0,27,2510.0,11,2518.0,24,2509.0,25
1597988300626440960,1597988300936999936,2020-08-21 13:38:20.937000,2514.0,2541.0,2457.0,2494.0,nan,2503.282,46773,1170860270.0,72486,2514.0,7,2513.0,36,2515.0,50,2512.0,207,2516.0,212,2511.0,5,2517.0,27,2510.0,11,2518.0,46,2509.0,25
1597988301550896128,1597988301433000192,2020-08-21 13:38:21.433000,2514.0,2541.0,2457.0,2494.0,nan,2503.282,46773,1170860270.0,72486,2514.0,9,2513.0,38,2515.0,50,2512.0,245,2516.0,250,2511.0,5,2517.0,27,2510.0,11,2518.0,46,2509.0,25
1597988302030565120,1597988301933000192,2020-08-21 13:38:21.933000,2514.0,2541.0,2457.0,2494.0,nan,2503.284,46778,1170985970.0,72486,2514.0,5,2513.0,40,2515.0,50,2512.0,245,2516.0,250,2511.0,5,2517.0,27,2510.0,11,2518.0,46,2509.0,25
1597988302150188032,1597988302412000000,2020-08-21 13:38:22.412000,2514.0,2541.0,2457.0,2494.0,nan,2503.284,46778,1170985970.0,72486,2514.0,3,2513.0,40,2515.0,50,2512.0,245,2516.0,250,2511.0,5,2517.0,27,2510.0,11,2518.0,46,2509.0,25
1597988305127941888,1597988305433000192,2020-08-21 13:38:25.433000,2514.0,2541.0,2457.0,2494.0,nan,2503.284,46781,1171061390.0,72489,2515.0,50,2514.0,2,2516.0,212,2513.0,88,2517.0,27,2512.0,207,2518.0,46,2511.0,5,2519.0,15,2510.0,11
1597988305631554048,1597988305936999936,2020-08-21 13:38:25.937000,2514.0,2541.0,2457.0,2494.0,nan,2503.285,46783,1171111670.0,72489,2515.0,48,2514.0,4,2516.0,153,2513.0,105,2517.0,47,2512.0,147,2518.0,27,2511.0,5,2519.0,15,2510.0,11
1597988306125132032,1597988306417999872,2020-08-21 13:38:26.418000,2514.0,2541.0,2457.0,2494.0,nan,2503.285,46783,1171111670.0,72489,2515.0,46,2514.0,4,2516.0,153,2513.0,105,2517.0,47,2512.0,147,2518.0,27,2511.0,5,2519.0,15,2510.0,11
1597988306627631104,1597988306932000000,2020-08-21 13:38:26.932000,2514.0,2541.0,2457.0,2494.0,nan,2503.285,46783,1171111670.0,72489,2515.0,47,2514.0,4,2516.0,193,2513.0,107,2517.0,47,2512.0,186,2518.0,27,2511.0,5,2519.0,34,2510.0,30
1597988307117584896,1597988307413000192,2020-08-21 13:38:27.413000,2514.0,2541.0,2457.0,2494.0,nan,2503.285,46783,1171111670.0,72489,2515.0,48,2514.0,22,2516.0,193,2513.0,92,2517.0,47,2512.0,186,2518.0,27,2511.0,5,2519.0,34,2510.0,30
1597988307623502080,1597988307923000064,2020-08-21 13:38:27.923000,2514.0,2541.0,2457.0,2494.0,nan,2503.285,46783,1171111670.0,72489,2515.0,50,2514.0,25,2516.0,231,2513.0,91,2517.0,47,2512.0,224,2518.0,27,2511.0,5,2519.0,34,2510.0,30
1597988308128537088,1597988308432000000,2020-08-21 13:38:28.432000,2514.0,2541.0,2457.0,2494.0,nan,2503.285,46783,1171111670.0,72489,2515.0,50,2514.0,25,2516.0,231,2513.0,89,2517.0,47,2512.0,224,2518.0,27,2511.0,5,2519.0,34,2510.0,30
1597988308639255040,1597988308936999936,2020-08-21 13:38:28.937000,2514.0,2541.0,2457.0,2494.0,nan,2503.285,46783,1171111670.0,72489,2515.0,50,2514.0,27,2516.0,231,2513.0,89,2517.0,47,2512.0,224,2518.0,27,2511.0,5,2519.0,34,2510.0,30
1597988312642800896,1597988312916999936,2020-08-21 13:38:32.917000,2514.0,2541.0,2457.0,2494.0,nan,2503.285,46783,1171111670.0,72489,2515.0,50,2514.0,28,2516.0,231,2513.0,89,2517.0,47,2512.0,224,2518.0,27,2511.0,5,2519.0,34,2510.0,30
1597988313124046080,1597988313424000000,2020-08-21 13:38:33.424000,2514.0,2541.0,2457.0,2494.0,nan,2503.291,46811,1171815590.0,72509,2514.0,12,2513.0,87,2515.0,51,2512.0,147,2516.0,153,2511.0,5,2517.0,47,2510.0,11,2518.0,27,2509.0,6
1597988313620421120,1597988313927000064,2020-08-21 13:38:33.927000,2514.0,2541.0,2457.0,2494.0,nan,2503.291,46811,1171815590.0,72509,2514.0,5,2513.0,69,2515.0,47,2512.0,167,2516.0,173,2511.0,5,2517.0,27,2510.0,11,2518.0,27,2509.0,6
1597988314145511936,1597988314420999936,2020-08-21 13:38:34.421000,2514.0,2541.0,2457.0,2494.0,nan,2503.291,46811,1171815590.0,72509,2514.0,5,2513.0,90,2515.0,49,2512.0,187,2516.0,192,2511.0,5,2517.0,47,2510.0,11,2518.0,46,2509.0,25
1597988315113862912,1597988315403000064,2020-08-21 13:38:35.403000,2514.0,2541.0,2457.0,2494.0,nan,2503.291,46811,1171815590.0,72509,2514.0,9,2513.0,93,2515.0,50,2512.0,225,2516.0,230,2511.0,5,2517.0,47,2510.0,11,2518.0,46,2509.0,25
1597988315703795968,1597988315878000128,2020-08-21 13:38:35.878000,2514.0,2541.0,2457.0,2494.0,nan,2503.291,46811,1171815590.0,72509,2514.0,10,2513.0,94,2515.0,50,2512.0,225,2516.0,230,2511.0,5,2517.0,47,2510.0,11,2518.0,46,2509.0,25
1597988316132236032,1597988316420000000,2020-08-21 13:38:36.420000,2514.0,2541.0,2457.0,2494.0,nan,2503.291,46811,1171815590.0,72509,2514.0,10,2513.0,74,2515.0,50,2512.0,245,2516.0,250,2511.0,5,2517.0,27,2510.0,11,2518.0,46,2509.0,25
1597988325681915904,1597988325935000064,2020-08-21 13:38:45.935000,2513.0,2541.0,2457.0,2494.0,nan,2503.305,46880,1173549560.0,72547,2514.0,15,2513.0,5,2515.0,50,2512.0,245,2516.0,250,2511.0,5,2517.0,27,2510.0,11,2518.0,46,2509.0,25
1597988326236040960,1597988326413000192,2020-08-21 13:38:46.413000,2513.0,2541.0,2457.0,2494.0,nan,2503.306,46885,1173675210.0,72547,2513.0,21,2512.0,105,2514.0,14,2511.0,25,2515.0,65,2510.0,11,2516.0,113,2509.0,6,2517.0,27,2508.0,8
1597988326704848896,1597988326921999872,2020-08-21 13:38:46.922000,2513.0,2541.0,2457.0,2494.0,nan,2503.306,46885,1173675210.0,72547,2513.0,21,2512.0,7,2514.0,15,2511.0,83,2515.0,125,2510.0,11,2516.0,13,2509.0,6,2517.0,27,2508.0,8
1597988327126214912,1597988327434000128,2020-08-21 13:38:47.434000,2512.0,2541.0,2457.0,2494.0,nan,2503.307,46886,1173700330.0,72546,2513.0,21,2512.0,4,2514.0,54,2511.0,84,2515.0,125,2510.0,51,2516.0,13,2509.0,6,2517.0,46,2508.0,27
1597988327638455040,1597988327936999936,2020-08-21 13:38:47.937000,2512.0,2541.0,2457.0,2494.0,nan,2503.307,46886,1173700330.0,72546,2513.0,24,2512.0,4,2514.0,54,2511.0,87,2515.0,125,2510.0,51,2516.0,13,2509.0,6,2517.0,46,2508.0,27
1597988328143336960,1597988328431000064,2020-08-21 13:38:48.431000,2513.0,2541.0,2457.0,2494.0,nan,2503.308,46891,1173825980.0,72546,2513.0,24,2512.0,4,2514.0,171,2511.0,68,2515.0,105,2510.0,168,2516.0,13,2509.0,6,2517.0,46,2508.0,27
1597988328647035904,1597988328881999872,2020-08-21 13:38:48.882000,2513.0,2541.0,2457.0,2494.0,nan,2503.308,46891,1173825980.0,72546,2513.0,24,2512.0,4,2514.0,191,2511.0,68,2515.0,105,2510.0,188,2516.0,13,2509.0,6,2517.0,46,2508.0,27
1597988329268839936,1597988329400000000,2020-08-21 13:38:49.400000,2513.0,2541.0,2457.0,2494.0,nan,2503.309,46896,1173951630.0,72549,2513.0,19,2512.0,4,2514.0,191,2511.0,68,2515.0,105,2510.0,188,2516.0,13,2509.0,6,2517.0,46,2508.0,27
1597988330120884992,1597988330434000128,2020-08-21 13:38:50.434000,2513.0,2541.0,2457.0,2494.0,nan,2503.309,46896,1173951630.0,72549,2513.0,19,2512.0,5,2514.0,191,2511.0,68,2515.0,105,2510.0,188,2516.0,13,2509.0,6,2517.0,46,2508.0,27
1597988330657614080,1597988330931000064,2020-08-21 13:38:50.931000,2513.0,2541.0,2457.0,2494.0,nan,2503.31,46901,1174077280.0,72549,2513.0,14,2512.0,8,2514.0,191,2511.0,68,2515.0,105,2510.0,188,2516.0,13,2509.0,6,2517.0,46,2508.0,27
1597988331140261120,1597988331408000000,2020-08-21 13:38:51.408000,2513.0,2541.0,2457.0,2494.0,nan,2503.31,46901,1174077280.0,72549,2513.0,13,2512.0,8,2514.0,191,2511.0,68,2515.0,106,2510.0,188,2516.0,13,2509.0,6,2517.0,46,2508.0,27
1597988340152766976,1597988340432000000,2020-08-21 13:39:00.432000,2512.0,2541.0,2457.0,2494.0,nan,2503.311,46909,1174278240.0,72546,2512.0,3,2511.0,66,2513.0,10,2510.0,111,2514.0,113,2509.0,6,2515.0,106,2508.0,8,2516.0,13,2507.0,15
1597988340671610880,1597988340924000000,2020-08-21 13:39:00.924000,2512.0,2541.0,2457.0,2494.0,nan,2503.312,46912,1174353600.0,72546,2513.0,7,2511.0,26,2514.0,113,2510.0,111,2515.0,66,2509.0,6,2516.0,13,2508.0,8,2517.0,27,2507.0,15
1597988341118646016,1597988341415000064,2020-08-21 13:39:01.415000,2512.0,2541.0,2457.0,2494.0,nan,2503.312,46912,1174353600.0,72546,2513.0,12,2511.0,8,2514.0,174,2510.0,170,2515.0,46,2509.0,6,2516.0,13,2508.0,27,2517.0,46,2507.0,15
1597988341665281024,1597988341936999936,2020-08-21 13:39:01.937000,2512.0,2541.0,2457.0,2494.0,nan,2503.312,46912,1174353600.0,72546,2513.0,16,2511.0,6,2514.0,193,2510.0,192,2515.0,46,2509.0,6,2516.0,32,2508.0,8,2517.0,27,2507.0,34
1597988342139842048,1597988342410000128,2020-08-21 13:39:02.410000,2512.0,2541.0,2457.0,2494.0,nan,2503.312,46912,1174353600.0,72546,2513.0,20,2511.0,9,2514.0,231,2510.0,230,2515.0,46,2509.0,6,2516.0,32,2508.0,8,2517.0,27,2507.0,34
1597988342731994880,1597988342924999936,2020-08-21 13:39:02.925000,2512.0,2541.0,2457.0,2494.0,nan,2503.312,46912,1174353600.0,72546,2513.0,21,2511.0,9,2514.0,231,2510.0,230,2515.0,45,2509.0,6,2516.0,32,2508.0,8,2517.0,27,2507.0,34
1597988343142639104,1597988343435000064,2020-08-21 13:39:03.435000,2512.0,2541.0,2457.0,2494.0,nan,2503.312,46912,1174353600.0,72546,2513.0,21,2511.0,11,2514.0,226,2510.0,230,2515.0,45,2509.0,6,2516.0,32,2508.0,8,2517.0,27,2507.0,34
1597988347385895936,1597988347420999936,2020-08-21 13:39:07.421000,2511.0,2541.0,2457.0,2494.0,nan,2503.312,46913,1174378710.0,72545,2513.0,21,2511.0,10,2514.0,226,2510.0,230,2515.0,45,2509.0,6,2516.0,32,2508.0,8,2517.0,27,2507.0,34
1597988347653257984,1597988347923000064,2020-08-21 13:39:07.923000,2511.0,2541.0,2457.0,2494.0,nan,2503.312,46913,1174378710.0,72545,2513.0,21,2511.0,10,2514.0,226,2510.0,230,2515.0,45,2509.0,6,2516.0,32,2508.0,8,2517.0,27,2507.0,21
1597988348152653056,1597988348430000128,2020-08-21 13:39:08.430000,2511.0,2541.0,2457.0,2494.0,nan,2503.312,46913,1174378710.0,72545,2512.0,4,2511.0,10,2513.0,21,2510.0,230,2514.0,226,2509.0,6,2515.0,45,2508.0,8,2516.0,32,2507.0,21
1597988348644314112,1597988348932000000,2020-08-21 13:39:08.932000,2512.0,2541.0,2457.0,2494.0,nan,2503.313,46917,1174479190.0,72545,2512.0,4,2511.0,10,2513.0,17,2510.0,230,2514.0,226,2509.0,6,2515.0,45,2508.0,8,2516.0,32,2507.0,21
1597988349126269952,1597988349437999872,2020-08-21 13:39:09.438000,2512.0,2541.0,2457.0,2494.0,nan,2503.313,46921,1174579670.0,72547,2513.0,15,2512.0,2,2514.0,149,2511.0,7,2515.0,45,2510.0,152,2516.0,13,2509.0,6,2517.0,27,2508.0,8
1597988349625089024,1597988349898000128,2020-08-21 13:39:09.898000,2512.0,2541.0,2457.0,2494.0,nan,2503.313,46921,1174579670.0,72547,2513.0,14,2512.0,2,2514.0,129,2511.0,27,2515.0,66,2510.0,132,2516.0,13,2509.0,6,2517.0,27,2508.0,8
1597988350117382912,1597988350412000000,2020-08-21 13:39:10.412000,2512.0,2541.0,2457.0,2494.0,nan,2503.313,46921,1174579670.0,72547,2513.0,15,2512.0,2,2514.0,169,2511.0,29,2515.0,66,2510.0,171,2516.0,13,2509.0,6,2517.0,46,2508.0,27
1597988351148464896,1597988351423000064,2020-08-21 13:39:11.423000,2512.0,2541.0,2457.0,2494.0,nan,2503.313,46921,1174579670.0,72547,2513.0,17,2512.0,4,2514.0,207,2511.0,29,2515.0,66,2510.0,209,2516.0,13,2509.0,6,2517.0,46,2508.0,27
1597988351773125120,1597988351935000064,2020-08-21 13:39:11.935000,2512.0,2541.0,2457.0,2494.0,nan,2503.313,46921,1174579670.0,72547,2513.0,18,2512.0,5,2514.0,207,2511.0,28,2515.0,66,2510.0,209,2516.0,13,2509.0,6,2517.0,46,2508.0,27
1597988353609462016,1597988353924999936,2020-08-21 13:39:13.925000,2512.0,2541.0,2457.0,2494.0,nan,2503.313,46921,1174579670.0,72547,2513.0,18,2512.0,5,2514.0,207,2511.0,26,2515.0,66,2510.0,209,2516.0,13,2509.0,6,2517.0,46,2508.0,27
1597988361132875008,1597988361430000128,2020-08-21 13:39:21.430000,2512.0,2541.0,2457.0,2494.0,nan,2503.313,46921,1174579670.0,72547,2513.0,19,2512.0,5,2514.0,207,2511.0,26,2515.0,65,2510.0,209,2516.0,13,2509.0,6,2517.0,46,2508.0,27
1597988361626802944,1597988361904000000,2020-08-21 13:39:21.904000,2512.0,2541.0,2457.0,2494.0,nan,2503.313,46921,1174579670.0,72547,2513.0,31,2512.0,5,2514.0,207,2511.0,26,2515.0,53,2510.0,209,2516.0,13,2509.0,6,2517.0,46,2508.0,27
1597988362128548096,1597988362424999936,2020-08-21 13:39:22.425000,2512.0,2541.0,2457.0,2494.0,nan,2503.313,46921,1174579670.0,72547,2513.0,31,2512.0,5,2514.0,207,2511.0,27,2515.0,53,2510.0,208,2516.0,13,2509.0,6,2517.0,46,2508.0,27
1597988367137396992,1597988367416000000,2020-08-21 13:39:27.416000,2512.0,2541.0,2457.0,2494.0,nan,2503.315,46928,1174755510.0,72545,2512.0,95,2511.0,25,2513.0,28,2510.0,131,2514.0,129,2509.0,6,2515.0,53,2508.0,8,2516.0,13,2507.0,2
1597988367678084096,1597988367901999872,2020-08-21 13:39:27.902000,2512.0,2541.0,2457.0,2494.0,nan,2503.315,46928,1174755510.0,72545,2512.0,96,2511.0,3,2513.0,84,2510.0,89,2514.0,89,2509.0,66,2515.0,33,2508.0,10,2516.0,13,2507.0,2
1597988368130881024,1597988368420999936,2020-08-21 13:39:28.421000,2511.0,2541.0,2457.0,2494.0,nan,2503.315,46931,1174830840.0,72547,2512.0,98,2510.0,73,2513.0,144,2509.0,125,2514.0,70,2508.0,10,2515.0,33,2507.0,21,2516.0,32,2506.0,6
1597988368623634944,1597988368928999936,2020-08-21 13:39:28.929000,2511.0,2541.0,2457.0,2494.0,nan,2503.315,46931,1174830840.0,72547,2512.0,99,2510.0,12,2513.0,183,2509.0,166,2514.0,10,2508.0,10,2515.0,52,2507.0,2,2516.0,13,2506.0,25
1597988369120188928,1597988369394000128,2020-08-21 13:39:29.394000,2511.0,2541.0,2457.0,2494.0,nan,2503.315,46931,1174830840.0,72547,2512.0,122,2510.0,15,2513.0,221,2509.0,204,2514.0,10,2508.0,30,2515.0,52,2507.0,2,2516.0,13,2506.0,25
1597988369611695104,1597988369829999872,2020-08-21 13:39:29.830000,2511.0,2541.0,2457.0,2494.0,nan,2503.315,46931,1174830840.0,72547,2512.0,122,2510.0,16,2513.0,221,2509.0,204,2514.0,10,2508.0,30,2515.0,52,2507.0,2,2516.0,13,2506.0,25
1597988370125182976,1597988370428999936,2020-08-21 13:39:30.429000,2511.0,2541.0,2457.0,2494.0,nan,2503.315,46931,1174830840.0,72547,2512.0,123,2510.0,16,2513.0,221,2509.0,205,2514.0,10,2508.0,30,2515.0,52,2507.0,2,2516.0,13,2506.0,25
1597988370635055104,1597988370926000128,2020-08-21 13:39:30.926000,2511.0,2541.0,2457.0,2494.0,nan,2503.315,46931,1174830840.0,72547,2512.0,123,2511.0,1,2513.0,222,2510.0,16,2514.0,10,2509.0,205,2515.0,52,2508.0,30,2516.0,13,2507.0,2
1597988371133705984,1597988371364000000,2020-08-21 13:39:31.364000,2511.0,2541.0,2457.0,2494.0,nan,2503.315,46932,1174855950.0,72548,2512.0,102,2511.0,3,2513.0,223,2510.0,34,2514.0,30,2509.0,204,2515.0,33,2508.0,10,2516.0,32,2507.0,21
1597988371641346048,1597988371914000128,2020-08-21 13:39:31.914000,2511.0,2541.0,2457.0,2494.0,nan,2503.316,46935,1174931280.0,72551,2511.0,2,2510.0,32,2512.0,99,2509.0,127,2513.0,145,2508.0,10,2514.0,30,2507.0,2,2515.0,33,2506.0,6
1597988372133718016,1597988372426000128,2020-08-21 13:39:32.426000,2510.0,2541.0,2457.0,2494.0,nan,2503.317,46940,1175056800.0,72549,2512.0,100,2510.0,10,2513.0,165,2509.0,146,2514.0,10,2508.0,10,2515.0,33,2507.0,4,2516.0,13,2506.0,6
1597988372638205952,1597988372927000064,2020-08-21 13:39:32.927000,2510.0,2541.0,2457.0,2494.0,nan,2503.317,46940,1175056800.0,72549,2512.0,122,2510.0,10,2513.0,184,2509.0,167,2514.0,10,2508.0,30,2515.0,52,2507.0,4,2516.0,13,2506.0,25
1597988373614298880,1597988373934000128,2020-08-21 13:39:33.934000,2510.0,2541.0,2457.0,2494.0,nan,2503.317,46940,1175056800.0,72549,2512.0,124,2510.0,12,2513.0,222,2509.0,205,2514.0,10,2508.0,30,2515.0,52,2507.0,4,2516.0,13,2506.0,25
1597988374136572928,1597988374433000192,2020-08-21 13:39:34.433000,2510.0,2541.0,2457.0,2494.0,nan,2503.317,46940,1175056800.0,72549,2512.0,126,2510.0,13,2513.0,222,2509.0,205,2514.0,10,2508.0,30,2515.0,52,2507.0,4,2516.0,13,2506.0,25
1597988379637622016,1597988379928000000,2020-08-21 13:39:39.928000,2510.0,2541.0,2457.0,2494.0,nan,2503.317,46940,1175056800.0,72549,2512.0,138,2510.0,13,2513.0,210,2509.0,205,2514.0,10,2508.0,30,2515.0,52,2507.0,4,2516.0,13,2506.0,25
1597988380154558976,1597988380382999808,2020-08-21 13:39:40.383000,2510.0,2541.0,2457.0,2494.0,nan,2503.317,46940,1175056800.0,72549,2512.0,138,2510.0,13,2513.0,210,2509.0,205,2514.0,10,2508.0,30,2515.0,52,2507.0,4,2516.0,12,2506.0,25
1597988380627621888,1597988380934000128,2020-08-21 13:39:40.934000,2510.0,2541.0,2457.0,2494.0,nan,2503.317,46940,1175056800.0,72549,2511.0,1,2510.0,13,2512.0,138,2509.0,205,2513.0,210,2508.0,30,2514.0,10,2507.0,4,2515.0,52,2506.0,25
1597988381153596928,1597988381404000000,2020-08-21 13:39:41.404000,2511.0,2541.0,2457.0,2494.0,nan,2503.318,46947,1175232570.0,72550,2512.0,112,2510.0,10,2513.0,153,2509.0,147,2514.0,10,2508.0,10,2515.0,33,2507.0,4,2516.0,12,2506.0,6
1597988381623482112,1597988381904999936,2020-08-21 13:39:41.905000,2511.0,2541.0,2457.0,2494.0,nan,2503.318,46947,1175232570.0,72550,2512.0,132,2510.0,9,2513.0,133,2509.0,127,2514.0,10,2508.0,30,2515.0,33,2507.0,4,2516.0,12,2506.0,6
1597988382126725888,1597988382435000064,2020-08-21 13:39:42.435000,2511.0,2541.0,2457.0,2494.0,nan,2503.318,46947,1175232570.0,72550,2511.0,2,2510.0,10,2512.0,134,2509.0,147,2513.0,172,2508.0,30,2514.0,10,2507.0,4,2515.0,52,2506.0,25
1597988382626477056,1597988382921999872,2020-08-21 13:39:42.922000,2511.0,2541.0,2457.0,2494.0,nan,2503.318,46947,1175232570.0,72550,2511.0,4,2510.0,10,2512.0,114,2509.0,187,2513.0,172,2508.0,10,2514.0,10,2507.0,4,2515.0,52,2506.0,25
1597988383107420928,1597988383423000064,2020-08-21 13:39:43.423000,2511.0,2541.0,2457.0,2494.0,nan,2503.318,46947,1175232570.0,72550,2511.0,6,2510.0,12,2512.0,114,2509.0,225,2513.0,210,2508.0,10,2514.0,10,2507.0,4,2515.0,52,2506.0,25
1597988383625530112,1597988383916000000,2020-08-21 13:39:43.916000,2511.0,2541.0,2457.0,2494.0,nan,2503.318,46947,1175232570.0,72550,2511.0,7,2510.0,12,2512.0,114,2509.0,225,2513.0,230,2508.0,10,2514.0,10,2507.0,4,2515.0,52,2506.0,25
1597988384148048896,1597988384434000128,2020-08-21 13:39:44.434000,2511.0,2541.0,2457.0,2494.0,nan,2503.318,46947,1175232570.0,72550,2511.0,7,2510.0,12,2512.0,112,2509.0,225,2513.0,230,2508.0,10,2514.0,10,2507.0,4,2515.0,52,2506.0,25
1597988384622391040,1597988384924000000,2020-08-21 13:39:44.924000,2511.0,2541.0,2457.0,2494.0,nan,2503.318,46947,1175232570.0,72550,2511.0,9,2510.0,12,2512.0,112,2509.0,225,2513.0,230,2508.0,10,2514.0,10,2507.0,5,2515.0,52,2506.0,25
1597988386608848896,1597988386927000064,2020-08-21 13:39:46.927000,2511.0,2541.0,2457.0,2494.0,nan,2503.318,46949,1175282790.0,72548,2511.0,7,2510.0,12,2512.0,113,2509.0,225,2513.0,230,2508.0,10,2514.0,10,2507.0,5,2515.0,53,2506.0,25
1597988387122609920,1597988387426000128,2020-08-21 13:39:47.426000,2511.0,2541.0,2457.0,2494.0,nan,2503.318,46949,1175282790.0,72548,2511.0,7,2510.0,12,2512.0,114,2509.0,225,2513.0,230,2508.0,10,2514.0,10,2507.0,5,2515.0,53,2506.0,25
1597988389138452992,1597988389374000128,2020-08-21 13:39:49.374000,2511.0,2541.0,2457.0,2494.0,nan,2503.319,46956,1175458560.0,72546,2512.0,112,2511.0,11,2513.0,153,2510.0,10,2514.0,10,2509.0,147,2515.0,34,2508.0,10,2516.0,12,2507.0,5
1597988389626296064,1597988389934000128,2020-08-21 13:39:49.934000,2511.0,2541.0,2457.0,2494.0,nan,2503.319,46956,1175458560.0,72546,2512.0,114,2511.0,4,2513.0,133,2510.0,28,2514.0,30,2509.0,127,2515.0,33,2508.0,10,2516.0,12,2507.0,5
1597988390165726976,1597988390432000000,2020-08-21 13:39:50.432000,2511.0,2541.0,2457.0,2494.0,nan,2503.319,46956,1175458560.0,72546,2512.0,115,2511.0,4,2513.0,173,2510.0,30,2514.0,30,2509.0,166,2515.0,33,2508.0,10,2516.0,31,2507.0,24
1597988391144645120,1597988391348000000,2020-08-21 13:39:51.348000,2511.0,2541.0,2457.0,2494.0,nan,2503.319,46956,1175458560.0,72546,2512.0,117,2511.0,6,2513.0,211,2510.0,30,2514.0,30,2509.0,204,2515.0,33,2508.0,10,2516.0,31,2507.0,24
1597988391616751104,1597988391932000000,2020-08-21 13:39:51.932000,2511.0,2541.0,2457.0,2494.0,nan,2503.319,46956,1175458560.0,72546,2512.0,118,2511.0,7,2513.0,211,2510.0,30,2514.0,30,2509.0,204,2515.0,33,2508.0,10,2516.0,31,2507.0,24
1597988394658720000,1597988394903000064,2020-08-21 13:39:54.903000,2511.0,2541.0,2457.0,2494.0,nan,2503.319,46956,1175458560.0,72546,2512.0,118,2511.0,12,2513.0,211,2510.0,30,2514.0,30,2509.0,204,2515.0,33,2508.0,10,2516.0,31,2507.0,24
1597988399114062080,1597988399408999936,2020-08-21 13:39:59.409000,2511.0,2541.0,2457.0,2494.0,nan,2503.319,46956,1175458560.0,72546,2512.0,118,2511.0,13,2513.0,211,2510.0,30,2514.0,30,2509.0,204,2515.0,33,2508.0,10,2516.0,31,2507.0,24
1597988404635529984,1597988404903000064,2020-08-21 13:40:04.903000,2512.0,2541.0,2457.0,2494.0,nan,2503.341,47074,1178422720.0,72488,2513.0,113,2512.0,3,2514.0,29,2511.0,11,2515.0,33,2510.0,28,2516.0,12,2509.0,126,2517.0,25,2508.0,10
1597988405143126016,1597988405420000000,2020-08-21 13:40:05.420000,2512.0,2541.0,2457.0,2494.0,nan,2503.341,47074,1178422720.0,72488,2513.0,11,2512.0,11,2514.0,49,2511.0,12,2515.0,33,2510.0,49,2516.0,12,2509.0,6,2517.0,25,2508.0,10
1597988405635035904,1597988405897000192,2020-08-21 13:40:05.897000,2512.0,2541.0,2457.0,2494.0,nan,2503.341,47075,1178447840.0,72487,2513.0,14,2512.0,12,2514.0,50,2511.0,73,2515.0,93,2510.0,49,2516.0,12,2509.0,6,2517.0,44,2508.0,29
1597988406137261056,1597988406427000064,2020-08-21 13:40:06.427000,2512.0,2541.0,2457.0,2494.0,nan,2503.341,47075,1178447840.0,72487,2513.0,14,2512.0,10,2514.0,90,2511.0,33,2515.0,53,2510.0,89,2516.0,12,2509.0,6,2517.0,44,2508.0,29
1597988406635696128,1597988406927000064,2020-08-21 13:40:06.927000,2512.0,2541.0,2457.0,2494.0,nan,2503.341,47075,1178447840.0,72487,2513.0,17,2512.0,14,2514.0,167,2511.0,37,2515.0,54,2510.0,166,2516.0,12,2509.0,6,2517.0,44,2508.0,29
1597988407246501888,1597988407437999872,2020-08-21 13:40:07.438000,2512.0,2541.0,2457.0,2494.0,nan,2503.341,47075,1178447840.0,72487,2513.0,17,2512.0,14,2514.0,207,2511.0,37,2515.0,54,2510.0,206,2516.0,12,2509.0,6,2517.0,44,2508.0,29
1597988407618267904,1597988407897000192,2020-08-21 13:40:07.897000,2512.0,2541.0,2457.0,2494.0,nan,2503.341,47075,1178447840.0,72487,2513.0,20,2512.0,14,2514.0,207,2511.0,57,2515.0,74,2510.0,206,2516.0,12,2509.0,6,2517.0,44,2508.0,29
1597988408120707072,1597988408431000064,2020-08-21 13:40:08.431000,2512.0,2541.0,2457.0,2494.0,nan,2503.341,47075,1178447840.0,72487,2513.0,21,2512.0,14,2514.0,207,2511.0,57,2515.0,73,2510.0,206,2516.0,12,2509.0,6,2517.0,44,2508.0,29
1597988409134899968,1597988409415000064,2020-08-21 13:40:09.415000,2512.0,2541.0,2457.0,2494.0,nan,2503.341,47075,1178447840.0,72487,2513.0,22,2512.0,14,2514.0,207,2511.0,57,2515.0,73,2510.0,206,2516.0,12,2509.0,6,2517.0,44,2508.0,29
1597988409646447104,1597988409904999936,2020-08-21 13:40:09.905000,2512.0,2541.0,2457.0,2494.0,nan,2503.341,47075,1178447840.0,72487,2513.0,22,2512.0,34,2514.0,207,2511.0,57,2515.0,73,2510.0,206,2516.0,12,2509.0,6,2517.0,44,2508.0,29
1597988410129720064,1597988410403000064,2020-08-21 13:40:10.403000,2512.0,2541.0,2457.0,2494.0,nan,2503.341,47075,1178447840.0,72487,2513.0,21,2512.0,36,2514.0,71,2511.0,192,2515.0,210,2510.0,69,2516.0,12,2509.0,6,2517.0,44,2508.0,29
1597988410638214912,1597988410931000064,2020-08-21 13:40:10.931000,2512.0,2541.0,2457.0,2494.0,nan,2503.341,47075,1178447840.0,72487,2513.0,21,2512.0,37,2514.0,49,2511.0,212,2515.0,230,2510.0,49,2516.0,12,2509.0,6,2517.0,44,2508.0,29
1597988411126242048,1597988411436000000,2020-08-21 13:40:11.436000,2512.0,2541.0,2457.0,2494.0,nan,2503.341,47075,1178447840.0,72487,2513.0,21,2512.0,37,2514.0,49,2511.0,210,2515.0,230,2510.0,49,2516.0,12,2509.0,6,2517.0,44,2508.0,29
1597988411625646080,1597988411924999936,2020-08-21 13:40:11.925000,2512.0,2541.0,2457.0,2494.0,nan,2503.341,47075,1178447840.0,72487,2513.0,21,2512.0,39,2514.0,49,2511.0,210,2515.0,230,2510.0,49,2516.0,12,2509.0,6,2517.0,44,2508.0,29
1597988412121093120,1597988412411000064,2020-08-21 13:40:12.411000,2512.0,2541.0,2457.0,2494.0,nan,2503.341,47075,1178447840.0,72487,2513.0,18,2512.0,39,2514.0,49,2511.0,210,2515.0,230,2510.0,49,2516.0,12,2509.0,6,2517.0,44,2508.0,29
1597988415148242944,1597988415437999872,2020-08-21 13:40:15.438000,2512.0,2541.0,2457.0,2494.0,nan,2503.341,47075,1178447840.0,72487,2513.0,18,2512.0,39,2514.0,49,2511.0,205,2515.0,230,2510.0,49,2516.0,12,2509.0,6,2517.0,44,2508.0,29
1597988421620545024,1597988421928000000,2020-08-21 13:40:21.928000,2513.0,2541.0,2457.0,2494.0,nan,2503.343,47085,1178699140.0,72491,2513.0,8,2512.0,39,2514.0,49,2511.0,205,2515.0,230,2510.0,49,2516.0,12,2509.0,6,2517.0,44,2508.0,29
1597988422122835968,1597988422401999872,2020-08-21 13:40:22.402000,2513.0,2541.0,2457.0,2494.0,nan,2503.343,47085,1178699140.0,72491,2513.0,9,2512.0,39,2514.0,49,2511.0,205,2515.0,231,2510.0,49,2516.0,12,2509.0,6,2517.0,44,2508.0,29
1597988422686447104,1597988422921999872,2020-08-21 13:40:22.922000,2513.0,2541.0,2457.0,2494.0,nan,2503.344,47091,1178849920.0,72494,2514.0,49,2513.0,2,2515.0,193,2512.0,37,2516.0,12,2511.0,167,2517.0,44,2510.0,49,2518.0,27,2509.0,6
1597988423109497088,1597988423430000128,2020-08-21 13:40:23.430000,2513.0,2541.0,2457.0,2494.0,nan,2503.345,47093,1178900180.0,72492,2514.0,9,2513.0,2,2515.0,174,2512.0,54,2516.0,32,2511.0,147,2517.0,25,2510.0,9,2518.0,27,2509.0,6
1597988423617754112,1597988423857000192,2020-08-21 13:40:23.857000,2513.0,2541.0,2457.0,2494.0,nan,2503.345,47095,1178950440.0,72490,2514.0,9,2512.0,54,2515.0,174,2511.0,147,2516.0,32,2510.0,9,2517.0,27,2509.0,6,2518.0,27,2508.0,10
1597988424175581952,1597988424434000128,2020-08-21 13:40:24.434000,2513.0,2541.0,2457.0,2494.0,nan,2503.345,47095,1178950440.0,72490,2514.0,10,2512.0,35,2515.0,234,2511.0,206,2516.0,12,2510.0,9,2517.0,27,2509.0,25,2518.0,46,2508.0,10
1597988424623710976,1597988424924000000,2020-08-21 13:40:24.924000,2513.0,2541.0,2457.0,2494.0,nan,2503.345,47095,1178950440.0,72490,2514.0,12,2512.0,37,2515.0,272,2511.0,244,2516.0,12,2510.0,9,2517.0,27,2509.0,25,2518.0,46,2508.0,10
1597988425121230080,1597988425424999936,2020-08-21 13:40:25.425000,2513.0,2541.0,2457.0,2494.0,nan,2503.345,47095,1178950440.0,72490,2514.0,12,2512.0,37,2515.0,272,2511.0,243,2516.0,12,2510.0,9,2517.0,27,2509.0,25,2518.0,46,2508.0,10
1597988425633413120,1597988425930000128,2020-08-21 13:40:25.930000,2513.0,2541.0,2457.0,2494.0,nan,2503.345,47095,1178950440.0,72490,2514.0,12,2512.0,38,2515.0,272,2511.0,243,2516.0,12,2510.0,9,2517.0,27,2509.0,25,2518.0,46,2508.0,10
1597988426196903936,1597988426431000064,2020-08-21 13:40:26.431000,2513.0,2541.0,2457.0,2494.0,nan,2503.345,47095,1178950440.0,72490,2514.0,13,2512.0,39,2515.0,272,2511.0,243,2516.0,12,2510.0,9,2517.0,27,2509.0,25,2518.0,46,2508.0,10
1597988427141394944,1597988427434000128,2020-08-21 13:40:27.434000,2512.0,2541.0,2457.0,2494.0,nan,2503.352,47134,1179930120.0,72487,2512.0,15,2511.0,146,2514.0,11,2510.0,9,2515.0,193,2509.0,6,2516.0,12,2508.0,10,2517.0,27,2507.0,3
1597988427626843904,1597988427918999808,2020-08-21 13:40:27.919000,2512.0,2541.0,2457.0,2494.0,nan,2503.352,47134,1179930120.0,72487,2512.0,15,2511.0,26,2514.0,70,2510.0,69,2515.0,53,2509.0,6,2516.0,12,2508.0,10,2517.0,27,2507.0,3
1597988428125379072,1597988428412000000,2020-08-21 13:40:28.412000,2512.0,2541.0,2457.0,2494.0,nan,2503.353,47138,1180030600.0,72483,2512.0,13,2511.0,6,2514.0,130,2510.0,129,2515.0,33,2509.0,6,2516.0,12,2508.0,10,2517.0,27,2507.0,3
1597988428612961024,1597988428924999936,2020-08-21 13:40:28.925000,2512.0,2541.0,2457.0,2494.0,nan,2503.353,47138,1180030600.0,72483,2512.0,13,2511.0,10,2513.0,40,2510.0,89,2514.0,90,2509.0,46,2515.0,33,2508.0,10,2516.0,12,2507.0,3
1597988429130526976,1597988429424999936,2020-08-21 13:40:29.425000,2512.0,2541.0,2457.0,2494.0,nan,2503.353,47138,1180030600.0,72483,2512.0,17,2511.0,15,2513.0,140,2510.0,71,2514.0,70,2509.0,143,2515.0,33,2508.0,10,2516.0,12,2507.0,3
1597988429612148992,1597988429936999936,2020-08-21 13:40:29.937000,2512.0,2541.0,2457.0,2494.0,nan,2503.353,47138,1180030600.0,72483,2512.0,17,2511.0,16,2513.0,180,2510.0,71,2514.0,70,2509.0,183,2515.0,33,2508.0,10,2516.0,12,2507.0,3
1597988430126265088,1597988430434000128,2020-08-21 13:40:30.434000,2512.0,2541.0,2457.0,2494.0,nan,2503.353,47138,1180030600.0,72483,2512.0,17,2511.0,16,2513.0,181,2510.0,72,2514.0,70,2509.0,183,2515.0,33,2508.0,10,2516.0,31,2507.0,22
1597988430638216960,1597988430927000064,2020-08-21 13:40:30.927000,2512.0,2541.0,2457.0,2494.0,nan,2503.353,47138,1180030600.0,72483,2512.0,17,2511.0,17,2513.0,181,2510.0,72,2514.0,70,2509.0,183,2515.0,33,2508.0,10,2516.0,31,2507.0,22
1597988431116060928,1597988431431000064,2020-08-21 13:40:31.431000,2512.0,2541.0,2457.0,2494.0,nan,2503.353,47138,1180030600.0,72483,2512.0,16,2511.0,18,2513.0,45,2510.0,208,2514.0,207,2509.0,46,2515.0,33,2508.0,10,2516.0,31,2507.0,22
1597988431639442944,1597988431912000000,2020-08-21 13:40:31.912000,2512.0,2541.0,2457.0,2494.0,nan,2503.353,47138,1180030600.0,72483,2512.0,16,2511.0,18,2513.0,25,2510.0,228,2514.0,227,2509.0,26,2515.0,33,2508.0,10,2516.0,31,2507.0,22
1597988434606061056,1597988434923000064,2020-08-21 13:40:34.923000,2512.0,2541.0,2457.0,2494.0,nan,2503.354,47140,1180080840.0,72483,2512.0,14,2511.0,18,2513.0,25,2510.0,228,2514.0,227,2509.0,26,2515.0,33,2508.0,10,2516.0,31,2507.0,22
1597988436164397056,1597988436435000064,2020-08-21 13:40:36.435000,2512.0,2541.0,2457.0,2494.0,nan,2503.354,47140,1180080840.0,72483,2512.0,15,2511.0,18,2513.0,25,2510.0,228,2514.0,227,2509.0,26,2515.0,33,2508.0,10,2516.0,31,2507.0,22
1597988438142877952,1597988438430000128,2020-08-21 13:40:38.430000,2512.0,2541.0,2457.0,2494.0,nan,2503.354,47140,1180080840.0,72483,2512.0,15,2511.0,18,2513.0,26,2510.0,233,2514.0,227,2509.0,26,2515.0,33,2508.0,10,2516.0,31,2507.0,22
1597988446139362048,1597988446435000064,2020-08-21 13:40:46.435000,2512.0,2541.0,2457.0,2494.0,nan,2503.354,47145,1180206440.0,72483,2512.0,10,2511.0,18,2513.0,25,2510.0,233,2514.0,227,2509.0,26,2515.0,33,2508.0,10,2516.0,31,2507.0,22
1597988447610556928,1597988447936999936,2020-08-21 13:40:47.937000,2513.0,2541.0,2457.0,2494.0,nan,2503.361,47180,1181085890.0,72509,2514.0,149,2513.0,87,2515.0,33,2512.0,4,2516.0,12,2511.0,15,2517.0,27,2510.0,154,2518.0,27,2509.0,6
1597988448117702912,1597988448424999936,2020-08-21 13:40:48.425000,2516.0,2541.0,2457.0,2494.0,nan,2503.386,47280,1183601020.0,72565,2516.0,12,2515.0,20,2517.0,27,2514.0,7,2518.0,29,2513.0,87,2519.0,17,2512.0,24,2520.0,262,2511.0,52
1597988448626279936,1597988448924999936,2020-08-21 13:40:48.925000,2515.0,2541.0,2457.0,2494.0,nan,2503.396,47318,1184556780.0,72564,2516.0,7,2515.0,38,2517.0,25,2514.0,67,2518.0,89,2513.0,69,2519.0,17,2512.0,4,2520.0,264,2511.0,12
1597988449106857984,1597988449431000064,2020-08-21 13:40:49.431000,2517.0,2541.0,2457.0,2494.0,nan,2503.422,47413,1186947400.0,72552,2518.0,109,2517.0,25,2519.0,17,2515.0,21,2520.0,264,2514.0,87,2521.0,17,2513.0,69,2522.0,3,2512.0,4
1597988449619919872,1597988449894000128,2020-08-21 13:40:49.894000,2517.0,2541.0,2457.0,2494.0,nan,2503.434,47456,1188029710.0,72566,2518.0,47,2517.0,2,2519.0,114,2516.0,1,2520.0,264,2515.0,100,2521.0,17,2514.0,7,2522.0,3,2513.0,69
1597988450118665984,1597988450418999808,2020-08-21 13:40:50.419000,2516.0,2541.0,2457.0,2494.0,nan,2503.441,47482,1188683890.0,72587,2517.0,34,2515.0,43,2518.0,45,2514.0,7,2519.0,77,2513.0,69,2520.0,264,2512.0,9,2521.0,17,2511.0,14
1597988450608814080,1597988450928000000,2020-08-21 13:40:50.928000,2513.0,2541.0,2457.0,2494.0,nan,2503.454,47536,1190041720.0,72618,2515.0,3,2514.0,24,2516.0,4,2513.0,59,2517.0,34,2512.0,4,2518.0,62,2511.0,11,2519.0,17,2510.0,12
1597988451112999936,1597988451423000064,2020-08-21 13:40:51.423000,2515.0,2541.0,2457.0,2494.0,nan,2503.455,47541,1190167470.0,72618,2515.0,6,2514.0,4,2516.0,6,2513.0,81,2517.0,48,2512.0,4,2518.0,34,2511.0,11,2519.0,17,2510.0,12
1597988451618590976,1597988451933000192,2020-08-21 13:40:51.933000,2515.0,2541.0,2457.0,2494.0,nan,2503.455,47541,1190167470.0,72618,2515.0,8,2514.0,13,2516.0,26,2513.0,81,2517.0,48,2512.0,24,2518.0,34,2511.0,11,2519.0,17,2510.0,12
1597988452131734016,1597988452424999936,2020-08-21 13:40:52.425000,2515.0,2541.0,2457.0,2494.0,nan,2503.455,47541,1190167470.0,72618,2515.0,11,2514.0,17,2516.0,7,2513.0,178,2517.0,145,2512.0,4,2518.0,34,2511.0,11,2519.0,17,2510.0,22
1597988452632655872,1597988452930000128,2020-08-21 13:40:52.930000,2515.0,2541.0,2457.0,2494.0,nan,2503.455,47541,1190167470.0,72618,2515.0,11,2514.0,17,2516.0,7,2513.0,198,2517.0,165,2512.0,4,2518.0,34,2511.0,11,2519.0,17,2510.0,31
1597988453125188096,1597988453424999936,2020-08-21 13:40:53.425000,2515.0,2541.0,2457.0,2494.0,nan,2503.455,47541,1190167470.0,72618,2515.0,11,2514.0,18,2516.0,7,2513.0,198,2517.0,165,2512.0,4,2518.0,34,2511.0,11,2519.0,17,2510.0,31
1597988453645118976,1597988453932000000,2020-08-21 13:40:53.932000,2515.0,2541.0,2457.0,2494.0,nan,2503.455,47541,1190167470.0,72618,2515.0,13,2514.0,19,2516.0,8,2513.0,218,2517.0,185,2512.0,4,2518.0,34,2511.0,11,2519.0,17,2510.0,37
1597988454643781888,1597988454931000064,2020-08-21 13:40:54.931000,2514.0,2541.0,2457.0,2494.0,nan,2503.455,47542,1190192610.0,72617,2515.0,13,2514.0,18,2516.0,8,2513.0,218,2517.0,178,2512.0,4,2518.0,34,2511.0,11,2519.0,17,2510.0,37
1597988456107204096,1597988456432000000,2020-08-21 13:40:56.432000,2514.0,2541.0,2457.0,2494.0,nan,2503.455,47542,1190192610.0,72617,2515.0,13,2514.0,18,2516.0,8,2513.0,163,2517.0,178,2512.0,4,2518.0,34,2511.0,11,2519.0,17,2510.0,37
1597988458119994112,1597988458434000128,2020-08-21 13:40:58.434000,2514.0,2541.0,2457.0,2494.0,nan,2503.455,47542,1190192610.0,72617,2515.0,14,2514.0,18,2516.0,8,2513.0,163,2517.0,178,2512.0,4,2518.0,34,2511.0,11,2519.0,17,2510.0,37
1597988458628079104,1597988458926000128,2020-08-21 13:40:58.926000,2514.0,2541.0,2457.0,2494.0,nan,2503.455,47543,1190217750.0,72616,2515.0,14,2514.0,17,2516.0,8,2513.0,163,2517.0,178,2512.0,4,2518.0,34,2511.0,11,2519.0,17,2510.0,37
1597988459125181952,1597988459404000000,2020-08-21 13:40:59.404000,2514.0,2541.0,2457.0,2494.0,nan,2503.455,47543,1190217750.0,72616,2515.0,14,2514.0,16,2516.0,8,2513.0,164,2517.0,178,2512.0,4,2518.0,35,2511.0,11,2519.0,17,2510.0,37
1597988460145379072,1597988460424999936,2020-08-21 13:41:00.425000,2516.0,2541.0,2457.0,2494.0,nan,2503.462,47569,1190871770.0,72628,2517.0,121,2516.0,31,2518.0,35,2515.0,4,2519.0,17,2514.0,13,2520.0,264,2513.0,106,2521.0,17,2512.0,4
1597988460609039872,1597988460937999872,2020-08-21 13:41:00.938000,2515.0,2541.0,2457.0,2494.0,nan,2503.471,47604,1191752330.0,72643,2516.0,13,2514.0,55,2517.0,30,2513.0,5,2518.0,75,2512.0,5,2519.0,17,2511.0,11,2520.0,264,2510.0,37
1597988461268659968,1597988461427000064,2020-08-21 13:41:01.427000,2515.0,2541.0,2457.0,2494.0,nan,2503.471,47604,1191752330.0,72643,2515.0,1,2514.0,14,2516.0,5,2513.0,25,2517.0,50,2512.0,5,2518.0,35,2511.0,11,2519.0,17,2510.0,37
1597988461629771008,1597988461891000064,2020-08-21 13:41:01.891000,2515.0,2541.0,2457.0,2494.0,nan,2503.471,47604,1191752330.0,72643,2515.0,4,2514.0,14,2516.0,1,2513.0,25,2517.0,47,2512.0,5,2518.0,35,2511.0,11,2519.0,17,2510.0,37
1597988462147819008,1597988462420999936,2020-08-21 13:41:02.421000,2514.0,2541.0,2457.0,2494.0,nan,2503.474,47619,1192129430.0,72653,2514.0,8,2513.0,26,2515.0,4,2512.0,5,2516.0,1,2511.0,12,2517.0,48,2510.0,37,2518.0,35,2509.0,4
1597988462636003072,1597988462911000064,2020-08-21 13:41:02.911000,2514.0,2541.0,2457.0,2494.0,nan,2503.474,47619,1192129430.0,72653,2514.0,15,2513.0,4,2515.0,2,2512.0,47,2516.0,41,2511.0,12,2517.0,5,2510.0,37,2518.0,35,2509.0,4
1597988463128004096,1597988463430000128,2020-08-21 13:41:03.430000,2514.0,2541.0,2457.0,2494.0,nan,2503.474,47619,1192129430.0,72653,2514.0,18,2513.0,8,2515.0,42,2512.0,8,2516.0,2,2511.0,52,2517.0,5,2510.0,37,2518.0,35,2509.0,4
1597988463617456896,1597988463935000064,2020-08-21 13:41:03.935000,2514.0,2541.0,2457.0,2494.0,nan,2503.474,47619,1192129430.0,72653,2514.0,19,2513.0,9,2515.0,62,2512.0,7,2516.0,1,2511.0,73,2517.0,5,2510.0,39,2518.0,35,2509.0,4
1597988464134429952,1597988464432000000,2020-08-21 13:41:04.432000,2514.0,2541.0,2457.0,2494.0,nan,2503.474,47619,1192129430.0,72653,2514.0,23,2513.0,11,2515.0,119,2512.0,8,2516.0,1,2511.0,130,2517.0,5,2510.0,39,2518.0,35,2509.0,4
1597988464639471104,1597988464926000128,2020-08-21 13:41:04.926000,2514.0,2541.0,2457.0,2494.0,nan,2503.474,47619,1192129430.0,72653,2514.0,23,2513.0,11,2515.0,162,2512.0,9,2516.0,1,2511.0,172,2517.0,5,2510.0,39,2518.0,35,2509.0,4
1597988465146397952,1597988465426000128,2020-08-21 13:41:05.426000,2514.0,2541.0,2457.0,2494.0,nan,2503.474,47619,1192129430.0,72653,2514.0,23,2513.0,11,2515.0,182,2512.0,9,2516.0,1,2511.0,192,2517.0,5,2510.0,39,2518.0,35,2509.0,4
1597988465620225024,1597988465921999872,2020-08-21 13:41:05.922000,2514.0,2541.0,2457.0,2494.0,nan,2503.474,47619,1192129430.0,72653,2514.0,23,2513.0,11,2515.0,182,2512.0,29,2516.0,21,2511.0,192,2517.0,5,2510.0,39,2518.0,35,2509.0,4
1597988466619069952,1597988466938999808,2020-08-21 13:41:06.939000,2514.0,2541.0,2457.0,2494.0,nan,2503.474,47619,1192129430.0,72653,2514.0,23,2513.0,11,2515.0,182,2512.0,29,2516.0,21,2511.0,192,2517.0,4,2510.0,39,2518.0,34,2509.0,4
1597988467117491968,1597988467434000128,2020-08-21 13:41:07.434000,2514.0,2541.0,2457.0,2494.0,nan,2503.474,47619,1192129430.0,72653,2514.0,24,2513.0,11,2515.0,182,2512.0,29,2516.0,21,2511.0,192,2517.0,4,2510.0,39,2518.0,34,2509.0,4
1597988470110210048,1597988470438999808,2020-08-21 13:41:10.439000,2514.0,2541.0,2457.0,2494.0,nan,2503.474,47619,1192129430.0,72653,2514.0,24,2513.0,31,2515.0,182,2512.0,29,2516.0,21,2511.0,192,2517.0,4,2510.0,39,2518.0,34,2509.0,4
1597988470634781952,1597988470926000128,2020-08-21 13:41:10.926000,2514.0,2541.0,2457.0,2494.0,nan,2503.474,47619,1192129430.0,72653,2514.0,23,2513.0,33,2515.0,86,2512.0,124,2516.0,118,2511.0,95,2517.0,4,2510.0,39,2518.0,34,2509.0,4
1597988471133719040,1597988471436000000,2020-08-21 13:41:11.436000,2514.0,2541.0,2457.0,2494.0,nan,2503.474,47619,1192129430.0,72653,2514.0,23,2513.0,33,2515.0,43,2512.0,144,2516.0,138,2511.0,52,2517.0,4,2510.0,39,2518.0,34,2509.0,4
1597988471611956992,1597988471927000064,2020-08-21 13:41:11.927000,2514.0,2541.0,2457.0,2494.0,nan,2503.474,47619,1192129430.0,72653,2514.0,23,2513.0,33,2515.0,43,2512.0,187,2516.0,181,2511.0,52,2517.0,4,2510.0,39,2518.0,34,2509.0,4
1597988475630213120,1597988475930000128,2020-08-21 13:41:15.930000,2513.0,2541.0,2457.0,2494.0,nan,2503.475,47620,1192154560.0,72652,2514.0,23,2513.0,32,2515.0,43,2512.0,187,2516.0,181,2511.0,52,2517.0,4,2510.0,39,2518.0,34,2509.0,4
1597988476134425088,1597988476435000064,2020-08-21 13:41:16.435000,2513.0,2541.0,2457.0,2494.0,nan,2503.475,47620,1192154560.0,72652,2514.0,23,2513.0,32,2515.0,43,2512.0,187,2516.0,182,2511.0,52,2517.0,4,2510.0,39,2518.0,34,2509.0,4
1597988478663737088,1597988478927000064,2020-08-21 13:41:18.927000,2513.0,2541.0,2457.0,2494.0,nan,2503.475,47620,1192154560.0,72652,2514.0,23,2513.0,33,2515.0,43,2512.0,187,2516.0,182,2511.0,52,2517.0,4,2510.0,39,2518.0,34,2509.0,4
1597988481108773120,1597988481438999808,2020-08-21 13:41:21.439000,2514.0,2541.0,2457.0,2494.0,nan,2503.475,47621,1192179700.0,72652,2514.0,22,2513.0,33,2515.0,43,2512.0,187,2516.0,182,2511.0,52,2517.0,4,2510.0,39,2518.0,34,2509.0,4
1597988481628195072,1597988481937999872,2020-08-21 13:41:21.938000,2513.0,2541.0,2457.0,2494.0,nan,2503.475,47624,1192255090.0,72650,2514.0,28,2513.0,30,2515.0,44,2512.0,188,2516.0,182,2511.0,52,2517.0,34,2510.0,39,2518.0,53,2509.0,23
1597988482117629952,1597988482430000128,2020-08-21 13:41:22.430000,2513.0,2541.0,2457.0,2494.0,nan,2503.475,47624,1192255090.0,72650,2514.0,30,2513.0,30,2515.0,44,2512.0,188,2516.0,182,2511.0,52,2517.0,34,2510.0,39,2518.0,53,2509.0,23
1597988483116588032,1597988483434000128,2020-08-21 13:41:23.434000,2514.0,2541.0,2457.0,2494.0,nan,2503.482,47654,1193009290.0,72661,2515.0,44,2514.0,73,2516.0,124,2513.0,27,2517.0,34,2512.0,130,2518.0,53,2511.0,52,2519.0,17,2510.0,39
1597988483615559936,1597988483932000000,2020-08-21 13:41:23.932000,2514.0,2541.0,2457.0,2494.0,nan,2503.482,47654,1193009290.0,72661,2515.0,4,2514.0,73,2516.0,62,2513.0,85,2517.0,94,2512.0,65,2518.0,34,2511.0,12,2519.0,17,2510.0,39
1597988484122836992,1597988484434000128,2020-08-21 13:41:24.434000,2514.0,2541.0,2457.0,2494.0,nan,2503.482,47654,1193009290.0,72661,2515.0,4,2514.0,73,2516.0,42,2513.0,132,2517.0,137,2512.0,45,2518.0,34,2511.0,12,2519.0,17,2510.0,39
1597988484619896064,1597988484915000064,2020-08-21 13:41:24.915000,2514.0,2541.0,2457.0,2494.0,nan,2503.482,47654,1193009290.0,72661,2515.0,4,2514.0,75,2516.0,24,2513.0,152,2517.0,156,2512.0,25,2518.0,34,2511.0,12,2519.0,36,2510.0,58
1597988485124758016,1597988485431000064,2020-08-21 13:41:25.431000,2515.0,2541.0,2457.0,2494.0,nan,2503.483,47658,1193109890.0,72659,2515.0,3,2514.0,78,2516.0,25,2513.0,188,2517.0,191,2512.0,25,2518.0,34,2511.0,12,2519.0,36,2510.0,58
1597988485643037952,1597988485936000000,2020-08-21 13:41:25.936000,2515.0,2541.0,2457.0,2494.0,nan,2503.484,47661,1193185340.0,72659,2516.0,23,2515.0,2,2517.0,154,2514.0,98,2518.0,57,2513.0,148,2519.0,17,2512.0,25,2520.0,262,2511.0,12
1597988486123132928,1597988486437999872,2020-08-21 13:41:26.438000,2515.0,2541.0,2457.0,2494.0,nan,2503.484,47663,1193235640.0,72657,2516.0,3,2515.0,6,2517.0,134,2514.0,96,2518.0,54,2513.0,128,2519.0,17,2512.0,5,2520.0,262,2511.0,12
1597988486635184128,1597988486928000000,2020-08-21 13:41:26.928000,2515.0,2541.0,2457.0,2494.0,nan,2503.484,47663,1193235640.0,72657,2516.0,5,2515.0,7,2517.0,100,2514.0,156,2518.0,113,2513.0,111,2519.0,17,2512.0,5,2520.0,281,2511.0,31
1597988487121824000,1597988487435000064,2020-08-21 13:41:27.435000,2515.0,2541.0,2457.0,2494.0,nan,2503.484,47663,1193235640.0,72657,2516.0,5,2515.0,7,2517.0,77,2514.0,176,2518.0,133,2513.0,68,2519.0,17,2512.0,5,2520.0,281,2511.0,31
1597988487616702976,1597988487936999936,2020-08-21 13:41:27.937000,2515.0,2541.0,2457.0,2494.0,nan,2503.484,47663,1193235640.0,72657,2516.0,8,2515.0,9,2517.0,77,2514.0,237,2518.0,194,2513.0,68,2519.0,17,2512.0,5,2520.0,281,2511.0,31
1597988488126792960,1597988488431000064,2020-08-21 13:41:28.431000,2515.0,2541.0,2457.0,2494.0,nan,2503.484,47664,1193260790.0,72657,2516.0,9,2515.0,10,2517.0,57,2514.0,277,2518.0,234,2513.0,48,2519.0,17,2512.0,5,2520.0,281,2511.0,31
1597988488653478912,1597988488936999936,2020-08-21 13:41:28.937000,2515.0,2541.0,2457.0,2494.0,nan,2503.485,47666,1193311090.0,72658,2516.0,8,2515.0,8,2517.0,57,2514.0,277,2518.0,234,2513.0,48,2519.0,17,2512.0,5,2520.0,281,2511.0,31
1597988489154245888,1597988489436000000,2020-08-21 13:41:29.436000,2515.0,2541.0,2457.0,2494.0,nan,2503.485,47666,1193311090.0,72658,2516.0,8,2515.0,8,2517.0,77,2514.0,257,2518.0,214,2513.0,68,2519.0,17,2512.0,5,2520.0,281,2511.0,31
1597988490643421952,1597988490935000064,2020-08-21 13:41:30.935000,2515.0,2541.0,2457.0,2494.0,nan,2503.485,47667,1193336240.0,72658,2516.0,8,2515.0,8,2517.0,77,2514.0,257,2518.0,214,2513.0,68,2519.0,17,2512.0,5,2520.0,281,2511.0,31
1597988502133872896,1597988502404999936,2020-08-21 13:41:42.405000,2516.0,2541.0,2457.0,2494.0,nan,2503.487,47676,1193562680.0,72653,2517.0,55,2516.0,10,2518.0,157,2515.0,3,2519.0,17,2514.0,199,2520.0,262,2513.0,48,2521.0,17,2512.0,5
1597988502615525120,1597988502908999936,2020-08-21 13:41:42.909000,2516.0,2541.0,2457.0,2494.0,nan,2503.487,47676,1193562680.0,72653,2517.0,35,2516.0,3,2518.0,157,2515.0,23,2519.0,37,2514.0,199,2520.0,262,2513.0,28,2521.0,17,2512.0,5
1597988503125193984,1597988503397000192,2020-08-21 13:41:43.397000,2516.0,2541.0,2457.0,2494.0,nan,2503.487,47676,1193562680.0,72653,2517.0,38,2516.0,5,2518.0,135,2515.0,27,2519.0,37,2514.0,176,2520.0,262,2513.0,27,2521.0,36,2512.0,24
1597988503691354112,1597988503921999872,2020-08-21 13:41:43.922000,2516.0,2541.0,2457.0,2494.0,nan,2503.487,47676,1193562680.0,72653,2517.0,39,2516.0,6,2518.0,177,2515.0,27,2519.0,37,2514.0,218,2520.0,262,2513.0,27,2521.0,36,2512.0,24
1597988504123217920,1597988504430000128,2020-08-21 13:41:44.430000,2516.0,2541.0,2457.0,2494.0,nan,2503.487,47676,1193562680.0,72653,2517.0,42,2516.0,10,2518.0,235,2515.0,28,2519.0,37,2514.0,276,2520.0,262,2513.0,27,2521.0,36,2512.0,24
1597988506127932928,1597988506427000064,2020-08-21 13:41:46.427000,2516.0,2541.0,2457.0,2494.0,nan,2503.488,47677,1193587840.0,72653,2517.0,42,2516.0,9,2518.0,235,2515.0,28,2519.0,37,2514.0,276,2520.0,262,2513.0,27,2521.0,36,2512.0,24
1597988506617689088,1597988506926000128,2020-08-21 13:41:46.926000,2516.0,2541.0,2457.0,2494.0,nan,2503.488,47677,1193587840.0,72653,2517.0,42,2516.0,9,2518.0,235,2515.0,29,2519.0,37,2514.0,277,2520.0,262,2513.0,28,2521.0,36,2512.0,24
1597988507622208000,1597988507912000000,2020-08-21 13:41:47.912000,2516.0,2541.0,2457.0,2494.0,nan,2503.488,47677,1193587840.0,72653,2517.0,42,2516.0,9,2518.0,230,2515.0,29,2519.0,37,2514.0,277,2520.0,262,2513.0,28,2521.0,36,2512.0,24
1597988508119944960,1597988508430000128,2020-08-21 13:41:48.430000,2516.0,2541.0,2457.0,2494.0,nan,2503.488,47678,1193613000.0,72653,2517.0,42,2516.0,8,2518.0,230,2515.0,29,2519.0,37,2514.0,277,2520.0,262,2513.0,28,2521.0,36,2512.0,24
1597988508618957056,1597988508938999808,2020-08-21 13:41:48.939000,2516.0,2541.0,2457.0,2494.0,nan,2503.488,47678,1193613000.0,72653,2517.0,42,2516.0,8,2518.0,232,2515.0,29,2519.0,37,2514.0,277,2520.0,262,2513.0,28,2521.0,36,2512.0,24
1597988512115640064,1597988512430000128,2020-08-21 13:41:52.430000,2516.0,2541.0,2457.0,2494.0,nan,2503.488,47678,1193613000.0,72653,2517.0,42,2516.0,8,2518.0,232,2515.0,31,2519.0,37,2514.0,277,2520.0,262,2513.0,28,2521.0,36,2512.0,24
1597988512625679872,1597988512914000128,2020-08-21 13:41:52.914000,2516.0,2541.0,2457.0,2494.0,nan,2503.488,47678,1193613000.0,72653,2517.0,43,2516.0,8,2518.0,232,2515.0,31,2519.0,37,2514.0,277,2520.0,262,2513.0,28,2521.0,36,2512.0,24
1597988513632342016,1597988513936000000,2020-08-21 13:41:53.936000,2516.0,2541.0,2457.0,2494.0,nan,2503.488,47678,1193613000.0,72653,2517.0,44,2516.0,8,2518.0,232,2515.0,31,2519.0,37,2514.0,277,2520.0,262,2513.0,28,2521.0,36,2512.0,24
1597988520118499072,1597988520426000128,2020-08-21 13:42:00.426000,2516.0,2541.0,2457.0,2494.0,nan,2503.488,47678,1193613000.0,72653,2517.0,44,2516.0,10,2518.0,232,2515.0,31,2519.0,37,2514.0,277,2520.0,262,2513.0,28,2521.0,36,2512.0,24
1597988522119735040,1597988522437999872,2020-08-21 13:42:02.438000,2517.0,2541.0,2457.0,2494.0,nan,2503.489,47681,1193688500.0,72653,2517.0,42,2516.0,7,2518.0,232,2515.0,31,2519.0,37,2514.0,277,2520.0,262,2513.0,28,2521.0,36,2512.0,24
1597988526105265920,1597988526364000000,2020-08-21 13:42:06.364000,2517.0,2541.0,2457.0,2494.0,nan,2503.489,47683,1193738840.0,72655,2517.0,40,2516.0,7,2518.0,232,2515.0,33,2519.0,37,2514.0,277,2520.0,262,2513.0,28,2521.0,36,2512.0,24
1597988526625093120,1597988526920000000,2020-08-21 13:42:06.920000,2517.0,2541.0,2457.0,2494.0,nan,2503.489,47683,1193738840.0,72655,2517.0,40,2516.0,7,2518.0,252,2515.0,33,2519.0,37,2514.0,297,2520.0,262,2513.0,28,2521.0,36,2512.0,24
1597988527118542080,1597988527437999872,2020-08-21 13:42:07.438000,2517.0,2541.0,2457.0,2494.0,nan,2503.489,47683,1193738840.0,72655,2517.0,49,2516.0,7,2518.0,252,2515.0,33,2519.0,37,2514.0,297,2520.0,262,2513.0,28,2521.0,36,2512.0,24
1597988528620487936,1597988528936999936,2020-08-21 13:42:08.937000,2517.0,2541.0,2457.0,2494.0,nan,2503.489,47683,1193738840.0,72655,2517.0,49,2516.0,7,2518.0,252,2515.0,34,2519.0,37,2514.0,297,2520.0,262,2513.0,28,2521.0,36,2512.0,24
1597988529127880960,1597988529418999808,2020-08-21 13:42:09.419000,2517.0,2541.0,2457.0,2494.0,nan,2503.489,47683,1193738840.0,72655,2517.0,49,2516.0,7,2518.0,252,2515.0,34,2519.0,36,2514.0,297,2520.0,262,2513.0,28,2521.0,36,2512.0,24
1597988529627760896,1597988529934000128,2020-08-21 13:42:09.934000,2516.0,2541.0,2457.0,2494.0,nan,2503.491,47690,1193914960.0,72652,2516.0,5,2515.0,32,2517.0,46,2514.0,240,2518.0,194,2513.0,28,2519.0,36,2512.0,5,2520.0,262,2511.0,12
1597988530128186112,1597988530427000064,2020-08-21 13:42:10.427000,2516.0,2541.0,2457.0,2494.0,nan,2503.491,47690,1193914960.0,72652,2516.0,5,2515.0,12,2517.0,42,2514.0,240,2518.0,194,2513.0,28,2519.0,16,2512.0,5,2520.0,262,2511.0,12
1597988530647876096,1597988530936999936,2020-08-21 13:42:10.937000,2515.0,2541.0,2457.0,2494.0,nan,2503.492,47693,1193990410.0,72652,2516.0,7,2515.0,9,2517.0,44,2514.0,280,2518.0,233,2513.0,29,2519.0,16,2512.0,5,2520.0,281,2511.0,31
1597988531136101120,1597988531428999936,2020-08-21 13:42:11.429000,2515.0,2541.0,2457.0,2494.0,nan,2503.492,47693,1193990410.0,72652,2516.0,7,2515.0,7,2517.0,44,2514.0,280,2518.0,233,2513.0,29,2519.0,16,2512.0,5,2520.0,281,2511.0,31
1597988531652718080,1597988531934000128,2020-08-21 13:42:11.934000,2515.0,2541.0,2457.0,2494.0,nan,2503.492,47693,1193990410.0,72652,2516.0,11,2515.0,9,2517.0,44,2514.0,320,2518.0,269,2513.0,29,2519.0,16,2512.0,5,2520.0,281,2511.0,31
1597988532128890112,1597988532436000000,2020-08-21 13:42:12.436000,2515.0,2541.0,2457.0,2494.0,nan,2503.492,47693,1193990410.0,72652,2516.0,13,2515.0,9,2517.0,140,2514.0,224,2518.0,172,2513.0,126,2519.0,16,2512.0,5,2520.0,281,2511.0,31
1597988532603418112,1597988532935000064,2020-08-21 13:42:12.935000,2515.0,2541.0,2457.0,2494.0,nan,2503.492,47693,1193990410.0,72652,2516.0,13,2515.0,9,2517.0,159,2514.0,204,2518.0,152,2513.0,146,2519.0,16,2512.0,5,2520.0,281,2511.0,31
1597988535119667968,1597988535435000064,2020-08-21 13:42:15.435000,2515.0,2541.0,2457.0,2494.0,nan,2503.492,47693,1193990410.0,72652,2516.0,13,2515.0,9,2517.0,159,2514.0,204,2518.0,152,2513.0,148,2519.0,16,2512.0,5,2520.0,281,2511.0,31
1597988535630295040,1597988535928999936,2020-08-21 13:42:15.929000,2515.0,2541.0,2457.0,2494.0,nan,2503.492,47693,1193990410.0,72652,2516.0,13,2515.0,9,2517.0,160,2514.0,204,2518.0,152,2513.0,148,2519.0,16,2512.0,5,2520.0,281,2511.0,31
1597988538183072000,1597988538427000064,2020-08-21 13:42:18.427000,2515.0,2541.0,2457.0,2494.0,nan,2503.492,47695,1194040710.0,72652,2516.0,13,2515.0,7,2517.0,160,2514.0,204,2518.0,152,2513.0,148,2519.0,16,2512.0,5,2520.0,281,2511.0,31
1597988538632954112,1597988538927000064,2020-08-21 13:42:18.927000,2515.0,2541.0,2457.0,2494.0,nan,2503.492,47695,1194040710.0,72652,2516.0,13,2515.0,5,2517.0,160,2514.0,204,2518.0,152,2513.0,148,2519.0,16,2512.0,5,2520.0,281,2511.0,31
1597988541153564928,1597988541416999936,2020-08-21 13:42:21.417000,2516.0,2541.0,2457.0,2494.0,nan,2503.496,47708,1194367790.0,72655,2517.0,82,2515.0,3,2518.0,152,2514.0,202,2519.0,16,2513.0,91,2520.0,262,2512.0,5,2521.0,17,2511.0,12
1597988541614625024,1597988541936000000,2020-08-21 13:42:21.936000,2516.0,2541.0,2457.0,2494.0,nan,2503.496,47708,1194367790.0,72655,2517.0,82,2515.0,7,2518.0,152,2514.0,200,2519.0,16,2513.0,71,2520.0,262,2512.0,5,2521.0,17,2511.0,12
1597988542119558912,1597988542404999936,2020-08-21 13:42:22.405000,2516.0,2541.0,2457.0,2494.0,nan,2503.496,47708,1194367790.0,72655,2516.0,2,2515.0,9,2517.0,83,2514.0,201,2518.0,152,2513.0,71,2519.0,16,2512.0,5,2520.0,281,2511.0,31
1597988542616677888,1597988542894000128,2020-08-21 13:42:22.894000,2516.0,2541.0,2457.0,2494.0,nan,2503.496,47708,1194367790.0,72655,2517.0,43,2515.0,9,2518.0,192,2514.0,241,2519.0,16,2513.0,31,2520.0,281,2512.0,5,2521.0,17,2511.0,31
1597988543126980096,1597988543424999936,2020-08-21 13:42:23.425000,2516.0,2541.0,2457.0,2494.0,nan,2503.496,47708,1194367790.0,72655,2516.0,2,2515.0,12,2517.0,47,2514.0,318,2518.0,269,2513.0,31,2519.0,16,2512.0,5,2520.0,281,2511.0,31
1597988543631717120,1597988543901999872,2020-08-21 13:42:23.902000,2516.0,2541.0,2457.0,2494.0,nan,2503.496,47708,1194367790.0,72655,2516.0,3,2515.0,12,2517.0,44,2514.0,295,2518.0,246,2513.0,31,2519.0,16,2512.0,5,2520.0,281,2511.0,31
1597988544126337024,1597988544432000000,2020-08-21 13:42:24.432000,2516.0,2541.0,2457.0,2494.0,nan,2503.496,47708,1194367790.0,72655,2516.0,3,2515.0,12,2517.0,46,2514.0,295,2518.0,246,2513.0,31,2519.0,16,2512.0,5,2520.0,281,2511.0,31
1597988545639064064,1597988545928999936,2020-08-21 13:42:25.929000,2516.0,2541.0,2457.0,2494.0,nan,2503.496,47708,1194367790.0,72655,2516.0,4,2515.0,12,2517.0,46,2514.0,295,2518.0,246,2513.0,31,2519.0,16,2512.0,5,2520.0,281,2511.0,31
1597988546117556992,1597988546427000064,2020-08-21 13:42:26.427000,2516.0,2541.0,2457.0,2494.0,nan,2503.496,47708,1194367790.0,72655,2516.0,4,2515.0,12,2517.0,46,2514.0,318,2518.0,269,2513.0,31,2519.0,16,2512.0,5,2520.0,281,2511.0,31
1597988546607837952,1597988546937999872,2020-08-21 13:42:26.938000,2516.0,2541.0,2457.0,2494.0,nan,2503.496,47708,1194367790.0,72655,2516.0,4,2515.0,12,2517.0,44,2514.0,318,2518.0,269,2513.0,31,2519.0,16,2512.0,5,2520.0,281,2511.0,31
1597988547164750080,1597988547426000128,2020-08-21 13:42:27.426000,2516.0,2541.0,2457.0,2494.0,nan,2503.497,47712,1194468430.0,72655,2516.0,2,2515.0,9,2517.0,42,2514.0,237,2518.0,189,2513.0,31,2519.0,16,2512.0,5,2520.0,262,2511.0,12
1597988547623585024,1597988547904999936,2020-08-21 13:42:27.905000,2516.0,2541.0,2457.0,2494.0,nan,2503.497,47712,1194468430.0,72655,2517.0,42,2515.0,9,2518.0,189,2514.0,237,2519.0,16,2513.0,31,2520.0,262,2512.0,5,2521.0,17,2511.0,12
1597988548132480000,1597988548418999808,2020-08-21 13:42:28.419000,2516.0,2541.0,2457.0,2494.0,nan,2503.497,47712,1194468430.0,72655,2516.0,3,2515.0,10,2517.0,44,2514.0,280,2518.0,231,2513.0,31,2519.0,16,2512.0,5,2520.0,281,2511.0,31
1597988548660643072,1597988548936999936,2020-08-21 13:42:28.937000,2516.0,2541.0,2457.0,2494.0,nan,2503.497,47712,1194468430.0,72655,2516.0,1,2515.0,10,2517.0,50,2514.0,280,2518.0,231,2513.0,31,2519.0,16,2512.0,5,2520.0,281,2511.0,31
1597988549125715968,1597988549428999936,2020-08-21 13:42:29.429000,2516.0,2541.0,2457.0,2494.0,nan,2503.497,47713,1194493590.0,72654,2516.0,3,2515.0,12,2517.0,52,2514.0,295,2518.0,246,2513.0,31,2519.0,16,2512.0,5,2520.0,281,2511.0,31
1597988549657757952,1597988549914000128,2020-08-21 13:42:29.914000,2515.0,2541.0,2457.0,2494.0,nan,2503.5,47725,1194795390.0,72663,2515.0,1,2514.0,260,2516.0,1,2513.0,31,2517.0,50,2512.0,5,2518.0,212,2511.0,12,2519.0,16,2510.0,32
1597988550170406912,1597988550432000000,2020-08-21 13:42:30.432000,2516.0,2541.0,2457.0,2494.0,nan,2503.501,47727,1194845700.0,72663,2517.0,101,2514.0,97,2518.0,49,2513.0,91,2519.0,16,2512.0,5,2520.0,262,2511.0,12,2521.0,17,2510.0,32
1597988550621849088,1597988550926000128,2020-08-21 13:42:30.926000,2516.0,2541.0,2457.0,2494.0,nan,2503.501,47727,1194845700.0,72663,2516.0,2,2514.0,142,2517.0,102,2513.0,91,2518.0,92,2512.0,5,2519.0,16,2511.0,31,2520.0,281,2510.0,32
1597988551119816960,1597988551437999872,2020-08-21 13:42:31.438000,2516.0,2541.0,2457.0,2494.0,nan,2503.501,47727,1194845700.0,72663,2516.0,6,2514.0,162,2517.0,102,2513.0,91,2518.0,112,2512.0,5,2519.0,16,2511.0,31,2520.0,281,2510.0,32
1597988551628914944,1597988551920999936,2020-08-21 13:42:31.921000,2516.0,2541.0,2457.0,2494.0,nan,2503.501,47727,1194845700.0,72663,2516.0,9,2514.0,165,2517.0,179,2513.0,168,2518.0,112,2512.0,5,2519.0,16,2511.0,31,2520.0,281,2510.0,32
1597988552110585088,1597988552436999936,2020-08-21 13:42:32.437000,2516.0,2541.0,2457.0,2494.0,nan,2503.501,47727,1194845700.0,72663,2516.0,10,2514.0,166,2517.0,199,2513.0,188,2518.0,112,2512.0,5,2519.0,16,2511.0,31,2520.0,281,2510.0,32
1597988553112761088,1597988553437999872,2020-08-21 13:42:33.438000,2516.0,2541.0,2457.0,2494.0,nan,2503.501,47727,1194845700.0,72663,2516.0,19,2514.0,166,2517.0,199,2513.0,188,2518.0,112,2512.0,5,2519.0,16,2511.0,31,2520.0,281,2510.0,32
1597988553633606912,1597988553920999936,2020-08-21 13:42:33.921000,2516.0,2541.0,2457.0,2494.0,nan,2503.501,47727,1194845700.0,72663,2516.0,20,2514.0,166,2517.0,198,2513.0,188,2518.0,112,2512.0,5,2519.0,16,2511.0,31,2520.0,281,2510.0,32
1597988555135130112,1597988555436000000,2020-08-21 13:42:35.436000,2516.0,2541.0,2457.0,2494.0,nan,2503.501,47727,1194845700.0,72663,2516.0,21,2514.0,166,2517.0,198,2513.0,188,2518.0,112,2512.0,5,2519.0,16,2511.0,31,2520.0,281,2510.0,32
1597988556143700992,1597988556431000064,2020-08-21 13:42:36.431000,2516.0,2541.0,2457.0,2494.0,nan,2503.501,47727,1194845700.0,72663,2516.0,21,2515.0,1,2517.0,198,2514.0,166,2518.0,112,2513.0,188,2519.0,16,2512.0,5,2520.0,281,2511.0,31
1597988556609176064,1597988556924000000,2020-08-21 13:42:36.924000,2516.0,2541.0,2457.0,2494.0,nan,2503.501,47727,1194845700.0,72663,2516.0,21,2515.0,4,2517.0,218,2514.0,120,2518.0,69,2513.0,208,2519.0,16,2512.0,5,2520.0,281,2511.0,31
1597988557149057024,1597988557396000000,2020-08-21 13:42:37.396000,2516.0,2541.0,2457.0,2494.0,nan,2503.501,47727,1194845700.0,72663,2516.0,21,2515.0,4,2517.0,261,2514.0,100,2518.0,49,2513.0,251,2519.0,16,2512.0,5,2520.0,281,2511.0,31
1597988558628672000,1597988558931000064,2020-08-21 13:42:38.931000,2516.0,2541.0,2457.0,2494.0,nan,2503.501,47727,1194845700.0,72663,2516.0,20,2515.0,4,2517.0,261,2514.0,100,2518.0,49,2513.0,251,2519.0,16,2512.0,5,2520.0,281,2511.0,31
1597988560157276928,1597988560430000128,2020-08-21 13:42:40.430000,2515.0,2541.0,2457.0,2494.0,nan,2503.501,47731,1194946300.0,72667,2515.0,2,2514.0,98,2516.0,17,2513.0,194,2517.0,203,2512.0,5,2518.0,49,2511.0,12,2519.0,16,2510.0,32
1597988560630597120,1597988560904999936,2020-08-21 13:42:40.905000,2514.0,2541.0,2457.0,2494.0,nan,2503.502,47733,1194996580.0,72667,2515.0,7,2514.0,96,2516.0,17,2513.0,171,2517.0,180,2512.0,5,2518.0,49,2511.0,12,2519.0,16,2510.0,32
1597988561124217088,1597988561426000128,2020-08-21 13:42:41.426000,2514.0,2541.0,2457.0,2494.0,nan,2503.502,47733,1194996580.0,72667,2515.0,7,2514.0,97,2516.0,18,2513.0,194,2517.0,222,2512.0,5,2518.0,49,2511.0,12,2519.0,35,2510.0,51
1597988562138214912,1597988562428000000,2020-08-21 13:42:42.428000,2514.0,2541.0,2457.0,2494.0,nan,2503.502,47733,1194996580.0,72667,2515.0,9,2514.0,99,2516.0,9,2513.0,232,2517.0,260,2512.0,5,2518.0,49,2511.0,12,2519.0,35,2510.0,51
1597988562653430016,1597988562928000000,2020-08-21 13:42:42.928000,2514.0,2541.0,2457.0,2494.0,nan,2503.502,47733,1194996580.0,72667,2515.0,10,2514.0,100,2516.0,9,2513.0,252,2517.0,260,2512.0,5,2518.0,49,2511.0,12,2519.0,35,2510.0,51
1597988564121908992,1597988564436000000,2020-08-21 13:42:44.436000,2514.0,2541.0,2457.0,2494.0,nan,2503.502,47733,1194996580.0,72667,2515.0,19,2514.0,100,2516.0,9,2513.0,252,2517.0,260,2512.0,5,2518.0,49,2511.0,12,2519.0,35,2510.0,51
1597988564630304000,1597988564935000064,2020-08-21 13:42:44.935000,2514.0,2541.0,2457.0,2494.0,nan,2503.502,47733,1194996580.0,72667,2515.0,20,2514.0,100,2516.0,8,2513.0,252,2517.0,260,2512.0,5,2518.0,49,2511.0,12,2519.0,35,2510.0,51
1597988568119662080,1597988568436999936,2020-08-21 13:42:48.437000,2515.0,2541.0,2457.0,2494.0,nan,2503.502,47734,1195021730.0,72667,2515.0,19,2514.0,100,2516.0,8,2513.0,252,2517.0,260,2512.0,5,2518.0,49,2511.0,12,2519.0,37,2510.0,51
1597988570122225920,1597988570428999936,2020-08-21 13:42:50.429000,2515.0,2541.0,2457.0,2494.0,nan,2503.502,47734,1195021730.0,72667,2515.0,19,2514.0,100,2516.0,8,2513.0,272,2517.0,280,2512.0,5,2518.0,49,2511.0,12,2519.0,37,2510.0,51
1597988574604706048,1597988574927000064,2020-08-21 13:42:54.927000,2515.0,2541.0,2457.0,2494.0,nan,2503.502,47735,1195046880.0,72667,2515.0,18,2514.0,100,2516.0,8,2513.0,272,2517.0,280,2512.0,5,2518.0,49,2511.0,12,2519.0,37,2510.0,51
1597988576116679936,1597988576433000192,2020-08-21 13:42:56.433000,2515.0,2541.0,2457.0,2494.0,nan,2503.502,47735,1195046880.0,72667,2515.0,18,2514.0,100,2516.0,9,2513.0,272,2517.0,280,2512.0,5,2518.0,49,2511.0,12,2519.0,37,2510.0,51
1597988577129152000,1597988577428000000,2020-08-21 13:42:57.428000,2514.0,2541.0,2457.0,2494.0,nan,2503.503,47736,1195072020.0,72667,2515.0,18,2514.0,99,2516.0,9,2513.0,272,2517.0,280,2512.0,5,2518.0,49,2511.0,12,2519.0,37,2510.0,51
1597988578119746048,1597988578438999808,2020-08-21 13:42:58.439000,2514.0,2541.0,2457.0,2494.0,nan,2503.503,47736,1195072020.0,72667,2515.0,18,2514.0,99,2516.0,9,2513.0,252,2517.0,280,2512.0,5,2518.0,49,2511.0,12,2519.0,37,2510.0,51
1597988580623040000,1597988580936999936,2020-08-21 13:43:00.937000,2515.0,2541.0,2457.0,2494.0,nan,2503.507,47754,1195524720.0,72675,2516.0,7,2515.0,4,2517.0,203,2514.0,97,2518.0,49,2513.0,173,2519.0,18,2512.0,5,2520.0,262,2511.0,12
1597988581110337024,1597988581411000064,2020-08-21 13:43:01.411000,2515.0,2541.0,2457.0,2494.0,nan,2503.507,47754,1195524720.0,72675,2516.0,7,2515.0,4,2517.0,183,2514.0,116,2518.0,69,2513.0,153,2519.0,18,2512.0,5,2520.0,262,2511.0,12
1597988581627326976,1597988581927000064,2020-08-21 13:43:01.927000,2515.0,2541.0,2457.0,2494.0,nan,2503.507,47754,1195524720.0,72675,2516.0,8,2515.0,4,2517.0,223,2514.0,118,2518.0,69,2513.0,192,2519.0,18,2512.0,5,2520.0,281,2511.0,31
1597988582692039936,1597988582932000000,2020-08-21 13:43:02.932000,2515.0,2541.0,2457.0,2494.0,nan,2503.507,47754,1195524720.0,72675,2516.0,10,2515.0,6,2517.0,262,2514.0,118,2518.0,69,2513.0,231,2519.0,18,2512.0,5,2520.0,281,2511.0,31
1597988583146226944,1597988583432000000,2020-08-21 13:43:03.432000,2515.0,2541.0,2457.0,2494.0,nan,2503.507,47754,1195524720.0,72675,2516.0,11,2515.0,7,2517.0,262,2514.0,118,2518.0,69,2513.0,231,2519.0,18,2512.0,5,2520.0,281,2511.0,31
1597988584123459072,1597988584437999872,2020-08-21 13:43:04.438000,2515.0,2541.0,2457.0,2494.0,nan,2503.507,47754,1195524720.0,72675,2516.0,12,2515.0,7,2517.0,262,2514.0,118,2518.0,69,2513.0,231,2519.0,18,2512.0,5,2520.0,281,2511.0,31
1597988585638595072,1597988585908000000,2020-08-21 13:43:05.908000,2515.0,2541.0,2457.0,2494.0,nan,2503.507,47754,1195524720.0,72675,2516.0,11,2515.0,7,2517.0,262,2514.0,118,2518.0,69,2513.0,231,2519.0,18,2512.0,5,2520.0,281,2511.0,31
1597988591137730048,1597988591432000000,2020-08-21 13:43:11.432000,2515.0,2541.0,2457.0,2494.0,nan,2503.507,47754,1195524720.0,72675,2516.0,11,2515.0,7,2517.0,262,2514.0,118,2518.0,69,2513.0,231,2519.0,16,2512.0,5,2520.0,281,2511.0,31
1597988595137460992,1597988595428000000,2020-08-21 13:43:15.428000,2515.0,2541.0,2457.0,2494.0,nan,2503.509,47761,1195700770.0,72672,2515.0,2,2514.0,116,2516.0,8,2513.0,154,2517.0,184,2512.0,5,2518.0,69,2511.0,12,2519.0,16,2510.0,32
1597988595634269952,1597988596000000000,2020-08-21 13:43:16.000000,2515.0,2541.0,2457.0,2494.0,nan,2503.509,47761,1195700770.0,72672,2515.0,2,2514.0,96,2516.0,8,2513.0,151,2517.0,181,2512.0,5,2518.0,49,2511.0,12,2519.0,16,2510.0,32
1597988596140268032,1597988596436999936,2020-08-21 13:43:16.437000,2515.0,2541.0,2457.0,2494.0,nan,2503.509,47761,1195700770.0,72672,2515.0,2,2514.0,120,2516.0,10,2513.0,191,2517.0,220,2512.0,5,2518.0,72,2511.0,12,2519.0,35,2510.0,51
1597988597151548928,1597988597434000128,2020-08-21 13:43:17.434000,2515.0,2541.0,2457.0,2494.0,nan,2503.509,47761,1195700770.0,72672,2515.0,4,2514.0,122,2516.0,10,2513.0,229,2517.0,258,2512.0,5,2518.0,72,2511.0,12,2519.0,35,2510.0,51
1597988597656911104,1597988598000000000,2020-08-21 13:43:18.000000,2515.0,2541.0,2457.0,2494.0,nan,2503.51,47766,1195826520.0,72674,2516.0,7,2515.0,2,2517.0,181,2514.0,120,2518.0,72,2513.0,151,2519.0,16,2512.0,5,2520.0,262,2511.0,12
1597988598122199040,1597988598423000064,2020-08-21 13:43:18.423000,2515.0,2541.0,2457.0,2494.0,nan,2503.51,47766,1195826520.0,72674,2516.0,8,2515.0,2,2517.0,161,2514.0,116,2518.0,69,2513.0,131,2519.0,16,2512.0,5,2520.0,262,2511.0,12
1597988598616859904,1597988598928000000,2020-08-21 13:43:18.928000,2515.0,2541.0,2457.0,2494.0,nan,2503.51,47766,1195826520.0,72674,2516.0,9,2515.0,2,2517.0,224,2514.0,118,2518.0,69,2513.0,193,2519.0,16,2512.0,5,2520.0,281,2511.0,31
1597988599610091008,1597988599933000192,2020-08-21 13:43:19.933000,2515.0,2541.0,2457.0,2494.0,nan,2503.51,47766,1195826520.0,72674,2516.0,11,2515.0,4,2517.0,262,2514.0,118,2518.0,69,2513.0,231,2519.0,16,2512.0,5,2520.0,281,2511.0,31
1597988600118086912,1597988600435000064,2020-08-21 13:43:20.435000,2515.0,2541.0,2457.0,2494.0,nan,2503.51,47766,1195826520.0,72674,2516.0,12,2515.0,5,2517.0,262,2514.0,118,2518.0,69,2513.0,231,2519.0,16,2512.0,5,2520.0,281,2511.0,31
1597988600608066048,1597988600936999936,2020-08-21 13:43:20.937000,2515.0,2541.0,2457.0,2494.0,nan,2503.511,47771,1195952270.0,72671,2516.0,12,2514.0,118,2517.0,262,2513.0,231,2518.0,69,2512.0,5,2519.0,16,2511.0,31,2520.0,281,2510.0,32
1597988601126813952,1597988601432000000,2020-08-21 13:43:21.432000,2515.0,2541.0,2457.0,2494.0,nan,2503.511,47771,1195952270.0,72671,2515.0,2,2514.0,116,2516.0,9,2513.0,154,2517.0,184,2512.0,5,2518.0,69,2511.0,12,2519.0,16,2510.0,32
1597988601629244928,1597988602000000000,2020-08-21 13:43:22.000000,2515.0,2541.0,2457.0,2494.0,nan,2503.511,47771,1195952270.0,72671,2515.0,2,2514.0,96,2516.0,9,2513.0,151,2517.0,181,2512.0,5,2518.0,49,2511.0,12,2519.0,16,2510.0,32
1597988602115755008,1597988602408000000,2020-08-21 13:43:22.408000,2515.0,2541.0,2457.0,2494.0,nan,2503.511,47771,1195952270.0,72671,2515.0,2,2514.0,120,2516.0,11,2513.0,191,2517.0,220,2512.0,5,2518.0,72,2511.0,12,2519.0,35,2510.0,51
1597988603109253888,1597988603435000064,2020-08-21 13:43:23.435000,2515.0,2541.0,2457.0,2494.0,nan,2503.511,47771,1195952270.0,72671,2515.0,4,2514.0,122,2516.0,11,2513.0,229,2517.0,258,2512.0,5,2518.0,72,2511.0,12,2519.0,35,2510.0,51
1597988603620728064,1597988603930000128,2020-08-21 13:43:23.930000,2515.0,2541.0,2457.0,2494.0,nan,2503.511,47771,1195952270.0,72671,2515.0,5,2514.0,123,2516.0,10,2513.0,229,2517.0,258,2512.0,5,2518.0,72,2511.0,12,2519.0,35,2510.0,51
1597988605628018944,1597988605923000064,2020-08-21 13:43:25.923000,2515.0,2541.0,2457.0,2494.0,nan,2503.511,47771,1195952270.0,72671,2515.0,5,2514.0,124,2516.0,10,2513.0,229,2517.0,258,2512.0,5,2518.0,72,2511.0,13,2519.0,35,2510.0,51
1597988606150457088,1597988606436999936,2020-08-21 13:43:26.437000,2515.0,2541.0,2457.0,2494.0,nan,2503.512,47776,1196078020.0,72669,2516.0,8,2515.0,2,2517.0,181,2514.0,121,2518.0,72,2513.0,151,2519.0,16,2512.0,5,2520.0,262,2511.0,13
1597988606610608128,1597988606938999808,2020-08-21 13:43:26.939000,2515.0,2541.0,2457.0,2494.0,nan,2503.513,47779,1196153470.0,72666,2515.0,7,2514.0,116,2516.0,8,2513.0,131,2517.0,161,2512.0,5,2518.0,69,2511.0,13,2519.0,16,2510.0,32
1597988607137256960,1597988607428999936,2020-08-21 13:43:27.429000,2515.0,2541.0,2457.0,2494.0,nan,2503.513,47779,1196153470.0,72666,2515.0,7,2514.0,97,2516.0,10,2513.0,214,2517.0,243,2512.0,5,2518.0,49,2511.0,13,2519.0,35,2510.0,51
1597988607612928000,1597988607935000064,2020-08-21 13:43:27.935000,2514.0,2541.0,2457.0,2494.0,nan,2503.518,47803,1196756830.0,72690,2515.0,9,2514.0,74,2516.0,9,2513.0,214,2517.0,243,2512.0,5,2518.0,49,2511.0,13,2519.0,35,2510.0,51
1597988608122734080,1597988608414000128,2020-08-21 13:43:28.414000,2514.0,2541.0,2457.0,2494.0,nan,2503.535,47879,1198667470.0,72735,2514.0,16,2513.0,173,2515.0,8,2512.0,5,2516.0,7,2511.0,13,2517.0,203,2510.0,32,2518.0,29,2509.0,4
1597988608631195904,1597988608931000064,2020-08-21 13:43:28.931000,2514.0,2541.0,2457.0,2494.0,nan,2503.535,47879,1198667470.0,72735,2514.0,16,2513.0,7,2515.0,7,2512.0,45,2516.0,47,2511.0,13,2517.0,40,2510.0,32,2518.0,29,2509.0,4
1597988609130147072,1597988609418999808,2020-08-21 13:43:29.419000,2514.0,2541.0,2457.0,2494.0,nan,2503.535,47879,1198667470.0,72735,2514.0,18,2513.0,7,2515.0,50,2512.0,71,2516.0,70,2511.0,53,2517.0,40,2510.0,34,2518.0,48,2509.0,23
1597988609627673088,1597988609928999936,2020-08-21 13:43:29.929000,2514.0,2541.0,2457.0,2494.0,nan,2503.536,47884,1198793170.0,72735,2514.0,13,2513.0,7,2515.0,50,2512.0,66,2516.0,67,2511.0,53,2517.0,40,2510.0,34,2518.0,48,2509.0,23
1597988610113654016,1597988610436999936,2020-08-21 13:43:30.437000,2514.0,2541.0,2457.0,2494.0,nan,2503.536,47884,1198793170.0,72735,2514.0,17,2513.0,12,2515.0,128,2512.0,71,2516.0,70,2511.0,130,2517.0,40,2510.0,34,2518.0,48,2509.0,23
1597988610623975936,1597988611000000000,2020-08-21 13:43:31.000000,2514.0,2541.0,2457.0,2494.0,nan,2503.536,47884,1198793170.0,72735,2514.0,17,2513.0,12,2515.0,168,2512.0,48,2516.0,48,2511.0,170,2517.0,40,2510.0,34,2518.0,48,2509.0,23
1597988611126374912,1597988611417999872,2020-08-21 13:43:31.418000,2514.0,2541.0,2457.0,2494.0,nan,2503.536,47884,1198793170.0,72735,2514.0,17,2513.0,12,2515.0,191,2512.0,48,2516.0,48,2511.0,193,2517.0,40,2510.0,34,2518.0,48,2509.0,23
1597988611621483008,1597988612000000000,2020-08-21 13:43:32.000000,2514.0,2541.0,2457.0,2494.0,nan,2503.536,47884,1198793170.0,72735,2514.0,17,2513.0,12,2515.0,191,2512.0,68,2516.0,68,2511.0,193,2517.0,40,2510.0,34,2518.0,48,2509.0,23
1597988613140018944,1597988613437999872,2020-08-21 13:43:33.438000,2513.0,2541.0,2457.0,2494.0,nan,2503.536,47885,1198818300.0,72734,2514.0,17,2513.0,14,2515.0,191,2512.0,68,2516.0,68,2511.0,193,2517.0,40,2510.0,34,2518.0,48,2509.0,23
1597988613650816000,1597988614000000000,2020-08-21 13:43:34.000000,2513.0,2541.0,2457.0,2494.0,nan,2503.536,47885,1198818300.0,72734,2514.0,17,2513.0,19,2515.0,191,2512.0,68,2516.0,68,2511.0,193,2517.0,40,2510.0,34,2518.0,48,2509.0,23
1597988614129988096,1597988614426000128,2020-08-21 13:43:34.426000,2513.0,2541.0,2457.0,2494.0,nan,2503.536,47885,1198818300.0,72734,2514.0,16,2513.0,21,2515.0,75,2512.0,183,2516.0,185,2511.0,76,2517.0,40,2510.0,34,2518.0,48,2509.0,23
1597988614619802112,1597988614844000000,2020-08-21 13:43:34.844000,2513.0,2541.0,2457.0,2494.0,nan,2503.536,47885,1198818300.0,72734,2514.0,16,2513.0,21,2515.0,32,2512.0,223,2516.0,225,2511.0,33,2517.0,40,2510.0,34,2518.0,48,2509.0,23
1597988615129191936,1597988615423000064,2020-08-21 13:43:35.423000,2513.0,2541.0,2457.0,2494.0,nan,2503.536,47885,1198818300.0,72734,2514.0,16,2513.0,21,2515.0,12,2512.0,266,2516.0,268,2511.0,13,2517.0,40,2510.0,34,2518.0,48,2509.0,23
1597988616648310016,1597988617000000000,2020-08-21 13:43:37.000000,2514.0,2541.0,2457.0,2494.0,nan,2503.54,47901,1199220540.0,72721,2515.0,10,2514.0,4,2516.0,191,2513.0,18,2517.0,40,2512.0,188,2518.0,29,2511.0,13,2519.0,16,2510.0,34
1597988617133181952,1597988617436999936,2020-08-21 13:43:37.437000,2514.0,2541.0,2457.0,2494.0,nan,2503.54,47901,1199220540.0,72721,2515.0,9,2514.0,4,2516.0,172,2513.0,35,2517.0,60,2512.0,168,2518.0,29,2511.0,13,2519.0,16,2510.0,34
1597988617718429952,1597988617926000128,2020-08-21 13:43:37.926000,2514.0,2541.0,2457.0,2494.0,nan,2503.54,47901,1199220540.0,72721,2515.0,12,2514.0,13,2516.0,212,2513.0,34,2517.0,60,2512.0,207,2518.0,29,2511.0,13,2519.0,35,2510.0,53
1597988618121399040,1597988618381999872,2020-08-21 13:43:38.382000,2514.0,2541.0,2457.0,2494.0,nan,2503.54,47901,1199220540.0,72721,2515.0,11,2514.0,14,2516.0,134,2513.0,92,2517.0,119,2512.0,128,2518.0,29,2511.0,13,2519.0,35,2510.0,53
1597988618643981056,1597988618912000000,2020-08-21 13:43:38.912000,2514.0,2541.0,2457.0,2494.0,nan,2503.54,47903,1199270820.0,72719,2515.0,12,2514.0,15,2516.0,114,2513.0,170,2517.0,197,2512.0,108,2518.0,29,2511.0,13,2519.0,35,2510.0,53
1597988619148256000,1597988619435000064,2020-08-21 13:43:39.435000,2514.0,2541.0,2457.0,2494.0,nan,2503.54,47903,1199270820.0,72719,2515.0,12,2514.0,15,2516.0,71,2513.0,192,2517.0,217,2512.0,65,2518.0,29,2511.0,13,2519.0,35,2510.0,53
1597988620027909888,1597988619932000000,2020-08-21 13:43:39.932000,2514.0,2541.0,2457.0,2494.0,nan,2503.54,47903,1199270820.0,72719,2515.0,12,2514.0,15,2516.0,71,2513.0,215,2517.0,240,2512.0,65,2518.0,29,2511.0,13,2519.0,35,2510.0,53
1597988620135493888,1597988620438999808,2020-08-21 13:43:40.439000,2514.0,2541.0,2457.0,2494.0,nan,2503.54,47903,1199270820.0,72719,2515.0,222,2514.0,15,2516.0,71,2513.0,215,2517.0,240,2512.0,65,2518.0,29,2511.0,13,2519.0,35,2510.0,53
1597988620623881984,1597988621000000000,2020-08-21 13:43:41.000000,2514.0,2541.0,2457.0,2494.0,nan,2503.543,47918,1199647920.0,72731,2514.0,8,2513.0,34,2515.0,221,2512.0,125,2516.0,128,2511.0,13,2517.0,60,2510.0,34,2518.0,29,2509.0,4
1597988621113853952,1597988621431000064,2020-08-21 13:43:41.431000,2514.0,2541.0,2457.0,2494.0,nan,2503.543,47918,1199647920.0,72731,2514.0,11,2513.0,14,2515.0,48,2512.0,125,2516.0,128,2511.0,56,2517.0,40,2510.0,34,2518.0,29,2509.0,4
1597988621612368896,1597988621904999936,2020-08-21 13:43:41.905000,2514.0,2541.0,2457.0,2494.0,nan,2503.543,47918,1199647920.0,72731,2514.0,11,2513.0,13,2515.0,24,2512.0,127,2516.0,128,2511.0,33,2517.0,40,2510.0,34,2518.0,48,2509.0,23
1597988622140151040,1597988622424999936,2020-08-21 13:43:42.425000,2514.0,2541.0,2457.0,2494.0,nan,2503.543,47918,1199647920.0,72731,2514.0,14,2513.0,13,2515.0,24,2512.0,170,2516.0,171,2511.0,33,2517.0,40,2510.0,34,2518.0,48,2509.0,23
1597988622609839104,1597988623000000000,2020-08-21 13:43:43.000000,2514.0,2541.0,2457.0,2494.0,nan,2503.543,47918,1199647920.0,72731,2514.0,18,2513.0,16,2515.0,161,2512.0,111,2516.0,111,2511.0,170,2517.0,40,2510.0,34,2518.0,48,2509.0,23
1597988623146705920,1597988623404999936,2020-08-21 13:43:43.405000,2514.0,2541.0,2457.0,2494.0,nan,2503.543,47918,1199647920.0,72731,2514.0,18,2513.0,16,2515.0,201,2512.0,48,2516.0,48,2511.0,210,2517.0,40,2510.0,34,2518.0,48,2509.0,23
1597988623620052992,1597988624000000000,2020-08-21 13:43:44.000000,2514.0,2541.0,2457.0,2494.0,nan,2503.543,47918,1199647920.0,72731,2514.0,18,2513.0,16,2515.0,224,2512.0,48,2516.0,48,2511.0,233,2517.0,40,2510.0,34,2518.0,48,2509.0,23
1597988624131479040,1597988624427000064,2020-08-21 13:43:44.427000,2514.0,2541.0,2457.0,2494.0,nan,2503.543,47918,1199647920.0,72731,2514.0,21,2513.0,16,2515.0,224,2512.0,48,2516.0,48,2511.0,233,2517.0,40,2510.0,34,2518.0,48,2509.0,23
1597988624634824960,1597988625000000000,2020-08-21 13:43:45.000000,2514.0,2541.0,2457.0,2494.0,nan,2503.543,47918,1199647920.0,72731,2514.0,22,2513.0,14,2515.0,223,2512.0,48,2516.0,48,2511.0,233,2517.0,40,2510.0,34,2518.0,48,2509.0,23
1597988625137593088,1597988625427000064,2020-08-21 13:43:45.427000,2513.0,2541.0,2457.0,2494.0,nan,2503.545,47926,1199848970.0,72730,2514.0,21,2513.0,7,2515.0,223,2512.0,50,2516.0,48,2511.0,233,2517.0,40,2510.0,34,2518.0,48,2509.0,23
1597988625641643008,1597988626000000000,2020-08-21 13:43:46.000000,2513.0,2541.0,2457.0,2494.0,nan,2503.545,47926,1199848970.0,72730,2514.0,21,2513.0,7,2515.0,226,2512.0,50,2516.0,48,2511.0,233,2517.0,40,2510.0,34,2518.0,48,2509.0,23
1597988631121765888,1597988631376000000,2020-08-21 13:43:51.376000,2513.0,2541.0,2457.0,2494.0,nan,2503.545,47926,1199848970.0,72730,2514.0,21,2513.0,12,2515.0,226,2512.0,50,2516.0,48,2511.0,233,2517.0,40,2510.0,34,2518.0,48,2509.0,23
1597988632638658048,1597988633000000000,2020-08-21 13:43:53.000000,2513.0,2541.0,2457.0,2494.0,nan,2503.545,47926,1199848970.0,72730,2514.0,21,2513.0,12,2515.0,226,2512.0,50,2516.0,48,2511.0,233,2517.0,34,2510.0,34,2518.0,48,2509.0,23
1597988639130139904,1597988639434000128,2020-08-21 13:43:59.434000,2513.0,2541.0,2457.0,2494.0,nan,2503.545,47926,1199848970.0,72730,2514.0,217,2513.0,12,2515.0,226,2512.0,50,2516.0,48,2511.0,233,2517.0,34,2510.0,34,2518.0,48,2509.0,23
1597988639622210048,1597988640000000000,2020-08-21 13:44:00.000000,2513.0,2541.0,2457.0,2494.0,nan,2503.547,47938,1200150530.0,72741,2513.0,2,2512.0,46,2514.0,232,2511.0,113,2515.0,105,2510.0,54,2516.0,48,2509.0,4,2517.0,34,2508.0,7
1597988640107435008,1597988640388999936,2020-08-21 13:44:00.389000,2513.0,2541.0,2457.0,2494.0,nan,2503.547,47938,1200150530.0,72741,2513.0,3,2512.0,6,2514.0,79,2511.0,111,2515.0,105,2510.0,97,2516.0,8,2509.0,6,2517.0,34,2508.0,7
1597988640625848064,1597988641000000000,2020-08-21 13:44:01.000000,2513.0,2541.0,2457.0,2494.0,nan,2503.547,47938,1200150530.0,72741,2513.0,10,2512.0,6,2514.0,36,2511.0,172,2515.0,162,2510.0,74,2516.0,8,2509.0,6,2517.0,53,2508.0,26
1597988641109155072,1597988641434000128,2020-08-21 13:44:01.434000,2513.0,2541.0,2457.0,2494.0,nan,2503.547,47938,1200150530.0,72741,2513.0,11,2512.0,3,2514.0,91,2511.0,137,2515.0,126,2510.0,113,2516.0,8,2509.0,6,2517.0,53,2508.0,26
1597988641620400896,1597988642000000000,2020-08-21 13:44:02.000000,2513.0,2541.0,2457.0,2494.0,nan,2503.547,47938,1200150530.0,72741,2513.0,16,2512.0,6,2514.0,169,2511.0,119,2515.0,106,2510.0,191,2516.0,8,2509.0,6,2517.0,53,2508.0,26
1597988642124139008,1597988642408000000,2020-08-21 13:44:02.408000,2513.0,2541.0,2457.0,2494.0,nan,2503.547,47938,1200150530.0,72741,2513.0,17,2512.0,6,2514.0,189,2511.0,76,2515.0,63,2510.0,211,2516.0,8,2509.0,6,2517.0,53,2508.0,26
1597988642629344000,1597988643000000000,2020-08-21 13:44:03.000000,2513.0,2541.0,2457.0,2494.0,nan,2503.547,47938,1200150530.0,72741,2513.0,17,2512.0,6,2514.0,212,2511.0,76,2515.0,63,2510.0,234,2516.0,8,2509.0,6,2517.0,53,2508.0,26
1597988644620214016,1597988645000000000,2020-08-21 13:44:05.000000,2512.0,2541.0,2457.0,2494.0,nan,2503.548,47939,1200175650.0,72740,2513.0,17,2512.0,5,2514.0,212,2511.0,76,2515.0,63,2510.0,234,2516.0,8,2509.0,6,2517.0,53,2508.0,26
1597988645623428096,1597988646000000000,2020-08-21 13:44:06.000000,2513.0,2541.0,2457.0,2494.0,nan,2503.548,47940,1200200780.0,72740,2513.0,16,2512.0,5,2514.0,212,2511.0,76,2515.0,63,2510.0,234,2516.0,8,2509.0,6,2517.0,53,2508.0,26
1597988649611591936,1597988650000000000,2020-08-21 13:44:10.000000,2513.0,2541.0,2457.0,2494.0,nan,2503.548,47940,1200200780.0,72740,2513.0,16,2512.0,10,2514.0,212,2511.0,76,2515.0,63,2510.0,234,2516.0,8,2509.0,6,2517.0,53,2508.0,26
1597988650113743872,1597988650423000064,2020-08-21 13:44:10.423000,2513.0,2541.0,2457.0,2494.0,nan,2503.548,47940,1200200780.0,72740,2513.0,15,2512.0,10,2514.0,212,2511.0,76,2515.0,63,2510.0,234,2516.0,8,2509.0,6,2517.0,53,2508.0,26
1597988650611955968,1597988651000000000,2020-08-21 13:44:11.000000,2513.0,2541.0,2457.0,2494.0,nan,2503.548,47940,1200200780.0,72740,2513.0,15,2512.0,10,2514.0,232,2511.0,54,2515.0,43,2510.0,254,2516.0,8,2509.0,6,2517.0,53,2508.0,26
1597988651140412928,1597988651421999872,2020-08-21 13:44:11.422000,2513.0,2541.0,2457.0,2494.0,nan,2503.548,47940,1200200780.0,72740,2513.0,15,2512.0,12,2514.0,232,2511.0,54,2515.0,43,2510.0,254,2516.0,8,2509.0,6,2517.0,53,2508.0,26
1597988651647838976,1597988652000000000,2020-08-21 13:44:12.000000,2513.0,2541.0,2457.0,2494.0,nan,2503.548,47940,1200200780.0,72740,2513.0,16,2512.0,12,2514.0,232,2511.0,54,2515.0,43,2510.0,254,2516.0,8,2509.0,6,2517.0,53,2508.0,26
1597988652608232960,1597988653000000000,2020-08-21 13:44:13.000000,2513.0,2541.0,2457.0,2494.0,nan,2503.548,47940,1200200780.0,72740,2513.0,16,2512.0,12,2514.0,232,2511.0,54,2515.0,43,2510.0,249,2516.0,8,2509.0,6,2517.0,53,2508.0,26
1597988653620135936,1597988654000000000,2020-08-21 13:44:14.000000,2513.0,2541.0,2457.0,2494.0,nan,2503.548,47940,1200200780.0,72740,2513.0,15,2512.0,12,2514.0,232,2511.0,54,2515.0,43,2510.0,249,2516.0,8,2509.0,6,2517.0,53,2508.0,26
1597988657113719040,1597988657437999872,2020-08-21 13:44:17.438000,2513.0,2541.0,2457.0,2494.0,nan,2503.548,47940,1200200780.0,72740,2513.0,15,2512.0,12,2514.0,232,2511.0,54,2515.0,43,2510.0,249,2516.0,8,2509.0,6,2517.0,53,2508.0,21
1597988660123000064,1597988660434000128,2020-08-21 13:44:20.434000,2513.0,2541.0,2457.0,2494.0,nan,2503.548,47940,1200200780.0,72740,2513.0,17,2512.0,12,2514.0,232,2511.0,54,2515.0,43,2510.0,249,2516.0,8,2509.0,6,2517.0,53,2508.0,21
1597988660620058112,1597988661000000000,2020-08-21 13:44:21.000000,2513.0,2541.0,2457.0,2494.0,nan,2503.551,47957,1200627990.0,72729,2514.0,154,2513.0,37,2515.0,43,2512.0,10,2516.0,8,2511.0,52,2517.0,34,2510.0,172,2518.0,29,2509.0,6
1597988661113412096,1597988661413000192,2020-08-21 13:44:21.413000,2513.0,2541.0,2457.0,2494.0,nan,2503.551,47957,1200627990.0,72729,2514.0,229,2513.0,38,2515.0,83,2512.0,29,2516.0,28,2511.0,93,2517.0,34,2510.0,49,2518.0,29,2509.0,6
1597988661606761984,1597988662000000000,2020-08-21 13:44:22.000000,2513.0,2541.0,2457.0,2494.0,nan,2503.551,47957,1200627990.0,72729,2514.0,229,2513.0,38,2515.0,147,2512.0,30,2516.0,28,2511.0,156,2517.0,34,2510.0,49,2518.0,48,2509.0,25
1597988662281613056,1597988662435000064,2020-08-21 13:44:22.435000,2513.0,2541.0,2457.0,2494.0,nan,2503.551,47959,1200678250.0,72727,2514.0,229,2513.0,36,2515.0,147,2512.0,30,2516.0,28,2511.0,156,2517.0,34,2510.0,49,2518.0,48,2509.0,25
1597988662625628928,1597988663000000000,2020-08-21 13:44:23.000000,2513.0,2541.0,2457.0,2494.0,nan,2503.551,47959,1200678250.0,72727,2514.0,233,2513.0,39,2515.0,224,2512.0,31,2516.0,28,2511.0,233,2517.0,34,2510.0,49,2518.0,48,2509.0,25
1597988663123726080,1597988663438999808,2020-08-21 13:44:23.439000,2513.0,2541.0,2457.0,2494.0,nan,2503.551,47959,1200678250.0,72727,2514.0,213,2513.0,39,2515.0,244,2512.0,31,2516.0,28,2511.0,253,2517.0,34,2510.0,29,2518.0,48,2509.0,25
1597988663607663104,1597988664000000000,2020-08-21 13:44:24.000000,2513.0,2541.0,2457.0,2494.0,nan,2503.551,47959,1200678250.0,72727,2514.0,233,2513.0,39,2515.0,224,2512.0,31,2516.0,28,2511.0,233,2517.0,34,2510.0,49,2518.0,48,2509.0,25
1597988666645591040,1597988667000000000,2020-08-21 13:44:27.000000,2513.0,2541.0,2457.0,2494.0,nan,2503.551,47959,1200678250.0,72727,2514.0,233,2513.0,45,2515.0,226,2512.0,31,2516.0,28,2511.0,233,2517.0,34,2510.0,49,2518.0,48,2509.0,25
1597988668623798016,1597988669000000000,2020-08-21 13:44:29.000000,2513.0,2541.0,2457.0,2494.0,nan,2503.552,47960,1200703380.0,72726,2514.0,233,2513.0,44,2515.0,226,2512.0,31,2516.0,28,2511.0,233,2517.0,34,2510.0,49,2518.0,48,2509.0,25
1597988669123692032,1597988669420999936,2020-08-21 13:44:29.421000,2513.0,2541.0,2457.0,2494.0,nan,2503.56,48004,1201809100.0,72735,2513.0,3,2512.0,29,2514.0,229,2511.0,156,2515.0,148,2510.0,49,2516.0,28,2509.0,6,2517.0,34,2508.0,2
1597988669636216064,1597988670000000000,2020-08-21 13:44:30.000000,2513.0,2541.0,2457.0,2494.0,nan,2503.56,48004,1201809100.0,72735,2513.0,3,2512.0,9,2514.0,52,2511.0,113,2515.0,105,2510.0,69,2516.0,8,2509.0,6,2517.0,34,2508.0,2
1597988670118778880,1597988670390000128,2020-08-21 13:44:30.390000,2513.0,2541.0,2457.0,2494.0,nan,2503.56,48004,1201809100.0,72735,2513.0,3,2512.0,10,2514.0,34,2511.0,176,2515.0,167,2510.0,69,2516.0,8,2509.0,6,2517.0,53,2508.0,21
1597988670614176000,1597988671000000000,2020-08-21 13:44:31.000000,2513.0,2541.0,2457.0,2494.0,nan,2503.56,48004,1201809100.0,72735,2513.0,3,2512.0,10,2514.0,35,2511.0,197,2515.0,187,2510.0,49,2516.0,8,2509.0,6,2517.0,53,2508.0,21
1597988671125707008,1597988671421999872,2020-08-21 13:44:31.422000,2513.0,2541.0,2457.0,2494.0,nan,2503.56,48004,1201809100.0,72735,2513.0,5,2512.0,12,2514.0,35,2511.0,235,2515.0,225,2510.0,49,2516.0,8,2509.0,6,2517.0,53,2508.0,21
1597988671612215040,1597988672000000000,2020-08-21 13:44:32.000000,2513.0,2541.0,2457.0,2494.0,nan,2503.56,48004,1201809100.0,72735,2513.0,6,2512.0,16,2514.0,35,2511.0,255,2515.0,245,2510.0,49,2516.0,8,2509.0,6,2517.0,53,2508.0,21
1597988672124738048,1597988672433000192,2020-08-21 13:44:32.433000,2513.0,2541.0,2457.0,2494.0,nan,2503.56,48004,1201809100.0,72735,2513.0,9,2512.0,16,2514.0,35,2511.0,255,2515.0,245,2510.0,49,2516.0,8,2509.0,6,2517.0,53,2508.0,21
1597988673111055872,1597988673420000000,2020-08-21 13:44:33.420000,2513.0,2541.0,2457.0,2494.0,nan,2503.56,48004,1201809100.0,72735,2513.0,19,2512.0,16,2514.0,35,2511.0,255,2515.0,245,2510.0,49,2516.0,8,2509.0,6,2517.0,53,2508.0,21
1597988673624128000,1597988674000000000,2020-08-21 13:44:34.000000,2513.0,2541.0,2457.0,2494.0,nan,2503.56,48004,1201809100.0,72735,2513.0,20,2512.0,15,2514.0,149,2511.0,139,2515.0,128,2510.0,166,2516.0,8,2509.0,6,2517.0,53,2508.0,21
1597988674132268032,1597988674438999808,2020-08-21 13:44:34.439000,2513.0,2541.0,2457.0,2494.0,nan,2503.56,48004,1201809100.0,72735,2513.0,22,2512.0,15,2514.0,169,2511.0,96,2515.0,85,2510.0,186,2516.0,8,2509.0,6,2517.0,53,2508.0,21
1597988674622349056,1597988675000000000,2020-08-21 13:44:35.000000,2513.0,2541.0,2457.0,2494.0,nan,2503.56,48004,1201809100.0,72735,2513.0,22,2512.0,12,2514.0,212,2511.0,76,2515.0,65,2510.0,229,2516.0,8,2509.0,6,2517.0,53,2508.0,21
1597988677106512896,1597988677438999808,2020-08-21 13:44:37.439000,2513.0,2541.0,2457.0,2494.0,nan,2503.563,48016,1202110660.0,72739,2513.0,9,2512.0,10,2514.0,133,2511.0,73,2515.0,65,2510.0,152,2516.0,8,2509.0,6,2517.0,34,2508.0,2
1597988677621292032,1597988678000000000,2020-08-21 13:44:38.000000,2513.0,2541.0,2457.0,2494.0,nan,2503.563,48016,1202110660.0,72739,2513.0,9,2512.0,13,2514.0,73,2511.0,113,2515.0,105,2510.0,92,2516.0,8,2509.0,6,2517.0,34,2508.0,2
1597988678120753920,1597988678430000128,2020-08-21 13:44:38.430000,2513.0,2541.0,2457.0,2494.0,nan,2503.563,48016,1202110660.0,72739,2513.0,7,2512.0,14,2514.0,32,2511.0,153,2515.0,144,2510.0,69,2516.0,8,2509.0,6,2517.0,53,2508.0,21
1597988678620892928,1597988679000000000,2020-08-21 13:44:39.000000,2513.0,2541.0,2457.0,2494.0,nan,2503.563,48016,1202110660.0,72739,2513.0,7,2512.0,14,2514.0,34,2511.0,196,2515.0,187,2510.0,49,2516.0,8,2509.0,6,2517.0,53,2508.0,21
1597988679145435904,1597988679434000128,2020-08-21 13:44:39.434000,2513.0,2541.0,2457.0,2494.0,nan,2503.563,48016,1202110660.0,72739,2513.0,9,2512.0,16,2514.0,35,2511.0,235,2515.0,225,2510.0,49,2516.0,8,2509.0,6,2517.0,53,2508.0,21
1597988679605159936,1597988680000000000,2020-08-21 13:44:40.000000,2513.0,2541.0,2457.0,2494.0,nan,2503.563,48016,1202110660.0,72739,2513.0,10,2512.0,16,2514.0,35,2511.0,255,2515.0,245,2510.0,49,2516.0,8,2509.0,6,2517.0,53,2508.0,21
1597988683111226880,1597988683413000192,2020-08-21 13:44:43.413000,2513.0,2541.0,2457.0,2494.0,nan,2503.563,48016,1202110660.0,72739,2513.0,10,2512.0,16,2514.0,35,2511.0,255,2515.0,245,2510.0,50,2516.0,8,2509.0,6,2517.0,53,2508.0,21
1597988684123772928,1597988684437999872,2020-08-21 13:44:44.438000,2513.0,2541.0,2457.0,2494.0,nan,2503.563,48016,1202110660.0,72739,2513.0,11,2512.0,16,2514.0,35,2511.0,255,2515.0,245,2510.0,50,2516.0,8,2509.0,6,2517.0,53,2508.0,21
1597988686109575936,1597988686431000064,2020-08-21 13:44:46.431000,2513.0,2541.0,2457.0,2494.0,nan,2503.563,48016,1202110660.0,72739,2513.0,10,2512.0,16,2514.0,35,2511.0,255,2515.0,245,2510.0,50,2516.0,8,2509.0,6,2517.0,53,2508.0,21
1597988686638541056,1597988687000000000,2020-08-21 13:44:47.000000,2513.0,2541.0,2457.0,2494.0,nan,2503.563,48016,1202110660.0,72739,2513.0,10,2512.0,17,2514.0,35,2511.0,255,2515.0,245,2510.0,50,2516.0,8,2509.0,6,2517.0,53,2508.0,21
1597988689100470016,1597988689436000000,2020-08-21 13:44:49.436000,2512.0,2541.0,2457.0,2494.0,nan,2503.563,48017,1202135780.0,72738,2513.0,10,2512.0,16,2514.0,35,2511.0,255,2515.0,245,2510.0,50,2516.0,8,2509.0,6,2517.0,53,2508.0,21
1597988690125905920,1597988690436999936,2020-08-21 13:44:50.437000,2512.0,2541.0,2457.0,2494.0,nan,2503.563,48017,1202135780.0,72738,2513.0,10,2512.0,16,2514.0,15,2511.0,275,2515.0,265,2510.0,30,2516.0,8,2509.0,6,2517.0,53,2508.0,21
1597988691708325888,1597988692000000000,2020-08-21 13:44:52.000000,2512.0,2541.0,2457.0,2494.0,nan,2503.563,48017,1202135780.0,72738,2513.0,10,2512.0,13,2514.0,15,2511.0,275,2515.0,265,2510.0,30,2516.0,8,2509.0,6,2517.0,53,2508.0,21
1597988696625785088,1597988697000000000,2020-08-21 13:44:57.000000,2513.0,2541.0,2457.0,2494.0,nan,2503.565,48027,1202387080.0,72738,2514.0,13,2513.0,2,2515.0,188,2512.0,10,2516.0,8,2511.0,197,2517.0,34,2510.0,30,2518.0,29,2509.0,6
1597988697125976064,1597988697436999936,2020-08-21 13:44:57.437000,2513.0,2541.0,2457.0,2494.0,nan,2503.565,48027,1202387080.0,72738,2514.0,168,2513.0,4,2515.0,146,2512.0,29,2516.0,28,2511.0,154,2517.0,34,2510.0,30,2518.0,29,2509.0,6
1597988697620803072,1597988698000000000,2020-08-21 13:44:58.000000,2513.0,2541.0,2457.0,2494.0,nan,2503.566,48031,1202487600.0,72738,2514.0,233,2512.0,31,2515.0,145,2511.0,153,2516.0,28,2510.0,93,2517.0,34,2509.0,25,2518.0,48,2508.0,2
1597988698113739008,1597988698437999872,2020-08-21 13:44:58.438000,2513.0,2541.0,2457.0,2494.0,nan,2503.566,48031,1202487600.0,72738,2514.0,254,2512.0,11,2515.0,144,2511.0,153,2516.0,8,2510.0,113,2517.0,53,2509.0,6,2518.0,29,2508.0,21
1597988698628226048,1597988699000000000,2020-08-21 13:44:59.000000,2513.0,2541.0,2457.0,2494.0,nan,2503.566,48031,1202487600.0,72738,2514.0,257,2512.0,13,2515.0,182,2511.0,192,2516.0,8,2510.0,113,2517.0,53,2509.0,6,2518.0,29,2508.0,21
