local_nano_time,quote_nano_time,datetime,last_price,highest,lowest,open,close,average,volume,amount,open_interest,ask_price1,ask_volume1,bid_price1,bid_volume1,ask_price2,ask_volume2,bid_price2,bid_volume2,ask_price3,ask_volume3,bid_price3,bid_volume3,ask_price4,ask_volume4,bid_price4,bid_volume4,ask_price5,ask_volume5,bid_price5,bid_volume5
1597988226634790912,1597988227220999936,2020-08-21 13:37:07.221000,1216.0,1218.0,1205.5,1211.5,nan,1213.0,28519,2075789880.0,20839,1216.5,26,1216.0,17,nan,0,nan,0,nan,0,nan,0,nan,0,nan,0,nan,0,nan,0
1597988230637146880,1597988231226000128,2020-08-21 13:37:11.226000,1216.5,1218.0,1205.5,1211.5,nan,1213.0,28520,2075862870.0,20838,1216.5,25,1216.0,17,nan,0,nan,0,nan,0,nan,0,nan,0,nan,0,nan,0,nan,0
1597988241658940928,1597988242229000192,2020-08-21 13:37:22.229000,1216.5,1218.0,1205.5,1211.5,nan,1213.0,28520,2075862870.0,20838,1216.5,25,1216.0,14,nan,0,nan,0,nan,0,nan,0,nan,0,nan,0,nan,0,nan,0
1597988244135718912,1597988244698999808,2020-08-21 13:37:24.699000,1216.0,1218.0,1205.5,1211.5,nan,1213.0,28521,2075935830.0,20838,1216.5,25,1216.0,14,nan,0,nan,0,nan,0,nan,0,nan,0,nan,0,nan,0,nan,0
1597988246173552128,1597988246687000064,2020-08-21 13:37:26.687000,1216.0,1218.0,1205.5,1211.5,nan,1213.0,28521,2075935830.0,20838,1216.5,25,1216.0,13,nan,0,nan,0,nan,0,nan,0,nan,0,nan,0,nan,0,nan,0
1597988250174609920,1597988250739000064,2020-08-21 13:37:30.739000,1216.5,1218.0,1205.5,1211.5,nan,1213.0,28522,2076008820.0,20837,1216.5,24,1216.0,17,nan,0,nan,0,nan,0,nan,0,nan,0,nan,0,nan,0,nan,0
1597988251671281920,1597988252190000128,2020-08-21 13:37:32.190000,1216.5,1218.0,1205.5,1211.5,nan,1213.0,28522,2076008820.0,20837,1216.5,24,1216.0,18,nan,0,nan,0,nan,0,nan,0,nan,0,nan,0,nan,0,nan,0
1597988252143436032,1597988252742000128,2020-08-21 13:37:32.742000,1216.5,1218.0,1205.5,1211.5,nan,1213.0,28522,2076008820.0,20837,1216.5,25,1216.0,18,nan,0,nan,0,nan,0,nan,0,nan,0,nan,0,nan,0,nan,0
1597988252667143936,1597988253234999808,2020-08-21 13:37:33.235000,1216.5,1218.0,1205.5,1211.5,nan,1213.0,28523,2076081810.0,20836,1216.5,24,1216.0,18,nan,0,nan,0,nan,0,nan,0,nan,0,nan,0,nan,0,nan,0
1597988253646323968,1597988254232000000,2020-08-21 13:37:34.232000,1216.5,1218.0,1205.5,1211.5,nan,1213.0,28523,2076081810.0,20836,1216.5,24,1216.0,17,nan,0,nan,0,nan,0,nan,0,nan,0,nan,0,nan,0,nan,0
1597988254145422080,1597988254739000064,2020-08-21 13:37:34.739000,1216.5,1218.0,1205.5,1211.5,nan,1213.0,28524,2076154800.0,20835,1216.5,23,1216.0,17,nan,0,nan,0,nan,0,nan,0,nan,0,nan,0,nan,0,nan,0
1597988256154973952,1597988256673000192,2020-08-21 13:37:36.673000,1216.0,1218.0,1205.5,1211.5,nan,1213.0,28528,2076446640.0,20839,1216.5,23,1216.0,13,nan,0,nan,0,nan,0,nan,0,nan,0,nan,0,nan,0,nan,0
1597988256650611968,1597988257223000064,2020-08-21 13:37:37.223000,1216.0,1218.0,1205.5,1211.5,nan,1213.0,28528,2076446640.0,20839,1216.5,23,1216.0,15,nan,0,nan,0,nan,0,nan,0,nan,0,nan,0,nan,0,nan,0
1597988257156452096,1597988257727000064,2020-08-21 13:37:37.727000,1216.0,1218.0,1205.5,1211.5,nan,1213.0,28533,2076811440.0,20834,1216.5,23,1216.0,10,nan,0,nan,0,nan,0,nan,0,nan,0,nan,0,nan,0,nan,0
1597988257633701888,1597988258237999872,2020-08-21 13:37:38.238000,1216.0,1218.0,1205.5,1211.5,nan,1213.0,28533,2076811440.0,20834,1216.5,23,1216.0,5,nan,0,nan,0,nan,0,nan,0,nan,0,nan,0,nan,0,nan,0
1597988261646874880,1597988262239000064,2020-08-21 13:37:42.239000,1216.0,1218.0,1205.5,1211.5,nan,1213.0,28533,2076811440.0,20834,1216.5,23,1216.0,6,nan,0,nan,0,nan,0,nan,0,nan,0,nan,0,nan,0,nan,0
1597988262159987968,1597988262742000128,2020-08-21 13:37:42.742000,1216.0,1218.0,1205.5,1211.5,nan,1213.0,28533,2076811440.0,20834,1216.5,35,1216.0,6,nan,0,nan,0,nan,0,nan,0,nan,0,nan,0,nan,0,nan,0
1597988273147964928,1597988273728000000,2020-08-21 13:37:53.728000,1216.0,1218.0,1205.5,1211.5,nan,1213.0,28534,2076884400.0,20835,1216.5,35,1216.0,5,nan,0,nan,0,nan,0,nan,0,nan,0,nan,0,nan,0,nan,0
1597988276136368896,1597988276736999936,2020-08-21 13:37:56.737000,1216.0,1218.0,1205.5,1211.5,nan,1213.0,28534,2076884400.0,20835,1216.5,36,1216.0,5,nan,0,nan,0,nan,0,nan,0,nan,0,nan,0,nan,0,nan,0
1597988279642050048,1597988280138000128,2020-08-21 13:38:00.138000,1216.0,1218.0,1205.5,1211.5,nan,1213.0,28539,2077249200.0,20837,1216.5,38,1215.5,57,nan,0,nan,0,nan,0,nan,0,nan,0,nan,0,nan,0,nan,0
1597988282143550976,1597988282688000000,2020-08-21 13:38:02.688000,1216.0,1218.0,1205.5,1211.5,nan,1213.0,28539,2077249200.0,20837,1216.5,58,1215.5,58,nan,0,nan,0,nan,0,nan,0,nan,0,nan,0,nan,0,nan,0
1597988283139030016,1597988283701999872,2020-08-21 13:38:03.702000,1216.5,1218.0,1205.5,1211.5,nan,1213.0,28540,2077322190.0,20836,1216.5,58,1215.5,58,nan,0,nan,0,nan,0,nan,0,nan,0,nan,0,nan,0,nan,0
1597988291638577920,1597988292220000000,2020-08-21 13:38:12.220000,1216.5,1218.0,1205.5,1211.5,nan,1213.0,28540,2077322190.0,20836,1216.5,58,1216.0,8,nan,0,nan,0,nan,0,nan,0,nan,0,nan,0,nan,0,nan,0
1597988292143575040,1597988292713999872,2020-08-21 13:38:12.714000,1216.0,1218.0,1205.5,1211.5,nan,1213.0,28544,2077614030.0,20832,1216.5,58,1216.0,4,nan,0,nan,0,nan,0,nan,0,nan,0,nan,0,nan,0,nan,0
1597988293139917056,1597988293712000000,2020-08-21 13:38:13.712000,1216.0,1218.0,1205.5,1211.5,nan,1213.0,28544,2077614030.0,20832,1216.5,59,1216.0,4,nan,0,nan,0,nan,0,nan,0,nan,0,nan,0,nan,0,nan,0
1597988294640669952,1597988295227000064,2020-08-21 13:38:15.227000,1216.5,1218.0,1205.5,1211.5,nan,1213.0,28545,2077687020.0,20831,1216.5,58,1216.0,4,nan,0,nan,0,nan,0,nan,0,nan,0,nan,0,nan,0,nan,0
1597988295639486976,1597988296236999936,2020-08-21 13:38:16.237000,1216.0,1218.0,1205.5,1211.5,nan,1213.0,28546,2077759980.0,20831,1216.5,58,1216.0,3,nan,0,nan,0,nan,0,nan,0,nan,0,nan,0,nan,0,nan,0
1597988303142488064,1597988303732000000,2020-08-21 13:38:23.732000,1216.0,1218.0,1205.5,1211.5,nan,1213.0,28549,2077978860.0,20831,1216.0,8,1215.5,58,nan,0,nan,0,nan,0,nan,0,nan,0,nan,0,nan,0,nan,0
1597988303841910016,1597988304216999936,2020-08-21 13:38:24.217000,1216.0,1218.0,1205.5,1211.5,nan,1213.0,28549,2077978860.0,20831,1216.0,20,1215.5,58,nan,0,nan,0,nan,0,nan,0,nan,0,nan,0,nan,0,nan,0
1597988306145504000,1597988306742000128,2020-08-21 13:38:26.742000,1216.0,1218.0,1205.5,1211.5,nan,1213.0,28569,2079438060.0,20838,1216.5,45,1216.0,2,nan,0,nan,0,nan,0,nan,0,nan,0,nan,0,nan,0,nan,0
1597988307191867904,1597988307742000128,2020-08-21 13:38:27.742000,1216.0,1218.0,1205.5,1211.5,nan,1213.0,28569,2079438060.0,20838,1216.5,45,1216.0,8,nan,0,nan,0,nan,0,nan,0,nan,0,nan,0,nan,0,nan,0
1597988307698667008,1597988308243000064,2020-08-21 13:38:28.243000,1216.0,1218.0,1205.5,1211.5,nan,1213.0,28569,2079438060.0,20838,1216.5,45,1216.0,10,nan,0,nan,0,nan,0,nan,0,nan,0,nan,0,nan,0,nan,0
1597988314635730944,1597988315232999936,2020-08-21 13:38:35.233000,1216.0,1218.0,1205.5,1211.5,nan,1213.0,28569,2079438060.0,20838,1216.5,45,1216.0,11,nan,0,nan,0,nan,0,nan,0,nan,0,nan,0,nan,0,nan,0
1597988319646113024,1597988320240999936,2020-08-21 13:38:40.241000,1216.0,1218.0,1205.5,1211.5,nan,1213.0,28569,2079438060.0,20838,1216.5,48,1216.0,11,nan,0,nan,0,nan,0,nan,0,nan,0,nan,0,nan,0,nan,0
1597988320136893952,1597988320728000000,2020-08-21 13:38:40.728000,1216.0,1218.0,1205.5,1211.5,nan,1213.0,28569,2079438060.0,20838,1216.5,48,1216.0,2,nan,0,nan,0,nan,0,nan,0,nan,0,nan,0,nan,0,nan,0
1597988320648265984,1597988321224999936,2020-08-21 13:38:41.225000,1216.0,1218.0,1205.5,1211.5,nan,1213.0,28569,2079438060.0,20838,1216.5,48,1216.0,4,nan,0,nan,0,nan,0,nan,0,nan,0,nan,0,nan,0,nan,0
1597988333165274880,1597988333742000128,2020-08-21 13:38:53.742000,1216.0,1218.0,1205.5,1211.5,nan,1213.0,28570,2079511020.0,20837,1216.5,48,1216.0,3,nan,0,nan,0,nan,0,nan,0,nan,0,nan,0,nan,0,nan,0
1597988333670217984,1597988334203000064,2020-08-21 13:38:54.203000,1216.0,1218.0,1205.5,1211.5,nan,1213.0,28571,2079583980.0,20836,1216.5,48,1216.0,2,nan,0,nan,0,nan,0,nan,0,nan,0,nan,0,nan,0,nan,0
1597988334208797952,1597988334690000128,2020-08-21 13:38:54.690000,1216.0,1218.0,1205.5,1211.5,nan,1213.0,28572,2079656940.0,20837,1216.5,48,1216.0,1,nan,0,nan,0,nan,0,nan,0,nan,0,nan,0,nan,0,nan,0
1597988335698973952,1597988336194000128,2020-08-21 13:38:56.194000,1216.0,1218.0,1205.5,1211.5,nan,1213.0,28573,2079729900.0,20837,1216.0,2,1215.5,59,nan,0,nan,0,nan,0,nan,0,nan,0,nan,0,nan,0,nan,0
1597988336206465024,1597988336742000128,2020-08-21 13:38:56.742000,1216.0,1218.0,1205.5,1211.5,nan,1213.0,28575,2079875820.0,20837,1216.0,4,1215.5,59,nan,0,nan,0,nan,0,nan,0,nan,0,nan,0,nan,0,nan,0
1597988336697168896,1597988337233999872,2020-08-21 13:38:57.234000,1216.0,1218.0,1205.5,1211.5,nan,1213.0,28579,2080167660.0,20837,1216.5,48,1215.5,59,nan,0,nan,0,nan,0,nan,0,nan,0,nan,0,nan,0,nan,0
1597988339209803008,1597988339720000000,2020-08-21 13:38:59.720000,1216.0,1218.0,1205.5,1211.5,nan,1213.0,28579,2080167660.0,20837,1216.5,48,1215.5,58,nan,0,nan,0,nan,0,nan,0,nan,0,nan,0,nan,0,nan,0
1597988340165785088,1597988340736999936,2020-08-21 13:39:00.737000,1216.0,1218.0,1205.5,1211.5,nan,1213.0,28579,2080167660.0,20837,1216.5,49,1215.5,58,nan,0,nan,0,nan,0,nan,0,nan,0,nan,0,nan,0,nan,0
1597988341699216896,1597988342244000000,2020-08-21 13:39:02.244000,1216.0,1218.0,1205.5,1211.5,nan,1213.0,28579,2080167660.0,20837,1216.5,49,1216.0,9,nan,0,nan,0,nan,0,nan,0,nan,0,nan,0,nan,0,nan,0
1597988342163246080,1597988342734999808,2020-08-21 13:39:02.735000,1216.0,1218.0,1205.5,1211.5,nan,1213.0,28579,2080167660.0,20837,1216.5,49,1216.0,11,nan,0,nan,0,nan,0,nan,0,nan,0,nan,0,nan,0,nan,0
1597988342712436992,1597988343236999936,2020-08-21 13:39:03.237000,1216.0,1218.0,1205.5,1211.5,nan,1213.0,28579,2080167660.0,20837,1216.5,49,1216.0,12,nan,0,nan,0,nan,0,nan,0,nan,0,nan,0,nan,0,nan,0
1597988343154478080,1597988343740000000,2020-08-21 13:39:03.740000,1216.0,1218.0,1205.5,1211.5,nan,1213.0,28579,2080167660.0,20837,1216.5,49,1216.0,5,nan,0,nan,0,nan,0,nan,0,nan,0,nan,0,nan,0,nan,0
1597988345162875904,1597988345742000128,2020-08-21 13:39:05.742000,1216.0,1218.0,1205.5,1211.5,nan,1213.0,28580,2080240620.0,20838,1216.5,49,1216.0,4,nan,0,nan,0,nan,0,nan,0,nan,0,nan,0,nan,0,nan,0
1597988346677814016,1597988347239000064,2020-08-21 13:39:07.239000,1216.0,1218.0,1205.5,1211.5,nan,1213.0,28580,2080240620.0,20838,1216.5,49,1216.0,3,nan,0,nan,0,nan,0,nan,0,nan,0,nan,0,nan,0,nan,0
1597988347449556992,1597988347711000064,2020-08-21 13:39:07.711000,1216.0,1218.0,1205.5,1211.5,nan,1213.0,28584,2080532460.0,20838,1216.5,49,1215.5,57,nan,0,nan,0,nan,0,nan,0,nan,0,nan,0,nan,0,nan,0
1597988355146487040,1597988355742000128,2020-08-21 13:39:15.742000,1216.0,1218.0,1205.5,1211.5,nan,1213.0,28584,2080532460.0,20838,1216.5,49,1215.5,52,nan,0,nan,0,nan,0,nan,0,nan,0,nan,0,nan,0,nan,0
1597988374145268992,1597988374736999936,2020-08-21 13:39:34.737000,1216.5,1218.0,1205.5,1211.5,nan,1213.0,28585,2080605450.0,20838,1216.5,48,1215.5,52,nan,0,nan,0,nan,0,nan,0,nan,0,nan,0,nan,0,nan,0
1597988378645492992,1597988379204999936,2020-08-21 13:39:39.205000,1216.5,1218.0,1205.5,1211.5,nan,1213.0,28586,2080678440.0,20837,1216.5,47,1215.5,52,nan,0,nan,0,nan,0,nan,0,nan,0,nan,0,nan,0,nan,0
1597988392142972928,1597988392736999936,2020-08-21 13:39:52.737000,1216.5,1218.0,1205.5,1211.5,nan,1213.0,28586,2080678440.0,20837,1216.5,48,1215.5,52,nan,0,nan,0,nan,0,nan,0,nan,0,nan,0,nan,0,nan,0
1597988392639650048,1597988393233999872,2020-08-21 13:39:53.234000,1216.5,1218.0,1205.5,1211.5,nan,1213.0,28586,2080678440.0,20837,1216.5,50,1216.0,1,nan,0,nan,0,nan,0,nan,0,nan,0,nan,0,nan,0,nan,0
1597988393160694016,1597988393729000192,2020-08-21 13:39:53.729000,1216.0,1218.0,1205.5,1211.5,nan,1213.0,28587,2080751400.0,20837,1216.5,50,1215.5,52,nan,0,nan,0,nan,0,nan,0,nan,0,nan,0,nan,0,nan,0
1597988395644708096,1597988396236000000,2020-08-21 13:39:56.236000,1216.0,1218.0,1205.5,1211.5,nan,1213.0,28587,2080751400.0,20837,1216.5,50,1215.5,58,nan,0,nan,0,nan,0,nan,0,nan,0,nan,0,nan,0,nan,0
1597988396151342080,1597988396729000192,2020-08-21 13:39:56.729000,1216.5,1218.0,1205.5,1211.5,nan,1213.0,28590,2080970370.0,20834,1216.5,47,1215.5,59,nan,0,nan,0,nan,0,nan,0,nan,0,nan,0,nan,0,nan,0
1597988400158138880,1597988400744000000,2020-08-21 13:40:00.744000,1216.5,1218.0,1205.5,1211.5,nan,1213.0,28591,2081043360.0,20834,1216.5,46,1215.5,59,nan,0,nan,0,nan,0,nan,0,nan,0,nan,0,nan,0,nan,0
1597988401650515968,1597988402216999936,2020-08-21 13:40:02.217000,1216.5,1218.0,1205.5,1211.5,nan,1213.0,28591,2081043360.0,20834,1216.5,46,1215.5,60,nan,0,nan,0,nan,0,nan,0,nan,0,nan,0,nan,0,nan,0
1597988404163333888,1597988404724000000,2020-08-21 13:40:04.724000,1215.5,1218.0,1205.5,1211.5,nan,1213.0,28592,2081116290.0,20833,1216.5,46,1215.5,59,nan,0,nan,0,nan,0,nan,0,nan,0,nan,0,nan,0,nan,0
1597988404652602112,1597988405188000000,2020-08-21 13:40:05.188000,1215.5,1218.0,1205.5,1211.5,nan,1213.0,28593,2081189220.0,20833,1216.5,46,1215.5,58,nan,0,nan,0,nan,0,nan,0,nan,0,nan,0,nan,0,nan,0
1597988406148150016,1597988406729000192,2020-08-21 13:40:06.729000,1215.5,1218.0,1205.5,1211.5,nan,1213.0,28593,2081189220.0,20833,1216.5,46,1215.5,53,nan,0,nan,0,nan,0,nan,0,nan,0,nan,0,nan,0,nan,0
1597988406646556928,1597988407236999936,2020-08-21 13:40:07.237000,1216.5,1218.0,1205.5,1211.5,nan,1213.0,28595,2081335200.0,20831,1216.5,44,1215.5,53,nan,0,nan,0,nan,0,nan,0,nan,0,nan,0,nan,0,nan,0
1597988408641163008,1597988409176000000,2020-08-21 13:40:09.176000,1215.5,1218.0,1205.5,1211.5,nan,1213.0,28597,2081481060.0,20829,1216.5,44,1215.5,51,nan,0,nan,0,nan,0,nan,0,nan,0,nan,0,nan,0,nan,0
1597988410653084928,1597988411239000064,2020-08-21 13:40:11.239000,1215.5,1218.0,1205.5,1211.5,nan,1213.0,28597,2081481060.0,20829,1216.5,44,1215.5,56,nan,0,nan,0,nan,0,nan,0,nan,0,nan,0,nan,0,nan,0
1597988411638629120,1597988412224999936,2020-08-21 13:40:12.225000,1216.5,1218.0,1205.5,1211.5,nan,1213.0,28598,2081554050.0,20829,1216.5,43,1215.5,56,nan,0,nan,0,nan,0,nan,0,nan,0,nan,0,nan,0,nan,0
1597988412144364032,1597988412708000000,2020-08-21 13:40:12.708000,1216.5,1218.0,1205.5,1211.5,nan,1213.0,28598,2081554050.0,20829,1216.5,42,1215.5,56,nan,0,nan,0,nan,0,nan,0,nan,0,nan,0,nan,0,nan,0
1597988414143842048,1597988414704000000,2020-08-21 13:40:14.704000,1215.5,1218.0,1205.5,1211.5,nan,1213.0,28599,2081626980.0,20829,1216.5,42,1215.5,55,nan,0,nan,0,nan,0,nan,0,nan,0,nan,0,nan,0,nan,0
1597988414648935936,1597988415145999872,2020-08-21 13:40:15.146000,1215.5,1218.0,1205.5,1211.5,nan,1213.0,28599,2081626980.0,20829,1216.5,52,1215.5,55,nan,0,nan,0,nan,0,nan,0,nan,0,nan,0,nan,0,nan,0
1597988417644722944,1597988418243000064,2020-08-21 13:40:18.243000,1216.5,1218.0,1205.5,1211.5,nan,1213.0,28600,2081699970.0,20828,1216.5,51,1215.5,55,nan,0,nan,0,nan,0,nan,0,nan,0,nan,0,nan,0,nan,0
1597988418157158912,1597988418734999808,2020-08-21 13:40:18.735000,1216.5,1218.0,1205.5,1211.5,nan,1213.0,28600,2081699970.0,20828,1216.5,51,1215.5,56,nan,0,nan,0,nan,0,nan,0,nan,0,nan,0,nan,0,nan,0
1597988418647792128,1597988419226000128,2020-08-21 13:40:19.226000,1216.5,1218.0,1205.5,1211.5,nan,1213.0,28600,2081699970.0,20828,1216.0,10,1215.5,56,nan,0,nan,0,nan,0,nan,0,nan,0,nan,0,nan,0,nan,0
1597988419151602944,1597988419665999872,2020-08-21 13:40:19.666000,1216.0,1218.0,1205.5,1211.5,nan,1213.0,28610,2082429570.0,20828,1216.0,3,1215.5,56,nan,0,nan,0,nan,0,nan,0,nan,0,nan,0,nan,0,nan,0
1597988419649085952,1597988420226000128,2020-08-21 13:40:20.226000,1216.0,1218.0,1205.5,1211.5,nan,1213.0,28613,2082648450.0,20831,1216.5,51,1215.5,56,nan,0,nan,0,nan,0,nan,0,nan,0,nan,0,nan,0,nan,0
1597988420137320960,1597988420739000064,2020-08-21 13:40:20.739000,1216.5,1218.0,1205.5,1211.5,nan,1213.0,28615,2082794430.0,20831,1216.5,49,1215.5,56,nan,0,nan,0,nan,0,nan,0,nan,0,nan,0,nan,0,nan,0
1597988421646448128,1597988422176999936,2020-08-21 13:40:22.177000,1216.5,1218.0,1205.5,1211.5,nan,1213.0,28616,2082867420.0,20831,1216.5,48,1215.5,55,nan,0,nan,0,nan,0,nan,0,nan,0,nan,0,nan,0,nan,0
1597988425171486976,1597988425713999872,2020-08-21 13:40:25.714000,1216.5,1218.0,1205.5,1211.5,nan,1213.0,28616,2082867420.0,20831,1216.5,48,1215.5,50,nan,0,nan,0,nan,0,nan,0,nan,0,nan,0,nan,0,nan,0
1597988429139902976,1597988429728000000,2020-08-21 13:40:29.728000,1216.5,1218.0,1205.5,1211.5,nan,1213.0,28622,2083305360.0,20834,1216.5,42,1215.5,50,nan,0,nan,0,nan,0,nan,0,nan,0,nan,0,nan,0,nan,0
1597988437650260992,1597988438233999872,2020-08-21 13:40:38.234000,1216.5,1218.0,1205.5,1211.5,nan,1213.0,28622,2083305360.0,20834,1216.5,42,1216.0,36,nan,0,nan,0,nan,0,nan,0,nan,0,nan,0,nan,0,nan,0
1597988438140102912,1597988438723000064,2020-08-21 13:40:38.723000,1216.5,1218.0,1205.5,1211.5,nan,1213.0,28623,2083378350.0,20835,1216.5,41,1216.0,38,nan,0,nan,0,nan,0,nan,0,nan,0,nan,0,nan,0,nan,0
1597988438644101888,1597988439244999936,2020-08-21 13:40:39.245000,1216.0,1218.0,1205.5,1211.5,nan,1213.0,28633,2084107950.0,20825,1216.5,41,1216.0,29,nan,0,nan,0,nan,0,nan,0,nan,0,nan,0,nan,0,nan,0
1597988446645915904,1597988447240000000,2020-08-21 13:40:47.240000,1216.0,1218.0,1205.5,1211.5,nan,1213.0,28634,2084180910.0,20824,1216.5,51,1216.0,25,nan,0,nan,0,nan,0,nan,0,nan,0,nan,0,nan,0,nan,0
1597988447140626944,1597988447724999936,2020-08-21 13:40:47.725000,1216.0,1218.0,1205.5,1211.5,nan,1213.0,28637,2084399790.0,20822,1216.5,51,1215.5,48,nan,0,nan,0,nan,0,nan,0,nan,0,nan,0,nan,0,nan,0
1597988447639313920,1597988448232000000,2020-08-21 13:40:48.232000,1216.5,1218.0,1205.5,1211.5,nan,1213.0,28638,2084472780.0,20823,1216.5,50,1215.5,48,nan,0,nan,0,nan,0,nan,0,nan,0,nan,0,nan,0,nan,0
1597988455637670912,1597988456161999872,2020-08-21 13:40:56.162000,1216.5,1218.0,1205.5,1211.5,nan,1213.0,28638,2084472780.0,20823,1216.5,50,1215.5,53,nan,0,nan,0,nan,0,nan,0,nan,0,nan,0,nan,0,nan,0
1597988462644513024,1597988463212000000,2020-08-21 13:41:03.212000,1216.5,1218.0,1205.5,1211.5,nan,1213.0,28638,2084472780.0,20823,1216.5,50,1215.5,52,nan,0,nan,0,nan,0,nan,0,nan,0,nan,0,nan,0,nan,0
1597988463137249024,1597988463732999936,2020-08-21 13:41:03.733000,1216.5,1218.0,1205.5,1211.5,nan,1213.0,28639,2084545770.0,20824,1216.5,49,1215.5,52,nan,0,nan,0,nan,0,nan,0,nan,0,nan,0,nan,0,nan,0
1597988464147824128,1597988464740000000,2020-08-21 13:41:04.740000,1216.5,1218.0,1205.5,1211.5,nan,1213.0,28639,2084545770.0,20824,1216.5,49,1215.5,51,nan,0,nan,0,nan,0,nan,0,nan,0,nan,0,nan,0,nan,0
1597988466159194112,1597988466694000128,2020-08-21 13:41:06.694000,1216.5,1218.0,1205.5,1211.5,nan,1213.0,28639,2084545770.0,20824,1216.0,8,1215.5,51,nan,0,nan,0,nan,0,nan,0,nan,0,nan,0,nan,0,nan,0
1597988466644205056,1597988467242000128,2020-08-21 13:41:07.242000,1216.0,1218.0,1205.5,1211.5,nan,1213.0,28647,2085129450.0,20824,1216.5,49,1215.5,51,nan,0,nan,0,nan,0,nan,0,nan,0,nan,0,nan,0,nan,0
1597988467143979008,1597988467708000000,2020-08-21 13:41:07.708000,1216.0,1218.0,1205.5,1211.5,nan,1213.0,28647,2085129450.0,20824,1216.5,50,1215.5,51,nan,0,nan,0,nan,0,nan,0,nan,0,nan,0,nan,0,nan,0
1597988468638327040,1597988469217999872,2020-08-21 13:41:09.218000,1216.0,1218.0,1205.5,1211.5,nan,1213.0,28647,2085129450.0,20824,1216.5,50,1215.5,50,nan,0,nan,0,nan,0,nan,0,nan,0,nan,0,nan,0,nan,0
1597988473135012096,1597988473673000192,2020-08-21 13:41:13.673000,1216.0,1218.0,1205.5,1211.5,nan,1213.0,28647,2085129450.0,20824,1216.5,50,1215.5,51,nan,0,nan,0,nan,0,nan,0,nan,0,nan,0,nan,0,nan,0
1597988473646608896,1597988474236000000,2020-08-21 13:41:14.236000,1216.5,1218.0,1205.5,1211.5,nan,1213.0,28648,2085202440.0,20825,1216.5,49,1215.5,50,nan,0,nan,0,nan,0,nan,0,nan,0,nan,0,nan,0,nan,0
1597988475137423104,1597988475724999936,2020-08-21 13:41:15.725000,1216.5,1218.0,1205.5,1211.5,nan,1213.0,28648,2085202440.0,20825,1216.5,49,1215.5,49,nan,0,nan,0,nan,0,nan,0,nan,0,nan,0,nan,0,nan,0
1597988480655097088,1597988481242000128,2020-08-21 13:41:21.242000,1216.5,1218.0,1205.5,1211.5,nan,1213.0,28648,2085202440.0,20825,1216.0,50,1215.5,47,nan,0,nan,0,nan,0,nan,0,nan,0,nan,0,nan,0,nan,0
1597988481151666944,1597988481730000128,2020-08-21 13:41:21.730000,1216.5,1218.0,1205.5,1211.5,nan,1213.0,28648,2085202440.0,20825,1216.0,50,1215.5,46,nan,0,nan,0,nan,0,nan,0,nan,0,nan,0,nan,0,nan,0
1597988481664268032,1597988482243000064,2020-08-21 13:41:22.243000,1216.5,1218.0,1205.5,1211.5,nan,1213.0,28648,2085202440.0,20825,1216.0,50,1215.5,45,nan,0,nan,0,nan,0,nan,0,nan,0,nan,0,nan,0,nan,0
1597988484639911936,1597988485216999936,2020-08-21 13:41:25.217000,1216.5,1218.0,1205.5,1211.5,nan,1213.0,28648,2085202440.0,20825,1216.0,50,1215.5,46,nan,0,nan,0,nan,0,nan,0,nan,0,nan,0,nan,0,nan,0
1597988485138662912,1597988485655000064,2020-08-21 13:41:25.655000,1216.5,1218.0,1205.5,1211.5,nan,1213.0,28648,2085202440.0,20825,1216.0,50,1215.5,45,nan,0,nan,0,nan,0,nan,0,nan,0,nan,0,nan,0,nan,0
1597988485655721984,1597988486210000128,2020-08-21 13:41:26.210000,1215.5,1218.0,1205.5,1211.5,nan,1213.0,28693,2088484290.0,20793,1215.5,5,1215.0,61,nan,0,nan,0,nan,0,nan,0,nan,0,nan,0,nan,0,nan,0
1597988486152951040,1597988486723000064,2020-08-21 13:41:26.723000,1215.5,1218.0,1205.5,1211.5,nan,1213.0,28698,2088848940.0,20793,1215.5,13,1215.0,61,nan,0,nan,0,nan,0,nan,0,nan,0,nan,0,nan,0,nan,0
1597988486643909120,1597988487246000128,2020-08-21 13:41:27.246000,1215.5,1218.0,1205.5,1211.5,nan,1213.0,28701,2089067730.0,20793,1215.5,10,1215.0,61,nan,0,nan,0,nan,0,nan,0,nan,0,nan,0,nan,0,nan,0
1597988487144608000,1597988487737999872,2020-08-21 13:41:27.738000,1215.5,1218.0,1205.5,1211.5,nan,1213.0,28701,2089067730.0,20793,1215.5,13,1215.0,41,nan,0,nan,0,nan,0,nan,0,nan,0,nan,0,nan,0,nan,0
1597988487646309120,1597988488209000192,2020-08-21 13:41:28.209000,1215.5,1218.0,1205.5,1211.5,nan,1213.0,28706,2089432380.0,20794,1215.5,14,1215.0,36,nan,0,nan,0,nan,0,nan,0,nan,0,nan,0,nan,0,nan,0
1597988490142022912,1597988490744000000,2020-08-21 13:41:30.744000,1215.5,1218.0,1205.5,1211.5,nan,1213.0,28707,2089505310.0,20794,1215.5,13,1215.0,36,nan,0,nan,0,nan,0,nan,0,nan,0,nan,0,nan,0,nan,0
1597988491138629888,1597988491656000000,2020-08-21 13:41:31.656000,1215.5,1218.0,1205.5,1211.5,nan,1213.0,28707,2089505310.0,20794,1215.5,14,1215.0,36,nan,0,nan,0,nan,0,nan,0,nan,0,nan,0,nan,0,nan,0
1597988492650558976,1597988493237999872,2020-08-21 13:41:33.238000,1215.5,1218.0,1205.5,1211.5,nan,1213.0,28707,2089505310.0,20794,1215.5,15,1215.0,36,nan,0,nan,0,nan,0,nan,0,nan,0,nan,0,nan,0,nan,0
1597988495144189952,1597988495743000064,2020-08-21 13:41:35.743000,1215.5,1218.0,1205.5,1211.5,nan,1213.0,28708,2089578240.0,20794,1215.5,14,1215.0,36,nan,0,nan,0,nan,0,nan,0,nan,0,nan,0,nan,0,nan,0
1597988495665660928,1597988496240000000,2020-08-21 13:41:36.240000,1215.5,1218.0,1205.5,1211.5,nan,1213.0,28708,2089578240.0,20794,1215.5,15,1215.0,36,nan,0,nan,0,nan,0,nan,0,nan,0,nan,0,nan,0,nan,0
1597988496138800128,1597988496709000192,2020-08-21 13:41:36.709000,1215.5,1218.0,1205.5,1211.5,nan,1213.0,28708,2089578240.0,20794,1215.5,15,1215.0,42,nan,0,nan,0,nan,0,nan,0,nan,0,nan,0,nan,0,nan,0
1597988500636395008,1597988501243000064,2020-08-21 13:41:41.243000,1215.0,1218.0,1205.5,1211.5,nan,1213.0,28710,2089724040.0,20794,1215.5,15,1215.0,41,nan,0,nan,0,nan,0,nan,0,nan,0,nan,0,nan,0,nan,0
1597988512142004992,1597988512736999936,2020-08-21 13:41:52.737000,1215.0,1218.0,1205.5,1211.5,nan,1213.0,28710,2089724040.0,20794,1215.5,25,1215.0,41,nan,0,nan,0,nan,0,nan,0,nan,0,nan,0,nan,0,nan,0
1597988512654523904,1597988513210000128,2020-08-21 13:41:53.210000,1215.0,1218.0,1205.5,1211.5,nan,1213.0,28711,2089796940.0,20794,1215.5,25,1215.0,40,nan,0,nan,0,nan,0,nan,0,nan,0,nan,0,nan,0,nan,0
1597988514140965120,1597988514713999872,2020-08-21 13:41:54.714000,1215.0,1218.0,1205.5,1211.5,nan,1213.0,28711,2089796940.0,20794,1215.5,25,1215.0,35,nan,0,nan,0,nan,0,nan,0,nan,0,nan,0,nan,0,nan,0
1597988514643668992,1597988515226000128,2020-08-21 13:41:55.226000,1215.0,1218.0,1205.5,1211.5,nan,1213.0,28712,2089869840.0,20795,1215.5,25,1215.0,34,nan,0,nan,0,nan,0,nan,0,nan,0,nan,0,nan,0,nan,0
1597988515638162944,1597988516210000128,2020-08-21 13:41:56.210000,1215.0,1218.0,1205.5,1211.5,nan,1213.0,28713,2089942740.0,20794,1215.5,24,1215.0,33,nan,0,nan,0,nan,0,nan,0,nan,0,nan,0,nan,0,nan,0
1597988516637902080,1597988517155000064,2020-08-21 13:41:57.155000,1215.5,1218.0,1205.5,1211.5,nan,1213.0,28714,2090015670.0,20795,1215.5,23,1215.0,33,nan,0,nan,0,nan,0,nan,0,nan,0,nan,0,nan,0,nan,0
1597988518788299008,1597988519193000192,2020-08-21 13:41:59.193000,1215.5,1218.0,1205.5,1211.5,nan,1213.0,28714,2090015670.0,20795,1215.5,23,1215.0,38,nan,0,nan,0,nan,0,nan,0,nan,0,nan,0,nan,0,nan,0
1597988519162362112,1597988519712999936,2020-08-21 13:41:59.713000,1215.5,1218.0,1205.5,1211.5,nan,1213.0,28714,2090015670.0,20795,1215.5,23,1215.0,37,nan,0,nan,0,nan,0,nan,0,nan,0,nan,0,nan,0,nan,0
1597988521645722880,1597988522219000064,2020-08-21 13:42:02.219000,1215.5,1218.0,1205.5,1211.5,nan,1213.0,28714,2090015670.0,20795,1215.5,23,1215.0,38,nan,0,nan,0,nan,0,nan,0,nan,0,nan,0,nan,0,nan,0
1597988526634371072,1597988527200999936,2020-08-21 13:42:07.201000,1215.5,1218.0,1205.5,1211.5,nan,1213.0,28714,2090015670.0,20795,1215.5,23,1215.0,33,nan,0,nan,0,nan,0,nan,0,nan,0,nan,0,nan,0,nan,0
1597988527134244096,1597988527743000064,2020-08-21 13:42:07.743000,1215.5,1218.0,1205.5,1211.5,nan,1213.0,28714,2090015670.0,20795,1215.5,23,1215.0,34,nan,0,nan,0,nan,0,nan,0,nan,0,nan,0,nan,0,nan,0
1597988528143298048,1597988528720000000,2020-08-21 13:42:08.720000,1215.5,1218.0,1205.5,1211.5,nan,1213.0,28714,2090015670.0,20795,1215.5,24,1215.0,34,nan,0,nan,0,nan,0,nan,0,nan,0,nan,0,nan,0,nan,0
1597988532636558080,1597988533227000064,2020-08-21 13:42:13.227000,1215.5,1218.0,1205.5,1211.5,nan,1213.0,28714,2090015670.0,20795,1215.5,25,1215.0,34,nan,0,nan,0,nan,0,nan,0,nan,0,nan,0,nan,0,nan,0
1597988549137872896,1597988549736999936,2020-08-21 13:42:29.737000,1215.5,1218.0,1205.5,1211.5,nan,1213.0,28714,2090015670.0,20795,1215.5,25,1215.0,39,nan,0,nan,0,nan,0,nan,0,nan,0,nan,0,nan,0,nan,0
1597988551150375936,1597988551732999936,2020-08-21 13:42:31.733000,1215.5,1218.0,1205.5,1211.5,nan,1213.0,28714,2090015670.0,20795,1215.5,25,1215.0,40,nan,0,nan,0,nan,0,nan,0,nan,0,nan,0,nan,0,nan,0
1597988551640381952,1597988552220000000,2020-08-21 13:42:32.220000,1215.5,1218.0,1205.5,1211.5,nan,1213.0,28714,2090015670.0,20795,1215.5,25,1215.0,42,nan,0,nan,0,nan,0,nan,0,nan,0,nan,0,nan,0,nan,0
1597988552139695104,1597988552744000000,2020-08-21 13:42:32.744000,1215.5,1218.0,1205.5,1211.5,nan,1213.0,28714,2090015670.0,20795,1215.5,26,1215.0,42,nan,0,nan,0,nan,0,nan,0,nan,0,nan,0,nan,0,nan,0
1597988557192229120,1597988557736999936,2020-08-21 13:42:37.737000,1215.5,1218.0,1205.5,1211.5,nan,1213.0,28714,2090015670.0,20795,1215.5,26,1215.0,37,nan,0,nan,0,nan,0,nan,0,nan,0,nan,0,nan,0,nan,0
1597988557693248000,1597988558219000064,2020-08-21 13:42:38.219000,1215.0,1218.0,1205.5,1211.5,nan,1213.0,28749,2092567170.0,20778,1215.0,18,1214.5,24,nan,0,nan,0,nan,0,nan,0,nan,0,nan,0,nan,0,nan,0
1597988558172704000,1597988558728000000,2020-08-21 13:42:38.728000,1215.0,1218.0,1205.5,1211.5,nan,1213.0,28749,2092567170.0,20778,1215.0,22,1214.5,3,nan,0,nan,0,nan,0,nan,0,nan,0,nan,0,nan,0,nan,0
1597988558690321920,1597988559240000000,2020-08-21 13:42:39.240000,1214.5,1218.0,1205.5,1211.5,nan,1213.0,28752,2092785780.0,20778,1215.0,22,1214.0,30,nan,0,nan,0,nan,0,nan,0,nan,0,nan,0,nan,0,nan,0
1597988561155855104,1597988561694999808,2020-08-21 13:42:41.695000,1214.5,1218.0,1205.5,1211.5,nan,1213.0,28752,2092785780.0,20778,1215.0,22,1214.0,37,nan,0,nan,0,nan,0,nan,0,nan,0,nan,0,nan,0,nan,0
1597988561646258944,1597988562216999936,2020-08-21 13:42:42.217000,1214.5,1218.0,1205.5,1211.5,nan,1213.0,28752,2092785780.0,20778,1215.0,22,1214.5,6,nan,0,nan,0,nan,0,nan,0,nan,0,nan,0,nan,0,nan,0
1597988562158483968,1597988562726000128,2020-08-21 13:42:42.726000,1214.5,1218.0,1205.5,1211.5,nan,1213.0,28752,2092785780.0,20778,1215.0,22,1214.5,11,nan,0,nan,0,nan,0,nan,0,nan,0,nan,0,nan,0,nan,0
1597988565148540928,1597988565634000128,2020-08-21 13:42:45.634000,1214.5,1218.0,1205.5,1211.5,nan,1213.0,28752,2092785780.0,20778,1215.0,32,1214.5,11,nan,0,nan,0,nan,0,nan,0,nan,0,nan,0,nan,0,nan,0
1597988565636466944,1597988566239000064,2020-08-21 13:42:46.239000,1214.5,1218.0,1205.5,1211.5,nan,1213.0,28754,2092931520.0,20778,1215.0,33,1214.5,9,nan,0,nan,0,nan,0,nan,0,nan,0,nan,0,nan,0,nan,0
1597988566147828992,1597988566732000000,2020-08-21 13:42:46.732000,1214.5,1218.0,1205.5,1211.5,nan,1213.0,28763,2093587350.0,20778,1215.0,33,1214.0,38,nan,0,nan,0,nan,0,nan,0,nan,0,nan,0,nan,0,nan,0
1597988570157805056,1597988570740999936,2020-08-21 13:42:50.741000,1214.0,1218.0,1205.5,1211.5,nan,1213.0,28768,2093951550.0,20773,1215.0,33,1214.0,34,nan,0,nan,0,nan,0,nan,0,nan,0,nan,0,nan,0,nan,0
1597988570644647936,1597988571240000000,2020-08-21 13:42:51.240000,1214.0,1218.0,1205.5,1211.5,nan,1213.0,28768,2093951550.0,20773,1214.5,15,1214.0,33,nan,0,nan,0,nan,0,nan,0,nan,0,nan,0,nan,0,nan,0
1597988571141527040,1597988571743000064,2020-08-21 13:42:51.743000,1214.5,1218.0,1205.5,1211.5,nan,1213.0,28769,2094024420.0,20774,1214.5,14,1214.0,32,nan,0,nan,0,nan,0,nan,0,nan,0,nan,0,nan,0,nan,0
1597988572148094976,1597988572732999936,2020-08-21 13:42:52.733000,1214.0,1218.0,1205.5,1211.5,nan,1213.0,28770,2094097260.0,20773,1214.5,14,1214.0,31,nan,0,nan,0,nan,0,nan,0,nan,0,nan,0,nan,0,nan,0
1597988572644679936,1597988573131000064,2020-08-21 13:42:53.131000,1214.0,1218.0,1205.5,1211.5,nan,1213.0,28770,2094097260.0,20773,1214.5,14,1214.0,30,nan,0,nan,0,nan,0,nan,0,nan,0,nan,0,nan,0,nan,0
1597988575147896064,1597988575740999936,2020-08-21 13:42:55.741000,1214.0,1218.0,1205.5,1211.5,nan,1213.0,28800,2096282460.0,20766,1214.0,22,1213.5,28,nan,0,nan,0,nan,0,nan,0,nan,0,nan,0,nan,0,nan,0
1597988575656933888,1597988576246000128,2020-08-21 13:42:56.246000,1214.0,1218.0,1205.5,1211.5,nan,1213.0,28800,2096282460.0,20766,1214.0,23,1213.5,28,nan,0,nan,0,nan,0,nan,0,nan,0,nan,0,nan,0,nan,0
1597988576152184064,1597988576691000064,2020-08-21 13:42:56.691000,1214.0,1218.0,1205.5,1211.5,nan,1213.0,28800,2096282460.0,20766,1214.0,26,1213.5,28,nan,0,nan,0,nan,0,nan,0,nan,0,nan,0,nan,0,nan,0
1597988576664154880,1597988577236999936,2020-08-21 13:42:57.237000,1213.5,1218.0,1205.5,1211.5,nan,1213.0,28810,2097010560.0,20766,1214.0,26,1213.5,18,nan,0,nan,0,nan,0,nan,0,nan,0,nan,0,nan,0,nan,0
1597988577138950912,1597988577732999936,2020-08-21 13:42:57.733000,1213.5,1218.0,1205.5,1211.5,nan,1213.0,28827,2098248330.0,20778,1213.5,24,1213.0,9,nan,0,nan,0,nan,0,nan,0,nan,0,nan,0,nan,0,nan,0
1597988577640791040,1597988578246000128,2020-08-21 13:42:58.246000,1213.5,1218.0,1205.5,1211.5,nan,1213.0,28827,2098248330.0,20778,1213.5,25,1213.0,9,nan,0,nan,0,nan,0,nan,0,nan,0,nan,0,nan,0,nan,0
1597988578696438016,1597988579223000064,2020-08-21 13:42:59.223000,1213.5,1218.0,1205.5,1211.5,nan,1213.0,28827,2098248330.0,20778,1213.5,26,1213.0,9,nan,0,nan,0,nan,0,nan,0,nan,0,nan,0,nan,0,nan,0
1597988582144026880,1597988582740999936,2020-08-21 13:43:02.741000,1213.5,1218.0,1205.5,1211.5,nan,1213.0,28827,2098248330.0,20778,1213.5,26,1213.0,27,nan,0,nan,0,nan,0,nan,0,nan,0,nan,0,nan,0,nan,0
1597988582663909888,1597988583239000064,2020-08-21 13:43:03.239000,1213.5,1218.0,1205.5,1211.5,nan,1213.0,28842,2099340480.0,20772,1214.0,31,1213.5,33,nan,0,nan,0,nan,0,nan,0,nan,0,nan,0,nan,0,nan,0
1597988583163756032,1597988583737999872,2020-08-21 13:43:03.738000,1213.5,1218.0,1205.5,1211.5,nan,1213.0,28842,2099340480.0,20772,1214.0,23,1213.5,17,nan,0,nan,0,nan,0,nan,0,nan,0,nan,0,nan,0,nan,0
1597988583645204992,1597988584184000000,2020-08-21 13:43:04.184000,1213.5,1218.0,1205.5,1211.5,nan,1213.0,28842,2099340480.0,20772,1214.0,23,1213.5,20,nan,0,nan,0,nan,0,nan,0,nan,0,nan,0,nan,0,nan,0
1597988587660739072,1597988588224999936,2020-08-21 13:43:08.225000,1214.0,1218.0,1205.5,1211.5,nan,1213.0,28853,2100141720.0,20772,1214.0,13,1213.5,20,nan,0,nan,0,nan,0,nan,0,nan,0,nan,0,nan,0,nan,0
1597988588139619072,1597988588720000000,2020-08-21 13:43:08.720000,1214.0,1218.0,1205.5,1211.5,nan,1213.0,28866,2101088640.0,20776,1214.5,20,1213.5,20,nan,0,nan,0,nan,0,nan,0,nan,0,nan,0,nan,0,nan,0
1597988596645851904,1597988597232000000,2020-08-21 13:43:17.232000,1214.0,1218.0,1205.5,1211.5,nan,1213.0,28866,2101088640.0,20776,1214.5,20,1213.5,25,nan,0,nan,0,nan,0,nan,0,nan,0,nan,0,nan,0,nan,0
1597988601151309056,1597988601744000000,2020-08-21 13:43:21.744000,1214.0,1218.0,1205.5,1211.5,nan,1213.0,28866,2101088640.0,20776,1214.5,20,1213.5,26,nan,0,nan,0,nan,0,nan,0,nan,0,nan,0,nan,0,nan,0
1597988605151845120,1597988605732999936,2020-08-21 13:43:25.733000,1214.0,1218.0,1205.5,1211.5,nan,1213.0,28866,2101088640.0,20776,1214.5,20,1213.5,25,nan,0,nan,0,nan,0,nan,0,nan,0,nan,0,nan,0,nan,0
1597988605637144064,1597988606246000128,2020-08-21 13:43:26.246000,1214.0,1218.0,1205.5,1211.5,nan,1213.0,28866,2101088640.0,20776,1214.5,20,1214.0,3,nan,0,nan,0,nan,0,nan,0,nan,0,nan,0,nan,0,nan,0
1597988608137788928,1597988608728000000,2020-08-21 13:43:28.728000,1214.0,1218.0,1205.5,1211.5,nan,1213.0,28866,2101088640.0,20776,1214.5,20,1214.0,4,nan,0,nan,0,nan,0,nan,0,nan,0,nan,0,nan,0,nan,0
1597988608640651008,1597988609236000000,2020-08-21 13:43:29.236000,1214.0,1218.0,1205.5,1211.5,nan,1213.0,28866,2101088640.0,20776,1214.5,20,1214.0,15,nan,0,nan,0,nan,0,nan,0,nan,0,nan,0,nan,0,nan,0
1597988609142449920,1597988609731000064,2020-08-21 13:43:29.731000,1214.0,1218.0,1205.5,1211.5,nan,1213.0,28881,2102181240.0,20768,1214.0,19,1213.5,24,nan,0,nan,0,nan,0,nan,0,nan,0,nan,0,nan,0,nan,0
1597988609638583040,1597988610228000000,2020-08-21 13:43:30.228000,1214.0,1218.0,1205.5,1211.5,nan,1213.0,28884,2102399760.0,20768,1214.0,18,1213.5,25,nan,0,nan,0,nan,0,nan,0,nan,0,nan,0,nan,0,nan,0
1597988616149370112,1597988616700000000,2020-08-21 13:43:36.700000,1214.0,1218.0,1205.5,1211.5,nan,1213.0,28884,2102399760.0,20768,1214.0,17,1213.5,25,nan,0,nan,0,nan,0,nan,0,nan,0,nan,0,nan,0,nan,0
1597988616656421888,1597988617236999936,2020-08-21 13:43:37.237000,1214.0,1218.0,1205.5,1211.5,nan,1213.0,28884,2102399760.0,20768,1214.0,16,1213.5,25,nan,0,nan,0,nan,0,nan,0,nan,0,nan,0,nan,0,nan,0
1597988619995525888,1597988620223000064,2020-08-21 13:43:40.223000,1214.0,1218.0,1205.5,1211.5,nan,1213.0,28884,2102399760.0,20768,1214.0,16,1213.5,30,nan,0,nan,0,nan,0,nan,0,nan,0,nan,0,nan,0,nan,0
1597988621139923968,1597988621734999808,2020-08-21 13:43:41.735000,1214.0,1218.0,1205.5,1211.5,nan,1213.0,28885,2102472600.0,20767,1214.0,15,1213.5,31,nan,0,nan,0,nan,0,nan,0,nan,0,nan,0,nan,0,nan,0
1597988621637328896,1597988622228000000,2020-08-21 13:43:42.228000,1214.0,1218.0,1205.5,1211.5,nan,1213.0,28900,2103565200.0,20767,1214.5,20,1213.5,31,nan,0,nan,0,nan,0,nan,0,nan,0,nan,0,nan,0,nan,0
1597988622633920000,1597988623226000128,2020-08-21 13:43:43.226000,1214.5,1218.0,1205.5,1211.5,nan,1213.0,28901,2103638070.0,20767,1214.5,19,1213.5,31,nan,0,nan,0,nan,0,nan,0,nan,0,nan,0,nan,0,nan,0
1597988623652982016,1597988624236000000,2020-08-21 13:43:44.236000,1214.5,1218.0,1205.5,1211.5,nan,1213.0,28902,2103710940.0,20767,1214.5,18,1213.5,31,nan,0,nan,0,nan,0,nan,0,nan,0,nan,0,nan,0,nan,0
1597988624674989056,1597988625236999936,2020-08-21 13:43:45.237000,1213.5,1218.0,1205.5,1211.5,nan,1213.0,28903,2103783750.0,20768,1214.5,18,1213.5,31,nan,0,nan,0,nan,0,nan,0,nan,0,nan,0,nan,0,nan,0
1597988634142735104,1597988634729000192,2020-08-21 13:43:54.729000,1213.5,1218.0,1205.5,1211.5,nan,1213.0,28904,2103856560.0,20769,1214.5,18,1213.5,30,nan,0,nan,0,nan,0,nan,0,nan,0,nan,0,nan,0,nan,0
1597988641144717056,1597988641740000000,2020-08-21 13:44:01.740000,1214.0,1218.0,1205.5,1211.5,nan,1213.0,28905,2103929400.0,20770,1214.5,18,1213.5,30,nan,0,nan,0,nan,0,nan,0,nan,0,nan,0,nan,0,nan,0
1597988641645945088,1597988642186000128,2020-08-21 13:44:02.186000,1214.0,1218.0,1205.5,1211.5,nan,1213.0,28905,2103929400.0,20770,1214.5,18,1213.5,32,nan,0,nan,0,nan,0,nan,0,nan,0,nan,0,nan,0,nan,0
1597988644644913920,1597988645231000064,2020-08-21 13:44:05.231000,1214.0,1218.0,1205.5,1211.5,nan,1213.0,28905,2103929400.0,20770,1214.5,18,1213.5,34,nan,0,nan,0,nan,0,nan,0,nan,0,nan,0,nan,0,nan,0
1597988645138438912,1597988645736999936,2020-08-21 13:44:05.737000,1214.0,1218.0,1205.5,1211.5,nan,1213.0,28905,2103929400.0,20770,1214.5,18,1213.5,35,nan,0,nan,0,nan,0,nan,0,nan,0,nan,0,nan,0,nan,0
1597988652633711104,1597988653226000128,2020-08-21 13:44:13.226000,1214.0,1218.0,1205.5,1211.5,nan,1213.0,28905,2103929400.0,20770,1214.0,1,1213.5,35,nan,0,nan,0,nan,0,nan,0,nan,0,nan,0,nan,0,nan,0
1597988653136631040,1597988653736999936,2020-08-21 13:44:13.737000,1214.0,1218.0,1205.5,1211.5,nan,1213.0,28906,2104002240.0,20771,1214.5,18,1213.5,35,nan,0,nan,0,nan,0,nan,0,nan,0,nan,0,nan,0,nan,0
1597988653642835968,1597988654227000064,2020-08-21 13:44:14.227000,1214.0,1218.0,1205.5,1211.5,nan,1213.0,28906,2104002240.0,20771,1214.5,18,1213.5,39,nan,0,nan,0,nan,0,nan,0,nan,0,nan,0,nan,0,nan,0
1597988654146363904,1597988654736000000,2020-08-21 13:44:14.736000,1213.5,1218.0,1205.5,1211.5,nan,1213.0,28911,2104366290.0,20776,1214.5,18,1213.5,35,nan,0,nan,0,nan,0,nan,0,nan,0,nan,0,nan,0,nan,0
1597988654635715072,1597988655224999936,2020-08-21 13:44:15.225000,1213.5,1218.0,1205.5,1211.5,nan,1213.0,28911,2104366290.0,20776,1214.5,18,1213.5,36,nan,0,nan,0,nan,0,nan,0,nan,0,nan,0,nan,0,nan,0
1597988655134113024,1597988655740999936,2020-08-21 13:44:15.741000,1213.5,1218.0,1205.5,1211.5,nan,1213.0,28911,2104366290.0,20776,1214.5,18,1213.5,39,nan,0,nan,0,nan,0,nan,0,nan,0,nan,0,nan,0,nan,0
1597988655634691072,1597988656239000064,2020-08-21 13:44:16.239000,1213.5,1218.0,1205.5,1211.5,nan,1213.0,28911,2104366290.0,20776,1214.5,18,1213.5,41,nan,0,nan,0,nan,0,nan,0,nan,0,nan,0,nan,0,nan,0
1597988660147388928,1597988660744999936,2020-08-21 13:44:20.745000,1213.5,1218.0,1205.5,1211.5,nan,1213.0,28911,2104366290.0,20776,1214.5,19,1213.5,41,nan,0,nan,0,nan,0,nan,0,nan,0,nan,0,nan,0,nan,0
1597988667137359872,1597988667720999936,2020-08-21 13:44:27.721000,1213.5,1218.0,1205.5,1211.5,nan,1213.0,28911,2104366290.0,20776,1214.5,19,1214.0,21,nan,0,nan,0,nan,0,nan,0,nan,0,nan,0,nan,0,nan,0
1597988668134426112,1597988668744000000,2020-08-21 13:44:28.744000,1213.5,1218.0,1205.5,1211.5,nan,1213.0,28911,2104366290.0,20776,1214.5,19,1214.0,25,nan,0,nan,0,nan,0,nan,0,nan,0,nan,0,nan,0,nan,0
1597988668650204928,1597988669232999936,2020-08-21 13:44:29.233000,1213.5,1218.0,1205.5,1211.5,nan,1213.0,28911,2104366290.0,20776,1214.5,11,1214.0,28,nan,0,nan,0,nan,0,nan,0,nan,0,nan,0,nan,0,nan,0
1597988671146893056,1597988671743000064,2020-08-21 13:44:31.743000,1213.5,1218.0,1205.5,1211.5,nan,1213.0,28911,2104366290.0,20776,1214.5,19,1214.0,6,nan,0,nan,0,nan,0,nan,0,nan,0,nan,0,nan,0,nan,0
1597988671635964928,1597988672200999936,2020-08-21 13:44:32.201000,1214.5,1218.0,1205.5,1211.5,nan,1213.0,28912,2104439160.0,20777,1214.5,18,1214.0,3,nan,0,nan,0,nan,0,nan,0,nan,0,nan,0,nan,0,nan,0
1597988673140886016,1597988673737999872,2020-08-21 13:44:33.738000,1214.5,1218.0,1205.5,1211.5,nan,1213.0,28912,2104439160.0,20777,1214.5,19,1214.0,3,nan,0,nan,0,nan,0,nan,0,nan,0,nan,0,nan,0,nan,0
1597988677141694976,1597988677744000000,2020-08-21 13:44:37.744000,1214.5,1218.0,1205.5,1211.5,nan,1213.0,28912,2104439160.0,20777,1214.5,19,1214.0,8,nan,0,nan,0,nan,0,nan,0,nan,0,nan,0,nan,0,nan,0
1597988680138782976,1597988680747000064,2020-08-21 13:44:40.747000,1214.5,1218.0,1205.5,1211.5,nan,1213.0,28912,2104439160.0,20777,1214.5,18,1214.0,8,nan,0,nan,0,nan,0,nan,0,nan,0,nan,0,nan,0,nan,0
1597988682146215936,1597988682739000064,2020-08-21 13:44:42.739000,1214.5,1218.0,1205.5,1211.5,nan,1213.0,28912,2104439160.0,20777,1214.5,18,1214.0,15,nan,0,nan,0,nan,0,nan,0,nan,0,nan,0,nan,0,nan,0
1597988687139960064,1597988687732999936,2020-08-21 13:44:47.733000,1214.0,1218.0,1205.5,1211.5,nan,1213.0,28913,2104512000.0,20776,1214.5,18,1214.0,14,nan,0,nan,0,nan,0,nan,0,nan,0,nan,0,nan,0,nan,0
1597988690634358016,1597988691239000064,2020-08-21 13:44:51.239000,1214.0,1218.0,1205.5,1211.5,nan,1213.0,28915,2104657680.0,20774,1214.5,18,1214.0,12,nan,0,nan,0,nan,0,nan,0,nan,0,nan,0,nan,0,nan,0
1597988691142294016,1597988691719000064,2020-08-21 13:44:51.719000,1214.0,1218.0,1205.5,1211.5,nan,1213.0,28915,2104657680.0,20774,1214.5,18,1214.0,11,nan,0,nan,0,nan,0,nan,0,nan,0,nan,0,nan,0,nan,0
1597988691750204928,1597988692227000064,2020-08-21 13:44:52.227000,1214.5,1218.0,1205.5,1211.5,nan,1213.0,28918,2104876260.0,20777,1214.5,22,1213.5,33,nan,0,nan,0,nan,0,nan,0,nan,0,nan,0,nan,0,nan,0
1597988695653635072,1597988696203000064,2020-08-21 13:44:56.203000,1214.0,1218.0,1205.5,1211.5,nan,1213.0,28919,2104949100.0,20778,1214.5,22,1213.5,34,nan,0,nan,0,nan,0,nan,0,nan,0,nan,0,nan,0,nan,0
1597988696153128960,1597988696728000000,2020-08-21 13:44:56.728000,1214.0,1218.0,1205.5,1211.5,nan,1213.0,28919,2104949100.0,20778,1214.5,22,1213.5,38,nan,0,nan,0,nan,0,nan,0,nan,0,nan,0,nan,0,nan,0
1597988699641705984,1597988700224999936,2020-08-21 13:45:00.225000,1214.5,1218.0,1205.5,1211.5,nan,1213.0,28920,2105021970.0,20778,1214.5,21,1213.5,38,nan,0,nan,0,nan,0,nan,0,nan,0,nan,0,nan,0,nan,0
1597988701696557056,1597988702227000064,2020-08-21 13:45:02.227000,1214.5,1218.0,1205.5,1211.5,nan,1213.0,28920,2105021970.0,20778,1214.5,21,1213.5,39,nan,0,nan,0,nan,0,nan,0,nan,0,nan,0,nan,0,nan,0
1597988702650470912,1597988703240999936,2020-08-21 13:45:03.241000,1214.5,1218.0,1205.5,1211.5,nan,1213.0,28920,2105021970.0,20778,1214.5,21,1213.5,40,nan,0,nan,0,nan,0,nan,0,nan,0,nan,0,nan,0,nan,0
1597988712674872064,1597988713154000128,2020-08-21 13:45:13.154000,1214.5,1218.0,1205.5,1211.5,nan,1213.0,28921,2105094840.0,20778,1214.5,20,1213.5,40,nan,0,nan,0,nan,0,nan,0,nan,0,nan,0,nan,0,nan,0
1597988714156890880,1597988714737999872,2020-08-21 13:45:14.738000,1214.5,1218.0,1205.5,1211.5,nan,1213.0,28921,2105094840.0,20778,1214.5,20,1213.5,35,nan,0,nan,0,nan,0,nan,0,nan,0,nan,0,nan,0,nan,0
1597988714648248064,1597988715236000000,2020-08-21 13:45:15.236000,1214.5,1218.0,1205.5,1211.5,nan,1213.0,28921,2105094840.0,20778,1214.5,20,1214.0,5,nan,0,nan,0,nan,0,nan,0,nan,0,nan,0,nan,0,nan,0
1597988715135188992,1597988715724000000,2020-08-21 13:45:15.724000,1214.5,1218.0,1205.5,1211.5,nan,1213.0,28921,2105094840.0,20778,1214.5,20,1214.0,6,nan,0,nan,0,nan,0,nan,0,nan,0,nan,0,nan,0,nan,0
1597988715635547904,1597988716244999936,2020-08-21 13:45:16.245000,1214.5,1218.0,1205.5,1211.5,nan,1213.0,28921,2105094840.0,20778,1214.5,20,1214.0,7,nan,0,nan,0,nan,0,nan,0,nan,0,nan,0,nan,0,nan,0
1597988721661368064,1597988722248000000,2020-08-21 13:45:22.248000,1214.5,1218.0,1205.5,1211.5,nan,1213.0,28922,2105167710.0,20777,1214.5,19,1214.0,7,nan,0,nan,0,nan,0,nan,0,nan,0,nan,0,nan,0,nan,0
1597988722170280960,1597988722737999872,2020-08-21 13:45:22.738000,1214.5,1218.0,1205.5,1211.5,nan,1213.0,28922,2105167710.0,20777,1214.5,19,1214.0,8,nan,0,nan,0,nan,0,nan,0,nan,0,nan,0,nan,0,nan,0
1597988722661070080,1597988723239000064,2020-08-21 13:45:23.239000,1214.5,1218.0,1205.5,1211.5,nan,1213.0,28924,2105313450.0,20777,1214.5,17,1214.0,15,nan,0,nan,0,nan,0,nan,0,nan,0,nan,0,nan,0,nan,0
1597988724136043008,1597988724739000064,2020-08-21 13:45:24.739000,1214.5,1218.0,1205.5,1211.5,nan,1213.0,28924,2105313450.0,20777,1214.5,16,1214.0,15,nan,0,nan,0,nan,0,nan,0,nan,0,nan,0,nan,0,nan,0
1597988724644151040,1597988725246000128,2020-08-21 13:45:25.246000,1214.5,1218.0,1205.5,1211.5,nan,1213.0,28924,2105313450.0,20777,1214.5,16,1214.0,17,nan,0,nan,0,nan,0,nan,0,nan,0,nan,0,nan,0,nan,0
1597988731134437120,1597988731733999872,2020-08-21 13:45:31.734000,1214.5,1218.0,1205.5,1211.5,nan,1213.0,28930,2105750670.0,20781,1214.5,10,1214.0,17,nan,0,nan,0,nan,0,nan,0,nan,0,nan,0,nan,0,nan,0
1597988731665486080,1597988732242000128,2020-08-21 13:45:32.242000,1214.5,1218.0,1205.5,1211.5,nan,1213.0,28937,2106260760.0,20787,1214.5,5,1214.0,23,nan,0,nan,0,nan,0,nan,0,nan,0,nan,0,nan,0,nan,0
1597988732157281024,1597988732746000128,2020-08-21 13:45:32.746000,1214.5,1218.0,1205.5,1211.5,nan,1213.0,28942,2106625110.0,20789,1215.0,37,1214.0,23,nan,0,nan,0,nan,0,nan,0,nan,0,nan,0,nan,0,nan,0
1597988736145125120,1597988736732000000,2020-08-21 13:45:36.732000,1215.0,1218.0,1205.5,1211.5,nan,1213.0,28943,2106698010.0,20788,1215.0,36,1214.0,23,nan,0,nan,0,nan,0,nan,0,nan,0,nan,0,nan,0,nan,0
1597988737645691904,1597988738197999872,2020-08-21 13:45:38.198000,1215.0,1218.0,1205.5,1211.5,nan,1213.0,28943,2106698010.0,20788,1215.0,36,1214.0,25,nan,0,nan,0,nan,0,nan,0,nan,0,nan,0,nan,0,nan,0
1597988738145152000,1597988738732999936,2020-08-21 13:45:38.733000,1215.0,1218.0,1205.5,1211.5,nan,1213.0,28943,2106698010.0,20788,1215.0,36,1214.0,26,nan,0,nan,0,nan,0,nan,0,nan,0,nan,0,nan,0,nan,0
1597988738642916096,1597988739247000064,2020-08-21 13:45:39.247000,1215.0,1218.0,1205.5,1211.5,nan,1213.0,28943,2106698010.0,20788,1215.0,48,1214.0,30,nan,0,nan,0,nan,0,nan,0,nan,0,nan,0,nan,0,nan,0
1597988753147432960,1597988753742000128,2020-08-21 13:45:53.742000,1215.0,1218.0,1205.5,1211.5,nan,1213.0,28943,2106698010.0,20788,1215.0,49,1214.0,27,nan,0,nan,0,nan,0,nan,0,nan,0,nan,0,nan,0,nan,0
1597988753648432128,1597988754152000000,2020-08-21 13:45:54.152000,1215.0,1218.0,1205.5,1211.5,nan,1213.0,28944,2106770910.0,20788,1215.0,48,1214.0,27,nan,0,nan,0,nan,0,nan,0,nan,0,nan,0,nan,0,nan,0
1597988759146193920,1597988759732000000,2020-08-21 13:45:59.732000,1215.0,1218.0,1205.5,1211.5,nan,1213.0,28944,2106770910.0,20788,1215.0,58,1214.0,27,nan,0,nan,0,nan,0,nan,0,nan,0,nan,0,nan,0,nan,0
1597988762640220928,1597988763230000128,2020-08-21 13:46:03.230000,1215.0,1218.0,1205.5,1211.5,nan,1213.0,28944,2106770910.0,20788,1215.0,58,1214.0,29,nan,0,nan,0,nan,0,nan,0,nan,0,nan,0,nan,0,nan,0
1597988763170606080,1597988763728000000,2020-08-21 13:46:03.728000,1215.0,1218.0,1205.5,1211.5,nan,1213.0,28944,2106770910.0,20788,1215.0,58,1214.0,30,nan,0,nan,0,nan,0,nan,0,nan,0,nan,0,nan,0,nan,0
1597988763649945088,1597988764234999808,2020-08-21 13:46:04.235000,1215.0,1218.0,1205.5,1211.5,nan,1213.0,28945,2106843810.0,20788,1215.0,57,1214.0,30,nan,0,nan,0,nan,0,nan,0,nan,0,nan,0,nan,0,nan,0
1597988773170392064,1597988773743000064,2020-08-21 13:46:13.743000,1215.0,1218.0,1205.5,1211.5,nan,1213.0,28945,2106843810.0,20788,1215.0,58,1214.0,30,nan,0,nan,0,nan,0,nan,0,nan,0,nan,0,nan,0,nan,0
1597988773658030080,1597988774236000000,2020-08-21 13:46:14.236000,1215.0,1218.0,1205.5,1211.5,nan,1213.0,28945,2106843810.0,20788,1215.0,59,1214.0,29,nan,0,nan,0,nan,0,nan,0,nan,0,nan,0,nan,0,nan,0
1597988774153939968,1597988774742000128,2020-08-21 13:46:14.742000,1215.0,1218.0,1205.5,1211.5,nan,1213.0,28946,2106916710.0,20788,1215.0,59,1214.0,30,nan,0,nan,0,nan,0,nan,0,nan,0,nan,0,nan,0,nan,0
1597988774654769920,1597988775232999936,2020-08-21 13:46:15.233000,1215.0,1218.0,1205.5,1211.5,nan,1213.0,28946,2106916710.0,20788,1215.0,80,1214.0,30,nan,0,nan,0,nan,0,nan,0,nan,0,nan,0,nan,0,nan,0
1597988775189586944,1597988775748000000,2020-08-21 13:46:15.748000,1215.0,1218.0,1205.5,1211.5,nan,1213.0,28946,2106916710.0,20788,1214.5,18,1214.0,22,nan,0,nan,0,nan,0,nan,0,nan,0,nan,0,nan,0,nan,0
1597988775689377024,1597988776247000064,2020-08-21 13:46:16.247000,1214.0,1218.0,1205.5,1211.5,nan,1213.0,28958,2107790790.0,20793,1214.5,27,1214.0,5,nan,0,nan,0,nan,0,nan,0,nan,0,nan,0,nan,0,nan,0
1597988776152751104,1597988776736000000,2020-08-21 13:46:16.736000,1214.0,1218.0,1205.5,1211.5,nan,1213.0,28963,2108154990.0,20792,1214.0,15,1213.5,29,nan,0,nan,0,nan,0,nan,0,nan,0,nan,0,nan,0,nan,0
1597988776656841984,1597988777243000064,2020-08-21 13:46:17.243000,1214.0,1218.0,1205.5,1211.5,nan,1213.0,28963,2108154990.0,20792,1214.0,28,1213.5,26,nan,0,nan,0,nan,0,nan,0,nan,0,nan,0,nan,0,nan,0
1597988777659264000,1597988778237999872,2020-08-21 13:46:18.238000,1214.0,1218.0,1205.5,1211.5,nan,1213.0,28964,2108227830.0,20792,1214.0,27,1213.5,26,nan,0,nan,0,nan,0,nan,0,nan,0,nan,0,nan,0,nan,0
1597988778146082048,1597988778734999808,2020-08-21 13:46:18.735000,1214.0,1218.0,1205.5,1211.5,nan,1213.0,28965,2108300670.0,20792,1214.0,26,1213.5,26,nan,0,nan,0,nan,0,nan,0,nan,0,nan,0,nan,0,nan,0
1597988781645392896,1597988782213999872,2020-08-21 13:46:22.214000,1213.5,1218.0,1205.5,1211.5,nan,1213.0,28967,2108446290.0,20792,1214.0,26,1213.5,24,nan,0,nan,0,nan,0,nan,0,nan,0,nan,0,nan,0,nan,0
1597988790649041920,1597988791211000064,2020-08-21 13:46:31.211000,1213.5,1218.0,1205.5,1211.5,nan,1213.0,28967,2108446290.0,20792,1214.0,26,1213.5,29,nan,0,nan,0,nan,0,nan,0,nan,0,nan,0,nan,0,nan,0
1597988791150937088,1597988791744000000,2020-08-21 13:46:31.744000,1214.0,1218.0,1205.5,1211.5,nan,1213.0,28968,2108519130.0,20792,1214.0,25,1213.5,32,nan,0,nan,0,nan,0,nan,0,nan,0,nan,0,nan,0,nan,0
1597988791646772992,1597988792231000064,2020-08-21 13:46:32.231000,1213.5,1218.0,1205.5,1211.5,nan,1213.0,28969,2108591940.0,20793,1214.0,25,1213.5,31,nan,0,nan,0,nan,0,nan,0,nan,0,nan,0,nan,0,nan,0
1597988792638473984,1597988793237999872,2020-08-21 13:46:33.238000,1213.5,1218.0,1205.5,1211.5,nan,1213.0,28969,2108591940.0,20793,1214.0,25,1213.5,26,nan,0,nan,0,nan,0,nan,0,nan,0,nan,0,nan,0,nan,0
1597988794131567104,1597988794739000064,2020-08-21 13:46:34.739000,1213.5,1218.0,1205.5,1211.5,nan,1213.0,28969,2108591940.0,20793,1214.0,25,1213.5,23,nan,0,nan,0,nan,0,nan,0,nan,0,nan,0,nan,0,nan,0
1597988794634541056,1597988795196000000,2020-08-21 13:46:35.196000,1213.5,1218.0,1205.5,1211.5,nan,1213.0,28969,2108591940.0,20793,1214.0,25,1213.5,28,nan,0,nan,0,nan,0,nan,0,nan,0,nan,0,nan,0,nan,0
1597988803650703872,1597988804246000128,2020-08-21 13:46:44.246000,1213.5,1218.0,1205.5,1211.5,nan,1213.0,28969,2108591940.0,20793,1214.0,31,1213.5,20,nan,0,nan,0,nan,0,nan,0,nan,0,nan,0,nan,0,nan,0
1597988804142678016,1597988804748000000,2020-08-21 13:46:44.748000,1214.0,1218.0,1205.5,1211.5,nan,1213.0,28970,2108664780.0,20793,1214.0,31,1213.5,20,nan,0,nan,0,nan,0,nan,0,nan,0,nan,0,nan,0,nan,0
1597988809141808128,1597988809740000000,2020-08-21 13:46:49.740000,1213.5,1218.0,1205.5,1211.5,nan,1213.0,28990,2110120980.0,20789,1213.5,1,1213.0,42,nan,0,nan,0,nan,0,nan,0,nan,0,nan,0,nan,0,nan,0
1597988809637465088,1597988810219000064,2020-08-21 13:46:50.219000,1213.5,1218.0,1205.5,1211.5,nan,1213.0,28991,2110193790.0,20790,1213.5,30,1213.0,43,nan,0,nan,0,nan,0,nan,0,nan,0,nan,0,nan,0,nan,0
1597988810135406080,1597988810744999936,2020-08-21 13:46:50.745000,1213.5,1218.0,1205.5,1211.5,nan,1213.0,28991,2110193790.0,20790,1213.5,30,1213.0,34,nan,0,nan,0,nan,0,nan,0,nan,0,nan,0,nan,0,nan,0
1597988810637147904,1597988811244999936,2020-08-21 13:46:51.245000,1213.5,1218.0,1205.5,1211.5,nan,1213.0,28991,2110193790.0,20790,1213.5,32,1213.0,34,nan,0,nan,0,nan,0,nan,0,nan,0,nan,0,nan,0,nan,0
1597988811642991104,1597988812234999808,2020-08-21 13:46:52.235000,1213.5,1218.0,1205.5,1211.5,nan,1213.0,28991,2110193790.0,20790,1213.5,32,1213.0,35,nan,0,nan,0,nan,0,nan,0,nan,0,nan,0,nan,0,nan,0
1597988812134661120,1597988812694000128,2020-08-21 13:46:52.694000,1213.5,1218.0,1205.5,1211.5,nan,1213.0,28991,2110193790.0,20790,1213.5,32,1213.0,34,nan,0,nan,0,nan,0,nan,0,nan,0,nan,0,nan,0,nan,0
1597988812647603968,1597988813203000064,2020-08-21 13:46:53.203000,1213.0,1218.0,1205.5,1211.5,nan,1213.0,28993,2110339350.0,20789,1213.5,32,1213.0,33,nan,0,nan,0,nan,0,nan,0,nan,0,nan,0,nan,0,nan,0
1597988813143920896,1597988813748000000,2020-08-21 13:46:53.748000,1213.0,1218.0,1205.5,1211.5,nan,1213.0,28995,2110484940.0,20789,1213.5,32,1213.0,29,nan,0,nan,0,nan,0,nan,0,nan,0,nan,0,nan,0,nan,0
1597988813845122048,1597988814229000192,2020-08-21 13:46:54.229000,1213.0,1218.0,1205.5,1211.5,nan,1213.0,28995,2110484940.0,20789,1213.5,32,1213.0,24,nan,0,nan,0,nan,0,nan,0,nan,0,nan,0,nan,0,nan,0
1597988814635878912,1597988815136000000,2020-08-21 13:46:55.136000,1213.0,1218.0,1205.5,1211.5,nan,1213.0,28996,2110557720.0,20789,1213.5,32,1213.0,23,nan,0,nan,0,nan,0,nan,0,nan,0,nan,0,nan,0,nan,0
1597988815140118016,1597988815749000192,2020-08-21 13:46:55.749000,1213.0,1218.0,1205.5,1211.5,nan,1213.0,29000,2110848840.0,20789,1213.5,32,1213.0,19,nan,0,nan,0,nan,0,nan,0,nan,0,nan,0,nan,0,nan,0
1597988816146685952,1597988816748000000,2020-08-21 13:46:56.748000,1213.0,1218.0,1205.5,1211.5,nan,1213.0,29000,2110848840.0,20789,1213.5,30,1213.0,19,nan,0,nan,0,nan,0,nan,0,nan,0,nan,0,nan,0,nan,0
1597988825640893952,1597988826242000128,2020-08-21 13:47:06.242000,1213.0,1218.0,1205.5,1211.5,nan,1213.0,29001,2110921620.0,20789,1213.5,30,1213.0,18,nan,0,nan,0,nan,0,nan,0,nan,0,nan,0,nan,0,nan,0
1597988826138296064,1597988826736999936,2020-08-21 13:47:06.737000,1213.0,1218.0,1205.5,1211.5,nan,1213.0,29001,2110921620.0,20789,1213.5,30,1213.0,20,nan,0,nan,0,nan,0,nan,0,nan,0,nan,0,nan,0,nan,0
1597988830649017088,1597988831242000128,2020-08-21 13:47:11.242000,1213.0,1218.0,1205.5,1211.5,nan,1213.0,29001,2110921620.0,20789,1213.5,30,1213.0,21,nan,0,nan,0,nan,0,nan,0,nan,0,nan,0,nan,0,nan,0
1597988833645882880,1597988834234999808,2020-08-21 13:47:14.235000,1213.0,1218.0,1205.5,1211.5,nan,1213.0,29003,2111067180.0,20790,1213.5,30,1213.0,19,nan,0,nan,0,nan,0,nan,0,nan,0,nan,0,nan,0,nan,0
1597988840144194048,1597988840747000064,2020-08-21 13:47:20.747000,1213.0,1218.0,1205.5,1211.5,nan,1213.0,29003,2111067180.0,20790,1213.5,33,1213.0,19,nan,0,nan,0,nan,0,nan,0,nan,0,nan,0,nan,0,nan,0
1597988842645541120,1597988843231000064,2020-08-21 13:47:23.231000,1213.5,1218.0,1205.5,1211.5,nan,1213.0,29004,2111139990.0,20789,1213.5,32,1213.0,19,nan,0,nan,0,nan,0,nan,0,nan,0,nan,0,nan,0,nan,0
1597988845632260096,1597988846181999872,2020-08-21 13:47:26.182000,1213.5,1218.0,1205.5,1211.5,nan,1213.0,29004,2111139990.0,20789,1213.5,33,1213.0,19,nan,0,nan,0,nan,0,nan,0,nan,0,nan,0,nan,0,nan,0
1597988847640835072,1597988848229000192,2020-08-21 13:47:28.229000,1213.5,1218.0,1205.5,1211.5,nan,1213.0,29004,2111139990.0,20789,1213.5,30,1213.0,19,nan,0,nan,0,nan,0,nan,0,nan,0,nan,0,nan,0,nan,0
1597988851643283968,1597988852148999936,2020-08-21 13:47:32.149000,1213.5,1218.0,1205.5,1211.5,nan,1213.0,29004,2111139990.0,20789,1213.5,30,1213.0,20,nan,0,nan,0,nan,0,nan,0,nan,0,nan,0,nan,0,nan,0
1597988852138130944,1597988852728000000,2020-08-21 13:47:32.728000,1213.5,1218.0,1205.5,1211.5,nan,1213.0,29004,2111139990.0,20789,1213.5,30,1213.0,22,nan,0,nan,0,nan,0,nan,0,nan,0,nan,0,nan,0,nan,0
1597988853143947008,1597988853701999872,2020-08-21 13:47:33.702000,1213.5,1218.0,1205.5,1211.5,nan,1213.0,29004,2111139990.0,20789,1213.5,31,1213.0,22,nan,0,nan,0,nan,0,nan,0,nan,0,nan,0,nan,0,nan,0
1597988863148729088,1597988863747000064,2020-08-21 13:47:43.747000,1213.5,1218.0,1205.5,1211.5,nan,1213.0,29006,2111285610.0,20787,1213.5,29,1213.0,23,nan,0,nan,0,nan,0,nan,0,nan,0,nan,0,nan,0,nan,0
1597988869146949888,1597988869664999936,2020-08-21 13:47:49.665000,1213.5,1218.0,1205.5,1211.5,nan,1213.0,29021,2112377760.0,20783,1213.5,14,1213.0,23,nan,0,nan,0,nan,0,nan,0,nan,0,nan,0,nan,0,nan,0
1597988869635805952,1597988870221999872,2020-08-21 13:47:50.222000,1213.5,1218.0,1205.5,1211.5,nan,1213.0,29035,2113397100.0,20773,1214.0,40,1213.0,40,nan,0,nan,0,nan,0,nan,0,nan,0,nan,0,nan,0,nan,0
1597988873140271104,1597988873740999936,2020-08-21 13:47:53.741000,1213.5,1218.0,1205.5,1211.5,nan,1213.0,29035,2113397100.0,20773,1214.0,40,1213.5,10,nan,0,nan,0,nan,0,nan,0,nan,0,nan,0,nan,0,nan,0
1597988873646054912,1597988874194000128,2020-08-21 13:47:54.194000,1213.5,1218.0,1205.5,1211.5,nan,1213.0,29035,2113397100.0,20773,1214.0,40,1213.5,14,nan,0,nan,0,nan,0,nan,0,nan,0,nan,0,nan,0,nan,0
1597988874146042112,1597988874732999936,2020-08-21 13:47:54.733000,1213.5,1218.0,1205.5,1211.5,nan,1213.0,29035,2113397100.0,20773,1214.0,40,1213.5,17,nan,0,nan,0,nan,0,nan,0,nan,0,nan,0,nan,0,nan,0
1597988876640852992,1597988877247000064,2020-08-21 13:47:57.247000,1213.5,1218.0,1205.5,1211.5,nan,1213.0,29035,2113397100.0,20773,1214.0,17,1213.5,20,nan,0,nan,0,nan,0,nan,0,nan,0,nan,0,nan,0,nan,0
1597988882142916096,1597988882727000064,2020-08-21 13:48:02.727000,1213.5,1218.0,1205.5,1211.5,nan,1213.0,29035,2113397100.0,20773,1214.0,17,1213.5,21,nan,0,nan,0,nan,0,nan,0,nan,0,nan,0,nan,0,nan,0
1597988893641360896,1597988894248000000,2020-08-21 13:48:14.248000,1213.5,1218.0,1205.5,1211.5,nan,1213.0,29036,2113469910.0,20773,1214.0,18,1213.5,20,nan,0,nan,0,nan,0,nan,0,nan,0,nan,0,nan,0,nan,0
1597988903641882880,1597988904240000000,2020-08-21 13:48:24.240000,1213.5,1218.0,1205.5,1211.5,nan,1213.0,29036,2113469910.0,20773,1214.0,17,1213.5,20,nan,0,nan,0,nan,0,nan,0,nan,0,nan,0,nan,0,nan,0
1597988906650672128,1597988907216999936,2020-08-21 13:48:27.217000,1214.0,1218.0,1205.5,1211.5,nan,1213.0,29047,2114271150.0,20766,1214.5,21,1213.5,26,nan,0,nan,0,nan,0,nan,0,nan,0,nan,0,nan,0,nan,0
1597988907704903936,1597988908249000192,2020-08-21 13:48:28.249000,1214.0,1218.0,1205.5,1211.5,nan,1213.0,29047,2114271150.0,20766,1214.5,21,1213.5,28,nan,0,nan,0,nan,0,nan,0,nan,0,nan,0,nan,0,nan,0
1597988908200627968,1597988908743000064,2020-08-21 13:48:28.743000,1214.0,1218.0,1205.5,1211.5,nan,1213.0,29047,2114271150.0,20766,1214.5,22,1214.0,14,nan,0,nan,0,nan,0,nan,0,nan,0,nan,0,nan,0,nan,0
1597988908689061888,1597988909249999872,2020-08-21 13:48:29.250000,1214.0,1218.0,1205.5,1211.5,nan,1213.0,29047,2114271150.0,20766,1214.5,17,1214.0,19,nan,0,nan,0,nan,0,nan,0,nan,0,nan,0,nan,0,nan,0
1597988909189315072,1597988909748000000,2020-08-21 13:48:29.748000,1214.0,1218.0,1205.5,1211.5,nan,1213.0,29047,2114271150.0,20766,1214.5,14,1214.0,23,nan,0,nan,0,nan,0,nan,0,nan,0,nan,0,nan,0,nan,0
1597988915152273920,1597988915744000000,2020-08-21 13:48:35.744000,1214.0,1218.0,1205.5,1211.5,nan,1213.0,29047,2114271150.0,20766,1214.5,8,1214.0,27,nan,0,nan,0,nan,0,nan,0,nan,0,nan,0,nan,0,nan,0
1597988915649604096,1597988916243000064,2020-08-21 13:48:36.243000,1214.0,1218.0,1205.5,1211.5,nan,1213.0,29060,2115218430.0,20767,1215.0,48,1214.0,26,nan,0,nan,0,nan,0,nan,0,nan,0,nan,0,nan,0,nan,0
1597988921669364992,1597988922231000064,2020-08-21 13:48:42.231000,1214.0,1218.0,1205.5,1211.5,nan,1213.0,29061,2115291270.0,20766,1215.0,48,1214.0,25,nan,0,nan,0,nan,0,nan,0,nan,0,nan,0,nan,0,nan,0
1597988922144495104,1597988922746000128,2020-08-21 13:48:42.746000,1214.0,1218.0,1205.5,1211.5,nan,1213.0,29061,2115291270.0,20766,1214.5,3,1214.0,25,nan,0,nan,0,nan,0,nan,0,nan,0,nan,0,nan,0,nan,0
1597988924139044096,1597988924740000000,2020-08-21 13:48:44.740000,1214.0,1218.0,1205.5,1211.5,nan,1213.0,29061,2115291270.0,20766,1215.0,48,1214.0,25,nan,0,nan,0,nan,0,nan,0,nan,0,nan,0,nan,0,nan,0
1597988924639854080,1597988925240999936,2020-08-21 13:48:45.241000,1215.0,1218.0,1205.5,1211.5,nan,1213.0,29062,2115364170.0,20766,1215.0,47,1214.0,25,nan,0,nan,0,nan,0,nan,0,nan,0,nan,0,nan,0,nan,0
1597988929171780096,1597988929712999936,2020-08-21 13:48:49.713000,1215.0,1218.0,1205.5,1211.5,nan,1213.0,29062,2115364170.0,20766,1215.0,45,1214.0,25,nan,0,nan,0,nan,0,nan,0,nan,0,nan,0,nan,0,nan,0
1597988929703655936,1597988930249999872,2020-08-21 13:48:50.250000,1215.0,1218.0,1205.5,1211.5,nan,1213.0,29062,2115364170.0,20766,1215.0,47,1214.0,31,nan,0,nan,0,nan,0,nan,0,nan,0,nan,0,nan,0,nan,0
1597988930141782016,1597988930744000000,2020-08-21 13:48:50.744000,1215.0,1218.0,1205.5,1211.5,nan,1213.0,29062,2115364170.0,20766,1215.0,45,1214.0,31,nan,0,nan,0,nan,0,nan,0,nan,0,nan,0,nan,0,nan,0
1597988930638465024,1597988931204000000,2020-08-21 13:48:51.204000,1215.0,1218.0,1205.5,1211.5,nan,1213.0,29062,2115364170.0,20766,1215.0,48,1214.0,31,nan,0,nan,0,nan,0,nan,0,nan,0,nan,0,nan,0,nan,0
1597988931137188096,1597988931733999872,2020-08-21 13:48:51.734000,1215.0,1218.0,1205.5,1211.5,nan,1213.0,29062,2115364170.0,20766,1215.0,48,1214.0,32,nan,0,nan,0,nan,0,nan,0,nan,0,nan,0,nan,0,nan,0
1597988932645082112,1597988933204999936,2020-08-21 13:48:53.205000,1214.0,1218.0,1205.5,1211.5,nan,1213.0,29063,2115437010.0,20765,1215.0,48,1214.0,32,nan,0,nan,0,nan,0,nan,0,nan,0,nan,0,nan,0,nan,0
1597988933145356032,1597988933730000128,2020-08-21 13:48:53.730000,1214.0,1218.0,1205.5,1211.5,nan,1213.0,29063,2115437010.0,20765,1215.0,49,1214.0,32,nan,0,nan,0,nan,0,nan,0,nan,0,nan,0,nan,0,nan,0
1597988933643270912,1597988934084000000,2020-08-21 13:48:54.084000,1214.0,1218.0,1205.5,1211.5,nan,1213.0,29063,2115437010.0,20765,1215.0,51,1214.0,32,nan,0,nan,0,nan,0,nan,0,nan,0,nan,0,nan,0,nan,0
1597988938139181056,1597988938720999936,2020-08-21 13:48:58.721000,1214.5,1218.0,1205.5,1211.5,nan,1213.0,29065,2115582750.0,20765,1215.0,51,1214.0,32,nan,0,nan,0,nan,0,nan,0,nan,0,nan,0,nan,0,nan,0
1597988938643444992,1597988939226000128,2020-08-21 13:48:59.226000,1214.5,1218.0,1205.5,1211.5,nan,1213.0,29065,2115582750.0,20765,1215.0,49,1214.0,32,nan,0,nan,0,nan,0,nan,0,nan,0,nan,0,nan,0,nan,0
1597988941143412992,1597988941723000064,2020-08-21 13:49:01.723000,1214.5,1218.0,1205.5,1211.5,nan,1213.0,29065,2115582750.0,20765,1215.0,51,1214.0,32,nan,0,nan,0,nan,0,nan,0,nan,0,nan,0,nan,0,nan,0
1597988941691420928,1597988942240999936,2020-08-21 13:49:02.241000,1214.0,1218.0,1205.5,1211.5,nan,1213.0,29067,2115728430.0,20765,1215.0,51,1214.0,30,nan,0,nan,0,nan,0,nan,0,nan,0,nan,0,nan,0,nan,0
1597988942152395008,1597988942744000000,2020-08-21 13:49:02.744000,1214.5,1218.0,1205.5,1211.5,nan,1213.0,29070,2115947040.0,20768,1215.0,51,1214.0,31,nan,0,nan,0,nan,0,nan,0,nan,0,nan,0,nan,0,nan,0
1597988943141295104,1597988943743000064,2020-08-21 13:49:03.743000,1214.5,1218.0,1205.5,1211.5,nan,1213.0,29070,2115947040.0,20768,1215.0,51,1214.0,41,nan,0,nan,0,nan,0,nan,0,nan,0,nan,0,nan,0,nan,0
1597988943641519104,1597988944233999872,2020-08-21 13:49:04.234000,1214.0,1218.0,1205.5,1211.5,nan,1213.0,29071,2116019880.0,20767,1215.0,51,1214.0,40,nan,0,nan,0,nan,0,nan,0,nan,0,nan,0,nan,0,nan,0
1597988947138440960,1597988947742000128,2020-08-21 13:49:07.742000,1214.0,1218.0,1205.5,1211.5,nan,1213.0,29071,2116019880.0,20767,1215.0,49,1214.0,40,nan,0,nan,0,nan,0,nan,0,nan,0,nan,0,nan,0,nan,0
1597988951143912960,1597988951731000064,2020-08-21 13:49:11.731000,1214.0,1218.0,1205.5,1211.5,nan,1213.0,29071,2116019880.0,20767,1215.0,51,1214.0,40,nan,0,nan,0,nan,0,nan,0,nan,0,nan,0,nan,0,nan,0
1597988953156967936,1597988953721999872,2020-08-21 13:49:13.722000,1214.0,1218.0,1205.5,1211.5,nan,1213.0,29071,2116019880.0,20767,1215.0,52,1214.0,40,nan,0,nan,0,nan,0,nan,0,nan,0,nan,0,nan,0,nan,0
1597988954149452032,1597988954747000064,2020-08-21 13:49:14.747000,1214.5,1218.0,1205.5,1211.5,nan,1213.0,29072,2116092750.0,20768,1215.0,52,1214.0,40,nan,0,nan,0,nan,0,nan,0,nan,0,nan,0,nan,0,nan,0
1597988955649743104,1597988956247000064,2020-08-21 13:49:16.247000,1214.5,1218.0,1205.5,1211.5,nan,1213.0,29072,2116092750.0,20768,1215.0,51,1214.0,40,nan,0,nan,0,nan,0,nan,0,nan,0,nan,0,nan,0,nan,0
1597988956144595968,1597988956726000128,2020-08-21 13:49:16.726000,1214.5,1218.0,1205.5,1211.5,nan,1213.0,29072,2116092750.0,20768,1215.0,53,1214.0,40,nan,0,nan,0,nan,0,nan,0,nan,0,nan,0,nan,0,nan,0
1597988962638676992,1597988963243000064,2020-08-21 13:49:23.243000,1215.0,1218.0,1205.5,1211.5,nan,1213.0,29073,2116165650.0,20767,1215.0,50,1214.0,40,nan,0,nan,0,nan,0,nan,0,nan,0,nan,0,nan,0,nan,0
1597988963150670080,1597988963732000000,2020-08-21 13:49:23.732000,1215.0,1218.0,1205.5,1211.5,nan,1213.0,29073,2116165650.0,20767,1215.0,52,1214.0,40,nan,0,nan,0,nan,0,nan,0,nan,0,nan,0,nan,0,nan,0
1597988963656410880,1597988964247000064,2020-08-21 13:49:24.247000,1215.0,1218.0,1205.5,1211.5,nan,1213.0,29073,2116165650.0,20767,1215.0,52,1214.0,36,nan,0,nan,0,nan,0,nan,0,nan,0,nan,0,nan,0,nan,0
1597988964153306880,1597988964747000064,2020-08-21 13:49:24.747000,1215.0,1218.0,1205.5,1211.5,nan,1213.0,29073,2116165650.0,20767,1215.0,52,1214.0,40,nan,0,nan,0,nan,0,nan,0,nan,0,nan,0,nan,0,nan,0
1597988972135785984,1597988972749000192,2020-08-21 13:49:32.749000,1215.0,1218.0,1205.5,1211.5,nan,1213.0,29073,2116165650.0,20767,1215.0,53,1214.0,40,nan,0,nan,0,nan,0,nan,0,nan,0,nan,0,nan,0,nan,0
1597988973641244928,1597988974236000000,2020-08-21 13:49:34.236000,1215.0,1218.0,1205.5,1211.5,nan,1213.0,29073,2116165650.0,20767,1215.0,54,1214.0,40,nan,0,nan,0,nan,0,nan,0,nan,0,nan,0,nan,0,nan,0
1597988975146211072,1597988975592999936,2020-08-21 13:49:35.593000,1215.0,1218.0,1205.5,1211.5,nan,1213.0,29073,2116165650.0,20767,1215.0,51,1214.0,40,nan,0,nan,0,nan,0,nan,0,nan,0,nan,0,nan,0,nan,0
1597988975663365888,1597988976232999936,2020-08-21 13:49:36.233000,1215.0,1218.0,1205.5,1211.5,nan,1213.0,29074,2116238550.0,20767,1215.0,51,1214.0,40,nan,0,nan,0,nan,0,nan,0,nan,0,nan,0,nan,0,nan,0
1597988976148387072,1597988976747000064,2020-08-21 13:49:36.747000,1215.0,1218.0,1205.5,1211.5,nan,1213.0,29074,2116238550.0,20767,1215.0,52,1214.0,40,nan,0,nan,0,nan,0,nan,0,nan,0,nan,0,nan,0,nan,0
1597988978147441920,1597988978728000000,2020-08-21 13:49:38.728000,1215.0,1218.0,1205.5,1211.5,nan,1213.0,29075,2116311450.0,20766,1215.0,51,1214.0,40,nan,0,nan,0,nan,0,nan,0,nan,0,nan,0,nan,0,nan,0
1597988980156580096,1597988980744999936,2020-08-21 13:49:40.745000,1215.0,1218.0,1205.5,1211.5,nan,1213.0,29075,2116311450.0,20766,1215.0,50,1214.0,40,nan,0,nan,0,nan,0,nan,0,nan,0,nan,0,nan,0,nan,0
1597988995636750080,1597988996198999808,2020-08-21 13:49:56.199000,1215.0,1218.0,1205.5,1211.5,nan,1213.0,29075,2116311450.0,20766,1215.0,50,1214.0,45,nan,0,nan,0,nan,0,nan,0,nan,0,nan,0,nan,0,nan,0
1597988996139177984,1597988996739000064,2020-08-21 13:49:56.739000,1215.0,1218.0,1205.5,1211.5,nan,1213.0,29075,2116311450.0,20766,1215.0,50,1214.0,46,nan,0,nan,0,nan,0,nan,0,nan,0,nan,0,nan,0,nan,0
1597988997638465024,1597988998229000192,2020-08-21 13:49:58.229000,1215.0,1218.0,1205.5,1211.5,nan,1213.0,29075,2116311450.0,20766,1214.5,2,1214.0,46,nan,0,nan,0,nan,0,nan,0,nan,0,nan,0,nan,0,nan,0
1597988998137144064,1597988998727000064,2020-08-21 13:49:58.727000,1215.0,1218.0,1205.5,1211.5,nan,1213.0,29075,2116311450.0,20766,1214.5,3,1214.0,46,nan,0,nan,0,nan,0,nan,0,nan,0,nan,0,nan,0,nan,0
1597988998635374080,1597988999134000128,2020-08-21 13:49:59.134000,1214.0,1218.0,1205.5,1211.5,nan,1213.0,29076,2116384290.0,20766,1214.5,2,1214.0,45,nan,0,nan,0,nan,0,nan,0,nan,0,nan,0,nan,0,nan,0
1597989000146864896,1597989000737999872,2020-08-21 13:50:00.738000,1214.5,1218.0,1205.5,1211.5,nan,1213.0,29078,2116530030.0,20767,1215.0,61,1214.0,45,nan,0,nan,0,nan,0,nan,0,nan,0,nan,0,nan,0,nan,0
1597989001643696896,1597989002236999936,2020-08-21 13:50:02.237000,1214.5,1218.0,1205.5,1211.5,nan,1213.0,29078,2116530030.0,20767,1215.0,61,1214.0,47,nan,0,nan,0,nan,0,nan,0,nan,0,nan,0,nan,0,nan,0
1597989006138541056,1597989006714999808,2020-08-21 13:50:06.715000,1215.0,1218.0,1205.5,1211.5,nan,1213.0,29079,2116602930.0,20767,1215.0,60,1214.0,47,nan,0,nan,0,nan,0,nan,0,nan,0,nan,0,nan,0,nan,0
1597989007140026112,1597989007707000064,2020-08-21 13:50:07.707000,1215.0,1218.0,1205.5,1211.5,nan,1213.0,29079,2116602930.0,20767,1215.0,48,1214.0,47,nan,0,nan,0,nan,0,nan,0,nan,0,nan,0,nan,0,nan,0
1597989007638074880,1597989008148000000,2020-08-21 13:50:08.148000,1215.0,1218.0,1205.5,1211.5,nan,1213.0,29079,2116602930.0,20767,1215.0,60,1214.0,47,nan,0,nan,0,nan,0,nan,0,nan,0,nan,0,nan,0,nan,0
1597989008635715072,1597989009219000064,2020-08-21 13:50:09.219000,1215.0,1218.0,1205.5,1211.5,nan,1213.0,29079,2116602930.0,20767,1215.0,48,1214.0,47,nan,0,nan,0,nan,0,nan,0,nan,0,nan,0,nan,0,nan,0
1597989009645565952,1597989010228000000,2020-08-21 13:50:10.228000,1215.0,1218.0,1205.5,1211.5,nan,1213.0,29080,2116675830.0,20767,1215.0,48,1214.0,47,nan,0,nan,0,nan,0,nan,0,nan,0,nan,0,nan,0,nan,0
1597989011793030912,1597989012249000192,2020-08-21 13:50:12.249000,1215.0,1218.0,1205.5,1211.5,nan,1213.0,29081,2116748730.0,20768,1215.0,48,1214.0,47,nan,0,nan,0,nan,0,nan,0,nan,0,nan,0,nan,0,nan,0
1597989013632293120,1597989014229000192,2020-08-21 13:50:14.229000,1215.0,1218.0,1205.5,1211.5,nan,1213.0,29083,2116894530.0,20770,1215.0,56,1214.0,47,nan,0,nan,0,nan,0,nan,0,nan,0,nan,0,nan,0,nan,0
1597989014642120960,1597989015250999808,2020-08-21 13:50:15.251000,1215.0,1218.0,1205.5,1211.5,nan,1213.0,29083,2116894530.0,20770,1215.0,57,1214.0,47,nan,0,nan,0,nan,0,nan,0,nan,0,nan,0,nan,0,nan,0
1597989015141744896,1597989015712000000,2020-08-21 13:50:15.712000,1215.0,1218.0,1205.5,1211.5,nan,1213.0,29083,2116894530.0,20770,1215.0,57,1214.5,1,nan,0,nan,0,nan,0,nan,0,nan,0,nan,0,nan,0,nan,0
1597989015637281024,1597989016230000128,2020-08-21 13:50:16.230000,1214.5,1218.0,1205.5,1211.5,nan,1213.0,29094,2117696100.0,20760,1214.5,4,1214.0,38,nan,0,nan,0,nan,0,nan,0,nan,0,nan,0,nan,0,nan,0
1597989016141497088,1597989016681999872,2020-08-21 13:50:16.682000,1214.5,1218.0,1205.5,1211.5,nan,1213.0,29095,2117768970.0,20760,1214.5,3,1214.0,43,nan,0,nan,0,nan,0,nan,0,nan,0,nan,0,nan,0,nan,0
1597989017637004032,1597989018247000064,2020-08-21 13:50:18.247000,1214.5,1218.0,1205.5,1211.5,nan,1213.0,29096,2117841840.0,20760,1214.5,2,1214.0,43,nan,0,nan,0,nan,0,nan,0,nan,0,nan,0,nan,0,nan,0
1597989019144641024,1597989019749000192,2020-08-21 13:50:19.749000,1214.5,1218.0,1205.5,1211.5,nan,1213.0,29097,2117914710.0,20760,1214.5,3,1214.0,43,nan,0,nan,0,nan,0,nan,0,nan,0,nan,0,nan,0,nan,0
1597989025146735104,1597989025740000000,2020-08-21 13:50:25.740000,1214.5,1218.0,1205.5,1211.5,nan,1213.0,29100,2118133320.0,20760,1215.0,56,1214.5,6,nan,0,nan,0,nan,0,nan,0,nan,0,nan,0,nan,0,nan,0
1597989025654734080,1597989026192000000,2020-08-21 13:50:26.192000,1215.0,1218.0,1205.5,1211.5,nan,1213.0,29112,2119007970.0,20764,1215.0,48,1214.5,18,nan,0,nan,0,nan,0,nan,0,nan,0,nan,0,nan,0,nan,0
1597989026158283008,1597989026694000128,2020-08-21 13:50:26.694000,1214.5,1218.0,1205.5,1211.5,nan,1213.0,29113,2119080840.0,20764,1215.0,48,1214.5,18,nan,0,nan,0,nan,0,nan,0,nan,0,nan,0,nan,0,nan,0
1597989028137477888,1597989028748000000,2020-08-21 13:50:28.748000,1214.5,1218.0,1205.5,1211.5,nan,1213.0,29117,2119372320.0,20764,1215.0,44,1214.5,14,nan,0,nan,0,nan,0,nan,0,nan,0,nan,0,nan,0,nan,0
1597989028643366912,1597989029248000000,2020-08-21 13:50:29.248000,1214.5,1218.0,1205.5,1211.5,nan,1213.0,29117,2119372320.0,20764,1215.0,44,1214.5,23,nan,0,nan,0,nan,0,nan,0,nan,0,nan,0,nan,0,nan,0
1597989029138545920,1597989029740999936,2020-08-21 13:50:29.741000,1214.5,1218.0,1205.5,1211.5,nan,1213.0,29118,2119445190.0,20764,1215.0,43,1214.5,22,nan,0,nan,0,nan,0,nan,0,nan,0,nan,0,nan,0,nan,0
1597989030148359936,1597989030747000064,2020-08-21 13:50:30.747000,1214.5,1218.0,1205.5,1211.5,nan,1213.0,29119,2119518060.0,20764,1215.0,42,1214.5,21,nan,0,nan,0,nan,0,nan,0,nan,0,nan,0,nan,0,nan,0
1597989033648506112,1597989034249999872,2020-08-21 13:50:34.250000,1214.5,1218.0,1205.5,1211.5,nan,1213.0,29121,2119663800.0,20765,1215.0,40,1214.5,19,nan,0,nan,0,nan,0,nan,0,nan,0,nan,0,nan,0,nan,0
1597989034148836096,1597989034737999872,2020-08-21 13:50:34.738000,1215.0,1218.0,1205.5,1211.5,nan,1213.0,29122,2119736700.0,20766,1215.0,40,1214.5,19,nan,0,nan,0,nan,0,nan,0,nan,0,nan,0,nan,0,nan,0
1597989034654359040,1597989035196000000,2020-08-21 13:50:35.196000,1214.5,1218.0,1205.5,1211.5,nan,1213.0,29123,2119809570.0,20766,1215.0,40,1214.5,18,nan,0,nan,0,nan,0,nan,0,nan,0,nan,0,nan,0,nan,0
1597989046148504064,1597989046686000128,2020-08-21 13:50:46.686000,1214.5,1218.0,1205.5,1211.5,nan,1213.0,29123,2119809570.0,20766,1215.0,42,1214.5,18,nan,0,nan,0,nan,0,nan,0,nan,0,nan,0,nan,0,nan,0
1597989046637859072,1597989047249999872,2020-08-21 13:50:47.250000,1215.0,1218.0,1205.5,1211.5,nan,1213.0,29124,2119882470.0,20767,1215.0,39,1214.5,18,nan,0,nan,0,nan,0,nan,0,nan,0,nan,0,nan,0,nan,0
1597989050637135872,1597989051144000000,2020-08-21 13:50:51.144000,1215.0,1218.0,1205.5,1211.5,nan,1213.0,29124,2119882470.0,20767,1215.0,41,1214.5,18,nan,0,nan,0,nan,0,nan,0,nan,0,nan,0,nan,0,nan,0
1597989051140764928,1597989051740000000,2020-08-21 13:50:51.740000,1214.5,1218.0,1205.5,1211.5,nan,1213.0,29138,2120902650.0,20758,1214.5,6,1214.0,34,nan,0,nan,0,nan,0,nan,0,nan,0,nan,0,nan,0,nan,0
1597989051640450048,1597989052232000000,2020-08-21 13:50:52.232000,1214.5,1218.0,1205.5,1211.5,nan,1213.0,29139,2120975520.0,20758,1214.5,5,1214.0,34,nan,0,nan,0,nan,0,nan,0,nan,0,nan,0,nan,0,nan,0
1597989062650405120,1597989063233999872,2020-08-21 13:51:03.234000,1214.5,1218.0,1205.5,1211.5,nan,1213.0,29139,2120975520.0,20758,1214.5,6,1214.0,34,nan,0,nan,0,nan,0,nan,0,nan,0,nan,0,nan,0,nan,0
1597989063143725056,1597989063729000192,2020-08-21 13:51:03.729000,1214.5,1218.0,1205.5,1211.5,nan,1213.0,29140,2121048390.0,20758,1214.5,5,1214.0,34,nan,0,nan,0,nan,0,nan,0,nan,0,nan,0,nan,0,nan,0
1597989069634914048,1597989070243000064,2020-08-21 13:51:10.243000,1214.5,1218.0,1205.5,1211.5,nan,1213.0,29141,2121121260.0,20758,1214.5,4,1214.0,34,nan,0,nan,0,nan,0,nan,0,nan,0,nan,0,nan,0,nan,0
1597989075142828032,1597989075675000064,2020-08-21 13:51:15.675000,1214.5,1218.0,1205.5,1211.5,nan,1213.0,29141,2121121260.0,20758,1214.5,6,1214.0,34,nan,0,nan,0,nan,0,nan,0,nan,0,nan,0,nan,0,nan,0
1597989075657104896,1597989076240000000,2020-08-21 13:51:16.240000,1214.5,1218.0,1205.5,1211.5,nan,1213.0,29141,2121121260.0,20758,1214.5,4,1214.0,36,nan,0,nan,0,nan,0,nan,0,nan,0,nan,0,nan,0,nan,0
1597989076705221120,1597989077250999808,2020-08-21 13:51:17.251000,1214.0,1218.0,1205.5,1211.5,nan,1213.0,29146,2121485460.0,20758,1214.5,11,1214.0,31,nan,0,nan,0,nan,0,nan,0,nan,0,nan,0,nan,0,nan,0
1597989077149154048,1597989077750999808,2020-08-21 13:51:17.751000,1214.0,1218.0,1205.5,1211.5,nan,1213.0,29146,2121485460.0,20758,1214.5,19,1214.0,21,nan,0,nan,0,nan,0,nan,0,nan,0,nan,0,nan,0,nan,0
1597989077640057088,1597989078249000192,2020-08-21 13:51:18.249000,1214.0,1218.0,1205.5,1211.5,nan,1213.0,29146,2121485460.0,20758,1214.5,19,1214.0,21,nan,0,nan,0,nan,0,nan,0,nan,0,nan,0,nan,0,nan,0
1597989082652091904,1597989083239000064,2020-08-21 13:51:23.239000,1214.0,1218.0,1205.5,1211.5,nan,1213.0,29146,2121485460.0,20758,1214.5,19,1214.0,18,nan,0,nan,0,nan,0,nan,0,nan,0,nan,0,nan,0,nan,0
1597989083242885120,1597989083739000064,2020-08-21 13:51:23.739000,1214.0,1218.0,1205.5,1211.5,nan,1213.0,29158,2122359540.0,20756,1214.5,25,1213.5,29,nan,0,nan,0,nan,0,nan,0,nan,0,nan,0,nan,0,nan,0
1597989087636530944,1597989088220000000,2020-08-21 13:51:28.220000,1214.0,1218.0,1205.5,1211.5,nan,1213.0,29158,2122359540.0,20756,1214.0,1,1213.5,29,nan,0,nan,0,nan,0,nan,0,nan,0,nan,0,nan,0,nan,0
1597989088147835904,1597989088749000192,2020-08-21 13:51:28.749000,1214.0,1218.0,1205.5,1211.5,nan,1213.0,29158,2122359540.0,20756,1214.0,8,1213.5,29,nan,0,nan,0,nan,0,nan,0,nan,0,nan,0,nan,0,nan,0
1597989099644293120,1597989100200000000,2020-08-21 13:51:40.200000,1213.5,1218.0,1205.5,1211.5,nan,1213.0,29159,2122432350.0,20756,1214.0,8,1213.5,29,nan,0,nan,0,nan,0,nan,0,nan,0,nan,0,nan,0,nan,0
1597989101636313088,1597989102083000064,2020-08-21 13:51:42.083000,1213.5,1218.0,1205.5,1211.5,nan,1213.0,29159,2122432350.0,20756,1214.0,7,1213.5,29,nan,0,nan,0,nan,0,nan,0,nan,0,nan,0,nan,0,nan,0
1597989104638380032,1597989105236999936,2020-08-21 13:51:45.237000,1213.5,1218.0,1205.5,1211.5,nan,1213.0,29160,2122505160.0,20755,1214.0,7,1213.5,28,nan,0,nan,0,nan,0,nan,0,nan,0,nan,0,nan,0,nan,0
1597989107636720896,1597989108248000000,2020-08-21 13:51:48.248000,1213.5,1218.0,1205.5,1211.5,nan,1213.0,29160,2122505160.0,20755,1214.0,8,1213.5,28,nan,0,nan,0,nan,0,nan,0,nan,0,nan,0,nan,0,nan,0
1597989114141265920,1597989114740999936,2020-08-21 13:51:54.741000,1213.5,1218.0,1205.5,1211.5,nan,1213.0,29163,2122723590.0,20753,1214.0,11,1213.5,24,nan,0,nan,0,nan,0,nan,0,nan,0,nan,0,nan,0,nan,0
1597989114640259072,1597989115249000192,2020-08-21 13:51:55.249000,1213.5,1218.0,1205.5,1211.5,nan,1213.0,29182,2124106980.0,20745,1214.0,21,1213.0,32,nan,0,nan,0,nan,0,nan,0,nan,0,nan,0,nan,0,nan,0
1597989117646991104,1597989118248000000,2020-08-21 13:51:58.248000,1213.5,1218.0,1205.5,1211.5,nan,1213.0,29182,2124106980.0,20745,1213.5,6,1213.0,32,nan,0,nan,0,nan,0,nan,0,nan,0,nan,0,nan,0,nan,0
1597989118155248128,1597989118736999936,2020-08-21 13:51:58.737000,1213.5,1218.0,1205.5,1211.5,nan,1213.0,29182,2124106980.0,20745,1213.5,20,1213.0,16,nan,0,nan,0,nan,0,nan,0,nan,0,nan,0,nan,0,nan,0
1597989118652069888,1597989119240000000,2020-08-21 13:51:59.240000,1213.5,1218.0,1205.5,1211.5,nan,1213.0,29182,2124106980.0,20745,1213.5,21,1213.0,16,nan,0,nan,0,nan,0,nan,0,nan,0,nan,0,nan,0,nan,0
1597989134642664960,1597989135207000064,2020-08-21 13:52:15.207000,1213.5,1218.0,1205.5,1211.5,nan,1213.0,29182,2124106980.0,20745,1213.5,23,1213.0,16,nan,0,nan,0,nan,0,nan,0,nan,0,nan,0,nan,0,nan,0
1597989135140868096,1597989135733999872,2020-08-21 13:52:15.734000,1213.0,1218.0,1205.5,1211.5,nan,1213.0,29185,2124325320.0,20745,1213.5,22,1213.0,17,nan,0,nan,0,nan,0,nan,0,nan,0,nan,0,nan,0,nan,0
1597989140636030976,1597989141232999936,2020-08-21 13:52:21.233000,1213.0,1218.0,1205.5,1211.5,nan,1213.0,29185,2124325320.0,20745,1213.5,23,1213.0,17,nan,0,nan,0,nan,0,nan,0,nan,0,nan,0,nan,0,nan,0
1597989142137927936,1597989142750000128,2020-08-21 13:52:22.750000,1213.0,1218.0,1205.5,1211.5,nan,1213.0,29185,2124325320.0,20745,1213.5,33,1213.0,17,nan,0,nan,0,nan,0,nan,0,nan,0,nan,0,nan,0,nan,0
1597989146145536000,1597989146746000128,2020-08-21 13:52:26.746000,1213.0,1218.0,1205.5,1211.5,nan,1213.0,29185,2124325320.0,20745,1213.5,34,1213.0,17,nan,0,nan,0,nan,0,nan,0,nan,0,nan,0,nan,0,nan,0
1597989147641370112,1597989148234999808,2020-08-21 13:52:28.235000,1213.0,1218.0,1205.5,1211.5,nan,1213.0,29186,2124398100.0,20746,1213.5,34,1213.0,16,nan,0,nan,0,nan,0,nan,0,nan,0,nan,0,nan,0,nan,0
1597989148639508992,1597989149198999808,2020-08-21 13:52:29.199000,1213.0,1218.0,1205.5,1211.5,nan,1213.0,29202,2125562580.0,20736,1213.0,3,1212.5,4,nan,0,nan,0,nan,0,nan,0,nan,0,nan,0,nan,0,nan,0
1597989149144537088,1597989149732000000,2020-08-21 13:52:29.732000,1212.5,1218.0,1205.5,1211.5,nan,1213.0,29206,2125853580.0,20733,1213.0,23,1212.0,41,nan,0,nan,0,nan,0,nan,0,nan,0,nan,0,nan,0,nan,0
1597989149644163072,1597989150244000000,2020-08-21 13:52:30.244000,1212.0,1218.0,1205.5,1211.5,nan,1213.0,29211,2126217210.0,20731,1213.0,23,1212.0,38,nan,0,nan,0,nan,0,nan,0,nan,0,nan,0,nan,0,nan,0
1597989150148559872,1597989150750000128,2020-08-21 13:52:30.750000,1212.0,1218.0,1205.5,1211.5,nan,1213.0,29220,2126871690.0,20724,1213.0,23,1212.0,29,nan,0,nan,0,nan,0,nan,0,nan,0,nan,0,nan,0,nan,0
1597989150641622016,1597989151244999936,2020-08-21 13:52:31.245000,1212.0,1218.0,1205.5,1211.5,nan,1213.0,29228,2127453450.0,20724,1213.0,23,1212.0,21,nan,0,nan,0,nan,0,nan,0,nan,0,nan,0,nan,0,nan,0
1597989151641956096,1597989152144000000,2020-08-21 13:52:32.144000,1212.0,1218.0,1205.5,1211.5,nan,1213.0,29228,2127453450.0,20724,1213.0,23,1212.0,22,nan,0,nan,0,nan,0,nan,0,nan,0,nan,0,nan,0,nan,0
1597989157636641024,1597989158236000000,2020-08-21 13:52:38.236000,1212.0,1218.0,1205.5,1211.5,nan,1213.0,29229,2127526170.0,20725,1212.5,3,1212.0,21,nan,0,nan,0,nan,0,nan,0,nan,0,nan,0,nan,0,nan,0
1597989158142836992,1597989158747000064,2020-08-21 13:52:38.747000,1212.0,1218.0,1205.5,1211.5,nan,1213.0,29229,2127526170.0,20725,1212.5,26,1212.0,21,nan,0,nan,0,nan,0,nan,0,nan,0,nan,0,nan,0,nan,0
1597989158635314944,1597989159203000064,2020-08-21 13:52:39.203000,1212.0,1218.0,1205.5,1211.5,nan,1213.0,29229,2127526170.0,20725,1212.5,26,1212.0,18,nan,0,nan,0,nan,0,nan,0,nan,0,nan,0,nan,0,nan,0
1597989160316236032,1597989160733999872,2020-08-21 13:52:40.734000,1212.5,1218.0,1205.5,1211.5,nan,1213.0,29240,2128326120.0,20735,1212.5,25,1212.0,8,nan,0,nan,0,nan,0,nan,0,nan,0,nan,0,nan,0,nan,0
1597989160637323008,1597989161181999872,2020-08-21 13:52:41.182000,1212.5,1218.0,1205.5,1211.5,nan,1213.0,29240,2128326120.0,20735,1212.5,26,1212.0,7,nan,0,nan,0,nan,0,nan,0,nan,0,nan,0,nan,0,nan,0
1597989161643290112,1597989162249999872,2020-08-21 13:52:42.250000,1212.5,1218.0,1205.5,1211.5,nan,1213.0,29241,2128398870.0,20736,1212.5,25,1212.0,7,nan,0,nan,0,nan,0,nan,0,nan,0,nan,0,nan,0,nan,0
1597989162143589120,1597989162744999936,2020-08-21 13:52:42.745000,1212.5,1218.0,1205.5,1211.5,nan,1213.0,29241,2128398870.0,20736,1212.5,25,1212.0,8,nan,0,nan,0,nan,0,nan,0,nan,0,nan,0,nan,0,nan,0
1597989163645846016,1597989164244000000,2020-08-21 13:52:44.244000,1212.5,1218.0,1205.5,1211.5,nan,1213.0,29243,2128544370.0,20735,1212.5,23,1212.0,8,nan,0,nan,0,nan,0,nan,0,nan,0,nan,0,nan,0,nan,0
1597989165139796992,1597989165743000064,2020-08-21 13:52:45.743000,1212.5,1218.0,1205.5,1211.5,nan,1213.0,29243,2128544370.0,20735,1212.5,23,1212.0,10,nan,0,nan,0,nan,0,nan,0,nan,0,nan,0,nan,0,nan,0
1597989165651514112,1597989166223000064,2020-08-21 13:52:46.223000,1212.5,1218.0,1205.5,1211.5,nan,1213.0,29266,2130217620.0,20740,1213.0,23,1212.5,9,nan,0,nan,0,nan,0,nan,0,nan,0,nan,0,nan,0,nan,0
1597989166276113920,1597989166742000128,2020-08-21 13:52:46.742000,1212.5,1218.0,1205.5,1211.5,nan,1213.0,29266,2130217620.0,20740,1213.0,24,1212.5,9,nan,0,nan,0,nan,0,nan,0,nan,0,nan,0,nan,0,nan,0
1597989166641217024,1597989167223000064,2020-08-21 13:52:47.223000,1212.5,1218.0,1205.5,1211.5,nan,1213.0,29266,2130217620.0,20740,1213.0,24,1212.5,12,nan,0,nan,0,nan,0,nan,0,nan,0,nan,0,nan,0,nan,0
1597989176133854976,1597989176728000000,2020-08-21 13:52:56.728000,1212.5,1218.0,1205.5,1211.5,nan,1213.0,29266,2130217620.0,20740,1213.0,29,1212.5,10,nan,0,nan,0,nan,0,nan,0,nan,0,nan,0,nan,0,nan,0
1597989185651663872,1597989186250999808,2020-08-21 13:53:06.251000,1212.5,1218.0,1205.5,1211.5,nan,1213.0,29268,2130363120.0,20740,1213.0,29,1212.5,8,nan,0,nan,0,nan,0,nan,0,nan,0,nan,0,nan,0,nan,0
1597989186141454080,1597989186696999936,2020-08-21 13:53:06.697000,1212.5,1218.0,1205.5,1211.5,nan,1213.0,29268,2130363120.0,20740,1213.0,29,1212.5,10,nan,0,nan,0,nan,0,nan,0,nan,0,nan,0,nan,0,nan,0
1597989193141544960,1597989193746000128,2020-08-21 13:53:13.746000,1212.5,1218.0,1205.5,1211.5,nan,1213.0,29268,2130363120.0,20740,1213.0,29,1212.5,11,nan,0,nan,0,nan,0,nan,0,nan,0,nan,0,nan,0,nan,0
1597989194140190976,1597989194744999936,2020-08-21 13:53:14.745000,1212.5,1218.0,1205.5,1211.5,nan,1213.0,29269,2130435870.0,20740,1213.0,29,1212.5,10,nan,0,nan,0,nan,0,nan,0,nan,0,nan,0,nan,0,nan,0
1597989197159119872,1597989197730000128,2020-08-21 13:53:17.730000,1212.5,1218.0,1205.5,1211.5,nan,1213.0,29269,2130435870.0,20740,1213.0,29,1212.5,11,nan,0,nan,0,nan,0,nan,0,nan,0,nan,0,nan,0,nan,0
1597989211640058880,1597989212153000192,2020-08-21 13:53:32.153000,1212.5,1218.0,1205.5,1211.5,nan,1213.0,29269,2130435870.0,20740,1213.0,19,1212.5,20,nan,0,nan,0,nan,0,nan,0,nan,0,nan,0,nan,0,nan,0
1597989212140302080,1597989212724999936,2020-08-21 13:53:32.725000,1212.5,1218.0,1205.5,1211.5,nan,1213.0,29269,2130435870.0,20740,1213.0,18,1212.5,22,nan,0,nan,0,nan,0,nan,0,nan,0,nan,0,nan,0,nan,0
1597989213146169088,1597989213736999936,2020-08-21 13:53:33.737000,1212.5,1218.0,1205.5,1211.5,nan,1213.0,29269,2130435870.0,20740,1213.0,18,1212.5,23,nan,0,nan,0,nan,0,nan,0,nan,0,nan,0,nan,0,nan,0
1597989214144352000,1597989214737999872,2020-08-21 13:53:34.738000,1212.5,1218.0,1205.5,1211.5,nan,1213.0,29270,2130508620.0,20740,1213.0,18,1212.5,22,nan,0,nan,0,nan,0,nan,0,nan,0,nan,0,nan,0,nan,0
1597989218140027904,1597989218737999872,2020-08-21 13:53:38.738000,1213.0,1218.0,1205.5,1211.5,nan,1213.0,29271,2130581400.0,20739,1213.0,17,1212.5,22,nan,0,nan,0,nan,0,nan,0,nan,0,nan,0,nan,0,nan,0
1597989218653067008,1597989219247000064,2020-08-21 13:53:39.247000,1213.0,1218.0,1205.5,1211.5,nan,1213.0,29271,2130581400.0,20739,1213.0,10,1212.5,22,nan,0,nan,0,nan,0,nan,0,nan,0,nan,0,nan,0,nan,0
1597989219142674944,1597989219750000128,2020-08-21 13:53:39.750000,1213.0,1218.0,1205.5,1211.5,nan,1213.0,29278,2131090860.0,20737,1213.5,24,1213.0,17,nan,0,nan,0,nan,0,nan,0,nan,0,nan,0,nan,0,nan,0
1597989219645224960,1597989220250999808,2020-08-21 13:53:40.251000,1213.0,1218.0,1205.5,1211.5,nan,1213.0,29278,2131090860.0,20737,1213.5,23,1213.0,25,nan,0,nan,0,nan,0,nan,0,nan,0,nan,0,nan,0,nan,0
1597989220137562112,1597989220737999872,2020-08-21 13:53:40.738000,1213.0,1218.0,1205.5,1211.5,nan,1213.0,29278,2131090860.0,20737,1213.5,19,1213.0,26,nan,0,nan,0,nan,0,nan,0,nan,0,nan,0,nan,0,nan,0
1597989222134964992,1597989222730000128,2020-08-21 13:53:42.730000,1213.5,1218.0,1205.5,1211.5,nan,1213.0,29279,2131163670.0,20737,1213.5,19,1213.0,26,nan,0,nan,0,nan,0,nan,0,nan,0,nan,0,nan,0,nan,0
1597989231140410880,1597989231732000000,2020-08-21 13:53:51.732000,1213.5,1218.0,1205.5,1211.5,nan,1213.0,29279,2131163670.0,20737,1213.5,19,1213.0,27,nan,0,nan,0,nan,0,nan,0,nan,0,nan,0,nan,0,nan,0
1597989234644167936,1597989235233999872,2020-08-21 13:53:55.234000,1213.5,1218.0,1205.5,1211.5,nan,1213.0,29279,2131163670.0,20737,1213.5,24,1213.0,22,nan,0,nan,0,nan,0,nan,0,nan,0,nan,0,nan,0,nan,0
1597989235146955008,1597989235743000064,2020-08-21 13:53:55.743000,1213.5,1218.0,1205.5,1211.5,nan,1213.0,29279,2131163670.0,20737,1213.5,25,1213.0,16,nan,0,nan,0,nan,0,nan,0,nan,0,nan,0,nan,0,nan,0
1597989239635579904,1597989240247000064,2020-08-21 13:54:00.247000,1213.5,1218.0,1205.5,1211.5,nan,1213.0,29279,2131163670.0,20737,1213.5,25,1213.0,26,nan,0,nan,0,nan,0,nan,0,nan,0,nan,0,nan,0,nan,0
1597989240185264896,1597989240734999808,2020-08-21 13:54:00.735000,1213.5,1218.0,1205.5,1211.5,nan,1213.0,29279,2131163670.0,20737,1213.5,25,1213.0,30,nan,0,nan,0,nan,0,nan,0,nan,0,nan,0,nan,0,nan,0
1597989241148133120,1597989241743000064,2020-08-21 13:54:01.743000,1213.5,1218.0,1205.5,1211.5,nan,1213.0,29279,2131163670.0,20737,1213.5,51,1213.0,30,nan,0,nan,0,nan,0,nan,0,nan,0,nan,0,nan,0,nan,0
1597989241653744896,1597989242244000000,2020-08-21 13:54:02.244000,1213.0,1218.0,1205.5,1211.5,nan,1213.0,29306,2133128730.0,20714,1213.0,28,1212.5,10,nan,0,nan,0,nan,0,nan,0,nan,0,nan,0,nan,0,nan,0
1597989242220333056,1597989242744999936,2020-08-21 13:54:02.745000,1212.5,1218.0,1205.5,1211.5,nan,1213.0,29312,2133565230.0,20716,1212.5,16,1212.0,14,nan,0,nan,0,nan,0,nan,0,nan,0,nan,0,nan,0,nan,0
1597989242645242112,1597989243250999808,2020-08-21 13:54:03.251000,1212.5,1218.0,1205.5,1211.5,nan,1213.0,29312,2133565230.0,20716,1212.5,16,1212.0,15,nan,0,nan,0,nan,0,nan,0,nan,0,nan,0,nan,0,nan,0
1597989243154321920,1597989243747000064,2020-08-21 13:54:03.747000,1212.5,1218.0,1205.5,1211.5,nan,1213.0,29313,2133637980.0,20717,1212.5,15,1212.0,15,nan,0,nan,0,nan,0,nan,0,nan,0,nan,0,nan,0,nan,0
1597989243634237952,1597989244158999808,2020-08-21 13:54:04.159000,1212.5,1218.0,1205.5,1211.5,nan,1213.0,29313,2133637980.0,20717,1212.5,14,1212.0,18,nan,0,nan,0,nan,0,nan,0,nan,0,nan,0,nan,0,nan,0
1597989244637103104,1597989245243000064,2020-08-21 13:54:05.243000,1212.5,1218.0,1205.5,1211.5,nan,1213.0,29318,2134001730.0,20722,1213.0,27,1212.5,10,nan,0,nan,0,nan,0,nan,0,nan,0,nan,0,nan,0,nan,0
1597989245137690880,1597989245750999808,2020-08-21 13:54:05.751000,1212.5,1218.0,1205.5,1211.5,nan,1213.0,29318,2134001730.0,20722,1213.0,27,1212.5,14,nan,0,nan,0,nan,0,nan,0,nan,0,nan,0,nan,0,nan,0
1597989248177765120,1597989248728000000,2020-08-21 13:54:08.728000,1212.5,1218.0,1205.5,1211.5,nan,1213.0,29318,2134001730.0,20722,1213.0,27,1212.5,7,nan,0,nan,0,nan,0,nan,0,nan,0,nan,0,nan,0,nan,0
1597989248651919104,1597989249243000064,2020-08-21 13:54:09.243000,1212.5,1218.0,1205.5,1211.5,nan,1213.0,29320,2134147230.0,20720,1213.0,27,1212.5,5,nan,0,nan,0,nan,0,nan,0,nan,0,nan,0,nan,0,nan,0
1597989250150004992,1597989250744999936,2020-08-21 13:54:10.745000,1212.5,1218.0,1205.5,1211.5,nan,1213.0,29325,2134510980.0,20724,1213.0,27,1212.0,18,nan,0,nan,0,nan,0,nan,0,nan,0,nan,0,nan,0,nan,0
1597989250653385984,1597989251226000128,2020-08-21 13:54:11.226000,1212.5,1218.0,1205.5,1211.5,nan,1213.0,29325,2134510980.0,20724,1212.5,14,1212.0,18,nan,0,nan,0,nan,0,nan,0,nan,0,nan,0,nan,0,nan,0
1597989251650658048,1597989252250999808,2020-08-21 13:54:12.251000,1212.5,1218.0,1205.5,1211.5,nan,1213.0,29325,2134510980.0,20724,1212.5,14,1212.0,11,nan,0,nan,0,nan,0,nan,0,nan,0,nan,0,nan,0,nan,0
1597989252160538112,1597989252704000000,2020-08-21 13:54:12.704000,1212.5,1218.0,1205.5,1211.5,nan,1213.0,29325,2134510980.0,20724,1212.5,21,1212.0,11,nan,0,nan,0,nan,0,nan,0,nan,0,nan,0,nan,0,nan,0
1597989254642171904,1597989255192000000,2020-08-21 13:54:15.192000,1212.5,1218.0,1205.5,1211.5,nan,1213.0,29325,2134510980.0,20724,1212.5,22,1212.0,11,nan,0,nan,0,nan,0,nan,0,nan,0,nan,0,nan,0,nan,0
1597989258138512896,1597989258746000128,2020-08-21 13:54:18.746000,1212.0,1218.0,1205.5,1211.5,nan,1213.0,29326,2134583700.0,20724,1212.5,22,1212.0,10,nan,0,nan,0,nan,0,nan,0,nan,0,nan,0,nan,0,nan,0
1597989258644720896,1597989259250999808,2020-08-21 13:54:19.251000,1212.0,1218.0,1205.5,1211.5,nan,1213.0,29326,2134583700.0,20724,1212.5,22,1212.0,11,nan,0,nan,0,nan,0,nan,0,nan,0,nan,0,nan,0,nan,0
1597989259641221120,1597989260148000000,2020-08-21 13:54:20.148000,1212.5,1218.0,1205.5,1211.5,nan,1213.0,29327,2134656450.0,20725,1212.5,21,1212.0,11,nan,0,nan,0,nan,0,nan,0,nan,0,nan,0,nan,0,nan,0
1597989266646000128,1597989267246000128,2020-08-21 13:54:27.246000,1212.5,1218.0,1205.5,1211.5,nan,1213.0,29327,2134656450.0,20725,1212.5,21,1212.0,6,nan,0,nan,0,nan,0,nan,0,nan,0,nan,0,nan,0,nan,0
1597989267709904896,1597989268244999936,2020-08-21 13:54:28.245000,1212.0,1218.0,1205.5,1211.5,nan,1213.0,29333,2135092770.0,20724,1212.0,9,1211.5,27,nan,0,nan,0,nan,0,nan,0,nan,0,nan,0,nan,0,nan,0
1597989270675564032,1597989271223000064,2020-08-21 13:54:31.223000,1212.0,1218.0,1205.5,1211.5,nan,1213.0,29342,2135747250.0,20722,1212.5,21,1212.0,1,nan,0,nan,0,nan,0,nan,0,nan,0,nan,0,nan,0,nan,0
1597989287650149120,1597989288249000192,2020-08-21 13:54:48.249000,1212.0,1218.0,1205.5,1211.5,nan,1213.0,29343,2135819970.0,20721,1212.5,21,1211.5,32,nan,0,nan,0,nan,0,nan,0,nan,0,nan,0,nan,0,nan,0
1597989294155832064,1597989294750999808,2020-08-21 13:54:54.751000,1212.0,1218.0,1205.5,1211.5,nan,1213.0,29344,2135892690.0,20720,1212.5,21,1211.5,32,nan,0,nan,0,nan,0,nan,0,nan,0,nan,0,nan,0,nan,0
1597989294689650944,1597989295221999872,2020-08-21 13:54:55.222000,1212.0,1218.0,1205.5,1211.5,nan,1213.0,29344,2135892690.0,20720,1212.5,21,1211.5,34,nan,0,nan,0,nan,0,nan,0,nan,0,nan,0,nan,0,nan,0
1597989295646053120,1597989296221999872,2020-08-21 13:54:56.222000,1212.5,1218.0,1205.5,1211.5,nan,1213.0,29345,2135965440.0,20720,1212.5,21,1211.5,34,nan,0,nan,0,nan,0,nan,0,nan,0,nan,0,nan,0,nan,0
1597989300643469056,1597989301228000000,2020-08-21 13:55:01.228000,1212.5,1218.0,1205.5,1211.5,nan,1213.0,29345,2135965440.0,20720,1212.0,10,1211.5,34,nan,0,nan,0,nan,0,nan,0,nan,0,nan,0,nan,0,nan,0
1597989301154002944,1597989301750999808,2020-08-21 13:55:01.751000,1212.5,1218.0,1205.5,1211.5,nan,1213.0,29346,2136038190.0,20721,1212.0,14,1211.5,29,nan,0,nan,0,nan,0,nan,0,nan,0,nan,0,nan,0,nan,0
1597989301672059904,1597989302224999936,2020-08-21 13:55:02.225000,1212.5,1218.0,1205.5,1211.5,nan,1213.0,29346,2136038190.0,20721,1212.0,14,1211.5,31,nan,0,nan,0,nan,0,nan,0,nan,0,nan,0,nan,0,nan,0
1597989305173786880,1597989305730000128,2020-08-21 13:55:05.730000,1212.5,1218.0,1205.5,1211.5,nan,1213.0,29346,2136038190.0,20721,1212.0,13,1211.5,31,nan,0,nan,0,nan,0,nan,0,nan,0,nan,0,nan,0,nan,0
1597989305645030912,1597989306237999872,2020-08-21 13:55:06.238000,1212.0,1218.0,1205.5,1211.5,nan,1213.0,29349,2136256290.0,20719,1212.0,12,1211.5,30,nan,0,nan,0,nan,0,nan,0,nan,0,nan,0,nan,0,nan,0
1597989308196079104,1597989308752000000,2020-08-21 13:55:08.752000,1212.0,1218.0,1205.5,1211.5,nan,1213.0,29349,2136256290.0,20719,1212.0,13,1211.5,30,nan,0,nan,0,nan,0,nan,0,nan,0,nan,0,nan,0,nan,0
1597989308698917888,1597989309232999936,2020-08-21 13:55:09.233000,1212.0,1218.0,1205.5,1211.5,nan,1213.0,29349,2136256290.0,20719,1212.0,14,1211.5,30,nan,0,nan,0,nan,0,nan,0,nan,0,nan,0,nan,0,nan,0
1597989310674196992,1597989311248000000,2020-08-21 13:55:11.248000,1212.0,1218.0,1205.5,1211.5,nan,1213.0,29350,2136329010.0,20720,1212.0,13,1211.5,30,nan,0,nan,0,nan,0,nan,0,nan,0,nan,0,nan,0,nan,0
1597989312151038976,1597989312750999808,2020-08-21 13:55:12.751000,1212.0,1218.0,1205.5,1211.5,nan,1213.0,29350,2136329010.0,20720,1212.0,13,1211.5,32,nan,0,nan,0,nan,0,nan,0,nan,0,nan,0,nan,0,nan,0
1597989313145448960,1597989313732000000,2020-08-21 13:55:13.732000,1212.0,1218.0,1205.5,1211.5,nan,1213.0,29350,2136329010.0,20720,1212.0,12,1211.5,32,nan,0,nan,0,nan,0,nan,0,nan,0,nan,0,nan,0,nan,0
1597989313654799104,1597989314234999808,2020-08-21 13:55:14.235000,1212.0,1218.0,1205.5,1211.5,nan,1213.0,29350,2136329010.0,20720,1212.0,11,1211.5,32,nan,0,nan,0,nan,0,nan,0,nan,0,nan,0,nan,0,nan,0
1597989317695739904,1597989318229000192,2020-08-21 13:55:18.229000,1212.0,1218.0,1205.5,1211.5,nan,1213.0,29350,2136329010.0,20720,1212.0,8,1211.5,32,nan,0,nan,0,nan,0,nan,0,nan,0,nan,0,nan,0,nan,0
1597989318191601920,1597989318752000000,2020-08-21 13:55:18.752000,1212.0,1218.0,1205.5,1211.5,nan,1213.0,29358,2136910770.0,20727,1212.5,20,1212.0,2,nan,0,nan,0,nan,0,nan,0,nan,0,nan,0,nan,0,nan,0
1597989318659554048,1597989319236999936,2020-08-21 13:55:19.237000,1212.0,1218.0,1205.5,1211.5,nan,1213.0,29358,2136910770.0,20727,1212.5,20,1212.0,11,nan,0,nan,0,nan,0,nan,0,nan,0,nan,0,nan,0,nan,0
1597989319182223872,1597989319750000128,2020-08-21 13:55:19.750000,1212.0,1218.0,1205.5,1211.5,nan,1213.0,29358,2136910770.0,20727,1212.5,20,1212.0,15,nan,0,nan,0,nan,0,nan,0,nan,0,nan,0,nan,0,nan,0
1597989319716423936,1597989320244000000,2020-08-21 13:55:20.244000,1212.0,1218.0,1205.5,1211.5,nan,1213.0,29358,2136910770.0,20727,1212.5,20,1212.0,16,nan,0,nan,0,nan,0,nan,0,nan,0,nan,0,nan,0,nan,0
1597989320654930944,1597989321233999872,2020-08-21 13:55:21.234000,1212.5,1218.0,1205.5,1211.5,nan,1213.0,29359,2136983520.0,20727,1212.5,19,1212.0,16,nan,0,nan,0,nan,0,nan,0,nan,0,nan,0,nan,0,nan,0
1597989321149709056,1597989321744999936,2020-08-21 13:55:21.745000,1212.5,1218.0,1205.5,1211.5,nan,1213.0,29360,2137056270.0,20728,1212.5,17,1212.0,19,nan,0,nan,0,nan,0,nan,0,nan,0,nan,0,nan,0,nan,0
1597989323350694912,1597989323750000128,2020-08-21 13:55:23.750000,1212.5,1218.0,1205.5,1211.5,nan,1213.0,29360,2137056270.0,20728,1212.5,16,1212.0,19,nan,0,nan,0,nan,0,nan,0,nan,0,nan,0,nan,0,nan,0
1597989326643697920,1597989327233999872,2020-08-21 13:55:27.234000,1212.5,1218.0,1205.5,1211.5,nan,1213.0,29361,2137129020.0,20729,1212.5,12,1212.0,19,nan,0,nan,0,nan,0,nan,0,nan,0,nan,0,nan,0,nan,0
1597989336143727104,1597989336731000064,2020-08-21 13:55:36.731000,1212.5,1218.0,1205.5,1211.5,nan,1213.0,29361,2137129020.0,20729,1212.5,12,1212.0,20,nan,0,nan,0,nan,0,nan,0,nan,0,nan,0,nan,0,nan,0
1597989336656173056,1597989337227000064,2020-08-21 13:55:37.227000,1212.5,1218.0,1205.5,1211.5,nan,1213.0,29363,2137274520.0,20731,1212.5,4,1212.0,20,nan,0,nan,0,nan,0,nan,0,nan,0,nan,0,nan,0,nan,0
1597989337137019904,1597989337736999936,2020-08-21 13:55:37.737000,1212.5,1218.0,1205.5,1211.5,nan,1213.0,29363,2137274520.0,20731,1212.5,1,1212.0,26,nan,0,nan,0,nan,0,nan,0,nan,0,nan,0,nan,0,nan,0
1597989337688572928,1597989338246000128,2020-08-21 13:55:38.246000,1212.5,1218.0,1205.5,1211.5,nan,1213.0,29364,2137347270.0,20732,1213.0,27,1212.5,3,nan,0,nan,0,nan,0,nan,0,nan,0,nan,0,nan,0,nan,0
1597989338184655104,1597989338744999936,2020-08-21 13:55:38.745000,1212.5,1218.0,1205.5,1211.5,nan,1213.0,29369,2137711020.0,20730,1213.0,27,1212.0,23,nan,0,nan,0,nan,0,nan,0,nan,0,nan,0,nan,0,nan,0
1597989338654780928,1597989339242000128,2020-08-21 13:55:39.242000,1212.5,1218.0,1205.5,1211.5,nan,1213.0,29369,2137711020.0,20730,1213.0,27,1212.0,24,nan,0,nan,0,nan,0,nan,0,nan,0,nan,0,nan,0,nan,0
1597989339643244032,1597989340236999936,2020-08-21 13:55:40.237000,1213.0,1218.0,1205.5,1211.5,nan,1213.0,29375,2138147700.0,20733,1213.0,21,1212.0,24,nan,0,nan,0,nan,0,nan,0,nan,0,nan,0,nan,0,nan,0
1597989340167419904,1597989340736000000,2020-08-21 13:55:40.736000,1212.0,1218.0,1205.5,1211.5,nan,1213.0,29376,2138220420.0,20733,1213.0,21,1212.0,23,nan,0,nan,0,nan,0,nan,0,nan,0,nan,0,nan,0,nan,0
1597989353182724096,1597989353744999936,2020-08-21 13:55:53.745000,1212.0,1218.0,1205.5,1211.5,nan,1213.0,29376,2138220420.0,20733,1213.0,21,1212.0,24,nan,0,nan,0,nan,0,nan,0,nan,0,nan,0,nan,0,nan,0
1597989353645998080,1597989354244000000,2020-08-21 13:55:54.244000,1212.5,1218.0,1205.5,1211.5,nan,1213.0,29378,2138365920.0,20735,1212.5,10,1212.0,24,nan,0,nan,0,nan,0,nan,0,nan,0,nan,0,nan,0,nan,0
1597989356143680000,1597989356736000000,2020-08-21 13:55:56.736000,1212.5,1218.0,1205.5,1211.5,nan,1213.0,29380,2138511420.0,20733,1212.5,8,1212.0,24,nan,0,nan,0,nan,0,nan,0,nan,0,nan,0,nan,0,nan,0
1597989360147192064,1597989360716999936,2020-08-21 13:56:00.717000,1212.0,1218.0,1205.5,1211.5,nan,1213.0,29382,2138656860.0,20735,1212.5,8,1212.0,22,nan,0,nan,0,nan,0,nan,0,nan,0,nan,0,nan,0,nan,0
1597989360651593984,1597989361243000064,2020-08-21 13:56:01.243000,1212.0,1218.0,1205.5,1211.5,nan,1213.0,29382,2138656860.0,20735,1212.5,18,1212.0,22,nan,0,nan,0,nan,0,nan,0,nan,0,nan,0,nan,0,nan,0
1597989361156643072,1597989361731000064,2020-08-21 13:56:01.731000,1212.0,1218.0,1205.5,1211.5,nan,1213.0,29382,2138656860.0,20735,1212.5,19,1212.0,22,nan,0,nan,0,nan,0,nan,0,nan,0,nan,0,nan,0,nan,0
1597989362189246976,1597989362737999872,2020-08-21 13:56:02.738000,1212.0,1218.0,1205.5,1211.5,nan,1213.0,29382,2138656860.0,20735,1212.5,19,1212.0,25,nan,0,nan,0,nan,0,nan,0,nan,0,nan,0,nan,0,nan,0
1597989362639948032,1597989363226000128,2020-08-21 13:56:03.226000,1212.0,1218.0,1205.5,1211.5,nan,1213.0,29382,2138656860.0,20735,1212.5,19,1212.0,22,nan,0,nan,0,nan,0,nan,0,nan,0,nan,0,nan,0,nan,0
1597989363643726080,1597989364226000128,2020-08-21 13:56:04.226000,1212.0,1218.0,1205.5,1211.5,nan,1213.0,29382,2138656860.0,20735,1212.5,19,1212.0,19,nan,0,nan,0,nan,0,nan,0,nan,0,nan,0,nan,0,nan,0
1597989364157576960,1597989364752000000,2020-08-21 13:56:04.752000,1212.5,1218.0,1205.5,1211.5,nan,1213.0,29383,2138729610.0,20735,1212.5,18,1212.0,22,nan,0,nan,0,nan,0,nan,0,nan,0,nan,0,nan,0,nan,0
1597989364644546048,1597989365233999872,2020-08-21 13:56:05.234000,1212.5,1218.0,1205.5,1211.5,nan,1213.0,29383,2138729610.0,20735,1212.5,18,1212.0,23,nan,0,nan,0,nan,0,nan,0,nan,0,nan,0,nan,0,nan,0
1597989368142966016,1597989368744999936,2020-08-21 13:56:08.745000,1212.5,1218.0,1205.5,1211.5,nan,1213.0,29383,2138729610.0,20735,1212.5,19,1212.0,22,nan,0,nan,0,nan,0,nan,0,nan,0,nan,0,nan,0,nan,0
1597989368646191104,1597989369244000000,2020-08-21 13:56:09.244000,1212.5,1218.0,1205.5,1211.5,nan,1213.0,29383,2138729610.0,20735,1212.5,19,1212.0,13,nan,0,nan,0,nan,0,nan,0,nan,0,nan,0,nan,0,nan,0
1597989369689679872,1597989370252999936,2020-08-21 13:56:10.253000,1212.5,1218.0,1205.5,1211.5,nan,1213.0,29383,2138729610.0,20735,1212.5,19,1212.0,7,nan,0,nan,0,nan,0,nan,0,nan,0,nan,0,nan,0,nan,0
1597989370162252032,1597989370707000064,2020-08-21 13:56:10.707000,1212.0,1218.0,1205.5,1211.5,nan,1213.0,29390,2139238650.0,20734,1212.5,22,1211.5,31,nan,0,nan,0,nan,0,nan,0,nan,0,nan,0,nan,0,nan,0
1597989370655933952,1597989371247000064,2020-08-21 13:56:11.247000,1212.0,1218.0,1205.5,1211.5,nan,1213.0,29390,2139238650.0,20734,1212.5,22,1211.5,32,nan,0,nan,0,nan,0,nan,0,nan,0,nan,0,nan,0,nan,0
1597989371698038016,1597989372234999808,2020-08-21 13:56:12.235000,1212.0,1218.0,1205.5,1211.5,nan,1213.0,29390,2139238650.0,20734,1212.5,25,1211.5,32,nan,0,nan,0,nan,0,nan,0,nan,0,nan,0,nan,0,nan,0
1597989372695302912,1597989373252000000,2020-08-21 13:56:13.252000,1212.0,1218.0,1205.5,1211.5,nan,1213.0,29390,2139238650.0,20734,1212.5,28,1211.5,32,nan,0,nan,0,nan,0,nan,0,nan,0,nan,0,nan,0,nan,0
1597989375149373952,1597989375730000128,2020-08-21 13:56:15.730000,1212.0,1218.0,1205.5,1211.5,nan,1213.0,29390,2139238650.0,20734,1212.0,1,1211.5,32,nan,0,nan,0,nan,0,nan,0,nan,0,nan,0,nan,0,nan,0
1597989375676966912,1597989376228000000,2020-08-21 13:56:16.228000,1212.0,1218.0,1205.5,1211.5,nan,1213.0,29391,2139311370.0,20734,1212.0,1,1211.5,32,nan,0,nan,0,nan,0,nan,0,nan,0,nan,0,nan,0,nan,0
