local_nano_time,quote_nano_time,datetime,last_price,highest,lowest,open,close,average,volume,amount,open_interest,ask_price1,ask_volume1,bid_price1,bid_volume1,ask_price2,ask_volume2,bid_price2,bid_volume2,ask_price3,ask_volume3,bid_price3,bid_volume3,ask_price4,ask_volume4,bid_price4,bid_volume4,ask_price5,ask_volume5,bid_price5,bid_volume5
1597988226231340032,1597988226727000064,2020-08-21 13:37:06.727000,9565.0,9715.0,9520.0,9660.0,nan,9595.0,13992,671266200.0,11655,9565.0,29,9560.0,38,nan,0,nan,0,nan,0,nan,0,nan,0,nan,0,nan,0,nan,0
1597988226686808064,1597988227224000000,2020-08-21 13:37:07.224000,9565.0,9715.0,9520.0,9660.0,nan,9595.0,13992,671266200.0,11655,9565.0,30,9560.0,38,nan,0,nan,0,nan,0,nan,0,nan,0,nan,0,nan,0,nan,0
1597988228690277120,1597988229198999808,2020-08-21 13:37:09.199000,9560.0,9715.0,9520.0,9660.0,nan,9595.0,13995,671410125.0,11658,9565.0,30,9560.0,35,nan,0,nan,0,nan,0,nan,0,nan,0,nan,0,nan,0,nan,0
1597988229695749120,1597988230227000064,2020-08-21 13:37:10.227000,9560.0,9715.0,9520.0,9660.0,nan,9595.0,13996,671458100.0,11658,9565.0,30,9560.0,34,nan,0,nan,0,nan,0,nan,0,nan,0,nan,0,nan,0,nan,0
1597988232202753024,1597988232742000128,2020-08-21 13:37:12.742000,9560.0,9715.0,9520.0,9660.0,nan,9595.0,13996,671458100.0,11658,9565.0,30,9560.0,33,nan,0,nan,0,nan,0,nan,0,nan,0,nan,0,nan,0,nan,0
1597988232691704064,1597988233224999936,2020-08-21 13:37:13.225000,9560.0,9715.0,9520.0,9660.0,nan,9595.0,14020,672609500.0,11663,9565.0,32,9560.0,10,nan,0,nan,0,nan,0,nan,0,nan,0,nan,0,nan,0,nan,0
1597988233191096064,1597988233696999936,2020-08-21 13:37:13.697000,9560.0,9715.0,9520.0,9660.0,nan,9595.0,14031,673137225.0,11669,9560.0,3,9555.0,33,nan,0,nan,0,nan,0,nan,0,nan,0,nan,0,nan,0,nan,0
1597988233699124992,1597988234216000000,2020-08-21 13:37:14.216000,9560.0,9715.0,9520.0,9660.0,nan,9595.0,14031,673137225.0,11669,9560.0,4,9555.0,33,nan,0,nan,0,nan,0,nan,0,nan,0,nan,0,nan,0,nan,0
1597988234699196928,1597988235193000192,2020-08-21 13:37:15.193000,9560.0,9715.0,9520.0,9660.0,nan,9595.0,14031,673137225.0,11669,9560.0,5,9555.0,33,nan,0,nan,0,nan,0,nan,0,nan,0,nan,0,nan,0,nan,0
1597988235863880960,1597988236221999872,2020-08-21 13:37:16.222000,9560.0,9715.0,9520.0,9660.0,nan,9595.0,14031,673137225.0,11669,9560.0,6,9555.0,33,nan,0,nan,0,nan,0,nan,0,nan,0,nan,0,nan,0,nan,0
1597988236221294080,1597988236734999808,2020-08-21 13:37:16.735000,9560.0,9715.0,9520.0,9660.0,nan,9595.0,14031,673137225.0,11669,9560.0,8,9555.0,33,nan,0,nan,0,nan,0,nan,0,nan,0,nan,0,nan,0,nan,0
1597988238217807104,1597988238712000000,2020-08-21 13:37:18.712000,9560.0,9715.0,9520.0,9660.0,nan,9595.0,14031,673137225.0,11669,9560.0,10,9555.0,33,nan,0,nan,0,nan,0,nan,0,nan,0,nan,0,nan,0,nan,0
1597988240204791040,1597988240720999936,2020-08-21 13:37:20.721000,9560.0,9715.0,9520.0,9660.0,nan,9595.0,14031,673137225.0,11669,9560.0,11,9555.0,33,nan,0,nan,0,nan,0,nan,0,nan,0,nan,0,nan,0,nan,0
1597988240697732096,1597988241204000000,2020-08-21 13:37:21.204000,9560.0,9715.0,9520.0,9660.0,nan,9595.0,14036,673377100.0,11670,9560.0,6,9555.0,33,nan,0,nan,0,nan,0,nan,0,nan,0,nan,0,nan,0,nan,0
1597988241195469056,1597988241731000064,2020-08-21 13:37:21.731000,9560.0,9715.0,9520.0,9660.0,nan,9595.0,14038,673473050.0,11670,9560.0,4,9555.0,33,nan,0,nan,0,nan,0,nan,0,nan,0,nan,0,nan,0,nan,0
1597988243194429952,1597988243736999936,2020-08-21 13:37:23.737000,9560.0,9715.0,9520.0,9660.0,nan,9595.0,14038,673473050.0,11670,9560.0,5,9555.0,33,nan,0,nan,0,nan,0,nan,0,nan,0,nan,0,nan,0,nan,0
1597988244701486080,1597988245219000064,2020-08-21 13:37:25.219000,9555.0,9715.0,9520.0,9660.0,nan,9595.0,14040,673569000.0,11670,9560.0,5,9555.0,32,nan,0,nan,0,nan,0,nan,0,nan,0,nan,0,nan,0,nan,0
1597988245217320960,1597988245700000000,2020-08-21 13:37:25.700000,9560.0,9715.0,9520.0,9660.0,nan,9595.0,14041,673616975.0,11671,9560.0,4,9555.0,32,nan,0,nan,0,nan,0,nan,0,nan,0,nan,0,nan,0,nan,0
1597988246722692096,1597988247234999808,2020-08-21 13:37:27.235000,9560.0,9715.0,9520.0,9660.0,nan,9595.0,14041,673616975.0,11671,9560.0,5,9555.0,32,nan,0,nan,0,nan,0,nan,0,nan,0,nan,0,nan,0,nan,0
1597988248256297984,1597988248727000064,2020-08-21 13:37:28.727000,9560.0,9715.0,9520.0,9660.0,nan,9595.0,14046,673856850.0,11670,9565.0,25,9560.0,5,nan,0,nan,0,nan,0,nan,0,nan,0,nan,0,nan,0,nan,0
1597988250219343872,1597988250739000064,2020-08-21 13:37:30.739000,9560.0,9715.0,9520.0,9660.0,nan,9595.0,14049,674000775.0,11672,9565.0,23,9560.0,4,nan,0,nan,0,nan,0,nan,0,nan,0,nan,0,nan,0,nan,0
1597988250713559040,1597988251240000000,2020-08-21 13:37:31.240000,9560.0,9715.0,9520.0,9660.0,nan,9595.0,14049,674000775.0,11672,9565.0,25,9560.0,4,nan,0,nan,0,nan,0,nan,0,nan,0,nan,0,nan,0,nan,0
1597988255705547008,1597988256232999936,2020-08-21 13:37:36.233000,9560.0,9715.0,9520.0,9660.0,nan,9595.0,14049,674000775.0,11672,9565.0,26,9560.0,4,nan,0,nan,0,nan,0,nan,0,nan,0,nan,0,nan,0,nan,0
1597988256215219968,1597988256740999936,2020-08-21 13:37:36.741000,9560.0,9715.0,9520.0,9660.0,nan,9595.0,14049,674000775.0,11672,9565.0,28,9560.0,4,nan,0,nan,0,nan,0,nan,0,nan,0,nan,0,nan,0,nan,0
1597988258206415872,1597988258734999808,2020-08-21 13:37:38.735000,9560.0,9715.0,9520.0,9660.0,nan,9595.0,14049,674000775.0,11672,9565.0,31,9560.0,4,nan,0,nan,0,nan,0,nan,0,nan,0,nan,0,nan,0,nan,0
1597988258710811904,1597988259240000000,2020-08-21 13:37:39.240000,9560.0,9715.0,9520.0,9660.0,nan,9595.0,14050,674048750.0,11672,9565.0,41,9560.0,3,nan,0,nan,0,nan,0,nan,0,nan,0,nan,0,nan,0,nan,0
1597988259206678016,1597988259724000000,2020-08-21 13:37:39.724000,9560.0,9715.0,9520.0,9660.0,nan,9595.0,14054,674240650.0,11671,9560.0,8,9555.0,34,nan,0,nan,0,nan,0,nan,0,nan,0,nan,0,nan,0,nan,0
1597988261198704896,1597988261736000000,2020-08-21 13:37:41.736000,9560.0,9715.0,9520.0,9660.0,nan,9595.0,14054,674240650.0,11671,9560.0,9,9555.0,34,nan,0,nan,0,nan,0,nan,0,nan,0,nan,0,nan,0,nan,0
1597988261701613056,1597988262239000064,2020-08-21 13:37:42.239000,9560.0,9715.0,9520.0,9660.0,nan,9595.0,14054,674240650.0,11671,9560.0,12,9555.0,34,nan,0,nan,0,nan,0,nan,0,nan,0,nan,0,nan,0,nan,0
1597988262706757120,1597988263232999936,2020-08-21 13:37:43.233000,9560.0,9715.0,9520.0,9660.0,nan,9595.0,14056,674336600.0,11669,9560.0,11,9555.0,34,nan,0,nan,0,nan,0,nan,0,nan,0,nan,0,nan,0,nan,0
1597988263203896064,1597988263740999936,2020-08-21 13:37:43.741000,9560.0,9715.0,9520.0,9660.0,nan,9595.0,14056,674336600.0,11669,9560.0,13,9555.0,34,nan,0,nan,0,nan,0,nan,0,nan,0,nan,0,nan,0,nan,0
1597988269207864064,1597988269740000000,2020-08-21 13:37:49.740000,9560.0,9715.0,9520.0,9660.0,nan,9595.0,14065,674768375.0,11674,9560.0,4,9555.0,34,nan,0,nan,0,nan,0,nan,0,nan,0,nan,0,nan,0,nan,0
1597988269730749952,1597988270220000000,2020-08-21 13:37:50.220000,9560.0,9715.0,9520.0,9660.0,nan,9595.0,14070,675008250.0,11673,9565.0,35,9560.0,4,nan,0,nan,0,nan,0,nan,0,nan,0,nan,0,nan,0,nan,0
1597988270712157952,1597988271228000000,2020-08-21 13:37:51.228000,9560.0,9715.0,9520.0,9660.0,nan,9595.0,14070,675008250.0,11673,9565.0,35,9560.0,6,nan,0,nan,0,nan,0,nan,0,nan,0,nan,0,nan,0,nan,0
1597988271209649920,1597988271740000000,2020-08-21 13:37:51.740000,9560.0,9715.0,9520.0,9660.0,nan,9595.0,14075,675248125.0,11673,9565.0,36,9560.0,1,nan,0,nan,0,nan,0,nan,0,nan,0,nan,0,nan,0,nan,0
1597988271711194880,1597988272233999872,2020-08-21 13:37:52.234000,9560.0,9715.0,9520.0,9660.0,nan,9595.0,14075,675248125.0,11673,9560.0,1,9555.0,34,nan,0,nan,0,nan,0,nan,0,nan,0,nan,0,nan,0,nan,0
1597988272209131008,1597988272740000000,2020-08-21 13:37:52.740000,9560.0,9715.0,9520.0,9660.0,nan,9595.0,14076,675296100.0,11674,9565.0,31,9555.0,34,nan,0,nan,0,nan,0,nan,0,nan,0,nan,0,nan,0,nan,0
1597988272727256064,1597988273233999872,2020-08-21 13:37:53.234000,9560.0,9715.0,9520.0,9660.0,nan,9595.0,14076,675296100.0,11674,9560.0,5,9555.0,34,nan,0,nan,0,nan,0,nan,0,nan,0,nan,0,nan,0,nan,0
1597988274711173888,1597988275239000064,2020-08-21 13:37:55.239000,9560.0,9715.0,9520.0,9660.0,nan,9595.0,14077,675344075.0,11675,9560.0,4,9555.0,34,nan,0,nan,0,nan,0,nan,0,nan,0,nan,0,nan,0,nan,0
1597988275218735104,1597988275727000064,2020-08-21 13:37:55.727000,9560.0,9715.0,9520.0,9660.0,nan,9595.0,14077,675344075.0,11675,9560.0,5,9555.0,34,nan,0,nan,0,nan,0,nan,0,nan,0,nan,0,nan,0,nan,0
1597988276808250880,1597988277226000128,2020-08-21 13:37:57.226000,9560.0,9715.0,9520.0,9660.0,nan,9595.0,14077,675344075.0,11675,9560.0,5,9555.0,33,nan,0,nan,0,nan,0,nan,0,nan,0,nan,0,nan,0,nan,0
1597988278218532096,1597988278736000000,2020-08-21 13:37:58.736000,9560.0,9715.0,9520.0,9660.0,nan,9595.0,14077,675344075.0,11675,9560.0,7,9555.0,33,nan,0,nan,0,nan,0,nan,0,nan,0,nan,0,nan,0,nan,0
1597988278719731968,1597988279236000000,2020-08-21 13:37:59.236000,9560.0,9715.0,9520.0,9660.0,nan,9595.0,14080,675488000.0,11675,9560.0,4,9555.0,33,nan,0,nan,0,nan,0,nan,0,nan,0,nan,0,nan,0,nan,0
1597988279716997888,1597988280161999872,2020-08-21 13:38:00.162000,9560.0,9715.0,9520.0,9660.0,nan,9595.0,14080,675488000.0,11675,9560.0,5,9555.0,33,nan,0,nan,0,nan,0,nan,0,nan,0,nan,0,nan,0,nan,0
1597988281720132096,1597988282193000192,2020-08-21 13:38:02.193000,9560.0,9715.0,9520.0,9660.0,nan,9595.0,14080,675488000.0,11675,9560.0,9,9555.0,33,nan,0,nan,0,nan,0,nan,0,nan,0,nan,0,nan,0,nan,0
1597988282219607040,1597988282712999936,2020-08-21 13:38:02.713000,9560.0,9715.0,9520.0,9660.0,nan,9595.0,14080,675488000.0,11675,9560.0,17,9555.0,33,nan,0,nan,0,nan,0,nan,0,nan,0,nan,0,nan,0,nan,0
1597988282720528896,1597988283233999872,2020-08-21 13:38:03.234000,9560.0,9715.0,9520.0,9660.0,nan,9595.0,14080,675488000.0,11675,9560.0,18,9555.0,33,nan,0,nan,0,nan,0,nan,0,nan,0,nan,0,nan,0,nan,0
1597988284716517888,1597988285234999808,2020-08-21 13:38:05.235000,9560.0,9715.0,9520.0,9660.0,nan,9595.0,14080,675488000.0,11675,9560.0,19,9555.0,33,nan,0,nan,0,nan,0,nan,0,nan,0,nan,0,nan,0,nan,0
1597988286712848896,1597988287240000000,2020-08-21 13:38:07.240000,9560.0,9715.0,9520.0,9660.0,nan,9595.0,14080,675488000.0,11675,9560.0,20,9555.0,33,nan,0,nan,0,nan,0,nan,0,nan,0,nan,0,nan,0,nan,0
1597988290718800896,1597988291242000128,2020-08-21 13:38:11.242000,9560.0,9715.0,9520.0,9660.0,nan,9595.0,14080,675488000.0,11675,9560.0,20,9555.0,43,nan,0,nan,0,nan,0,nan,0,nan,0,nan,0,nan,0,nan,0
1597988291216107008,1597988291740999936,2020-08-21 13:38:11.741000,9555.0,9715.0,9520.0,9660.0,nan,9595.0,14083,675631925.0,11674,9560.0,20,9555.0,50,nan,0,nan,0,nan,0,nan,0,nan,0,nan,0,nan,0,nan,0
1597988291722156032,1597988292223000064,2020-08-21 13:38:12.223000,9555.0,9715.0,9520.0,9660.0,nan,9595.0,14083,675631925.0,11674,9560.0,20,9555.0,51,nan,0,nan,0,nan,0,nan,0,nan,0,nan,0,nan,0,nan,0
1597988294723697920,1597988295240000000,2020-08-21 13:38:15.240000,9555.0,9715.0,9520.0,9660.0,nan,9595.0,14083,675631925.0,11674,9560.0,20,9555.0,52,nan,0,nan,0,nan,0,nan,0,nan,0,nan,0,nan,0,nan,0
1597988295223619072,1597988295724999936,2020-08-21 13:38:15.725000,9555.0,9715.0,9520.0,9660.0,nan,9595.0,14083,675631925.0,11674,9560.0,22,9555.0,52,nan,0,nan,0,nan,0,nan,0,nan,0,nan,0,nan,0,nan,0
1597988296221338112,1597988296737999872,2020-08-21 13:38:16.738000,9555.0,9715.0,9520.0,9660.0,nan,9595.0,14083,675631925.0,11674,9560.0,24,9555.0,52,nan,0,nan,0,nan,0,nan,0,nan,0,nan,0,nan,0,nan,0
1597988301548570112,1597988301740999936,2020-08-21 13:38:21.741000,9555.0,9715.0,9520.0,9660.0,nan,9595.0,14083,675631925.0,11674,9560.0,25,9555.0,52,nan,0,nan,0,nan,0,nan,0,nan,0,nan,0,nan,0,nan,0
1597988306222637056,1597988306742000128,2020-08-21 13:38:26.742000,9555.0,9715.0,9520.0,9660.0,nan,9595.0,14084,675679900.0,11673,9560.0,25,9555.0,51,nan,0,nan,0,nan,0,nan,0,nan,0,nan,0,nan,0,nan,0
1597988307225089024,1597988307742000128,2020-08-21 13:38:27.742000,9555.0,9715.0,9520.0,9660.0,nan,9595.0,14092,676063700.0,11673,9560.0,25,9555.0,43,nan,0,nan,0,nan,0,nan,0,nan,0,nan,0,nan,0,nan,0
1597988312730844928,1597988313239000064,2020-08-21 13:38:33.239000,9560.0,9715.0,9520.0,9660.0,nan,9595.0,14093,676111675.0,11674,9560.0,24,9555.0,42,nan,0,nan,0,nan,0,nan,0,nan,0,nan,0,nan,0,nan,0
1597988318231628032,1597988318716000000,2020-08-21 13:38:38.716000,9560.0,9715.0,9520.0,9660.0,nan,9595.0,14093,676111675.0,11674,9560.0,25,9555.0,42,nan,0,nan,0,nan,0,nan,0,nan,0,nan,0,nan,0,nan,0
1597988318738810112,1597988319234999808,2020-08-21 13:38:39.235000,9560.0,9715.0,9520.0,9660.0,nan,9595.0,14093,676111675.0,11674,9560.0,26,9555.0,42,nan,0,nan,0,nan,0,nan,0,nan,0,nan,0,nan,0,nan,0
1597988326365847040,1597988326737999872,2020-08-21 13:38:46.738000,9555.0,9715.0,9520.0,9660.0,nan,9595.0,14098,676351550.0,11679,9560.0,26,9555.0,37,nan,0,nan,0,nan,0,nan,0,nan,0,nan,0,nan,0,nan,0
1597988327738619904,1597988328180000000,2020-08-21 13:38:48.180000,9555.0,9715.0,9520.0,9660.0,nan,9595.0,14099,676399525.0,11680,9560.0,25,9555.0,39,nan,0,nan,0,nan,0,nan,0,nan,0,nan,0,nan,0,nan,0
1597988330239226112,1597988330712000000,2020-08-21 13:38:50.712000,9555.0,9715.0,9520.0,9660.0,nan,9595.0,14103,676591425.0,11684,9560.0,25,9555.0,35,nan,0,nan,0,nan,0,nan,0,nan,0,nan,0,nan,0,nan,0
1597988333271751936,1597988333742000128,2020-08-21 13:38:53.742000,9555.0,9715.0,9520.0,9660.0,nan,9595.0,14112,677023200.0,11680,9560.0,25,9555.0,26,nan,0,nan,0,nan,0,nan,0,nan,0,nan,0,nan,0,nan,0
1597988333855105024,1597988334240999936,2020-08-21 13:38:54.241000,9555.0,9715.0,9520.0,9660.0,nan,9595.0,14112,677023200.0,11680,9560.0,26,9555.0,26,nan,0,nan,0,nan,0,nan,0,nan,0,nan,0,nan,0,nan,0
1597988334254994944,1597988334691000064,2020-08-21 13:38:54.691000,9555.0,9715.0,9520.0,9660.0,nan,9595.0,14112,677023200.0,11680,9560.0,27,9555.0,26,nan,0,nan,0,nan,0,nan,0,nan,0,nan,0,nan,0,nan,0
1597988334790597120,1597988335183000064,2020-08-21 13:38:55.183000,9555.0,9715.0,9520.0,9660.0,nan,9595.0,14112,677023200.0,11680,9560.0,30,9555.0,26,nan,0,nan,0,nan,0,nan,0,nan,0,nan,0,nan,0,nan,0
1597988335243694080,1597988335736999936,2020-08-21 13:38:55.737000,9555.0,9715.0,9520.0,9660.0,nan,9595.0,14113,677071175.0,11681,9560.0,30,9555.0,25,nan,0,nan,0,nan,0,nan,0,nan,0,nan,0,nan,0,nan,0
1597988337954332928,1597988338239000064,2020-08-21 13:38:58.239000,9555.0,9715.0,9520.0,9660.0,nan,9595.0,14118,677311050.0,11681,9560.0,30,9555.0,20,nan,0,nan,0,nan,0,nan,0,nan,0,nan,0,nan,0,nan,0
1597988338240887040,1597988338732000000,2020-08-21 13:38:58.732000,9555.0,9715.0,9520.0,9660.0,nan,9595.0,14118,677311050.0,11681,9560.0,31,9555.0,20,nan,0,nan,0,nan,0,nan,0,nan,0,nan,0,nan,0,nan,0
1597988339751552000,1597988340240999936,2020-08-21 13:39:00.241000,9560.0,9715.0,9520.0,9660.0,nan,9595.0,14138,678270550.0,11701,9560.0,11,9555.0,20,nan,0,nan,0,nan,0,nan,0,nan,0,nan,0,nan,0,nan,0
1597988340247772928,1597988340736999936,2020-08-21 13:39:00.737000,9560.0,9715.0,9520.0,9660.0,nan,9595.0,14138,678270550.0,11701,9560.0,18,9555.0,20,nan,0,nan,0,nan,0,nan,0,nan,0,nan,0,nan,0,nan,0
1597988341840295936,1597988342244000000,2020-08-21 13:39:02.244000,9555.0,9715.0,9520.0,9660.0,nan,9595.0,14140,678366500.0,11701,9560.0,18,9555.0,18,nan,0,nan,0,nan,0,nan,0,nan,0,nan,0,nan,0,nan,0
1597988342751296000,1597988343236999936,2020-08-21 13:39:03.237000,9555.0,9715.0,9520.0,9660.0,nan,9595.0,14141,678414475.0,11701,9560.0,18,9555.0,17,nan,0,nan,0,nan,0,nan,0,nan,0,nan,0,nan,0,nan,0
1597988344751556096,1597988345236999936,2020-08-21 13:39:05.237000,9555.0,9715.0,9520.0,9660.0,nan,9595.0,14141,678414475.0,11701,9560.0,24,9555.0,17,nan,0,nan,0,nan,0,nan,0,nan,0,nan,0,nan,0,nan,0
1597988345760807936,1597988346233999872,2020-08-21 13:39:06.234000,9555.0,9715.0,9520.0,9660.0,nan,9595.0,14141,678414475.0,11701,9560.0,24,9555.0,21,nan,0,nan,0,nan,0,nan,0,nan,0,nan,0,nan,0,nan,0
1597988346268846080,1597988346743000064,2020-08-21 13:39:06.743000,9555.0,9715.0,9520.0,9660.0,nan,9595.0,14141,678414475.0,11701,9560.0,25,9555.0,21,nan,0,nan,0,nan,0,nan,0,nan,0,nan,0,nan,0,nan,0
1597988347747272960,1597988348233999872,2020-08-21 13:39:08.234000,9560.0,9715.0,9520.0,9660.0,nan,9595.0,14143,678510425.0,11701,9560.0,23,9555.0,21,nan,0,nan,0,nan,0,nan,0,nan,0,nan,0,nan,0,nan,0
1597988350264312064,1597988350743000064,2020-08-21 13:39:10.743000,9555.0,9715.0,9520.0,9660.0,nan,9595.0,14149,678798275.0,11701,9560.0,23,9555.0,15,nan,0,nan,0,nan,0,nan,0,nan,0,nan,0,nan,0,nan,0
1597988350896440064,1597988351211000064,2020-08-21 13:39:11.211000,9555.0,9715.0,9520.0,9660.0,nan,9595.0,14155,679086125.0,11707,9560.0,26,9555.0,9,nan,0,nan,0,nan,0,nan,0,nan,0,nan,0,nan,0,nan,0
1597988351249319936,1597988351736999936,2020-08-21 13:39:11.737000,9555.0,9715.0,9520.0,9660.0,nan,9595.0,14155,679086125.0,11707,9560.0,23,9555.0,9,nan,0,nan,0,nan,0,nan,0,nan,0,nan,0,nan,0,nan,0
1597988354742683904,1597988355237999872,2020-08-21 13:39:15.238000,9555.0,9715.0,9520.0,9660.0,nan,9595.0,14162,679421950.0,11714,9560.0,23,9555.0,2,nan,0,nan,0,nan,0,nan,0,nan,0,nan,0,nan,0,nan,0
1597988355246048000,1597988355742000128,2020-08-21 13:39:15.742000,9555.0,9715.0,9520.0,9660.0,nan,9595.0,14164,679517900.0,11716,9555.0,2,9550.0,41,nan,0,nan,0,nan,0,nan,0,nan,0,nan,0,nan,0,nan,0
1597988355742630912,1597988356224999936,2020-08-21 13:39:16.225000,9555.0,9715.0,9520.0,9660.0,nan,9595.0,14164,679517900.0,11716,9555.0,3,9550.0,41,nan,0,nan,0,nan,0,nan,0,nan,0,nan,0,nan,0,nan,0
1597988356242704896,1597988356732999936,2020-08-21 13:39:16.733000,9555.0,9715.0,9520.0,9660.0,nan,9595.0,14165,679565875.0,11716,9555.0,2,9550.0,41,nan,0,nan,0,nan,0,nan,0,nan,0,nan,0,nan,0,nan,0
1597988358248989952,1597988358742000128,2020-08-21 13:39:18.742000,9555.0,9715.0,9520.0,9660.0,nan,9595.0,14165,679565875.0,11716,9555.0,3,9550.0,42,nan,0,nan,0,nan,0,nan,0,nan,0,nan,0,nan,0,nan,0
1597988366251441920,1597988366731000064,2020-08-21 13:39:26.731000,9555.0,9715.0,9520.0,9660.0,nan,9595.0,14165,679565875.0,11716,9555.0,5,9550.0,42,nan,0,nan,0,nan,0,nan,0,nan,0,nan,0,nan,0,nan,0
1597988368268109056,1597988368736999936,2020-08-21 13:39:28.737000,9555.0,9715.0,9520.0,9660.0,nan,9595.0,14165,679565875.0,11716,9555.0,6,9550.0,42,nan,0,nan,0,nan,0,nan,0,nan,0,nan,0,nan,0,nan,0
1597988371261017088,1597988371739000064,2020-08-21 13:39:31.739000,9555.0,9715.0,9520.0,9660.0,nan,9595.0,14166,679613850.0,11716,9555.0,5,9550.0,42,nan,0,nan,0,nan,0,nan,0,nan,0,nan,0,nan,0,nan,0
1597988372255681024,1597988372739000064,2020-08-21 13:39:32.739000,9555.0,9715.0,9520.0,9660.0,nan,9595.0,14171,679853725.0,11716,9560.0,30,9550.0,47,nan,0,nan,0,nan,0,nan,0,nan,0,nan,0,nan,0,nan,0
1597988372786361088,1597988373240999936,2020-08-21 13:39:33.241000,9555.0,9715.0,9520.0,9660.0,nan,9595.0,14171,679853725.0,11716,9560.0,30,9550.0,47,nan,0,nan,0,nan,0,nan,0,nan,0,nan,0,nan,0,nan,0
1597988373253344000,1597988373724999936,2020-08-21 13:39:33.725000,9555.0,9715.0,9520.0,9660.0,nan,9595.0,14171,679853725.0,11716,9560.0,30,9550.0,48,nan,0,nan,0,nan,0,nan,0,nan,0,nan,0,nan,0,nan,0
1597988377767463936,1597988378224999936,2020-08-21 13:39:38.225000,9560.0,9715.0,9520.0,9660.0,nan,9595.0,14191,680813225.0,11705,9560.0,13,9555.0,3,nan,0,nan,0,nan,0,nan,0,nan,0,nan,0,nan,0,nan,0
1597988378376551936,1597988378743000064,2020-08-21 13:39:38.743000,9555.0,9715.0,9520.0,9660.0,nan,9595.0,14192,680861200.0,11704,9560.0,13,9555.0,6,nan,0,nan,0,nan,0,nan,0,nan,0,nan,0,nan,0,nan,0
1597988379751944960,1597988380232999936,2020-08-21 13:39:40.233000,9555.0,9715.0,9520.0,9660.0,nan,9595.0,14192,680861200.0,11704,9560.0,13,9555.0,10,nan,0,nan,0,nan,0,nan,0,nan,0,nan,0,nan,0,nan,0
1597988380259768064,1597988380729000192,2020-08-21 13:39:40.729000,9555.0,9715.0,9520.0,9660.0,nan,9595.0,14192,680861200.0,11704,9560.0,10,9555.0,10,nan,0,nan,0,nan,0,nan,0,nan,0,nan,0,nan,0,nan,0
1597988382757640960,1597988383234999808,2020-08-21 13:39:43.235000,9555.0,9715.0,9520.0,9660.0,nan,9595.0,14194,680957150.0,11704,9560.0,10,9555.0,8,nan,0,nan,0,nan,0,nan,0,nan,0,nan,0,nan,0,nan,0
1597988384756986880,1597988385243000064,2020-08-21 13:39:45.243000,9555.0,9715.0,9520.0,9660.0,nan,9595.0,14195,681005125.0,11705,9560.0,10,9555.0,8,nan,0,nan,0,nan,0,nan,0,nan,0,nan,0,nan,0,nan,0
1597988385260487936,1597988385733999872,2020-08-21 13:39:45.734000,9555.0,9715.0,9520.0,9660.0,nan,9595.0,14195,681005125.0,11705,9560.0,11,9555.0,9,nan,0,nan,0,nan,0,nan,0,nan,0,nan,0,nan,0,nan,0
1597988386262031872,1597988386704999936,2020-08-21 13:39:46.705000,9555.0,9715.0,9520.0,9660.0,nan,9595.0,14196,681053100.0,11705,9560.0,11,9555.0,8,nan,0,nan,0,nan,0,nan,0,nan,0,nan,0,nan,0,nan,0
1597988386757784064,1597988387200999936,2020-08-21 13:39:47.201000,9555.0,9715.0,9520.0,9660.0,nan,9595.0,14196,681053100.0,11705,9560.0,11,9555.0,9,nan,0,nan,0,nan,0,nan,0,nan,0,nan,0,nan,0,nan,0
1597988391259336960,1597988391742000128,2020-08-21 13:39:51.742000,9555.0,9715.0,9520.0,9660.0,nan,9595.0,14203,681388925.0,11712,9560.0,16,9550.0,49,nan,0,nan,0,nan,0,nan,0,nan,0,nan,0,nan,0,nan,0
1597988393261426944,1597988393729000192,2020-08-21 13:39:53.729000,9555.0,9715.0,9520.0,9660.0,nan,9595.0,14203,681388925.0,11712,9560.0,18,9550.0,49,nan,0,nan,0,nan,0,nan,0,nan,0,nan,0,nan,0,nan,0
1597988396270577920,1597988396729000192,2020-08-21 13:39:56.729000,9555.0,9715.0,9520.0,9660.0,nan,9595.0,14203,681388925.0,11712,9560.0,19,9550.0,49,nan,0,nan,0,nan,0,nan,0,nan,0,nan,0,nan,0,nan,0
1597988400769908992,1597988401224999936,2020-08-21 13:40:01.225000,9555.0,9715.0,9520.0,9660.0,nan,9595.0,14203,681388925.0,11712,9560.0,20,9550.0,49,nan,0,nan,0,nan,0,nan,0,nan,0,nan,0,nan,0,nan,0
1597988401773566976,1597988402216999936,2020-08-21 13:40:02.217000,9555.0,9715.0,9520.0,9660.0,nan,9595.0,14203,681388925.0,11712,9560.0,14,9555.0,5,nan,0,nan,0,nan,0,nan,0,nan,0,nan,0,nan,0,nan,0
1597988402275269120,1597988402742000128,2020-08-21 13:40:02.742000,9555.0,9715.0,9520.0,9660.0,nan,9595.0,14203,681388925.0,11712,9560.0,14,9555.0,9,nan,0,nan,0,nan,0,nan,0,nan,0,nan,0,nan,0,nan,0
1597988404272560128,1597988404734999808,2020-08-21 13:40:04.735000,9560.0,9715.0,9520.0,9660.0,nan,9595.0,14213,681868675.0,11722,9560.0,4,9555.0,9,nan,0,nan,0,nan,0,nan,0,nan,0,nan,0,nan,0,nan,0
1597988406774725120,1597988407236999936,2020-08-21 13:40:07.237000,9560.0,9715.0,9520.0,9660.0,nan,9595.0,14213,681868675.0,11722,9560.0,8,9555.0,9,nan,0,nan,0,nan,0,nan,0,nan,0,nan,0,nan,0,nan,0
1597988407326793984,1597988407719000064,2020-08-21 13:40:07.719000,9560.0,9715.0,9520.0,9660.0,nan,9595.0,14214,681916650.0,11723,9560.0,3,9555.0,9,nan,0,nan,0,nan,0,nan,0,nan,0,nan,0,nan,0,nan,0
1597988408269903872,1597988408740000000,2020-08-21 13:40:08.740000,9560.0,9715.0,9520.0,9660.0,nan,9595.0,14217,682060575.0,11724,9565.0,15,9560.0,2,nan,0,nan,0,nan,0,nan,0,nan,0,nan,0,nan,0,nan,0
1597988413769298944,1597988414230000128,2020-08-21 13:40:14.230000,9560.0,9715.0,9520.0,9660.0,nan,9595.0,14218,682108550.0,11725,9565.0,15,9560.0,1,nan,0,nan,0,nan,0,nan,0,nan,0,nan,0,nan,0,nan,0
1597988414783728896,1597988415240999936,2020-08-21 13:40:15.241000,9560.0,9715.0,9520.0,9660.0,nan,9595.0,14218,682108550.0,11725,9565.0,15,9560.0,2,nan,0,nan,0,nan,0,nan,0,nan,0,nan,0,nan,0,nan,0
1597988416274386944,1597988416740999936,2020-08-21 13:40:16.741000,9560.0,9715.0,9520.0,9660.0,nan,9595.0,14220,682204500.0,11727,9565.0,15,9555.0,10,nan,0,nan,0,nan,0,nan,0,nan,0,nan,0,nan,0,nan,0
1597988416773572096,1597988417244000000,2020-08-21 13:40:17.244000,9560.0,9715.0,9520.0,9660.0,nan,9595.0,14220,682204500.0,11727,9560.0,1,9555.0,10,nan,0,nan,0,nan,0,nan,0,nan,0,nan,0,nan,0,nan,0
1597988417274430976,1597988417744000000,2020-08-21 13:40:17.744000,9560.0,9715.0,9520.0,9660.0,nan,9595.0,14221,682252475.0,11727,9560.0,6,9555.0,10,nan,0,nan,0,nan,0,nan,0,nan,0,nan,0,nan,0,nan,0
1597988418782341120,1597988419226000128,2020-08-21 13:40:19.226000,9560.0,9715.0,9520.0,9660.0,nan,9595.0,14223,682348425.0,11727,9560.0,4,9555.0,10,nan,0,nan,0,nan,0,nan,0,nan,0,nan,0,nan,0,nan,0
1597988419278691072,1597988419665999872,2020-08-21 13:40:19.666000,9560.0,9715.0,9520.0,9660.0,nan,9595.0,14223,682348425.0,11727,9565.0,15,9555.0,10,nan,0,nan,0,nan,0,nan,0,nan,0,nan,0,nan,0,nan,0
1597988420275297024,1597988420744000000,2020-08-21 13:40:20.744000,9560.0,9715.0,9520.0,9660.0,nan,9595.0,14223,682348425.0,11727,9565.0,15,9560.0,21,nan,0,nan,0,nan,0,nan,0,nan,0,nan,0,nan,0,nan,0
1597988420772964096,1597988421230000128,2020-08-21 13:40:21.230000,9560.0,9715.0,9520.0,9660.0,nan,9595.0,14223,682348425.0,11727,9565.0,13,9560.0,25,nan,0,nan,0,nan,0,nan,0,nan,0,nan,0,nan,0,nan,0
1597988422271474944,1597988422721999872,2020-08-21 13:40:22.722000,9560.0,9715.0,9520.0,9660.0,nan,9595.0,14223,682348425.0,11727,9565.0,15,9560.0,21,nan,0,nan,0,nan,0,nan,0,nan,0,nan,0,nan,0,nan,0
1597988423283613952,1597988423736999936,2020-08-21 13:40:23.737000,9560.0,9715.0,9520.0,9660.0,nan,9595.0,14228,682588300.0,11731,9565.0,10,9560.0,20,nan,0,nan,0,nan,0,nan,0,nan,0,nan,0,nan,0,nan,0
1597988426296378112,1597988426712000000,2020-08-21 13:40:26.712000,9565.0,9715.0,9520.0,9660.0,nan,9595.0,14229,682636275.0,11732,9565.0,9,9560.0,20,nan,0,nan,0,nan,0,nan,0,nan,0,nan,0,nan,0,nan,0
1597988427280486912,1597988427740000000,2020-08-21 13:40:27.740000,9565.0,9715.0,9520.0,9660.0,nan,9595.0,14229,682636275.0,11732,9565.0,9,9560.0,21,nan,0,nan,0,nan,0,nan,0,nan,0,nan,0,nan,0,nan,0
1597988427789150976,1597988428221999872,2020-08-21 13:40:28.222000,9560.0,9715.0,9520.0,9660.0,nan,9595.0,14230,682684250.0,11733,9565.0,9,9560.0,20,nan,0,nan,0,nan,0,nan,0,nan,0,nan,0,nan,0,nan,0
1597988431321616896,1597988431661999872,2020-08-21 13:40:31.662000,9565.0,9715.0,9520.0,9660.0,nan,9595.0,14232,682780200.0,11733,9565.0,7,9560.0,20,nan,0,nan,0,nan,0,nan,0,nan,0,nan,0,nan,0,nan,0
1597988433283255040,1597988433737999872,2020-08-21 13:40:33.738000,9565.0,9715.0,9520.0,9660.0,nan,9595.0,14239,683116025.0,11731,9570.0,19,9565.0,1,nan,0,nan,0,nan,0,nan,0,nan,0,nan,0,nan,0,nan,0
1597988433841210880,1597988434242000128,2020-08-21 13:40:34.242000,9565.0,9715.0,9520.0,9660.0,nan,9595.0,14240,683164000.0,11731,9570.0,23,9560.0,20,nan,0,nan,0,nan,0,nan,0,nan,0,nan,0,nan,0,nan,0
1597988434287685120,1597988434737999872,2020-08-21 13:40:34.738000,9565.0,9715.0,9520.0,9660.0,nan,9595.0,14240,683164000.0,11731,9565.0,1,9560.0,20,nan,0,nan,0,nan,0,nan,0,nan,0,nan,0,nan,0,nan,0
1597988434789413120,1597988435239000064,2020-08-21 13:40:35.239000,9565.0,9715.0,9520.0,9660.0,nan,9595.0,14241,683211975.0,11731,9570.0,19,9565.0,5,nan,0,nan,0,nan,0,nan,0,nan,0,nan,0,nan,0,nan,0
1597988435285536000,1597988435726000128,2020-08-21 13:40:35.726000,9565.0,9715.0,9520.0,9660.0,nan,9595.0,14242,683259950.0,11731,9570.0,19,9565.0,4,nan,0,nan,0,nan,0,nan,0,nan,0,nan,0,nan,0,nan,0
1597988436783983104,1597988437242000128,2020-08-21 13:40:37.242000,9565.0,9715.0,9520.0,9660.0,nan,9595.0,14253,683787675.0,11735,9565.0,3,9560.0,20,nan,0,nan,0,nan,0,nan,0,nan,0,nan,0,nan,0,nan,0
1597988437781677056,1597988438233999872,2020-08-21 13:40:38.234000,9565.0,9715.0,9520.0,9660.0,nan,9595.0,14256,683931600.0,11735,9570.0,21,9565.0,3,nan,0,nan,0,nan,0,nan,0,nan,0,nan,0,nan,0,nan,0
1597988438292651008,1597988438724000000,2020-08-21 13:40:38.724000,9570.0,9715.0,9520.0,9660.0,nan,9595.0,14259,684075525.0,11735,9570.0,20,9565.0,1,nan,0,nan,0,nan,0,nan,0,nan,0,nan,0,nan,0,nan,0
1597988438783761920,1597988439244999936,2020-08-21 13:40:39.245000,9570.0,9715.0,9520.0,9660.0,nan,9595.0,14261,684171475.0,11733,9570.0,18,9565.0,4,nan,0,nan,0,nan,0,nan,0,nan,0,nan,0,nan,0,nan,0
1597988439284656896,1597988439734999808,2020-08-21 13:40:39.735000,9570.0,9715.0,9520.0,9660.0,nan,9595.0,14262,684219450.0,11732,9570.0,17,9565.0,6,nan,0,nan,0,nan,0,nan,0,nan,0,nan,0,nan,0,nan,0
1597988440288122112,1597988440744999936,2020-08-21 13:40:40.745000,9570.0,9715.0,9520.0,9660.0,nan,9595.0,14262,684219450.0,11732,9570.0,17,9565.0,11,nan,0,nan,0,nan,0,nan,0,nan,0,nan,0,nan,0,nan,0
1597988440786544896,1597988441234999808,2020-08-21 13:40:41.235000,9570.0,9715.0,9520.0,9660.0,nan,9595.0,14262,684219450.0,11732,9570.0,17,9565.0,12,nan,0,nan,0,nan,0,nan,0,nan,0,nan,0,nan,0,nan,0
1597988442308205056,1597988442744999936,2020-08-21 13:40:42.745000,9570.0,9715.0,9520.0,9660.0,nan,9595.0,14262,684219450.0,11732,9570.0,18,9565.0,12,nan,0,nan,0,nan,0,nan,0,nan,0,nan,0,nan,0,nan,0
1597988444324260096,1597988444746000128,2020-08-21 13:40:44.746000,9565.0,9715.0,9520.0,9660.0,nan,9595.0,14263,684267425.0,11731,9570.0,18,9565.0,11,nan,0,nan,0,nan,0,nan,0,nan,0,nan,0,nan,0,nan,0
1597988444786170112,1597988445216999936,2020-08-21 13:40:45.217000,9565.0,9715.0,9520.0,9660.0,nan,9595.0,14263,684267425.0,11731,9570.0,17,9565.0,11,nan,0,nan,0,nan,0,nan,0,nan,0,nan,0,nan,0,nan,0
1597988445284587008,1597988445717999872,2020-08-21 13:40:45.718000,9565.0,9715.0,9520.0,9660.0,nan,9595.0,14263,684267425.0,11731,9570.0,17,9565.0,12,nan,0,nan,0,nan,0,nan,0,nan,0,nan,0,nan,0,nan,0
1597988446278220032,1597988446740999936,2020-08-21 13:40:46.741000,9565.0,9715.0,9520.0,9660.0,nan,9595.0,14263,684267425.0,11731,9570.0,17,9565.0,7,nan,0,nan,0,nan,0,nan,0,nan,0,nan,0,nan,0,nan,0
1597988452790490880,1597988453180999936,2020-08-21 13:40:53.181000,9565.0,9715.0,9520.0,9660.0,nan,9595.0,14263,684267425.0,11731,9570.0,18,9565.0,7,nan,0,nan,0,nan,0,nan,0,nan,0,nan,0,nan,0,nan,0
1597988453279891968,1597988453731000064,2020-08-21 13:40:53.731000,9570.0,9715.0,9520.0,9660.0,nan,9595.0,14265,684363375.0,11733,9570.0,16,9565.0,7,nan,0,nan,0,nan,0,nan,0,nan,0,nan,0,nan,0,nan,0
1597988453780809984,1597988454232999936,2020-08-21 13:40:54.233000,9565.0,9715.0,9520.0,9660.0,nan,9595.0,14272,684699200.0,11738,9565.0,1,9560.0,22,nan,0,nan,0,nan,0,nan,0,nan,0,nan,0,nan,0,nan,0
1597988454285662976,1597988454709000192,2020-08-21 13:40:54.709000,9570.0,9715.0,9520.0,9660.0,nan,9595.0,14274,684795150.0,11740,9570.0,22,9560.0,22,nan,0,nan,0,nan,0,nan,0,nan,0,nan,0,nan,0,nan,0
1597988455283732992,1597988455744000000,2020-08-21 13:40:55.744000,9570.0,9715.0,9520.0,9660.0,nan,9595.0,14274,684795150.0,11740,9570.0,22,9565.0,1,nan,0,nan,0,nan,0,nan,0,nan,0,nan,0,nan,0,nan,0
1597988456291195904,1597988456736000000,2020-08-21 13:40:56.736000,9565.0,9715.0,9520.0,9660.0,nan,9595.0,14276,684891100.0,11742,9570.0,22,9560.0,22,nan,0,nan,0,nan,0,nan,0,nan,0,nan,0,nan,0,nan,0
1597988459286205952,1597988459730000128,2020-08-21 13:40:59.730000,9570.0,9715.0,9520.0,9660.0,nan,9595.0,14279,685035025.0,11744,9570.0,20,9565.0,2,nan,0,nan,0,nan,0,nan,0,nan,0,nan,0,nan,0,nan,0
1597988460789306112,1597988461244000000,2020-08-21 13:41:01.244000,9570.0,9715.0,9520.0,9660.0,nan,9595.0,14279,685035025.0,11744,9570.0,22,9565.0,2,nan,0,nan,0,nan,0,nan,0,nan,0,nan,0,nan,0,nan,0
1597988461392433920,1597988461696999936,2020-08-21 13:41:01.697000,9565.0,9715.0,9520.0,9660.0,nan,9595.0,14281,685130975.0,11743,9570.0,22,9560.0,22,nan,0,nan,0,nan,0,nan,0,nan,0,nan,0,nan,0,nan,0
1597988463296901120,1597988463732999936,2020-08-21 13:41:03.733000,9565.0,9715.0,9520.0,9660.0,nan,9595.0,14281,685130975.0,11743,9570.0,20,9560.0,22,nan,0,nan,0,nan,0,nan,0,nan,0,nan,0,nan,0,nan,0
1597988463803037952,1597988464237999872,2020-08-21 13:41:04.238000,9565.0,9715.0,9520.0,9660.0,nan,9595.0,14281,685130975.0,11743,9570.0,20,9560.0,27,nan,0,nan,0,nan,0,nan,0,nan,0,nan,0,nan,0,nan,0
1597988464291523072,1597988464740000000,2020-08-21 13:41:04.740000,9565.0,9715.0,9520.0,9660.0,nan,9595.0,14281,685130975.0,11743,9570.0,20,9565.0,1,nan,0,nan,0,nan,0,nan,0,nan,0,nan,0,nan,0,nan,0
1597988464798504960,1597988465236999936,2020-08-21 13:41:05.237000,9565.0,9715.0,9520.0,9660.0,nan,9595.0,14281,685130975.0,11743,9570.0,22,9565.0,1,nan,0,nan,0,nan,0,nan,0,nan,0,nan,0,nan,0,nan,0
1597988465293594112,1597988465744999936,2020-08-21 13:41:05.745000,9565.0,9715.0,9520.0,9660.0,nan,9595.0,14281,685130975.0,11743,9570.0,22,9565.0,2,nan,0,nan,0,nan,0,nan,0,nan,0,nan,0,nan,0,nan,0
1597988466301840896,1597988466744999936,2020-08-21 13:41:06.745000,9565.0,9715.0,9520.0,9660.0,nan,9595.0,14281,685130975.0,11743,9570.0,25,9565.0,2,nan,0,nan,0,nan,0,nan,0,nan,0,nan,0,nan,0,nan,0
1597988467794627072,1597988468187000064,2020-08-21 13:41:08.187000,9565.0,9715.0,9520.0,9660.0,nan,9595.0,14281,685130975.0,11743,9570.0,27,9565.0,2,nan,0,nan,0,nan,0,nan,0,nan,0,nan,0,nan,0,nan,0
1597988468296052992,1597988468670000128,2020-08-21 13:41:08.670000,9565.0,9715.0,9520.0,9660.0,nan,9595.0,14281,685130975.0,11743,9570.0,26,9565.0,2,nan,0,nan,0,nan,0,nan,0,nan,0,nan,0,nan,0,nan,0
1597988468801786112,1597988469217999872,2020-08-21 13:41:09.218000,9565.0,9715.0,9520.0,9660.0,nan,9595.0,14281,685130975.0,11743,9570.0,27,9565.0,2,nan,0,nan,0,nan,0,nan,0,nan,0,nan,0,nan,0,nan,0
1597988469299198976,1597988469713999872,2020-08-21 13:41:09.714000,9565.0,9715.0,9520.0,9660.0,nan,9595.0,14281,685130975.0,11743,9570.0,24,9565.0,2,nan,0,nan,0,nan,0,nan,0,nan,0,nan,0,nan,0,nan,0
1597988471800256000,1597988472231000064,2020-08-21 13:41:12.231000,9570.0,9715.0,9520.0,9660.0,nan,9595.0,14285,685322875.0,11743,9570.0,20,9565.0,2,nan,0,nan,0,nan,0,nan,0,nan,0,nan,0,nan,0,nan,0
1597988472306153984,1597988472744000000,2020-08-21 13:41:12.744000,9570.0,9715.0,9520.0,9660.0,nan,9595.0,14285,685322875.0,11743,9570.0,19,9565.0,2,nan,0,nan,0,nan,0,nan,0,nan,0,nan,0,nan,0,nan,0
1597988473300398080,1597988473736999936,2020-08-21 13:41:13.737000,9570.0,9715.0,9520.0,9660.0,nan,9595.0,14288,685466800.0,11744,9570.0,16,9565.0,2,nan,0,nan,0,nan,0,nan,0,nan,0,nan,0,nan,0,nan,0
1597988473799582976,1597988474236000000,2020-08-21 13:41:14.236000,9570.0,9715.0,9520.0,9660.0,nan,9595.0,14288,685466800.0,11744,9570.0,16,9565.0,4,nan,0,nan,0,nan,0,nan,0,nan,0,nan,0,nan,0,nan,0
1597988475308028928,1597988475724999936,2020-08-21 13:41:15.725000,9570.0,9715.0,9520.0,9660.0,nan,9595.0,14290,685562750.0,11744,9570.0,14,9565.0,4,nan,0,nan,0,nan,0,nan,0,nan,0,nan,0,nan,0,nan,0
1597988478325661952,1597988478742000128,2020-08-21 13:41:18.742000,9570.0,9715.0,9520.0,9660.0,nan,9595.0,14290,685562750.0,11744,9570.0,14,9565.0,5,nan,0,nan,0,nan,0,nan,0,nan,0,nan,0,nan,0,nan,0
1597988481300486912,1597988481740999936,2020-08-21 13:41:21.741000,9570.0,9715.0,9520.0,9660.0,nan,9595.0,14292,685658700.0,11743,9570.0,12,9565.0,5,nan,0,nan,0,nan,0,nan,0,nan,0,nan,0,nan,0,nan,0
1597988486307504128,1597988486736000000,2020-08-21 13:41:26.736000,9570.0,9715.0,9520.0,9660.0,nan,9595.0,14293,685706675.0,11742,9570.0,11,9565.0,5,nan,0,nan,0,nan,0,nan,0,nan,0,nan,0,nan,0,nan,0
1597988486802754048,1597988487246000128,2020-08-21 13:41:27.246000,9570.0,9715.0,9520.0,9660.0,nan,9595.0,14294,685754650.0,11742,9570.0,10,9565.0,5,nan,0,nan,0,nan,0,nan,0,nan,0,nan,0,nan,0,nan,0
1597988487306275072,1597988487737999872,2020-08-21 13:41:27.738000,9570.0,9715.0,9520.0,9660.0,nan,9595.0,14295,685802625.0,11742,9570.0,9,9565.0,5,nan,0,nan,0,nan,0,nan,0,nan,0,nan,0,nan,0,nan,0
1597988488302707968,1597988488746000128,2020-08-21 13:41:28.746000,9570.0,9715.0,9520.0,9660.0,nan,9595.0,14295,685802625.0,11742,9570.0,9,9565.0,6,nan,0,nan,0,nan,0,nan,0,nan,0,nan,0,nan,0,nan,0
1597988491309968896,1597988491728000000,2020-08-21 13:41:31.728000,9570.0,9715.0,9520.0,9660.0,nan,9595.0,14295,685802625.0,11742,9570.0,12,9565.0,6,nan,0,nan,0,nan,0,nan,0,nan,0,nan,0,nan,0,nan,0
1597988492325041920,1597988492744000000,2020-08-21 13:41:32.744000,9570.0,9715.0,9520.0,9660.0,nan,9595.0,14295,685802625.0,11742,9570.0,14,9565.0,6,nan,0,nan,0,nan,0,nan,0,nan,0,nan,0,nan,0,nan,0
1597988499807192064,1597988500219000064,2020-08-21 13:41:40.219000,9570.0,9715.0,9520.0,9660.0,nan,9595.0,14295,685802625.0,11742,9570.0,15,9565.0,6,nan,0,nan,0,nan,0,nan,0,nan,0,nan,0,nan,0,nan,0
1597988508315840000,1597988508744999936,2020-08-21 13:41:48.745000,9565.0,9715.0,9520.0,9660.0,nan,9595.0,14296,685850600.0,11741,9570.0,15,9565.0,5,nan,0,nan,0,nan,0,nan,0,nan,0,nan,0,nan,0,nan,0
1597988508813997056,1597988509236000000,2020-08-21 13:41:49.236000,9565.0,9715.0,9520.0,9660.0,nan,9595.0,14296,685850600.0,11741,9570.0,18,9565.0,3,nan,0,nan,0,nan,0,nan,0,nan,0,nan,0,nan,0,nan,0
1597988513820566016,1597988514231000064,2020-08-21 13:41:54.231000,9565.0,9715.0,9520.0,9660.0,nan,9595.0,14296,685850600.0,11741,9570.0,18,9565.0,4,nan,0,nan,0,nan,0,nan,0,nan,0,nan,0,nan,0,nan,0
1597988519321345024,1597988519712999936,2020-08-21 13:41:59.713000,9565.0,9715.0,9520.0,9660.0,nan,9595.0,14296,685850600.0,11741,9570.0,20,9565.0,4,nan,0,nan,0,nan,0,nan,0,nan,0,nan,0,nan,0,nan,0
1597988519821774080,1597988520242000128,2020-08-21 13:42:00.242000,9565.0,9715.0,9520.0,9660.0,nan,9595.0,14296,685850600.0,11741,9570.0,20,9565.0,6,nan,0,nan,0,nan,0,nan,0,nan,0,nan,0,nan,0,nan,0
1597988520329412096,1597988520724000000,2020-08-21 13:42:00.724000,9565.0,9715.0,9520.0,9660.0,nan,9595.0,14296,685850600.0,11741,9570.0,17,9565.0,6,nan,0,nan,0,nan,0,nan,0,nan,0,nan,0,nan,0,nan,0
1597988520832035072,1597988521229000192,2020-08-21 13:42:01.229000,9565.0,9715.0,9520.0,9660.0,nan,9595.0,14296,685850600.0,11741,9570.0,18,9565.0,6,nan,0,nan,0,nan,0,nan,0,nan,0,nan,0,nan,0,nan,0
1597988524816246016,1597988525243000064,2020-08-21 13:42:05.243000,9565.0,9715.0,9520.0,9660.0,nan,9595.0,14297,685898575.0,11741,9570.0,18,9565.0,5,nan,0,nan,0,nan,0,nan,0,nan,0,nan,0,nan,0,nan,0
1597988525821011968,1597988526228000000,2020-08-21 13:42:06.228000,9565.0,9715.0,9520.0,9660.0,nan,9595.0,14297,685898575.0,11741,9570.0,18,9565.0,6,nan,0,nan,0,nan,0,nan,0,nan,0,nan,0,nan,0,nan,0
1597988526831269888,1597988527200999936,2020-08-21 13:42:07.201000,9565.0,9715.0,9520.0,9660.0,nan,9595.0,14304,686234400.0,11743,9565.0,25,9560.0,29,nan,0,nan,0,nan,0,nan,0,nan,0,nan,0,nan,0,nan,0
1597988527326875904,1597988527743000064,2020-08-21 13:42:07.743000,9565.0,9715.0,9520.0,9660.0,nan,9595.0,14304,686234400.0,11743,9565.0,26,9560.0,29,nan,0,nan,0,nan,0,nan,0,nan,0,nan,0,nan,0,nan,0
1597988528817858048,1597988529244999936,2020-08-21 13:42:09.245000,9565.0,9715.0,9520.0,9660.0,nan,9595.0,14304,686234400.0,11743,9565.0,26,9560.0,28,nan,0,nan,0,nan,0,nan,0,nan,0,nan,0,nan,0,nan,0
1597988531320750080,1597988531744000000,2020-08-21 13:42:11.744000,9565.0,9715.0,9520.0,9660.0,nan,9595.0,14304,686234400.0,11743,9565.0,27,9560.0,28,nan,0,nan,0,nan,0,nan,0,nan,0,nan,0,nan,0,nan,0
1597988532333515008,1597988532724999936,2020-08-21 13:42:12.725000,9560.0,9715.0,9520.0,9660.0,nan,9595.0,14305,686282375.0,11743,9565.0,27,9560.0,27,nan,0,nan,0,nan,0,nan,0,nan,0,nan,0,nan,0,nan,0
1597988533868129024,1597988534232999936,2020-08-21 13:42:14.233000,9560.0,9715.0,9520.0,9660.0,nan,9595.0,14305,686282375.0,11743,9565.0,29,9560.0,27,nan,0,nan,0,nan,0,nan,0,nan,0,nan,0,nan,0,nan,0
1597988536831066112,1597988537224999936,2020-08-21 13:42:17.225000,9560.0,9715.0,9520.0,9660.0,nan,9595.0,14305,686282375.0,11743,9565.0,29,9560.0,28,nan,0,nan,0,nan,0,nan,0,nan,0,nan,0,nan,0,nan,0
1597988537331239936,1597988537746000128,2020-08-21 13:42:17.746000,9560.0,9715.0,9520.0,9660.0,nan,9595.0,14305,686282375.0,11743,9565.0,29,9560.0,29,nan,0,nan,0,nan,0,nan,0,nan,0,nan,0,nan,0,nan,0
1597988539831958016,1597988540237999872,2020-08-21 13:42:20.238000,9565.0,9715.0,9520.0,9660.0,nan,9595.0,14306,686330350.0,11744,9565.0,28,9560.0,29,nan,0,nan,0,nan,0,nan,0,nan,0,nan,0,nan,0,nan,0
1597988557856182016,1597988558232000000,2020-08-21 13:42:38.232000,9565.0,9715.0,9520.0,9660.0,nan,9595.0,14307,686378325.0,11745,9565.0,27,9560.0,29,nan,0,nan,0,nan,0,nan,0,nan,0,nan,0,nan,0,nan,0
1597988559840494080,1597988560430000128,2020-08-21 13:42:40.430000,9565.0,9715.0,9520.0,9660.0,nan,9595.0,14307,686378325.0,11745,9565.0,28,9560.0,29,nan,0,nan,0,nan,0,nan,0,nan,0,nan,0,nan,0,nan,0
1597988564852281088,1597988565430000128,2020-08-21 13:42:45.430000,9565.0,9715.0,9520.0,9660.0,nan,9595.0,14308,686426300.0,11746,9565.0,27,9560.0,29,nan,0,nan,0,nan,0,nan,0,nan,0,nan,0,nan,0,nan,0
1597988565336695040,1597988565731000064,2020-08-21 13:42:45.731000,9565.0,9715.0,9520.0,9660.0,nan,9595.0,14308,686426300.0,11746,9565.0,27,9560.0,30,nan,0,nan,0,nan,0,nan,0,nan,0,nan,0,nan,0,nan,0
1597988567834412032,1597988568239000064,2020-08-21 13:42:48.239000,9560.0,9715.0,9520.0,9660.0,nan,9595.0,14309,686474275.0,11747,9565.0,27,9560.0,29,nan,0,nan,0,nan,0,nan,0,nan,0,nan,0,nan,0,nan,0
1597988572851757056,1597988573428999936,2020-08-21 13:42:53.429000,9560.0,9715.0,9520.0,9660.0,nan,9595.0,14310,686522250.0,11747,9565.0,27,9560.0,28,nan,0,nan,0,nan,0,nan,0,nan,0,nan,0,nan,0,nan,0
1597988575851846912,1597988576433000192,2020-08-21 13:42:56.433000,9560.0,9715.0,9520.0,9660.0,nan,9595.0,14320,687002000.0,11757,9565.0,27,9560.0,18,nan,0,nan,0,nan,0,nan,0,nan,0,nan,0,nan,0,nan,0
1597988576353073920,1597988576927000064,2020-08-21 13:42:56.927000,9560.0,9715.0,9520.0,9660.0,nan,9595.0,14327,687337825.0,11761,9565.0,28,9560.0,13,nan,0,nan,0,nan,0,nan,0,nan,0,nan,0,nan,0,nan,0
1597988577852878080,1597988578438999808,2020-08-21 13:42:58.439000,9560.0,9715.0,9520.0,9660.0,nan,9595.0,14327,687337825.0,11761,9565.0,10,9560.0,13,nan,0,nan,0,nan,0,nan,0,nan,0,nan,0,nan,0,nan,0
1597988584844584960,1597988585420999936,2020-08-21 13:43:05.421000,9560.0,9715.0,9520.0,9660.0,nan,9595.0,14327,687337825.0,11761,9565.0,11,9560.0,13,nan,0,nan,0,nan,0,nan,0,nan,0,nan,0,nan,0,nan,0
1597988587345079040,1597988587937999872,2020-08-21 13:43:07.938000,9560.0,9715.0,9520.0,9660.0,nan,9595.0,14327,687337825.0,11761,9565.0,12,9560.0,13,nan,0,nan,0,nan,0,nan,0,nan,0,nan,0,nan,0,nan,0
1597988590846252032,1597988591432000000,2020-08-21 13:43:11.432000,9560.0,9715.0,9520.0,9660.0,nan,9595.0,14327,687337825.0,11761,9565.0,12,9560.0,14,nan,0,nan,0,nan,0,nan,0,nan,0,nan,0,nan,0,nan,0
1597988591355462912,1597988591928000000,2020-08-21 13:43:11.928000,9560.0,9715.0,9520.0,9660.0,nan,9595.0,14327,687337825.0,11761,9565.0,13,9560.0,14,nan,0,nan,0,nan,0,nan,0,nan,0,nan,0,nan,0,nan,0
1597988591859705088,1597988592433000192,2020-08-21 13:43:12.433000,9560.0,9715.0,9520.0,9660.0,nan,9595.0,14327,687337825.0,11761,9565.0,14,9560.0,14,nan,0,nan,0,nan,0,nan,0,nan,0,nan,0,nan,0,nan,0
1597988607361150976,1597988607935000064,2020-08-21 13:43:27.935000,9565.0,9715.0,9520.0,9660.0,nan,9595.0,14328,687385800.0,11762,9565.0,13,9560.0,14,nan,0,nan,0,nan,0,nan,0,nan,0,nan,0,nan,0,nan,0
1597988608845392896,1597988609418999808,2020-08-21 13:43:29.419000,9565.0,9715.0,9520.0,9660.0,nan,9595.0,14329,687433775.0,11762,9565.0,12,9560.0,14,nan,0,nan,0,nan,0,nan,0,nan,0,nan,0,nan,0,nan,0
1597988610364496896,1597988611000000000,2020-08-21 13:43:31.000000,9565.0,9715.0,9520.0,9660.0,nan,9595.0,14329,687433775.0,11762,9565.0,13,9560.0,14,nan,0,nan,0,nan,0,nan,0,nan,0,nan,0,nan,0,nan,0
1597988610847520000,1597988611417999872,2020-08-21 13:43:31.418000,9565.0,9715.0,9520.0,9660.0,nan,9595.0,14330,687481750.0,11763,9565.0,12,9560.0,14,nan,0,nan,0,nan,0,nan,0,nan,0,nan,0,nan,0,nan,0
1597988611361854976,1597988611921999872,2020-08-21 13:43:31.922000,9565.0,9715.0,9520.0,9660.0,nan,9595.0,14336,687769600.0,11759,9565.0,7,9560.0,14,nan,0,nan,0,nan,0,nan,0,nan,0,nan,0,nan,0,nan,0
1597988615855096064,1597988616423000064,2020-08-21 13:43:36.423000,9565.0,9715.0,9520.0,9660.0,nan,9595.0,14336,687769600.0,11759,9565.0,6,9560.0,14,nan,0,nan,0,nan,0,nan,0,nan,0,nan,0,nan,0,nan,0
1597988623360446976,1597988624000000000,2020-08-21 13:43:44.000000,9565.0,9715.0,9520.0,9660.0,nan,9595.0,14342,688057450.0,11761,9565.0,1,9560.0,13,nan,0,nan,0,nan,0,nan,0,nan,0,nan,0,nan,0,nan,0
1597988623860851968,1597988624427000064,2020-08-21 13:43:44.427000,9565.0,9715.0,9520.0,9660.0,nan,9595.0,14343,688105425.0,11761,9570.0,22,9560.0,13,nan,0,nan,0,nan,0,nan,0,nan,0,nan,0,nan,0,nan,0
1597988624371480064,1597988625000000000,2020-08-21 13:43:45.000000,9565.0,9715.0,9520.0,9660.0,nan,9595.0,14343,688105425.0,11761,9570.0,22,9560.0,17,nan,0,nan,0,nan,0,nan,0,nan,0,nan,0,nan,0,nan,0
1597988626371296000,1597988627000000000,2020-08-21 13:43:47.000000,9570.0,9715.0,9520.0,9660.0,nan,9595.0,14346,688249350.0,11761,9570.0,19,9560.0,17,nan,0,nan,0,nan,0,nan,0,nan,0,nan,0,nan,0,nan,0
1597988628872827904,1597988629436999936,2020-08-21 13:43:49.437000,9570.0,9715.0,9520.0,9660.0,nan,9595.0,14346,688249350.0,11761,9570.0,19,9565.0,1,nan,0,nan,0,nan,0,nan,0,nan,0,nan,0,nan,0,nan,0
1597988629370385920,1597988629936999936,2020-08-21 13:43:49.937000,9570.0,9715.0,9520.0,9660.0,nan,9595.0,14346,688249350.0,11761,9570.0,19,9565.0,3,nan,0,nan,0,nan,0,nan,0,nan,0,nan,0,nan,0,nan,0
1597988631353931008,1597988631916999936,2020-08-21 13:43:51.917000,9565.0,9715.0,9520.0,9660.0,nan,9595.0,14347,688297325.0,11762,9570.0,19,9565.0,2,nan,0,nan,0,nan,0,nan,0,nan,0,nan,0,nan,0,nan,0
1597988633363735040,1597988633915000064,2020-08-21 13:43:53.915000,9565.0,9715.0,9520.0,9660.0,nan,9595.0,14347,688297325.0,11762,9570.0,20,9565.0,2,nan,0,nan,0,nan,0,nan,0,nan,0,nan,0,nan,0,nan,0
1597988633881741056,1597988634424999936,2020-08-21 13:43:54.425000,9565.0,9715.0,9520.0,9660.0,nan,9595.0,14347,688297325.0,11762,9570.0,20,9560.0,17,nan,0,nan,0,nan,0,nan,0,nan,0,nan,0,nan,0,nan,0
1597988635356782080,1597988636000000000,2020-08-21 13:43:56.000000,9565.0,9715.0,9520.0,9660.0,nan,9595.0,14347,688297325.0,11762,9570.0,20,9560.0,23,nan,0,nan,0,nan,0,nan,0,nan,0,nan,0,nan,0,nan,0
1597988639369698048,1597988639911000064,2020-08-21 13:43:59.911000,9565.0,9715.0,9520.0,9660.0,nan,9595.0,14347,688297325.0,11762,9570.0,20,9560.0,19,nan,0,nan,0,nan,0,nan,0,nan,0,nan,0,nan,0,nan,0
1597988642865978112,1597988643428000000,2020-08-21 13:44:03.428000,9565.0,9715.0,9520.0,9660.0,nan,9595.0,14347,688297325.0,11762,9565.0,3,9560.0,19,nan,0,nan,0,nan,0,nan,0,nan,0,nan,0,nan,0,nan,0
1597988643369283072,1597988643931000064,2020-08-21 13:44:03.931000,9565.0,9715.0,9520.0,9660.0,nan,9595.0,14347,688297325.0,11762,9565.0,3,9560.0,20,nan,0,nan,0,nan,0,nan,0,nan,0,nan,0,nan,0,nan,0
1597988653376953088,1597988654000000000,2020-08-21 13:44:14.000000,9565.0,9715.0,9520.0,9660.0,nan,9595.0,14347,688297325.0,11762,9565.0,3,9560.0,23,nan,0,nan,0,nan,0,nan,0,nan,0,nan,0,nan,0,nan,0
1597988653877710080,1597988654437999872,2020-08-21 13:44:14.438000,9565.0,9715.0,9520.0,9660.0,nan,9595.0,14347,688297325.0,11762,9565.0,4,9560.0,23,nan,0,nan,0,nan,0,nan,0,nan,0,nan,0,nan,0,nan,0
1597988655364657920,1597988655932000000,2020-08-21 13:44:15.932000,9560.0,9715.0,9520.0,9660.0,nan,9595.0,14355,688681125.0,11770,9565.0,13,9560.0,15,nan,0,nan,0,nan,0,nan,0,nan,0,nan,0,nan,0,nan,0
1597988659875531008,1597988660434000128,2020-08-21 13:44:20.434000,9560.0,9715.0,9520.0,9660.0,nan,9595.0,14355,688681125.0,11770,9565.0,13,9560.0,9,nan,0,nan,0,nan,0,nan,0,nan,0,nan,0,nan,0,nan,0
1597988660371724032,1597988660918999808,2020-08-21 13:44:20.919000,9565.0,9715.0,9520.0,9660.0,nan,9595.0,14356,688729100.0,11770,9565.0,12,9560.0,9,nan,0,nan,0,nan,0,nan,0,nan,0,nan,0,nan,0,nan,0
1597988664381363968,1597988665000000000,2020-08-21 13:44:25.000000,9560.0,9715.0,9520.0,9660.0,nan,9595.0,14357,688777075.0,11769,9565.0,12,9560.0,8,nan,0,nan,0,nan,0,nan,0,nan,0,nan,0,nan,0,nan,0
1597988665883810048,1597988666423000064,2020-08-21 13:44:26.423000,9570.0,9715.0,9520.0,9660.0,nan,9595.0,14377,689736575.0,11772,9570.0,13,9560.0,11,nan,0,nan,0,nan,0,nan,0,nan,0,nan,0,nan,0,nan,0
1597988666378633984,1597988666936000000,2020-08-21 13:44:26.936000,9570.0,9715.0,9520.0,9660.0,nan,9595.0,14377,689736575.0,11772,9570.0,13,9560.0,15,nan,0,nan,0,nan,0,nan,0,nan,0,nan,0,nan,0,nan,0
1597988666885984000,1597988667435000064,2020-08-21 13:44:27.435000,9565.0,9715.0,9520.0,9660.0,nan,9595.0,14378,689784550.0,11771,9570.0,13,9560.0,15,nan,0,nan,0,nan,0,nan,0,nan,0,nan,0,nan,0,nan,0
1597988669881197056,1597988670390000128,2020-08-21 13:44:30.390000,9565.0,9715.0,9520.0,9660.0,nan,9595.0,14378,689784550.0,11771,9565.0,9,9560.0,11,nan,0,nan,0,nan,0,nan,0,nan,0,nan,0,nan,0,nan,0
1597988673378596096,1597988673924000000,2020-08-21 13:44:33.924000,9565.0,9715.0,9520.0,9660.0,nan,9595.0,14378,689784550.0,11771,9565.0,10,9560.0,11,nan,0,nan,0,nan,0,nan,0,nan,0,nan,0,nan,0,nan,0
1597988673872649984,1597988674438999808,2020-08-21 13:44:34.439000,9565.0,9715.0,9520.0,9660.0,nan,9595.0,14378,689784550.0,11771,9565.0,11,9560.0,11,nan,0,nan,0,nan,0,nan,0,nan,0,nan,0,nan,0,nan,0
1597988674373846016,1597988674938999808,2020-08-21 13:44:34.939000,9565.0,9715.0,9520.0,9660.0,nan,9595.0,14378,689784550.0,11771,9565.0,11,9560.0,12,nan,0,nan,0,nan,0,nan,0,nan,0,nan,0,nan,0,nan,0
1597988678385338880,1597988678932000000,2020-08-21 13:44:38.932000,9565.0,9715.0,9520.0,9660.0,nan,9595.0,14380,689880500.0,11769,9565.0,9,9560.0,12,nan,0,nan,0,nan,0,nan,0,nan,0,nan,0,nan,0,nan,0
1597988680882052096,1597988681424999936,2020-08-21 13:44:41.425000,9565.0,9715.0,9520.0,9660.0,nan,9595.0,14389,690312275.0,11773,9570.0,10,9565.0,41,nan,0,nan,0,nan,0,nan,0,nan,0,nan,0,nan,0,nan,0
1597988685883104000,1597988686431000064,2020-08-21 13:44:46.431000,9565.0,9715.0,9520.0,9660.0,nan,9595.0,14399,690792025.0,11773,9570.0,10,9565.0,31,nan,0,nan,0,nan,0,nan,0,nan,0,nan,0,nan,0,nan,0
1597988692380677888,1597988693000000000,2020-08-21 13:44:53.000000,9570.0,9715.0,9520.0,9660.0,nan,9595.0,14409,691271775.0,11763,9575.0,28,9565.0,31,nan,0,nan,0,nan,0,nan,0,nan,0,nan,0,nan,0,nan,0
1597988692887386112,1597988693438999808,2020-08-21 13:44:53.439000,9570.0,9715.0,9520.0,9660.0,nan,9595.0,14409,691271775.0,11763,9575.0,31,9565.0,31,nan,0,nan,0,nan,0,nan,0,nan,0,nan,0,nan,0,nan,0
1597988693884610048,1597988694428999936,2020-08-21 13:44:54.429000,9570.0,9715.0,9520.0,9660.0,nan,9595.0,14409,691271775.0,11763,9575.0,28,9570.0,7,nan,0,nan,0,nan,0,nan,0,nan,0,nan,0,nan,0,nan,0
1597988697386052096,1597988697928999936,2020-08-21 13:44:57.929000,9570.0,9715.0,9520.0,9660.0,nan,9595.0,14409,691271775.0,11763,9575.0,29,9570.0,7,nan,0,nan,0,nan,0,nan,0,nan,0,nan,0,nan,0,nan,0
1597988698886810112,1597988699426000128,2020-08-21 13:44:59.426000,9570.0,9715.0,9520.0,9660.0,nan,9595.0,14410,691319750.0,11763,9575.0,29,9570.0,6,nan,0,nan,0,nan,0,nan,0,nan,0,nan,0,nan,0,nan,0
1597988700889285888,1597988701404999936,2020-08-21 13:45:01.405000,9570.0,9715.0,9520.0,9660.0,nan,9595.0,14411,691367725.0,11764,9575.0,29,9570.0,5,nan,0,nan,0,nan,0,nan,0,nan,0,nan,0,nan,0,nan,0
1597988701392214016,1597988702000000000,2020-08-21 13:45:02.000000,9575.0,9715.0,9520.0,9660.0,nan,9595.0,14442,692854950.0,11769,9580.0,103,9570.0,20,nan,0,nan,0,nan,0,nan,0,nan,0,nan,0,nan,0,nan,0
1597988701891004928,1597988702436999936,2020-08-21 13:45:02.437000,9575.0,9715.0,9520.0,9660.0,nan,9595.0,14448,693142800.0,11766,9580.0,103,9570.0,20,nan,0,nan,0,nan,0,nan,0,nan,0,nan,0,nan,0,nan,0
1597988703391761920,1597988704000000000,2020-08-21 13:45:04.000000,9575.0,9715.0,9520.0,9660.0,nan,9595.0,14448,693142800.0,11766,9580.0,104,9570.0,20,nan,0,nan,0,nan,0,nan,0,nan,0,nan,0,nan,0,nan,0
1597988703903796992,1597988704437999872,2020-08-21 13:45:04.438000,9575.0,9715.0,9520.0,9660.0,nan,9595.0,14448,693142800.0,11766,9580.0,104,9570.0,22,nan,0,nan,0,nan,0,nan,0,nan,0,nan,0,nan,0,nan,0
1597988704893722880,1597988705412000000,2020-08-21 13:45:05.412000,9575.0,9715.0,9520.0,9660.0,nan,9595.0,14448,693142800.0,11766,9580.0,104,9575.0,1,nan,0,nan,0,nan,0,nan,0,nan,0,nan,0,nan,0,nan,0
1597988705398702080,1597988706000000000,2020-08-21 13:45:06.000000,9575.0,9715.0,9520.0,9660.0,nan,9595.0,14450,693238750.0,11766,9580.0,104,9570.0,20,nan,0,nan,0,nan,0,nan,0,nan,0,nan,0,nan,0,nan,0
1597988705893168128,1597988706432000000,2020-08-21 13:45:06.432000,9575.0,9715.0,9520.0,9660.0,nan,9595.0,14452,693334700.0,11768,9580.0,104,9570.0,20,nan,0,nan,0,nan,0,nan,0,nan,0,nan,0,nan,0,nan,0
1597988706403237888,1597988706931000064,2020-08-21 13:45:06.931000,9575.0,9715.0,9520.0,9660.0,nan,9595.0,14452,693334700.0,11768,9575.0,7,9570.0,20,nan,0,nan,0,nan,0,nan,0,nan,0,nan,0,nan,0,nan,0
1597988706891476992,1597988707427000064,2020-08-21 13:45:07.427000,9575.0,9715.0,9520.0,9660.0,nan,9595.0,14460,693718500.0,11763,9580.0,104,9570.0,16,nan,0,nan,0,nan,0,nan,0,nan,0,nan,0,nan,0,nan,0
1597988707404577024,1597988707937999872,2020-08-21 13:45:07.938000,9575.0,9715.0,9520.0,9660.0,nan,9595.0,14460,693718500.0,11763,9580.0,104,9570.0,17,nan,0,nan,0,nan,0,nan,0,nan,0,nan,0,nan,0,nan,0
1597988707892262912,1597988708436000000,2020-08-21 13:45:08.436000,9570.0,9715.0,9520.0,9660.0,nan,9595.0,14461,693766475.0,11763,9580.0,104,9570.0,14,nan,0,nan,0,nan,0,nan,0,nan,0,nan,0,nan,0,nan,0
1597988708389111040,1597988708901999872,2020-08-21 13:45:08.902000,9575.0,9715.0,9520.0,9660.0,nan,9595.0,14462,693814450.0,11764,9580.0,104,9570.0,13,nan,0,nan,0,nan,0,nan,0,nan,0,nan,0,nan,0,nan,0
1597988708893424128,1597988709436000000,2020-08-21 13:45:09.436000,9575.0,9715.0,9520.0,9660.0,nan,9595.0,14462,693814450.0,11764,9575.0,1,9570.0,13,nan,0,nan,0,nan,0,nan,0,nan,0,nan,0,nan,0,nan,0
1597988709893285120,1597988710424000000,2020-08-21 13:45:10.424000,9570.0,9715.0,9520.0,9660.0,nan,9595.0,14464,693910400.0,11766,9575.0,3,9570.0,11,nan,0,nan,0,nan,0,nan,0,nan,0,nan,0,nan,0,nan,0
1597988710401347072,1597988710937999872,2020-08-21 13:45:10.938000,9575.0,9715.0,9520.0,9660.0,nan,9595.0,14466,694006350.0,11766,9575.0,1,9570.0,11,nan,0,nan,0,nan,0,nan,0,nan,0,nan,0,nan,0,nan,0
1597988710902232064,1597988711435000064,2020-08-21 13:45:11.435000,9575.0,9715.0,9520.0,9660.0,nan,9595.0,14466,694006350.0,11766,9575.0,3,9570.0,11,nan,0,nan,0,nan,0,nan,0,nan,0,nan,0,nan,0,nan,0
1597988711391832064,1597988712000000000,2020-08-21 13:45:12.000000,9575.0,9715.0,9520.0,9660.0,nan,9595.0,14467,694054325.0,11765,9575.0,2,9570.0,11,nan,0,nan,0,nan,0,nan,0,nan,0,nan,0,nan,0,nan,0
1597988711902394112,1597988712428000000,2020-08-21 13:45:12.428000,9575.0,9715.0,9520.0,9660.0,nan,9595.0,14467,694054325.0,11765,9575.0,2,9570.0,15,nan,0,nan,0,nan,0,nan,0,nan,0,nan,0,nan,0,nan,0
1597988712891031040,1597988713421999872,2020-08-21 13:45:13.422000,9575.0,9715.0,9520.0,9660.0,nan,9595.0,14467,694054325.0,11765,9575.0,3,9570.0,15,nan,0,nan,0,nan,0,nan,0,nan,0,nan,0,nan,0,nan,0
1597988713394842112,1597988714000000000,2020-08-21 13:45:14.000000,9575.0,9715.0,9520.0,9660.0,nan,9595.0,14467,694054325.0,11765,9575.0,5,9570.0,11,nan,0,nan,0,nan,0,nan,0,nan,0,nan,0,nan,0,nan,0
1597988713895943936,1597988714428000000,2020-08-21 13:45:14.428000,9575.0,9715.0,9520.0,9660.0,nan,9595.0,14467,694054325.0,11765,9575.0,6,9570.0,11,nan,0,nan,0,nan,0,nan,0,nan,0,nan,0,nan,0,nan,0
1597988715893326080,1597988716424999936,2020-08-21 13:45:16.425000,9575.0,9715.0,9520.0,9660.0,nan,9595.0,14468,694102300.0,11765,9575.0,5,9570.0,11,nan,0,nan,0,nan,0,nan,0,nan,0,nan,0,nan,0,nan,0
1597988716394231040,1597988717000000000,2020-08-21 13:45:17.000000,9575.0,9715.0,9520.0,9660.0,nan,9595.0,14469,694150275.0,11765,9575.0,5,9570.0,11,nan,0,nan,0,nan,0,nan,0,nan,0,nan,0,nan,0,nan,0
1597988718401515008,1597988719000000000,2020-08-21 13:45:19.000000,9575.0,9715.0,9520.0,9660.0,nan,9595.0,14470,694198250.0,11764,9575.0,4,9570.0,15,nan,0,nan,0,nan,0,nan,0,nan,0,nan,0,nan,0,nan,0
1597988718902554880,1597988719417999872,2020-08-21 13:45:19.418000,9575.0,9715.0,9520.0,9660.0,nan,9595.0,14471,694246225.0,11763,9575.0,3,9570.0,15,nan,0,nan,0,nan,0,nan,0,nan,0,nan,0,nan,0,nan,0
1597988719404086016,1597988720000000000,2020-08-21 13:45:20.000000,9575.0,9715.0,9520.0,9660.0,nan,9595.0,14471,694246225.0,11763,9575.0,3,9570.0,16,nan,0,nan,0,nan,0,nan,0,nan,0,nan,0,nan,0,nan,0
1597988720405613056,1597988721000000000,2020-08-21 13:45:21.000000,9575.0,9715.0,9520.0,9660.0,nan,9595.0,14471,694246225.0,11763,9575.0,4,9570.0,16,nan,0,nan,0,nan,0,nan,0,nan,0,nan,0,nan,0,nan,0
1597988720897435904,1597988721436999936,2020-08-21 13:45:21.437000,9575.0,9715.0,9520.0,9660.0,nan,9595.0,14471,694246225.0,11763,9575.0,4,9570.0,12,nan,0,nan,0,nan,0,nan,0,nan,0,nan,0,nan,0,nan,0
1597988722410809088,1597988723000000000,2020-08-21 13:45:23.000000,9575.0,9715.0,9520.0,9660.0,nan,9595.0,14471,694246225.0,11763,9575.0,7,9570.0,12,nan,0,nan,0,nan,0,nan,0,nan,0,nan,0,nan,0,nan,0
1597988725944599040,1597988726433000192,2020-08-21 13:45:26.433000,9575.0,9715.0,9520.0,9660.0,nan,9595.0,14471,694246225.0,11763,9575.0,8,9570.0,12,nan,0,nan,0,nan,0,nan,0,nan,0,nan,0,nan,0,nan,0
1597988726407749888,1597988727000000000,2020-08-21 13:45:27.000000,9575.0,9715.0,9520.0,9660.0,nan,9595.0,14471,694246225.0,11763,9575.0,8,9570.0,11,nan,0,nan,0,nan,0,nan,0,nan,0,nan,0,nan,0,nan,0
1597988726902688000,1597988727437999872,2020-08-21 13:45:27.438000,9570.0,9715.0,9520.0,9660.0,nan,9595.0,14472,694294200.0,11763,9575.0,8,9570.0,6,nan,0,nan,0,nan,0,nan,0,nan,0,nan,0,nan,0,nan,0
1597988727413561088,1597988728000000000,2020-08-21 13:45:28.000000,9570.0,9715.0,9520.0,9660.0,nan,9595.0,14472,694294200.0,11763,9575.0,9,9570.0,6,nan,0,nan,0,nan,0,nan,0,nan,0,nan,0,nan,0,nan,0
1597988728405572096,1597988728930000128,2020-08-21 13:45:28.930000,9575.0,9715.0,9520.0,9660.0,nan,9595.0,14473,694342175.0,11764,9575.0,8,9570.0,6,nan,0,nan,0,nan,0,nan,0,nan,0,nan,0,nan,0,nan,0
1597988728905003008,1597988729435000064,2020-08-21 13:45:29.435000,9570.0,9715.0,9520.0,9660.0,nan,9595.0,14474,694390150.0,11764,9575.0,8,9570.0,5,nan,0,nan,0,nan,0,nan,0,nan,0,nan,0,nan,0,nan,0
1597988729908732928,1597988730437999872,2020-08-21 13:45:30.438000,9570.0,9715.0,9520.0,9660.0,nan,9595.0,14474,694390150.0,11764,9575.0,9,9570.0,5,nan,0,nan,0,nan,0,nan,0,nan,0,nan,0,nan,0,nan,0
1597988731907734016,1597988732424000000,2020-08-21 13:45:32.424000,9570.0,9715.0,9520.0,9660.0,nan,9595.0,14475,694438125.0,11764,9575.0,9,9570.0,2,nan,0,nan,0,nan,0,nan,0,nan,0,nan,0,nan,0,nan,0
1597988732415382016,1597988733000000000,2020-08-21 13:45:33.000000,9570.0,9715.0,9520.0,9660.0,nan,9595.0,14475,694438125.0,11764,9575.0,9,9570.0,3,nan,0,nan,0,nan,0,nan,0,nan,0,nan,0,nan,0,nan,0
1597988733899281920,1597988734407000064,2020-08-21 13:45:34.407000,9575.0,9715.0,9520.0,9660.0,nan,9595.0,14476,694486100.0,11764,9575.0,8,9570.0,3,nan,0,nan,0,nan,0,nan,0,nan,0,nan,0,nan,0,nan,0
1597988735402265088,1597988735933000192,2020-08-21 13:45:35.933000,9570.0,9715.0,9520.0,9660.0,nan,9595.0,14478,694582050.0,11762,9575.0,8,9570.0,2,nan,0,nan,0,nan,0,nan,0,nan,0,nan,0,nan,0,nan,0
1597988736402865920,1597988737000000000,2020-08-21 13:45:37.000000,9575.0,9715.0,9520.0,9660.0,nan,9595.0,14487,695013825.0,11754,9575.0,1,9570.0,2,nan,0,nan,0,nan,0,nan,0,nan,0,nan,0,nan,0,nan,0
1597988736909277952,1597988737437999872,2020-08-21 13:45:37.438000,9575.0,9715.0,9520.0,9660.0,nan,9595.0,14487,695013825.0,11754,9575.0,1,9570.0,9,nan,0,nan,0,nan,0,nan,0,nan,0,nan,0,nan,0,nan,0
1597988737403524096,1597988737905999872,2020-08-21 13:45:37.906000,9575.0,9715.0,9520.0,9660.0,nan,9595.0,14488,695061800.0,11754,9580.0,107,9570.0,11,nan,0,nan,0,nan,0,nan,0,nan,0,nan,0,nan,0,nan,0
1597988737909564928,1597988738431000064,2020-08-21 13:45:38.431000,9575.0,9715.0,9520.0,9660.0,nan,9595.0,14488,695061800.0,11754,9575.0,1,9570.0,11,nan,0,nan,0,nan,0,nan,0,nan,0,nan,0,nan,0,nan,0
1597988738391482112,1597988739000000000,2020-08-21 13:45:39.000000,9575.0,9715.0,9520.0,9660.0,nan,9595.0,14488,695061800.0,11754,9575.0,1,9570.0,14,nan,0,nan,0,nan,0,nan,0,nan,0,nan,0,nan,0,nan,0
1597988739398799872,1597988740000000000,2020-08-21 13:45:40.000000,9575.0,9715.0,9520.0,9660.0,nan,9595.0,14488,695061800.0,11754,9575.0,4,9570.0,15,nan,0,nan,0,nan,0,nan,0,nan,0,nan,0,nan,0,nan,0
1597988740905782016,1597988741431000064,2020-08-21 13:45:41.431000,9575.0,9715.0,9520.0,9660.0,nan,9595.0,14489,695109775.0,11755,9575.0,3,9570.0,15,nan,0,nan,0,nan,0,nan,0,nan,0,nan,0,nan,0,nan,0
1597988742406643968,1597988743000000000,2020-08-21 13:45:43.000000,9575.0,9715.0,9520.0,9660.0,nan,9595.0,14492,695253700.0,11754,9580.0,107,9570.0,15,nan,0,nan,0,nan,0,nan,0,nan,0,nan,0,nan,0,nan,0
1597988742907666944,1597988743435000064,2020-08-21 13:45:43.435000,9575.0,9715.0,9520.0,9660.0,nan,9595.0,14492,695253700.0,11754,9575.0,1,9570.0,17,nan,0,nan,0,nan,0,nan,0,nan,0,nan,0,nan,0,nan,0
1597988744489957888,1597988745000000000,2020-08-21 13:45:45.000000,9575.0,9715.0,9520.0,9660.0,nan,9595.0,14494,695349650.0,11752,9580.0,108,9575.0,18,nan,0,nan,0,nan,0,nan,0,nan,0,nan,0,nan,0,nan,0
1597988745920116992,1597988746438999808,2020-08-21 13:45:46.439000,9580.0,9715.0,9520.0,9660.0,nan,9595.0,14505,695877375.0,11742,9580.0,97,9575.0,18,nan,0,nan,0,nan,0,nan,0,nan,0,nan,0,nan,0,nan,0
1597988746404534016,1597988746932000000,2020-08-21 13:45:46.932000,9580.0,9715.0,9520.0,9660.0,nan,9595.0,14522,696692950.0,11725,9580.0,80,9575.0,18,nan,0,nan,0,nan,0,nan,0,nan,0,nan,0,nan,0,nan,0
1597988746909445120,1597988747424999936,2020-08-21 13:45:47.425000,9580.0,9715.0,9520.0,9660.0,nan,9595.0,14522,696692950.0,11725,9580.0,80,9575.0,21,nan,0,nan,0,nan,0,nan,0,nan,0,nan,0,nan,0,nan,0
1597988747406471936,1597988748000000000,2020-08-21 13:45:48.000000,9580.0,9715.0,9520.0,9660.0,nan,9595.0,14523,696740925.0,11724,9580.0,79,9575.0,21,nan,0,nan,0,nan,0,nan,0,nan,0,nan,0,nan,0,nan,0
1597988747909509120,1597988748438999808,2020-08-21 13:45:48.439000,9580.0,9715.0,9520.0,9660.0,nan,9595.0,14599,700387025.0,11693,9580.0,3,9575.0,21,nan,0,nan,0,nan,0,nan,0,nan,0,nan,0,nan,0,nan,0
1597988748405451008,1597988749000000000,2020-08-21 13:45:49.000000,9580.0,9715.0,9520.0,9660.0,nan,9595.0,14602,700530950.0,11693,9585.0,48,9580.0,7,nan,0,nan,0,nan,0,nan,0,nan,0,nan,0,nan,0,nan,0
1597988748909989120,1597988749435000064,2020-08-21 13:45:49.435000,9580.0,9715.0,9520.0,9660.0,nan,9595.0,14602,700530950.0,11693,9585.0,48,9580.0,10,nan,0,nan,0,nan,0,nan,0,nan,0,nan,0,nan,0,nan,0
1597988750408961024,1597988751000000000,2020-08-21 13:45:51.000000,9585.0,9715.0,9520.0,9660.0,nan,9595.0,14608,700818800.0,11692,9585.0,42,9580.0,10,nan,0,nan,0,nan,0,nan,0,nan,0,nan,0,nan,0,nan,0
1597988750911454976,1597988751431000064,2020-08-21 13:45:51.431000,9585.0,9715.0,9520.0,9660.0,nan,9595.0,14613,701058675.0,11692,9585.0,37,9580.0,10,nan,0,nan,0,nan,0,nan,0,nan,0,nan,0,nan,0,nan,0
1597988751411398912,1597988752000000000,2020-08-21 13:45:52.000000,9585.0,9715.0,9520.0,9660.0,nan,9595.0,14630,701874250.0,11688,9585.0,21,9580.0,9,nan,0,nan,0,nan,0,nan,0,nan,0,nan,0,nan,0,nan,0
1597988752418009088,1597988753000000000,2020-08-21 13:45:53.000000,9580.0,9715.0,9520.0,9660.0,nan,9595.0,14631,701922225.0,11688,9585.0,21,9580.0,8,nan,0,nan,0,nan,0,nan,0,nan,0,nan,0,nan,0,nan,0
1597988753413222912,1597988753936000000,2020-08-21 13:45:53.936000,9585.0,9715.0,9520.0,9660.0,nan,9595.0,14635,702114125.0,11684,9585.0,17,9580.0,8,nan,0,nan,0,nan,0,nan,0,nan,0,nan,0,nan,0,nan,0
1597988754914456064,1597988755431000064,2020-08-21 13:45:55.431000,9580.0,9715.0,9520.0,9660.0,nan,9595.0,14636,702162100.0,11684,9585.0,17,9580.0,7,nan,0,nan,0,nan,0,nan,0,nan,0,nan,0,nan,0,nan,0
1597988755414060032,1597988755930000128,2020-08-21 13:45:55.930000,9580.0,9715.0,9520.0,9660.0,nan,9595.0,14636,702162100.0,11684,9585.0,18,9580.0,7,nan,0,nan,0,nan,0,nan,0,nan,0,nan,0,nan,0,nan,0
1597988757422163968,1597988758000000000,2020-08-21 13:45:58.000000,9580.0,9715.0,9520.0,9660.0,nan,9595.0,14636,702162100.0,11684,9585.0,19,9580.0,8,nan,0,nan,0,nan,0,nan,0,nan,0,nan,0,nan,0,nan,0
1597988758408899072,1597988759000000000,2020-08-21 13:45:59.000000,9580.0,9715.0,9520.0,9660.0,nan,9595.0,14637,702210075.0,11683,9585.0,19,9580.0,7,nan,0,nan,0,nan,0,nan,0,nan,0,nan,0,nan,0,nan,0
1597988760407773952,1597988761000000000,2020-08-21 13:46:01.000000,9585.0,9715.0,9520.0,9660.0,nan,9595.0,14639,702306025.0,11683,9585.0,18,9580.0,8,nan,0,nan,0,nan,0,nan,0,nan,0,nan,0,nan,0,nan,0
1597988760914196992,1597988761428999936,2020-08-21 13:46:01.429000,9580.0,9715.0,9520.0,9660.0,nan,9595.0,14640,702354000.0,11684,9585.0,18,9580.0,7,nan,0,nan,0,nan,0,nan,0,nan,0,nan,0,nan,0,nan,0
1597988761414551040,1597988762000000000,2020-08-21 13:46:02.000000,9585.0,9715.0,9520.0,9660.0,nan,9595.0,14648,702737800.0,11676,9585.0,10,9580.0,7,nan,0,nan,0,nan,0,nan,0,nan,0,nan,0,nan,0,nan,0
1597988762911068928,1597988763435000064,2020-08-21 13:46:03.435000,9585.0,9715.0,9520.0,9660.0,nan,9595.0,14650,702833750.0,11675,9585.0,8,9580.0,7,nan,0,nan,0,nan,0,nan,0,nan,0,nan,0,nan,0,nan,0
1597988763413580032,1597988764000000000,2020-08-21 13:46:04.000000,9585.0,9715.0,9520.0,9660.0,nan,9595.0,14650,702833750.0,11675,9585.0,9,9580.0,7,nan,0,nan,0,nan,0,nan,0,nan,0,nan,0,nan,0,nan,0
1597988763911489024,1597988764436000000,2020-08-21 13:46:04.436000,9585.0,9715.0,9520.0,9660.0,nan,9595.0,14650,702833750.0,11675,9585.0,9,9580.0,8,nan,0,nan,0,nan,0,nan,0,nan,0,nan,0,nan,0,nan,0
1597988764411500032,1597988765000000000,2020-08-21 13:46:05.000000,9585.0,9715.0,9520.0,9660.0,nan,9595.0,14662,703409450.0,11678,9585.0,1,9580.0,8,nan,0,nan,0,nan,0,nan,0,nan,0,nan,0,nan,0,nan,0
1597988764914936064,1597988765438999808,2020-08-21 13:46:05.439000,9585.0,9715.0,9520.0,9660.0,nan,9595.0,14662,703409450.0,11678,9585.0,3,9580.0,9,nan,0,nan,0,nan,0,nan,0,nan,0,nan,0,nan,0,nan,0
1597988765416626944,1597988766000000000,2020-08-21 13:46:06.000000,9585.0,9715.0,9520.0,9660.0,nan,9595.0,14665,703553375.0,11675,9585.0,5,9580.0,12,nan,0,nan,0,nan,0,nan,0,nan,0,nan,0,nan,0,nan,0
1597988766414533120,1597988767000000000,2020-08-21 13:46:07.000000,9580.0,9715.0,9520.0,9660.0,nan,9595.0,14671,703841225.0,11672,9585.0,5,9580.0,4,nan,0,nan,0,nan,0,nan,0,nan,0,nan,0,nan,0,nan,0
1597988767415220992,1597988768000000000,2020-08-21 13:46:08.000000,9580.0,9715.0,9520.0,9660.0,nan,9595.0,14671,703841225.0,11672,9585.0,5,9580.0,5,nan,0,nan,0,nan,0,nan,0,nan,0,nan,0,nan,0,nan,0
1597988767914907904,1597988768427000064,2020-08-21 13:46:08.427000,9580.0,9715.0,9520.0,9660.0,nan,9595.0,14671,703841225.0,11672,9585.0,7,9580.0,5,nan,0,nan,0,nan,0,nan,0,nan,0,nan,0,nan,0,nan,0
1597988769424653056,1597988770000000000,2020-08-21 13:46:10.000000,9580.0,9715.0,9520.0,9660.0,nan,9595.0,14671,703841225.0,11672,9585.0,9,9580.0,5,nan,0,nan,0,nan,0,nan,0,nan,0,nan,0,nan,0,nan,0
1597988769918498048,1597988770433000192,2020-08-21 13:46:10.433000,9580.0,9715.0,9520.0,9660.0,nan,9595.0,14671,703841225.0,11672,9585.0,11,9580.0,5,nan,0,nan,0,nan,0,nan,0,nan,0,nan,0,nan,0,nan,0
1597988770414202880,1597988771000000000,2020-08-21 13:46:11.000000,9580.0,9715.0,9520.0,9660.0,nan,9595.0,14676,704081100.0,11671,9580.0,4,9575.0,9,nan,0,nan,0,nan,0,nan,0,nan,0,nan,0,nan,0,nan,0
1597988770915816960,1597988771436999936,2020-08-21 13:46:11.437000,9580.0,9715.0,9520.0,9660.0,nan,9595.0,14677,704129075.0,11672,9580.0,3,9575.0,7,nan,0,nan,0,nan,0,nan,0,nan,0,nan,0,nan,0,nan,0
1597988771422053888,1597988772000000000,2020-08-21 13:46:12.000000,9580.0,9715.0,9520.0,9660.0,nan,9595.0,14678,704177050.0,11673,9580.0,4,9575.0,7,nan,0,nan,0,nan,0,nan,0,nan,0,nan,0,nan,0,nan,0
1597988772919823872,1597988773428999936,2020-08-21 13:46:13.429000,9580.0,9715.0,9520.0,9660.0,nan,9595.0,14678,704177050.0,11673,9580.0,5,9575.0,7,nan,0,nan,0,nan,0,nan,0,nan,0,nan,0,nan,0,nan,0
1597988774910228992,1597988775420000000,2020-08-21 13:46:15.420000,9580.0,9715.0,9520.0,9660.0,nan,9595.0,14678,704177050.0,11673,9580.0,5,9575.0,8,nan,0,nan,0,nan,0,nan,0,nan,0,nan,0,nan,0,nan,0
1597988775912208896,1597988776411000064,2020-08-21 13:46:16.411000,9580.0,9715.0,9520.0,9660.0,nan,9595.0,14679,704225025.0,11674,9580.0,4,9575.0,8,nan,0,nan,0,nan,0,nan,0,nan,0,nan,0,nan,0,nan,0
1597988779425314048,1597988779916000000,2020-08-21 13:46:19.916000,9580.0,9715.0,9520.0,9660.0,nan,9595.0,14680,704273000.0,11675,9580.0,3,9575.0,8,nan,0,nan,0,nan,0,nan,0,nan,0,nan,0,nan,0,nan,0
1597988780419854080,1597988780935000064,2020-08-21 13:46:20.935000,9580.0,9715.0,9520.0,9660.0,nan,9595.0,14680,704273000.0,11675,9580.0,4,9575.0,8,nan,0,nan,0,nan,0,nan,0,nan,0,nan,0,nan,0,nan,0
1597988781420994048,1597988781931000064,2020-08-21 13:46:21.931000,9580.0,9715.0,9520.0,9660.0,nan,9595.0,14680,704273000.0,11675,9580.0,5,9575.0,8,nan,0,nan,0,nan,0,nan,0,nan,0,nan,0,nan,0,nan,0
1597988782424101120,1597988783000000000,2020-08-21 13:46:23.000000,9575.0,9715.0,9520.0,9660.0,nan,9595.0,14681,704320975.0,11674,9580.0,5,9575.0,7,nan,0,nan,0,nan,0,nan,0,nan,0,nan,0,nan,0,nan,0
1597988783419072000,1597988783926000128,2020-08-21 13:46:23.926000,9575.0,9715.0,9520.0,9660.0,nan,9595.0,14682,704368950.0,11673,9580.0,5,9575.0,6,nan,0,nan,0,nan,0,nan,0,nan,0,nan,0,nan,0,nan,0
1597988783928837120,1597988784421999872,2020-08-21 13:46:24.422000,9580.0,9715.0,9520.0,9660.0,nan,9595.0,14689,704704775.0,11675,9585.0,16,9575.0,6,nan,0,nan,0,nan,0,nan,0,nan,0,nan,0,nan,0,nan,0
1597988784425650944,1597988785000000000,2020-08-21 13:46:25.000000,9580.0,9715.0,9520.0,9660.0,nan,9595.0,14689,704704775.0,11675,9585.0,16,9575.0,10,nan,0,nan,0,nan,0,nan,0,nan,0,nan,0,nan,0,nan,0
1597988784925669120,1597988785435000064,2020-08-21 13:46:25.435000,9580.0,9715.0,9520.0,9660.0,nan,9595.0,14689,704704775.0,11675,9585.0,16,9575.0,7,nan,0,nan,0,nan,0,nan,0,nan,0,nan,0,nan,0,nan,0
1597988786926744064,1597988787428999936,2020-08-21 13:46:27.429000,9580.0,9715.0,9520.0,9660.0,nan,9595.0,14689,704704775.0,11675,9580.0,2,9575.0,7,nan,0,nan,0,nan,0,nan,0,nan,0,nan,0,nan,0,nan,0
1597988788422563072,1597988789000000000,2020-08-21 13:46:29.000000,9580.0,9715.0,9520.0,9660.0,nan,9595.0,14689,704704775.0,11675,9580.0,4,9575.0,7,nan,0,nan,0,nan,0,nan,0,nan,0,nan,0,nan,0,nan,0
1597988788931810048,1597988789437999872,2020-08-21 13:46:29.438000,9580.0,9715.0,9520.0,9660.0,nan,9595.0,14689,704704775.0,11675,9580.0,6,9575.0,5,nan,0,nan,0,nan,0,nan,0,nan,0,nan,0,nan,0,nan,0
1597988790422580992,1597988791000000000,2020-08-21 13:46:31.000000,9575.0,9715.0,9520.0,9660.0,nan,9595.0,14696,705040600.0,11673,9575.0,4,9570.0,15,nan,0,nan,0,nan,0,nan,0,nan,0,nan,0,nan,0,nan,0
1597988791426300928,1597988792000000000,2020-08-21 13:46:32.000000,9575.0,9715.0,9520.0,9660.0,nan,9595.0,14699,705184525.0,11670,9580.0,11,9575.0,2,nan,0,nan,0,nan,0,nan,0,nan,0,nan,0,nan,0,nan,0
1597988791931675904,1597988792423000064,2020-08-21 13:46:32.423000,9575.0,9715.0,9520.0,9660.0,nan,9595.0,14699,705184525.0,11670,9580.0,12,9575.0,2,nan,0,nan,0,nan,0,nan,0,nan,0,nan,0,nan,0,nan,0
1597988793431894016,1597988794000000000,2020-08-21 13:46:34.000000,9575.0,9715.0,9520.0,9660.0,nan,9595.0,14699,705184525.0,11670,9580.0,14,9575.0,2,nan,0,nan,0,nan,0,nan,0,nan,0,nan,0,nan,0,nan,0
1597988794419081984,1597988795000000000,2020-08-21 13:46:35.000000,9575.0,9715.0,9520.0,9660.0,nan,9595.0,14701,705280475.0,11668,9580.0,14,9570.0,15,nan,0,nan,0,nan,0,nan,0,nan,0,nan,0,nan,0,nan,0
1597988797426830080,1597988797936000000,2020-08-21 13:46:37.936000,9575.0,9715.0,9520.0,9660.0,nan,9595.0,14701,705280475.0,11668,9580.0,16,9570.0,15,nan,0,nan,0,nan,0,nan,0,nan,0,nan,0,nan,0,nan,0
1597988799449998080,1597988800000000000,2020-08-21 13:46:40.000000,9575.0,9715.0,9520.0,9660.0,nan,9595.0,14701,705280475.0,11668,9580.0,16,9575.0,1,nan,0,nan,0,nan,0,nan,0,nan,0,nan,0,nan,0,nan,0
1597988799926187008,1597988800437999872,2020-08-21 13:46:40.438000,9575.0,9715.0,9520.0,9660.0,nan,9595.0,14702,705328450.0,11669,9580.0,16,9570.0,15,nan,0,nan,0,nan,0,nan,0,nan,0,nan,0,nan,0,nan,0
1597988803929890048,1597988804432000000,2020-08-21 13:46:44.432000,9575.0,9715.0,9520.0,9660.0,nan,9595.0,14702,705328450.0,11669,9575.0,7,9570.0,15,nan,0,nan,0,nan,0,nan,0,nan,0,nan,0,nan,0,nan,0
1597988811928147968,1597988812408999936,2020-08-21 13:46:52.409000,9570.0,9715.0,9520.0,9660.0,nan,9595.0,14703,705376425.0,11669,9575.0,7,9570.0,14,nan,0,nan,0,nan,0,nan,0,nan,0,nan,0,nan,0,nan,0
1597988812426330112,1597988813000000000,2020-08-21 13:46:53.000000,9570.0,9715.0,9520.0,9660.0,nan,9595.0,14703,705376425.0,11669,9575.0,7,9570.0,15,nan,0,nan,0,nan,0,nan,0,nan,0,nan,0,nan,0,nan,0
1597988814434865920,1597988815000000000,2020-08-21 13:46:55.000000,9570.0,9715.0,9520.0,9660.0,nan,9595.0,14703,705376425.0,11669,9575.0,8,9570.0,15,nan,0,nan,0,nan,0,nan,0,nan,0,nan,0,nan,0,nan,0
1597988815432637952,1597988816000000000,2020-08-21 13:46:56.000000,9570.0,9715.0,9520.0,9660.0,nan,9595.0,14703,705376425.0,11669,9575.0,9,9570.0,15,nan,0,nan,0,nan,0,nan,0,nan,0,nan,0,nan,0,nan,0
1597988815929346048,1597988816421999872,2020-08-21 13:46:56.422000,9570.0,9715.0,9520.0,9660.0,nan,9595.0,14703,705376425.0,11669,9575.0,9,9570.0,11,nan,0,nan,0,nan,0,nan,0,nan,0,nan,0,nan,0,nan,0
1597988817953547008,1597988818431000064,2020-08-21 13:46:58.431000,9570.0,9715.0,9520.0,9660.0,nan,9595.0,14703,705376425.0,11669,9575.0,10,9570.0,11,nan,0,nan,0,nan,0,nan,0,nan,0,nan,0,nan,0,nan,0
1597988818432722944,1597988819000000000,2020-08-21 13:46:59.000000,9575.0,9715.0,9520.0,9660.0,nan,9595.0,14705,705472375.0,11669,9575.0,8,9570.0,11,nan,0,nan,0,nan,0,nan,0,nan,0,nan,0,nan,0,nan,0
1597988822438735104,1597988823000000000,2020-08-21 13:47:03.000000,9575.0,9715.0,9520.0,9660.0,nan,9595.0,14705,705472375.0,11669,9575.0,8,9570.0,12,nan,0,nan,0,nan,0,nan,0,nan,0,nan,0,nan,0,nan,0
1597988826432730880,1597988827000000000,2020-08-21 13:47:07.000000,9570.0,9715.0,9520.0,9660.0,nan,9595.0,14707,705568325.0,11667,9575.0,8,9570.0,10,nan,0,nan,0,nan,0,nan,0,nan,0,nan,0,nan,0,nan,0
1597988826932824064,1597988827428000000,2020-08-21 13:47:07.428000,9570.0,9715.0,9520.0,9660.0,nan,9595.0,14707,705568325.0,11667,9575.0,10,9570.0,10,nan,0,nan,0,nan,0,nan,0,nan,0,nan,0,nan,0,nan,0
1597988829438737920,1597988829934000128,2020-08-21 13:47:09.934000,9570.0,9715.0,9520.0,9660.0,nan,9595.0,14707,705568325.0,11667,9575.0,11,9570.0,10,nan,0,nan,0,nan,0,nan,0,nan,0,nan,0,nan,0,nan,0
1597988829935403008,1597988830436000000,2020-08-21 13:47:10.436000,9575.0,9715.0,9520.0,9660.0,nan,9595.0,14709,705664275.0,11667,9575.0,9,9570.0,10,nan,0,nan,0,nan,0,nan,0,nan,0,nan,0,nan,0,nan,0
1597988830942750976,1597988831436999936,2020-08-21 13:47:11.437000,9575.0,9715.0,9520.0,9660.0,nan,9595.0,14709,705664275.0,11667,9575.0,10,9570.0,10,nan,0,nan,0,nan,0,nan,0,nan,0,nan,0,nan,0,nan,0
1597988832437779968,1597988833000000000,2020-08-21 13:47:13.000000,9575.0,9715.0,9520.0,9660.0,nan,9595.0,14709,705664275.0,11667,9575.0,12,9570.0,10,nan,0,nan,0,nan,0,nan,0,nan,0,nan,0,nan,0,nan,0
1597988834940700928,1597988835437999872,2020-08-21 13:47:15.438000,9575.0,9715.0,9520.0,9660.0,nan,9595.0,14709,705664275.0,11667,9575.0,14,9570.0,10,nan,0,nan,0,nan,0,nan,0,nan,0,nan,0,nan,0,nan,0
1597988837444944896,1597988837934000128,2020-08-21 13:47:17.934000,9575.0,9715.0,9520.0,9660.0,nan,9595.0,14710,705712250.0,11666,9575.0,13,9570.0,10,nan,0,nan,0,nan,0,nan,0,nan,0,nan,0,nan,0,nan,0
1597988838443198976,1597988838936999936,2020-08-21 13:47:18.937000,9575.0,9715.0,9520.0,9660.0,nan,9595.0,14710,705712250.0,11666,9575.0,13,9570.0,10,nan,0,nan,0,nan,0,nan,0,nan,0,nan,0,nan,0,nan,0
1597988838940911104,1597988839433000192,2020-08-21 13:47:19.433000,9570.0,9715.0,9520.0,9660.0,nan,9595.0,14711,705760225.0,11667,9575.0,13,9570.0,9,nan,0,nan,0,nan,0,nan,0,nan,0,nan,0,nan,0,nan,0
1597988840944258048,1597988841420999936,2020-08-21 13:47:21.421000,9570.0,9715.0,9520.0,9660.0,nan,9595.0,14720,706192000.0,11669,9575.0,13,9565.0,37,nan,0,nan,0,nan,0,nan,0,nan,0,nan,0,nan,0,nan,0
1597988845456369920,1597988846000000000,2020-08-21 13:47:26.000000,9570.0,9715.0,9520.0,9660.0,nan,9595.0,14721,706239975.0,11669,9570.0,3,9565.0,37,nan,0,nan,0,nan,0,nan,0,nan,0,nan,0,nan,0,nan,0
1597988845939844096,1597988846430000128,2020-08-21 13:47:26.430000,9570.0,9715.0,9520.0,9660.0,nan,9595.0,14724,706383900.0,11669,9575.0,13,9565.0,37,nan,0,nan,0,nan,0,nan,0,nan,0,nan,0,nan,0,nan,0
1597988847448550912,1597988847933000192,2020-08-21 13:47:27.933000,9570.0,9715.0,9520.0,9660.0,nan,9595.0,14724,706383900.0,11669,9570.0,4,9565.0,37,nan,0,nan,0,nan,0,nan,0,nan,0,nan,0,nan,0,nan,0
1597988849945030912,1597988850416000000,2020-08-21 13:47:30.416000,9565.0,9715.0,9520.0,9660.0,nan,9595.0,14725,706431875.0,11669,9570.0,10,9565.0,36,nan,0,nan,0,nan,0,nan,0,nan,0,nan,0,nan,0,nan,0
1597988851452528896,1597988852000000000,2020-08-21 13:47:32.000000,9570.0,9715.0,9520.0,9660.0,nan,9595.0,14726,706479850.0,11670,9570.0,6,9565.0,36,nan,0,nan,0,nan,0,nan,0,nan,0,nan,0,nan,0,nan,0
1597988852946275072,1597988853433000192,2020-08-21 13:47:33.433000,9570.0,9715.0,9520.0,9660.0,nan,9595.0,14726,706479850.0,11670,9570.0,10,9565.0,36,nan,0,nan,0,nan,0,nan,0,nan,0,nan,0,nan,0,nan,0
1597988853453431040,1597988854000000000,2020-08-21 13:47:34.000000,9570.0,9715.0,9520.0,9660.0,nan,9595.0,14728,706575800.0,11672,9570.0,8,9565.0,36,nan,0,nan,0,nan,0,nan,0,nan,0,nan,0,nan,0,nan,0
1597988855967641088,1597988856434000128,2020-08-21 13:47:36.434000,9570.0,9715.0,9520.0,9660.0,nan,9595.0,14728,706575800.0,11672,9570.0,12,9565.0,36,nan,0,nan,0,nan,0,nan,0,nan,0,nan,0,nan,0,nan,0
1597988856960025088,1597988857437999872,2020-08-21 13:47:37.438000,9570.0,9715.0,9520.0,9660.0,nan,9595.0,14728,706575800.0,11672,9570.0,13,9565.0,36,nan,0,nan,0,nan,0,nan,0,nan,0,nan,0,nan,0,nan,0
1597988857450243072,1597988858000000000,2020-08-21 13:47:38.000000,9570.0,9715.0,9520.0,9660.0,nan,9595.0,14728,706575800.0,11672,9570.0,14,9565.0,36,nan,0,nan,0,nan,0,nan,0,nan,0,nan,0,nan,0,nan,0
1597988858958708992,1597988859433000192,2020-08-21 13:47:39.433000,9565.0,9715.0,9520.0,9660.0,nan,9595.0,14729,706623775.0,11672,9570.0,14,9565.0,35,nan,0,nan,0,nan,0,nan,0,nan,0,nan,0,nan,0,nan,0
1597988860445532928,1597988860936000000,2020-08-21 13:47:40.936000,9565.0,9715.0,9520.0,9660.0,nan,9595.0,14729,706623775.0,11672,9570.0,18,9565.0,35,nan,0,nan,0,nan,0,nan,0,nan,0,nan,0,nan,0,nan,0
1597988861545861120,1597988862000000000,2020-08-21 13:47:42.000000,9565.0,9715.0,9520.0,9660.0,nan,9595.0,14729,706623775.0,11672,9570.0,16,9565.0,35,nan,0,nan,0,nan,0,nan,0,nan,0,nan,0,nan,0,nan,0
1597988862461485056,1597988863000000000,2020-08-21 13:47:43.000000,9565.0,9715.0,9520.0,9660.0,nan,9595.0,14729,706623775.0,11672,9570.0,12,9565.0,35,nan,0,nan,0,nan,0,nan,0,nan,0,nan,0,nan,0,nan,0
1597988863452675072,1597988864000000000,2020-08-21 13:47:44.000000,9565.0,9715.0,9520.0,9660.0,nan,9595.0,14741,707199475.0,11679,9570.0,12,9565.0,23,nan,0,nan,0,nan,0,nan,0,nan,0,nan,0,nan,0,nan,0
1597988863952537088,1597988864435000064,2020-08-21 13:47:44.435000,9565.0,9715.0,9520.0,9660.0,nan,9595.0,14764,708302900.0,11689,9565.0,6,9560.0,35,nan,0,nan,0,nan,0,nan,0,nan,0,nan,0,nan,0,nan,0
1597988864448023040,1597988864937999872,2020-08-21 13:47:44.938000,9565.0,9715.0,9520.0,9660.0,nan,9595.0,14764,708302900.0,11689,9565.0,10,9560.0,35,nan,0,nan,0,nan,0,nan,0,nan,0,nan,0,nan,0,nan,0
1597988866958932992,1597988867433000192,2020-08-21 13:47:47.433000,9565.0,9715.0,9520.0,9660.0,nan,9595.0,14764,708302900.0,11689,9565.0,14,9560.0,35,nan,0,nan,0,nan,0,nan,0,nan,0,nan,0,nan,0,nan,0
1597988867456805888,1597988868000000000,2020-08-21 13:47:48.000000,9565.0,9715.0,9520.0,9660.0,nan,9595.0,14766,708398850.0,11689,9565.0,12,9560.0,35,nan,0,nan,0,nan,0,nan,0,nan,0,nan,0,nan,0,nan,0
1597988868462510080,1597988869000000000,2020-08-21 13:47:49.000000,9560.0,9715.0,9520.0,9660.0,nan,9595.0,14769,708542775.0,11692,9565.0,12,9560.0,32,nan,0,nan,0,nan,0,nan,0,nan,0,nan,0,nan,0,nan,0
1597988868957828096,1597988869434000128,2020-08-21 13:47:49.434000,9560.0,9715.0,9520.0,9660.0,nan,9595.0,14769,708542775.0,11692,9565.0,16,9560.0,32,nan,0,nan,0,nan,0,nan,0,nan,0,nan,0,nan,0,nan,0
1597988869459450112,1597988870000000000,2020-08-21 13:47:50.000000,9560.0,9715.0,9520.0,9660.0,nan,9595.0,14782,709166450.0,11700,9565.0,16,9560.0,19,nan,0,nan,0,nan,0,nan,0,nan,0,nan,0,nan,0,nan,0
1597988869966078976,1597988870423000064,2020-08-21 13:47:50.423000,9560.0,9715.0,9520.0,9660.0,nan,9595.0,14782,709166450.0,11700,9565.0,12,9560.0,19,nan,0,nan,0,nan,0,nan,0,nan,0,nan,0,nan,0,nan,0
1597988870953477888,1597988871428000000,2020-08-21 13:47:51.428000,9560.0,9715.0,9520.0,9660.0,nan,9595.0,14783,709214425.0,11701,9565.0,12,9560.0,18,nan,0,nan,0,nan,0,nan,0,nan,0,nan,0,nan,0,nan,0
1597988871454614016,1597988871936000000,2020-08-21 13:47:51.936000,9560.0,9715.0,9520.0,9660.0,nan,9595.0,14787,709406325.0,11705,9565.0,12,9560.0,14,nan,0,nan,0,nan,0,nan,0,nan,0,nan,0,nan,0,nan,0
1597988871966748928,1597988872427000064,2020-08-21 13:47:52.427000,9560.0,9715.0,9520.0,9660.0,nan,9595.0,14801,710077975.0,11714,9565.0,12,9555.0,25,nan,0,nan,0,nan,0,nan,0,nan,0,nan,0,nan,0,nan,0
1597988872461262080,1597988873000000000,2020-08-21 13:47:53.000000,9560.0,9715.0,9520.0,9660.0,nan,9595.0,14802,710125950.0,11715,9565.0,12,9555.0,25,nan,0,nan,0,nan,0,nan,0,nan,0,nan,0,nan,0,nan,0
1597988872962255872,1597988873420999936,2020-08-21 13:47:53.421000,9560.0,9715.0,9520.0,9660.0,nan,9595.0,14802,710125950.0,11715,9565.0,8,9555.0,25,nan,0,nan,0,nan,0,nan,0,nan,0,nan,0,nan,0,nan,0
1597988873461809920,1597988874000000000,2020-08-21 13:47:54.000000,9560.0,9715.0,9520.0,9660.0,nan,9595.0,14802,710125950.0,11715,9565.0,10,9555.0,25,nan,0,nan,0,nan,0,nan,0,nan,0,nan,0,nan,0,nan,0
1597988874461701120,1597988875000000000,2020-08-21 13:47:55.000000,9560.0,9715.0,9520.0,9660.0,nan,9595.0,14806,710317850.0,11716,9565.0,10,9555.0,25,nan,0,nan,0,nan,0,nan,0,nan,0,nan,0,nan,0,nan,0
1597988876972897024,1597988877435000064,2020-08-21 13:47:57.435000,9560.0,9715.0,9520.0,9660.0,nan,9595.0,14806,710317850.0,11716,9560.0,5,9555.0,25,nan,0,nan,0,nan,0,nan,0,nan,0,nan,0,nan,0,nan,0
1597988877459409920,1597988878000000000,2020-08-21 13:47:58.000000,9560.0,9715.0,9520.0,9660.0,nan,9595.0,14813,710653675.0,11715,9565.0,8,9560.0,2,nan,0,nan,0,nan,0,nan,0,nan,0,nan,0,nan,0,nan,0
1597988877972026112,1597988878412000000,2020-08-21 13:47:58.412000,9565.0,9715.0,9520.0,9660.0,nan,9595.0,14814,710701650.0,11715,9565.0,9,9560.0,2,nan,0,nan,0,nan,0,nan,0,nan,0,nan,0,nan,0,nan,0
1597988878966650112,1597988879424999936,2020-08-21 13:47:59.425000,9560.0,9715.0,9520.0,9660.0,nan,9595.0,14815,710749625.0,11714,9565.0,9,9560.0,1,nan,0,nan,0,nan,0,nan,0,nan,0,nan,0,nan,0,nan,0
1597988879961646080,1597988880436999936,2020-08-21 13:48:00.437000,9560.0,9715.0,9520.0,9660.0,nan,9595.0,14815,710749625.0,11714,9565.0,9,9560.0,2,nan,0,nan,0,nan,0,nan,0,nan,0,nan,0,nan,0,nan,0
1597988880471392000,1597988881000000000,2020-08-21 13:48:01.000000,9560.0,9715.0,9520.0,9660.0,nan,9595.0,14819,710941525.0,11715,9565.0,9,9555.0,30,nan,0,nan,0,nan,0,nan,0,nan,0,nan,0,nan,0,nan,0
1597988880967109120,1597988881436999936,2020-08-21 13:48:01.437000,9560.0,9715.0,9520.0,9660.0,nan,9595.0,14821,711037475.0,11715,9565.0,9,9560.0,1,nan,0,nan,0,nan,0,nan,0,nan,0,nan,0,nan,0,nan,0
1597988881471170048,1597988882000000000,2020-08-21 13:48:02.000000,9560.0,9715.0,9520.0,9660.0,nan,9595.0,14822,711085450.0,11715,9565.0,10,9555.0,32,nan,0,nan,0,nan,0,nan,0,nan,0,nan,0,nan,0,nan,0
1597988881954871040,1597988882430000128,2020-08-21 13:48:02.430000,9560.0,9715.0,9520.0,9660.0,nan,9595.0,14822,711085450.0,11715,9565.0,10,9560.0,2,nan,0,nan,0,nan,0,nan,0,nan,0,nan,0,nan,0,nan,0
1597988883457955072,1597988884000000000,2020-08-21 13:48:04.000000,9560.0,9715.0,9520.0,9660.0,nan,9595.0,14829,711421275.0,11715,9565.0,10,9560.0,4,nan,0,nan,0,nan,0,nan,0,nan,0,nan,0,nan,0,nan,0
1597988886458737920,1597988887000000000,2020-08-21 13:48:07.000000,9560.0,9715.0,9520.0,9660.0,nan,9595.0,14833,711613175.0,11717,9565.0,12,9555.0,34,nan,0,nan,0,nan,0,nan,0,nan,0,nan,0,nan,0,nan,0
1597988886962125056,1597988887435000064,2020-08-21 13:48:07.435000,9560.0,9715.0,9520.0,9660.0,nan,9595.0,14833,711613175.0,11717,9565.0,12,9560.0,1,nan,0,nan,0,nan,0,nan,0,nan,0,nan,0,nan,0,nan,0
1597988887961234944,1597988888428999936,2020-08-21 13:48:08.429000,9560.0,9715.0,9520.0,9660.0,nan,9595.0,14833,711613175.0,11717,9565.0,10,9560.0,1,nan,0,nan,0,nan,0,nan,0,nan,0,nan,0,nan,0,nan,0
1597988889469308928,1597988889938999808,2020-08-21 13:48:09.939000,9560.0,9715.0,9520.0,9660.0,nan,9595.0,14834,711661150.0,11718,9560.0,3,9555.0,34,nan,0,nan,0,nan,0,nan,0,nan,0,nan,0,nan,0,nan,0
1597988890965190912,1597988891431000064,2020-08-21 13:48:11.431000,9560.0,9715.0,9520.0,9660.0,nan,9595.0,14837,711805075.0,11718,9565.0,11,9555.0,34,nan,0,nan,0,nan,0,nan,0,nan,0,nan,0,nan,0,nan,0
1597988892472155904,1597988893000000000,2020-08-21 13:48:13.000000,9560.0,9715.0,9520.0,9660.0,nan,9595.0,14837,711805075.0,11718,9560.0,4,9555.0,34,nan,0,nan,0,nan,0,nan,0,nan,0,nan,0,nan,0,nan,0
1597988892969686016,1597988893430000128,2020-08-21 13:48:13.430000,9560.0,9715.0,9520.0,9660.0,nan,9595.0,14837,711805075.0,11718,9560.0,10,9555.0,34,nan,0,nan,0,nan,0,nan,0,nan,0,nan,0,nan,0,nan,0
1597988894469128960,1597988895000000000,2020-08-21 13:48:15.000000,9560.0,9715.0,9520.0,9660.0,nan,9595.0,14839,711901025.0,11720,9560.0,8,9555.0,35,nan,0,nan,0,nan,0,nan,0,nan,0,nan,0,nan,0,nan,0
1597988895486923008,1597988896000000000,2020-08-21 13:48:16.000000,9560.0,9715.0,9520.0,9660.0,nan,9595.0,14839,711901025.0,11720,9560.0,12,9555.0,35,nan,0,nan,0,nan,0,nan,0,nan,0,nan,0,nan,0,nan,0
1597988897964023040,1597988898437999872,2020-08-21 13:48:18.438000,9560.0,9715.0,9520.0,9660.0,nan,9595.0,14839,711901025.0,11720,9560.0,13,9555.0,35,nan,0,nan,0,nan,0,nan,0,nan,0,nan,0,nan,0,nan,0
1597988898960983040,1597988899426000128,2020-08-21 13:48:19.426000,9560.0,9715.0,9520.0,9660.0,nan,9595.0,14839,711901025.0,11720,9560.0,17,9555.0,35,nan,0,nan,0,nan,0,nan,0,nan,0,nan,0,nan,0,nan,0
1597988899959581952,1597988900437999872,2020-08-21 13:48:20.438000,9560.0,9715.0,9520.0,9660.0,nan,9595.0,14844,712140900.0,11725,9560.0,12,9555.0,35,nan,0,nan,0,nan,0,nan,0,nan,0,nan,0,nan,0,nan,0
1597988900464090880,1597988900938999808,2020-08-21 13:48:20.939000,9560.0,9715.0,9520.0,9660.0,nan,9595.0,14844,712140900.0,11725,9560.0,12,9555.0,36,nan,0,nan,0,nan,0,nan,0,nan,0,nan,0,nan,0,nan,0
1597988901473043968,1597988902000000000,2020-08-21 13:48:22.000000,9560.0,9715.0,9520.0,9660.0,nan,9595.0,14844,712140900.0,11725,9560.0,17,9555.0,36,nan,0,nan,0,nan,0,nan,0,nan,0,nan,0,nan,0,nan,0
1597988903965232896,1597988904427000064,2020-08-21 13:48:24.427000,9560.0,9715.0,9520.0,9660.0,nan,9595.0,14845,712188875.0,11726,9560.0,16,9555.0,36,nan,0,nan,0,nan,0,nan,0,nan,0,nan,0,nan,0,nan,0
1597988904477159936,1597988905000000000,2020-08-21 13:48:25.000000,9560.0,9715.0,9520.0,9660.0,nan,9595.0,14845,712188875.0,11726,9560.0,20,9555.0,36,nan,0,nan,0,nan,0,nan,0,nan,0,nan,0,nan,0,nan,0
1597988904973434880,1597988905433000192,2020-08-21 13:48:25.433000,9560.0,9715.0,9520.0,9660.0,nan,9595.0,14845,712188875.0,11726,9560.0,20,9555.0,34,nan,0,nan,0,nan,0,nan,0,nan,0,nan,0,nan,0,nan,0
1597988905477936896,1597988906000000000,2020-08-21 13:48:26.000000,9560.0,9715.0,9520.0,9660.0,nan,9595.0,14845,712188875.0,11726,9560.0,21,9555.0,34,nan,0,nan,0,nan,0,nan,0,nan,0,nan,0,nan,0,nan,0
1597988907471049984,1597988908000000000,2020-08-21 13:48:28.000000,9560.0,9715.0,9520.0,9660.0,nan,9595.0,14845,712188875.0,11726,9560.0,25,9555.0,34,nan,0,nan,0,nan,0,nan,0,nan,0,nan,0,nan,0,nan,0
1597988909475308032,1597988910000000000,2020-08-21 13:48:30.000000,9560.0,9715.0,9520.0,9660.0,nan,9595.0,14845,712188875.0,11726,9560.0,25,9555.0,35,nan,0,nan,0,nan,0,nan,0,nan,0,nan,0,nan,0,nan,0
1597988910475773952,1597988911000000000,2020-08-21 13:48:31.000000,9560.0,9715.0,9520.0,9660.0,nan,9595.0,14845,712188875.0,11726,9560.0,29,9555.0,35,nan,0,nan,0,nan,0,nan,0,nan,0,nan,0,nan,0,nan,0
1597988913508769024,1597988914000000000,2020-08-21 13:48:34.000000,9560.0,9715.0,9520.0,9660.0,nan,9595.0,14845,712188875.0,11726,9560.0,33,9555.0,35,nan,0,nan,0,nan,0,nan,0,nan,0,nan,0,nan,0,nan,0
1597988916478141952,1597988917000000000,2020-08-21 13:48:37.000000,9560.0,9715.0,9520.0,9660.0,nan,9595.0,14845,712188875.0,11726,9560.0,37,9555.0,35,nan,0,nan,0,nan,0,nan,0,nan,0,nan,0,nan,0,nan,0
1597988916977608960,1597988917438999808,2020-08-21 13:48:37.439000,9560.0,9715.0,9520.0,9660.0,nan,9595.0,14845,712188875.0,11726,9560.0,37,9555.0,29,nan,0,nan,0,nan,0,nan,0,nan,0,nan,0,nan,0,nan,0
1597988919472669952,1597988920000000000,2020-08-21 13:48:40.000000,9560.0,9715.0,9520.0,9660.0,nan,9595.0,14845,712188875.0,11726,9560.0,41,9555.0,29,nan,0,nan,0,nan,0,nan,0,nan,0,nan,0,nan,0,nan,0
1597988919972424960,1597988920430000128,2020-08-21 13:48:40.430000,9560.0,9715.0,9520.0,9660.0,nan,9595.0,14845,712188875.0,11726,9560.0,41,9555.0,25,nan,0,nan,0,nan,0,nan,0,nan,0,nan,0,nan,0,nan,0
1597988921506338048,1597988922000000000,2020-08-21 13:48:42.000000,9560.0,9715.0,9520.0,9660.0,nan,9595.0,14845,712188875.0,11726,9560.0,42,9555.0,25,nan,0,nan,0,nan,0,nan,0,nan,0,nan,0,nan,0,nan,0
1597988922972214016,1597988923412000000,2020-08-21 13:48:43.412000,9560.0,9715.0,9520.0,9660.0,nan,9595.0,14845,712188875.0,11726,9560.0,46,9555.0,25,nan,0,nan,0,nan,0,nan,0,nan,0,nan,0,nan,0,nan,0
1597988925978468096,1597988926435000064,2020-08-21 13:48:46.435000,9560.0,9715.0,9520.0,9660.0,nan,9595.0,14845,712188875.0,11726,9560.0,50,9555.0,25,nan,0,nan,0,nan,0,nan,0,nan,0,nan,0,nan,0,nan,0
1597988926473792000,1597988927000000000,2020-08-21 13:48:47.000000,9555.0,9715.0,9520.0,9660.0,nan,9595.0,14870,713388250.0,11750,9555.0,14,9550.0,110,nan,0,nan,0,nan,0,nan,0,nan,0,nan,0,nan,0,nan,0
1597988926978187008,1597988927421999872,2020-08-21 13:48:47.422000,9555.0,9715.0,9520.0,9660.0,nan,9595.0,14873,713532175.0,11753,9555.0,19,9550.0,110,nan,0,nan,0,nan,0,nan,0,nan,0,nan,0,nan,0,nan,0
1597988927480551936,1597988928000000000,2020-08-21 13:48:48.000000,9550.0,9715.0,9520.0,9660.0,nan,9595.0,14874,713580150.0,11753,9555.0,19,9550.0,109,nan,0,nan,0,nan,0,nan,0,nan,0,nan,0,nan,0,nan,0
1597988927983235072,1597988928438999808,2020-08-21 13:48:48.439000,9555.0,9715.0,9520.0,9660.0,nan,9595.0,14878,713772050.0,11753,9555.0,16,9550.0,108,nan,0,nan,0,nan,0,nan,0,nan,0,nan,0,nan,0,nan,0
1597988928498004992,1597988929000000000,2020-08-21 13:48:49.000000,9555.0,9715.0,9520.0,9660.0,nan,9595.0,14880,713868000.0,11755,9555.0,14,9550.0,108,nan,0,nan,0,nan,0,nan,0,nan,0,nan,0,nan,0,nan,0
1597988928978470912,1597988929417999872,2020-08-21 13:48:49.418000,9555.0,9715.0,9520.0,9660.0,nan,9595.0,14880,713868000.0,11755,9555.0,18,9550.0,108,nan,0,nan,0,nan,0,nan,0,nan,0,nan,0,nan,0,nan,0
1597988929476519936,1597988930000000000,2020-08-21 13:48:50.000000,9555.0,9715.0,9520.0,9660.0,nan,9595.0,14880,713868000.0,11755,9555.0,19,9550.0,108,nan,0,nan,0,nan,0,nan,0,nan,0,nan,0,nan,0,nan,0
1597988930478725120,1597988931000000000,2020-08-21 13:48:51.000000,9550.0,9715.0,9520.0,9660.0,nan,9595.0,14886,714155850.0,11758,9555.0,16,9550.0,105,nan,0,nan,0,nan,0,nan,0,nan,0,nan,0,nan,0,nan,0
1597988930980519936,1597988931434000128,2020-08-21 13:48:51.434000,9555.0,9715.0,9520.0,9660.0,nan,9595.0,14892,714443700.0,11761,9555.0,10,9550.0,105,nan,0,nan,0,nan,0,nan,0,nan,0,nan,0,nan,0,nan,0
1597988931483169024,1597988932000000000,2020-08-21 13:48:52.000000,9555.0,9715.0,9520.0,9660.0,nan,9595.0,14903,714971425.0,11760,9560.0,14,9555.0,9,nan,0,nan,0,nan,0,nan,0,nan,0,nan,0,nan,0,nan,0
1597988931979457024,1597988932421999872,2020-08-21 13:48:52.422000,9555.0,9715.0,9520.0,9660.0,nan,9595.0,14903,714971425.0,11760,9560.0,6,9555.0,9,nan,0,nan,0,nan,0,nan,0,nan,0,nan,0,nan,0,nan,0
1597988932482908928,1597988933000000000,2020-08-21 13:48:53.000000,9555.0,9715.0,9520.0,9660.0,nan,9595.0,14903,714971425.0,11760,9560.0,4,9555.0,9,nan,0,nan,0,nan,0,nan,0,nan,0,nan,0,nan,0,nan,0
1597988932981619968,1597988933414000128,2020-08-21 13:48:53.414000,9555.0,9715.0,9520.0,9660.0,nan,9595.0,14907,715163325.0,11764,9560.0,4,9555.0,5,nan,0,nan,0,nan,0,nan,0,nan,0,nan,0,nan,0,nan,0
1597988933490585088,1597988934000000000,2020-08-21 13:48:54.000000,9555.0,9715.0,9520.0,9660.0,nan,9595.0,14907,715163325.0,11764,9560.0,4,9555.0,7,nan,0,nan,0,nan,0,nan,0,nan,0,nan,0,nan,0,nan,0
1597988934497073920,1597988935000000000,2020-08-21 13:48:55.000000,9555.0,9715.0,9520.0,9660.0,nan,9595.0,14907,715163325.0,11764,9560.0,5,9555.0,7,nan,0,nan,0,nan,0,nan,0,nan,0,nan,0,nan,0,nan,0
1597988934990964992,1597988935436999936,2020-08-21 13:48:55.437000,9555.0,9715.0,9520.0,9660.0,nan,9595.0,14911,715355225.0,11768,9560.0,7,9555.0,6,nan,0,nan,0,nan,0,nan,0,nan,0,nan,0,nan,0,nan,0
1597988937478833920,1597988937930000128,2020-08-21 13:48:57.930000,9555.0,9715.0,9520.0,9660.0,nan,9595.0,14911,715355225.0,11768,9560.0,9,9555.0,6,nan,0,nan,0,nan,0,nan,0,nan,0,nan,0,nan,0,nan,0
1597988937980353024,1597988938432000000,2020-08-21 13:48:58.432000,9555.0,9715.0,9520.0,9660.0,nan,9595.0,14915,715547125.0,11770,9560.0,10,9550.0,106,nan,0,nan,0,nan,0,nan,0,nan,0,nan,0,nan,0,nan,0
1597988938477594112,1597988939000000000,2020-08-21 13:48:59.000000,9555.0,9715.0,9520.0,9660.0,nan,9595.0,14918,715691050.0,11769,9555.0,2,9550.0,106,nan,0,nan,0,nan,0,nan,0,nan,0,nan,0,nan,0,nan,0
1597988938976230912,1597988939436000000,2020-08-21 13:48:59.436000,9555.0,9715.0,9520.0,9660.0,nan,9595.0,14920,715787000.0,11767,9560.0,8,9555.0,2,nan,0,nan,0,nan,0,nan,0,nan,0,nan,0,nan,0,nan,0
1597988939485952000,1597988940000000000,2020-08-21 13:49:00.000000,9555.0,9715.0,9520.0,9660.0,nan,9595.0,14920,715787000.0,11767,9560.0,11,9555.0,2,nan,0,nan,0,nan,0,nan,0,nan,0,nan,0,nan,0,nan,0
1597988939983606016,1597988940435000064,2020-08-21 13:49:00.435000,9555.0,9715.0,9520.0,9660.0,nan,9595.0,14920,715787000.0,11767,9560.0,11,9555.0,4,nan,0,nan,0,nan,0,nan,0,nan,0,nan,0,nan,0,nan,0
1597988940982923008,1597988941436999936,2020-08-21 13:49:01.437000,9555.0,9715.0,9520.0,9660.0,nan,9595.0,14924,715978900.0,11769,9560.0,11,9550.0,106,nan,0,nan,0,nan,0,nan,0,nan,0,nan,0,nan,0,nan,0
1597988942982115072,1597988943428000000,2020-08-21 13:49:03.428000,9555.0,9715.0,9520.0,9660.0,nan,9595.0,14924,715978900.0,11769,9560.0,12,9555.0,2,nan,0,nan,0,nan,0,nan,0,nan,0,nan,0,nan,0,nan,0
1597988943484542976,1597988944000000000,2020-08-21 13:49:04.000000,9555.0,9715.0,9520.0,9660.0,nan,9595.0,14924,715978900.0,11769,9560.0,11,9555.0,6,nan,0,nan,0,nan,0,nan,0,nan,0,nan,0,nan,0,nan,0
1597988943987116032,1597988944421999872,2020-08-21 13:49:04.422000,9555.0,9715.0,9520.0,9660.0,nan,9595.0,14928,716170800.0,11773,9560.0,11,9555.0,2,nan,0,nan,0,nan,0,nan,0,nan,0,nan,0,nan,0,nan,0
1597988944485771008,1597988945000000000,2020-08-21 13:49:05.000000,9555.0,9715.0,9520.0,9660.0,nan,9595.0,14928,716170800.0,11773,9560.0,11,9550.0,105,nan,0,nan,0,nan,0,nan,0,nan,0,nan,0,nan,0,nan,0
1597988945987535104,1597988946428999936,2020-08-21 13:49:06.429000,9555.0,9715.0,9520.0,9660.0,nan,9595.0,14928,716170800.0,11773,9560.0,11,9555.0,2,nan,0,nan,0,nan,0,nan,0,nan,0,nan,0,nan,0,nan,0
1597988946483693056,1597988947000000000,2020-08-21 13:49:07.000000,9555.0,9715.0,9520.0,9660.0,nan,9595.0,14928,716170800.0,11773,9560.0,11,9555.0,4,nan,0,nan,0,nan,0,nan,0,nan,0,nan,0,nan,0,nan,0
1597988946988417024,1597988947418999808,2020-08-21 13:49:07.419000,9555.0,9715.0,9520.0,9660.0,nan,9595.0,14932,716362700.0,11777,9560.0,11,9550.0,105,nan,0,nan,0,nan,0,nan,0,nan,0,nan,0,nan,0,nan,0
1597988947488432896,1597988948000000000,2020-08-21 13:49:08.000000,9555.0,9715.0,9520.0,9660.0,nan,9595.0,14935,716506625.0,11777,9555.0,2,9550.0,105,nan,0,nan,0,nan,0,nan,0,nan,0,nan,0,nan,0,nan,0
1597988948001239040,1597988948428000000,2020-08-21 13:49:08.428000,9555.0,9715.0,9520.0,9660.0,nan,9595.0,14937,716602575.0,11779,9560.0,12,9550.0,105,nan,0,nan,0,nan,0,nan,0,nan,0,nan,0,nan,0,nan,0
1597988948989860096,1597988949424000000,2020-08-21 13:49:09.424000,9555.0,9715.0,9520.0,9660.0,nan,9595.0,14937,716602575.0,11779,9560.0,13,9550.0,105,nan,0,nan,0,nan,0,nan,0,nan,0,nan,0,nan,0,nan,0
1597988949498028032,1597988950000000000,2020-08-21 13:49:10.000000,9555.0,9715.0,9520.0,9660.0,nan,9595.0,14937,716602575.0,11779,9555.0,50,9550.0,105,nan,0,nan,0,nan,0,nan,0,nan,0,nan,0,nan,0,nan,0
1597988949986892032,1597988950432000000,2020-08-21 13:49:10.432000,9555.0,9715.0,9520.0,9660.0,nan,9595.0,14937,716602575.0,11779,9555.0,54,9550.0,105,nan,0,nan,0,nan,0,nan,0,nan,0,nan,0,nan,0,nan,0
1597988950491470080,1597988951000000000,2020-08-21 13:49:11.000000,9555.0,9715.0,9520.0,9660.0,nan,9595.0,14938,716650550.0,11780,9555.0,53,9550.0,105,nan,0,nan,0,nan,0,nan,0,nan,0,nan,0,nan,0,nan,0
1597988951490008064,1597988952000000000,2020-08-21 13:49:12.000000,9550.0,9715.0,9520.0,9660.0,nan,9595.0,14939,716698525.0,11780,9555.0,53,9550.0,104,nan,0,nan,0,nan,0,nan,0,nan,0,nan,0,nan,0,nan,0
1597988951981938944,1597988952440000000,2020-08-21 13:49:12.440000,9550.0,9715.0,9520.0,9660.0,nan,9595.0,14939,716698525.0,11780,9555.0,53,9550.0,105,nan,0,nan,0,nan,0,nan,0,nan,0,nan,0,nan,0,nan,0
1597988952983930112,1597988953408000000,2020-08-21 13:49:13.408000,9550.0,9715.0,9520.0,9660.0,nan,9595.0,14943,716890425.0,11784,9555.0,53,9550.0,101,nan,0,nan,0,nan,0,nan,0,nan,0,nan,0,nan,0,nan,0
1597988953987459072,1597988954438999808,2020-08-21 13:49:14.439000,9550.0,9715.0,9520.0,9660.0,nan,9595.0,14943,716890425.0,11784,9555.0,54,9550.0,101,nan,0,nan,0,nan,0,nan,0,nan,0,nan,0,nan,0,nan,0
1597988954992357888,1597988955415000064,2020-08-21 13:49:15.415000,9550.0,9715.0,9520.0,9660.0,nan,9595.0,14943,716890425.0,11784,9555.0,50,9550.0,101,nan,0,nan,0,nan,0,nan,0,nan,0,nan,0,nan,0,nan,0
1597988955995076096,1597988956401999872,2020-08-21 13:49:16.402000,9550.0,9715.0,9520.0,9660.0,nan,9595.0,14947,717082325.0,11788,9555.0,50,9550.0,97,nan,0,nan,0,nan,0,nan,0,nan,0,nan,0,nan,0,nan,0
1597988956486150912,1597988957000000000,2020-08-21 13:49:17.000000,9555.0,9715.0,9520.0,9660.0,nan,9595.0,14952,717322200.0,11790,9555.0,48,9550.0,94,nan,0,nan,0,nan,0,nan,0,nan,0,nan,0,nan,0,nan,0
1597988958992037120,1597988959420999936,2020-08-21 13:49:19.421000,9550.0,9715.0,9520.0,9660.0,nan,9595.0,14953,717370175.0,11791,9555.0,52,9550.0,93,nan,0,nan,0,nan,0,nan,0,nan,0,nan,0,nan,0,nan,0
1597988959486885888,1597988960000000000,2020-08-21 13:49:20.000000,9555.0,9715.0,9520.0,9660.0,nan,9595.0,14954,717418150.0,11792,9555.0,51,9550.0,93,nan,0,nan,0,nan,0,nan,0,nan,0,nan,0,nan,0,nan,0
1597988959994405888,1597988960436999936,2020-08-21 13:49:20.437000,9555.0,9715.0,9520.0,9660.0,nan,9595.0,14956,717514100.0,11794,9555.0,49,9550.0,94,nan,0,nan,0,nan,0,nan,0,nan,0,nan,0,nan,0,nan,0
1597988960498415104,1597988961000000000,2020-08-21 13:49:21.000000,9550.0,9715.0,9520.0,9660.0,nan,9595.0,14957,717562075.0,11795,9555.0,49,9550.0,93,nan,0,nan,0,nan,0,nan,0,nan,0,nan,0,nan,0,nan,0
1597988960988820992,1597988961428999936,2020-08-21 13:49:21.429000,9550.0,9715.0,9520.0,9660.0,nan,9595.0,14957,717562075.0,11795,9555.0,49,9550.0,94,nan,0,nan,0,nan,0,nan,0,nan,0,nan,0,nan,0,nan,0
1597988961997139968,1597988962438999808,2020-08-21 13:49:22.439000,9550.0,9715.0,9520.0,9660.0,nan,9595.0,14962,717801950.0,11799,9555.0,49,9550.0,89,nan,0,nan,0,nan,0,nan,0,nan,0,nan,0,nan,0,nan,0
1597988964028530944,1597988964436999936,2020-08-21 13:49:24.437000,9550.0,9715.0,9520.0,9660.0,nan,9595.0,14962,717801950.0,11799,9555.0,45,9550.0,89,nan,0,nan,0,nan,0,nan,0,nan,0,nan,0,nan,0,nan,0
1597988964497553920,1597988965000000000,2020-08-21 13:49:25.000000,9550.0,9715.0,9520.0,9660.0,nan,9595.0,14963,717849925.0,11800,9555.0,45,9550.0,88,nan,0,nan,0,nan,0,nan,0,nan,0,nan,0,nan,0,nan,0
1597988964993551872,1597988965421999872,2020-08-21 13:49:25.422000,9550.0,9715.0,9520.0,9660.0,nan,9595.0,14975,718425625.0,11812,9555.0,45,9550.0,77,nan,0,nan,0,nan,0,nan,0,nan,0,nan,0,nan,0,nan,0
1597988966008939008,1597988966424999936,2020-08-21 13:49:26.425000,9550.0,9715.0,9520.0,9660.0,nan,9595.0,14978,718569550.0,11815,9555.0,45,9550.0,74,nan,0,nan,0,nan,0,nan,0,nan,0,nan,0,nan,0,nan,0
1597988967489163008,1597988968000000000,2020-08-21 13:49:28.000000,9550.0,9715.0,9520.0,9660.0,nan,9595.0,14978,718569550.0,11815,9555.0,46,9550.0,74,nan,0,nan,0,nan,0,nan,0,nan,0,nan,0,nan,0,nan,0
1597988968491439104,1597988969000000000,2020-08-21 13:49:29.000000,9550.0,9715.0,9520.0,9660.0,nan,9595.0,14983,718809425.0,11819,9555.0,46,9550.0,69,nan,0,nan,0,nan,0,nan,0,nan,0,nan,0,nan,0,nan,0
1597988971498428928,1597988972000000000,2020-08-21 13:49:32.000000,9550.0,9715.0,9520.0,9660.0,nan,9595.0,15005,719864875.0,11833,9555.0,46,9550.0,47,nan,0,nan,0,nan,0,nan,0,nan,0,nan,0,nan,0,nan,0
1597988971994542080,1597988972432000000,2020-08-21 13:49:32.432000,9550.0,9715.0,9520.0,9660.0,nan,9595.0,15040,721544000.0,11863,9555.0,46,9550.0,12,nan,0,nan,0,nan,0,nan,0,nan,0,nan,0,nan,0,nan,0
1597988972497244928,1597988973000000000,2020-08-21 13:49:33.000000,9550.0,9715.0,9520.0,9660.0,nan,9595.0,15040,721544000.0,11863,9555.0,50,9550.0,12,nan,0,nan,0,nan,0,nan,0,nan,0,nan,0,nan,0,nan,0
