local_nano_time,quote_nano_time,datetime,last_price,highest,lowest,open,close,average,volume,amount,open_interest,ask_price1,ask_volume1,bid_price1,bid_volume1,ask_price2,ask_volume2,bid_price2,bid_volume2,ask_price3,ask_volume3,bid_price3,bid_volume3,ask_price4,ask_volume4,bid_price4,bid_volume4,ask_price5,ask_volume5,bid_price5,bid_volume5
1597988229826671104,1597988230432000000,2020-08-21 13:37:10.432000,3331.0,3371.0,3312.0,3353.0,nan,3336.0,34048,1135843300.0,27284,3332.0,13,3331.0,9,nan,0,nan,0,nan,0,nan,0,nan,0,nan,0,nan,0,nan,0
1597988232823973888,1597988233396000000,2020-08-21 13:37:13.396000,3331.0,3371.0,3312.0,3353.0,nan,3336.0,34048,1135843300.0,27284,3332.0,14,3331.0,9,nan,0,nan,0,nan,0,nan,0,nan,0,nan,0,nan,0,nan,0
1597988234325203968,1597988234932000000,2020-08-21 13:37:14.932000,3332.0,3371.0,3312.0,3353.0,nan,3336.0,34059,1136209730.0,27282,3332.0,14,3330.0,111,nan,0,nan,0,nan,0,nan,0,nan,0,nan,0,nan,0,nan,0
1597988234826260992,1597988235413000192,2020-08-21 13:37:15.413000,3332.0,3371.0,3312.0,3353.0,nan,3336.0,34059,1136209730.0,27282,3332.0,14,3330.0,91,nan,0,nan,0,nan,0,nan,0,nan,0,nan,0,nan,0,nan,0
1597988236828430080,1597988237412000000,2020-08-21 13:37:17.412000,3332.0,3371.0,3312.0,3353.0,nan,3336.0,34059,1136209730.0,27282,3332.0,15,3330.0,91,nan,0,nan,0,nan,0,nan,0,nan,0,nan,0,nan,0,nan,0
1597988238332180992,1597988238932000000,2020-08-21 13:37:18.932000,3332.0,3371.0,3312.0,3353.0,nan,3336.0,34059,1136209730.0,27282,3332.0,14,3330.0,91,nan,0,nan,0,nan,0,nan,0,nan,0,nan,0,nan,0,nan,0
1597988242346778112,1597988242881999872,2020-08-21 13:37:22.882000,3332.0,3371.0,3312.0,3353.0,nan,3336.0,34059,1136209730.0,27282,3332.0,19,3330.0,91,nan,0,nan,0,nan,0,nan,0,nan,0,nan,0,nan,0,nan,0
1597988244323841024,1597988244924000000,2020-08-21 13:37:24.924000,3332.0,3371.0,3312.0,3353.0,nan,3336.0,34059,1136209730.0,27282,3331.0,7,3330.0,91,nan,0,nan,0,nan,0,nan,0,nan,0,nan,0,nan,0,nan,0
1597988244824995072,1597988245427000064,2020-08-21 13:37:25.427000,3332.0,3371.0,3312.0,3353.0,nan,3336.0,34059,1136209730.0,27282,3331.0,7,3330.0,41,nan,0,nan,0,nan,0,nan,0,nan,0,nan,0,nan,0,nan,0
1597988245341633024,1597988245848000000,2020-08-21 13:37:25.848000,3332.0,3371.0,3312.0,3353.0,nan,3336.0,34059,1136209730.0,27282,3331.0,8,3330.0,9,nan,0,nan,0,nan,0,nan,0,nan,0,nan,0,nan,0,nan,0
1597988246328403968,1597988246932000000,2020-08-21 13:37:26.932000,3332.0,3371.0,3312.0,3353.0,nan,3336.0,34059,1136209730.0,27282,3331.0,9,3330.0,9,nan,0,nan,0,nan,0,nan,0,nan,0,nan,0,nan,0,nan,0
1597988248822784000,1597988249418999808,2020-08-21 13:37:29.419000,3330.0,3371.0,3312.0,3353.0,nan,3336.0,34060,1136243030.0,27282,3331.0,10,3330.0,8,nan,0,nan,0,nan,0,nan,0,nan,0,nan,0,nan,0,nan,0
1597988250824903936,1597988251436000000,2020-08-21 13:37:31.436000,3330.0,3371.0,3312.0,3353.0,nan,3336.0,34060,1136243030.0,27282,3331.0,22,3330.0,8,nan,0,nan,0,nan,0,nan,0,nan,0,nan,0,nan,0,nan,0
1597988251343110912,1597988251820000000,2020-08-21 13:37:31.820000,3330.0,3371.0,3312.0,3353.0,nan,3336.0,34060,1136243030.0,27282,3331.0,22,3330.0,7,nan,0,nan,0,nan,0,nan,0,nan,0,nan,0,nan,0,nan,0
1597988252324760064,1597988252872000000,2020-08-21 13:37:32.872000,3330.0,3371.0,3312.0,3353.0,nan,3336.0,34061,1136276330.0,27282,3331.0,22,3330.0,6,nan,0,nan,0,nan,0,nan,0,nan,0,nan,0,nan,0,nan,0
1597988254346511872,1597988254935000064,2020-08-21 13:37:34.935000,3330.0,3371.0,3312.0,3353.0,nan,3336.0,34062,1136309630.0,27282,3331.0,22,3330.0,5,nan,0,nan,0,nan,0,nan,0,nan,0,nan,0,nan,0,nan,0
1597988254828107008,1597988255433000192,2020-08-21 13:37:35.433000,3330.0,3371.0,3312.0,3353.0,nan,3336.0,34071,1136609330.0,27279,3330.0,1,3329.0,113,nan,0,nan,0,nan,0,nan,0,nan,0,nan,0,nan,0,nan,0
1597988255322886912,1597988255912000000,2020-08-21 13:37:35.912000,3331.0,3371.0,3312.0,3353.0,nan,3336.0,34073,1136675940.0,27279,3331.0,101,3329.0,73,nan,0,nan,0,nan,0,nan,0,nan,0,nan,0,nan,0,nan,0
1597988255824765952,1597988256397000192,2020-08-21 13:37:36.397000,3331.0,3371.0,3312.0,3353.0,nan,3336.0,34073,1136675940.0,27279,3331.0,83,3329.0,63,nan,0,nan,0,nan,0,nan,0,nan,0,nan,0,nan,0,nan,0
1597988256327053056,1597988256904999936,2020-08-21 13:37:36.905000,3331.0,3371.0,3312.0,3353.0,nan,3336.0,34073,1136675940.0,27279,3330.0,15,3329.0,63,nan,0,nan,0,nan,0,nan,0,nan,0,nan,0,nan,0,nan,0
1597988256821926912,1597988257357000192,2020-08-21 13:37:37.357000,3331.0,3371.0,3312.0,3353.0,nan,3336.0,34073,1136675940.0,27279,3330.0,15,3329.0,53,nan,0,nan,0,nan,0,nan,0,nan,0,nan,0,nan,0,nan,0
1597988257824189952,1597988258414000128,2020-08-21 13:37:38.414000,3331.0,3371.0,3312.0,3353.0,nan,3336.0,34073,1136675940.0,27279,3330.0,15,3329.0,54,nan,0,nan,0,nan,0,nan,0,nan,0,nan,0,nan,0,nan,0
1597988261823951872,1597988262435000064,2020-08-21 13:37:42.435000,3331.0,3371.0,3312.0,3353.0,nan,3336.0,34073,1136675940.0,27279,3330.0,16,3329.0,54,nan,0,nan,0,nan,0,nan,0,nan,0,nan,0,nan,0,nan,0
1597988266821871104,1597988267305999872,2020-08-21 13:37:47.306000,3330.0,3371.0,3312.0,3353.0,nan,3336.0,34074,1136709240.0,27278,3330.0,15,3329.0,54,nan,0,nan,0,nan,0,nan,0,nan,0,nan,0,nan,0,nan,0
1597988267329830912,1597988267932000000,2020-08-21 13:37:47.932000,3330.0,3371.0,3312.0,3353.0,nan,3335.0,34089,1137208740.0,27270,3331.0,121,3329.0,54,nan,0,nan,0,nan,0,nan,0,nan,0,nan,0,nan,0,nan,0
1597988267823307008,1597988268428999936,2020-08-21 13:37:48.429000,3330.0,3371.0,3312.0,3353.0,nan,3335.0,34089,1137208740.0,27270,3331.0,98,3330.0,7,nan,0,nan,0,nan,0,nan,0,nan,0,nan,0,nan,0,nan,0
1597988268329754880,1597988268912000000,2020-08-21 13:37:48.912000,3330.0,3371.0,3312.0,3353.0,nan,3335.0,34089,1137208740.0,27270,3331.0,48,3330.0,8,nan,0,nan,0,nan,0,nan,0,nan,0,nan,0,nan,0,nan,0
1597988268828089088,1597988269398999808,2020-08-21 13:37:49.399000,3330.0,3371.0,3312.0,3353.0,nan,3335.0,34089,1137208740.0,27270,3331.0,18,3330.0,8,nan,0,nan,0,nan,0,nan,0,nan,0,nan,0,nan,0,nan,0
1597988269352425984,1597988269892999936,2020-08-21 13:37:49.893000,3331.0,3371.0,3312.0,3353.0,nan,3335.0,34090,1137242050.0,27270,3331.0,17,3330.0,8,nan,0,nan,0,nan,0,nan,0,nan,0,nan,0,nan,0,nan,0
1597988271824771072,1597988272416999936,2020-08-21 13:37:52.417000,3330.0,3371.0,3312.0,3353.0,nan,3335.0,34091,1137275350.0,27269,3331.0,17,3330.0,7,nan,0,nan,0,nan,0,nan,0,nan,0,nan,0,nan,0,nan,0
1597988274827227904,1597988275354000128,2020-08-21 13:37:55.354000,3330.0,3371.0,3312.0,3353.0,nan,3335.0,34092,1137308650.0,27269,3331.0,18,3330.0,6,nan,0,nan,0,nan,0,nan,0,nan,0,nan,0,nan,0,nan,0
1597988279322929920,1597988279720000000,2020-08-21 13:37:59.720000,3330.0,3371.0,3312.0,3353.0,nan,3335.0,34092,1137308650.0,27269,3331.0,18,3330.0,8,nan,0,nan,0,nan,0,nan,0,nan,0,nan,0,nan,0,nan,0
1597988284354322944,1597988284900000000,2020-08-21 13:38:04.900000,3330.0,3371.0,3312.0,3353.0,nan,3335.0,34092,1137308650.0,27269,3331.0,5,3330.0,28,nan,0,nan,0,nan,0,nan,0,nan,0,nan,0,nan,0,nan,0
1597988284824773888,1597988285413000192,2020-08-21 13:38:05.413000,3330.0,3371.0,3312.0,3353.0,nan,3335.0,34093,1137341950.0,27269,3331.0,5,3330.0,28,nan,0,nan,0,nan,0,nan,0,nan,0,nan,0,nan,0,nan,0
1597988285326742016,1597988285924000000,2020-08-21 13:38:05.924000,3330.0,3371.0,3312.0,3353.0,nan,3335.0,34093,1137341950.0,27269,3331.0,15,3330.0,5,nan,0,nan,0,nan,0,nan,0,nan,0,nan,0,nan,0,nan,0
1597988285824656896,1597988286323000064,2020-08-21 13:38:06.323000,3330.0,3371.0,3312.0,3353.0,nan,3335.0,34093,1137341950.0,27269,3331.0,15,3330.0,1,nan,0,nan,0,nan,0,nan,0,nan,0,nan,0,nan,0,nan,0
1597988286322243072,1597988286895000064,2020-08-21 13:38:06.895000,3330.0,3371.0,3312.0,3353.0,nan,3335.0,34094,1137375250.0,27269,3331.0,16,3330.0,1,nan,0,nan,0,nan,0,nan,0,nan,0,nan,0,nan,0,nan,0
1597988287351350016,1597988287933000192,2020-08-21 13:38:07.933000,3330.0,3371.0,3312.0,3353.0,nan,3335.0,34094,1137375250.0,27269,3331.0,16,3330.0,2,nan,0,nan,0,nan,0,nan,0,nan,0,nan,0,nan,0,nan,0
1597988288324073984,1597988288913000192,2020-08-21 13:38:08.913000,3329.0,3371.0,3312.0,3353.0,nan,3335.0,34097,1137475140.0,27271,3331.0,16,3329.0,113,nan,0,nan,0,nan,0,nan,0,nan,0,nan,0,nan,0,nan,0
1597988288822716928,1597988289324000000,2020-08-21 13:38:09.324000,3329.0,3371.0,3312.0,3353.0,nan,3335.0,34097,1137475140.0,27271,3331.0,16,3330.0,8,nan,0,nan,0,nan,0,nan,0,nan,0,nan,0,nan,0,nan,0
1597988291322469888,1597988291932000000,2020-08-21 13:38:11.932000,3329.0,3371.0,3312.0,3353.0,nan,3335.0,34097,1137475140.0,27271,3331.0,6,3330.0,11,nan,0,nan,0,nan,0,nan,0,nan,0,nan,0,nan,0,nan,0
1597988291824509952,1597988292413000192,2020-08-21 13:38:12.413000,3331.0,3371.0,3312.0,3353.0,nan,3335.0,34107,1137808240.0,27272,3331.0,2,3330.0,36,nan,0,nan,0,nan,0,nan,0,nan,0,nan,0,nan,0,nan,0
1597988292326043904,1597988292713999872,2020-08-21 13:38:12.714000,3331.0,3371.0,3312.0,3353.0,nan,3335.0,34107,1137808240.0,27272,3331.0,2,3330.0,16,nan,0,nan,0,nan,0,nan,0,nan,0,nan,0,nan,0,nan,0
1597988292825253888,1597988293424999936,2020-08-21 13:38:13.425000,3331.0,3371.0,3312.0,3353.0,nan,3335.0,34107,1137808240.0,27272,3331.0,2,3330.0,33,nan,0,nan,0,nan,0,nan,0,nan,0,nan,0,nan,0,nan,0
1597988293348220928,1597988293924000000,2020-08-21 13:38:13.924000,3331.0,3371.0,3312.0,3353.0,nan,3335.0,34107,1137808240.0,27272,3331.0,6,3330.0,10,nan,0,nan,0,nan,0,nan,0,nan,0,nan,0,nan,0,nan,0
1597988294825138944,1597988295324999936,2020-08-21 13:38:15.325000,3331.0,3371.0,3312.0,3353.0,nan,3335.0,34107,1137808240.0,27272,3331.0,6,3330.0,11,nan,0,nan,0,nan,0,nan,0,nan,0,nan,0,nan,0,nan,0
1597988295825523968,1597988296236999936,2020-08-21 13:38:16.237000,3331.0,3371.0,3312.0,3353.0,nan,3335.0,34107,1137808240.0,27272,3331.0,7,3330.0,11,nan,0,nan,0,nan,0,nan,0,nan,0,nan,0,nan,0,nan,0
1597988296332258048,1597988296903000064,2020-08-21 13:38:16.903000,3331.0,3371.0,3312.0,3353.0,nan,3335.0,34107,1137808240.0,27272,3331.0,8,3330.0,11,nan,0,nan,0,nan,0,nan,0,nan,0,nan,0,nan,0,nan,0
1597988298825650944,1597988299416999936,2020-08-21 13:38:19.417000,3331.0,3371.0,3312.0,3353.0,nan,3335.0,34108,1137841550.0,27272,3331.0,7,3330.0,11,nan,0,nan,0,nan,0,nan,0,nan,0,nan,0,nan,0,nan,0
1597988300826789120,1597988301433000192,2020-08-21 13:38:21.433000,3331.0,3371.0,3312.0,3353.0,nan,3335.0,34108,1137841550.0,27272,3331.0,8,3330.0,12,nan,0,nan,0,nan,0,nan,0,nan,0,nan,0,nan,0,nan,0
1597988304323276032,1597988304882999808,2020-08-21 13:38:24.883000,3331.0,3371.0,3312.0,3353.0,nan,3335.0,34109,1137874860.0,27272,3331.0,7,3330.0,12,nan,0,nan,0,nan,0,nan,0,nan,0,nan,0,nan,0,nan,0
1597988309962959872,1597988310391000064,2020-08-21 13:38:30.391000,3331.0,3371.0,3312.0,3353.0,nan,3335.0,34109,1137874860.0,27272,3331.0,7,3330.0,13,nan,0,nan,0,nan,0,nan,0,nan,0,nan,0,nan,0,nan,0
1597988312326663936,1597988312913000192,2020-08-21 13:38:32.913000,3331.0,3371.0,3312.0,3353.0,nan,3335.0,34114,1138041410.0,27272,3331.0,2,3330.0,16,nan,0,nan,0,nan,0,nan,0,nan,0,nan,0,nan,0,nan,0
1597988314327204096,1597988314828999936,2020-08-21 13:38:34.829000,3331.0,3371.0,3312.0,3353.0,nan,3335.0,34115,1138074720.0,27271,3331.0,1,3330.0,16,nan,0,nan,0,nan,0,nan,0,nan,0,nan,0,nan,0,nan,0
1597988317822109952,1597988318420999936,2020-08-21 13:38:38.421000,3331.0,3371.0,3312.0,3353.0,nan,3335.0,34116,1138108030.0,27272,3332.0,98,3330.0,16,nan,0,nan,0,nan,0,nan,0,nan,0,nan,0,nan,0,nan,0
1597988318321278976,1597988318716000000,2020-08-21 13:38:38.716000,3331.0,3371.0,3312.0,3353.0,nan,3335.0,34116,1138108030.0,27272,3332.0,69,3330.0,46,nan,0,nan,0,nan,0,nan,0,nan,0,nan,0,nan,0,nan,0
1597988318822349056,1597988319322000128,2020-08-21 13:38:39.322000,3331.0,3371.0,3312.0,3353.0,nan,3335.0,34116,1138108030.0,27272,3332.0,79,3330.0,26,nan,0,nan,0,nan,0,nan,0,nan,0,nan,0,nan,0,nan,0
1597988319325700096,1597988319927000064,2020-08-21 13:38:39.927000,3331.0,3371.0,3312.0,3353.0,nan,3335.0,34116,1138108030.0,27272,3332.0,89,3330.0,26,nan,0,nan,0,nan,0,nan,0,nan,0,nan,0,nan,0,nan,0
1597988319825934080,1597988320407000064,2020-08-21 13:38:40.407000,3331.0,3371.0,3312.0,3353.0,nan,3335.0,34116,1138108030.0,27272,3332.0,89,3330.0,27,nan,0,nan,0,nan,0,nan,0,nan,0,nan,0,nan,0,nan,0
1597988323325316096,1597988323920000000,2020-08-21 13:38:43.920000,3331.0,3371.0,3312.0,3353.0,nan,3335.0,34116,1138108030.0,27272,3331.0,3,3330.0,24,nan,0,nan,0,nan,0,nan,0,nan,0,nan,0,nan,0,nan,0
1597988323823213056,1597988324289999872,2020-08-21 13:38:44.290000,3331.0,3371.0,3312.0,3353.0,nan,3335.0,34116,1138108030.0,27272,3331.0,3,3330.0,14,nan,0,nan,0,nan,0,nan,0,nan,0,nan,0,nan,0,nan,0
1597988326408011008,1597988326859000064,2020-08-21 13:38:46.859000,3331.0,3371.0,3312.0,3353.0,nan,3335.0,34116,1138108030.0,27272,3331.0,4,3330.0,14,nan,0,nan,0,nan,0,nan,0,nan,0,nan,0,nan,0,nan,0
1597988327899696896,1597988328431000064,2020-08-21 13:38:48.431000,3331.0,3371.0,3312.0,3353.0,nan,3335.0,34117,1138141340.0,27271,3331.0,3,3330.0,14,nan,0,nan,0,nan,0,nan,0,nan,0,nan,0,nan,0,nan,0
1597988328462323968,1597988328825999872,2020-08-21 13:38:48.826000,3331.0,3371.0,3312.0,3353.0,nan,3335.0,34117,1138141340.0,27271,3331.0,1,3330.0,17,nan,0,nan,0,nan,0,nan,0,nan,0,nan,0,nan,0,nan,0
1597988329863264000,1597988330387000064,2020-08-21 13:38:50.387000,3331.0,3371.0,3312.0,3353.0,nan,3335.0,34117,1138141340.0,27271,3331.0,1,3330.0,16,nan,0,nan,0,nan,0,nan,0,nan,0,nan,0,nan,0,nan,0
1597988330832299008,1597988331320000000,2020-08-21 13:38:51.320000,3331.0,3371.0,3312.0,3353.0,nan,3335.0,34117,1138141340.0,27271,3331.0,2,3330.0,16,nan,0,nan,0,nan,0,nan,0,nan,0,nan,0,nan,0,nan,0
1597988333326181888,1597988333876000000,2020-08-21 13:38:53.876000,3331.0,3371.0,3312.0,3353.0,nan,3335.0,34117,1138141340.0,27271,3331.0,3,3330.0,16,nan,0,nan,0,nan,0,nan,0,nan,0,nan,0,nan,0,nan,0
1597988340329412096,1597988340924000000,2020-08-21 13:39:00.924000,3331.0,3371.0,3312.0,3353.0,nan,3335.0,34121,1138274580.0,27273,3332.0,119,3330.0,16,nan,0,nan,0,nan,0,nan,0,nan,0,nan,0,nan,0,nan,0
1597988340846732032,1597988341323000064,2020-08-21 13:39:01.323000,3331.0,3371.0,3312.0,3353.0,nan,3335.0,34121,1138274580.0,27273,3332.0,89,3330.0,19,nan,0,nan,0,nan,0,nan,0,nan,0,nan,0,nan,0,nan,0
1597988341332958976,1597988341854000128,2020-08-21 13:39:01.854000,3331.0,3371.0,3312.0,3353.0,nan,3335.0,34121,1138274580.0,27273,3332.0,93,3331.0,7,nan,0,nan,0,nan,0,nan,0,nan,0,nan,0,nan,0,nan,0
1597988341883474944,1597988342410000128,2020-08-21 13:39:02.410000,3331.0,3371.0,3312.0,3353.0,nan,3335.0,34121,1138274580.0,27273,3332.0,52,3331.0,10,nan,0,nan,0,nan,0,nan,0,nan,0,nan,0,nan,0,nan,0
1597988342325042944,1597988342832000000,2020-08-21 13:39:02.832000,3331.0,3371.0,3312.0,3353.0,nan,3335.0,34121,1138274580.0,27273,3332.0,42,3331.0,10,nan,0,nan,0,nan,0,nan,0,nan,0,nan,0,nan,0,nan,0
1597988342825846016,1597988343435000064,2020-08-21 13:39:03.435000,3331.0,3371.0,3312.0,3353.0,nan,3335.0,34121,1138274580.0,27273,3332.0,22,3331.0,10,nan,0,nan,0,nan,0,nan,0,nan,0,nan,0,nan,0,nan,0
1597988343325746944,1597988343846999808,2020-08-21 13:39:03.847000,3331.0,3371.0,3312.0,3353.0,nan,3335.0,34121,1138274580.0,27273,3332.0,22,3331.0,12,nan,0,nan,0,nan,0,nan,0,nan,0,nan,0,nan,0,nan,0
1597988343834257920,1597988344324000000,2020-08-21 13:39:04.324000,3331.0,3371.0,3312.0,3353.0,nan,3335.0,34132,1138640990.0,27279,3332.0,23,3330.0,109,nan,0,nan,0,nan,0,nan,0,nan,0,nan,0,nan,0,nan,0
1597988344349391872,1597988344901999872,2020-08-21 13:39:04.902000,3331.0,3371.0,3312.0,3353.0,nan,3335.0,34132,1138640990.0,27279,3332.0,23,3330.0,89,nan,0,nan,0,nan,0,nan,0,nan,0,nan,0,nan,0,nan,0
1597988344846462976,1597988345416999936,2020-08-21 13:39:05.417000,3331.0,3371.0,3312.0,3353.0,nan,3335.0,34132,1138640990.0,27279,3332.0,23,3331.0,1,nan,0,nan,0,nan,0,nan,0,nan,0,nan,0,nan,0,nan,0
1597988347385869056,1597988347846999808,2020-08-21 13:39:07.847000,3331.0,3371.0,3312.0,3353.0,nan,3335.0,34132,1138640990.0,27279,3332.0,24,3331.0,1,nan,0,nan,0,nan,0,nan,0,nan,0,nan,0,nan,0,nan,0
1597988353334475008,1597988353824999936,2020-08-21 13:39:13.825000,3331.0,3371.0,3312.0,3353.0,nan,3335.0,34132,1138640990.0,27279,3332.0,24,3331.0,8,nan,0,nan,0,nan,0,nan,0,nan,0,nan,0,nan,0,nan,0
1597988356349598976,1597988356910000128,2020-08-21 13:39:16.910000,3332.0,3371.0,3312.0,3353.0,nan,3335.0,34133,1138674310.0,27278,3332.0,23,3331.0,9,nan,0,nan,0,nan,0,nan,0,nan,0,nan,0,nan,0,nan,0
1597988357822748928,1597988358344000000,2020-08-21 13:39:18.344000,3331.0,3371.0,3312.0,3353.0,nan,3335.0,34135,1138740930.0,27277,3332.0,23,3331.0,7,nan,0,nan,0,nan,0,nan,0,nan,0,nan,0,nan,0,nan,0
1597988358325625088,1597988358892000000,2020-08-21 13:39:18.892000,3331.0,3371.0,3312.0,3353.0,nan,3335.0,34135,1138740930.0,27277,3332.0,23,3331.0,6,nan,0,nan,0,nan,0,nan,0,nan,0,nan,0,nan,0,nan,0
1597988359332753920,1597988359855000064,2020-08-21 13:39:19.855000,3331.0,3371.0,3312.0,3353.0,nan,3335.0,34140,1138907480.0,27277,3332.0,23,3330.0,109,nan,0,nan,0,nan,0,nan,0,nan,0,nan,0,nan,0,nan,0
1597988359823736064,1597988360408999936,2020-08-21 13:39:20.409000,3332.0,3371.0,3312.0,3353.0,nan,3335.0,34143,1139007440.0,27276,3332.0,20,3330.0,89,nan,0,nan,0,nan,0,nan,0,nan,0,nan,0,nan,0,nan,0
1597988360824268032,1597988361430000128,2020-08-21 13:39:21.430000,3332.0,3371.0,3312.0,3353.0,nan,3335.0,34143,1139007440.0,27276,3332.0,20,3331.0,3,nan,0,nan,0,nan,0,nan,0,nan,0,nan,0,nan,0,nan,0
1597988361324243968,1597988361864000000,2020-08-21 13:39:21.864000,3332.0,3371.0,3312.0,3353.0,nan,3335.0,34143,1139007440.0,27276,3332.0,20,3331.0,4,nan,0,nan,0,nan,0,nan,0,nan,0,nan,0,nan,0,nan,0
1597988365344584960,1597988365927000064,2020-08-21 13:39:25.927000,3331.0,3371.0,3312.0,3353.0,nan,3335.0,34147,1139140680.0,27275,3331.0,1,3330.0,109,nan,0,nan,0,nan,0,nan,0,nan,0,nan,0,nan,0,nan,0
1597988365821818112,1597988366392000000,2020-08-21 13:39:26.392000,3331.0,3371.0,3312.0,3353.0,nan,3335.0,34147,1139140680.0,27275,3331.0,2,3330.0,39,nan,0,nan,0,nan,0,nan,0,nan,0,nan,0,nan,0,nan,0
1597988366324242944,1597988366823000064,2020-08-21 13:39:26.823000,3331.0,3371.0,3312.0,3353.0,nan,3335.0,34147,1139140680.0,27275,3331.0,2,3330.0,15,nan,0,nan,0,nan,0,nan,0,nan,0,nan,0,nan,0,nan,0
1597988366821997056,1597988367323000064,2020-08-21 13:39:27.323000,3331.0,3371.0,3312.0,3353.0,nan,3335.0,34147,1139140680.0,27275,3331.0,1,3330.0,16,nan,0,nan,0,nan,0,nan,0,nan,0,nan,0,nan,0,nan,0
1597988371331493888,1597988371914000128,2020-08-21 13:39:31.914000,3331.0,3371.0,3312.0,3353.0,nan,3335.0,34147,1139140680.0,27275,3331.0,1,3330.0,17,nan,0,nan,0,nan,0,nan,0,nan,0,nan,0,nan,0,nan,0
1597988376825388032,1597988377372999936,2020-08-21 13:39:37.373000,3331.0,3371.0,3312.0,3353.0,nan,3335.0,34147,1139140680.0,27275,3331.0,2,3330.0,17,nan,0,nan,0,nan,0,nan,0,nan,0,nan,0,nan,0,nan,0
1597988378824122880,1597988379323000064,2020-08-21 13:39:39.323000,3331.0,3371.0,3312.0,3353.0,nan,3335.0,34147,1139140680.0,27275,3331.0,1,3330.0,17,nan,0,nan,0,nan,0,nan,0,nan,0,nan,0,nan,0,nan,0
1597988382826456064,1597988383234999808,2020-08-21 13:39:43.235000,3331.0,3371.0,3312.0,3353.0,nan,3335.0,34147,1139140680.0,27275,3331.0,1,3330.0,16,nan,0,nan,0,nan,0,nan,0,nan,0,nan,0,nan,0,nan,0
1597988385324075008,1597988385924000000,2020-08-21 13:39:45.924000,3331.0,3371.0,3312.0,3353.0,nan,3335.0,34147,1139140680.0,27275,3331.0,2,3330.0,16,nan,0,nan,0,nan,0,nan,0,nan,0,nan,0,nan,0,nan,0
1597988392823113984,1597988393392000000,2020-08-21 13:39:53.392000,3331.0,3371.0,3312.0,3353.0,nan,3335.0,34147,1139140680.0,27275,3331.0,3,3330.0,16,nan,0,nan,0,nan,0,nan,0,nan,0,nan,0,nan,0,nan,0
1597988393825364992,1597988394414000128,2020-08-21 13:39:54.414000,3331.0,3371.0,3312.0,3353.0,nan,3335.0,34147,1139140680.0,27275,3331.0,4,3330.0,16,nan,0,nan,0,nan,0,nan,0,nan,0,nan,0,nan,0,nan,0
1597988394826810112,1597988395243000064,2020-08-21 13:39:55.243000,3331.0,3371.0,3312.0,3353.0,nan,3335.0,34147,1139140680.0,27275,3331.0,5,3330.0,16,nan,0,nan,0,nan,0,nan,0,nan,0,nan,0,nan,0,nan,0
1597988395823510016,1597988396236000000,2020-08-21 13:39:56.236000,3331.0,3371.0,3312.0,3353.0,nan,3335.0,34147,1139140680.0,27275,3331.0,6,3330.0,16,nan,0,nan,0,nan,0,nan,0,nan,0,nan,0,nan,0,nan,0
1597988396847041024,1597988397384000000,2020-08-21 13:39:57.384000,3331.0,3371.0,3312.0,3353.0,nan,3335.0,34147,1139140680.0,27275,3331.0,7,3330.0,16,nan,0,nan,0,nan,0,nan,0,nan,0,nan,0,nan,0,nan,0
1597988397947092992,1597988398282000128,2020-08-21 13:39:58.282000,3331.0,3371.0,3312.0,3353.0,nan,3335.0,34147,1139140680.0,27275,3331.0,8,3330.0,16,nan,0,nan,0,nan,0,nan,0,nan,0,nan,0,nan,0,nan,0
1597988407342521088,1597988407839000064,2020-08-21 13:40:07.839000,3331.0,3371.0,3312.0,3353.0,nan,3335.0,34147,1139140680.0,27275,3331.0,8,3330.0,17,nan,0,nan,0,nan,0,nan,0,nan,0,nan,0,nan,0,nan,0
1597988409821955072,1597988410403000064,2020-08-21 13:40:10.403000,3331.0,3371.0,3312.0,3353.0,nan,3335.0,34147,1139140680.0,27275,3331.0,38,3330.0,17,nan,0,nan,0,nan,0,nan,0,nan,0,nan,0,nan,0,nan,0
1597988410339930880,1597988410824999936,2020-08-21 13:40:10.825000,3331.0,3371.0,3312.0,3353.0,nan,3335.0,34147,1139140680.0,27275,3331.0,39,3330.0,11,nan,0,nan,0,nan,0,nan,0,nan,0,nan,0,nan,0,nan,0
1597988411822708992,1597988412364999936,2020-08-21 13:40:12.365000,3331.0,3371.0,3312.0,3353.0,nan,3335.0,34147,1139140680.0,27275,3331.0,39,3330.0,12,nan,0,nan,0,nan,0,nan,0,nan,0,nan,0,nan,0,nan,0
1597988412322714880,1597988412930000128,2020-08-21 13:40:12.930000,3331.0,3371.0,3312.0,3353.0,nan,3335.0,34147,1139140680.0,27275,3331.0,38,3330.0,12,nan,0,nan,0,nan,0,nan,0,nan,0,nan,0,nan,0,nan,0
1597988422321491968,1597988422826999808,2020-08-21 13:40:22.827000,3331.0,3371.0,3312.0,3353.0,nan,3335.0,34148,1139173990.0,27276,3331.0,39,3330.0,12,nan,0,nan,0,nan,0,nan,0,nan,0,nan,0,nan,0,nan,0
1597988433827350016,1597988434336000000,2020-08-21 13:40:34.336000,3331.0,3371.0,3312.0,3353.0,nan,3335.0,34148,1139173990.0,27276,3331.0,39,3330.0,16,nan,0,nan,0,nan,0,nan,0,nan,0,nan,0,nan,0,nan,0
1597988440357242112,1597988440908000000,2020-08-21 13:40:40.908000,3330.0,3371.0,3312.0,3353.0,nan,3335.0,34164,1139706790.0,27274,3331.0,39,3329.0,117,nan,0,nan,0,nan,0,nan,0,nan,0,nan,0,nan,0,nan,0
1597988440829115904,1597988441420999936,2020-08-21 13:40:41.421000,3330.0,3371.0,3312.0,3353.0,nan,3335.0,34164,1139706790.0,27274,3331.0,40,3329.0,117,nan,0,nan,0,nan,0,nan,0,nan,0,nan,0,nan,0,nan,0
1597988441323339008,1597988441836999936,2020-08-21 13:40:41.837000,3330.0,3371.0,3312.0,3353.0,nan,3335.0,34164,1139706790.0,27274,3331.0,43,3329.0,117,nan,0,nan,0,nan,0,nan,0,nan,0,nan,0,nan,0,nan,0
1597988441817611008,1597988442336000000,2020-08-21 13:40:42.336000,3330.0,3371.0,3312.0,3353.0,nan,3335.0,34164,1139706790.0,27274,3331.0,45,3329.0,117,nan,0,nan,0,nan,0,nan,0,nan,0,nan,0,nan,0,nan,0
1597988443345754112,1597988443744999936,2020-08-21 13:40:43.745000,3330.0,3371.0,3312.0,3353.0,nan,3335.0,34164,1139706790.0,27274,3331.0,47,3329.0,117,nan,0,nan,0,nan,0,nan,0,nan,0,nan,0,nan,0,nan,0
1597988444352691968,1597988444752999936,2020-08-21 13:40:44.753000,3330.0,3371.0,3312.0,3353.0,nan,3335.0,34164,1139706790.0,27274,3331.0,48,3329.0,117,nan,0,nan,0,nan,0,nan,0,nan,0,nan,0,nan,0,nan,0
1597988450833988096,1597988451323000064,2020-08-21 13:40:51.323000,3330.0,3371.0,3312.0,3353.0,nan,3335.0,34164,1139706790.0,27274,3331.0,47,3329.0,117,nan,0,nan,0,nan,0,nan,0,nan,0,nan,0,nan,0,nan,0
1597988451321986048,1597988451832999936,2020-08-21 13:40:51.833000,3330.0,3371.0,3312.0,3353.0,nan,3335.0,34164,1139706790.0,27274,3330.0,7,3329.0,117,nan,0,nan,0,nan,0,nan,0,nan,0,nan,0,nan,0,nan,0
1597988451843525120,1597988452424999936,2020-08-21 13:40:52.425000,3330.0,3371.0,3312.0,3353.0,nan,3335.0,34169,1139873290.0,27274,3330.0,7,3329.0,77,nan,0,nan,0,nan,0,nan,0,nan,0,nan,0,nan,0,nan,0
1597988452324784896,1597988452825999872,2020-08-21 13:40:52.826000,3330.0,3371.0,3312.0,3353.0,nan,3335.0,34169,1139873290.0,27274,3330.0,7,3329.0,57,nan,0,nan,0,nan,0,nan,0,nan,0,nan,0,nan,0,nan,0
1597988452831488000,1597988453372000000,2020-08-21 13:40:53.372000,3330.0,3371.0,3312.0,3353.0,nan,3335.0,34169,1139873290.0,27274,3330.0,8,3329.0,57,nan,0,nan,0,nan,0,nan,0,nan,0,nan,0,nan,0,nan,0
1597988453322541056,1597988453731000064,2020-08-21 13:40:53.731000,3330.0,3371.0,3312.0,3353.0,nan,3335.0,34169,1139873290.0,27274,3330.0,8,3329.0,58,nan,0,nan,0,nan,0,nan,0,nan,0,nan,0,nan,0,nan,0
1597988456323258112,1597988456894000128,2020-08-21 13:40:56.894000,3330.0,3371.0,3312.0,3353.0,nan,3335.0,34169,1139873290.0,27274,3330.0,8,3329.0,59,nan,0,nan,0,nan,0,nan,0,nan,0,nan,0,nan,0,nan,0
1597988457323586048,1597988457931000064,2020-08-21 13:40:57.931000,3328.0,3371.0,3312.0,3353.0,nan,3335.0,34356,1146097140.0,27301,3328.0,63,3327.0,10,nan,0,nan,0,nan,0,nan,0,nan,0,nan,0,nan,0,nan,0
1597988457831582976,1597988458428000000,2020-08-21 13:40:58.428000,3326.0,3371.0,3312.0,3353.0,nan,3335.0,34406,1147761040.0,27295,3327.0,10,3326.0,16,nan,0,nan,0,nan,0,nan,0,nan,0,nan,0,nan,0,nan,0
1597988458330589952,1597988458907000064,2020-08-21 13:40:58.907000,3327.0,3371.0,3312.0,3353.0,nan,3335.0,34430,1148559420.0,27292,3328.0,52,3327.0,6,nan,0,nan,0,nan,0,nan,0,nan,0,nan,0,nan,0,nan,0
1597988458830076928,1597988459324000000,2020-08-21 13:40:59.324000,3328.0,3371.0,3312.0,3353.0,nan,3335.0,34435,1148725820.0,27292,3328.0,37,3327.0,6,nan,0,nan,0,nan,0,nan,0,nan,0,nan,0,nan,0,nan,0
1597988459323185920,1597988459824999936,2020-08-21 13:40:59.825000,3328.0,3371.0,3312.0,3353.0,nan,3335.0,34435,1148725820.0,27292,3328.0,27,3327.0,6,nan,0,nan,0,nan,0,nan,0,nan,0,nan,0,nan,0,nan,0
1597988461393467904,1597988461824000000,2020-08-21 13:41:01.824000,3328.0,3371.0,3312.0,3353.0,nan,3335.0,34441,1148925500.0,27288,3328.0,21,3327.0,3,nan,0,nan,0,nan,0,nan,0,nan,0,nan,0,nan,0,nan,0
1597988461833484032,1597988462345999872,2020-08-21 13:41:02.346000,3328.0,3371.0,3312.0,3353.0,nan,3335.0,34441,1148925500.0,27288,3328.0,21,3327.0,11,nan,0,nan,0,nan,0,nan,0,nan,0,nan,0,nan,0,nan,0
1597988463327962112,1597988463823000064,2020-08-21 13:41:03.823000,3327.0,3371.0,3312.0,3353.0,nan,3335.0,34446,1149091850.0,27286,3328.0,21,3327.0,5,nan,0,nan,0,nan,0,nan,0,nan,0,nan,0,nan,0,nan,0
1597988465320788992,1597988465744999936,2020-08-21 13:41:05.745000,3327.0,3371.0,3312.0,3353.0,nan,3335.0,34446,1149091850.0,27286,3328.0,21,3326.0,76,nan,0,nan,0,nan,0,nan,0,nan,0,nan,0,nan,0,nan,0
1597988465836869120,1597988466237999872,2020-08-21 13:41:06.238000,3327.0,3371.0,3312.0,3353.0,nan,3335.0,34446,1149091850.0,27286,3328.0,31,3326.0,66,nan,0,nan,0,nan,0,nan,0,nan,0,nan,0,nan,0,nan,0
1597988466347950080,1597988466864000000,2020-08-21 13:41:06.864000,3327.0,3371.0,3312.0,3353.0,nan,3335.0,34446,1149091850.0,27286,3328.0,41,3326.0,56,nan,0,nan,0,nan,0,nan,0,nan,0,nan,0,nan,0,nan,0
1597988468826594048,1597988469332999936,2020-08-21 13:41:09.333000,3327.0,3371.0,3312.0,3353.0,nan,3335.0,34446,1149091850.0,27286,3327.0,3,3326.0,56,nan,0,nan,0,nan,0,nan,0,nan,0,nan,0,nan,0,nan,0
1597988469331439104,1597988469910000128,2020-08-21 13:41:09.910000,3327.0,3371.0,3312.0,3353.0,nan,3335.0,34450,1149224930.0,27282,3327.0,3,3326.0,6,nan,0,nan,0,nan,0,nan,0,nan,0,nan,0,nan,0,nan,0
1597988469844196096,1597988470401999872,2020-08-21 13:41:10.402000,3327.0,3371.0,3312.0,3353.0,nan,3335.0,34453,1149324740.0,27282,3327.0,3,3326.0,8,nan,0,nan,0,nan,0,nan,0,nan,0,nan,0,nan,0,nan,0
1597988470349239040,1597988470895000064,2020-08-21 13:41:10.895000,3327.0,3371.0,3312.0,3353.0,nan,3335.0,34457,1149457820.0,27278,3327.0,18,3326.0,6,nan,0,nan,0,nan,0,nan,0,nan,0,nan,0,nan,0,nan,0
1597988470835226112,1597988471351000064,2020-08-21 13:41:11.351000,3327.0,3371.0,3312.0,3353.0,nan,3335.0,34457,1149457820.0,27278,3327.0,19,3326.0,5,nan,0,nan,0,nan,0,nan,0,nan,0,nan,0,nan,0,nan,0
1597988473347558912,1597988473824999936,2020-08-21 13:41:13.825000,3327.0,3371.0,3312.0,3353.0,nan,3335.0,34457,1149457820.0,27278,3327.0,20,3326.0,5,nan,0,nan,0,nan,0,nan,0,nan,0,nan,0,nan,0,nan,0
1597988474318415872,1597988474864999936,2020-08-21 13:41:14.865000,3327.0,3371.0,3312.0,3353.0,nan,3335.0,34458,1149491090.0,27278,3327.0,19,3326.0,5,nan,0,nan,0,nan,0,nan,0,nan,0,nan,0,nan,0,nan,0
1597988474835080960,1597988475232000000,2020-08-21 13:41:15.232000,3327.0,3371.0,3312.0,3353.0,nan,3335.0,34459,1149524360.0,27279,3327.0,18,3326.0,5,nan,0,nan,0,nan,0,nan,0,nan,0,nan,0,nan,0,nan,0
1597988475317150976,1597988475908000000,2020-08-21 13:41:15.908000,3327.0,3371.0,3312.0,3353.0,nan,3335.0,34464,1149690710.0,27278,3327.0,13,3326.0,15,nan,0,nan,0,nan,0,nan,0,nan,0,nan,0,nan,0,nan,0
1597988475835560960,1597988476323000064,2020-08-21 13:41:16.323000,3327.0,3371.0,3312.0,3353.0,nan,3335.0,34464,1149690710.0,27278,3327.0,9,3326.0,19,nan,0,nan,0,nan,0,nan,0,nan,0,nan,0,nan,0,nan,0
1597988476328432896,1597988476880000000,2020-08-21 13:41:16.880000,3327.0,3371.0,3312.0,3353.0,nan,3335.0,34464,1149690710.0,27278,3327.0,1,3326.0,19,nan,0,nan,0,nan,0,nan,0,nan,0,nan,0,nan,0,nan,0
1597988476843614976,1597988477428999936,2020-08-21 13:41:17.429000,3327.0,3371.0,3312.0,3353.0,nan,3335.0,34465,1149723980.0,27278,3328.0,91,3326.0,19,nan,0,nan,0,nan,0,nan,0,nan,0,nan,0,nan,0,nan,0
1597988477317356032,1597988477860999936,2020-08-21 13:41:17.861000,3327.0,3371.0,3312.0,3353.0,nan,3335.0,34465,1149723980.0,27278,3328.0,71,3326.0,29,nan,0,nan,0,nan,0,nan,0,nan,0,nan,0,nan,0,nan,0
1597988477828396032,1597988478401999872,2020-08-21 13:41:18.402000,3327.0,3371.0,3312.0,3353.0,nan,3335.0,34465,1149723980.0,27278,3328.0,81,3327.0,1,nan,0,nan,0,nan,0,nan,0,nan,0,nan,0,nan,0,nan,0
1597988478336928000,1597988478911000064,2020-08-21 13:41:18.911000,3328.0,3371.0,3312.0,3353.0,nan,3335.0,34503,1150988620.0,27258,3329.0,92,3328.0,1,nan,0,nan,0,nan,0,nan,0,nan,0,nan,0,nan,0,nan,0
1597988478840628992,1597988479433000192,2020-08-21 13:41:19.433000,3329.0,3371.0,3312.0,3353.0,nan,3335.0,34513,1151321520.0,27250,3329.0,11,3328.0,5,nan,0,nan,0,nan,0,nan,0,nan,0,nan,0,nan,0,nan,0
1597988479351032064,1597988479884000000,2020-08-21 13:41:19.884000,3329.0,3371.0,3312.0,3353.0,nan,3335.0,34513,1151321520.0,27250,3329.0,8,3328.0,5,nan,0,nan,0,nan,0,nan,0,nan,0,nan,0,nan,0,nan,0
1597988480831845888,1597988481334000128,2020-08-21 13:41:21.334000,3328.0,3371.0,3312.0,3353.0,nan,3335.0,34514,1151354800.0,27250,3329.0,8,3328.0,4,nan,0,nan,0,nan,0,nan,0,nan,0,nan,0,nan,0,nan,0
1597988481833300992,1597988482430000128,2020-08-21 13:41:22.430000,3328.0,3371.0,3312.0,3353.0,nan,3335.0,34514,1151354800.0,27250,3329.0,8,3328.0,5,nan,0,nan,0,nan,0,nan,0,nan,0,nan,0,nan,0,nan,0
1597988482341703936,1597988482916000000,2020-08-21 13:41:22.916000,3328.0,3371.0,3312.0,3353.0,nan,3335.0,34514,1151354800.0,27250,3329.0,8,3328.0,6,nan,0,nan,0,nan,0,nan,0,nan,0,nan,0,nan,0,nan,0
1597988482826245120,1597988483434000128,2020-08-21 13:41:23.434000,3328.0,3371.0,3312.0,3353.0,nan,3335.0,34515,1151388080.0,27251,3329.0,8,3328.0,6,nan,0,nan,0,nan,0,nan,0,nan,0,nan,0,nan,0,nan,0
1597988483324841984,1597988483823000064,2020-08-21 13:41:23.823000,3328.0,3371.0,3312.0,3353.0,nan,3335.0,34518,1151487920.0,27251,3329.0,12,3328.0,3,nan,0,nan,0,nan,0,nan,0,nan,0,nan,0,nan,0,nan,0
1597988484326619904,1597988484878000128,2020-08-21 13:41:24.878000,3328.0,3371.0,3312.0,3353.0,nan,3335.0,34521,1151587760.0,27251,3329.0,12,3327.0,105,nan,0,nan,0,nan,0,nan,0,nan,0,nan,0,nan,0,nan,0
1597988484829555968,1597988485423000064,2020-08-21 13:41:25.423000,3328.0,3371.0,3312.0,3353.0,nan,3335.0,34521,1151587760.0,27251,3329.0,12,3327.0,95,nan,0,nan,0,nan,0,nan,0,nan,0,nan,0,nan,0,nan,0
1597988485342714112,1597988485916000000,2020-08-21 13:41:25.916000,3328.0,3371.0,3312.0,3353.0,nan,3335.0,34521,1151587760.0,27251,3329.0,12,3327.0,93,nan,0,nan,0,nan,0,nan,0,nan,0,nan,0,nan,0,nan,0
1597988488826926080,1597988489397000192,2020-08-21 13:41:29.397000,3328.0,3371.0,3312.0,3353.0,nan,3335.0,34521,1151587760.0,27251,3329.0,12,3328.0,3,nan,0,nan,0,nan,0,nan,0,nan,0,nan,0,nan,0,nan,0
1597988489332963072,1597988489829999872,2020-08-21 13:41:29.830000,3328.0,3371.0,3312.0,3353.0,nan,3335.0,34521,1151587760.0,27251,3329.0,9,3328.0,3,nan,0,nan,0,nan,0,nan,0,nan,0,nan,0,nan,0,nan,0
1597988489833679104,1597988490397000192,2020-08-21 13:41:30.397000,3328.0,3371.0,3312.0,3353.0,nan,3335.0,34521,1151587760.0,27251,3329.0,9,3328.0,14,nan,0,nan,0,nan,0,nan,0,nan,0,nan,0,nan,0,nan,0
1597988490328844032,1597988490935000064,2020-08-21 13:41:30.935000,3328.0,3371.0,3312.0,3353.0,nan,3335.0,34522,1151621040.0,27252,3329.0,9,3328.0,13,nan,0,nan,0,nan,0,nan,0,nan,0,nan,0,nan,0,nan,0
1597988490833551104,1597988491427000064,2020-08-21 13:41:31.427000,3328.0,3371.0,3312.0,3353.0,nan,3335.0,34522,1151621040.0,27252,3329.0,9,3328.0,14,nan,0,nan,0,nan,0,nan,0,nan,0,nan,0,nan,0,nan,0
1597988491832527872,1597988492431000064,2020-08-21 13:41:32.431000,3328.0,3371.0,3312.0,3353.0,nan,3335.0,34522,1151621040.0,27252,3329.0,39,3328.0,11,nan,0,nan,0,nan,0,nan,0,nan,0,nan,0,nan,0,nan,0
1597988493325711104,1597988493920000000,2020-08-21 13:41:33.920000,3328.0,3371.0,3312.0,3353.0,nan,3335.0,34523,1151654320.0,27253,3329.0,39,3328.0,10,nan,0,nan,0,nan,0,nan,0,nan,0,nan,0,nan,0,nan,0
1597988494832854016,1597988495342999808,2020-08-21 13:41:35.343000,3328.0,3371.0,3312.0,3353.0,nan,3335.0,34523,1151654320.0,27253,3329.0,39,3328.0,12,nan,0,nan,0,nan,0,nan,0,nan,0,nan,0,nan,0,nan,0
1597988497829381888,1597988498323000064,2020-08-21 13:41:38.323000,3328.0,3371.0,3312.0,3353.0,nan,3335.0,34523,1151654320.0,27253,3329.0,40,3328.0,12,nan,0,nan,0,nan,0,nan,0,nan,0,nan,0,nan,0,nan,0
1597988499831848960,1597988500311000064,2020-08-21 13:41:40.311000,3328.0,3371.0,3312.0,3353.0,nan,3335.0,34523,1151654320.0,27253,3329.0,41,3328.0,12,nan,0,nan,0,nan,0,nan,0,nan,0,nan,0,nan,0,nan,0
1597988506350286080,1597988506926000128,2020-08-21 13:41:46.926000,3328.0,3371.0,3312.0,3353.0,nan,3335.0,34524,1151687600.0,27254,3329.0,41,3328.0,11,nan,0,nan,0,nan,0,nan,0,nan,0,nan,0,nan,0,nan,0
1597988516327557888,1597988516932000000,2020-08-21 13:41:56.932000,3328.0,3371.0,3312.0,3353.0,nan,3335.0,34526,1151754160.0,27256,3329.0,41,3328.0,9,nan,0,nan,0,nan,0,nan,0,nan,0,nan,0,nan,0,nan,0
1597988517859168000,1597988518332000000,2020-08-21 13:41:58.332000,3329.0,3371.0,3312.0,3353.0,nan,3335.0,34567,1153119050.0,27248,3330.0,107,3329.0,8,nan,0,nan,0,nan,0,nan,0,nan,0,nan,0,nan,0,nan,0
1597988518380471040,1597988518928999936,2020-08-21 13:41:58.929000,3329.0,3371.0,3312.0,3353.0,nan,3335.0,34567,1153119050.0,27248,3330.0,36,3329.0,9,nan,0,nan,0,nan,0,nan,0,nan,0,nan,0,nan,0,nan,0
1597988518861310976,1597988519436000000,2020-08-21 13:41:59.436000,3329.0,3371.0,3312.0,3353.0,nan,3335.0,34567,1153119050.0,27248,3330.0,6,3329.0,9,nan,0,nan,0,nan,0,nan,0,nan,0,nan,0,nan,0,nan,0
1597988520320279040,1597988520897000192,2020-08-21 13:42:00.897000,3329.0,3371.0,3312.0,3353.0,nan,3335.0,34567,1153119050.0,27248,3330.0,14,3329.0,7,nan,0,nan,0,nan,0,nan,0,nan,0,nan,0,nan,0,nan,0
1597988530843316992,1597988531326999808,2020-08-21 13:42:11.327000,3329.0,3371.0,3312.0,3353.0,nan,3335.0,34568,1153152340.0,27248,3330.0,14,3329.0,6,nan,0,nan,0,nan,0,nan,0,nan,0,nan,0,nan,0,nan,0
1597988531326415104,1597988531934000128,2020-08-21 13:42:11.934000,3329.0,3371.0,3312.0,3353.0,nan,3335.0,34568,1153152340.0,27248,3330.0,14,3329.0,3,nan,0,nan,0,nan,0,nan,0,nan,0,nan,0,nan,0,nan,0
1597988531852550912,1597988532381999872,2020-08-21 13:42:12.382000,3329.0,3371.0,3312.0,3353.0,nan,3335.0,34573,1153318780.0,27247,3330.0,15,3328.0,114,nan,0,nan,0,nan,0,nan,0,nan,0,nan,0,nan,0,nan,0
1597988532327812096,1597988532935000064,2020-08-21 13:42:12.935000,3329.0,3371.0,3312.0,3353.0,nan,3335.0,34573,1153318780.0,27247,3330.0,18,3328.0,94,nan,0,nan,0,nan,0,nan,0,nan,0,nan,0,nan,0,nan,0
1597988533844859904,1597988534331000064,2020-08-21 13:42:14.331000,3329.0,3371.0,3312.0,3353.0,nan,3335.0,34574,1153352070.0,27247,3330.0,18,3328.0,94,nan,0,nan,0,nan,0,nan,0,nan,0,nan,0,nan,0,nan,0
1597988538321923072,1597988538887000064,2020-08-21 13:42:18.887000,3328.0,3371.0,3312.0,3353.0,nan,3335.0,34575,1153385350.0,27247,3330.0,18,3328.0,93,nan,0,nan,0,nan,0,nan,0,nan,0,nan,0,nan,0,nan,0
1597988540823792896,1597988541416999936,2020-08-21 13:42:21.417000,3328.0,3371.0,3312.0,3353.0,nan,3335.0,34575,1153385350.0,27247,3330.0,18,3328.0,94,nan,0,nan,0,nan,0,nan,0,nan,0,nan,0,nan,0,nan,0
1597988545883790080,1597988546424999936,2020-08-21 13:42:26.425000,3329.0,3371.0,3312.0,3353.0,nan,3335.0,34576,1153418640.0,27248,3329.0,14,3328.0,94,nan,0,nan,0,nan,0,nan,0,nan,0,nan,0,nan,0,nan,0
1597988546337467904,1597988546935000064,2020-08-21 13:42:26.935000,3329.0,3371.0,3312.0,3353.0,nan,3335.0,34576,1153418640.0,27248,3329.0,16,3328.0,43,nan,0,nan,0,nan,0,nan,0,nan,0,nan,0,nan,0,nan,0
1597988546849243904,1597988547384000000,2020-08-21 13:42:27.384000,3329.0,3371.0,3312.0,3353.0,nan,3335.0,34576,1153418640.0,27248,3329.0,16,3328.0,11,nan,0,nan,0,nan,0,nan,0,nan,0,nan,0,nan,0,nan,0
1597988547328123904,1597988547828999936,2020-08-21 13:42:27.829000,3328.0,3371.0,3312.0,3353.0,nan,3335.0,34582,1153618320.0,27251,3329.0,16,3328.0,5,nan,0,nan,0,nan,0,nan,0,nan,0,nan,0,nan,0,nan,0
1597988547824153088,1597988548418999808,2020-08-21 13:42:28.419000,3328.0,3371.0,3312.0,3353.0,nan,3335.0,34590,1153884550.0,27251,3329.0,19,3327.0,114,nan,0,nan,0,nan,0,nan,0,nan,0,nan,0,nan,0,nan,0
1597988548344391936,1597988548865999872,2020-08-21 13:42:28.866000,3328.0,3371.0,3312.0,3353.0,nan,3335.0,34590,1153884550.0,27251,3329.0,19,3327.0,94,nan,0,nan,0,nan,0,nan,0,nan,0,nan,0,nan,0,nan,0
1597988549856752896,1597988550392999936,2020-08-21 13:42:30.393000,3328.0,3371.0,3312.0,3353.0,nan,3335.0,34590,1153884550.0,27251,3328.0,1,3327.0,94,nan,0,nan,0,nan,0,nan,0,nan,0,nan,0,nan,0,nan,0
1597988550325905920,1597988550836999936,2020-08-21 13:42:30.837000,3328.0,3371.0,3312.0,3353.0,nan,3335.0,34590,1153884550.0,27251,3328.0,1,3327.0,44,nan,0,nan,0,nan,0,nan,0,nan,0,nan,0,nan,0,nan,0
1597988550823858944,1597988551404999936,2020-08-21 13:42:31.405000,3328.0,3371.0,3312.0,3353.0,nan,3335.0,34590,1153884550.0,27251,3328.0,16,3327.0,13,nan,0,nan,0,nan,0,nan,0,nan,0,nan,0,nan,0,nan,0
1597988551345346048,1597988551855000064,2020-08-21 13:42:31.855000,3328.0,3371.0,3312.0,3353.0,nan,3335.0,34590,1153884550.0,27251,3328.0,16,3327.0,11,nan,0,nan,0,nan,0,nan,0,nan,0,nan,0,nan,0,nan,0
1597988552853921024,1597988553346999808,2020-08-21 13:42:33.347000,3328.0,3371.0,3312.0,3353.0,nan,3335.0,34590,1153884550.0,27251,3328.0,18,3327.0,11,nan,0,nan,0,nan,0,nan,0,nan,0,nan,0,nan,0,nan,0
1597988553826043904,1597988554346999808,2020-08-21 13:42:34.347000,3328.0,3371.0,3312.0,3353.0,nan,3335.0,34590,1153884550.0,27251,3328.0,18,3327.0,12,nan,0,nan,0,nan,0,nan,0,nan,0,nan,0,nan,0,nan,0
1597988554338007040,1597988554935000064,2020-08-21 13:42:34.935000,3327.0,3371.0,3312.0,3353.0,nan,3335.0,34591,1153917820.0,27251,3328.0,18,3327.0,11,nan,0,nan,0,nan,0,nan,0,nan,0,nan,0,nan,0,nan,0
1597988554826520064,1597988555404000000,2020-08-21 13:42:35.404000,3327.0,3371.0,3312.0,3353.0,nan,3335.0,34593,1153984360.0,27251,3328.0,18,3327.0,9,nan,0,nan,0,nan,0,nan,0,nan,0,nan,0,nan,0,nan,0
1597988555322188032,1597988555865999872,2020-08-21 13:42:35.866000,3327.0,3371.0,3312.0,3353.0,nan,3335.0,34594,1154017630.0,27251,3328.0,18,3327.0,8,nan,0,nan,0,nan,0,nan,0,nan,0,nan,0,nan,0,nan,0
1597988555825307904,1597988556431000064,2020-08-21 13:42:36.431000,3328.0,3371.0,3312.0,3353.0,nan,3335.0,34596,1154084180.0,27252,3328.0,17,3327.0,7,nan,0,nan,0,nan,0,nan,0,nan,0,nan,0,nan,0,nan,0
1597988556320847872,1597988556878000128,2020-08-21 13:42:36.878000,3328.0,3371.0,3312.0,3353.0,nan,3335.0,34596,1154084180.0,27252,3328.0,22,3327.0,7,nan,0,nan,0,nan,0,nan,0,nan,0,nan,0,nan,0,nan,0
1597988557344531968,1597988557856000000,2020-08-21 13:42:37.856000,3328.0,3371.0,3312.0,3353.0,nan,3335.0,34596,1154084180.0,27252,3328.0,22,3327.0,6,nan,0,nan,0,nan,0,nan,0,nan,0,nan,0,nan,0,nan,0
1597988558322469120,1597988558904000000,2020-08-21 13:42:38.904000,3327.0,3371.0,3312.0,3353.0,nan,3335.0,34597,1154117450.0,27252,3328.0,22,3327.0,5,nan,0,nan,0,nan,0,nan,0,nan,0,nan,0,nan,0,nan,0
1597988558820439040,1597988559437999872,2020-08-21 13:42:39.438000,3327.0,3371.0,3312.0,3353.0,nan,3335.0,34597,1154117450.0,27252,3328.0,22,3327.0,4,nan,0,nan,0,nan,0,nan,0,nan,0,nan,0,nan,0,nan,0
1597988559822316032,1597988560340000000,2020-08-21 13:42:40.340000,3327.0,3371.0,3312.0,3353.0,nan,3335.0,34598,1154150720.0,27252,3328.0,22,3327.0,3,nan,0,nan,0,nan,0,nan,0,nan,0,nan,0,nan,0,nan,0
1597988562324882944,1597988562928000000,2020-08-21 13:42:42.928000,3327.0,3371.0,3312.0,3353.0,nan,3335.0,34601,1154250530.0,27249,3327.0,3,3326.0,113,nan,0,nan,0,nan,0,nan,0,nan,0,nan,0,nan,0,nan,0
1597988562821178880,1597988563388999936,2020-08-21 13:42:43.389000,3327.0,3371.0,3312.0,3353.0,nan,3335.0,34601,1154250530.0,27249,3327.0,7,3326.0,53,nan,0,nan,0,nan,0,nan,0,nan,0,nan,0,nan,0,nan,0
1597988563344823040,1597988563872999936,2020-08-21 13:42:43.873000,3327.0,3371.0,3312.0,3353.0,nan,3335.0,34601,1154250530.0,27249,3327.0,7,3326.0,33,nan,0,nan,0,nan,0,nan,0,nan,0,nan,0,nan,0,nan,0
1597988563821342976,1597988564436000000,2020-08-21 13:42:44.436000,3327.0,3371.0,3312.0,3353.0,nan,3335.0,34601,1154250530.0,27249,3327.0,7,3326.0,13,nan,0,nan,0,nan,0,nan,0,nan,0,nan,0,nan,0,nan,0
1597988564821719040,1597988565382999808,2020-08-21 13:42:45.383000,3326.0,3371.0,3312.0,3353.0,nan,3335.0,34607,1154450090.0,27253,3327.0,7,3326.0,7,nan,0,nan,0,nan,0,nan,0,nan,0,nan,0,nan,0,nan,0
1597988565326554880,1597988565731000064,2020-08-21 13:42:45.731000,3327.0,3371.0,3312.0,3353.0,nan,3335.0,34608,1154483360.0,27252,3327.0,6,3326.0,7,nan,0,nan,0,nan,0,nan,0,nan,0,nan,0,nan,0,nan,0
1597988566353189888,1597988566842999808,2020-08-21 13:42:46.843000,3326.0,3371.0,3312.0,3353.0,nan,3335.0,34609,1154516620.0,27253,3327.0,6,3326.0,6,nan,0,nan,0,nan,0,nan,0,nan,0,nan,0,nan,0,nan,0
1597988567320587008,1597988567840000000,2020-08-21 13:42:47.840000,3326.0,3371.0,3312.0,3353.0,nan,3335.0,34611,1154583140.0,27253,3327.0,6,3326.0,4,nan,0,nan,0,nan,0,nan,0,nan,0,nan,0,nan,0,nan,0
1597988568321775104,1597988568867000064,2020-08-21 13:42:48.867000,3326.0,3371.0,3312.0,3353.0,nan,3335.0,34611,1154583140.0,27253,3327.0,6,3326.0,11,nan,0,nan,0,nan,0,nan,0,nan,0,nan,0,nan,0,nan,0
1597988569322919936,1597988569844000000,2020-08-21 13:42:49.844000,3326.0,3371.0,3312.0,3353.0,nan,3335.0,34612,1154616400.0,27253,3327.0,6,3326.0,10,nan,0,nan,0,nan,0,nan,0,nan,0,nan,0,nan,0,nan,0
1597988573323545088,1597988573935000064,2020-08-21 13:42:53.935000,3326.0,3371.0,3312.0,3353.0,nan,3335.0,34614,1154682920.0,27254,3327.0,6,3326.0,8,nan,0,nan,0,nan,0,nan,0,nan,0,nan,0,nan,0,nan,0
1597988573820232960,1597988574424999936,2020-08-21 13:42:54.425000,3326.0,3371.0,3312.0,3353.0,nan,3335.0,34614,1154682920.0,27254,3327.0,24,3326.0,8,nan,0,nan,0,nan,0,nan,0,nan,0,nan,0,nan,0,nan,0
1597988574318692096,1597988574739000064,2020-08-21 13:42:54.739000,3326.0,3371.0,3312.0,3353.0,nan,3335.0,34614,1154682920.0,27254,3327.0,29,3326.0,8,nan,0,nan,0,nan,0,nan,0,nan,0,nan,0,nan,0,nan,0
1597988575818966016,1597988576430000128,2020-08-21 13:42:56.430000,3327.0,3371.0,3312.0,3353.0,nan,3335.0,34615,1154716190.0,27254,3327.0,28,3326.0,8,nan,0,nan,0,nan,0,nan,0,nan,0,nan,0,nan,0,nan,0
1597988576321193984,1597988576852000000,2020-08-21 13:42:56.852000,3327.0,3371.0,3312.0,3353.0,nan,3335.0,34616,1154749460.0,27254,3327.0,27,3326.0,9,nan,0,nan,0,nan,0,nan,0,nan,0,nan,0,nan,0,nan,0
1597988577322767104,1597988577888999936,2020-08-21 13:42:57.889000,3327.0,3371.0,3312.0,3353.0,nan,3335.0,34617,1154782730.0,27254,3327.0,26,3326.0,9,nan,0,nan,0,nan,0,nan,0,nan,0,nan,0,nan,0,nan,0
1597988577823489024,1597988578404999936,2020-08-21 13:42:58.405000,3326.0,3371.0,3312.0,3353.0,nan,3335.0,34620,1154882510.0,27255,3327.0,26,3326.0,6,nan,0,nan,0,nan,0,nan,0,nan,0,nan,0,nan,0,nan,0
1597988580322882048,1597988580936999936,2020-08-21 13:43:00.937000,3326.0,3371.0,3312.0,3353.0,nan,3335.0,34620,1154882510.0,27255,3327.0,26,3326.0,11,nan,0,nan,0,nan,0,nan,0,nan,0,nan,0,nan,0,nan,0
1597988581821491968,1597988582431000064,2020-08-21 13:43:02.431000,3327.0,3371.0,3312.0,3353.0,nan,3335.0,34625,1155048860.0,27259,3327.0,22,3326.0,11,nan,0,nan,0,nan,0,nan,0,nan,0,nan,0,nan,0,nan,0
1597988584819278080,1597988585420999936,2020-08-21 13:43:05.421000,3327.0,3371.0,3312.0,3353.0,nan,3335.0,34625,1155048860.0,27259,3327.0,23,3326.0,11,nan,0,nan,0,nan,0,nan,0,nan,0,nan,0,nan,0,nan,0
1597988587348955904,1597988587903000064,2020-08-21 13:43:07.903000,3327.0,3371.0,3312.0,3353.0,nan,3335.0,34628,1155148670.0,27262,3327.0,20,3326.0,18,nan,0,nan,0,nan,0,nan,0,nan,0,nan,0,nan,0,nan,0
1597988590341987072,1597988590812000000,2020-08-21 13:43:10.812000,3327.0,3371.0,3312.0,3353.0,nan,3335.0,34628,1155148670.0,27262,3327.0,21,3326.0,18,nan,0,nan,0,nan,0,nan,0,nan,0,nan,0,nan,0,nan,0
1597988591818556928,1597988592332000000,2020-08-21 13:43:12.332000,3327.0,3371.0,3312.0,3353.0,nan,3335.0,34628,1155148670.0,27262,3327.0,18,3326.0,18,nan,0,nan,0,nan,0,nan,0,nan,0,nan,0,nan,0,nan,0
1597988592823595008,1597988593391000064,2020-08-21 13:43:13.391000,3326.0,3371.0,3312.0,3353.0,nan,3335.0,34630,1155215190.0,27262,3327.0,18,3326.0,16,nan,0,nan,0,nan,0,nan,0,nan,0,nan,0,nan,0,nan,0
1597988594320186112,1597988594877000192,2020-08-21 13:43:14.877000,3326.0,3371.0,3312.0,3353.0,nan,3335.0,34630,1155215190.0,27262,3327.0,19,3326.0,16,nan,0,nan,0,nan,0,nan,0,nan,0,nan,0,nan,0,nan,0
1597988595325731072,1597988595844999936,2020-08-21 13:43:15.845000,3326.0,3371.0,3312.0,3353.0,nan,3335.0,34643,1155647570.0,27255,3326.0,5,3325.0,121,nan,0,nan,0,nan,0,nan,0,nan,0,nan,0,nan,0,nan,0
1597988595818607104,1597988596436999936,2020-08-21 13:43:16.437000,3326.0,3371.0,3312.0,3353.0,nan,3335.0,34644,1155680830.0,27254,3326.0,4,3325.0,82,nan,0,nan,0,nan,0,nan,0,nan,0,nan,0,nan,0,nan,0
1597988596328278016,1597988596901999872,2020-08-21 13:43:16.902000,3326.0,3371.0,3312.0,3353.0,nan,3335.0,34644,1155680830.0,27254,3326.0,4,3325.0,62,nan,0,nan,0,nan,0,nan,0,nan,0,nan,0,nan,0,nan,0
1597988596819983872,1597988597232000000,2020-08-21 13:43:17.232000,3326.0,3371.0,3312.0,3353.0,nan,3335.0,34644,1155680830.0,27254,3326.0,4,3325.0,52,nan,0,nan,0,nan,0,nan,0,nan,0,nan,0,nan,0,nan,0
1597988597818124032,1597988598378000128,2020-08-21 13:43:18.378000,3326.0,3371.0,3312.0,3353.0,nan,3335.0,34644,1155680830.0,27254,3326.0,14,3325.0,52,nan,0,nan,0,nan,0,nan,0,nan,0,nan,0,nan,0,nan,0
1597988599820236032,1597988600427000064,2020-08-21 13:43:20.427000,3326.0,3371.0,3312.0,3353.0,nan,3335.0,34646,1155747350.0,27254,3326.0,12,3325.0,51,nan,0,nan,0,nan,0,nan,0,nan,0,nan,0,nan,0,nan,0
1597988600822409984,1597988601390000128,2020-08-21 13:43:21.390000,3326.0,3371.0,3312.0,3353.0,nan,3335.0,34658,1156146470.0,27254,3327.0,97,3326.0,2,nan,0,nan,0,nan,0,nan,0,nan,0,nan,0,nan,0,nan,0
1597988601320966912,1597988601744000000,2020-08-21 13:43:21.744000,3326.0,3371.0,3312.0,3353.0,nan,3335.0,34658,1156146470.0,27254,3327.0,49,3325.0,121,nan,0,nan,0,nan,0,nan,0,nan,0,nan,0,nan,0,nan,0
1597988601817344000,1597988602244999936,2020-08-21 13:43:22.245000,3326.0,3371.0,3312.0,3353.0,nan,3335.0,34658,1156146470.0,27254,3327.0,21,3326.0,3,nan,0,nan,0,nan,0,nan,0,nan,0,nan,0,nan,0,nan,0
1597988602821774080,1597988603421999872,2020-08-21 13:43:23.422000,3326.0,3371.0,3312.0,3353.0,nan,3335.0,34658,1156146470.0,27254,3327.0,21,3326.0,4,nan,0,nan,0,nan,0,nan,0,nan,0,nan,0,nan,0,nan,0
1597988603820483072,1597988604415000064,2020-08-21 13:43:24.415000,3326.0,3371.0,3312.0,3353.0,nan,3335.0,34659,1156179730.0,27254,3327.0,21,3326.0,3,nan,0,nan,0,nan,0,nan,0,nan,0,nan,0,nan,0,nan,0
1597988604319080960,1597988604928999936,2020-08-21 13:43:24.929000,3326.0,3371.0,3312.0,3353.0,nan,3335.0,34659,1156179730.0,27254,3327.0,21,3326.0,4,nan,0,nan,0,nan,0,nan,0,nan,0,nan,0,nan,0,nan,0
1597988604821871104,1597988605435000064,2020-08-21 13:43:25.435000,3326.0,3371.0,3312.0,3353.0,nan,3335.0,34660,1156212990.0,27254,3327.0,21,3326.0,3,nan,0,nan,0,nan,0,nan,0,nan,0,nan,0,nan,0,nan,0
1597988606319674112,1597988606921999872,2020-08-21 13:43:26.922000,3326.0,3371.0,3312.0,3353.0,nan,3335.0,34663,1156312770.0,27256,3327.0,21,3325.0,121,nan,0,nan,0,nan,0,nan,0,nan,0,nan,0,nan,0,nan,0
1597988606824759040,1597988607342000128,2020-08-21 13:43:27.342000,3326.0,3371.0,3312.0,3353.0,nan,3335.0,34663,1156312770.0,27256,3327.0,21,3325.0,111,nan,0,nan,0,nan,0,nan,0,nan,0,nan,0,nan,0,nan,0
1597988607321964032,1597988607747000064,2020-08-21 13:43:27.747000,3326.0,3371.0,3312.0,3353.0,nan,3335.0,34663,1156312770.0,27256,3327.0,16,3325.0,101,nan,0,nan,0,nan,0,nan,0,nan,0,nan,0,nan,0,nan,0
1597988609321474048,1597988609908999936,2020-08-21 13:43:29.909000,3326.0,3371.0,3312.0,3353.0,nan,3335.0,34663,1156312770.0,27256,3327.0,16,3326.0,1,nan,0,nan,0,nan,0,nan,0,nan,0,nan,0,nan,0,nan,0
1597988610821844992,1597988611404999936,2020-08-21 13:43:31.405000,3326.0,3371.0,3312.0,3353.0,nan,3335.0,34664,1156346030.0,27256,3327.0,16,3325.0,101,nan,0,nan,0,nan,0,nan,0,nan,0,nan,0,nan,0,nan,0
1597988611343488000,1597988611836000000,2020-08-21 13:43:31.836000,3326.0,3371.0,3312.0,3353.0,nan,3335.0,34664,1156346030.0,27256,3327.0,16,3325.0,81,nan,0,nan,0,nan,0,nan,0,nan,0,nan,0,nan,0,nan,0
1597988611822107904,1597988612416999936,2020-08-21 13:43:32.417000,3326.0,3371.0,3312.0,3353.0,nan,3335.0,34664,1156346030.0,27256,3327.0,17,3325.0,101,nan,0,nan,0,nan,0,nan,0,nan,0,nan,0,nan,0,nan,0
1597988612818971904,1597988613321000192,2020-08-21 13:43:33.321000,3326.0,3371.0,3312.0,3353.0,nan,3335.0,34664,1156346030.0,27256,3327.0,16,3325.0,101,nan,0,nan,0,nan,0,nan,0,nan,0,nan,0,nan,0,nan,0
1597988615321318912,1597988615880999936,2020-08-21 13:43:35.881000,3326.0,3371.0,3312.0,3353.0,nan,3335.0,34664,1156346030.0,27256,3327.0,16,3326.0,6,nan,0,nan,0,nan,0,nan,0,nan,0,nan,0,nan,0,nan,0
1597988615821149952,1597988616326999808,2020-08-21 13:43:36.327000,3326.0,3371.0,3312.0,3353.0,nan,3335.0,34665,1156379290.0,27256,3327.0,16,3326.0,5,nan,0,nan,0,nan,0,nan,0,nan,0,nan,0,nan,0,nan,0
1597988616819023104,1597988617324999936,2020-08-21 13:43:37.325000,3326.0,3371.0,3312.0,3353.0,nan,3335.0,34670,1156545590.0,27252,3327.0,16,3326.0,3,nan,0,nan,0,nan,0,nan,0,nan,0,nan,0,nan,0,nan,0
1597988617335219968,1597988617823000064,2020-08-21 13:43:37.823000,3326.0,3371.0,3312.0,3353.0,nan,3335.0,34670,1156545590.0,27252,3327.0,7,3326.0,11,nan,0,nan,0,nan,0,nan,0,nan,0,nan,0,nan,0,nan,0
1597988618320688128,1597988618742000128,2020-08-21 13:43:38.742000,3326.0,3371.0,3312.0,3353.0,nan,3335.0,34670,1156545590.0,27252,3327.0,7,3326.0,13,nan,0,nan,0,nan,0,nan,0,nan,0,nan,0,nan,0,nan,0
1597988618816613888,1597988619324999936,2020-08-21 13:43:39.325000,3326.0,3371.0,3312.0,3353.0,nan,3335.0,34670,1156545590.0,27252,3327.0,7,3326.0,24,nan,0,nan,0,nan,0,nan,0,nan,0,nan,0,nan,0,nan,0
1597988619984816128,1597988620437999872,2020-08-21 13:43:40.438000,3326.0,3371.0,3312.0,3353.0,nan,3335.0,34672,1156612110.0,27254,3327.0,7,3326.0,22,nan,0,nan,0,nan,0,nan,0,nan,0,nan,0,nan,0,nan,0
1597988621319153920,1597988621877000192,2020-08-21 13:43:41.877000,3326.0,3371.0,3312.0,3353.0,nan,3335.0,34672,1156612110.0,27254,3327.0,7,3326.0,23,nan,0,nan,0,nan,0,nan,0,nan,0,nan,0,nan,0,nan,0
1597988621823154944,1597988622424999936,2020-08-21 13:43:42.425000,3326.0,3371.0,3312.0,3353.0,nan,3335.0,34672,1156612110.0,27254,3327.0,7,3326.0,22,nan,0,nan,0,nan,0,nan,0,nan,0,nan,0,nan,0,nan,0
1597988625322355968,1597988625898000128,2020-08-21 13:43:45.898000,3326.0,3371.0,3312.0,3353.0,nan,3335.0,34672,1156612110.0,27254,3327.0,8,3326.0,22,nan,0,nan,0,nan,0,nan,0,nan,0,nan,0,nan,0,nan,0
1597988625817686016,1597988626302000128,2020-08-21 13:43:46.302000,3326.0,3371.0,3312.0,3353.0,nan,3335.0,34672,1156612110.0,27254,3327.0,8,3326.0,23,nan,0,nan,0,nan,0,nan,0,nan,0,nan,0,nan,0,nan,0
1597988628317646080,1597988628927000064,2020-08-21 13:43:48.927000,3326.0,3371.0,3312.0,3353.0,nan,3335.0,34672,1156612110.0,27254,3327.0,18,3326.0,22,nan,0,nan,0,nan,0,nan,0,nan,0,nan,0,nan,0,nan,0
1597988631320141056,1597988631907000064,2020-08-21 13:43:51.907000,3326.0,3371.0,3312.0,3353.0,nan,3335.0,34672,1156612110.0,27254,3327.0,19,3326.0,22,nan,0,nan,0,nan,0,nan,0,nan,0,nan,0,nan,0,nan,0
1597988632334640128,1597988632930000128,2020-08-21 13:43:52.930000,3326.0,3371.0,3312.0,3353.0,nan,3335.0,34672,1156612110.0,27254,3327.0,19,3326.0,23,nan,0,nan,0,nan,0,nan,0,nan,0,nan,0,nan,0,nan,0
1597988644821969920,1597988645424999936,2020-08-21 13:44:05.425000,3326.0,3371.0,3312.0,3353.0,nan,3335.0,34695,1157377090.0,27252,3326.0,11,3325.0,141,nan,0,nan,0,nan,0,nan,0,nan,0,nan,0,nan,0,nan,0
1597988645328653056,1597988645857000192,2020-08-21 13:44:05.857000,3326.0,3371.0,3312.0,3353.0,nan,3335.0,34695,1157377090.0,27252,3326.0,11,3325.0,81,nan,0,nan,0,nan,0,nan,0,nan,0,nan,0,nan,0,nan,0
1597988645820260096,1597988646326999808,2020-08-21 13:44:06.327000,3326.0,3371.0,3312.0,3353.0,nan,3335.0,34695,1157377090.0,27252,3326.0,11,3325.0,61,nan,0,nan,0,nan,0,nan,0,nan,0,nan,0,nan,0,nan,0
1597988646318124032,1597988646826999808,2020-08-21 13:44:06.827000,3326.0,3371.0,3312.0,3353.0,nan,3335.0,34695,1157377090.0,27252,3326.0,18,3325.0,51,nan,0,nan,0,nan,0,nan,0,nan,0,nan,0,nan,0,nan,0
1597988647324396032,1597988647832000000,2020-08-21 13:44:07.832000,3325.0,3371.0,3312.0,3353.0,nan,3335.0,34696,1157410340.0,27253,3326.0,18,3325.0,50,nan,0,nan,0,nan,0,nan,0,nan,0,nan,0,nan,0,nan,0
1597988647819852032,1597988648394000128,2020-08-21 13:44:08.394000,3325.0,3371.0,3312.0,3353.0,nan,3335.0,34696,1157410340.0,27253,3326.0,18,3325.0,30,nan,0,nan,0,nan,0,nan,0,nan,0,nan,0,nan,0,nan,0
1597988649319692032,1597988649932000000,2020-08-21 13:44:09.932000,3325.0,3371.0,3312.0,3353.0,nan,3335.0,34696,1157410340.0,27253,3326.0,18,3325.0,31,nan,0,nan,0,nan,0,nan,0,nan,0,nan,0,nan,0,nan,0
1597988649817832960,1597988650396000000,2020-08-21 13:44:10.396000,3325.0,3371.0,3312.0,3353.0,nan,3335.0,34696,1157410340.0,27253,3326.0,18,3325.0,33,nan,0,nan,0,nan,0,nan,0,nan,0,nan,0,nan,0,nan,0
1597988651818318080,1597988652285000192,2020-08-21 13:44:12.285000,3325.0,3371.0,3312.0,3353.0,nan,3335.0,34696,1157410340.0,27253,3326.0,20,3325.0,33,nan,0,nan,0,nan,0,nan,0,nan,0,nan,0,nan,0,nan,0
1597988658819802880,1597988659323000064,2020-08-21 13:44:19.323000,3325.0,3371.0,3312.0,3353.0,nan,3335.0,34696,1157410340.0,27253,3326.0,22,3325.0,33,nan,0,nan,0,nan,0,nan,0,nan,0,nan,0,nan,0,nan,0
1597988661818913024,1597988662396000000,2020-08-21 13:44:22.396000,3325.0,3371.0,3312.0,3353.0,nan,3335.0,34697,1157443590.0,27254,3326.0,22,3325.0,32,nan,0,nan,0,nan,0,nan,0,nan,0,nan,0,nan,0,nan,0
1597988662340332032,1597988662875000064,2020-08-21 13:44:22.875000,3325.0,3371.0,3312.0,3353.0,nan,3335.0,34697,1157443590.0,27254,3326.0,23,3325.0,32,nan,0,nan,0,nan,0,nan,0,nan,0,nan,0,nan,0,nan,0
1597988666321723904,1597988666936000000,2020-08-21 13:44:26.936000,3325.0,3371.0,3312.0,3353.0,nan,3335.0,34697,1157443590.0,27254,3326.0,21,3325.0,32,nan,0,nan,0,nan,0,nan,0,nan,0,nan,0,nan,0,nan,0
1597988667318630912,1597988667878000128,2020-08-21 13:44:27.878000,3325.0,3371.0,3312.0,3353.0,nan,3335.0,34698,1157476840.0,27255,3326.0,21,3325.0,31,nan,0,nan,0,nan,0,nan,0,nan,0,nan,0,nan,0,nan,0
1597988667820303104,1597988668384999936,2020-08-21 13:44:28.385000,3326.0,3371.0,3312.0,3353.0,nan,3335.0,34699,1157510100.0,27255,3326.0,20,3325.0,31,nan,0,nan,0,nan,0,nan,0,nan,0,nan,0,nan,0,nan,0
1597988668820284928,1597988669387000064,2020-08-21 13:44:29.387000,3326.0,3371.0,3312.0,3353.0,nan,3335.0,34699,1157510100.0,27255,3326.0,20,3325.0,33,nan,0,nan,0,nan,0,nan,0,nan,0,nan,0,nan,0,nan,0
1597988672322672896,1597988672904999936,2020-08-21 13:44:32.905000,3326.0,3371.0,3312.0,3353.0,nan,3335.0,34701,1157576620.0,27253,3326.0,18,3325.0,33,nan,0,nan,0,nan,0,nan,0,nan,0,nan,0,nan,0,nan,0
1597988672820011008,1597988673420000000,2020-08-21 13:44:33.420000,3326.0,3371.0,3312.0,3353.0,nan,3335.0,34711,1157909220.0,27258,3326.0,8,3325.0,33,nan,0,nan,0,nan,0,nan,0,nan,0,nan,0,nan,0,nan,0
1597988674819801088,1597988675375000064,2020-08-21 13:44:35.375000,3325.0,3371.0,3312.0,3353.0,nan,3335.0,34712,1157942470.0,27258,3326.0,8,3325.0,32,nan,0,nan,0,nan,0,nan,0,nan,0,nan,0,nan,0,nan,0
1597988676818105088,1597988677376000000,2020-08-21 13:44:37.376000,3326.0,3371.0,3312.0,3353.0,nan,3335.0,34713,1157975730.0,27258,3326.0,7,3325.0,32,nan,0,nan,0,nan,0,nan,0,nan,0,nan,0,nan,0,nan,0
1597988677324952064,1597988677923000064,2020-08-21 13:44:37.923000,3325.0,3371.0,3312.0,3353.0,nan,3335.0,34715,1158042230.0,27260,3326.0,7,3325.0,30,nan,0,nan,0,nan,0,nan,0,nan,0,nan,0,nan,0,nan,0
1597988681321193984,1597988681879000064,2020-08-21 13:44:41.879000,3326.0,3371.0,3312.0,3353.0,nan,3335.0,34716,1158075490.0,27260,3326.0,3,3325.0,30,nan,0,nan,0,nan,0,nan,0,nan,0,nan,0,nan,0,nan,0
1597988682327877888,1597988682860999936,2020-08-21 13:44:42.861000,3326.0,3371.0,3312.0,3353.0,nan,3335.0,34716,1158075490.0,27260,3326.0,3,3325.0,31,nan,0,nan,0,nan,0,nan,0,nan,0,nan,0,nan,0,nan,0
1597988684819817984,1597988685338000128,2020-08-21 13:44:45.338000,3326.0,3371.0,3312.0,3353.0,nan,3335.0,34717,1158108750.0,27260,3326.0,2,3325.0,31,nan,0,nan,0,nan,0,nan,0,nan,0,nan,0,nan,0,nan,0
1597988689348811008,1597988689882999808,2020-08-21 13:44:49.883000,3325.0,3371.0,3312.0,3353.0,nan,3335.0,34718,1158142000.0,27261,3326.0,2,3325.0,30,nan,0,nan,0,nan,0,nan,0,nan,0,nan,0,nan,0,nan,0
1597988690320329984,1597988690887000064,2020-08-21 13:44:50.887000,3325.0,3371.0,3312.0,3353.0,nan,3335.0,34718,1158142000.0,27261,3326.0,3,3325.0,30,nan,0,nan,0,nan,0,nan,0,nan,0,nan,0,nan,0,nan,0
1597988691320260096,1597988691938999808,2020-08-21 13:44:51.939000,3325.0,3371.0,3312.0,3353.0,nan,3335.0,34718,1158142000.0,27261,3326.0,13,3325.0,30,nan,0,nan,0,nan,0,nan,0,nan,0,nan,0,nan,0,nan,0
1597988691820293888,1597988692411000064,2020-08-21 13:44:52.411000,3325.0,3371.0,3312.0,3353.0,nan,3335.0,34718,1158142000.0,27261,3326.0,20,3325.0,30,nan,0,nan,0,nan,0,nan,0,nan,0,nan,0,nan,0,nan,0
1597988692820113920,1597988693385999872,2020-08-21 13:44:53.386000,3325.0,3371.0,3312.0,3353.0,nan,3335.0,34748,1159139500.0,27241,3325.0,8,3324.0,117,nan,0,nan,0,nan,0,nan,0,nan,0,nan,0,nan,0,nan,0
1597988693321961984,1597988693914000128,2020-08-21 13:44:53.914000,3325.0,3371.0,3312.0,3353.0,nan,3335.0,34748,1159139500.0,27241,3325.0,19,3324.0,46,nan,0,nan,0,nan,0,nan,0,nan,0,nan,0,nan,0,nan,0
1597988693820727040,1597988694345999872,2020-08-21 13:44:54.346000,3325.0,3371.0,3312.0,3353.0,nan,3335.0,34748,1159139500.0,27241,3325.0,19,3324.0,6,nan,0,nan,0,nan,0,nan,0,nan,0,nan,0,nan,0,nan,0
1597988694822168064,1597988695324000000,2020-08-21 13:44:55.324000,3325.0,3371.0,3312.0,3353.0,nan,3335.0,34748,1159139500.0,27241,3325.0,19,3324.0,7,nan,0,nan,0,nan,0,nan,0,nan,0,nan,0,nan,0,nan,0
1597988695347620096,1597988695848999936,2020-08-21 13:44:55.849000,3325.0,3371.0,3312.0,3353.0,nan,3335.0,34748,1159139500.0,27241,3325.0,20,3324.0,7,nan,0,nan,0,nan,0,nan,0,nan,0,nan,0,nan,0,nan,0
1597988695819303936,1597988696416000000,2020-08-21 13:44:56.416000,3325.0,3371.0,3312.0,3353.0,nan,3335.0,34749,1159172750.0,27241,3325.0,20,3324.0,8,nan,0,nan,0,nan,0,nan,0,nan,0,nan,0,nan,0,nan,0
1597988696819691008,1597988697331000064,2020-08-21 13:44:57.331000,3325.0,3371.0,3312.0,3353.0,nan,3335.0,34749,1159172750.0,27241,3325.0,20,3324.0,9,nan,0,nan,0,nan,0,nan,0,nan,0,nan,0,nan,0,nan,0
1597988697319587072,1597988697864999936,2020-08-21 13:44:57.865000,3325.0,3371.0,3312.0,3353.0,nan,3335.0,34749,1159172750.0,27241,3325.0,14,3324.0,9,nan,0,nan,0,nan,0,nan,0,nan,0,nan,0,nan,0,nan,0
1597988700323792896,1597988700935000064,2020-08-21 13:45:00.935000,3324.0,3371.0,3312.0,3353.0,nan,3335.0,34750,1159205990.0,27241,3325.0,14,3324.0,8,nan,0,nan,0,nan,0,nan,0,nan,0,nan,0,nan,0,nan,0
1597988700818853888,1597988701341000192,2020-08-21 13:45:01.341000,3324.0,3371.0,3312.0,3353.0,nan,3335.0,34765,1159704550.0,27242,3325.0,14,3323.0,95,nan,0,nan,0,nan,0,nan,0,nan,0,nan,0,nan,0,nan,0
1597988701346231040,1597988701829999872,2020-08-21 13:45:01.830000,3324.0,3371.0,3312.0,3353.0,nan,3335.0,34765,1159704550.0,27242,3325.0,14,3323.0,75,nan,0,nan,0,nan,0,nan,0,nan,0,nan,0,nan,0,nan,0
1597988701818971904,1597988702403000064,2020-08-21 13:45:02.403000,3324.0,3371.0,3312.0,3353.0,nan,3335.0,34765,1159704550.0,27242,3325.0,14,3323.0,65,nan,0,nan,0,nan,0,nan,0,nan,0,nan,0,nan,0,nan,0
1597988702318286080,1597988702826999808,2020-08-21 13:45:02.827000,3324.0,3371.0,3312.0,3353.0,nan,3335.0,34765,1159704550.0,27242,3325.0,15,3323.0,65,nan,0,nan,0,nan,0,nan,0,nan,0,nan,0,nan,0,nan,0
1597988702820333056,1597988703329999872,2020-08-21 13:45:03.330000,3325.0,3371.0,3312.0,3353.0,nan,3335.0,34766,1159737800.0,27242,3325.0,15,3324.0,7,nan,0,nan,0,nan,0,nan,0,nan,0,nan,0,nan,0,nan,0
1597988703319172096,1597988703916000000,2020-08-21 13:45:03.916000,3325.0,3371.0,3312.0,3353.0,nan,3335.0,34766,1159737800.0,27242,3325.0,16,3324.0,7,nan,0,nan,0,nan,0,nan,0,nan,0,nan,0,nan,0,nan,0
1597988704819585024,1597988705410000128,2020-08-21 13:45:05.410000,3325.0,3371.0,3312.0,3353.0,nan,3335.0,34766,1159737800.0,27242,3325.0,20,3324.0,7,nan,0,nan,0,nan,0,nan,0,nan,0,nan,0,nan,0,nan,0
1597988705319469056,1597988705910000128,2020-08-21 13:45:05.910000,3325.0,3371.0,3312.0,3353.0,nan,3335.0,34766,1159737800.0,27242,3324.0,1,3323.0,95,nan,0,nan,0,nan,0,nan,0,nan,0,nan,0,nan,0,nan,0
1597988705819724032,1597988706414000128,2020-08-21 13:45:06.414000,3325.0,3371.0,3312.0,3353.0,nan,3335.0,34766,1159737800.0,27242,3324.0,7,3323.0,35,nan,0,nan,0,nan,0,nan,0,nan,0,nan,0,nan,0,nan,0
1597988706324055040,1597988706831000064,2020-08-21 13:45:06.831000,3325.0,3371.0,3312.0,3353.0,nan,3335.0,34766,1159737800.0,27242,3324.0,14,3323.0,4,nan,0,nan,0,nan,0,nan,0,nan,0,nan,0,nan,0,nan,0
1597988706821746944,1597988707339000064,2020-08-21 13:45:07.339000,3325.0,3371.0,3312.0,3353.0,nan,3335.0,34766,1159737800.0,27242,3324.0,15,3323.0,4,nan,0,nan,0,nan,0,nan,0,nan,0,nan,0,nan,0,nan,0
1597988707339699968,1597988707937999872,2020-08-21 13:45:07.938000,3324.0,3371.0,3312.0,3353.0,nan,3335.0,34771,1159904000.0,27244,3324.0,10,3323.0,13,nan,0,nan,0,nan,0,nan,0,nan,0,nan,0,nan,0,nan,0
1597988707822170880,1597988708395000064,2020-08-21 13:45:08.395000,3324.0,3371.0,3312.0,3353.0,nan,3335.0,34782,1160269640.0,27252,3325.0,110,3324.0,13,nan,0,nan,0,nan,0,nan,0,nan,0,nan,0,nan,0,nan,0
1597988708321300992,1597988708743000064,2020-08-21 13:45:08.743000,3324.0,3371.0,3312.0,3353.0,nan,3335.0,34783,1160302880.0,27252,3325.0,60,3324.0,13,nan,0,nan,0,nan,0,nan,0,nan,0,nan,0,nan,0,nan,0
1597988708831535104,1597988709357000192,2020-08-21 13:45:09.357000,3324.0,3371.0,3312.0,3353.0,nan,3335.0,34783,1160302880.0,27252,3325.0,41,3324.0,13,nan,0,nan,0,nan,0,nan,0,nan,0,nan,0,nan,0,nan,0
1597988709321192960,1597988709732999936,2020-08-21 13:45:09.733000,3324.0,3371.0,3312.0,3353.0,nan,3335.0,34783,1160302880.0,27252,3325.0,21,3324.0,13,nan,0,nan,0,nan,0,nan,0,nan,0,nan,0,nan,0,nan,0
1597988711319995904,1597988711891000064,2020-08-21 13:45:11.891000,3324.0,3371.0,3312.0,3353.0,nan,3335.0,34784,1160336120.0,27253,3325.0,21,3324.0,12,nan,0,nan,0,nan,0,nan,0,nan,0,nan,0,nan,0,nan,0
1597988711820199936,1597988712428000000,2020-08-21 13:45:12.428000,3324.0,3371.0,3312.0,3353.0,nan,3335.0,34792,1160602040.0,27261,3325.0,21,3324.0,4,nan,0,nan,0,nan,0,nan,0,nan,0,nan,0,nan,0,nan,0
1597988712820558080,1597988713415000064,2020-08-21 13:45:13.415000,3325.0,3371.0,3312.0,3353.0,nan,3335.0,34794,1160668540.0,27263,3325.0,19,3324.0,3,nan,0,nan,0,nan,0,nan,0,nan,0,nan,0,nan,0,nan,0
1597988713820948992,1597988714323000064,2020-08-21 13:45:14.323000,3325.0,3371.0,3312.0,3353.0,nan,3335.0,34794,1160668540.0,27263,3325.0,21,3324.0,3,nan,0,nan,0,nan,0,nan,0,nan,0,nan,0,nan,0,nan,0
1597988714821235968,1597988715325999872,2020-08-21 13:45:15.326000,3325.0,3371.0,3312.0,3353.0,nan,3335.0,34794,1160668540.0,27263,3325.0,22,3324.0,3,nan,0,nan,0,nan,0,nan,0,nan,0,nan,0,nan,0,nan,0
1597988718823841024,1597988719404999936,2020-08-21 13:45:19.405000,3324.0,3371.0,3312.0,3353.0,nan,3335.0,34797,1160768260.0,27265,3324.0,2,3323.0,104,nan,0,nan,0,nan,0,nan,0,nan,0,nan,0,nan,0,nan,0
1597988719339529984,1597988719860000000,2020-08-21 13:45:19.860000,3324.0,3371.0,3312.0,3353.0,nan,3335.0,34797,1160768260.0,27265,3324.0,3,3323.0,43,nan,0,nan,0,nan,0,nan,0,nan,0,nan,0,nan,0,nan,0
1597988719819447040,1597988720438999808,2020-08-21 13:45:20.439000,3324.0,3371.0,3312.0,3353.0,nan,3335.0,34797,1160768260.0,27265,3324.0,3,3323.0,14,nan,0,nan,0,nan,0,nan,0,nan,0,nan,0,nan,0,nan,0
1597988720320569088,1597988720921999872,2020-08-21 13:45:20.922000,3324.0,3371.0,3312.0,3353.0,nan,3335.0,34797,1160768260.0,27265,3325.0,122,3324.0,17,nan,0,nan,0,nan,0,nan,0,nan,0,nan,0,nan,0,nan,0
1597988720816876032,1597988721328000000,2020-08-21 13:45:21.328000,3324.0,3371.0,3312.0,3353.0,nan,3335.0,34797,1160768260.0,27265,3325.0,82,3324.0,17,nan,0,nan,0,nan,0,nan,0,nan,0,nan,0,nan,0,nan,0
1597988721319575040,1597988721828000000,2020-08-21 13:45:21.828000,3325.0,3371.0,3312.0,3353.0,nan,3335.0,34859,1162829760.0,27313,3326.0,95,3325.0,12,nan,0,nan,0,nan,0,nan,0,nan,0,nan,0,nan,0,nan,0
1597988721825697024,1597988722392999936,2020-08-21 13:45:22.393000,3326.0,3371.0,3312.0,3353.0,nan,3335.0,34869,1163162360.0,27320,3326.0,14,3325.0,31,nan,0,nan,0,nan,0,nan,0,nan,0,nan,0,nan,0,nan,0
1597988722374106112,1597988722862999808,2020-08-21 13:45:22.863000,3325.0,3371.0,3312.0,3353.0,nan,3335.0,34897,1164093490.0,27300,3326.0,2,3325.0,15,nan,0,nan,0,nan,0,nan,0,nan,0,nan,0,nan,0,nan,0
1597988722819098880,1597988723328999936,2020-08-21 13:45:23.329000,3326.0,3371.0,3312.0,3353.0,nan,3335.0,34905,1164359570.0,27305,3326.0,3,3325.0,15,nan,0,nan,0,nan,0,nan,0,nan,0,nan,0,nan,0,nan,0
1597988723316763904,1597988723748000000,2020-08-21 13:45:23.748000,3326.0,3371.0,3312.0,3353.0,nan,3335.0,34905,1164359570.0,27305,3326.0,11,3325.0,15,nan,0,nan,0,nan,0,nan,0,nan,0,nan,0,nan,0,nan,0
1597988728326023936,1597988728895000064,2020-08-21 13:45:28.895000,3326.0,3371.0,3312.0,3353.0,nan,3335.0,34912,1164592370.0,27310,3326.0,6,3325.0,13,nan,0,nan,0,nan,0,nan,0,nan,0,nan,0,nan,0,nan,0
1597988731326501888,1597988731916000000,2020-08-21 13:45:31.916000,3326.0,3371.0,3312.0,3353.0,nan,3335.0,34913,1164625630.0,27310,3326.0,5,3325.0,12,nan,0,nan,0,nan,0,nan,0,nan,0,nan,0,nan,0,nan,0
1597988731821825024,1597988732424000000,2020-08-21 13:45:32.424000,3326.0,3371.0,3312.0,3353.0,nan,3335.0,34918,1164791930.0,27314,3326.0,2,3325.0,13,nan,0,nan,0,nan,0,nan,0,nan,0,nan,0,nan,0,nan,0
1597988732346991104,1597988732832000000,2020-08-21 13:45:32.832000,3325.0,3371.0,3312.0,3353.0,nan,3335.0,34919,1164825180.0,27314,3326.0,9,3325.0,12,nan,0,nan,0,nan,0,nan,0,nan,0,nan,0,nan,0,nan,0
1597988736320130048,1597988736933000192,2020-08-21 13:45:36.933000,3325.0,3371.0,3312.0,3353.0,nan,3335.0,34920,1164858430.0,27314,3326.0,9,3325.0,11,nan,0,nan,0,nan,0,nan,0,nan,0,nan,0,nan,0,nan,0
1597988738318928896,1597988738736000000,2020-08-21 13:45:38.736000,3326.0,3371.0,3312.0,3353.0,nan,3335.0,34921,1164891690.0,27313,3326.0,8,3325.0,11,nan,0,nan,0,nan,0,nan,0,nan,0,nan,0,nan,0,nan,0
1597988739319262976,1597988739916999936,2020-08-21 13:45:39.917000,3326.0,3371.0,3312.0,3353.0,nan,3335.0,34921,1164891690.0,27313,3326.0,8,3325.0,12,nan,0,nan,0,nan,0,nan,0,nan,0,nan,0,nan,0,nan,0
1597988743819310080,1597988744248000000,2020-08-21 13:45:44.248000,3326.0,3371.0,3312.0,3353.0,nan,3335.0,34921,1164891690.0,27313,3326.0,8,3325.0,22,nan,0,nan,0,nan,0,nan,0,nan,0,nan,0,nan,0,nan,0
1597988744320498944,1597988744823000064,2020-08-21 13:45:44.823000,3325.0,3371.0,3312.0,3353.0,nan,3335.0,34922,1164924940.0,27312,3326.0,11,3325.0,11,nan,0,nan,0,nan,0,nan,0,nan,0,nan,0,nan,0,nan,0
1597988744818830080,1597988745328000000,2020-08-21 13:45:45.328000,3325.0,3371.0,3312.0,3353.0,nan,3335.0,34922,1164924940.0,27312,3326.0,11,3325.0,8,nan,0,nan,0,nan,0,nan,0,nan,0,nan,0,nan,0,nan,0
1597988746322017024,1597988746916000000,2020-08-21 13:45:46.916000,3325.0,3371.0,3312.0,3353.0,nan,3335.0,34923,1164958190.0,27313,3326.0,11,3324.0,134,nan,0,nan,0,nan,0,nan,0,nan,0,nan,0,nan,0,nan,0
1597988746817882112,1597988747407000064,2020-08-21 13:45:47.407000,3325.0,3371.0,3312.0,3353.0,nan,3335.0,34923,1164958190.0,27313,3326.0,14,3324.0,124,nan,0,nan,0,nan,0,nan,0,nan,0,nan,0,nan,0,nan,0
1597988751317496064,1597988751936999936,2020-08-21 13:45:51.937000,3325.0,3371.0,3312.0,3353.0,nan,3335.0,34923,1164958190.0,27313,3326.0,11,3325.0,3,nan,0,nan,0,nan,0,nan,0,nan,0,nan,0,nan,0,nan,0
1597988751818544896,1597988752324000000,2020-08-21 13:45:52.324000,3326.0,3371.0,3312.0,3353.0,nan,3335.0,34926,1165057970.0,27315,3326.0,8,3325.0,12,nan,0,nan,0,nan,0,nan,0,nan,0,nan,0,nan,0,nan,0
1597988752817683968,1597988753342000128,2020-08-21 13:45:53.342000,3326.0,3371.0,3312.0,3353.0,nan,3335.0,34926,1165057970.0,27315,3326.0,8,3325.0,14,nan,0,nan,0,nan,0,nan,0,nan,0,nan,0,nan,0,nan,0
1597988754321635072,1597988754928999936,2020-08-21 13:45:54.929000,3326.0,3371.0,3312.0,3353.0,nan,3335.0,34926,1165057970.0,27315,3326.0,8,3325.0,15,nan,0,nan,0,nan,0,nan,0,nan,0,nan,0,nan,0,nan,0
1597988755819184896,1597988756436999936,2020-08-21 13:45:56.437000,3326.0,3371.0,3312.0,3353.0,nan,3335.0,34926,1165057970.0,27315,3326.0,8,3325.0,22,nan,0,nan,0,nan,0,nan,0,nan,0,nan,0,nan,0,nan,0
1597988756327992064,1597988756880999936,2020-08-21 13:45:56.881000,3326.0,3371.0,3312.0,3353.0,nan,3335.0,34926,1165057970.0,27315,3326.0,8,3325.0,23,nan,0,nan,0,nan,0,nan,0,nan,0,nan,0,nan,0,nan,0
1597988758336062976,1597988758860999936,2020-08-21 13:45:58.861000,3326.0,3371.0,3312.0,3353.0,nan,3335.0,34926,1165057970.0,27315,3326.0,8,3325.0,24,nan,0,nan,0,nan,0,nan,0,nan,0,nan,0,nan,0,nan,0
1597988760342220032,1597988760915000064,2020-08-21 13:46:00.915000,3326.0,3371.0,3312.0,3353.0,nan,3335.0,34926,1165057970.0,27315,3326.0,9,3325.0,22,nan,0,nan,0,nan,0,nan,0,nan,0,nan,0,nan,0,nan,0
1597988763819130112,1597988764387000064,2020-08-21 13:46:04.387000,3325.0,3371.0,3312.0,3353.0,nan,3335.0,34936,1165390470.0,27325,3326.0,9,3325.0,2,nan,0,nan,0,nan,0,nan,0,nan,0,nan,0,nan,0,nan,0
1597988764351898880,1597988764936999936,2020-08-21 13:46:04.937000,3325.0,3371.0,3312.0,3353.0,nan,3335.0,34936,1165390470.0,27325,3326.0,18,3325.0,2,nan,0,nan,0,nan,0,nan,0,nan,0,nan,0,nan,0,nan,0
1597988768335738112,1597988768898000128,2020-08-21 13:46:08.898000,3325.0,3371.0,3312.0,3353.0,nan,3335.0,34936,1165390470.0,27325,3326.0,18,3325.0,8,nan,0,nan,0,nan,0,nan,0,nan,0,nan,0,nan,0,nan,0
1597988768822125056,1597988769403000064,2020-08-21 13:46:09.403000,3325.0,3371.0,3312.0,3353.0,nan,3335.0,34937,1165423720.0,27325,3326.0,18,3325.0,7,nan,0,nan,0,nan,0,nan,0,nan,0,nan,0,nan,0,nan,0
1597988769319201024,1597988769877000192,2020-08-21 13:46:09.877000,3326.0,3371.0,3312.0,3353.0,nan,3335.0,34944,1165656540.0,27332,3326.0,11,3325.0,7,nan,0,nan,0,nan,0,nan,0,nan,0,nan,0,nan,0,nan,0
1597988769820892928,1597988770433000192,2020-08-21 13:46:10.433000,3326.0,3371.0,3312.0,3353.0,nan,3335.0,34944,1165656540.0,27332,3326.0,18,3325.0,7,nan,0,nan,0,nan,0,nan,0,nan,0,nan,0,nan,0,nan,0
1597988772318704896,1597988772884999936,2020-08-21 13:46:12.885000,3325.0,3371.0,3312.0,3353.0,nan,3335.0,34945,1165689790.0,27333,3326.0,18,3325.0,6,nan,0,nan,0,nan,0,nan,0,nan,0,nan,0,nan,0,nan,0
1597988777318514944,1597988777823000064,2020-08-21 13:46:17.823000,3325.0,3371.0,3312.0,3353.0,nan,3335.0,34945,1165689790.0,27333,3326.0,18,3325.0,7,nan,0,nan,0,nan,0,nan,0,nan,0,nan,0,nan,0,nan,0
1597988777816517120,1597988778431000064,2020-08-21 13:46:18.431000,3325.0,3371.0,3312.0,3353.0,nan,3335.0,34945,1165689790.0,27333,3326.0,18,3325.0,15,nan,0,nan,0,nan,0,nan,0,nan,0,nan,0,nan,0,nan,0
1597988778820275968,1597988779388000000,2020-08-21 13:46:19.388000,3325.0,3371.0,3312.0,3353.0,nan,3335.0,34945,1165689790.0,27333,3326.0,28,3325.0,16,nan,0,nan,0,nan,0,nan,0,nan,0,nan,0,nan,0,nan,0
1597988779817786112,1597988780324999936,2020-08-21 13:46:20.325000,3325.0,3371.0,3312.0,3353.0,nan,3335.0,34945,1165689790.0,27333,3326.0,28,3325.0,15,nan,0,nan,0,nan,0,nan,0,nan,0,nan,0,nan,0,nan,0
1597988781322054912,1597988781931000064,2020-08-21 13:46:21.931000,3325.0,3371.0,3312.0,3353.0,nan,3335.0,34946,1165723040.0,27333,3326.0,28,3325.0,6,nan,0,nan,0,nan,0,nan,0,nan,0,nan,0,nan,0,nan,0
1597988782818505984,1597988783415000064,2020-08-21 13:46:23.415000,3326.0,3371.0,3312.0,3353.0,nan,3335.0,34953,1165955860.0,27334,3326.0,21,3325.0,7,nan,0,nan,0,nan,0,nan,0,nan,0,nan,0,nan,0,nan,0
1597988794338554112,1597988794938999808,2020-08-21 13:46:34.939000,3326.0,3371.0,3312.0,3353.0,nan,3335.0,34953,1165955860.0,27334,3326.0,21,3325.0,8,nan,0,nan,0,nan,0,nan,0,nan,0,nan,0,nan,0,nan,0
1597988794818334976,1597988795323000064,2020-08-21 13:46:35.323000,3326.0,3371.0,3312.0,3353.0,nan,3335.0,34953,1165955860.0,27334,3326.0,21,3325.0,15,nan,0,nan,0,nan,0,nan,0,nan,0,nan,0,nan,0,nan,0
1597988795344389888,1597988795840000000,2020-08-21 13:46:35.840000,3326.0,3371.0,3312.0,3353.0,nan,3335.0,34953,1165955860.0,27334,3326.0,21,3325.0,18,nan,0,nan,0,nan,0,nan,0,nan,0,nan,0,nan,0,nan,0
1597988795819218944,1597988796418999808,2020-08-21 13:46:36.419000,3326.0,3371.0,3312.0,3353.0,nan,3335.0,34967,1166421500.0,27327,3327.0,133,3326.0,1,nan,0,nan,0,nan,0,nan,0,nan,0,nan,0,nan,0,nan,0
1597988796317836032,1597988796877000192,2020-08-21 13:46:36.877000,3326.0,3371.0,3312.0,3353.0,nan,3335.0,34967,1166421500.0,27327,3327.0,69,3326.0,6,nan,0,nan,0,nan,0,nan,0,nan,0,nan,0,nan,0,nan,0
1597988796820069120,1597988797348000000,2020-08-21 13:46:37.348000,3326.0,3371.0,3312.0,3353.0,nan,3335.0,34967,1166421500.0,27327,3327.0,29,3326.0,6,nan,0,nan,0,nan,0,nan,0,nan,0,nan,0,nan,0,nan,0
1597988797328765952,1597988797854000128,2020-08-21 13:46:37.854000,3326.0,3371.0,3312.0,3353.0,nan,3335.0,34967,1166421500.0,27327,3327.0,19,3326.0,13,nan,0,nan,0,nan,0,nan,0,nan,0,nan,0,nan,0,nan,0
1597988797823730944,1597988798361999872,2020-08-21 13:46:38.362000,3326.0,3371.0,3312.0,3353.0,nan,3335.0,34967,1166421500.0,27327,3327.0,19,3326.0,14,nan,0,nan,0,nan,0,nan,0,nan,0,nan,0,nan,0,nan,0
1597988798320278016,1597988798880000000,2020-08-21 13:46:38.880000,3326.0,3371.0,3312.0,3353.0,nan,3335.0,34967,1166421500.0,27327,3327.0,19,3326.0,13,nan,0,nan,0,nan,0,nan,0,nan,0,nan,0,nan,0,nan,0
1597988798818231040,1597988799368999936,2020-08-21 13:46:39.369000,3326.0,3371.0,3312.0,3353.0,nan,3335.0,34967,1166421500.0,27327,3327.0,20,3326.0,13,nan,0,nan,0,nan,0,nan,0,nan,0,nan,0,nan,0,nan,0
1597988799816745984,1597988800400999936,2020-08-21 13:46:40.401000,3326.0,3371.0,3312.0,3353.0,nan,3335.0,34970,1166521280.0,27326,3326.0,6,3325.0,118,nan,0,nan,0,nan,0,nan,0,nan,0,nan,0,nan,0,nan,0
1597988800337164032,1597988800823000064,2020-08-21 13:46:40.823000,3326.0,3371.0,3312.0,3353.0,nan,3335.0,34970,1166521280.0,27326,3326.0,6,3325.0,68,nan,0,nan,0,nan,0,nan,0,nan,0,nan,0,nan,0,nan,0
1597988800822533888,1597988801323000064,2020-08-21 13:46:41.323000,3326.0,3371.0,3312.0,3353.0,nan,3335.0,34970,1166521280.0,27326,3326.0,6,3325.0,48,nan,0,nan,0,nan,0,nan,0,nan,0,nan,0,nan,0,nan,0
1597988801319889920,1597988801904999936,2020-08-21 13:46:41.905000,3326.0,3371.0,3312.0,3353.0,nan,3335.0,34970,1166521280.0,27326,3326.0,15,3325.0,15,nan,0,nan,0,nan,0,nan,0,nan,0,nan,0,nan,0,nan,0
1597988802817207040,1597988803352000000,2020-08-21 13:46:43.352000,3326.0,3371.0,3312.0,3353.0,nan,3335.0,34975,1166687580.0,27326,3326.0,2,3325.0,18,nan,0,nan,0,nan,0,nan,0,nan,0,nan,0,nan,0,nan,0
1597988803352325888,1597988803857000192,2020-08-21 13:46:43.857000,3326.0,3371.0,3312.0,3353.0,nan,3335.0,34976,1166720840.0,27325,3327.0,111,3326.0,4,nan,0,nan,0,nan,0,nan,0,nan,0,nan,0,nan,0,nan,0
1597988803821413120,1597988804407000064,2020-08-21 13:46:44.407000,3326.0,3371.0,3312.0,3353.0,nan,3335.0,34976,1166720840.0,27325,3327.0,51,3326.0,6,nan,0,nan,0,nan,0,nan,0,nan,0,nan,0,nan,0,nan,0
1597988804319313920,1597988804846999808,2020-08-21 13:46:44.847000,3326.0,3371.0,3312.0,3353.0,nan,3335.0,34976,1166720840.0,27325,3327.0,41,3326.0,6,nan,0,nan,0,nan,0,nan,0,nan,0,nan,0,nan,0,nan,0
1597988804817921024,1597988805324999936,2020-08-21 13:46:45.325000,3326.0,3371.0,3312.0,3353.0,nan,3335.0,34976,1166720840.0,27325,3327.0,21,3326.0,13,nan,0,nan,0,nan,0,nan,0,nan,0,nan,0,nan,0,nan,0
1597988806340207104,1597988806898999808,2020-08-21 13:46:46.899000,3326.0,3371.0,3312.0,3353.0,nan,3335.0,34980,1166853880.0,27328,3327.0,22,3326.0,10,nan,0,nan,0,nan,0,nan,0,nan,0,nan,0,nan,0,nan,0
1597988807316669952,1597988807904999936,2020-08-21 13:46:47.905000,3327.0,3371.0,3312.0,3353.0,nan,3335.0,34981,1166887150.0,27327,3327.0,21,3326.0,10,nan,0,nan,0,nan,0,nan,0,nan,0,nan,0,nan,0,nan,0
1597988807819636992,1597988808326999808,2020-08-21 13:46:48.327000,3327.0,3371.0,3312.0,3353.0,nan,3335.0,34981,1166887150.0,27327,3327.0,17,3326.0,10,nan,0,nan,0,nan,0,nan,0,nan,0,nan,0,nan,0,nan,0
1597988808318278912,1597988808933000192,2020-08-21 13:46:48.933000,3327.0,3371.0,3312.0,3353.0,nan,3335.0,34981,1166887150.0,27327,3327.0,16,3326.0,10,nan,0,nan,0,nan,0,nan,0,nan,0,nan,0,nan,0,nan,0
1597988813334475008,1597988813874000128,2020-08-21 13:46:53.874000,3327.0,3371.0,3312.0,3353.0,nan,3335.0,34981,1166887150.0,27327,3327.0,18,3326.0,10,nan,0,nan,0,nan,0,nan,0,nan,0,nan,0,nan,0,nan,0
1597988813817250048,1597988814414000128,2020-08-21 13:46:54.414000,3326.0,3371.0,3312.0,3353.0,nan,3335.0,34982,1166920410.0,27328,3327.0,18,3326.0,1,nan,0,nan,0,nan,0,nan,0,nan,0,nan,0,nan,0,nan,0
1597988814320764928,1597988814927000064,2020-08-21 13:46:54.927000,3326.0,3371.0,3312.0,3353.0,nan,3335.0,34983,1166953670.0,27327,3327.0,18,3325.0,89,nan,0,nan,0,nan,0,nan,0,nan,0,nan,0,nan,0,nan,0
1597988814817947904,1597988815404000000,2020-08-21 13:46:55.404000,3326.0,3371.0,3312.0,3353.0,nan,3335.0,34983,1166953670.0,27327,3326.0,1,3325.0,100,nan,0,nan,0,nan,0,nan,0,nan,0,nan,0,nan,0,nan,0
1597988815333563904,1597988815924999936,2020-08-21 13:46:55.925000,3326.0,3371.0,3312.0,3353.0,nan,3335.0,34984,1166986930.0,27327,3327.0,88,3326.0,2,nan,0,nan,0,nan,0,nan,0,nan,0,nan,0,nan,0,nan,0
1597988815818273024,1597988816338000128,2020-08-21 13:46:56.338000,3326.0,3371.0,3312.0,3353.0,nan,3335.0,34984,1166986930.0,27327,3327.0,38,3326.0,5,nan,0,nan,0,nan,0,nan,0,nan,0,nan,0,nan,0,nan,0
1597988816321641984,1597988816920000000,2020-08-21 13:46:56.920000,3326.0,3371.0,3312.0,3353.0,nan,3335.0,34984,1166986930.0,27327,3327.0,18,3326.0,12,nan,0,nan,0,nan,0,nan,0,nan,0,nan,0,nan,0,nan,0
1597988816821522944,1597988817413000192,2020-08-21 13:46:57.413000,3327.0,3371.0,3312.0,3353.0,nan,3335.0,34985,1167020200.0,27328,3327.0,17,3326.0,12,nan,0,nan,0,nan,0,nan,0,nan,0,nan,0,nan,0,nan,0
1597988818826283008,1597988819368999936,2020-08-21 13:46:59.369000,3327.0,3371.0,3312.0,3353.0,nan,3335.0,34985,1167020200.0,27328,3327.0,17,3326.0,13,nan,0,nan,0,nan,0,nan,0,nan,0,nan,0,nan,0,nan,0
1597988819328947968,1597988819834000128,2020-08-21 13:46:59.834000,3327.0,3371.0,3312.0,3353.0,nan,3335.0,34985,1167020200.0,27328,3327.0,22,3326.0,13,nan,0,nan,0,nan,0,nan,0,nan,0,nan,0,nan,0,nan,0
1597988819818824960,1597988820414000128,2020-08-21 13:47:00.414000,3327.0,3371.0,3312.0,3353.0,nan,3335.0,34986,1167053470.0,27328,3327.0,21,3326.0,13,nan,0,nan,0,nan,0,nan,0,nan,0,nan,0,nan,0,nan,0
1597988823326092032,1597988823933000192,2020-08-21 13:47:03.933000,3327.0,3371.0,3312.0,3353.0,nan,3335.0,34986,1167053470.0,27328,3327.0,21,3326.0,14,nan,0,nan,0,nan,0,nan,0,nan,0,nan,0,nan,0,nan,0
1597988824333011968,1597988824834000128,2020-08-21 13:47:04.834000,3327.0,3371.0,3312.0,3353.0,nan,3335.0,34986,1167053470.0,27328,3327.0,21,3326.0,13,nan,0,nan,0,nan,0,nan,0,nan,0,nan,0,nan,0,nan,0
1597988828821940992,1597988829328000000,2020-08-21 13:47:09.328000,3327.0,3371.0,3312.0,3353.0,nan,3335.0,34987,1167086740.0,27329,3327.0,20,3326.0,13,nan,0,nan,0,nan,0,nan,0,nan,0,nan,0,nan,0,nan,0
1597988836347102976,1597988836877000192,2020-08-21 13:47:16.877000,3327.0,3371.0,3312.0,3353.0,nan,3335.0,34987,1167086740.0,27329,3327.0,20,3326.0,16,nan,0,nan,0,nan,0,nan,0,nan,0,nan,0,nan,0,nan,0
1597988836819860992,1597988837379000064,2020-08-21 13:47:17.379000,3327.0,3371.0,3312.0,3353.0,nan,3335.0,34987,1167086740.0,27329,3327.0,20,3326.0,17,nan,0,nan,0,nan,0,nan,0,nan,0,nan,0,nan,0,nan,0
1597988839823024896,1597988840423000064,2020-08-21 13:47:20.423000,3327.0,3371.0,3312.0,3353.0,nan,3335.0,34987,1167086740.0,27329,3327.0,20,3326.0,19,nan,0,nan,0,nan,0,nan,0,nan,0,nan,0,nan,0,nan,0
1597988840821043968,1597988841380999936,2020-08-21 13:47:21.381000,3327.0,3371.0,3312.0,3353.0,nan,3335.0,34988,1167120010.0,27329,3327.0,19,3326.0,19,nan,0,nan,0,nan,0,nan,0,nan,0,nan,0,nan,0,nan,0
1597988841334336000,1597988841930000128,2020-08-21 13:47:21.930000,3327.0,3371.0,3312.0,3353.0,nan,3335.0,34988,1167120010.0,27329,3327.0,19,3326.0,20,nan,0,nan,0,nan,0,nan,0,nan,0,nan,0,nan,0,nan,0
1597988844820393984,1597988845430000128,2020-08-21 13:47:25.430000,3327.0,3371.0,3312.0,3353.0,nan,3335.0,34988,1167120010.0,27329,3327.0,19,3326.0,21,nan,0,nan,0,nan,0,nan,0,nan,0,nan,0,nan,0,nan,0
1597988845330732032,1597988845743000064,2020-08-21 13:47:25.743000,3327.0,3371.0,3312.0,3353.0,nan,3335.0,34988,1167120010.0,27329,3327.0,17,3326.0,21,nan,0,nan,0,nan,0,nan,0,nan,0,nan,0,nan,0,nan,0
1597988855322708992,1597988855928000000,2020-08-21 13:47:35.928000,3327.0,3371.0,3312.0,3353.0,nan,3335.0,34988,1167120010.0,27329,3327.0,27,3326.0,21,nan,0,nan,0,nan,0,nan,0,nan,0,nan,0,nan,0,nan,0
1597988866818558976,1597988867248000000,2020-08-21 13:47:47.248000,3326.0,3371.0,3312.0,3353.0,nan,3335.0,34990,1167186530.0,27329,3327.0,27,3326.0,19,nan,0,nan,0,nan,0,nan,0,nan,0,nan,0,nan,0,nan,0
1597988867320883968,1597988867744999936,2020-08-21 13:47:47.745000,3326.0,3371.0,3312.0,3353.0,nan,3335.0,34990,1167186530.0,27329,3327.0,27,3326.0,21,nan,0,nan,0,nan,0,nan,0,nan,0,nan,0,nan,0,nan,0
1597988868820503040,1597988869378000128,2020-08-21 13:47:49.378000,3327.0,3371.0,3312.0,3353.0,nan,3335.0,34996,1167386150.0,27335,3327.0,20,3326.0,21,nan,0,nan,0,nan,0,nan,0,nan,0,nan,0,nan,0,nan,0
1597988869325931008,1597988869823000064,2020-08-21 13:47:49.823000,3327.0,3371.0,3312.0,3353.0,nan,3335.0,35004,1167652310.0,27339,3327.0,12,3326.0,22,nan,0,nan,0,nan,0,nan,0,nan,0,nan,0,nan,0,nan,0
1597988870322885120,1597988870887000064,2020-08-21 13:47:50.887000,3327.0,3371.0,3312.0,3353.0,nan,3335.0,35016,1168051550.0,27341,3328.0,118,3327.0,5,nan,0,nan,0,nan,0,nan,0,nan,0,nan,0,nan,0,nan,0
1597988870822523904,1597988871400000000,2020-08-21 13:47:51.400000,3327.0,3371.0,3312.0,3353.0,nan,3335.0,35016,1168051550.0,27341,3328.0,58,3327.0,6,nan,0,nan,0,nan,0,nan,0,nan,0,nan,0,nan,0,nan,0
1597988871317257984,1597988871747000064,2020-08-21 13:47:51.747000,3327.0,3371.0,3312.0,3353.0,nan,3335.0,35016,1168051550.0,27341,3328.0,48,3327.0,6,nan,0,nan,0,nan,0,nan,0,nan,0,nan,0,nan,0,nan,0
1597988871820290048,1597988872380000000,2020-08-21 13:47:52.380000,3327.0,3371.0,3312.0,3353.0,nan,3335.0,35016,1168051550.0,27341,3328.0,28,3327.0,6,nan,0,nan,0,nan,0,nan,0,nan,0,nan,0,nan,0,nan,0
1597988883319944960,1597988883928000000,2020-08-21 13:48:03.928000,3328.0,3371.0,3312.0,3353.0,nan,3335.0,35024,1168317790.0,27340,3328.0,20,3327.0,6,nan,0,nan,0,nan,0,nan,0,nan,0,nan,0,nan,0,nan,0
1597988883820698880,1597988884421999872,2020-08-21 13:48:04.422000,3328.0,3371.0,3312.0,3353.0,nan,3335.0,35073,1169948610.0,27332,3329.0,126,3327.0,24,nan,0,nan,0,nan,0,nan,0,nan,0,nan,0,nan,0,nan,0
1597988884322703872,1597988884849999872,2020-08-21 13:48:04.850000,3328.0,3371.0,3312.0,3353.0,nan,3335.0,35073,1169948610.0,27332,3329.0,97,3327.0,24,nan,0,nan,0,nan,0,nan,0,nan,0,nan,0,nan,0,nan,0
1597988884821359104,1597988885400000000,2020-08-21 13:48:05.400000,3328.0,3371.0,3312.0,3353.0,nan,3335.0,35073,1169948610.0,27332,3329.0,87,3327.0,24,nan,0,nan,0,nan,0,nan,0,nan,0,nan,0,nan,0,nan,0
1597988892320937984,1597988892928999936,2020-08-21 13:48:12.929000,3329.0,3371.0,3312.0,3353.0,nan,3335.0,35075,1170015190.0,27330,3329.0,85,3327.0,24,nan,0,nan,0,nan,0,nan,0,nan,0,nan,0,nan,0,nan,0
1597988892820398080,1597988893420999936,2020-08-21 13:48:13.421000,3329.0,3371.0,3312.0,3353.0,nan,3335.0,35075,1170015190.0,27330,3329.0,86,3327.0,25,nan,0,nan,0,nan,0,nan,0,nan,0,nan,0,nan,0,nan,0
1597988895821184000,1597988896430000128,2020-08-21 13:48:16.430000,3329.0,3371.0,3312.0,3353.0,nan,3335.0,35076,1170048480.0,27330,3329.0,87,3327.0,25,nan,0,nan,0,nan,0,nan,0,nan,0,nan,0,nan,0,nan,0
1597988896324731904,1597988896744000000,2020-08-21 13:48:16.744000,3328.0,3371.0,3312.0,3353.0,nan,3335.0,35077,1170081760.0,27330,3329.0,87,3327.0,25,nan,0,nan,0,nan,0,nan,0,nan,0,nan,0,nan,0,nan,0
1597988897818795008,1597988898404000000,2020-08-21 13:48:18.404000,3329.0,3371.0,3312.0,3353.0,nan,3335.0,35078,1170115050.0,27331,3329.0,86,3327.0,25,nan,0,nan,0,nan,0,nan,0,nan,0,nan,0,nan,0,nan,0
1597988901321849088,1597988901933000192,2020-08-21 13:48:21.933000,3329.0,3371.0,3312.0,3353.0,nan,3335.0,35083,1170281500.0,27336,3329.0,81,3327.0,35,nan,0,nan,0,nan,0,nan,0,nan,0,nan,0,nan,0,nan,0
1597988901818195968,1597988902395000064,2020-08-21 13:48:22.395000,3329.0,3371.0,3312.0,3353.0,nan,3335.0,35083,1170281500.0,27336,3329.0,81,3327.0,37,nan,0,nan,0,nan,0,nan,0,nan,0,nan,0,nan,0,nan,0
1597988903335702016,1597988903884999936,2020-08-21 13:48:23.885000,3328.0,3371.0,3312.0,3353.0,nan,3335.0,35089,1170481180.0,27330,3329.0,81,3327.0,37,nan,0,nan,0,nan,0,nan,0,nan,0,nan,0,nan,0,nan,0
1597988904823258880,1597988905432000000,2020-08-21 13:48:25.432000,3328.0,3371.0,3312.0,3353.0,nan,3335.0,35090,1170514460.0,27329,3329.0,81,3328.0,6,nan,0,nan,0,nan,0,nan,0,nan,0,nan,0,nan,0,nan,0
1597988905353764096,1597988905846999808,2020-08-21 13:48:25.847000,3328.0,3371.0,3312.0,3353.0,nan,3335.0,35090,1170514460.0,27329,3329.0,41,3328.0,6,nan,0,nan,0,nan,0,nan,0,nan,0,nan,0,nan,0,nan,0
1597988905826659072,1597988906229000192,2020-08-21 13:48:26.229000,3328.0,3371.0,3312.0,3353.0,nan,3335.0,35090,1170514460.0,27329,3329.0,11,3328.0,6,nan,0,nan,0,nan,0,nan,0,nan,0,nan,0,nan,0,nan,0
1597988906819827968,1597988907342000128,2020-08-21 13:48:27.342000,3328.0,3371.0,3312.0,3353.0,nan,3335.0,35090,1170514460.0,27329,3329.0,11,3327.0,137,nan,0,nan,0,nan,0,nan,0,nan,0,nan,0,nan,0,nan,0
1597988907319300096,1597988907926000128,2020-08-21 13:48:27.926000,3328.0,3371.0,3312.0,3353.0,nan,3335.0,35090,1170514460.0,27329,3329.0,11,3328.0,3,nan,0,nan,0,nan,0,nan,0,nan,0,nan,0,nan,0,nan,0
1597988908337760000,1597988908849999872,2020-08-21 13:48:28.850000,3328.0,3371.0,3312.0,3353.0,nan,3335.0,35091,1170547740.0,27329,3329.0,11,3328.0,2,nan,0,nan,0,nan,0,nan,0,nan,0,nan,0,nan,0,nan,0
1597988911819896064,1597988912326999808,2020-08-21 13:48:32.327000,3328.0,3371.0,3312.0,3353.0,nan,3335.0,35091,1170547740.0,27329,3329.0,11,3327.0,137,nan,0,nan,0,nan,0,nan,0,nan,0,nan,0,nan,0,nan,0
1597988912326171904,1597988912911000064,2020-08-21 13:48:32.911000,3328.0,3371.0,3312.0,3353.0,nan,3335.0,35091,1170547740.0,27329,3329.0,11,3327.0,127,nan,0,nan,0,nan,0,nan,0,nan,0,nan,0,nan,0,nan,0
1597988914338329088,1597988914831000064,2020-08-21 13:48:34.831000,3328.0,3371.0,3312.0,3353.0,nan,3335.0,35091,1170547740.0,27329,3329.0,11,3328.0,3,nan,0,nan,0,nan,0,nan,0,nan,0,nan,0,nan,0,nan,0
1597988916820264960,1597988917332000000,2020-08-21 13:48:37.332000,3328.0,3371.0,3312.0,3353.0,nan,3335.0,35091,1170547740.0,27329,3329.0,11,3328.0,4,nan,0,nan,0,nan,0,nan,0,nan,0,nan,0,nan,0,nan,0
1597988918317765888,1597988918911000064,2020-08-21 13:48:38.911000,3328.0,3371.0,3312.0,3353.0,nan,3335.0,35091,1170547740.0,27329,3329.0,14,3328.0,1,nan,0,nan,0,nan,0,nan,0,nan,0,nan,0,nan,0,nan,0
1597988918823863040,1597988919436000000,2020-08-21 13:48:39.436000,3328.0,3371.0,3312.0,3353.0,nan,3335.0,35092,1170581020.0,27328,3328.0,7,3327.0,108,nan,0,nan,0,nan,0,nan,0,nan,0,nan,0,nan,0,nan,0
1597988919320198912,1597988919933000192,2020-08-21 13:48:39.933000,3328.0,3371.0,3312.0,3353.0,nan,3335.0,35092,1170581020.0,27328,3328.0,9,3327.0,47,nan,0,nan,0,nan,0,nan,0,nan,0,nan,0,nan,0,nan,0
1597988919875184896,1597988920336999936,2020-08-21 13:48:40.337000,3328.0,3371.0,3312.0,3353.0,nan,3335.0,35092,1170581020.0,27328,3328.0,9,3327.0,27,nan,0,nan,0,nan,0,nan,0,nan,0,nan,0,nan,0,nan,0
1597988921821440000,1597988922408000000,2020-08-21 13:48:42.408000,3328.0,3371.0,3312.0,3353.0,nan,3335.0,35092,1170581020.0,27328,3328.0,9,3327.0,28,nan,0,nan,0,nan,0,nan,0,nan,0,nan,0,nan,0,nan,0
1597988926331278080,1597988926844000000,2020-08-21 13:48:46.844000,3328.0,3371.0,3312.0,3353.0,nan,3335.0,35093,1170614300.0,27328,3328.0,8,3327.0,28,nan,0,nan,0,nan,0,nan,0,nan,0,nan,0,nan,0,nan,0
1597988926817273088,1597988927421999872,2020-08-21 13:48:47.422000,3328.0,3371.0,3312.0,3353.0,nan,3335.0,35093,1170614300.0,27328,3328.0,1,3327.0,28,nan,0,nan,0,nan,0,nan,0,nan,0,nan,0,nan,0,nan,0
1597988927326360064,1597988927913000192,2020-08-21 13:48:47.913000,3328.0,3371.0,3312.0,3353.0,nan,3335.0,35096,1170714140.0,27329,3329.0,96,3328.0,1,nan,0,nan,0,nan,0,nan,0,nan,0,nan,0,nan,0,nan,0
1597988927820861952,1597988928420000000,2020-08-21 13:48:48.420000,3328.0,3371.0,3312.0,3353.0,nan,3335.0,35097,1170747420.0,27330,3329.0,45,3328.0,8,nan,0,nan,0,nan,0,nan,0,nan,0,nan,0,nan,0,nan,0
1597988928322799104,1597988928879000064,2020-08-21 13:48:48.879000,3328.0,3371.0,3312.0,3353.0,nan,3335.0,35097,1170747420.0,27330,3329.0,15,3328.0,8,nan,0,nan,0,nan,0,nan,0,nan,0,nan,0,nan,0,nan,0
1597988928819770880,1597988929309999872,2020-08-21 13:48:49.310000,3328.0,3371.0,3312.0,3353.0,nan,3335.0,35097,1170747420.0,27330,3329.0,12,3328.0,15,nan,0,nan,0,nan,0,nan,0,nan,0,nan,0,nan,0,nan,0
1597988929338066944,1597988929822000128,2020-08-21 13:48:49.822000,3328.0,3371.0,3312.0,3353.0,nan,3335.0,35097,1170747420.0,27330,3329.0,10,3328.0,15,nan,0,nan,0,nan,0,nan,0,nan,0,nan,0,nan,0,nan,0
1597988932330469120,1597988932848000000,2020-08-21 13:48:52.848000,3328.0,3371.0,3312.0,3353.0,nan,3335.0,35097,1170747420.0,27330,3329.0,11,3328.0,15,nan,0,nan,0,nan,0,nan,0,nan,0,nan,0,nan,0,nan,0
1597988934332471040,1597988934933000192,2020-08-21 13:48:54.933000,3328.0,3371.0,3312.0,3353.0,nan,3335.0,35097,1170747420.0,27330,3329.0,11,3328.0,17,nan,0,nan,0,nan,0,nan,0,nan,0,nan,0,nan,0,nan,0
1597988934819735040,1597988935416999936,2020-08-21 13:48:55.417000,3328.0,3371.0,3312.0,3353.0,nan,3335.0,35097,1170747420.0,27330,3329.0,11,3328.0,18,nan,0,nan,0,nan,0,nan,0,nan,0,nan,0,nan,0,nan,0
1597988936343474944,1597988936908000000,2020-08-21 13:48:56.908000,3328.0,3371.0,3312.0,3353.0,nan,3335.0,35097,1170747420.0,27330,3329.0,12,3328.0,17,nan,0,nan,0,nan,0,nan,0,nan,0,nan,0,nan,0,nan,0
1597988940824158976,1597988941414000128,2020-08-21 13:49:01.414000,3328.0,3371.0,3312.0,3353.0,nan,3335.0,35097,1170747420.0,27330,3329.0,13,3328.0,17,nan,0,nan,0,nan,0,nan,0,nan,0,nan,0,nan,0,nan,0
1597988943321602048,1597988943924999936,2020-08-21 13:49:03.925000,3328.0,3371.0,3312.0,3353.0,nan,3335.0,35098,1170780700.0,27331,3329.0,13,3328.0,16,nan,0,nan,0,nan,0,nan,0,nan,0,nan,0,nan,0,nan,0
1597988944346343936,1597988944868000000,2020-08-21 13:49:04.868000,3328.0,3371.0,3312.0,3353.0,nan,3335.0,35098,1170780700.0,27331,3329.0,13,3328.0,15,nan,0,nan,0,nan,0,nan,0,nan,0,nan,0,nan,0,nan,0
1597988947832091904,1597988948428000000,2020-08-21 13:49:08.428000,3328.0,3371.0,3312.0,3353.0,nan,3335.0,35098,1170780700.0,27331,3329.0,14,3328.0,15,nan,0,nan,0,nan,0,nan,0,nan,0,nan,0,nan,0,nan,0
1597988949821917952,1597988950426000128,2020-08-21 13:49:10.426000,3328.0,3371.0,3312.0,3353.0,nan,3335.0,35113,1171279900.0,27322,3329.0,14,3327.0,147,nan,0,nan,0,nan,0,nan,0,nan,0,nan,0,nan,0,nan,0
1597988950328294912,1597988950938999808,2020-08-21 13:49:10.939000,3328.0,3371.0,3312.0,3353.0,nan,3335.0,35113,1171279900.0,27322,3329.0,14,3327.0,127,nan,0,nan,0,nan,0,nan,0,nan,0,nan,0,nan,0,nan,0
1597988952820045056,1597988953322000128,2020-08-21 13:49:13.322000,3328.0,3371.0,3312.0,3353.0,nan,3335.0,35113,1171279900.0,27322,3329.0,16,3327.0,126,nan,0,nan,0,nan,0,nan,0,nan,0,nan,0,nan,0,nan,0
1597988953821769984,1597988954438999808,2020-08-21 13:49:14.439000,3328.0,3371.0,3312.0,3353.0,nan,3335.0,35113,1171279900.0,27322,3329.0,16,3328.0,3,nan,0,nan,0,nan,0,nan,0,nan,0,nan,0,nan,0,nan,0
1597988954328557056,1597988954851000064,2020-08-21 13:49:14.851000,3328.0,3371.0,3312.0,3353.0,nan,3335.0,35116,1171379740.0,27322,3329.0,16,3327.0,136,nan,0,nan,0,nan,0,nan,0,nan,0,nan,0,nan,0,nan,0
1597988954824407040,1597988955415000064,2020-08-21 13:49:15.415000,3328.0,3371.0,3312.0,3353.0,nan,3335.0,35116,1171379740.0,27322,3329.0,16,3327.0,126,nan,0,nan,0,nan,0,nan,0,nan,0,nan,0,nan,0,nan,0
1597988955356097024,1597988955839000064,2020-08-21 13:49:15.839000,3329.0,3371.0,3312.0,3353.0,nan,3335.0,35117,1171413030.0,27322,3329.0,15,3327.0,126,nan,0,nan,0,nan,0,nan,0,nan,0,nan,0,nan,0,nan,0
1597988959355931904,1597988959824000000,2020-08-21 13:49:19.824000,3329.0,3371.0,3312.0,3353.0,nan,3335.0,35117,1171413030.0,27322,3329.0,16,3327.0,126,nan,0,nan,0,nan,0,nan,0,nan,0,nan,0,nan,0,nan,0
1597988963319109120,1597988963740999936,2020-08-21 13:49:23.741000,3329.0,3371.0,3312.0,3353.0,nan,3335.0,35117,1171413030.0,27322,3329.0,16,3328.0,3,nan,0,nan,0,nan,0,nan,0,nan,0,nan,0,nan,0,nan,0
1597988964816962048,1597988965421999872,2020-08-21 13:49:25.422000,3329.0,3371.0,3312.0,3353.0,nan,3335.0,35117,1171413030.0,27322,3329.0,17,3328.0,3,nan,0,nan,0,nan,0,nan,0,nan,0,nan,0,nan,0,nan,0
1597988965349783040,1597988965823000064,2020-08-21 13:49:25.823000,3328.0,3371.0,3312.0,3353.0,nan,3335.0,35118,1171446310.0,27322,3329.0,17,3327.0,136,nan,0,nan,0,nan,0,nan,0,nan,0,nan,0,nan,0,nan,0
1597988965819371008,1597988966424999936,2020-08-21 13:49:26.425000,3328.0,3371.0,3312.0,3353.0,nan,3335.0,35118,1171446310.0,27322,3329.0,17,3327.0,126,nan,0,nan,0,nan,0,nan,0,nan,0,nan,0,nan,0,nan,0
1597988969816750080,1597988970321000192,2020-08-21 13:49:30.321000,3328.0,3371.0,3312.0,3353.0,nan,3335.0,35118,1171446310.0,27322,3329.0,20,3327.0,126,nan,0,nan,0,nan,0,nan,0,nan,0,nan,0,nan,0,nan,0
1597988970318888960,1597988970890000128,2020-08-21 13:49:30.890000,3328.0,3371.0,3312.0,3353.0,nan,3335.0,35118,1171446310.0,27322,3329.0,21,3327.0,126,nan,0,nan,0,nan,0,nan,0,nan,0,nan,0,nan,0,nan,0
1597988973818961920,1597988974236000000,2020-08-21 13:49:34.236000,3328.0,3371.0,3312.0,3353.0,nan,3335.0,35118,1171446310.0,27322,3329.0,18,3327.0,126,nan,0,nan,0,nan,0,nan,0,nan,0,nan,0,nan,0,nan,0
1597988974817601024,1597988975379000064,2020-08-21 13:49:35.379000,3327.0,3371.0,3312.0,3353.0,nan,3335.0,35120,1171512850.0,27324,3329.0,18,3327.0,124,nan,0,nan,0,nan,0,nan,0,nan,0,nan,0,nan,0,nan,0
1597988975316813056,1597988975825999872,2020-08-21 13:49:35.826000,3327.0,3371.0,3312.0,3353.0,nan,3335.0,35120,1171512850.0,27324,3329.0,21,3327.0,124,nan,0,nan,0,nan,0,nan,0,nan,0,nan,0,nan,0,nan,0
1597988975819804928,1597988976324000000,2020-08-21 13:49:36.324000,3327.0,3371.0,3312.0,3353.0,nan,3335.0,35121,1171546120.0,27325,3329.0,21,3327.0,123,nan,0,nan,0,nan,0,nan,0,nan,0,nan,0,nan,0,nan,0
1597988976316103936,1597988976896000000,2020-08-21 13:49:36.896000,3327.0,3371.0,3312.0,3353.0,nan,3335.0,35122,1171579390.0,27326,3328.0,7,3327.0,122,nan,0,nan,0,nan,0,nan,0,nan,0,nan,0,nan,0,nan,0
1597988976819612928,1597988977324000000,2020-08-21 13:49:37.324000,3327.0,3371.0,3312.0,3353.0,nan,3335.0,35122,1171579390.0,27326,3328.0,9,3327.0,81,nan,0,nan,0,nan,0,nan,0,nan,0,nan,0,nan,0,nan,0
1597988977329846016,1597988977892000000,2020-08-21 13:49:37.892000,3327.0,3371.0,3312.0,3353.0,nan,3335.0,35122,1171579390.0,27326,3328.0,10,3327.0,58,nan,0,nan,0,nan,0,nan,0,nan,0,nan,0,nan,0,nan,0
1597988977818800896,1597988978247000064,2020-08-21 13:49:38.247000,3327.0,3371.0,3312.0,3353.0,nan,3335.0,35122,1171579390.0,27326,3328.0,11,3327.0,48,nan,0,nan,0,nan,0,nan,0,nan,0,nan,0,nan,0,nan,0
1597988978336779008,1597988978811000064,2020-08-21 13:49:38.811000,3327.0,3371.0,3312.0,3353.0,nan,3335.0,35122,1171579390.0,27326,3328.0,14,3327.0,19,nan,0,nan,0,nan,0,nan,0,nan,0,nan,0,nan,0,nan,0
1597988990816280064,1597988991348999936,2020-08-21 13:49:51.349000,3327.0,3371.0,3312.0,3353.0,nan,3335.0,35123,1171612660.0,27326,3328.0,14,3327.0,18,nan,0,nan,0,nan,0,nan,0,nan,0,nan,0,nan,0,nan,0
1597988994320134912,1597988994924000000,2020-08-21 13:49:54.924000,3327.0,3371.0,3312.0,3353.0,nan,3335.0,35124,1171645930.0,27326,3328.0,14,3327.0,18,nan,0,nan,0,nan,0,nan,0,nan,0,nan,0,nan,0,nan,0
1597988994816656896,1597988995246000128,2020-08-21 13:49:55.246000,3327.0,3371.0,3312.0,3353.0,nan,3335.0,35124,1171645930.0,27326,3328.0,15,3327.0,18,nan,0,nan,0,nan,0,nan,0,nan,0,nan,0,nan,0,nan,0
1597988995333452032,1597988995835000064,2020-08-21 13:49:55.835000,3327.0,3371.0,3312.0,3353.0,nan,3335.0,35124,1171645930.0,27326,3328.0,16,3327.0,18,nan,0,nan,0,nan,0,nan,0,nan,0,nan,0,nan,0,nan,0
1597988995816067072,1597988996408999936,2020-08-21 13:49:56.409000,3327.0,3371.0,3312.0,3353.0,nan,3335.0,35124,1171645930.0,27326,3328.0,17,3327.0,18,nan,0,nan,0,nan,0,nan,0,nan,0,nan,0,nan,0,nan,0
1597988996819054080,1597988997432000000,2020-08-21 13:49:57.432000,3327.0,3371.0,3312.0,3353.0,nan,3335.0,35124,1171645930.0,27326,3328.0,20,3327.0,18,nan,0,nan,0,nan,0,nan,0,nan,0,nan,0,nan,0,nan,0
1597988997818972928,1597988998418999808,2020-08-21 13:49:58.419000,3327.0,3371.0,3312.0,3353.0,nan,3335.0,35124,1171645930.0,27326,3328.0,22,3327.0,18,nan,0,nan,0,nan,0,nan,0,nan,0,nan,0,nan,0,nan,0
1597988998339323904,1597988998828000000,2020-08-21 13:49:58.828000,3327.0,3371.0,3312.0,3353.0,nan,3335.0,35124,1171645930.0,27326,3328.0,22,3327.0,17,nan,0,nan,0,nan,0,nan,0,nan,0,nan,0,nan,0,nan,0
1597989004817691904,1597989005236999936,2020-08-21 13:50:05.237000,3327.0,3371.0,3312.0,3353.0,nan,3335.0,35124,1171645930.0,27326,3328.0,22,3327.0,16,nan,0,nan,0,nan,0,nan,0,nan,0,nan,0,nan,0,nan,0
1597989009320941056,1597989009923000064,2020-08-21 13:50:09.923000,3328.0,3371.0,3312.0,3353.0,nan,3335.0,35143,1172278250.0,27344,3329.0,124,3328.0,13,nan,0,nan,0,nan,0,nan,0,nan,0,nan,0,nan,0,nan,0
1597989009820352000,1597989010324000000,2020-08-21 13:50:10.324000,3328.0,3371.0,3312.0,3353.0,nan,3335.0,35143,1172278250.0,27344,3329.0,56,3328.0,14,nan,0,nan,0,nan,0,nan,0,nan,0,nan,0,nan,0,nan,0
1597989010323851008,1597989010876000000,2020-08-21 13:50:10.876000,3328.0,3371.0,3312.0,3353.0,nan,3335.0,35143,1172278250.0,27344,3329.0,36,3328.0,14,nan,0,nan,0,nan,0,nan,0,nan,0,nan,0,nan,0,nan,0
1597989010818576896,1597989011396000000,2020-08-21 13:50:11.396000,3329.0,3371.0,3312.0,3353.0,nan,3335.0,35145,1172344830.0,27344,3329.0,15,3328.0,14,nan,0,nan,0,nan,0,nan,0,nan,0,nan,0,nan,0,nan,0
1597989012318760960,1597989012923000064,2020-08-21 13:50:12.923000,3329.0,3371.0,3312.0,3353.0,nan,3335.0,35145,1172344830.0,27344,3329.0,15,3328.0,19,nan,0,nan,0,nan,0,nan,0,nan,0,nan,0,nan,0,nan,0
1597989016817104896,1597989017432000000,2020-08-21 13:50:17.432000,3329.0,3371.0,3312.0,3353.0,nan,3335.0,35145,1172344830.0,27344,3329.0,14,3328.0,20,nan,0,nan,0,nan,0,nan,0,nan,0,nan,0,nan,0,nan,0
1597989020818127872,1597989021382999808,2020-08-21 13:50:21.383000,3329.0,3371.0,3312.0,3353.0,nan,3335.0,35160,1172844180.0,27347,3330.0,119,3329.0,3,nan,0,nan,0,nan,0,nan,0,nan,0,nan,0,nan,0,nan,0
1597989021319116032,1597989021930000128,2020-08-21 13:50:21.930000,3329.0,3371.0,3312.0,3353.0,nan,3335.0,35160,1172844180.0,27347,3330.0,57,3329.0,23,nan,0,nan,0,nan,0,nan,0,nan,0,nan,0,nan,0,nan,0
1597989021820120064,1597989022398000128,2020-08-21 13:50:22.398000,3329.0,3371.0,3312.0,3353.0,nan,3335.0,35160,1172844180.0,27347,3330.0,30,3329.0,23,nan,0,nan,0,nan,0,nan,0,nan,0,nan,0,nan,0,nan,0
1597989022344208896,1597989022734999808,2020-08-21 13:50:22.735000,3329.0,3371.0,3312.0,3353.0,nan,3335.0,35160,1172844180.0,27347,3330.0,10,3329.0,23,nan,0,nan,0,nan,0,nan,0,nan,0,nan,0,nan,0,nan,0
