local_nano_time,quote_nano_time,datetime,last_price,highest,lowest,open,close,average,volume,amount,open_interest,ask_price1,ask_volume1,bid_price1,bid_volume1,ask_price2,ask_volume2,bid_price2,bid_volume2,ask_price3,ask_volume3,bid_price3,bid_volume3,ask_price4,ask_volume4,bid_price4,bid_volume4,ask_price5,ask_volume5,bid_price5,bid_volume5
1597988230233811968,1597988230000001024,2020-08-21 13:37:10.000001,6180.0,6260.0,6150.0,6252.0,nan,6186.0,54383,1682066190.0,40631,6180.0,15,6176.0,23,nan,0,nan,0,nan,0,nan,0,nan,0,nan,0,nan,0,nan,0
1597988230717647872,1597988231000000000,2020-08-21 13:37:11.000000,6180.0,6260.0,6150.0,6252.0,nan,6186.0,54383,1682066190.0,40631,6180.0,17,6176.0,23,nan,0,nan,0,nan,0,nan,0,nan,0,nan,0,nan,0,nan,0
1597988231225536000,1597988231000001024,2020-08-21 13:37:11.000001,6180.0,6260.0,6150.0,6252.0,nan,6186.0,54383,1682066190.0,40631,6178.0,2,6176.0,23,nan,0,nan,0,nan,0,nan,0,nan,0,nan,0,nan,0,nan,0
1597988231722960896,1597988232000000000,2020-08-21 13:37:12.000000,6180.0,6260.0,6150.0,6252.0,nan,6186.0,54384,1682097120.0,40631,6178.0,1,6176.0,23,nan,0,nan,0,nan,0,nan,0,nan,0,nan,0,nan,0,nan,0
1597988232226494976,1597988232000001024,2020-08-21 13:37:12.000001,6178.0,6260.0,6150.0,6252.0,nan,6186.0,54387,1682189910.0,40631,6180.0,15,6176.0,23,nan,0,nan,0,nan,0,nan,0,nan,0,nan,0,nan,0,nan,0
1597988235741027072,1597988236000000000,2020-08-21 13:37:16.000000,6178.0,6260.0,6150.0,6252.0,nan,6186.0,54388,1682220840.0,40631,6180.0,15,6178.0,7,nan,0,nan,0,nan,0,nan,0,nan,0,nan,0,nan,0,nan,0
1597988236717530880,1597988237000000000,2020-08-21 13:37:17.000000,6180.0,6260.0,6150.0,6252.0,nan,6186.0,54389,1682251770.0,40630,6180.0,15,6178.0,7,nan,0,nan,0,nan,0,nan,0,nan,0,nan,0,nan,0,nan,0
1597988237727473920,1597988238000000000,2020-08-21 13:37:18.000000,6180.0,6260.0,6150.0,6252.0,nan,6186.0,54389,1682251770.0,40630,6180.0,15,6178.0,8,nan,0,nan,0,nan,0,nan,0,nan,0,nan,0,nan,0,nan,0
1597988238241890048,1597988238000001024,2020-08-21 13:37:18.000001,6180.0,6260.0,6150.0,6252.0,nan,6186.0,54389,1682251770.0,40630,6180.0,16,6178.0,8,nan,0,nan,0,nan,0,nan,0,nan,0,nan,0,nan,0,nan,0
1597988241227457024,1597988241000001024,2020-08-21 13:37:21.000001,6180.0,6260.0,6150.0,6252.0,nan,6186.0,54389,1682251770.0,40630,6180.0,16,6178.0,21,nan,0,nan,0,nan,0,nan,0,nan,0,nan,0,nan,0,nan,0
1597988243713710080,1597988244000000000,2020-08-21 13:37:24.000000,6180.0,6260.0,6150.0,6252.0,nan,6186.0,54389,1682251770.0,40630,6180.0,13,6178.0,21,nan,0,nan,0,nan,0,nan,0,nan,0,nan,0,nan,0,nan,0
1597988247223407104,1597988247000001024,2020-08-21 13:37:27.000001,6178.0,6260.0,6150.0,6252.0,nan,6186.0,54399,1682561070.0,40630,6180.0,16,6178.0,12,nan,0,nan,0,nan,0,nan,0,nan,0,nan,0,nan,0,nan,0
1597988247730053120,1597988248000000000,2020-08-21 13:37:28.000000,6180.0,6260.0,6150.0,6252.0,nan,6186.0,54401,1682622930.0,40628,6180.0,15,6178.0,1,nan,0,nan,0,nan,0,nan,0,nan,0,nan,0,nan,0,nan,0
1597988248228399104,1597988248000001024,2020-08-21 13:37:28.000001,6178.0,6260.0,6150.0,6252.0,nan,6186.0,54402,1682653860.0,40628,6180.0,15,6178.0,2,nan,0,nan,0,nan,0,nan,0,nan,0,nan,0,nan,0,nan,0
1597988249733593088,1597988250000000000,2020-08-21 13:37:30.000000,6178.0,6260.0,6150.0,6252.0,nan,6186.0,54404,1682715720.0,40628,6178.0,8,6176.0,23,nan,0,nan,0,nan,0,nan,0,nan,0,nan,0,nan,0,nan,0
1597988251211945984,1597988251000001024,2020-08-21 13:37:31.000001,6178.0,6260.0,6150.0,6252.0,nan,6186.0,54405,1682746650.0,40627,6178.0,7,6176.0,23,nan,0,nan,0,nan,0,nan,0,nan,0,nan,0,nan,0,nan,0
1597988253241308928,1597988253000001024,2020-08-21 13:37:33.000001,6178.0,6260.0,6150.0,6252.0,nan,6186.0,54406,1682777580.0,40627,6178.0,6,6176.0,23,nan,0,nan,0,nan,0,nan,0,nan,0,nan,0,nan,0,nan,0
1597988256739597056,1597988257000000000,2020-08-21 13:37:37.000000,6178.0,6260.0,6150.0,6252.0,nan,6186.0,54406,1682777580.0,40627,6178.0,8,6176.0,23,nan,0,nan,0,nan,0,nan,0,nan,0,nan,0,nan,0,nan,0
1597988260216112128,1597988260000001024,2020-08-21 13:37:40.000001,6178.0,6260.0,6150.0,6252.0,nan,6186.0,54407,1682808510.0,40627,6178.0,7,6176.0,23,nan,0,nan,0,nan,0,nan,0,nan,0,nan,0,nan,0,nan,0
1597988260735525120,1597988261000000000,2020-08-21 13:37:41.000000,6178.0,6260.0,6150.0,6252.0,nan,6186.0,54407,1682808510.0,40627,6178.0,7,6176.0,27,nan,0,nan,0,nan,0,nan,0,nan,0,nan,0,nan,0,nan,0
1597988267733693952,1597988268000000000,2020-08-21 13:37:48.000000,6178.0,6260.0,6150.0,6252.0,nan,6186.0,54407,1682808510.0,40627,6178.0,20,6176.0,24,nan,0,nan,0,nan,0,nan,0,nan,0,nan,0,nan,0,nan,0
1597988268227067904,1597988268000001024,2020-08-21 13:37:48.000001,6178.0,6260.0,6150.0,6252.0,nan,6186.0,54407,1682808510.0,40627,6178.0,20,6176.0,11,nan,0,nan,0,nan,0,nan,0,nan,0,nan,0,nan,0,nan,0
1597988268740445952,1597988269000000000,2020-08-21 13:37:49.000000,6178.0,6260.0,6150.0,6252.0,nan,6186.0,54408,1682839440.0,40627,6178.0,19,6176.0,11,nan,0,nan,0,nan,0,nan,0,nan,0,nan,0,nan,0,nan,0
1597988273222267904,1597988273000001024,2020-08-21 13:37:53.000001,6178.0,6260.0,6150.0,6252.0,nan,6186.0,54409,1682870370.0,40627,6178.0,18,6176.0,11,nan,0,nan,0,nan,0,nan,0,nan,0,nan,0,nan,0,nan,0
1597988273737688064,1597988274000000000,2020-08-21 13:37:54.000000,6178.0,6260.0,6150.0,6252.0,nan,6186.0,54409,1682870370.0,40627,6178.0,18,6176.0,12,nan,0,nan,0,nan,0,nan,0,nan,0,nan,0,nan,0,nan,0
1597988274743227904,1597988275000000000,2020-08-21 13:37:55.000000,6176.0,6260.0,6150.0,6252.0,nan,6186.0,54410,1682901300.0,40627,6178.0,18,6176.0,11,nan,0,nan,0,nan,0,nan,0,nan,0,nan,0,nan,0,nan,0
1597988280740274944,1597988281000000000,2020-08-21 13:38:01.000000,6176.0,6260.0,6150.0,6252.0,nan,6186.0,54411,1682932230.0,40627,6178.0,18,6176.0,10,nan,0,nan,0,nan,0,nan,0,nan,0,nan,0,nan,0,nan,0
1597988281220808960,1597988281000001024,2020-08-21 13:38:01.000001,6176.0,6260.0,6150.0,6252.0,nan,6186.0,54411,1682932230.0,40627,6178.0,18,6176.0,11,nan,0,nan,0,nan,0,nan,0,nan,0,nan,0,nan,0,nan,0
1597988281745099008,1597988282000000000,2020-08-21 13:38:02.000000,6176.0,6260.0,6150.0,6252.0,nan,6186.0,54411,1682932230.0,40627,6178.0,19,6176.0,11,nan,0,nan,0,nan,0,nan,0,nan,0,nan,0,nan,0,nan,0
1597988282232655104,1597988282000001024,2020-08-21 13:38:02.000001,6176.0,6260.0,6150.0,6252.0,nan,6186.0,54411,1682932230.0,40627,6178.0,19,6176.0,13,nan,0,nan,0,nan,0,nan,0,nan,0,nan,0,nan,0,nan,0
1597988283755431936,1597988284000000000,2020-08-21 13:38:04.000000,6176.0,6260.0,6150.0,6252.0,nan,6186.0,54411,1682932230.0,40627,6178.0,19,6176.0,15,nan,0,nan,0,nan,0,nan,0,nan,0,nan,0,nan,0,nan,0
1597988284227788032,1597988284000001024,2020-08-21 13:38:04.000001,6176.0,6260.0,6150.0,6252.0,nan,6186.0,54411,1682932230.0,40627,6178.0,19,6176.0,25,nan,0,nan,0,nan,0,nan,0,nan,0,nan,0,nan,0,nan,0
1597988285225391104,1597988285000001024,2020-08-21 13:38:05.000001,6176.0,6260.0,6150.0,6252.0,nan,6186.0,54411,1682932230.0,40627,6178.0,20,6176.0,25,nan,0,nan,0,nan,0,nan,0,nan,0,nan,0,nan,0,nan,0
1597988287749542912,1597988288000000000,2020-08-21 13:38:08.000000,6178.0,6260.0,6150.0,6252.0,nan,6186.0,54412,1682963160.0,40626,6178.0,19,6176.0,25,nan,0,nan,0,nan,0,nan,0,nan,0,nan,0,nan,0,nan,0
1597988288252073984,1597988288000001024,2020-08-21 13:38:08.000001,6178.0,6260.0,6150.0,6252.0,nan,6186.0,54412,1682963160.0,40626,6178.0,16,6176.0,25,nan,0,nan,0,nan,0,nan,0,nan,0,nan,0,nan,0,nan,0
1597988288740761088,1597988289000000000,2020-08-21 13:38:09.000000,6178.0,6260.0,6150.0,6252.0,nan,6186.0,54412,1682963160.0,40626,6178.0,18,6176.0,25,nan,0,nan,0,nan,0,nan,0,nan,0,nan,0,nan,0,nan,0
1597988290218525952,1597988290000001024,2020-08-21 13:38:10.000001,6178.0,6260.0,6150.0,6252.0,nan,6186.0,54413,1682994090.0,40626,6178.0,17,6176.0,25,nan,0,nan,0,nan,0,nan,0,nan,0,nan,0,nan,0,nan,0
1597988295251727872,1597988295000001024,2020-08-21 13:38:15.000001,6178.0,6260.0,6150.0,6252.0,nan,6186.0,54413,1682994090.0,40626,6178.0,17,6176.0,23,nan,0,nan,0,nan,0,nan,0,nan,0,nan,0,nan,0,nan,0
1597988295753729024,1597988296000000000,2020-08-21 13:38:16.000000,6178.0,6260.0,6150.0,6252.0,nan,6186.0,54413,1682994090.0,40626,6178.0,17,6176.0,22,nan,0,nan,0,nan,0,nan,0,nan,0,nan,0,nan,0,nan,0
1597988299751672064,1597988300000000000,2020-08-21 13:38:20.000000,6178.0,6260.0,6150.0,6252.0,nan,6186.0,54413,1682994090.0,40626,6178.0,20,6176.0,22,nan,0,nan,0,nan,0,nan,0,nan,0,nan,0,nan,0,nan,0
1597988300248558080,1597988300000001024,2020-08-21 13:38:20.000001,6178.0,6260.0,6150.0,6252.0,nan,6186.0,54414,1683025020.0,40625,6178.0,20,6176.0,22,nan,0,nan,0,nan,0,nan,0,nan,0,nan,0,nan,0,nan,0
1597988302250777088,1597988302000001024,2020-08-21 13:38:22.000001,6176.0,6260.0,6150.0,6252.0,nan,6186.0,54415,1683055950.0,40625,6178.0,20,6176.0,21,nan,0,nan,0,nan,0,nan,0,nan,0,nan,0,nan,0,nan,0
1597988302756048896,1597988303000000000,2020-08-21 13:38:23.000000,6176.0,6260.0,6150.0,6252.0,nan,6186.0,54415,1683055950.0,40625,6178.0,20,6176.0,11,nan,0,nan,0,nan,0,nan,0,nan,0,nan,0,nan,0,nan,0
1597988303828135936,1597988304000000000,2020-08-21 13:38:24.000000,6178.0,6260.0,6150.0,6252.0,nan,6186.0,54416,1683086880.0,40625,6178.0,19,6176.0,11,nan,0,nan,0,nan,0,nan,0,nan,0,nan,0,nan,0,nan,0
1597988304746867968,1597988305000000000,2020-08-21 13:38:25.000000,6178.0,6260.0,6150.0,6252.0,nan,6186.0,54416,1683086880.0,40625,6178.0,19,6176.0,22,nan,0,nan,0,nan,0,nan,0,nan,0,nan,0,nan,0,nan,0
1597988306748195072,1597988307000000000,2020-08-21 13:38:27.000000,6178.0,6260.0,6150.0,6252.0,nan,6186.0,54416,1683086880.0,40625,6178.0,16,6176.0,22,nan,0,nan,0,nan,0,nan,0,nan,0,nan,0,nan,0,nan,0
1597988308226341888,1597988308000001024,2020-08-21 13:38:28.000001,6178.0,6260.0,6150.0,6252.0,nan,6186.0,54416,1683086880.0,40625,6178.0,17,6176.0,22,nan,0,nan,0,nan,0,nan,0,nan,0,nan,0,nan,0,nan,0
1597988312761454080,1597988313000000000,2020-08-21 13:38:33.000000,6178.0,6260.0,6150.0,6252.0,nan,6186.0,54416,1683086880.0,40625,6178.0,27,6176.0,22,nan,0,nan,0,nan,0,nan,0,nan,0,nan,0,nan,0,nan,0
1597988315248681984,1597988315000001024,2020-08-21 13:38:35.000001,6178.0,6260.0,6150.0,6252.0,nan,6186.0,54417,1683117810.0,40625,6178.0,26,6176.0,22,nan,0,nan,0,nan,0,nan,0,nan,0,nan,0,nan,0,nan,0
1597988315766409984,1597988316000000000,2020-08-21 13:38:36.000000,6178.0,6260.0,6150.0,6252.0,nan,6186.0,54417,1683117810.0,40625,6178.0,26,6176.0,26,nan,0,nan,0,nan,0,nan,0,nan,0,nan,0,nan,0,nan,0
1597988324263489024,1597988324000001024,2020-08-21 13:38:44.000001,6178.0,6260.0,6150.0,6252.0,nan,6186.0,54418,1683148740.0,40626,6178.0,25,6176.0,26,nan,0,nan,0,nan,0,nan,0,nan,0,nan,0,nan,0,nan,0
1597988329344688128,1597988329000001024,2020-08-21 13:38:49.000001,6178.0,6260.0,6150.0,6252.0,nan,6186.0,54421,1683241530.0,40626,6178.0,22,6176.0,26,nan,0,nan,0,nan,0,nan,0,nan,0,nan,0,nan,0,nan,0
1597988333247503872,1597988333000001024,2020-08-21 13:38:53.000001,6178.0,6260.0,6150.0,6252.0,nan,6186.0,54422,1683272460.0,40627,6178.0,21,6176.0,26,nan,0,nan,0,nan,0,nan,0,nan,0,nan,0,nan,0,nan,0
1597988336280131072,1597988336000001024,2020-08-21 13:38:56.000001,6178.0,6260.0,6150.0,6252.0,nan,6186.0,54422,1683272460.0,40627,6178.0,24,6176.0,26,nan,0,nan,0,nan,0,nan,0,nan,0,nan,0,nan,0,nan,0
1597988339337400064,1597988339000001024,2020-08-21 13:38:59.000001,6178.0,6260.0,6150.0,6252.0,nan,6186.0,54423,1683303390.0,40627,6178.0,23,6176.0,26,nan,0,nan,0,nan,0,nan,0,nan,0,nan,0,nan,0,nan,0
1597988340790138112,1597988341000000000,2020-08-21 13:39:01.000000,6178.0,6260.0,6150.0,6252.0,nan,6186.0,54427,1683427110.0,40627,6178.0,19,6176.0,26,nan,0,nan,0,nan,0,nan,0,nan,0,nan,0,nan,0,nan,0
1597988341249548032,1597988341000001024,2020-08-21 13:39:01.000001,6178.0,6260.0,6150.0,6252.0,nan,6186.0,54427,1683427110.0,40627,6178.0,16,6176.0,26,nan,0,nan,0,nan,0,nan,0,nan,0,nan,0,nan,0,nan,0
1597988343272721920,1597988343000001024,2020-08-21 13:39:03.000001,6176.0,6260.0,6150.0,6252.0,nan,6186.0,54432,1683581760.0,40623,6178.0,16,6176.0,21,nan,0,nan,0,nan,0,nan,0,nan,0,nan,0,nan,0,nan,0
1597988343774886912,1597988344000000000,2020-08-21 13:39:04.000000,6176.0,6260.0,6150.0,6252.0,nan,6186.0,54432,1683581760.0,40623,6178.0,20,6176.0,21,nan,0,nan,0,nan,0,nan,0,nan,0,nan,0,nan,0,nan,0
1597988344253081088,1597988344000001024,2020-08-21 13:39:04.000001,6176.0,6260.0,6150.0,6252.0,nan,6186.0,54432,1683581760.0,40623,6178.0,20,6176.0,22,nan,0,nan,0,nan,0,nan,0,nan,0,nan,0,nan,0,nan,0
1597988344776835072,1597988345000000000,2020-08-21 13:39:05.000000,6176.0,6260.0,6150.0,6252.0,nan,6186.0,54432,1683581760.0,40623,6178.0,20,6176.0,28,nan,0,nan,0,nan,0,nan,0,nan,0,nan,0,nan,0,nan,0
1597988345290437888,1597988345000001024,2020-08-21 13:39:05.000001,6176.0,6260.0,6150.0,6252.0,nan,6186.0,54432,1683581760.0,40623,6178.0,20,6176.0,29,nan,0,nan,0,nan,0,nan,0,nan,0,nan,0,nan,0,nan,0
1597988347279630080,1597988347000001024,2020-08-21 13:39:07.000001,6178.0,6260.0,6150.0,6252.0,nan,6186.0,54433,1683612690.0,40624,6178.0,19,6176.0,29,nan,0,nan,0,nan,0,nan,0,nan,0,nan,0,nan,0,nan,0
1597988347773483008,1597988348000000000,2020-08-21 13:39:08.000000,6178.0,6260.0,6150.0,6252.0,nan,6186.0,54433,1683612690.0,40624,6178.0,25,6176.0,29,nan,0,nan,0,nan,0,nan,0,nan,0,nan,0,nan,0,nan,0
1597988349265978112,1597988349000001024,2020-08-21 13:39:09.000001,6178.0,6260.0,6150.0,6252.0,nan,6186.0,54433,1683612690.0,40624,6178.0,25,6176.0,27,nan,0,nan,0,nan,0,nan,0,nan,0,nan,0,nan,0,nan,0
1597988349770511104,1597988350000000000,2020-08-21 13:39:10.000000,6176.0,6260.0,6150.0,6252.0,nan,6186.0,54454,1684262220.0,40620,6176.0,8,6174.0,16,nan,0,nan,0,nan,0,nan,0,nan,0,nan,0,nan,0,nan,0
1597988350263904000,1597988350000001024,2020-08-21 13:39:10.000001,6176.0,6260.0,6150.0,6252.0,nan,6186.0,54454,1684262220.0,40620,6176.0,11,6174.0,5,nan,0,nan,0,nan,0,nan,0,nan,0,nan,0,nan,0,nan,0
1597988350895677952,1597988351000000000,2020-08-21 13:39:11.000000,6176.0,6260.0,6150.0,6252.0,nan,6186.0,54454,1684262220.0,40620,6176.0,12,6174.0,3,nan,0,nan,0,nan,0,nan,0,nan,0,nan,0,nan,0,nan,0
1597988351275897088,1597988351000001024,2020-08-21 13:39:11.000001,6176.0,6260.0,6150.0,6252.0,nan,6186.0,54454,1684262220.0,40620,6176.0,15,6174.0,3,nan,0,nan,0,nan,0,nan,0,nan,0,nan,0,nan,0,nan,0
1597988351776081920,1597988352000000000,2020-08-21 13:39:12.000000,6176.0,6260.0,6150.0,6252.0,nan,6186.0,54454,1684262220.0,40620,6176.0,15,6174.0,6,nan,0,nan,0,nan,0,nan,0,nan,0,nan,0,nan,0,nan,0
1597988352807840000,1597988353000000000,2020-08-21 13:39:13.000000,6176.0,6260.0,6150.0,6252.0,nan,6186.0,54455,1684293150.0,40620,6176.0,14,6174.0,6,nan,0,nan,0,nan,0,nan,0,nan,0,nan,0,nan,0,nan,0
1597988353263577088,1597988353000001024,2020-08-21 13:39:13.000001,6176.0,6260.0,6150.0,6252.0,nan,6186.0,54455,1684293150.0,40620,6176.0,14,6174.0,20,nan,0,nan,0,nan,0,nan,0,nan,0,nan,0,nan,0,nan,0
1597988353777547008,1597988354000000000,2020-08-21 13:39:14.000000,6176.0,6260.0,6150.0,6252.0,nan,6186.0,54455,1684293150.0,40620,6176.0,10,6174.0,20,nan,0,nan,0,nan,0,nan,0,nan,0,nan,0,nan,0,nan,0
1597988354278449920,1597988354000001024,2020-08-21 13:39:14.000001,6176.0,6260.0,6150.0,6252.0,nan,6186.0,54455,1684293150.0,40620,6176.0,10,6174.0,17,nan,0,nan,0,nan,0,nan,0,nan,0,nan,0,nan,0,nan,0
1597988354768038912,1597988355000000000,2020-08-21 13:39:15.000000,6176.0,6260.0,6150.0,6252.0,nan,6186.0,54455,1684293150.0,40620,6176.0,11,6174.0,17,nan,0,nan,0,nan,0,nan,0,nan,0,nan,0,nan,0,nan,0
1597988355772513024,1597988356000000000,2020-08-21 13:39:16.000000,6176.0,6260.0,6150.0,6252.0,nan,6186.0,54455,1684293150.0,40620,6176.0,14,6174.0,7,nan,0,nan,0,nan,0,nan,0,nan,0,nan,0,nan,0,nan,0
1597988356283180032,1597988356000001024,2020-08-21 13:39:16.000001,6176.0,6260.0,6150.0,6252.0,nan,6186.0,54455,1684293150.0,40620,6176.0,14,6174.0,3,nan,0,nan,0,nan,0,nan,0,nan,0,nan,0,nan,0,nan,0
1597988357766554880,1597988358000000000,2020-08-21 13:39:18.000000,6176.0,6260.0,6150.0,6252.0,nan,6186.0,54469,1684726170.0,40613,6178.0,19,6176.0,56,nan,0,nan,0,nan,0,nan,0,nan,0,nan,0,nan,0,nan,0
1597988358258894080,1597988358000001024,2020-08-21 13:39:18.000001,6178.0,6260.0,6150.0,6252.0,nan,6186.0,54486,1685251980.0,40618,6178.0,8,6176.0,56,nan,0,nan,0,nan,0,nan,0,nan,0,nan,0,nan,0,nan,0
1597988359260783104,1597988359000001024,2020-08-21 13:39:19.000001,6176.0,6260.0,6150.0,6252.0,nan,6186.0,54490,1685375700.0,40614,6178.0,8,6176.0,52,nan,0,nan,0,nan,0,nan,0,nan,0,nan,0,nan,0,nan,0
1597988359767673088,1597988360000000000,2020-08-21 13:39:20.000000,6176.0,6260.0,6150.0,6252.0,nan,6186.0,54490,1685375700.0,40614,6178.0,11,6176.0,52,nan,0,nan,0,nan,0,nan,0,nan,0,nan,0,nan,0,nan,0
1597988362257752064,1597988362000001024,2020-08-21 13:39:22.000001,6178.0,6260.0,6150.0,6252.0,nan,6186.0,54491,1685406630.0,40615,6178.0,10,6176.0,52,nan,0,nan,0,nan,0,nan,0,nan,0,nan,0,nan,0,nan,0
1597988363770043904,1597988364000000000,2020-08-21 13:39:24.000000,6178.0,6260.0,6150.0,6252.0,nan,6186.0,54491,1685406630.0,40615,6178.0,11,6176.0,52,nan,0,nan,0,nan,0,nan,0,nan,0,nan,0,nan,0,nan,0
1597988364266354944,1597988364000001024,2020-08-21 13:39:24.000001,6178.0,6260.0,6150.0,6252.0,nan,6186.0,54491,1685406630.0,40615,6178.0,7,6176.0,52,nan,0,nan,0,nan,0,nan,0,nan,0,nan,0,nan,0,nan,0
1597988368299927040,1597988368000001024,2020-08-21 13:39:28.000001,6178.0,6260.0,6150.0,6252.0,nan,6186.0,54492,1685437560.0,40615,6178.0,6,6176.0,52,nan,0,nan,0,nan,0,nan,0,nan,0,nan,0,nan,0,nan,0
1597988370780001024,1597988371000000000,2020-08-21 13:39:31.000000,6178.0,6260.0,6150.0,6252.0,nan,6186.0,54493,1685468490.0,40615,6178.0,2,6176.0,52,nan,0,nan,0,nan,0,nan,0,nan,0,nan,0,nan,0,nan,0
1597988371786208000,1597988372000000000,2020-08-21 13:39:32.000000,6178.0,6260.0,6150.0,6252.0,nan,6186.0,54493,1685468490.0,40615,6178.0,3,6176.0,52,nan,0,nan,0,nan,0,nan,0,nan,0,nan,0,nan,0,nan,0
1597988372808776960,1597988373000000000,2020-08-21 13:39:33.000000,6176.0,6260.0,6150.0,6252.0,nan,6186.0,54494,1685499420.0,40614,6178.0,3,6176.0,51,nan,0,nan,0,nan,0,nan,0,nan,0,nan,0,nan,0,nan,0
1597988373267394048,1597988373000001024,2020-08-21 13:39:33.000001,6176.0,6260.0,6150.0,6252.0,nan,6186.0,54494,1685499420.0,40614,6178.0,5,6176.0,51,nan,0,nan,0,nan,0,nan,0,nan,0,nan,0,nan,0,nan,0
1597988373791177984,1597988374000000000,2020-08-21 13:39:34.000000,6178.0,6260.0,6150.0,6252.0,nan,6186.0,54495,1685530350.0,40614,6178.0,4,6176.0,51,nan,0,nan,0,nan,0,nan,0,nan,0,nan,0,nan,0,nan,0
1597988374258201088,1597988374000001024,2020-08-21 13:39:34.000001,6178.0,6260.0,6150.0,6252.0,nan,6186.0,54496,1685561280.0,40615,6178.0,3,6176.0,51,nan,0,nan,0,nan,0,nan,0,nan,0,nan,0,nan,0,nan,0
1597988374785704960,1597988375000000000,2020-08-21 13:39:35.000000,6176.0,6260.0,6150.0,6252.0,nan,6186.0,54497,1685592210.0,40614,6178.0,3,6176.0,50,nan,0,nan,0,nan,0,nan,0,nan,0,nan,0,nan,0,nan,0
1597988376789452032,1597988377000000000,2020-08-21 13:39:37.000000,6176.0,6260.0,6150.0,6252.0,nan,6186.0,54498,1685623140.0,40613,6178.0,3,6176.0,49,nan,0,nan,0,nan,0,nan,0,nan,0,nan,0,nan,0,nan,0
1597988378772857088,1597988379000000000,2020-08-21 13:39:39.000000,6176.0,6260.0,6150.0,6252.0,nan,6186.0,54498,1685623140.0,40613,6178.0,11,6176.0,49,nan,0,nan,0,nan,0,nan,0,nan,0,nan,0,nan,0,nan,0
1597988381277821952,1597988381000001024,2020-08-21 13:39:41.000001,6176.0,6260.0,6150.0,6252.0,nan,6186.0,54498,1685623140.0,40613,6178.0,11,6176.0,50,nan,0,nan,0,nan,0,nan,0,nan,0,nan,0,nan,0,nan,0
1597988382271009024,1597988382000001024,2020-08-21 13:39:42.000001,6176.0,6260.0,6150.0,6252.0,nan,6186.0,54499,1685654070.0,40612,6178.0,11,6176.0,49,nan,0,nan,0,nan,0,nan,0,nan,0,nan,0,nan,0,nan,0
1597988384275282944,1597988384000001024,2020-08-21 13:39:44.000001,6176.0,6260.0,6150.0,6252.0,nan,6186.0,54500,1685685000.0,40611,6178.0,11,6176.0,48,nan,0,nan,0,nan,0,nan,0,nan,0,nan,0,nan,0,nan,0
1597988386272207872,1597988386000001024,2020-08-21 13:39:46.000001,6176.0,6260.0,6150.0,6252.0,nan,6186.0,54500,1685685000.0,40611,6178.0,12,6176.0,48,nan,0,nan,0,nan,0,nan,0,nan,0,nan,0,nan,0,nan,0
1597988386777210112,1597988387000000000,2020-08-21 13:39:47.000000,6176.0,6260.0,6150.0,6252.0,nan,6186.0,54500,1685685000.0,40611,6178.0,17,6176.0,48,nan,0,nan,0,nan,0,nan,0,nan,0,nan,0,nan,0,nan,0
1597988387269472000,1597988387000001024,2020-08-21 13:39:47.000001,6176.0,6260.0,6150.0,6252.0,nan,6186.0,54501,1685715930.0,40611,6178.0,17,6176.0,47,nan,0,nan,0,nan,0,nan,0,nan,0,nan,0,nan,0,nan,0
1597988390790264064,1597988391000000000,2020-08-21 13:39:51.000000,6178.0,6260.0,6150.0,6252.0,nan,6186.0,54503,1685777790.0,40611,6178.0,23,6176.0,47,nan,0,nan,0,nan,0,nan,0,nan,0,nan,0,nan,0,nan,0
1597988392263417088,1597988392000001024,2020-08-21 13:39:52.000001,6178.0,6260.0,6150.0,6252.0,nan,6186.0,54503,1685777790.0,40611,6178.0,23,6176.0,48,nan,0,nan,0,nan,0,nan,0,nan,0,nan,0,nan,0,nan,0
1597988392783955968,1597988393000000000,2020-08-21 13:39:53.000000,6178.0,6260.0,6150.0,6252.0,nan,6186.0,54503,1685777790.0,40611,6178.0,23,6176.0,50,nan,0,nan,0,nan,0,nan,0,nan,0,nan,0,nan,0,nan,0
1597988395785711104,1597988396000000000,2020-08-21 13:39:56.000000,6178.0,6260.0,6150.0,6252.0,nan,6186.0,54503,1685777790.0,40611,6178.0,29,6176.0,50,nan,0,nan,0,nan,0,nan,0,nan,0,nan,0,nan,0,nan,0
1597988396277955072,1597988396000001024,2020-08-21 13:39:56.000001,6178.0,6260.0,6150.0,6252.0,nan,6186.0,54503,1685777790.0,40611,6178.0,29,6176.0,51,nan,0,nan,0,nan,0,nan,0,nan,0,nan,0,nan,0,nan,0
1597988396798362880,1597988397000000000,2020-08-21 13:39:57.000000,6178.0,6260.0,6150.0,6252.0,nan,6186.0,54554,1687355220.0,40585,6180.0,17,6174.0,8,nan,0,nan,0,nan,0,nan,0,nan,0,nan,0,nan,0,nan,0
1597988397321356032,1597988397000001024,2020-08-21 13:39:57.000001,6178.0,6260.0,6150.0,6252.0,nan,6186.0,54554,1687355220.0,40585,6178.0,14,6176.0,7,nan,0,nan,0,nan,0,nan,0,nan,0,nan,0,nan,0,nan,0
1597988399284395008,1597988399000001024,2020-08-21 13:39:59.000001,6178.0,6260.0,6150.0,6252.0,nan,6186.0,54554,1687355220.0,40585,6178.0,14,6176.0,22,nan,0,nan,0,nan,0,nan,0,nan,0,nan,0,nan,0,nan,0
1597988399838167040,1597988400000000000,2020-08-21 13:40:00.000000,6178.0,6260.0,6150.0,6252.0,nan,6186.0,54570,1687850100.0,40578,6180.0,15,6178.0,1,nan,0,nan,0,nan,0,nan,0,nan,0,nan,0,nan,0,nan,0
1597988400809917952,1597988401000000000,2020-08-21 13:40:01.000000,6178.0,6260.0,6150.0,6252.0,nan,6186.0,54571,1687881030.0,40578,6180.0,15,6176.0,21,nan,0,nan,0,nan,0,nan,0,nan,0,nan,0,nan,0,nan,0
1597988401270505984,1597988401000001024,2020-08-21 13:40:01.000001,6178.0,6260.0,6150.0,6252.0,nan,6186.0,54571,1687881030.0,40578,6180.0,15,6178.0,3,nan,0,nan,0,nan,0,nan,0,nan,0,nan,0,nan,0,nan,0
1597988401794148096,1597988402000000000,2020-08-21 13:40:02.000000,6178.0,6260.0,6150.0,6252.0,nan,6186.0,54571,1687881030.0,40578,6180.0,15,6178.0,7,nan,0,nan,0,nan,0,nan,0,nan,0,nan,0,nan,0,nan,0
1597988402275514112,1597988402000001024,2020-08-21 13:40:02.000001,6178.0,6260.0,6150.0,6252.0,nan,6186.0,54571,1687881030.0,40578,6180.0,15,6178.0,20,nan,0,nan,0,nan,0,nan,0,nan,0,nan,0,nan,0,nan,0
1597988403310961920,1597988403000001024,2020-08-21 13:40:03.000001,6178.0,6260.0,6150.0,6252.0,nan,6186.0,54571,1687881030.0,40578,6180.0,14,6178.0,20,nan,0,nan,0,nan,0,nan,0,nan,0,nan,0,nan,0,nan,0
1597988403792115968,1597988404000000000,2020-08-21 13:40:04.000000,6178.0,6260.0,6150.0,6252.0,nan,6186.0,54575,1688004750.0,40578,6180.0,14,6178.0,16,nan,0,nan,0,nan,0,nan,0,nan,0,nan,0,nan,0,nan,0
1597988409281587968,1597988409000001024,2020-08-21 13:40:09.000001,6180.0,6260.0,6150.0,6252.0,nan,6186.0,54577,1688066610.0,40577,6180.0,12,6178.0,16,nan,0,nan,0,nan,0,nan,0,nan,0,nan,0,nan,0,nan,0
1597988409795561984,1597988410000000000,2020-08-21 13:40:10.000000,6180.0,6260.0,6150.0,6252.0,nan,6186.0,54577,1688066610.0,40577,6180.0,14,6178.0,16,nan,0,nan,0,nan,0,nan,0,nan,0,nan,0,nan,0,nan,0
1597988410791130112,1597988411000000000,2020-08-21 13:40:11.000000,6178.0,6260.0,6150.0,6252.0,nan,6186.0,54587,1688375910.0,40570,6180.0,14,6178.0,6,nan,0,nan,0,nan,0,nan,0,nan,0,nan,0,nan,0,nan,0
1597988411270216960,1597988411000001024,2020-08-21 13:40:11.000001,6178.0,6260.0,6150.0,6252.0,nan,6186.0,54587,1688375910.0,40570,6180.0,15,6176.0,21,nan,0,nan,0,nan,0,nan,0,nan,0,nan,0,nan,0,nan,0
1597988411799929088,1597988412000000000,2020-08-21 13:40:12.000000,6178.0,6260.0,6150.0,6252.0,nan,6186.0,54587,1688375910.0,40570,6180.0,13,6176.0,21,nan,0,nan,0,nan,0,nan,0,nan,0,nan,0,nan,0,nan,0
1597988412288504064,1597988412000001024,2020-08-21 13:40:12.000001,6176.0,6260.0,6150.0,6252.0,nan,6186.0,54588,1688406840.0,40570,6178.0,4,6176.0,20,nan,0,nan,0,nan,0,nan,0,nan,0,nan,0,nan,0,nan,0
1597988413282400000,1597988413000001024,2020-08-21 13:40:13.000001,6178.0,6260.0,6150.0,6252.0,nan,6186.0,54589,1688437770.0,40571,6178.0,3,6176.0,20,nan,0,nan,0,nan,0,nan,0,nan,0,nan,0,nan,0,nan,0
1597988413793925120,1597988414000000000,2020-08-21 13:40:14.000000,6176.0,6260.0,6150.0,6252.0,nan,6186.0,54592,1688530560.0,40571,6178.0,4,6176.0,27,nan,0,nan,0,nan,0,nan,0,nan,0,nan,0,nan,0,nan,0
1597988414282215936,1597988414000001024,2020-08-21 13:40:14.000001,6178.0,6260.0,6150.0,6252.0,nan,6186.0,54596,1688654280.0,40569,6180.0,13,6178.0,3,nan,0,nan,0,nan,0,nan,0,nan,0,nan,0,nan,0,nan,0
1597988414808713984,1597988415000000000,2020-08-21 13:40:15.000000,6178.0,6260.0,6150.0,6252.0,nan,6186.0,54596,1688654280.0,40569,6180.0,14,6178.0,3,nan,0,nan,0,nan,0,nan,0,nan,0,nan,0,nan,0,nan,0
1597988417284645120,1597988417000001024,2020-08-21 13:40:17.000001,6178.0,6260.0,6150.0,6252.0,nan,6186.0,54596,1688654280.0,40569,6180.0,15,6178.0,3,nan,0,nan,0,nan,0,nan,0,nan,0,nan,0,nan,0,nan,0
1597988418287041024,1597988418000001024,2020-08-21 13:40:18.000001,6178.0,6260.0,6150.0,6252.0,nan,6186.0,54596,1688654280.0,40569,6180.0,16,6178.0,4,nan,0,nan,0,nan,0,nan,0,nan,0,nan,0,nan,0,nan,0
1597988420790780928,1597988421000000000,2020-08-21 13:40:21.000000,6178.0,6260.0,6150.0,6252.0,nan,6186.0,54596,1688654280.0,40569,6180.0,15,6178.0,4,nan,0,nan,0,nan,0,nan,0,nan,0,nan,0,nan,0,nan,0
1597988422285383936,1597988422000001024,2020-08-21 13:40:22.000001,6178.0,6260.0,6150.0,6252.0,nan,6186.0,54600,1688778000.0,40568,6180.0,15,6176.0,27,nan,0,nan,0,nan,0,nan,0,nan,0,nan,0,nan,0,nan,0
1597988422790736896,1597988423000000000,2020-08-21 13:40:23.000000,6178.0,6260.0,6150.0,6252.0,nan,6186.0,54600,1688778000.0,40568,6178.0,1,6176.0,28,nan,0,nan,0,nan,0,nan,0,nan,0,nan,0,nan,0,nan,0
1597988423276324096,1597988423000001024,2020-08-21 13:40:23.000001,6178.0,6260.0,6150.0,6252.0,nan,6186.0,54600,1688778000.0,40568,6178.0,2,6176.0,28,nan,0,nan,0,nan,0,nan,0,nan,0,nan,0,nan,0,nan,0
1597988423806969088,1597988424000000000,2020-08-21 13:40:24.000000,6176.0,6260.0,6150.0,6252.0,nan,6186.0,54603,1688870790.0,40565,6178.0,2,6176.0,25,nan,0,nan,0,nan,0,nan,0,nan,0,nan,0,nan,0,nan,0
1597988424297425920,1597988424000001024,2020-08-21 13:40:24.000001,6176.0,6260.0,6150.0,6252.0,nan,6186.0,54603,1688870790.0,40565,6178.0,7,6176.0,25,nan,0,nan,0,nan,0,nan,0,nan,0,nan,0,nan,0,nan,0
1597988424799790080,1597988425000000000,2020-08-21 13:40:25.000000,6176.0,6260.0,6150.0,6252.0,nan,6186.0,54603,1688870790.0,40565,6178.0,11,6176.0,15,nan,0,nan,0,nan,0,nan,0,nan,0,nan,0,nan,0,nan,0
1597988425280606976,1597988425000001024,2020-08-21 13:40:25.000001,6176.0,6260.0,6150.0,6252.0,nan,6186.0,54618,1689334740.0,40551,6176.0,6,6174.0,38,nan,0,nan,0,nan,0,nan,0,nan,0,nan,0,nan,0,nan,0
1597988428802552064,1597988429000000000,2020-08-21 13:40:29.000000,6176.0,6260.0,6150.0,6252.0,nan,6186.0,54618,1689334740.0,40551,6176.0,6,6174.0,32,nan,0,nan,0,nan,0,nan,0,nan,0,nan,0,nan,0,nan,0
1597988429276745984,1597988429000001024,2020-08-21 13:40:29.000001,6176.0,6260.0,6150.0,6252.0,nan,6186.0,54618,1689334740.0,40551,6176.0,7,6174.0,32,nan,0,nan,0,nan,0,nan,0,nan,0,nan,0,nan,0,nan,0
1597988429809274880,1597988430000000000,2020-08-21 13:40:30.000000,6176.0,6260.0,6150.0,6252.0,nan,6186.0,54621,1689427530.0,40554,6176.0,4,6174.0,32,nan,0,nan,0,nan,0,nan,0,nan,0,nan,0,nan,0,nan,0
1597988431818892032,1597988432000000000,2020-08-21 13:40:32.000000,6176.0,6260.0,6150.0,6252.0,nan,6186.0,54621,1689427530.0,40554,6176.0,5,6174.0,32,nan,0,nan,0,nan,0,nan,0,nan,0,nan,0,nan,0,nan,0
1597988432816686080,1597988433000000000,2020-08-21 13:40:33.000000,6176.0,6260.0,6150.0,6252.0,nan,6186.0,54621,1689427530.0,40554,6176.0,15,6174.0,32,nan,0,nan,0,nan,0,nan,0,nan,0,nan,0,nan,0,nan,0
1597988433814228992,1597988434000000000,2020-08-21 13:40:34.000000,6174.0,6260.0,6150.0,6252.0,nan,6186.0,54624,1689520320.0,40553,6176.0,15,6174.0,29,nan,0,nan,0,nan,0,nan,0,nan,0,nan,0,nan,0,nan,0
1597988434325966080,1597988434000001024,2020-08-21 13:40:34.000001,6174.0,6260.0,6150.0,6252.0,nan,6186.0,54624,1689520320.0,40553,6176.0,16,6174.0,29,nan,0,nan,0,nan,0,nan,0,nan,0,nan,0,nan,0,nan,0
1597988436290373888,1597988436000001024,2020-08-21 13:40:36.000001,6174.0,6260.0,6150.0,6252.0,nan,6186.0,54624,1689520320.0,40553,6176.0,20,6174.0,29,nan,0,nan,0,nan,0,nan,0,nan,0,nan,0,nan,0,nan,0
1597988436814200064,1597988437000000000,2020-08-21 13:40:37.000000,6174.0,6260.0,6150.0,6252.0,nan,6186.0,54624,1689520320.0,40553,6176.0,20,6174.0,27,nan,0,nan,0,nan,0,nan,0,nan,0,nan,0,nan,0,nan,0
1597988437334512896,1597988437000001024,2020-08-21 13:40:37.000001,6174.0,6260.0,6150.0,6252.0,nan,6186.0,54625,1689551250.0,40553,6176.0,17,6174.0,26,nan,0,nan,0,nan,0,nan,0,nan,0,nan,0,nan,0,nan,0
1597988437809947904,1597988438000000000,2020-08-21 13:40:38.000000,6174.0,6260.0,6150.0,6252.0,nan,6186.0,54625,1689551250.0,40553,6176.0,17,6174.0,28,nan,0,nan,0,nan,0,nan,0,nan,0,nan,0,nan,0,nan,0
1597988439306694912,1597988439000001024,2020-08-21 13:40:39.000001,6174.0,6260.0,6150.0,6252.0,nan,6186.0,54625,1689551250.0,40553,6176.0,17,6174.0,26,nan,0,nan,0,nan,0,nan,0,nan,0,nan,0,nan,0,nan,0
1597988440334682880,1597988440000001024,2020-08-21 13:40:40.000001,6174.0,6260.0,6150.0,6252.0,nan,6186.0,54635,1689860550.0,40543,6176.0,17,6174.0,3,nan,0,nan,0,nan,0,nan,0,nan,0,nan,0,nan,0,nan,0
1597988440807639040,1597988441000000000,2020-08-21 13:40:41.000000,6174.0,6260.0,6150.0,6252.0,nan,6186.0,54635,1689860550.0,40543,6176.0,21,6172.0,32,nan,0,nan,0,nan,0,nan,0,nan,0,nan,0,nan,0,nan,0
1597988441291079936,1597988441000001024,2020-08-21 13:40:41.000001,6174.0,6260.0,6150.0,6252.0,nan,6186.0,54635,1689860550.0,40543,6176.0,20,6174.0,5,nan,0,nan,0,nan,0,nan,0,nan,0,nan,0,nan,0,nan,0
1597988441802720000,1597988442000000000,2020-08-21 13:40:42.000000,6174.0,6260.0,6150.0,6252.0,nan,6186.0,54635,1689860550.0,40543,6176.0,20,6174.0,8,nan,0,nan,0,nan,0,nan,0,nan,0,nan,0,nan,0,nan,0
1597988442809698048,1597988443000000000,2020-08-21 13:40:43.000000,6174.0,6260.0,6150.0,6252.0,nan,6186.0,54635,1689860550.0,40543,6176.0,17,6174.0,9,nan,0,nan,0,nan,0,nan,0,nan,0,nan,0,nan,0,nan,0
1597988443322409984,1597988443000001024,2020-08-21 13:40:43.000001,6176.0,6260.0,6150.0,6252.0,nan,6186.0,54652,1690386360.0,40550,6178.0,8,6174.0,9,nan,0,nan,0,nan,0,nan,0,nan,0,nan,0,nan,0,nan,0
1597988443806470912,1597988444000000000,2020-08-21 13:40:44.000000,6176.0,6260.0,6150.0,6252.0,nan,6186.0,54656,1690510080.0,40547,6178.0,12,6176.0,2,nan,0,nan,0,nan,0,nan,0,nan,0,nan,0,nan,0,nan,0
1597988444326731008,1597988444000001024,2020-08-21 13:40:44.000001,6176.0,6260.0,6150.0,6252.0,nan,6186.0,54656,1690510080.0,40547,6178.0,14,6176.0,2,nan,0,nan,0,nan,0,nan,0,nan,0,nan,0,nan,0,nan,0
1597988448301150976,1597988448000001024,2020-08-21 13:40:48.000001,6176.0,6260.0,6150.0,6252.0,nan,6186.0,54656,1690510080.0,40547,6178.0,10,6176.0,2,nan,0,nan,0,nan,0,nan,0,nan,0,nan,0,nan,0,nan,0
1597988449320997888,1597988449000001024,2020-08-21 13:40:49.000001,6176.0,6260.0,6150.0,6252.0,nan,6186.0,54656,1690510080.0,40547,6178.0,11,6176.0,2,nan,0,nan,0,nan,0,nan,0,nan,0,nan,0,nan,0,nan,0
1597988451291104000,1597988451000001024,2020-08-21 13:40:51.000001,6176.0,6260.0,6150.0,6252.0,nan,6186.0,54656,1690510080.0,40547,6178.0,13,6176.0,2,nan,0,nan,0,nan,0,nan,0,nan,0,nan,0,nan,0,nan,0
1597988453804928000,1597988454000000000,2020-08-21 13:40:54.000000,6176.0,6260.0,6150.0,6252.0,nan,6186.0,54659,1690602870.0,40545,6178.0,13,6174.0,28,nan,0,nan,0,nan,0,nan,0,nan,0,nan,0,nan,0,nan,0
1597988454296997888,1597988454000001024,2020-08-21 13:40:54.000001,6176.0,6260.0,6150.0,6252.0,nan,6186.0,54659,1690602870.0,40545,6178.0,13,6174.0,26,nan,0,nan,0,nan,0,nan,0,nan,0,nan,0,nan,0,nan,0
1597988454808570112,1597988455000000000,2020-08-21 13:40:55.000000,6176.0,6260.0,6150.0,6252.0,nan,6186.0,54659,1690602870.0,40545,6176.0,1,6174.0,28,nan,0,nan,0,nan,0,nan,0,nan,0,nan,0,nan,0,nan,0
1597988456286184960,1597988456000001024,2020-08-21 13:40:56.000001,6176.0,6260.0,6150.0,6252.0,nan,6186.0,54660,1690633800.0,40546,6178.0,14,6174.0,24,nan,0,nan,0,nan,0,nan,0,nan,0,nan,0,nan,0,nan,0
1597988456813423104,1597988457000000000,2020-08-21 13:40:57.000000,6176.0,6260.0,6150.0,6252.0,nan,6186.0,54660,1690633800.0,40546,6176.0,1,6174.0,24,nan,0,nan,0,nan,0,nan,0,nan,0,nan,0,nan,0,nan,0
1597988457293700096,1597988457000001024,2020-08-21 13:40:57.000001,6176.0,6260.0,6150.0,6252.0,nan,6186.0,54660,1690633800.0,40546,6176.0,1,6174.0,28,nan,0,nan,0,nan,0,nan,0,nan,0,nan,0,nan,0,nan,0
1597988460295751936,1597988460000001024,2020-08-21 13:41:00.000001,6176.0,6260.0,6150.0,6252.0,nan,6186.0,54661,1690664730.0,40547,6178.0,14,6176.0,4,nan,0,nan,0,nan,0,nan,0,nan,0,nan,0,nan,0,nan,0
1597988460813520896,1597988461000000000,2020-08-21 13:41:01.000000,6176.0,6260.0,6150.0,6252.0,nan,6186.0,54661,1690664730.0,40547,6178.0,14,6176.0,5,nan,0,nan,0,nan,0,nan,0,nan,0,nan,0,nan,0,nan,0
1597988461347277056,1597988461000001024,2020-08-21 13:41:01.000001,6176.0,6260.0,6150.0,6252.0,nan,6186.0,54661,1690664730.0,40547,6178.0,19,6176.0,5,nan,0,nan,0,nan,0,nan,0,nan,0,nan,0,nan,0,nan,0
1597988462830704128,1597988463000000000,2020-08-21 13:41:03.000000,6176.0,6260.0,6150.0,6252.0,nan,6186.0,54661,1690664730.0,40547,6178.0,20,6176.0,5,nan,0,nan,0,nan,0,nan,0,nan,0,nan,0,nan,0,nan,0
1597988463827042048,1597988464000000000,2020-08-21 13:41:04.000000,6176.0,6260.0,6150.0,6252.0,nan,6186.0,54665,1690788450.0,40547,6178.0,20,6176.0,3,nan,0,nan,0,nan,0,nan,0,nan,0,nan,0,nan,0,nan,0
1597988464303830016,1597988464000001024,2020-08-21 13:41:04.000001,6176.0,6260.0,6150.0,6252.0,nan,6186.0,54665,1690788450.0,40547,6178.0,21,6176.0,3,nan,0,nan,0,nan,0,nan,0,nan,0,nan,0,nan,0,nan,0
1597988467307120896,1597988467000001024,2020-08-21 13:41:07.000001,6176.0,6260.0,6150.0,6252.0,nan,6186.0,54665,1690788450.0,40547,6178.0,21,6176.0,4,nan,0,nan,0,nan,0,nan,0,nan,0,nan,0,nan,0,nan,0
1597988468305457920,1597988468000001024,2020-08-21 13:41:08.000001,6176.0,6260.0,6150.0,6252.0,nan,6186.0,54669,1690912170.0,40545,6176.0,6,6174.0,24,nan,0,nan,0,nan,0,nan,0,nan,0,nan,0,nan,0,nan,0
1597988468829306880,1597988469000000000,2020-08-21 13:41:09.000000,6176.0,6260.0,6150.0,6252.0,nan,6186.0,54669,1690912170.0,40545,6176.0,14,6174.0,24,nan,0,nan,0,nan,0,nan,0,nan,0,nan,0,nan,0,nan,0
1597988469310900992,1597988469000001024,2020-08-21 13:41:09.000001,6176.0,6260.0,6150.0,6252.0,nan,6186.0,54669,1690912170.0,40545,6176.0,15,6174.0,8,nan,0,nan,0,nan,0,nan,0,nan,0,nan,0,nan,0,nan,0
1597988469830347008,1597988470000000000,2020-08-21 13:41:10.000000,6176.0,6260.0,6150.0,6252.0,nan,6186.0,54669,1690912170.0,40545,6176.0,15,6174.0,7,nan,0,nan,0,nan,0,nan,0,nan,0,nan,0,nan,0,nan,0
1597988472301012992,1597988472000001024,2020-08-21 13:41:12.000001,6176.0,6260.0,6150.0,6252.0,nan,6186.0,54669,1690912170.0,40545,6176.0,16,6174.0,7,nan,0,nan,0,nan,0,nan,0,nan,0,nan,0,nan,0,nan,0
1597988472830217984,1597988473000000000,2020-08-21 13:41:13.000000,6176.0,6260.0,6150.0,6252.0,nan,6186.0,54670,1690943100.0,40545,6176.0,15,6174.0,7,nan,0,nan,0,nan,0,nan,0,nan,0,nan,0,nan,0,nan,0
1597988473818599936,1597988474000000000,2020-08-21 13:41:14.000000,6174.0,6260.0,6150.0,6252.0,nan,6186.0,54673,1691035890.0,40545,6176.0,15,6174.0,4,nan,0,nan,0,nan,0,nan,0,nan,0,nan,0,nan,0,nan,0
1597988474306729984,1597988474000001024,2020-08-21 13:41:14.000001,6174.0,6260.0,6150.0,6252.0,nan,6186.0,54683,1691345190.0,40553,6176.0,15,6172.0,28,nan,0,nan,0,nan,0,nan,0,nan,0,nan,0,nan,0,nan,0
1597988474809210112,1597988475000000000,2020-08-21 13:41:15.000000,6174.0,6260.0,6150.0,6252.0,nan,6186.0,54683,1691345190.0,40553,6176.0,14,6172.0,29,nan,0,nan,0,nan,0,nan,0,nan,0,nan,0,nan,0,nan,0
1597988475305937920,1597988475000001024,2020-08-21 13:41:15.000001,6176.0,6260.0,6150.0,6252.0,nan,6186.0,54686,1691437980.0,40552,6176.0,17,6172.0,28,nan,0,nan,0,nan,0,nan,0,nan,0,nan,0,nan,0,nan,0
1597988475817275904,1597988476000000000,2020-08-21 13:41:16.000000,6174.0,6260.0,6150.0,6252.0,nan,6186.0,54687,1691468910.0,40553,6176.0,17,6172.0,27,nan,0,nan,0,nan,0,nan,0,nan,0,nan,0,nan,0,nan,0
1597988476298480896,1597988476000001024,2020-08-21 13:41:16.000001,6174.0,6260.0,6150.0,6252.0,nan,6186.0,54687,1691468910.0,40553,6174.0,5,6172.0,27,nan,0,nan,0,nan,0,nan,0,nan,0,nan,0,nan,0,nan,0
1597988480311312896,1597988480000001024,2020-08-21 13:41:20.000001,6174.0,6260.0,6150.0,6252.0,nan,6186.0,54688,1691499840.0,40554,6174.0,4,6172.0,31,nan,0,nan,0,nan,0,nan,0,nan,0,nan,0,nan,0,nan,0
1597988480817353984,1597988481000000000,2020-08-21 13:41:21.000000,6174.0,6260.0,6150.0,6252.0,nan,6186.0,54692,1691623560.0,40558,6176.0,17,6172.0,29,nan,0,nan,0,nan,0,nan,0,nan,0,nan,0,nan,0,nan,0
1597988483312064000,1597988483000001024,2020-08-21 13:41:23.000001,6174.0,6260.0,6150.0,6252.0,nan,6186.0,54692,1691623560.0,40558,6176.0,17,6172.0,24,nan,0,nan,0,nan,0,nan,0,nan,0,nan,0,nan,0,nan,0
1597988483840107008,1597988484000000000,2020-08-21 13:41:24.000000,6172.0,6260.0,6150.0,6252.0,nan,6186.0,54696,1691747280.0,40555,6174.0,1,6172.0,20,nan,0,nan,0,nan,0,nan,0,nan,0,nan,0,nan,0,nan,0
1597988484303398912,1597988484000001024,2020-08-21 13:41:24.000001,6172.0,6260.0,6150.0,6252.0,nan,6186.0,54696,1691747280.0,40555,6174.0,16,6172.0,13,nan,0,nan,0,nan,0,nan,0,nan,0,nan,0,nan,0,nan,0
1597988484831194880,1597988485000000000,2020-08-21 13:41:25.000000,6172.0,6260.0,6150.0,6252.0,nan,6186.0,54696,1691747280.0,40555,6174.0,16,6172.0,12,nan,0,nan,0,nan,0,nan,0,nan,0,nan,0,nan,0,nan,0
1597988485313210880,1597988485000001024,2020-08-21 13:41:25.000001,6172.0,6260.0,6150.0,6252.0,nan,6186.0,54696,1691747280.0,40555,6174.0,17,6172.0,12,nan,0,nan,0,nan,0,nan,0,nan,0,nan,0,nan,0,nan,0
1597988487303635968,1597988487000001024,2020-08-21 13:41:27.000001,6172.0,6260.0,6150.0,6252.0,nan,6186.0,54696,1691747280.0,40555,6174.0,18,6172.0,12,nan,0,nan,0,nan,0,nan,0,nan,0,nan,0,nan,0,nan,0
1597988490317329920,1597988490000001024,2020-08-21 13:41:30.000001,6174.0,6260.0,6150.0,6252.0,nan,6186.0,54698,1691809140.0,40554,6174.0,17,6172.0,13,nan,0,nan,0,nan,0,nan,0,nan,0,nan,0,nan,0,nan,0
1597988493313332992,1597988493000001024,2020-08-21 13:41:33.000001,6174.0,6260.0,6150.0,6252.0,nan,6186.0,54698,1691809140.0,40554,6174.0,18,6172.0,12,nan,0,nan,0,nan,0,nan,0,nan,0,nan,0,nan,0,nan,0
1597988493833795072,1597988494000000000,2020-08-21 13:41:34.000000,6172.0,6260.0,6150.0,6252.0,nan,6186.0,54702,1691932860.0,40553,6174.0,17,6172.0,9,nan,0,nan,0,nan,0,nan,0,nan,0,nan,0,nan,0,nan,0
1597988494318563072,1597988494000001024,2020-08-21 13:41:34.000001,6172.0,6260.0,6150.0,6252.0,nan,6186.0,54704,1691994720.0,40553,6174.0,17,6172.0,7,nan,0,nan,0,nan,0,nan,0,nan,0,nan,0,nan,0,nan,0
1597988497340403968,1597988497000001024,2020-08-21 13:41:37.000001,6172.0,6260.0,6150.0,6252.0,nan,6186.0,54711,1692211230.0,40551,6172.0,8,6170.0,30,nan,0,nan,0,nan,0,nan,0,nan,0,nan,0,nan,0,nan,0
1597988497840257024,1597988498000000000,2020-08-21 13:41:38.000000,6172.0,6260.0,6150.0,6252.0,nan,6186.0,54711,1692211230.0,40551,6172.0,9,6170.0,30,nan,0,nan,0,nan,0,nan,0,nan,0,nan,0,nan,0,nan,0
1597988498314245120,1597988498000001024,2020-08-21 13:41:38.000001,6172.0,6260.0,6150.0,6252.0,nan,6186.0,54714,1692304020.0,40549,6172.0,6,6170.0,30,nan,0,nan,0,nan,0,nan,0,nan,0,nan,0,nan,0,nan,0
1597988498830341120,1597988499000000000,2020-08-21 13:41:39.000000,6172.0,6260.0,6150.0,6252.0,nan,6186.0,54714,1692304020.0,40549,6172.0,6,6170.0,29,nan,0,nan,0,nan,0,nan,0,nan,0,nan,0,nan,0,nan,0
1597988501835661056,1597988502000000000,2020-08-21 13:41:42.000000,6172.0,6260.0,6150.0,6252.0,nan,6186.0,54714,1692304020.0,40549,6172.0,10,6170.0,29,nan,0,nan,0,nan,0,nan,0,nan,0,nan,0,nan,0,nan,0
1597988502315479040,1597988502000001024,2020-08-21 13:41:42.000001,6172.0,6260.0,6150.0,6252.0,nan,6186.0,54714,1692304020.0,40549,6172.0,14,6170.0,32,nan,0,nan,0,nan,0,nan,0,nan,0,nan,0,nan,0,nan,0
1597988502836934912,1597988503000000000,2020-08-21 13:41:43.000000,6172.0,6260.0,6150.0,6252.0,nan,6186.0,54715,1692334950.0,40549,6172.0,13,6170.0,40,nan,0,nan,0,nan,0,nan,0,nan,0,nan,0,nan,0,nan,0
1597988503345780992,1597988503000001024,2020-08-21 13:41:43.000001,6172.0,6260.0,6150.0,6252.0,nan,6186.0,54715,1692334950.0,40549,6172.0,9,6170.0,40,nan,0,nan,0,nan,0,nan,0,nan,0,nan,0,nan,0,nan,0
1597988503830294016,1597988504000000000,2020-08-21 13:41:44.000000,6170.0,6260.0,6150.0,6252.0,nan,6186.0,54719,1692458670.0,40549,6172.0,9,6170.0,36,nan,0,nan,0,nan,0,nan,0,nan,0,nan,0,nan,0,nan,0
1597988504322744064,1597988504000001024,2020-08-21 13:41:44.000001,6170.0,6260.0,6150.0,6252.0,nan,6186.0,54721,1692520530.0,40549,6172.0,10,6170.0,34,nan,0,nan,0,nan,0,nan,0,nan,0,nan,0,nan,0,nan,0
1597988504849384960,1597988505000000000,2020-08-21 13:41:45.000000,6170.0,6260.0,6150.0,6252.0,nan,6186.0,54721,1692520530.0,40549,6172.0,16,6170.0,32,nan,0,nan,0,nan,0,nan,0,nan,0,nan,0,nan,0,nan,0
1597988506327890944,1597988506000001024,2020-08-21 13:41:46.000001,6170.0,6260.0,6150.0,6252.0,nan,6186.0,54723,1692582390.0,40549,6172.0,19,6170.0,30,nan,0,nan,0,nan,0,nan,0,nan,0,nan,0,nan,0,nan,0
1597988506836246016,1597988507000000000,2020-08-21 13:41:47.000000,6170.0,6260.0,6150.0,6252.0,nan,6186.0,54753,1693510290.0,40563,6170.0,6,6168.0,28,nan,0,nan,0,nan,0,nan,0,nan,0,nan,0,nan,0,nan,0
1597988507318031104,1597988507000001024,2020-08-21 13:41:47.000001,6170.0,6260.0,6150.0,6252.0,nan,6186.0,54753,1693510290.0,40563,6170.0,6,6168.0,30,nan,0,nan,0,nan,0,nan,0,nan,0,nan,0,nan,0,nan,0
1597988507841172992,1597988508000000000,2020-08-21 13:41:48.000000,6170.0,6260.0,6150.0,6252.0,nan,6186.0,54760,1693726800.0,40563,6172.0,19,6168.0,27,nan,0,nan,0,nan,0,nan,0,nan,0,nan,0,nan,0,nan,0
1597988508309693952,1597988508000001024,2020-08-21 13:41:48.000001,6170.0,6260.0,6150.0,6252.0,nan,6186.0,54761,1693757730.0,40563,6170.0,2,6168.0,27,nan,0,nan,0,nan,0,nan,0,nan,0,nan,0,nan,0,nan,0
1597988508840616960,1597988509000000000,2020-08-21 13:41:49.000000,6170.0,6260.0,6150.0,6252.0,nan,6186.0,54762,1693788660.0,40563,6170.0,2,6168.0,27,nan,0,nan,0,nan,0,nan,0,nan,0,nan,0,nan,0,nan,0
1597988511325505024,1597988511000001024,2020-08-21 13:41:51.000001,6170.0,6260.0,6150.0,6252.0,nan,6186.0,54764,1693850520.0,40562,6172.0,20,6168.0,27,nan,0,nan,0,nan,0,nan,0,nan,0,nan,0,nan,0,nan,0
1597988511840542976,1597988512000000000,2020-08-21 13:41:52.000000,6170.0,6260.0,6150.0,6252.0,nan,6186.0,54764,1693850520.0,40562,6172.0,20,6170.0,4,nan,0,nan,0,nan,0,nan,0,nan,0,nan,0,nan,0,nan,0
1597988512346483968,1597988512000001024,2020-08-21 13:41:52.000001,6170.0,6260.0,6150.0,6252.0,nan,6186.0,54764,1693850520.0,40562,6172.0,17,6170.0,14,nan,0,nan,0,nan,0,nan,0,nan,0,nan,0,nan,0,nan,0
1597988512834237952,1597988513000000000,2020-08-21 13:41:53.000000,6170.0,6260.0,6150.0,6252.0,nan,6186.0,54764,1693850520.0,40562,6172.0,14,6170.0,22,nan,0,nan,0,nan,0,nan,0,nan,0,nan,0,nan,0,nan,0
1597988513847218944,1597988514000000000,2020-08-21 13:41:54.000000,6170.0,6260.0,6150.0,6252.0,nan,6186.0,54767,1693943310.0,40562,6172.0,14,6170.0,19,nan,0,nan,0,nan,0,nan,0,nan,0,nan,0,nan,0,nan,0
1597988514842660096,1597988515000000000,2020-08-21 13:41:55.000000,6170.0,6260.0,6150.0,6252.0,nan,6186.0,54767,1693943310.0,40562,6172.0,14,6170.0,20,nan,0,nan,0,nan,0,nan,0,nan,0,nan,0,nan,0,nan,0
1597988515842042880,1597988516000000000,2020-08-21 13:41:56.000000,6170.0,6260.0,6150.0,6252.0,nan,6186.0,54767,1693943310.0,40562,6172.0,14,6170.0,22,nan,0,nan,0,nan,0,nan,0,nan,0,nan,0,nan,0,nan,0
1597988516333935104,1597988516000001024,2020-08-21 13:41:56.000001,6170.0,6260.0,6150.0,6252.0,nan,6186.0,54768,1693974240.0,40562,6172.0,14,6170.0,21,nan,0,nan,0,nan,0,nan,0,nan,0,nan,0,nan,0,nan,0
1597988518383729920,1597988518000001024,2020-08-21 13:41:58.000001,6170.0,6260.0,6150.0,6252.0,nan,6186.0,54770,1694036100.0,40562,6172.0,14,6170.0,20,nan,0,nan,0,nan,0,nan,0,nan,0,nan,0,nan,0,nan,0
1597988519347248128,1597988519000001024,2020-08-21 13:41:59.000001,6170.0,6260.0,6150.0,6252.0,nan,6186.0,54770,1694036100.0,40562,6172.0,16,6170.0,20,nan,0,nan,0,nan,0,nan,0,nan,0,nan,0,nan,0,nan,0
1597988520323636992,1597988520000001024,2020-08-21 13:42:00.000001,6170.0,6260.0,6150.0,6252.0,nan,6186.0,54770,1694036100.0,40562,6172.0,17,6170.0,20,nan,0,nan,0,nan,0,nan,0,nan,0,nan,0,nan,0,nan,0
1597988520855239936,1597988521000000000,2020-08-21 13:42:01.000000,6170.0,6260.0,6150.0,6252.0,nan,6186.0,54770,1694036100.0,40562,6172.0,17,6170.0,19,nan,0,nan,0,nan,0,nan,0,nan,0,nan,0,nan,0,nan,0
1597988521352039936,1597988521000001024,2020-08-21 13:42:01.000001,6170.0,6260.0,6150.0,6252.0,nan,6186.0,54770,1694036100.0,40562,6172.0,21,6170.0,19,nan,0,nan,0,nan,0,nan,0,nan,0,nan,0,nan,0,nan,0
1597988521837889024,1597988522000000000,2020-08-21 13:42:02.000000,6172.0,6260.0,6150.0,6252.0,nan,6186.0,54771,1694067030.0,40561,6172.0,20,6170.0,21,nan,0,nan,0,nan,0,nan,0,nan,0,nan,0,nan,0,nan,0
1597988522319403008,1597988522000001024,2020-08-21 13:42:02.000001,6172.0,6260.0,6150.0,6252.0,nan,6186.0,54772,1694097960.0,40560,6172.0,16,6170.0,22,nan,0,nan,0,nan,0,nan,0,nan,0,nan,0,nan,0,nan,0
1597988522857728000,1597988523000000000,2020-08-21 13:42:03.000000,6172.0,6260.0,6150.0,6252.0,nan,6186.0,54772,1694097960.0,40560,6172.0,12,6170.0,22,nan,0,nan,0,nan,0,nan,0,nan,0,nan,0,nan,0,nan,0
1597988523327300096,1597988523000001024,2020-08-21 13:42:03.000001,6172.0,6260.0,6150.0,6252.0,nan,6186.0,54776,1694221680.0,40558,6172.0,8,6170.0,15,nan,0,nan,0,nan,0,nan,0,nan,0,nan,0,nan,0,nan,0
1597988523845204992,1597988524000000000,2020-08-21 13:42:04.000000,6170.0,6260.0,6150.0,6252.0,nan,6186.0,54780,1694345400.0,40556,6172.0,8,6170.0,15,nan,0,nan,0,nan,0,nan,0,nan,0,nan,0,nan,0,nan,0
1597988524349710080,1597988524000001024,2020-08-21 13:42:04.000001,6170.0,6260.0,6150.0,6252.0,nan,6186.0,54780,1694345400.0,40556,6172.0,9,6170.0,15,nan,0,nan,0,nan,0,nan,0,nan,0,nan,0,nan,0,nan,0
1597988526330350080,1597988526000001024,2020-08-21 13:42:06.000001,6170.0,6260.0,6150.0,6252.0,nan,6186.0,54780,1694345400.0,40556,6172.0,10,6170.0,15,nan,0,nan,0,nan,0,nan,0,nan,0,nan,0,nan,0,nan,0
1597988527864518912,1597988528000000000,2020-08-21 13:42:08.000000,6170.0,6260.0,6150.0,6252.0,nan,6186.0,54780,1694345400.0,40556,6172.0,10,6170.0,16,nan,0,nan,0,nan,0,nan,0,nan,0,nan,0,nan,0,nan,0
1597988528851802880,1597988529000000000,2020-08-21 13:42:09.000000,6170.0,6260.0,6150.0,6252.0,nan,6186.0,54780,1694345400.0,40556,6172.0,10,6170.0,17,nan,0,nan,0,nan,0,nan,0,nan,0,nan,0,nan,0,nan,0
1597988529320876032,1597988529000001024,2020-08-21 13:42:09.000001,6170.0,6260.0,6150.0,6252.0,nan,6186.0,54780,1694345400.0,40556,6172.0,11,6170.0,17,nan,0,nan,0,nan,0,nan,0,nan,0,nan,0,nan,0,nan,0
1597988530334437120,1597988530000001024,2020-08-21 13:42:10.000001,6170.0,6260.0,6150.0,6252.0,nan,6186.0,54780,1694345400.0,40556,6172.0,12,6170.0,18,nan,0,nan,0,nan,0,nan,0,nan,0,nan,0,nan,0,nan,0
1597988533850135040,1597988534000000000,2020-08-21 13:42:14.000000,6170.0,6260.0,6150.0,6252.0,nan,6186.0,54783,1694438190.0,40553,6172.0,12,6170.0,15,nan,0,nan,0,nan,0,nan,0,nan,0,nan,0,nan,0,nan,0
1597988534323980032,1597988534000001024,2020-08-21 13:42:14.000001,6170.0,6260.0,6150.0,6252.0,nan,6186.0,54785,1694500050.0,40553,6172.0,15,6170.0,13,nan,0,nan,0,nan,0,nan,0,nan,0,nan,0,nan,0,nan,0
1597988534860722944,1597988535000000000,2020-08-21 13:42:15.000000,6170.0,6260.0,6150.0,6252.0,nan,6186.0,54787,1694561910.0,40554,6172.0,15,6170.0,11,nan,0,nan,0,nan,0,nan,0,nan,0,nan,0,nan,0,nan,0
1597988535337891072,1597988535000001024,2020-08-21 13:42:15.000001,6170.0,6260.0,6150.0,6252.0,nan,6186.0,54787,1694561910.0,40554,6172.0,17,6170.0,19,nan,0,nan,0,nan,0,nan,0,nan,0,nan,0,nan,0,nan,0
1597988535850696960,1597988536000000000,2020-08-21 13:42:16.000000,6170.0,6260.0,6150.0,6252.0,nan,6186.0,54788,1694592840.0,40555,6172.0,15,6170.0,18,nan,0,nan,0,nan,0,nan,0,nan,0,nan,0,nan,0,nan,0
1597988536352297984,1597988536000001024,2020-08-21 13:42:16.000001,6170.0,6260.0,6150.0,6252.0,nan,6186.0,54788,1694592840.0,40555,6172.0,16,6170.0,18,nan,0,nan,0,nan,0,nan,0,nan,0,nan,0,nan,0,nan,0
1597988536867500032,1597988537000000000,2020-08-21 13:42:17.000000,6170.0,6260.0,6150.0,6252.0,nan,6186.0,54788,1694592840.0,40555,6172.0,16,6170.0,20,nan,0,nan,0,nan,0,nan,0,nan,0,nan,0,nan,0,nan,0
1597988538325776896,1597988538000001024,2020-08-21 13:42:18.000001,6170.0,6260.0,6150.0,6252.0,nan,6186.0,54798,1694902140.0,40549,6172.0,16,6170.0,10,nan,0,nan,0,nan,0,nan,0,nan,0,nan,0,nan,0,nan,0
1597988539352425984,1597988539000001024,2020-08-21 13:42:19.000001,6170.0,6260.0,6150.0,6252.0,nan,6186.0,54798,1694902140.0,40549,6172.0,18,6170.0,10,nan,0,nan,0,nan,0,nan,0,nan,0,nan,0,nan,0,nan,0
1597988541342735872,1597988541000001024,2020-08-21 13:42:21.000001,6170.0,6260.0,6150.0,6252.0,nan,6186.0,54800,1694964000.0,40549,6172.0,26,6170.0,8,nan,0,nan,0,nan,0,nan,0,nan,0,nan,0,nan,0,nan,0
1597988541860257024,1597988542000000000,2020-08-21 13:42:22.000000,6170.0,6260.0,6150.0,6252.0,nan,6186.0,54808,1695211440.0,40557,6170.0,3,6168.0,31,nan,0,nan,0,nan,0,nan,0,nan,0,nan,0,nan,0,nan,0
1597988543871559936,1597988544000000000,2020-08-21 13:42:24.000000,6168.0,6260.0,6150.0,6252.0,nan,6186.0,54812,1695335160.0,40554,6170.0,3,6168.0,27,nan,0,nan,0,nan,0,nan,0,nan,0,nan,0,nan,0,nan,0
1597988544337635072,1597988544000001024,2020-08-21 13:42:24.000001,6170.0,6260.0,6150.0,6252.0,nan,6186.0,54817,1695489810.0,40552,6170.0,8,6168.0,29,nan,0,nan,0,nan,0,nan,0,nan,0,nan,0,nan,0,nan,0
1597988545902860032,1597988546000000000,2020-08-21 13:42:26.000000,6168.0,6260.0,6150.0,6252.0,nan,6186.0,54818,1695520740.0,40552,6170.0,12,6168.0,28,nan,0,nan,0,nan,0,nan,0,nan,0,nan,0,nan,0,nan,0
1597988546346283008,1597988546000001024,2020-08-21 13:42:26.000001,6168.0,6260.0,6150.0,6252.0,nan,6186.0,54818,1695520740.0,40552,6170.0,15,6168.0,28,nan,0,nan,0,nan,0,nan,0,nan,0,nan,0,nan,0,nan,0
1597988546856645888,1597988547000000000,2020-08-21 13:42:27.000000,6170.0,6260.0,6150.0,6252.0,nan,6186.0,54830,1695891900.0,40557,6172.0,26,6168.0,28,nan,0,nan,0,nan,0,nan,0,nan,0,nan,0,nan,0,nan,0
1597988549327064064,1597988549000001024,2020-08-21 13:42:29.000001,6170.0,6260.0,6150.0,6252.0,nan,6186.0,54830,1695891900.0,40557,6172.0,26,6168.0,27,nan,0,nan,0,nan,0,nan,0,nan,0,nan,0,nan,0,nan,0
1597988549861500928,1597988550000000000,2020-08-21 13:42:30.000000,6172.0,6260.0,6150.0,6252.0,nan,6186.0,54831,1695922830.0,40558,6172.0,25,6168.0,27,nan,0,nan,0,nan,0,nan,0,nan,0,nan,0,nan,0,nan,0
1597988553339601920,1597988553000001024,2020-08-21 13:42:33.000001,6172.0,6260.0,6150.0,6252.0,nan,6186.0,54832,1695953760.0,40558,6172.0,25,6168.0,27,nan,0,nan,0,nan,0,nan,0,nan,0,nan,0,nan,0,nan,0
1597988553861338880,1597988554000000000,2020-08-21 13:42:34.000000,6168.0,6260.0,6150.0,6252.0,nan,6186.0,54835,1696046550.0,40558,6172.0,25,6168.0,29,nan,0,nan,0,nan,0,nan,0,nan,0,nan,0,nan,0,nan,0
1597988555340754944,1597988555000001024,2020-08-21 13:42:35.000001,6168.0,6260.0,6150.0,6252.0,nan,6186.0,54835,1696046550.0,40558,6172.0,26,6168.0,29,nan,0,nan,0,nan,0,nan,0,nan,0,nan,0,nan,0,nan,0
1597988558396259072,1597988558000001024,2020-08-21 13:42:38.000001,6168.0,6260.0,6150.0,6252.0,nan,6186.0,54835,1696046550.0,40558,6170.0,2,6168.0,25,nan,0,nan,0,nan,0,nan,0,nan,0,nan,0,nan,0,nan,0
1597988558877590016,1597988559000000000,2020-08-21 13:42:39.000000,6170.0,6260.0,6150.0,6252.0,nan,6186.0,54840,1696201200.0,40554,6170.0,3,6168.0,25,nan,0,nan,0,nan,0,nan,0,nan,0,nan,0,nan,0,nan,0
1597988560868190976,1597988561000000000,2020-08-21 13:42:41.000000,6170.0,6260.0,6150.0,6252.0,nan,6186.0,54840,1696201200.0,40554,6172.0,26,6168.0,25,nan,0,nan,0,nan,0,nan,0,nan,0,nan,0,nan,0,nan,0
1597988562344692992,1597988562000001024,2020-08-21 13:42:42.000001,6170.0,6260.0,6150.0,6252.0,nan,6186.0,54840,1696201200.0,40554,6172.0,27,6168.0,25,nan,0,nan,0,nan,0,nan,0,nan,0,nan,0,nan,0,nan,0
1597988562877747968,1597988563000000000,2020-08-21 13:42:43.000000,6170.0,6260.0,6150.0,6252.0,nan,6186.0,54840,1696201200.0,40554,6172.0,30,6168.0,25,nan,0,nan,0,nan,0,nan,0,nan,0,nan,0,nan,0,nan,0
1597988563349293056,1597988563000001024,2020-08-21 13:42:43.000001,6170.0,6260.0,6150.0,6252.0,nan,6186.0,54841,1696232130.0,40555,6170.0,5,6168.0,25,nan,0,nan,0,nan,0,nan,0,nan,0,nan,0,nan,0,nan,0
1597988563876713984,1597988564000000000,2020-08-21 13:42:44.000000,6168.0,6260.0,6150.0,6252.0,nan,6186.0,54866,1697005380.0,40550,6168.0,3,6166.0,104,nan,0,nan,0,nan,0,nan,0,nan,0,nan,0,nan,0,nan,0
1597988564342216960,1597988564000001024,2020-08-21 13:42:44.000001,6168.0,6260.0,6150.0,6252.0,nan,6186.0,54869,1697098170.0,40547,6170.0,10,6168.0,3,nan,0,nan,0,nan,0,nan,0,nan,0,nan,0,nan,0,nan,0
1597988564882627072,1597988565000000000,2020-08-21 13:42:45.000000,6168.0,6260.0,6150.0,6252.0,nan,6186.0,54872,1697190960.0,40547,6168.0,1,6166.0,105,nan,0,nan,0,nan,0,nan,0,nan,0,nan,0,nan,0,nan,0
1597988565347261952,1597988565000001024,2020-08-21 13:42:45.000001,6168.0,6260.0,6150.0,6252.0,nan,6186.0,54873,1697221890.0,40547,6170.0,16,6168.0,14,nan,0,nan,0,nan,0,nan,0,nan,0,nan,0,nan,0,nan,0
1597988565858245888,1597988566000000000,2020-08-21 13:42:46.000000,6168.0,6260.0,6150.0,6252.0,nan,6186.0,54873,1697221890.0,40547,6170.0,6,6168.0,14,nan,0,nan,0,nan,0,nan,0,nan,0,nan,0,nan,0,nan,0
1597988566358775040,1597988566000001024,2020-08-21 13:42:46.000001,6168.0,6260.0,6150.0,6252.0,nan,6186.0,54873,1697221890.0,40547,6170.0,6,6168.0,15,nan,0,nan,0,nan,0,nan,0,nan,0,nan,0,nan,0,nan,0
1597988567352014080,1597988567000001024,2020-08-21 13:42:47.000001,6168.0,6260.0,6150.0,6252.0,nan,6186.0,54873,1697221890.0,40547,6170.0,6,6168.0,11,nan,0,nan,0,nan,0,nan,0,nan,0,nan,0,nan,0,nan,0
1597988568341969920,1597988568000001024,2020-08-21 13:42:48.000001,6168.0,6260.0,6150.0,6252.0,nan,6186.0,54873,1697221890.0,40547,6170.0,16,6168.0,11,nan,0,nan,0,nan,0,nan,0,nan,0,nan,0,nan,0,nan,0
1597988568870556928,1597988569000000000,2020-08-21 13:42:49.000000,6168.0,6260.0,6150.0,6252.0,nan,6186.0,54873,1697221890.0,40547,6170.0,16,6168.0,16,nan,0,nan,0,nan,0,nan,0,nan,0,nan,0,nan,0,nan,0
1597988569867532032,1597988570000000000,2020-08-21 13:42:50.000000,6170.0,6260.0,6150.0,6252.0,nan,6186.0,54883,1697531190.0,40544,6172.0,29,6168.0,19,nan,0,nan,0,nan,0,nan,0,nan,0,nan,0,nan,0,nan,0
1597988570347622912,1597988570000001024,2020-08-21 13:42:50.000001,6170.0,6260.0,6150.0,6252.0,nan,6186.0,54883,1697531190.0,40544,6172.0,30,6168.0,23,nan,0,nan,0,nan,0,nan,0,nan,0,nan,0,nan,0,nan,0
1597988570867674112,1597988571000000000,2020-08-21 13:42:51.000000,6170.0,6260.0,6150.0,6252.0,nan,6186.0,54883,1697531190.0,40544,6172.0,27,6168.0,23,nan,0,nan,0,nan,0,nan,0,nan,0,nan,0,nan,0,nan,0
1597988573338855936,1597988573000001024,2020-08-21 13:42:53.000001,6168.0,6260.0,6150.0,6252.0,nan,6186.0,54884,1697562120.0,40544,6172.0,27,6168.0,22,nan,0,nan,0,nan,0,nan,0,nan,0,nan,0,nan,0,nan,0
1597988573877378048,1597988574000000000,2020-08-21 13:42:54.000000,6168.0,6260.0,6150.0,6252.0,nan,6186.0,54888,1697685840.0,40545,6172.0,27,6168.0,18,nan,0,nan,0,nan,0,nan,0,nan,0,nan,0,nan,0,nan,0
1597988575380625920,1597988575000001024,2020-08-21 13:42:55.000001,6170.0,6260.0,6150.0,6252.0,nan,6186.0,54893,1697840490.0,40545,6172.0,27,6168.0,18,nan,0,nan,0,nan,0,nan,0,nan,0,nan,0,nan,0,nan,0
1597988577886906112,1597988578000000000,2020-08-21 13:42:58.000000,6172.0,6260.0,6150.0,6252.0,nan,6186.0,54894,1697871420.0,40545,6172.0,27,6168.0,18,nan,0,nan,0,nan,0,nan,0,nan,0,nan,0,nan,0,nan,0
1597988578377864960,1597988578000001024,2020-08-21 13:42:58.000001,6172.0,6260.0,6150.0,6252.0,nan,6186.0,54894,1697871420.0,40545,6170.0,1,6168.0,18,nan,0,nan,0,nan,0,nan,0,nan,0,nan,0,nan,0,nan,0
1597988578896817920,1597988579000000000,2020-08-21 13:42:59.000000,6172.0,6260.0,6150.0,6252.0,nan,6186.0,54894,1697871420.0,40545,6170.0,1,6168.0,22,nan,0,nan,0,nan,0,nan,0,nan,0,nan,0,nan,0,nan,0
1597988580347314944,1597988580000001024,2020-08-21 13:43:00.000001,6172.0,6260.0,6150.0,6252.0,nan,6186.0,54894,1697871420.0,40545,6170.0,2,6168.0,22,nan,0,nan,0,nan,0,nan,0,nan,0,nan,0,nan,0,nan,0
1597988581424846080,1597988581000001024,2020-08-21 13:43:01.000001,6172.0,6260.0,6150.0,6252.0,nan,6186.0,54894,1697871420.0,40545,6170.0,2,6168.0,21,nan,0,nan,0,nan,0,nan,0,nan,0,nan,0,nan,0,nan,0
1597988581881573120,1597988582000000000,2020-08-21 13:43:02.000000,6172.0,6260.0,6150.0,6252.0,nan,6186.0,54894,1697871420.0,40545,6170.0,2,6168.0,18,nan,0,nan,0,nan,0,nan,0,nan,0,nan,0,nan,0,nan,0
1597988582346023936,1597988582000001024,2020-08-21 13:43:02.000001,6170.0,6260.0,6150.0,6252.0,nan,6186.0,54895,1697902350.0,40545,6170.0,1,6168.0,18,nan,0,nan,0,nan,0,nan,0,nan,0,nan,0,nan,0,nan,0
1597988582882980096,1597988583000000000,2020-08-21 13:43:03.000000,6168.0,6260.0,6150.0,6252.0,nan,6186.0,54896,1697933280.0,40546,6170.0,1,6168.0,20,nan,0,nan,0,nan,0,nan,0,nan,0,nan,0,nan,0,nan,0
1597988583358125056,1597988583000001024,2020-08-21 13:43:03.000001,6170.0,6260.0,6150.0,6252.0,nan,6186.0,54897,1697964210.0,40547,6170.0,1,6168.0,26,nan,0,nan,0,nan,0,nan,0,nan,0,nan,0,nan,0,nan,0
1597988583888284928,1597988584000000000,2020-08-21 13:43:04.000000,6168.0,6260.0,6150.0,6252.0,nan,6186.0,54902,1698118860.0,40547,6172.0,26,6168.0,27,nan,0,nan,0,nan,0,nan,0,nan,0,nan,0,nan,0,nan,0
1597988584390316032,1597988584000001024,2020-08-21 13:43:04.000001,6168.0,6260.0,6150.0,6252.0,nan,6186.0,54902,1698118860.0,40547,6172.0,17,6170.0,6,nan,0,nan,0,nan,0,nan,0,nan,0,nan,0,nan,0,nan,0
1597988584871208960,1597988585000000000,2020-08-21 13:43:05.000000,6168.0,6260.0,6150.0,6252.0,nan,6186.0,54902,1698118860.0,40547,6172.0,17,6170.0,9,nan,0,nan,0,nan,0,nan,0,nan,0,nan,0,nan,0,nan,0
1597988585356811008,1597988585000001024,2020-08-21 13:43:05.000001,6172.0,6260.0,6150.0,6252.0,nan,6186.0,54903,1698149790.0,40548,6172.0,16,6170.0,9,nan,0,nan,0,nan,0,nan,0,nan,0,nan,0,nan,0,nan,0
1597988586350023936,1597988586000001024,2020-08-21 13:43:06.000001,6172.0,6260.0,6150.0,6252.0,nan,6186.0,54903,1698149790.0,40548,6172.0,17,6170.0,9,nan,0,nan,0,nan,0,nan,0,nan,0,nan,0,nan,0,nan,0
1597988587352708096,1597988587000001024,2020-08-21 13:43:07.000001,6172.0,6260.0,6150.0,6252.0,nan,6186.0,54903,1698149790.0,40548,6172.0,18,6170.0,9,nan,0,nan,0,nan,0,nan,0,nan,0,nan,0,nan,0,nan,0
1597988587861099008,1597988588000000000,2020-08-21 13:43:08.000000,6172.0,6260.0,6150.0,6252.0,nan,6186.0,54903,1698149790.0,40548,6172.0,18,6170.0,11,nan,0,nan,0,nan,0,nan,0,nan,0,nan,0,nan,0,nan,0
1597988590920544000,1597988591000000000,2020-08-21 13:43:11.000000,6170.0,6260.0,6150.0,6252.0,nan,6186.0,54904,1698180720.0,40547,6172.0,17,6170.0,10,nan,0,nan,0,nan,0,nan,0,nan,0,nan,0,nan,0,nan,0
1597988591881576960,1597988592000000000,2020-08-21 13:43:12.000000,6170.0,6260.0,6150.0,6252.0,nan,6186.0,54905,1698211650.0,40547,6172.0,17,6170.0,9,nan,0,nan,0,nan,0,nan,0,nan,0,nan,0,nan,0,nan,0
1597988592869210112,1597988593000000000,2020-08-21 13:43:13.000000,6170.0,6260.0,6150.0,6252.0,nan,6186.0,54905,1698211650.0,40547,6172.0,17,6170.0,10,nan,0,nan,0,nan,0,nan,0,nan,0,nan,0,nan,0,nan,0
1597988593386459904,1597988593000001024,2020-08-21 13:43:13.000001,6170.0,6260.0,6150.0,6252.0,nan,6186.0,54905,1698211650.0,40547,6172.0,17,6170.0,11,nan,0,nan,0,nan,0,nan,0,nan,0,nan,0,nan,0,nan,0
1597988593892214016,1597988594000000000,2020-08-21 13:43:14.000000,6170.0,6260.0,6150.0,6252.0,nan,6186.0,54908,1698304440.0,40545,6172.0,17,6170.0,8,nan,0,nan,0,nan,0,nan,0,nan,0,nan,0,nan,0,nan,0
1597988594857878016,1597988595000001024,2020-08-21 13:43:15.000001,6170.0,6260.0,6150.0,6252.0,nan,6186.0,54908,1698304440.0,40545,6172.0,17,6170.0,5,nan,0,nan,0,nan,0,nan,0,nan,0,nan,0,nan,0,nan,0
1597988595851706112,1597988596000001024,2020-08-21 13:43:16.000001,6170.0,6260.0,6150.0,6252.0,nan,6186.0,54908,1698304440.0,40545,6172.0,27,6170.0,5,nan,0,nan,0,nan,0,nan,0,nan,0,nan,0,nan,0,nan,0
1597988596890501120,1597988597000000000,2020-08-21 13:43:17.000000,6172.0,6260.0,6150.0,6252.0,nan,6186.0,54909,1698335370.0,40546,6172.0,26,6170.0,5,nan,0,nan,0,nan,0,nan,0,nan,0,nan,0,nan,0,nan,0
1597988598356442880,1597988598000001792,2020-08-21 13:43:18.000002,6172.0,6260.0,6150.0,6252.0,nan,6186.0,54909,1698335370.0,40546,6172.0,27,6170.0,5,nan,0,nan,0,nan,0,nan,0,nan,0,nan,0,nan,0,nan,0
1597988600891185920,1597988601000000000,2020-08-21 13:43:21.000000,6170.0,6260.0,6150.0,6252.0,nan,6186.0,54910,1698366300.0,40547,6172.0,27,6170.0,4,nan,0,nan,0,nan,0,nan,0,nan,0,nan,0,nan,0,nan,0
1597988602879031040,1597988603000000000,2020-08-21 13:43:23.000000,6172.0,6260.0,6150.0,6252.0,nan,6186.0,54911,1698397230.0,40547,6172.0,26,6170.0,4,nan,0,nan,0,nan,0,nan,0,nan,0,nan,0,nan,0,nan,0
1597988603363534080,1597988603000001024,2020-08-21 13:43:23.000001,6172.0,6260.0,6150.0,6252.0,nan,6186.0,54912,1698428160.0,40548,6172.0,25,6170.0,4,nan,0,nan,0,nan,0,nan,0,nan,0,nan,0,nan,0,nan,0
1597988603878843904,1597988604000000000,2020-08-21 13:43:24.000000,6170.0,6260.0,6150.0,6252.0,nan,6186.0,54916,1698551880.0,40548,6172.0,25,6168.0,26,nan,0,nan,0,nan,0,nan,0,nan,0,nan,0,nan,0,nan,0
1597988604354528000,1597988604000001024,2020-08-21 13:43:24.000001,6170.0,6260.0,6150.0,6252.0,nan,6186.0,54916,1698551880.0,40548,6172.0,26,6168.0,26,nan,0,nan,0,nan,0,nan,0,nan,0,nan,0,nan,0,nan,0
1597988606370099968,1597988606000001024,2020-08-21 13:43:26.000001,6170.0,6260.0,6150.0,6252.0,nan,6186.0,54916,1698551880.0,40548,6172.0,26,6170.0,9,nan,0,nan,0,nan,0,nan,0,nan,0,nan,0,nan,0,nan,0
1597988607891106048,1597988608000000000,2020-08-21 13:43:28.000000,6170.0,6260.0,6150.0,6252.0,nan,6186.0,54923,1698768390.0,40541,6172.0,26,6170.0,2,nan,0,nan,0,nan,0,nan,0,nan,0,nan,0,nan,0,nan,0
1597988609890929920,1597988610000000000,2020-08-21 13:43:30.000000,6170.0,6260.0,6150.0,6252.0,nan,6186.0,54924,1698799320.0,40541,6172.0,26,6170.0,1,nan,0,nan,0,nan,0,nan,0,nan,0,nan,0,nan,0,nan,0
1597988610378976000,1597988611000000000,2020-08-21 13:43:31.000000,6170.0,6260.0,6150.0,6252.0,nan,6186.0,54925,1698830250.0,40541,6172.0,26,6168.0,26,nan,0,nan,0,nan,0,nan,0,nan,0,nan,0,nan,0,nan,0
1597988610857380096,1597988611000001024,2020-08-21 13:43:31.000001,6172.0,6260.0,6150.0,6252.0,nan,6186.0,54926,1698861180.0,40541,6172.0,25,6168.0,26,nan,0,nan,0,nan,0,nan,0,nan,0,nan,0,nan,0,nan,0
1597988611391276032,1597988612000000000,2020-08-21 13:43:32.000000,6172.0,6260.0,6150.0,6252.0,nan,6186.0,54926,1698861180.0,40541,6172.0,25,6170.0,5,nan,0,nan,0,nan,0,nan,0,nan,0,nan,0,nan,0,nan,0
1597988611863168000,1597988612000001024,2020-08-21 13:43:32.000001,6172.0,6260.0,6150.0,6252.0,nan,6186.0,54927,1698892110.0,40541,6172.0,24,6170.0,5,nan,0,nan,0,nan,0,nan,0,nan,0,nan,0,nan,0,nan,0
1597988612364250112,1597988612000001792,2020-08-21 13:43:32.000002,6172.0,6260.0,6150.0,6252.0,nan,6186.0,54927,1698892110.0,40541,6172.0,27,6170.0,5,nan,0,nan,0,nan,0,nan,0,nan,0,nan,0,nan,0,nan,0
1597988612888679936,1597988613000000000,2020-08-21 13:43:33.000000,6172.0,6260.0,6150.0,6252.0,nan,6186.0,54927,1698892110.0,40541,6172.0,24,6170.0,5,nan,0,nan,0,nan,0,nan,0,nan,0,nan,0,nan,0,nan,0
1597988613870394112,1597988614000001024,2020-08-21 13:43:34.000001,6170.0,6260.0,6150.0,6252.0,nan,6186.0,54930,1698984900.0,40541,6172.0,24,6170.0,2,nan,0,nan,0,nan,0,nan,0,nan,0,nan,0,nan,0,nan,0
1597988614878691072,1597988615000000000,2020-08-21 13:43:35.000000,6170.0,6260.0,6150.0,6252.0,nan,6186.0,54930,1698984900.0,40541,6172.0,24,6170.0,2,nan,0,nan,0,nan,0,nan,0,nan,0,nan,0,nan,0,nan,0
1597988616383956992,1597988617000000000,2020-08-21 13:43:37.000000,6170.0,6260.0,6150.0,6252.0,nan,6186.0,54930,1698984900.0,40541,6172.0,25,6170.0,2,nan,0,nan,0,nan,0,nan,0,nan,0,nan,0,nan,0,nan,0
1597988616857892096,1597988617000001024,2020-08-21 13:43:37.000001,6170.0,6260.0,6150.0,6252.0,nan,6186.0,54931,1699015830.0,40542,6172.0,25,6170.0,1,nan,0,nan,0,nan,0,nan,0,nan,0,nan,0,nan,0,nan,0
1597988617383992064,1597988617000001792,2020-08-21 13:43:37.000002,6170.0,6260.0,6150.0,6252.0,nan,6186.0,54931,1699015830.0,40542,6172.0,29,6170.0,1,nan,0,nan,0,nan,0,nan,0,nan,0,nan,0,nan,0,nan,0
1597988618371619072,1597988618000001024,2020-08-21 13:43:38.000001,6170.0,6260.0,6150.0,6252.0,nan,6186.0,54931,1699015830.0,40542,6172.0,26,6170.0,1,nan,0,nan,0,nan,0,nan,0,nan,0,nan,0,nan,0,nan,0
1597988618888382976,1597988619000000000,2020-08-21 13:43:39.000000,6170.0,6260.0,6150.0,6252.0,nan,6186.0,54932,1699046760.0,40543,6172.0,26,6168.0,26,nan,0,nan,0,nan,0,nan,0,nan,0,nan,0,nan,0,nan,0
1597988619992197888,1597988620000000000,2020-08-21 13:43:40.000000,6170.0,6260.0,6150.0,6252.0,nan,6186.0,54932,1699046760.0,40543,6172.0,29,6168.0,26,nan,0,nan,0,nan,0,nan,0,nan,0,nan,0,nan,0,nan,0
1597988621369662976,1597988621000001024,2020-08-21 13:43:41.000001,6170.0,6260.0,6150.0,6252.0,nan,6186.0,54932,1699046760.0,40543,6172.0,30,6168.0,26,nan,0,nan,0,nan,0,nan,0,nan,0,nan,0,nan,0,nan,0
1597988621899495936,1597988622000000000,2020-08-21 13:43:42.000000,6170.0,6260.0,6150.0,6252.0,nan,6186.0,54933,1699077690.0,40543,6172.0,30,6168.0,26,nan,0,nan,0,nan,0,nan,0,nan,0,nan,0,nan,0,nan,0
1597988622391864064,1597988623000000000,2020-08-21 13:43:43.000000,6170.0,6260.0,6150.0,6252.0,nan,6186.0,54933,1699077690.0,40543,6170.0,1,6168.0,26,nan,0,nan,0,nan,0,nan,0,nan,0,nan,0,nan,0,nan,0
1597988623872548096,1597988624000001024,2020-08-21 13:43:44.000001,6168.0,6260.0,6150.0,6252.0,nan,6186.0,54937,1699201410.0,40543,6170.0,1,6168.0,22,nan,0,nan,0,nan,0,nan,0,nan,0,nan,0,nan,0,nan,0
1597988624367994880,1597988625000000000,2020-08-21 13:43:45.000000,6168.0,6260.0,6150.0,6252.0,nan,6186.0,54937,1699201410.0,40543,6170.0,11,6168.0,16,nan,0,nan,0,nan,0,nan,0,nan,0,nan,0,nan,0,nan,0
1597988624875013888,1597988625000001024,2020-08-21 13:43:45.000001,6170.0,6260.0,6150.0,6252.0,nan,6186.0,54947,1699510710.0,40542,6170.0,18,6168.0,4,nan,0,nan,0,nan,0,nan,0,nan,0,nan,0,nan,0,nan,0
1597988626399270912,1597988627000000000,2020-08-21 13:43:47.000000,6168.0,6260.0,6150.0,6252.0,nan,6186.0,54948,1699541640.0,40541,6170.0,18,6168.0,3,nan,0,nan,0,nan,0,nan,0,nan,0,nan,0,nan,0,nan,0
1597988627371854080,1597988628000000000,2020-08-21 13:43:48.000000,6168.0,6260.0,6150.0,6252.0,nan,6186.0,54948,1699541640.0,40541,6170.0,18,6168.0,4,nan,0,nan,0,nan,0,nan,0,nan,0,nan,0,nan,0,nan,0
1597988627866737920,1597988628000001024,2020-08-21 13:43:48.000001,6168.0,6260.0,6150.0,6252.0,nan,6186.0,54949,1699572570.0,40541,6170.0,18,6168.0,3,nan,0,nan,0,nan,0,nan,0,nan,0,nan,0,nan,0,nan,0
1597988630379915008,1597988631000000000,2020-08-21 13:43:51.000000,6168.0,6260.0,6150.0,6252.0,nan,6186.0,54952,1699665360.0,40540,6168.0,2,6166.0,7,nan,0,nan,0,nan,0,nan,0,nan,0,nan,0,nan,0,nan,0
1597988630878909952,1597988631000001024,2020-08-21 13:43:51.000001,6168.0,6260.0,6150.0,6252.0,nan,6186.0,54952,1699665360.0,40540,6168.0,10,6166.0,14,nan,0,nan,0,nan,0,nan,0,nan,0,nan,0,nan,0,nan,0
1597988631388387072,1597988631000001792,2020-08-21 13:43:51.000002,6168.0,6260.0,6150.0,6252.0,nan,6186.0,54952,1699665360.0,40540,6168.0,19,6166.0,11,nan,0,nan,0,nan,0,nan,0,nan,0,nan,0,nan,0,nan,0
1597988631871973888,1597988632000000000,2020-08-21 13:43:52.000000,6168.0,6260.0,6150.0,6252.0,nan,6186.0,54952,1699665360.0,40540,6168.0,20,6166.0,11,nan,0,nan,0,nan,0,nan,0,nan,0,nan,0,nan,0,nan,0
1597988633882648064,1597988634000000000,2020-08-21 13:43:54.000000,6166.0,6260.0,6150.0,6252.0,nan,6186.0,54955,1699758150.0,40537,6168.0,35,6166.0,8,nan,0,nan,0,nan,0,nan,0,nan,0,nan,0,nan,0,nan,0
1597988634368918016,1597988635000000000,2020-08-21 13:43:55.000000,6168.0,6260.0,6150.0,6252.0,nan,6186.0,54956,1699789080.0,40536,6168.0,34,6166.0,8,nan,0,nan,0,nan,0,nan,0,nan,0,nan,0,nan,0,nan,0
1597988634862657024,1597988635000001024,2020-08-21 13:43:55.000001,6166.0,6260.0,6150.0,6252.0,nan,6186.0,54957,1699820010.0,40536,6168.0,34,6166.0,3,nan,0,nan,0,nan,0,nan,0,nan,0,nan,0,nan,0,nan,0
1597988635379716096,1597988636000000000,2020-08-21 13:43:56.000000,6166.0,6260.0,6150.0,6252.0,nan,6186.0,54959,1699881870.0,40536,6168.0,34,6166.0,1,nan,0,nan,0,nan,0,nan,0,nan,0,nan,0,nan,0,nan,0
1597988635874775040,1597988636000001024,2020-08-21 13:43:56.000001,6166.0,6260.0,6150.0,6252.0,nan,6186.0,54960,1699912800.0,40535,6166.0,8,6164.0,22,nan,0,nan,0,nan,0,nan,0,nan,0,nan,0,nan,0,nan,0
1597988636374944000,1597988637000000000,2020-08-21 13:43:57.000000,6166.0,6260.0,6150.0,6252.0,nan,6186.0,54964,1700036520.0,40531,6168.0,32,6166.0,6,nan,0,nan,0,nan,0,nan,0,nan,0,nan,0,nan,0,nan,0
1597988636872049920,1597988637000001024,2020-08-21 13:43:57.000001,6166.0,6260.0,6150.0,6252.0,nan,6186.0,54966,1700098380.0,40531,6168.0,31,6166.0,5,nan,0,nan,0,nan,0,nan,0,nan,0,nan,0,nan,0,nan,0
1597988637873268992,1597988638000000000,2020-08-21 13:43:58.000000,6166.0,6260.0,6150.0,6252.0,nan,6186.0,54966,1700098380.0,40531,6168.0,34,6166.0,5,nan,0,nan,0,nan,0,nan,0,nan,0,nan,0,nan,0,nan,0
1597988638401647104,1597988638000001024,2020-08-21 13:43:58.000001,6166.0,6260.0,6150.0,6252.0,nan,6186.0,54967,1700129310.0,40530,6168.0,35,6166.0,4,nan,0,nan,0,nan,0,nan,0,nan,0,nan,0,nan,0,nan,0
1597988640398500096,1597988641000000000,2020-08-21 13:44:01.000000,6166.0,6260.0,6150.0,6252.0,nan,6186.0,54967,1700129310.0,40530,6168.0,36,6166.0,4,nan,0,nan,0,nan,0,nan,0,nan,0,nan,0,nan,0,nan,0
1597988641379681024,1597988642000000000,2020-08-21 13:44:02.000000,6166.0,6260.0,6150.0,6252.0,nan,6186.0,54967,1700129310.0,40530,6168.0,36,6166.0,5,nan,0,nan,0,nan,0,nan,0,nan,0,nan,0,nan,0,nan,0
1597988642877203968,1597988643000001024,2020-08-21 13:44:03.000001,6166.0,6260.0,6150.0,6252.0,nan,6186.0,54968,1700160240.0,40530,6168.0,36,6166.0,4,nan,0,nan,0,nan,0,nan,0,nan,0,nan,0,nan,0,nan,0
1597988643393336064,1597988644000000000,2020-08-21 13:44:04.000000,6166.0,6260.0,6150.0,6252.0,nan,6186.0,54968,1700160240.0,40530,6168.0,36,6166.0,7,nan,0,nan,0,nan,0,nan,0,nan,0,nan,0,nan,0,nan,0
1597988643869664000,1597988644000001024,2020-08-21 13:44:04.000001,6166.0,6260.0,6150.0,6252.0,nan,6186.0,54973,1700314890.0,40528,6168.0,27,6166.0,3,nan,0,nan,0,nan,0,nan,0,nan,0,nan,0,nan,0,nan,0
1597988644384847872,1597988645000000000,2020-08-21 13:44:05.000000,6166.0,6260.0,6150.0,6252.0,nan,6186.0,54973,1700314890.0,40528,6168.0,27,6166.0,6,nan,0,nan,0,nan,0,nan,0,nan,0,nan,0,nan,0,nan,0
1597988645878040064,1597988646000001024,2020-08-21 13:44:06.000001,6166.0,6260.0,6150.0,6252.0,nan,6186.0,54974,1700345820.0,40529,6168.0,27,6166.0,5,nan,0,nan,0,nan,0,nan,0,nan,0,nan,0,nan,0,nan,0
1597988646397835008,1597988647000000000,2020-08-21 13:44:07.000000,6166.0,6260.0,6150.0,6252.0,nan,6186.0,54974,1700345820.0,40529,6168.0,35,6166.0,6,nan,0,nan,0,nan,0,nan,0,nan,0,nan,0,nan,0,nan,0
1597988648380392960,1597988649000000000,2020-08-21 13:44:09.000000,6166.0,6260.0,6150.0,6252.0,nan,6186.0,54974,1700345820.0,40529,6168.0,36,6166.0,7,nan,0,nan,0,nan,0,nan,0,nan,0,nan,0,nan,0,nan,0
1597988651414885888,1597988652000000000,2020-08-21 13:44:12.000000,6166.0,6260.0,6150.0,6252.0,nan,6186.0,54977,1700438610.0,40529,6168.0,34,6166.0,4,nan,0,nan,0,nan,0,nan,0,nan,0,nan,0,nan,0,nan,0
1597988651882803968,1597988652000001024,2020-08-21 13:44:12.000001,6168.0,6260.0,6150.0,6252.0,nan,6186.0,54978,1700469540.0,40530,6168.0,34,6166.0,4,nan,0,nan,0,nan,0,nan,0,nan,0,nan,0,nan,0,nan,0
1597988652410821120,1597988653000000000,2020-08-21 13:44:13.000000,6166.0,6260.0,6150.0,6252.0,nan,6186.0,54979,1700500470.0,40530,6168.0,35,6166.0,3,nan,0,nan,0,nan,0,nan,0,nan,0,nan,0,nan,0,nan,0
1597988653889533952,1597988654000001024,2020-08-21 13:44:14.000001,6166.0,6260.0,6150.0,6252.0,nan,6186.0,54982,1700593260.0,40529,6168.0,35,6164.0,24,nan,0,nan,0,nan,0,nan,0,nan,0,nan,0,nan,0,nan,0
1597988654890665984,1597988655000001024,2020-08-21 13:44:15.000001,6164.0,6260.0,6150.0,6252.0,nan,6186.0,54983,1700624190.0,40529,6168.0,35,6164.0,23,nan,0,nan,0,nan,0,nan,0,nan,0,nan,0,nan,0,nan,0
1597988655376648960,1597988655000001792,2020-08-21 13:44:15.000002,6168.0,6260.0,6150.0,6252.0,nan,6186.0,54985,1700686050.0,40528,6168.0,34,6166.0,12,nan,0,nan,0,nan,0,nan,0,nan,0,nan,0,nan,0,nan,0
1597988658879404032,1597988659000001024,2020-08-21 13:44:19.000001,6166.0,6260.0,6150.0,6252.0,nan,6186.0,54986,1700716980.0,40528,6168.0,34,6166.0,11,nan,0,nan,0,nan,0,nan,0,nan,0,nan,0,nan,0,nan,0
1597988659376463104,1597988660000000000,2020-08-21 13:44:20.000000,6166.0,6260.0,6150.0,6252.0,nan,6186.0,54988,1700778840.0,40529,6168.0,35,6166.0,9,nan,0,nan,0,nan,0,nan,0,nan,0,nan,0,nan,0,nan,0
1597988661889511936,1597988662000001024,2020-08-21 13:44:22.000001,6166.0,6260.0,6150.0,6252.0,nan,6186.0,54988,1700778840.0,40529,6168.0,40,6166.0,9,nan,0,nan,0,nan,0,nan,0,nan,0,nan,0,nan,0,nan,0
1597988662404581120,1597988663000000000,2020-08-21 13:44:23.000000,6168.0,6260.0,6150.0,6252.0,nan,6186.0,54989,1700809770.0,40529,6168.0,39,6166.0,10,nan,0,nan,0,nan,0,nan,0,nan,0,nan,0,nan,0,nan,0
1597988663897751040,1597988664000001024,2020-08-21 13:44:24.000001,6166.0,6260.0,6150.0,6252.0,nan,6186.0,54994,1700964420.0,40530,6168.0,39,6166.0,5,nan,0,nan,0,nan,0,nan,0,nan,0,nan,0,nan,0,nan,0
1597988664391676928,1597988665000000000,2020-08-21 13:44:25.000000,6168.0,6260.0,6150.0,6252.0,nan,6186.0,54995,1700995350.0,40529,6168.0,38,6166.0,5,nan,0,nan,0,nan,0,nan,0,nan,0,nan,0,nan,0,nan,0
1597988665412173056,1597988666000000000,2020-08-21 13:44:26.000000,6168.0,6260.0,6150.0,6252.0,nan,6186.0,54995,1700995350.0,40529,6168.0,38,6166.0,10,nan,0,nan,0,nan,0,nan,0,nan,0,nan,0,nan,0,nan,0
1597988665879219968,1597988666000001024,2020-08-21 13:44:26.000001,6168.0,6260.0,6150.0,6252.0,nan,6186.0,54995,1700995350.0,40529,6168.0,30,6166.0,10,nan,0,nan,0,nan,0,nan,0,nan,0,nan,0,nan,0,nan,0
1597988667414658048,1597988668000000000,2020-08-21 13:44:28.000000,6168.0,6260.0,6150.0,6252.0,nan,6186.0,54995,1700995350.0,40529,6168.0,29,6166.0,23,nan,0,nan,0,nan,0,nan,0,nan,0,nan,0,nan,0,nan,0
1597988669395077888,1597988670000000000,2020-08-21 13:44:30.000000,6168.0,6260.0,6150.0,6252.0,nan,6186.0,54995,1700995350.0,40529,6168.0,29,6166.0,26,nan,0,nan,0,nan,0,nan,0,nan,0,nan,0,nan,0,nan,0
1597988670422184960,1597988671000000000,2020-08-21 13:44:31.000000,6168.0,6260.0,6150.0,6252.0,nan,6186.0,54995,1700995350.0,40529,6168.0,29,6166.0,26,nan,0,nan,0,nan,0,nan,0,nan,0,nan,0,nan,0,nan,0
1597988670882639104,1597988671000001024,2020-08-21 13:44:31.000001,6166.0,6260.0,6150.0,6252.0,nan,6186.0,54997,1701057210.0,40531,6168.0,29,6166.0,24,nan,0,nan,0,nan,0,nan,0,nan,0,nan,0,nan,0,nan,0
1597988671415337984,1597988672000000000,2020-08-21 13:44:32.000000,6168.0,6260.0,6150.0,6252.0,nan,6186.0,54998,1701088140.0,40531,6168.0,28,6166.0,24,nan,0,nan,0,nan,0,nan,0,nan,0,nan,0,nan,0,nan,0
1597988671874948096,1597988672000001024,2020-08-21 13:44:32.000001,6166.0,6260.0,6150.0,6252.0,nan,6186.0,55000,1701150000.0,40531,6168.0,27,6166.0,23,nan,0,nan,0,nan,0,nan,0,nan,0,nan,0,nan,0,nan,0
1597988672382895104,1597988673000000000,2020-08-21 13:44:33.000000,6166.0,6260.0,6150.0,6252.0,nan,6186.0,55000,1701150000.0,40531,6168.0,28,6166.0,23,nan,0,nan,0,nan,0,nan,0,nan,0,nan,0,nan,0,nan,0
1597988672886064128,1597988673000001024,2020-08-21 13:44:33.000001,6166.0,6260.0,6150.0,6252.0,nan,6186.0,55001,1701180930.0,40532,6168.0,28,6166.0,22,nan,0,nan,0,nan,0,nan,0,nan,0,nan,0,nan,0,nan,0
1597988673397449984,1597988674000000000,2020-08-21 13:44:34.000000,6168.0,6260.0,6150.0,6252.0,nan,6186.0,55002,1701211860.0,40532,6168.0,27,6166.0,22,nan,0,nan,0,nan,0,nan,0,nan,0,nan,0,nan,0,nan,0
1597988673883017984,1597988674000001024,2020-08-21 13:44:34.000001,6168.0,6260.0,6150.0,6252.0,nan,6186.0,55006,1701335580.0,40533,6168.0,25,6166.0,19,nan,0,nan,0,nan,0,nan,0,nan,0,nan,0,nan,0,nan,0
1597988674411376896,1597988675000000000,2020-08-21 13:44:35.000000,6168.0,6260.0,6150.0,6252.0,nan,6186.0,55006,1701335580.0,40533,6168.0,21,6166.0,20,nan,0,nan,0,nan,0,nan,0,nan,0,nan,0,nan,0,nan,0
1597988674882265088,1597988675000001024,2020-08-21 13:44:35.000001,6168.0,6260.0,6150.0,6252.0,nan,6186.0,55006,1701335580.0,40533,6168.0,26,6166.0,20,nan,0,nan,0,nan,0,nan,0,nan,0,nan,0,nan,0,nan,0
1597988675373492992,1597988676000000000,2020-08-21 13:44:36.000000,6168.0,6260.0,6150.0,6252.0,nan,6186.0,55006,1701335580.0,40533,6168.0,26,6166.0,17,nan,0,nan,0,nan,0,nan,0,nan,0,nan,0,nan,0,nan,0
1597988676408391936,1597988677000000000,2020-08-21 13:44:37.000000,6168.0,6260.0,6150.0,6252.0,nan,6186.0,55006,1701335580.0,40533,6168.0,26,6166.0,19,nan,0,nan,0,nan,0,nan,0,nan,0,nan,0,nan,0,nan,0
1597988678380201984,1597988679000000000,2020-08-21 13:44:39.000000,6166.0,6260.0,6150.0,6252.0,nan,6186.0,55007,1701366510.0,40533,6168.0,26,6166.0,18,nan,0,nan,0,nan,0,nan,0,nan,0,nan,0,nan,0,nan,0
1597988678891801088,1597988679000001024,2020-08-21 13:44:39.000001,6166.0,6260.0,6150.0,6252.0,nan,6186.0,55008,1701397440.0,40534,6168.0,26,6166.0,17,nan,0,nan,0,nan,0,nan,0,nan,0,nan,0,nan,0,nan,0
1597988679426038016,1597988680000000000,2020-08-21 13:44:40.000000,6166.0,6260.0,6150.0,6252.0,nan,6186.0,55008,1701397440.0,40534,6168.0,27,6166.0,17,nan,0,nan,0,nan,0,nan,0,nan,0,nan,0,nan,0,nan,0
1597988681913221888,1597988682000001024,2020-08-21 13:44:42.000001,6166.0,6260.0,6150.0,6252.0,nan,6186.0,55009,1701428370.0,40535,6168.0,27,6166.0,16,nan,0,nan,0,nan,0,nan,0,nan,0,nan,0,nan,0,nan,0
1597988682412190976,1597988683000000000,2020-08-21 13:44:43.000000,6166.0,6260.0,6150.0,6252.0,nan,6186.0,55009,1701428370.0,40535,6168.0,27,6166.0,21,nan,0,nan,0,nan,0,nan,0,nan,0,nan,0,nan,0,nan,0
1597988683420567040,1597988684000000000,2020-08-21 13:44:44.000000,6166.0,6260.0,6150.0,6252.0,nan,6186.0,55009,1701428370.0,40535,6168.0,27,6166.0,22,nan,0,nan,0,nan,0,nan,0,nan,0,nan,0,nan,0,nan,0
1597988683893714944,1597988684000001024,2020-08-21 13:44:44.000001,6166.0,6260.0,6150.0,6252.0,nan,6186.0,55013,1701552090.0,40535,6168.0,27,6166.0,18,nan,0,nan,0,nan,0,nan,0,nan,0,nan,0,nan,0,nan,0
1597988686404508928,1597988687000000000,2020-08-21 13:44:47.000000,6166.0,6260.0,6150.0,6252.0,nan,6186.0,55014,1701583020.0,40535,6168.0,26,6166.0,14,nan,0,nan,0,nan,0,nan,0,nan,0,nan,0,nan,0,nan,0
1597988686898036992,1597988687000001024,2020-08-21 13:44:47.000001,6166.0,6260.0,6150.0,6252.0,nan,6186.0,55014,1701583020.0,40535,6168.0,36,6166.0,14,nan,0,nan,0,nan,0,nan,0,nan,0,nan,0,nan,0,nan,0
1597988687413377024,1597988688000000000,2020-08-21 13:44:48.000000,6166.0,6260.0,6150.0,6252.0,nan,6186.0,55014,1701583020.0,40535,6168.0,36,6166.0,15,nan,0,nan,0,nan,0,nan,0,nan,0,nan,0,nan,0,nan,0
1597988688414345984,1597988689000000000,2020-08-21 13:44:49.000000,6166.0,6260.0,6150.0,6252.0,nan,6186.0,55014,1701583020.0,40535,6168.0,37,6166.0,15,nan,0,nan,0,nan,0,nan,0,nan,0,nan,0,nan,0,nan,0
1597988689416708096,1597988690000000000,2020-08-21 13:44:50.000000,6166.0,6260.0,6150.0,6252.0,nan,6186.0,55014,1701583020.0,40535,6168.0,38,6166.0,15,nan,0,nan,0,nan,0,nan,0,nan,0,nan,0,nan,0,nan,0
1597988689900185088,1597988690000001024,2020-08-21 13:44:50.000001,6166.0,6260.0,6150.0,6252.0,nan,6186.0,55014,1701583020.0,40535,6168.0,28,6166.0,39,nan,0,nan,0,nan,0,nan,0,nan,0,nan,0,nan,0,nan,0
1597988690395485952,1597988691000000000,2020-08-21 13:44:51.000000,6166.0,6260.0,6150.0,6252.0,nan,6186.0,55020,1701768600.0,40537,6168.0,24,6166.0,43,nan,0,nan,0,nan,0,nan,0,nan,0,nan,0,nan,0,nan,0
1597988690904918016,1597988691000001024,2020-08-21 13:44:51.000001,6166.0,6260.0,6150.0,6252.0,nan,6186.0,55021,1701799530.0,40538,6168.0,24,6166.0,42,nan,0,nan,0,nan,0,nan,0,nan,0,nan,0,nan,0,nan,0
1597988692883474944,1597988693000001024,2020-08-21 13:44:53.000001,6166.0,6260.0,6150.0,6252.0,nan,6186.0,55025,1701923250.0,40538,6168.0,20,6166.0,38,nan,0,nan,0,nan,0,nan,0,nan,0,nan,0,nan,0,nan,0
1597988693395959040,1597988694000000000,2020-08-21 13:44:54.000000,6166.0,6260.0,6150.0,6252.0,nan,6186.0,55025,1701923250.0,40538,6168.0,23,6166.0,41,nan,0,nan,0,nan,0,nan,0,nan,0,nan,0,nan,0,nan,0
1597988693896645120,1597988694000001024,2020-08-21 13:44:54.000001,6166.0,6260.0,6150.0,6252.0,nan,6186.0,55028,1702016040.0,40536,6168.0,23,6166.0,39,nan,0,nan,0,nan,0,nan,0,nan,0,nan,0,nan,0,nan,0
1597988694394198016,1597988695000000000,2020-08-21 13:44:55.000000,6166.0,6260.0,6150.0,6252.0,nan,6186.0,55028,1702016040.0,40536,6168.0,23,6166.0,42,nan,0,nan,0,nan,0,nan,0,nan,0,nan,0,nan,0,nan,0
1597988699900293120,1597988700000001024,2020-08-21 13:45:00.000001,6166.0,6260.0,6150.0,6252.0,nan,6186.0,55029,1702046970.0,40536,6168.0,28,6166.0,41,nan,0,nan,0,nan,0,nan,0,nan,0,nan,0,nan,0,nan,0
1597988700425346048,1597988701000000000,2020-08-21 13:45:01.000000,6166.0,6260.0,6150.0,6252.0,nan,6186.0,55029,1702046970.0,40536,6168.0,29,6166.0,42,nan,0,nan,0,nan,0,nan,0,nan,0,nan,0,nan,0,nan,0
1597988701409605888,1597988702000000000,2020-08-21 13:45:02.000000,6168.0,6260.0,6150.0,6252.0,nan,6186.0,55034,1702201620.0,40541,6168.0,24,6166.0,42,nan,0,nan,0,nan,0,nan,0,nan,0,nan,0,nan,0,nan,0
1597988701903499008,1597988702000001024,2020-08-21 13:45:02.000001,6168.0,6260.0,6150.0,6252.0,nan,6186.0,55034,1702201620.0,40541,6168.0,24,6166.0,43,nan,0,nan,0,nan,0,nan,0,nan,0,nan,0,nan,0,nan,0
1597988702902209024,1597988703000001024,2020-08-21 13:45:03.000001,6168.0,6260.0,6150.0,6252.0,nan,6186.0,55034,1702201620.0,40541,6168.0,21,6166.0,47,nan,0,nan,0,nan,0,nan,0,nan,0,nan,0,nan,0,nan,0
1597988703414256128,1597988704000000000,2020-08-21 13:45:04.000000,6168.0,6260.0,6150.0,6252.0,nan,6186.0,55060,1703005800.0,40533,6168.0,1,6166.0,41,nan,0,nan,0,nan,0,nan,0,nan,0,nan,0,nan,0,nan,0
1597988703916363008,1597988704000001024,2020-08-21 13:45:04.000001,6168.0,6260.0,6150.0,6252.0,nan,6186.0,55061,1703036730.0,40533,6170.0,7,6168.0,20,nan,0,nan,0,nan,0,nan,0,nan,0,nan,0,nan,0,nan,0
1597988704427109120,1597988705000000000,2020-08-21 13:45:05.000000,6170.0,6260.0,6150.0,6252.0,nan,6186.0,55069,1703284170.0,40530,6172.0,29,6168.0,36,nan,0,nan,0,nan,0,nan,0,nan,0,nan,0,nan,0,nan,0
1597988704902700032,1597988705000001024,2020-08-21 13:45:05.000001,6170.0,6260.0,6150.0,6252.0,nan,6186.0,55069,1703284170.0,40530,6172.0,29,6170.0,10,nan,0,nan,0,nan,0,nan,0,nan,0,nan,0,nan,0,nan,0
1597988705409445888,1597988706000000000,2020-08-21 13:45:06.000000,6170.0,6260.0,6150.0,6252.0,nan,6186.0,55069,1703284170.0,40530,6172.0,29,6170.0,34,nan,0,nan,0,nan,0,nan,0,nan,0,nan,0,nan,0,nan,0
1597988706420081920,1597988707000000000,2020-08-21 13:45:07.000000,6170.0,6260.0,6150.0,6252.0,nan,6186.0,55069,1703284170.0,40530,6172.0,31,6170.0,34,nan,0,nan,0,nan,0,nan,0,nan,0,nan,0,nan,0,nan,0
1597988708421753088,1597988709000000000,2020-08-21 13:45:09.000000,6170.0,6260.0,6150.0,6252.0,nan,6186.0,55103,1704335790.0,40530,6172.0,31,6168.0,3,nan,0,nan,0,nan,0,nan,0,nan,0,nan,0,nan,0,nan,0
1597988708914592000,1597988709000001024,2020-08-21 13:45:09.000001,6168.0,6260.0,6150.0,6252.0,nan,6186.0,55104,1704366720.0,40530,6170.0,7,6168.0,18,nan,0,nan,0,nan,0,nan,0,nan,0,nan,0,nan,0,nan,0
1597988709437985024,1597988710000000000,2020-08-21 13:45:10.000000,6168.0,6260.0,6150.0,6252.0,nan,6186.0,55104,1704366720.0,40530,6170.0,4,6168.0,18,nan,0,nan,0,nan,0,nan,0,nan,0,nan,0,nan,0,nan,0
1597988710912994048,1597988711000001024,2020-08-21 13:45:11.000001,6168.0,6260.0,6150.0,6252.0,nan,6186.0,55104,1704366720.0,40530,6170.0,7,6168.0,18,nan,0,nan,0,nan,0,nan,0,nan,0,nan,0,nan,0,nan,0
1597988711920100096,1597988712000001024,2020-08-21 13:45:12.000001,6170.0,6260.0,6150.0,6252.0,nan,6186.0,55106,1704428580.0,40531,6170.0,5,6168.0,18,nan,0,nan,0,nan,0,nan,0,nan,0,nan,0,nan,0,nan,0
1597988712908360960,1597988713000001024,2020-08-21 13:45:13.000001,6168.0,6260.0,6150.0,6252.0,nan,6186.0,55107,1704459510.0,40530,6170.0,5,6168.0,17,nan,0,nan,0,nan,0,nan,0,nan,0,nan,0,nan,0,nan,0
1597988717905210880,1597988718000001024,2020-08-21 13:45:18.000001,6168.0,6260.0,6150.0,6252.0,nan,6186.0,55108,1704490440.0,40530,6170.0,5,6168.0,16,nan,0,nan,0,nan,0,nan,0,nan,0,nan,0,nan,0,nan,0
1597988718435412992,1597988719000000000,2020-08-21 13:45:19.000000,6168.0,6260.0,6150.0,6252.0,nan,6186.0,55108,1704490440.0,40530,6170.0,5,6168.0,20,nan,0,nan,0,nan,0,nan,0,nan,0,nan,0,nan,0,nan,0
1597988720926094080,1597988721000001024,2020-08-21 13:45:21.000001,6168.0,6260.0,6150.0,6252.0,nan,6186.0,55108,1704490440.0,40530,6170.0,16,6168.0,20,nan,0,nan,0,nan,0,nan,0,nan,0,nan,0,nan,0,nan,0
1597988722429890048,1597988723000000000,2020-08-21 13:45:23.000000,6168.0,6260.0,6150.0,6252.0,nan,6186.0,55108,1704490440.0,40530,6170.0,19,6168.0,20,nan,0,nan,0,nan,0,nan,0,nan,0,nan,0,nan,0,nan,0
1597988723412870912,1597988724000000000,2020-08-21 13:45:24.000000,6168.0,6260.0,6150.0,6252.0,nan,6186.0,55108,1704490440.0,40530,6170.0,20,6168.0,20,nan,0,nan,0,nan,0,nan,0,nan,0,nan,0,nan,0,nan,0
1597988724418832896,1597988725000000000,2020-08-21 13:45:25.000000,6168.0,6260.0,6150.0,6252.0,nan,6186.0,55108,1704490440.0,40530,6170.0,21,6168.0,20,nan,0,nan,0,nan,0,nan,0,nan,0,nan,0,nan,0,nan,0
1597988725410936064,1597988726000000000,2020-08-21 13:45:26.000000,6168.0,6260.0,6150.0,6252.0,nan,6186.0,55108,1704490440.0,40530,6170.0,21,6168.0,21,nan,0,nan,0,nan,0,nan,0,nan,0,nan,0,nan,0,nan,0
1597988726918507008,1597988727000001024,2020-08-21 13:45:27.000001,6168.0,6260.0,6150.0,6252.0,nan,6186.0,55109,1704521370.0,40530,6170.0,21,6168.0,20,nan,0,nan,0,nan,0,nan,0,nan,0,nan,0,nan,0,nan,0
1597988727921225984,1597988728000001024,2020-08-21 13:45:28.000001,6170.0,6260.0,6150.0,6252.0,nan,6186.0,55110,1704552300.0,40530,6170.0,20,6168.0,20,nan,0,nan,0,nan,0,nan,0,nan,0,nan,0,nan,0,nan,0
1597988728916702976,1597988729000001024,2020-08-21 13:45:29.000001,6170.0,6260.0,6150.0,6252.0,nan,6186.0,55111,1704583230.0,40531,6170.0,19,6168.0,20,nan,0,nan,0,nan,0,nan,0,nan,0,nan,0,nan,0,nan,0
1597988731445990912,1597988732000000000,2020-08-21 13:45:32.000000,6170.0,6260.0,6150.0,6252.0,nan,6186.0,55113,1704645090.0,40531,6170.0,17,6168.0,20,nan,0,nan,0,nan,0,nan,0,nan,0,nan,0,nan,0,nan,0
1597988731913473024,1597988732000001024,2020-08-21 13:45:32.000001,6170.0,6260.0,6150.0,6252.0,nan,6186.0,55114,1704676020.0,40531,6170.0,16,6168.0,20,nan,0,nan,0,nan,0,nan,0,nan,0,nan,0,nan,0,nan,0
1597988734923410944,1597988735000001024,2020-08-21 13:45:35.000001,6170.0,6260.0,6150.0,6252.0,nan,6186.0,55115,1704706950.0,40530,6170.0,15,6168.0,20,nan,0,nan,0,nan,0,nan,0,nan,0,nan,0,nan,0,nan,0
1597988735411045888,1597988736000000000,2020-08-21 13:45:36.000000,6170.0,6260.0,6150.0,6252.0,nan,6186.0,55130,1705170900.0,40519,6170.0,2,6168.0,20,nan,0,nan,0,nan,0,nan,0,nan,0,nan,0,nan,0,nan,0
1597988735910307072,1597988736000001024,2020-08-21 13:45:36.000001,6168.0,6260.0,6150.0,6252.0,nan,6186.0,55134,1705294620.0,40517,6172.0,32,6168.0,19,nan,0,nan,0,nan,0,nan,0,nan,0,nan,0,nan,0,nan,0
1597988736912784896,1597988737000001024,2020-08-21 13:45:37.000001,6168.0,6260.0,6150.0,6252.0,nan,6186.0,55134,1705294620.0,40517,6170.0,18,6168.0,19,nan,0,nan,0,nan,0,nan,0,nan,0,nan,0,nan,0,nan,0
1597988737919020032,1597988738000001024,2020-08-21 13:45:38.000001,6170.0,6260.0,6150.0,6252.0,nan,6186.0,55139,1705449270.0,40517,6170.0,13,6168.0,20,nan,0,nan,0,nan,0,nan,0,nan,0,nan,0,nan,0,nan,0
1597988740433139968,1597988741000000000,2020-08-21 13:45:41.000000,6170.0,6260.0,6150.0,6252.0,nan,6186.0,55139,1705449270.0,40517,6170.0,14,6168.0,20,nan,0,nan,0,nan,0,nan,0,nan,0,nan,0,nan,0,nan,0
1597988741918344960,1597988742000001024,2020-08-21 13:45:42.000001,6170.0,6260.0,6150.0,6252.0,nan,6186.0,55139,1705449270.0,40517,6170.0,15,6168.0,20,nan,0,nan,0,nan,0,nan,0,nan,0,nan,0,nan,0,nan,0
1597988742440133120,1597988743000000000,2020-08-21 13:45:43.000000,6170.0,6260.0,6150.0,6252.0,nan,6186.0,55139,1705449270.0,40517,6170.0,16,6168.0,20,nan,0,nan,0,nan,0,nan,0,nan,0,nan,0,nan,0,nan,0
1597988742905396992,1597988743000001024,2020-08-21 13:45:43.000001,6170.0,6260.0,6150.0,6252.0,nan,6186.0,55139,1705449270.0,40517,6170.0,18,6168.0,21,nan,0,nan,0,nan,0,nan,0,nan,0,nan,0,nan,0,nan,0
1597988744916672000,1597988745000001024,2020-08-21 13:45:45.000001,6168.0,6260.0,6150.0,6252.0,nan,6186.0,55140,1705480200.0,40518,6170.0,18,6168.0,21,nan,0,nan,0,nan,0,nan,0,nan,0,nan,0,nan,0,nan,0
1597988745444815872,1597988746000000000,2020-08-21 13:45:46.000000,6168.0,6260.0,6150.0,6252.0,nan,6186.0,55140,1705480200.0,40518,6170.0,18,6168.0,22,nan,0,nan,0,nan,0,nan,0,nan,0,nan,0,nan,0,nan,0
1597988747920591872,1597988748000001024,2020-08-21 13:45:48.000001,6168.0,6260.0,6150.0,6252.0,nan,6186.0,55140,1705480200.0,40518,6170.0,19,6168.0,22,nan,0,nan,0,nan,0,nan,0,nan,0,nan,0,nan,0,nan,0
1597988752945042944,1597988753000001024,2020-08-21 13:45:53.000001,6168.0,6260.0,6150.0,6252.0,nan,6186.0,55140,1705480200.0,40518,6170.0,17,6168.0,22,nan,0,nan,0,nan,0,nan,0,nan,0,nan,0,nan,0,nan,0
1597988753920944128,1597988754000001024,2020-08-21 13:45:54.000001,6168.0,6260.0,6150.0,6252.0,nan,6186.0,55142,1705542060.0,40519,6170.0,17,6168.0,20,nan,0,nan,0,nan,0,nan,0,nan,0,nan,0,nan,0,nan,0
1597988755442387968,1597988756000000000,2020-08-21 13:45:56.000000,6168.0,6260.0,6150.0,6252.0,nan,6186.0,55142,1705542060.0,40519,6170.0,17,6168.0,21,nan,0,nan,0,nan,0,nan,0,nan,0,nan,0,nan,0,nan,0
1597988757447706880,1597988758000000000,2020-08-21 13:45:58.000000,6168.0,6260.0,6150.0,6252.0,nan,6186.0,55142,1705542060.0,40519,6170.0,18,6168.0,21,nan,0,nan,0,nan,0,nan,0,nan,0,nan,0,nan,0,nan,0
1597988760429148928,1597988761000000000,2020-08-21 13:46:01.000000,6168.0,6260.0,6150.0,6252.0,nan,6186.0,55142,1705542060.0,40519,6170.0,31,6168.0,18,nan,0,nan,0,nan,0,nan,0,nan,0,nan,0,nan,0,nan,0
1597988761018277888,1597988761000001024,2020-08-21 13:46:01.000001,6168.0,6260.0,6150.0,6252.0,nan,6186.0,55144,1705603920.0,40519,6170.0,31,6168.0,18,nan,0,nan,0,nan,0,nan,0,nan,0,nan,0,nan,0,nan,0
1597988761431462912,1597988762000000000,2020-08-21 13:46:02.000000,6168.0,6260.0,6150.0,6252.0,nan,6186.0,55144,1705603920.0,40519,6170.0,31,6168.0,19,nan,0,nan,0,nan,0,nan,0,nan,0,nan,0,nan,0,nan,0
1597988762920263936,1597988763000001024,2020-08-21 13:46:03.000001,6168.0,6260.0,6150.0,6252.0,nan,6186.0,55145,1705634850.0,40520,6170.0,31,6168.0,18,nan,0,nan,0,nan,0,nan,0,nan,0,nan,0,nan,0,nan,0
1597988763426091008,1597988764000000000,2020-08-21 13:46:04.000000,6168.0,6260.0,6150.0,6252.0,nan,6186.0,55145,1705634850.0,40520,6170.0,31,6168.0,17,nan,0,nan,0,nan,0,nan,0,nan,0,nan,0,nan,0,nan,0
1597988766426048000,1597988767000000000,2020-08-21 13:46:07.000000,6168.0,6260.0,6150.0,6252.0,nan,6186.0,55146,1705665780.0,40521,6170.0,31,6168.0,16,nan,0,nan,0,nan,0,nan,0,nan,0,nan,0,nan,0,nan,0
1597988766945483008,1597988767000001024,2020-08-21 13:46:07.000001,6168.0,6260.0,6150.0,6252.0,nan,6186.0,55146,1705665780.0,40521,6170.0,31,6168.0,18,nan,0,nan,0,nan,0,nan,0,nan,0,nan,0,nan,0,nan,0
1597988767929988096,1597988768000001024,2020-08-21 13:46:08.000001,6168.0,6260.0,6150.0,6252.0,nan,6186.0,55146,1705665780.0,40521,6170.0,31,6168.0,21,nan,0,nan,0,nan,0,nan,0,nan,0,nan,0,nan,0,nan,0
1597988768441716992,1597988769000000000,2020-08-21 13:46:09.000000,6168.0,6260.0,6150.0,6252.0,nan,6186.0,55146,1705665780.0,40521,6170.0,31,6168.0,24,nan,0,nan,0,nan,0,nan,0,nan,0,nan,0,nan,0,nan,0
1597988770447443968,1597988771000000000,2020-08-21 13:46:11.000000,6168.0,6260.0,6150.0,6252.0,nan,6186.0,55146,1705665780.0,40521,6170.0,32,6168.0,24,nan,0,nan,0,nan,0,nan,0,nan,0,nan,0,nan,0,nan,0
1597988770928303104,1597988771000001024,2020-08-21 13:46:11.000001,6170.0,6260.0,6150.0,6252.0,nan,6186.0,55147,1705696710.0,40521,6170.0,31,6168.0,24,nan,0,nan,0,nan,0,nan,0,nan,0,nan,0,nan,0,nan,0
1597988771441881088,1597988772000000000,2020-08-21 13:46:12.000000,6168.0,6260.0,6150.0,6252.0,nan,6186.0,55152,1705851360.0,40521,6170.0,31,6168.0,19,nan,0,nan,0,nan,0,nan,0,nan,0,nan,0,nan,0,nan,0
1597988771931484928,1597988772000001024,2020-08-21 13:46:12.000001,6168.0,6260.0,6150.0,6252.0,nan,6186.0,55164,1706222520.0,40517,6170.0,32,6168.0,4,nan,0,nan,0,nan,0,nan,0,nan,0,nan,0,nan,0,nan,0
1597988772449645056,1597988773000000000,2020-08-21 13:46:13.000000,6168.0,6260.0,6150.0,6252.0,nan,6186.0,55170,1706408100.0,40522,6168.0,6,6166.0,65,nan,0,nan,0,nan,0,nan,0,nan,0,nan,0,nan,0,nan,0
1597988773941646080,1597988774000001024,2020-08-21 13:46:14.000001,6168.0,6260.0,6150.0,6252.0,nan,6186.0,55171,1706439030.0,40523,6168.0,5,6166.0,65,nan,0,nan,0,nan,0,nan,0,nan,0,nan,0,nan,0,nan,0
1597988774444964096,1597988775000000000,2020-08-21 13:46:15.000000,6168.0,6260.0,6150.0,6252.0,nan,6186.0,55171,1706439030.0,40523,6168.0,4,6166.0,65,nan,0,nan,0,nan,0,nan,0,nan,0,nan,0,nan,0,nan,0
1597988778443771904,1597988779000000000,2020-08-21 13:46:19.000000,6168.0,6260.0,6150.0,6252.0,nan,6186.0,55171,1706439030.0,40523,6168.0,7,6166.0,65,nan,0,nan,0,nan,0,nan,0,nan,0,nan,0,nan,0,nan,0
1597988780929719040,1597988781000001024,2020-08-21 13:46:21.000001,6166.0,6260.0,6150.0,6252.0,nan,6186.0,55173,1706500890.0,40525,6168.0,8,6166.0,63,nan,0,nan,0,nan,0,nan,0,nan,0,nan,0,nan,0,nan,0
1597988786936921088,1597988787000001024,2020-08-21 13:46:27.000001,6166.0,6260.0,6150.0,6252.0,nan,6186.0,55173,1706500890.0,40525,6168.0,10,6166.0,63,nan,0,nan,0,nan,0,nan,0,nan,0,nan,0,nan,0,nan,0
1597988788437445120,1597988789000000000,2020-08-21 13:46:29.000000,6166.0,6260.0,6150.0,6252.0,nan,6186.0,55173,1706500890.0,40525,6168.0,10,6166.0,65,nan,0,nan,0,nan,0,nan,0,nan,0,nan,0,nan,0,nan,0
1597988789944864000,1597988790000001024,2020-08-21 13:46:30.000001,6166.0,6260.0,6150.0,6252.0,nan,6186.0,55174,1706531820.0,40526,6168.0,10,6166.0,64,nan,0,nan,0,nan,0,nan,0,nan,0,nan,0,nan,0,nan,0
1597988791443536896,1597988792000000000,2020-08-21 13:46:32.000000,6166.0,6260.0,6150.0,6252.0,nan,6186.0,55174,1706531820.0,40526,6168.0,18,6166.0,64,nan,0,nan,0,nan,0,nan,0,nan,0,nan,0,nan,0,nan,0
1597988791945330944,1597988792000001024,2020-08-21 13:46:32.000001,6166.0,6260.0,6150.0,6252.0,nan,6186.0,55174,1706531820.0,40526,6168.0,26,6166.0,64,nan,0,nan,0,nan,0,nan,0,nan,0,nan,0,nan,0,nan,0
1597988796435137024,1597988797000000000,2020-08-21 13:46:37.000000,6166.0,6260.0,6150.0,6252.0,nan,6186.0,55174,1706531820.0,40526,6168.0,27,6166.0,64,nan,0,nan,0,nan,0,nan,0,nan,0,nan,0,nan,0,nan,0
1597988796968280064,1597988797000001024,2020-08-21 13:46:37.000001,6166.0,6260.0,6150.0,6252.0,nan,6186.0,55175,1706562750.0,40525,6168.0,28,6166.0,63,nan,0,nan,0,nan,0,nan,0,nan,0,nan,0,nan,0,nan,0
1597988798937009920,1597988799000001024,2020-08-21 13:46:39.000001,6166.0,6260.0,6150.0,6252.0,nan,6186.0,55177,1706624610.0,40527,6168.0,28,6166.0,61,nan,0,nan,0,nan,0,nan,0,nan,0,nan,0,nan,0,nan,0
1597988800450287104,1597988801000000000,2020-08-21 13:46:41.000000,6168.0,6260.0,6150.0,6252.0,nan,6186.0,55184,1706841120.0,40525,6168.0,21,6166.0,70,nan,0,nan,0,nan,0,nan,0,nan,0,nan,0,nan,0,nan,0
1597988800938921984,1597988801000001024,2020-08-21 13:46:41.000001,6168.0,6260.0,6150.0,6252.0,nan,6186.0,55184,1706841120.0,40525,6168.0,11,6166.0,70,nan,0,nan,0,nan,0,nan,0,nan,0,nan,0,nan,0,nan,0
1597988803476090880,1597988804000000000,2020-08-21 13:46:44.000000,6168.0,6260.0,6150.0,6252.0,nan,6186.0,55184,1706841120.0,40525,6168.0,12,6166.0,70,nan,0,nan,0,nan,0,nan,0,nan,0,nan,0,nan,0,nan,0
1597988806945271040,1597988807000001024,2020-08-21 13:46:47.000001,6168.0,6260.0,6150.0,6252.0,nan,6186.0,55184,1706841120.0,40525,6168.0,13,6166.0,70,nan,0,nan,0,nan,0,nan,0,nan,0,nan,0,nan,0,nan,0
1597988807933347072,1597988808000001024,2020-08-21 13:46:48.000001,6166.0,6260.0,6150.0,6252.0,nan,6186.0,55185,1706872050.0,40526,6168.0,13,6166.0,69,nan,0,nan,0,nan,0,nan,0,nan,0,nan,0,nan,0,nan,0
1597988808454533888,1597988809000000000,2020-08-21 13:46:49.000000,6166.0,6260.0,6150.0,6252.0,nan,6186.0,55185,1706872050.0,40526,6168.0,18,6166.0,69,nan,0,nan,0,nan,0,nan,0,nan,0,nan,0,nan,0,nan,0
1597988808936680960,1597988809000001024,2020-08-21 13:46:49.000001,6166.0,6260.0,6150.0,6252.0,nan,6186.0,55185,1706872050.0,40526,6168.0,20,6166.0,69,nan,0,nan,0,nan,0,nan,0,nan,0,nan,0,nan,0,nan,0
1597988811436077056,1597988812000000000,2020-08-21 13:46:52.000000,6166.0,6260.0,6150.0,6252.0,nan,6186.0,55185,1706872050.0,40526,6168.0,19,6166.0,69,nan,0,nan,0,nan,0,nan,0,nan,0,nan,0,nan,0,nan,0
1597988812442146048,1597988813000000000,2020-08-21 13:46:53.000000,6166.0,6260.0,6150.0,6252.0,nan,6186.0,55185,1706872050.0,40526,6168.0,19,6166.0,70,nan,0,nan,0,nan,0,nan,0,nan,0,nan,0,nan,0,nan,0
1597988812938679040,1597988813000001024,2020-08-21 13:46:53.000001,6166.0,6260.0,6150.0,6252.0,nan,6186.0,55185,1706872050.0,40526,6168.0,17,6166.0,70,nan,0,nan,0,nan,0,nan,0,nan,0,nan,0,nan,0,nan,0
1597988814457079040,1597988815000000000,2020-08-21 13:46:55.000000,6166.0,6260.0,6150.0,6252.0,nan,6186.0,55185,1706872050.0,40526,6168.0,18,6166.0,70,nan,0,nan,0,nan,0,nan,0,nan,0,nan,0,nan,0,nan,0
1597988815460243968,1597988816000000000,2020-08-21 13:46:56.000000,6166.0,6260.0,6150.0,6252.0,nan,6186.0,55185,1706872050.0,40526,6168.0,11,6166.0,70,nan,0,nan,0,nan,0,nan,0,nan,0,nan,0,nan,0,nan,0
1597988815943678976,1597988816000001024,2020-08-21 13:46:56.000001,6166.0,6260.0,6150.0,6252.0,nan,6186.0,55192,1707088560.0,40526,6168.0,11,6166.0,63,nan,0,nan,0,nan,0,nan,0,nan,0,nan,0,nan,0,nan,0
1597988816947621120,1597988817000001024,2020-08-21 13:46:57.000001,6166.0,6260.0,6150.0,6252.0,nan,6186.0,55194,1707150420.0,40528,6168.0,11,6166.0,61,nan,0,nan,0,nan,0,nan,0,nan,0,nan,0,nan,0,nan,0
1597988820451959040,1597988821000000000,2020-08-21 13:47:01.000000,6166.0,6260.0,6150.0,6252.0,nan,6186.0,55195,1707181350.0,40528,6168.0,49,6166.0,60,nan,0,nan,0,nan,0,nan,0,nan,0,nan,0,nan,0,nan,0
1597988825456485120,1597988826000000000,2020-08-21 13:47:06.000000,6166.0,6260.0,6150.0,6252.0,nan,6186.0,55195,1707181350.0,40528,6168.0,50,6166.0,61,nan,0,nan,0,nan,0,nan,0,nan,0,nan,0,nan,0,nan,0
1597988825946482944,1597988826000001024,2020-08-21 13:47:06.000001,6166.0,6260.0,6150.0,6252.0,nan,6186.0,55196,1707212280.0,40529,6168.0,50,6166.0,62,nan,0,nan,0,nan,0,nan,0,nan,0,nan,0,nan,0,nan,0
1597988826445761024,1597988827000000000,2020-08-21 13:47:07.000000,6166.0,6260.0,6150.0,6252.0,nan,6186.0,55196,1707212280.0,40529,6168.0,50,6166.0,67,nan,0,nan,0,nan,0,nan,0,nan,0,nan,0,nan,0,nan,0
1597988826941992960,1597988827000001024,2020-08-21 13:47:07.000001,6166.0,6260.0,6150.0,6252.0,nan,6186.0,55196,1707212280.0,40529,6168.0,50,6166.0,69,nan,0,nan,0,nan,0,nan,0,nan,0,nan,0,nan,0,nan,0
1597988827444738048,1597988828000000000,2020-08-21 13:47:08.000000,6166.0,6260.0,6150.0,6252.0,nan,6186.0,55196,1707212280.0,40529,6168.0,50,6166.0,70,nan,0,nan,0,nan,0,nan,0,nan,0,nan,0,nan,0,nan,0
1597988831522690048,1597988832000000000,2020-08-21 13:47:12.000000,6166.0,6260.0,6150.0,6252.0,nan,6186.0,55196,1707212280.0,40529,6168.0,50,6166.0,71,nan,0,nan,0,nan,0,nan,0,nan,0,nan,0,nan,0,nan,0
1597988831958938112,1597988832000001024,2020-08-21 13:47:12.000001,6168.0,6260.0,6150.0,6252.0,nan,6186.0,55197,1707243210.0,40528,6168.0,49,6166.0,71,nan,0,nan,0,nan,0,nan,0,nan,0,nan,0,nan,0,nan,0
1597988832445893120,1597988833000000000,2020-08-21 13:47:13.000000,6168.0,6260.0,6150.0,6252.0,nan,6186.0,55197,1707243210.0,40528,6168.0,50,6166.0,71,nan,0,nan,0,nan,0,nan,0,nan,0,nan,0,nan,0,nan,0
1597988834461750016,1597988835000000000,2020-08-21 13:47:15.000000,6168.0,6260.0,6150.0,6252.0,nan,6186.0,55197,1707243210.0,40528,6168.0,51,6166.0,71,nan,0,nan,0,nan,0,nan,0,nan,0,nan,0,nan,0,nan,0
1597988834951166976,1597988835000001024,2020-08-21 13:47:15.000001,6166.0,6260.0,6150.0,6252.0,nan,6186.0,55199,1707305070.0,40530,6168.0,51,6166.0,69,nan,0,nan,0,nan,0,nan,0,nan,0,nan,0,nan,0,nan,0
