local_nano_time,quote_nano_time,datetime,last_price,highest,lowest,open,close,average,volume,amount,open_interest,ask_price1,ask_volume1,bid_price1,bid_volume1,ask_price2,ask_volume2,bid_price2,bid_volume2,ask_price3,ask_volume3,bid_price3,bid_volume3,ask_price4,ask_volume4,bid_price4,bid_volume4,ask_price5,ask_volume5,bid_price5,bid_volume5
1597988226356176896,1597988226913000192,2020-08-21 13:37:06.913000,3577.0,3602.0,3564.0,3582.0,nan,3584.0,199169,7139585350.0,221410,3578.0,123,3577.0,15,nan,0,nan,0,nan,0,nan,0,nan,0,nan,0,nan,0,nan,0
1597988226835328000,1597988227382999808,2020-08-21 13:37:07.383000,3578.0,3602.0,3564.0,3582.0,nan,3584.0,199174,7139764250.0,221415,3578.0,122,3577.0,17,nan,0,nan,0,nan,0,nan,0,nan,0,nan,0,nan,0,nan,0
1597988227338599936,1597988227920999936,2020-08-21 13:37:07.921000,3577.0,3602.0,3564.0,3582.0,nan,3584.0,199175,7139800020.0,221415,3578.0,120,3577.0,18,nan,0,nan,0,nan,0,nan,0,nan,0,nan,0,nan,0,nan,0
1597988227837560064,1597988228427000064,2020-08-21 13:37:08.427000,3577.0,3602.0,3564.0,3582.0,nan,3584.0,199178,7139907340.0,221416,3578.0,119,3577.0,18,nan,0,nan,0,nan,0,nan,0,nan,0,nan,0,nan,0,nan,0
1597988228333702912,1597988228901999872,2020-08-21 13:37:08.902000,3577.0,3602.0,3564.0,3582.0,nan,3584.0,199179,7139943110.0,221417,3578.0,119,3577.0,18,nan,0,nan,0,nan,0,nan,0,nan,0,nan,0,nan,0,nan,0
1597988228840713984,1597988229404000000,2020-08-21 13:37:09.404000,3577.0,3602.0,3564.0,3582.0,nan,3584.0,199200,7140694280.0,221433,3577.0,31,3576.0,155,nan,0,nan,0,nan,0,nan,0,nan,0,nan,0,nan,0,nan,0
1597988229331804928,1597988229887000064,2020-08-21 13:37:09.887000,3577.0,3602.0,3564.0,3582.0,nan,3584.0,199200,7140694280.0,221433,3577.0,31,3576.0,160,nan,0,nan,0,nan,0,nan,0,nan,0,nan,0,nan,0,nan,0
1597988229837712896,1597988230432000000,2020-08-21 13:37:10.432000,3577.0,3602.0,3564.0,3582.0,nan,3584.0,199201,7140730050.0,221434,3577.0,30,3576.0,160,nan,0,nan,0,nan,0,nan,0,nan,0,nan,0,nan,0,nan,0
1597988230337757952,1597988230888000000,2020-08-21 13:37:10.888000,3578.0,3602.0,3564.0,3582.0,nan,3584.0,199232,7141838930.0,221437,3578.0,100,3577.0,8,nan,0,nan,0,nan,0,nan,0,nan,0,nan,0,nan,0,nan,0
1597988230840527104,1597988231411000064,2020-08-21 13:37:11.411000,3577.0,3602.0,3564.0,3582.0,nan,3584.0,199233,7141874700.0,221436,3578.0,100,3577.0,9,nan,0,nan,0,nan,0,nan,0,nan,0,nan,0,nan,0,nan,0
1597988231333403904,1597988231908999936,2020-08-21 13:37:11.909000,3577.0,3602.0,3564.0,3582.0,nan,3584.0,199239,7142089320.0,221430,3578.0,100,3577.0,6,nan,0,nan,0,nan,0,nan,0,nan,0,nan,0,nan,0,nan,0
1597988231834491904,1597988232423000064,2020-08-21 13:37:12.423000,3578.0,3602.0,3564.0,3582.0,nan,3584.0,199240,7142125100.0,221431,3578.0,99,3577.0,11,nan,0,nan,0,nan,0,nan,0,nan,0,nan,0,nan,0,nan,0
1597988232332841984,1597988232932000000,2020-08-21 13:37:12.932000,3577.0,3602.0,3564.0,3582.0,nan,3584.0,199252,7142554340.0,221428,3577.0,10,3576.0,165,nan,0,nan,0,nan,0,nan,0,nan,0,nan,0,nan,0,nan,0
1597988232834753024,1597988233396000000,2020-08-21 13:37:13.396000,3577.0,3602.0,3564.0,3582.0,nan,3584.0,199272,7143269730.0,221417,3578.0,100,3577.0,1,nan,0,nan,0,nan,0,nan,0,nan,0,nan,0,nan,0,nan,0
1597988233337285120,1597988233912000000,2020-08-21 13:37:13.912000,3577.0,3602.0,3564.0,3582.0,nan,3584.0,199272,7143269730.0,221417,3578.0,100,3577.0,6,nan,0,nan,0,nan,0,nan,0,nan,0,nan,0,nan,0,nan,0
1597988233833861120,1597988234381999872,2020-08-21 13:37:14.382000,3578.0,3602.0,3564.0,3582.0,nan,3584.0,199273,7143305510.0,221418,3578.0,99,3577.0,7,nan,0,nan,0,nan,0,nan,0,nan,0,nan,0,nan,0,nan,0
1597988234344125952,1597988234932000000,2020-08-21 13:37:14.932000,3577.0,3602.0,3564.0,3582.0,nan,3584.0,199277,7143448600.0,221421,3578.0,98,3577.0,5,nan,0,nan,0,nan,0,nan,0,nan,0,nan,0,nan,0,nan,0
1597988234845409024,1597988235413000192,2020-08-21 13:37:15.413000,3577.0,3602.0,3564.0,3582.0,nan,3584.0,199280,7143555920.0,221422,3578.0,97,3577.0,13,nan,0,nan,0,nan,0,nan,0,nan,0,nan,0,nan,0,nan,0
1597988235343399936,1597988235884999936,2020-08-21 13:37:15.885000,3578.0,3602.0,3564.0,3582.0,nan,3584.0,199281,7143591700.0,221423,3578.0,96,3577.0,23,nan,0,nan,0,nan,0,nan,0,nan,0,nan,0,nan,0,nan,0
1597988235942836992,1597988236432000000,2020-08-21 13:37:16.432000,3578.0,3602.0,3564.0,3582.0,nan,3584.0,199304,7144414420.0,221435,3578.0,95,3577.0,3,nan,0,nan,0,nan,0,nan,0,nan,0,nan,0,nan,0,nan,0
1597988236338280960,1597988236918999808,2020-08-21 13:37:16.919000,3578.0,3602.0,3564.0,3582.0,nan,3584.0,199405,7148027790.0,221403,3578.0,35,3577.0,16,nan,0,nan,0,nan,0,nan,0,nan,0,nan,0,nan,0,nan,0
1597988236838392064,1597988237435000064,2020-08-21 13:37:17.435000,3578.0,3602.0,3564.0,3582.0,nan,3584.0,199470,7150353250.0,221428,3579.0,187,3578.0,161,nan,0,nan,0,nan,0,nan,0,nan,0,nan,0,nan,0,nan,0
1597988237334756096,1597988237934000128,2020-08-21 13:37:17.934000,3578.0,3602.0,3564.0,3582.0,nan,3584.0,199470,7150353250.0,221428,3579.0,187,3578.0,163,nan,0,nan,0,nan,0,nan,0,nan,0,nan,0,nan,0,nan,0
1597988238350778112,1597988238932000000,2020-08-21 13:37:18.932000,3579.0,3602.0,3564.0,3582.0,nan,3584.0,199471,7150389040.0,221429,3579.0,186,3578.0,163,nan,0,nan,0,nan,0,nan,0,nan,0,nan,0,nan,0,nan,0
1597988238835192064,1597988239420999936,2020-08-21 13:37:19.421000,3578.0,3602.0,3564.0,3582.0,nan,3584.0,199477,7150603730.0,221434,3579.0,185,3578.0,158,nan,0,nan,0,nan,0,nan,0,nan,0,nan,0,nan,0,nan,0
1597988239339518976,1597988239932000000,2020-08-21 13:37:19.932000,3579.0,3602.0,3564.0,3582.0,nan,3584.0,199662,7157224880.0,221526,3580.0,135,3578.0,158,nan,0,nan,0,nan,0,nan,0,nan,0,nan,0,nan,0,nan,0
1597988239845350912,1597988240416999936,2020-08-21 13:37:20.417000,3579.0,3602.0,3564.0,3582.0,nan,3584.0,199664,7157296460.0,221526,3580.0,127,3579.0,20,nan,0,nan,0,nan,0,nan,0,nan,0,nan,0,nan,0,nan,0
1597988240337541120,1597988240916000000,2020-08-21 13:37:20.916000,3579.0,3602.0,3564.0,3582.0,nan,3584.0,199664,7157296460.0,221526,3580.0,129,3579.0,20,nan,0,nan,0,nan,0,nan,0,nan,0,nan,0,nan,0,nan,0
1597988240839956992,1597988241423000064,2020-08-21 13:37:21.423000,3579.0,3602.0,3564.0,3582.0,nan,3584.0,199665,7157332250.0,221525,3580.0,129,3579.0,9,nan,0,nan,0,nan,0,nan,0,nan,0,nan,0,nan,0,nan,0
1597988241838788096,1597988242423000064,2020-08-21 13:37:22.423000,3579.0,3602.0,3564.0,3582.0,nan,3584.0,199676,7157725940.0,221524,3580.0,128,3578.0,161,nan,0,nan,0,nan,0,nan,0,nan,0,nan,0,nan,0,nan,0
1597988242342053888,1597988242935000064,2020-08-21 13:37:22.935000,3579.0,3602.0,3564.0,3582.0,nan,3584.0,199680,7157869100.0,221527,3580.0,128,3579.0,2,nan,0,nan,0,nan,0,nan,0,nan,0,nan,0,nan,0,nan,0
1597988242838362112,1597988243432000000,2020-08-21 13:37:23.432000,3579.0,3602.0,3564.0,3582.0,nan,3584.0,199684,7158012270.0,221527,3580.0,127,3579.0,3,nan,0,nan,0,nan,0,nan,0,nan,0,nan,0,nan,0,nan,0
1597988243338191104,1597988243872000000,2020-08-21 13:37:23.872000,3579.0,3602.0,3564.0,3582.0,nan,3584.0,199687,7158119640.0,221525,3580.0,127,3578.0,161,nan,0,nan,0,nan,0,nan,0,nan,0,nan,0,nan,0,nan,0
1597988243836300032,1597988244374000128,2020-08-21 13:37:24.374000,3580.0,3602.0,3564.0,3582.0,nan,3584.0,199693,7158334430.0,221526,3580.0,126,3578.0,161,nan,0,nan,0,nan,0,nan,0,nan,0,nan,0,nan,0,nan,0
1597988244334004992,1597988244924000000,2020-08-21 13:37:24.924000,3580.0,3602.0,3564.0,3582.0,nan,3584.0,199697,7158477590.0,221525,3580.0,124,3578.0,159,nan,0,nan,0,nan,0,nan,0,nan,0,nan,0,nan,0,nan,0
1597988244850266880,1597988245427000064,2020-08-21 13:37:25.427000,3580.0,3602.0,3564.0,3582.0,nan,3584.0,199698,7158513390.0,221526,3580.0,124,3578.0,159,nan,0,nan,0,nan,0,nan,0,nan,0,nan,0,nan,0,nan,0
1597988245338434048,1597988245882999808,2020-08-21 13:37:25.883000,3578.0,3602.0,3564.0,3582.0,nan,3584.0,199870,7164667550.0,221516,3578.0,28,3577.0,64,nan,0,nan,0,nan,0,nan,0,nan,0,nan,0,nan,0,nan,0
1597988245833005056,1597988246420000000,2020-08-21 13:37:26.420000,3578.0,3602.0,3564.0,3582.0,nan,3584.0,199886,7165240030.0,221506,3578.0,12,3577.0,67,nan,0,nan,0,nan,0,nan,0,nan,0,nan,0,nan,0,nan,0
1597988246342832896,1597988246932000000,2020-08-21 13:37:26.932000,3580.0,3602.0,3564.0,3582.0,nan,3584.0,199899,7165705190.0,221497,3578.0,1,3577.0,68,nan,0,nan,0,nan,0,nan,0,nan,0,nan,0,nan,0,nan,0
1597988246838790912,1597988247434000128,2020-08-21 13:37:27.434000,3578.0,3602.0,3564.0,3582.0,nan,3584.0,199901,7165776750.0,221497,3578.0,4,3577.0,70,nan,0,nan,0,nan,0,nan,0,nan,0,nan,0,nan,0,nan,0
1597988247340615936,1597988247912000000,2020-08-21 13:37:27.912000,3578.0,3602.0,3564.0,3582.0,nan,3584.0,199902,7165812530.0,221498,3578.0,3,3577.0,70,nan,0,nan,0,nan,0,nan,0,nan,0,nan,0,nan,0,nan,0
1597988247832638976,1597988248420999936,2020-08-21 13:37:28.421000,3578.0,3602.0,3564.0,3582.0,nan,3584.0,199905,7165919870.0,221501,3579.0,46,3578.0,4,nan,0,nan,0,nan,0,nan,0,nan,0,nan,0,nan,0,nan,0
1597988248340717056,1597988248901999872,2020-08-21 13:37:28.902000,3578.0,3602.0,3564.0,3582.0,nan,3584.0,199913,7166206110.0,221501,3579.0,51,3578.0,1,nan,0,nan,0,nan,0,nan,0,nan,0,nan,0,nan,0,nan,0
1597988248843534080,1597988249418999808,2020-08-21 13:37:29.419000,3577.0,3602.0,3564.0,3582.0,nan,3584.0,199915,7166277660.0,221500,3578.0,2,3577.0,72,nan,0,nan,0,nan,0,nan,0,nan,0,nan,0,nan,0,nan,0
1597988249384446976,1597988249930000128,2020-08-21 13:37:29.930000,3579.0,3602.0,3564.0,3582.0,nan,3584.0,200116,7173471280.0,221551,3579.0,3,3577.0,65,nan,0,nan,0,nan,0,nan,0,nan,0,nan,0,nan,0,nan,0
1597988249869381120,1597988250433000192,2020-08-21 13:37:30.433000,3579.0,3602.0,3564.0,3582.0,nan,3584.0,200116,7173471280.0,221551,3579.0,34,3578.0,8,nan,0,nan,0,nan,0,nan,0,nan,0,nan,0,nan,0,nan,0
1597988250344089088,1597988250933000192,2020-08-21 13:37:30.933000,3579.0,3602.0,3564.0,3582.0,nan,3584.0,200116,7173471280.0,221551,3579.0,38,3578.0,9,nan,0,nan,0,nan,0,nan,0,nan,0,nan,0,nan,0,nan,0
1597988250850300928,1597988251436000000,2020-08-21 13:37:31.436000,3579.0,3602.0,3564.0,3582.0,nan,3584.0,200130,7173972340.0,221551,3579.0,28,3578.0,12,nan,0,nan,0,nan,0,nan,0,nan,0,nan,0,nan,0,nan,0
1597988251359430912,1597988251900999936,2020-08-21 13:37:31.901000,3579.0,3602.0,3564.0,3582.0,nan,3584.0,200130,7173972340.0,221551,3579.0,17,3578.0,73,nan,0,nan,0,nan,0,nan,0,nan,0,nan,0,nan,0,nan,0
1597988251837398016,1597988252420999936,2020-08-21 13:37:32.421000,3579.0,3602.0,3564.0,3582.0,nan,3584.0,200132,7174043920.0,221552,3579.0,16,3578.0,74,nan,0,nan,0,nan,0,nan,0,nan,0,nan,0,nan,0,nan,0
1597988252343452928,1597988252875000064,2020-08-21 13:37:32.875000,3579.0,3602.0,3564.0,3582.0,nan,3584.0,200132,7174043920.0,221552,3579.0,22,3578.0,74,nan,0,nan,0,nan,0,nan,0,nan,0,nan,0,nan,0,nan,0
1597988252835721984,1597988253405999872,2020-08-21 13:37:33.406000,3578.0,3602.0,3564.0,3582.0,nan,3584.0,200133,7174079700.0,221553,3579.0,24,3578.0,75,nan,0,nan,0,nan,0,nan,0,nan,0,nan,0,nan,0,nan,0
1597988253368590080,1597988253860999936,2020-08-21 13:37:33.861000,3578.0,3602.0,3564.0,3582.0,nan,3584.0,200133,7174079700.0,221553,3579.0,24,3578.0,76,nan,0,nan,0,nan,0,nan,0,nan,0,nan,0,nan,0,nan,0
1597988254348346880,1597988254935000064,2020-08-21 13:37:34.935000,3579.0,3602.0,3564.0,3582.0,nan,3584.0,200137,7174222860.0,221557,3579.0,26,3578.0,82,nan,0,nan,0,nan,0,nan,0,nan,0,nan,0,nan,0,nan,0
1597988254872954880,1597988255433000192,2020-08-21 13:37:35.433000,3578.0,3602.0,3564.0,3582.0,nan,3584.0,200140,7174330200.0,221559,3579.0,27,3578.0,79,nan,0,nan,0,nan,0,nan,0,nan,0,nan,0,nan,0,nan,0
1597988255343648000,1597988255928000000,2020-08-21 13:37:35.928000,3579.0,3602.0,3564.0,3582.0,nan,3584.0,200141,7174365990.0,221560,3579.0,26,3578.0,79,nan,0,nan,0,nan,0,nan,0,nan,0,nan,0,nan,0,nan,0
1597988255845100032,1597988256426000128,2020-08-21 13:37:36.426000,3579.0,3602.0,3564.0,3582.0,nan,3584.0,200141,7174365990.0,221560,3579.0,26,3578.0,49,nan,0,nan,0,nan,0,nan,0,nan,0,nan,0,nan,0,nan,0
1597988256347202048,1597988256924999936,2020-08-21 13:37:36.925000,3579.0,3602.0,3564.0,3582.0,nan,3584.0,200141,7174365990.0,221560,3579.0,36,3578.0,69,nan,0,nan,0,nan,0,nan,0,nan,0,nan,0,nan,0,nan,0
1597988256854812928,1597988257427000064,2020-08-21 13:37:37.427000,3579.0,3602.0,3564.0,3582.0,nan,3584.0,200141,7174365990.0,221560,3579.0,36,3578.0,68,nan,0,nan,0,nan,0,nan,0,nan,0,nan,0,nan,0,nan,0
1597988257336555008,1597988257933000192,2020-08-21 13:37:37.933000,3579.0,3602.0,3564.0,3582.0,nan,3584.0,200141,7174365990.0,221560,3579.0,36,3578.0,74,nan,0,nan,0,nan,0,nan,0,nan,0,nan,0,nan,0,nan,0
1597988257845520896,1597988258416999936,2020-08-21 13:37:38.417000,3579.0,3602.0,3564.0,3582.0,nan,3584.0,200142,7174401780.0,221560,3579.0,36,3578.0,74,nan,0,nan,0,nan,0,nan,0,nan,0,nan,0,nan,0,nan,0
1597988258338704896,1597988258935000064,2020-08-21 13:37:38.935000,3579.0,3602.0,3564.0,3582.0,nan,3584.0,200144,7174473360.0,221560,3579.0,38,3578.0,74,nan,0,nan,0,nan,0,nan,0,nan,0,nan,0,nan,0,nan,0
1597988258834808064,1597988259405999872,2020-08-21 13:37:39.406000,3579.0,3602.0,3564.0,3582.0,nan,3584.0,200144,7174473360.0,221560,3579.0,38,3578.0,75,nan,0,nan,0,nan,0,nan,0,nan,0,nan,0,nan,0,nan,0
1597988259337260032,1597988259869999872,2020-08-21 13:37:39.870000,3579.0,3602.0,3564.0,3582.0,nan,3584.0,200144,7174473360.0,221560,3579.0,38,3578.0,76,nan,0,nan,0,nan,0,nan,0,nan,0,nan,0,nan,0,nan,0
1597988259837550080,1597988260424999936,2020-08-21 13:37:40.425000,3579.0,3602.0,3564.0,3582.0,nan,3584.0,200145,7174509150.0,221560,3579.0,70,3578.0,76,nan,0,nan,0,nan,0,nan,0,nan,0,nan,0,nan,0,nan,0
1597988260343204096,1597988260932000000,2020-08-21 13:37:40.932000,3579.0,3602.0,3564.0,3582.0,nan,3584.0,200145,7174509150.0,221560,3579.0,70,3578.0,77,nan,0,nan,0,nan,0,nan,0,nan,0,nan,0,nan,0,nan,0
1597988260845368064,1597988261436000000,2020-08-21 13:37:41.436000,3578.0,3602.0,3564.0,3582.0,nan,3584.0,200235,7177729470.0,221601,3578.0,22,3577.0,109,nan,0,nan,0,nan,0,nan,0,nan,0,nan,0,nan,0,nan,0
1597988261342123008,1597988261916000000,2020-08-21 13:37:41.916000,3578.0,3602.0,3564.0,3582.0,nan,3584.0,200241,7177944150.0,221606,3578.0,119,3577.0,109,nan,0,nan,0,nan,0,nan,0,nan,0,nan,0,nan,0,nan,0
1597988261861830912,1597988262435000064,2020-08-21 13:37:42.435000,3578.0,3602.0,3564.0,3582.0,nan,3584.0,200303,7180161970.0,221637,3578.0,109,3577.0,56,nan,0,nan,0,nan,0,nan,0,nan,0,nan,0,nan,0,nan,0
1597988262379782912,1597988262910000128,2020-08-21 13:37:42.910000,3578.0,3602.0,3564.0,3582.0,nan,3584.0,200305,7180233520.0,221639,3578.0,109,3577.0,55,nan,0,nan,0,nan,0,nan,0,nan,0,nan,0,nan,0,nan,0
1597988262842385920,1597988263379000064,2020-08-21 13:37:43.379000,3578.0,3602.0,3564.0,3582.0,nan,3584.0,200323,7180877560.0,221657,3578.0,91,3577.0,55,nan,0,nan,0,nan,0,nan,0,nan,0,nan,0,nan,0,nan,0
1597988263345652992,1597988263930000128,2020-08-21 13:37:43.930000,3578.0,3602.0,3564.0,3582.0,nan,3584.0,200331,7181163800.0,221665,3578.0,83,3577.0,56,nan,0,nan,0,nan,0,nan,0,nan,0,nan,0,nan,0,nan,0
1597988263841177088,1597988264433000192,2020-08-21 13:37:44.433000,3578.0,3602.0,3564.0,3582.0,nan,3584.0,200334,7181271140.0,221667,3578.0,80,3577.0,59,nan,0,nan,0,nan,0,nan,0,nan,0,nan,0,nan,0,nan,0
1597988264348518912,1597988264935000064,2020-08-21 13:37:44.935000,3577.0,3602.0,3564.0,3582.0,nan,3584.0,200344,7181628890.0,221667,3578.0,76,3577.0,59,nan,0,nan,0,nan,0,nan,0,nan,0,nan,0,nan,0,nan,0
1597988264843464960,1597988265412000000,2020-08-21 13:37:45.412000,3577.0,3602.0,3564.0,3582.0,nan,3584.0,200344,7181628890.0,221667,3578.0,76,3577.0,65,nan,0,nan,0,nan,0,nan,0,nan,0,nan,0,nan,0,nan,0
1597988265334916096,1597988265935000064,2020-08-21 13:37:45.935000,3578.0,3602.0,3564.0,3582.0,nan,3584.0,200348,7181772000.0,221669,3578.0,73,3577.0,70,nan,0,nan,0,nan,0,nan,0,nan,0,nan,0,nan,0,nan,0
1597988265847204096,1597988266424999936,2020-08-21 13:37:46.425000,3578.0,3602.0,3564.0,3582.0,nan,3584.0,200359,7182165580.0,221680,3578.0,63,3577.0,70,nan,0,nan,0,nan,0,nan,0,nan,0,nan,0,nan,0,nan,0
1597988266335677952,1597988266903000064,2020-08-21 13:37:46.903000,3578.0,3602.0,3564.0,3582.0,nan,3584.0,200359,7182165580.0,221680,3578.0,63,3577.0,71,nan,0,nan,0,nan,0,nan,0,nan,0,nan,0,nan,0,nan,0
1597988266844110080,1597988267416999936,2020-08-21 13:37:47.417000,3578.0,3602.0,3564.0,3582.0,nan,3584.0,200360,7182201360.0,221681,3578.0,62,3577.0,74,nan,0,nan,0,nan,0,nan,0,nan,0,nan,0,nan,0,nan,0
1597988267349722112,1597988267938999808,2020-08-21 13:37:47.939000,3577.0,3602.0,3564.0,3582.0,nan,3584.0,200362,7182272900.0,221681,3578.0,66,3577.0,71,nan,0,nan,0,nan,0,nan,0,nan,0,nan,0,nan,0,nan,0
1597988267833274112,1597988268428999936,2020-08-21 13:37:48.429000,3578.0,3602.0,3564.0,3582.0,nan,3584.0,200383,7183024270.0,221702,3578.0,46,3577.0,71,nan,0,nan,0,nan,0,nan,0,nan,0,nan,0,nan,0,nan,0
1597988268348802048,1597988268918999808,2020-08-21 13:37:48.919000,3578.0,3602.0,3564.0,3582.0,nan,3584.0,200385,7183095830.0,221704,3578.0,44,3577.0,71,nan,0,nan,0,nan,0,nan,0,nan,0,nan,0,nan,0,nan,0
1597988268839961088,1597988269407000064,2020-08-21 13:37:49.407000,3578.0,3602.0,3564.0,3582.0,nan,3584.0,200385,7183095830.0,221704,3578.0,44,3577.0,111,nan,0,nan,0,nan,0,nan,0,nan,0,nan,0,nan,0,nan,0
1597988269836666112,1597988270424000000,2020-08-21 13:37:50.424000,3578.0,3602.0,3564.0,3582.0,nan,3584.0,200394,7183417850.0,221712,3578.0,36,3577.0,111,nan,0,nan,0,nan,0,nan,0,nan,0,nan,0,nan,0,nan,0
1597988270335536128,1597988270935000064,2020-08-21 13:37:50.935000,3578.0,3602.0,3564.0,3582.0,nan,3584.0,200394,7183417850.0,221712,3578.0,36,3577.0,112,nan,0,nan,0,nan,0,nan,0,nan,0,nan,0,nan,0,nan,0
1597988270839429120,1597988271434000128,2020-08-21 13:37:51.434000,3578.0,3602.0,3564.0,3582.0,nan,3584.0,200395,7183453630.0,221713,3578.0,35,3577.0,112,nan,0,nan,0,nan,0,nan,0,nan,0,nan,0,nan,0,nan,0
1597988271836859904,1597988272432000000,2020-08-21 13:37:52.432000,3578.0,3602.0,3564.0,3582.0,nan,3584.0,200396,7183489410.0,221713,3578.0,34,3577.0,112,nan,0,nan,0,nan,0,nan,0,nan,0,nan,0,nan,0,nan,0
1597988272337591040,1597988272920000000,2020-08-21 13:37:52.920000,3578.0,3602.0,3564.0,3582.0,nan,3584.0,200430,7184705930.0,221710,3579.0,70,3578.0,23,nan,0,nan,0,nan,0,nan,0,nan,0,nan,0,nan,0,nan,0
1597988273351092992,1597988273932000000,2020-08-21 13:37:53.932000,3578.0,3602.0,3564.0,3582.0,nan,3584.0,200432,7184777490.0,221712,3579.0,70,3578.0,23,nan,0,nan,0,nan,0,nan,0,nan,0,nan,0,nan,0,nan,0
1597988273837000960,1597988274432000000,2020-08-21 13:37:54.432000,3578.0,3602.0,3564.0,3582.0,nan,3584.0,200433,7184813270.0,221712,3579.0,70,3578.0,24,nan,0,nan,0,nan,0,nan,0,nan,0,nan,0,nan,0,nan,0
1597988274848573952,1597988275411000064,2020-08-21 13:37:55.411000,3579.0,3602.0,3564.0,3582.0,nan,3584.0,200435,7184884840.0,221714,3579.0,69,3578.0,23,nan,0,nan,0,nan,0,nan,0,nan,0,nan,0,nan,0,nan,0
1597988275338161920,1597988275917999872,2020-08-21 13:37:55.918000,3579.0,3602.0,3564.0,3582.0,nan,3584.0,200435,7184884840.0,221714,3579.0,69,3578.0,36,nan,0,nan,0,nan,0,nan,0,nan,0,nan,0,nan,0,nan,0
1597988275837335040,1597988276404000000,2020-08-21 13:37:56.404000,3579.0,3602.0,3564.0,3582.0,nan,3584.0,200436,7184920630.0,221715,3579.0,68,3578.0,36,nan,0,nan,0,nan,0,nan,0,nan,0,nan,0,nan,0,nan,0
1597988276346987008,1597988276917999872,2020-08-21 13:37:56.918000,3579.0,3602.0,3564.0,3582.0,nan,3584.0,200436,7184920630.0,221715,3579.0,70,3578.0,36,nan,0,nan,0,nan,0,nan,0,nan,0,nan,0,nan,0,nan,0
1597988276897412096,1597988277428999936,2020-08-21 13:37:57.429000,3579.0,3602.0,3564.0,3582.0,nan,3584.0,200446,7185278530.0,221716,3579.0,64,3578.0,34,nan,0,nan,0,nan,0,nan,0,nan,0,nan,0,nan,0,nan,0
1597988277331773952,1597988277915000064,2020-08-21 13:37:57.915000,3579.0,3602.0,3564.0,3582.0,nan,3584.0,200447,7185314320.0,221716,3579.0,67,3578.0,36,nan,0,nan,0,nan,0,nan,0,nan,0,nan,0,nan,0,nan,0
1597988277835304960,1597988278436000000,2020-08-21 13:37:58.436000,3579.0,3602.0,3564.0,3582.0,nan,3584.0,200447,7185314320.0,221716,3579.0,67,3578.0,38,nan,0,nan,0,nan,0,nan,0,nan,0,nan,0,nan,0,nan,0
1597988278337129984,1597988278937999872,2020-08-21 13:37:58.938000,3578.0,3602.0,3564.0,3582.0,nan,3584.0,200448,7185350100.0,221717,3579.0,72,3578.0,27,nan,0,nan,0,nan,0,nan,0,nan,0,nan,0,nan,0,nan,0
1597988278834902016,1597988279433000192,2020-08-21 13:37:59.433000,3579.0,3602.0,3564.0,3582.0,nan,3584.0,200450,7185421680.0,221718,3579.0,70,3578.0,27,nan,0,nan,0,nan,0,nan,0,nan,0,nan,0,nan,0,nan,0
1597988279333530112,1597988279936999936,2020-08-21 13:37:59.937000,3579.0,3602.0,3564.0,3582.0,nan,3584.0,200451,7185457470.0,221719,3579.0,69,3578.0,34,nan,0,nan,0,nan,0,nan,0,nan,0,nan,0,nan,0,nan,0
1597988279845846016,1597988280436000000,2020-08-21 13:38:00.436000,3578.0,3602.0,3564.0,3582.0,nan,3584.0,200461,7185815270.0,221729,3579.0,71,3578.0,23,nan,0,nan,0,nan,0,nan,0,nan,0,nan,0,nan,0,nan,0
1597988280834181888,1597988281396000000,2020-08-21 13:38:01.396000,3578.0,3602.0,3564.0,3582.0,nan,3584.0,200462,7185851050.0,221730,3579.0,71,3578.0,22,nan,0,nan,0,nan,0,nan,0,nan,0,nan,0,nan,0,nan,0
1597988281335211008,1597988281924999936,2020-08-21 13:38:01.925000,3578.0,3602.0,3564.0,3582.0,nan,3584.0,200468,7186065780.0,221736,3579.0,67,3578.0,21,nan,0,nan,0,nan,0,nan,0,nan,0,nan,0,nan,0,nan,0
1597988281831874048,1597988282423000064,2020-08-21 13:38:02.423000,3578.0,3602.0,3564.0,3582.0,nan,3584.0,200468,7186065780.0,221736,3579.0,67,3578.0,26,nan,0,nan,0,nan,0,nan,0,nan,0,nan,0,nan,0,nan,0
1597988282346166016,1597988282935000064,2020-08-21 13:38:02.935000,3578.0,3602.0,3564.0,3582.0,nan,3584.0,200468,7186065780.0,221736,3579.0,66,3578.0,30,nan,0,nan,0,nan,0,nan,0,nan,0,nan,0,nan,0,nan,0
1597988283837655040,1597988284420999936,2020-08-21 13:38:04.421000,3579.0,3602.0,3564.0,3582.0,nan,3584.0,200469,7186101570.0,221736,3579.0,65,3578.0,31,nan,0,nan,0,nan,0,nan,0,nan,0,nan,0,nan,0,nan,0
1597988284337210112,1597988284924999936,2020-08-21 13:38:04.925000,3579.0,3602.0,3564.0,3582.0,nan,3584.0,200469,7186101570.0,221736,3579.0,64,3578.0,31,nan,0,nan,0,nan,0,nan,0,nan,0,nan,0,nan,0,nan,0
1597988285348632064,1597988285924000000,2020-08-21 13:38:05.924000,3579.0,3602.0,3564.0,3582.0,nan,3584.0,200469,7186101570.0,221736,3579.0,64,3578.0,33,nan,0,nan,0,nan,0,nan,0,nan,0,nan,0,nan,0,nan,0
1597988285832783104,1597988286323000064,2020-08-21 13:38:06.323000,3579.0,3602.0,3564.0,3582.0,nan,3584.0,200469,7186101570.0,221736,3579.0,64,3578.0,35,nan,0,nan,0,nan,0,nan,0,nan,0,nan,0,nan,0,nan,0
1597988286334471936,1597988286920999936,2020-08-21 13:38:06.921000,3579.0,3602.0,3564.0,3582.0,nan,3584.0,200470,7186137360.0,221737,3579.0,63,3578.0,36,nan,0,nan,0,nan,0,nan,0,nan,0,nan,0,nan,0,nan,0
1597988286836164096,1597988287433000192,2020-08-21 13:38:07.433000,3579.0,3602.0,3564.0,3582.0,nan,3584.0,200470,7186137360.0,221737,3579.0,71,3578.0,34,nan,0,nan,0,nan,0,nan,0,nan,0,nan,0,nan,0,nan,0
1597988287336910080,1597988287936000000,2020-08-21 13:38:07.936000,3578.0,3602.0,3564.0,3582.0,nan,3584.0,200472,7186208930.0,221738,3579.0,70,3578.0,33,nan,0,nan,0,nan,0,nan,0,nan,0,nan,0,nan,0,nan,0
1597988287834375936,1597988288436999936,2020-08-21 13:38:08.437000,3578.0,3602.0,3564.0,3582.0,nan,3584.0,200474,7186280490.0,221740,3579.0,70,3578.0,31,nan,0,nan,0,nan,0,nan,0,nan,0,nan,0,nan,0,nan,0
1597988288342651904,1597988288913000192,2020-08-21 13:38:08.913000,3579.0,3602.0,3564.0,3582.0,nan,3584.0,200480,7186495180.0,221745,3579.0,69,3578.0,26,nan,0,nan,0,nan,0,nan,0,nan,0,nan,0,nan,0,nan,0
1597988288846704128,1597988289397000192,2020-08-21 13:38:09.397000,3579.0,3602.0,3564.0,3582.0,nan,3584.0,200480,7186495180.0,221745,3579.0,69,3578.0,27,nan,0,nan,0,nan,0,nan,0,nan,0,nan,0,nan,0,nan,0
1597988289337245952,1597988289903000064,2020-08-21 13:38:09.903000,3578.0,3602.0,3564.0,3582.0,nan,3584.0,200482,7186566740.0,221747,3579.0,69,3578.0,25,nan,0,nan,0,nan,0,nan,0,nan,0,nan,0,nan,0,nan,0
1597988289895117056,1597988290417999872,2020-08-21 13:38:10.418000,3578.0,3602.0,3564.0,3582.0,nan,3584.0,200487,7186745640.0,221751,3579.0,69,3578.0,20,nan,0,nan,0,nan,0,nan,0,nan,0,nan,0,nan,0,nan,0
1597988290345024000,1597988290931000064,2020-08-21 13:38:10.931000,3578.0,3602.0,3564.0,3582.0,nan,3584.0,200496,7187067740.0,221759,3579.0,61,3578.0,22,nan,0,nan,0,nan,0,nan,0,nan,0,nan,0,nan,0,nan,0
1597988291344238080,1597988291932000000,2020-08-21 13:38:11.932000,3578.0,3602.0,3564.0,3582.0,nan,3584.0,200496,7187067740.0,221759,3579.0,61,3578.0,25,nan,0,nan,0,nan,0,nan,0,nan,0,nan,0,nan,0,nan,0
1597988292342011904,1597988292936000000,2020-08-21 13:38:12.936000,3578.0,3602.0,3564.0,3582.0,nan,3584.0,200498,7187139300.0,221761,3579.0,61,3578.0,23,nan,0,nan,0,nan,0,nan,0,nan,0,nan,0,nan,0,nan,0
1597988292842873088,1597988293428000000,2020-08-21 13:38:13.428000,3579.0,3602.0,3564.0,3582.0,nan,3584.0,200499,7187175090.0,221762,3579.0,60,3578.0,21,nan,0,nan,0,nan,0,nan,0,nan,0,nan,0,nan,0,nan,0
1597988293336570880,1597988293931000064,2020-08-21 13:38:13.931000,3579.0,3602.0,3564.0,3582.0,nan,3584.0,200500,7187210880.0,221763,3579.0,59,3578.0,22,nan,0,nan,0,nan,0,nan,0,nan,0,nan,0,nan,0,nan,0
1597988293836165120,1597988294430000128,2020-08-21 13:38:14.430000,3579.0,3602.0,3564.0,3582.0,nan,3584.0,200501,7187246670.0,221763,3579.0,58,3578.0,24,nan,0,nan,0,nan,0,nan,0,nan,0,nan,0,nan,0,nan,0
1597988295353009920,1597988295918999808,2020-08-21 13:38:15.919000,3579.0,3602.0,3564.0,3582.0,nan,3584.0,200504,7187354040.0,221766,3579.0,55,3578.0,24,nan,0,nan,0,nan,0,nan,0,nan,0,nan,0,nan,0,nan,0
1597988296335934976,1597988296903000064,2020-08-21 13:38:16.903000,3579.0,3602.0,3564.0,3582.0,nan,3584.0,200506,7187425620.0,221767,3579.0,53,3578.0,26,nan,0,nan,0,nan,0,nan,0,nan,0,nan,0,nan,0,nan,0
1597988296839173120,1597988297424999936,2020-08-21 13:38:17.425000,3579.0,3602.0,3564.0,3582.0,nan,3584.0,200507,7187461410.0,221768,3579.0,56,3578.0,26,nan,0,nan,0,nan,0,nan,0,nan,0,nan,0,nan,0,nan,0
1597988297837696000,1597988298433000192,2020-08-21 13:38:18.433000,3579.0,3602.0,3564.0,3582.0,nan,3584.0,200507,7187461410.0,221768,3579.0,56,3578.0,27,nan,0,nan,0,nan,0,nan,0,nan,0,nan,0,nan,0,nan,0
1597988298335990016,1597988298876000000,2020-08-21 13:38:18.876000,3579.0,3602.0,3564.0,3582.0,nan,3584.0,200513,7187676100.0,221771,3579.0,55,3578.0,24,nan,0,nan,0,nan,0,nan,0,nan,0,nan,0,nan,0,nan,0
1597988298835486976,1597988299416999936,2020-08-21 13:38:19.417000,3579.0,3602.0,3564.0,3582.0,nan,3584.0,200514,7187711890.0,221772,3579.0,58,3578.0,24,nan,0,nan,0,nan,0,nan,0,nan,0,nan,0,nan,0,nan,0
1597988299337641984,1597988299908999936,2020-08-21 13:38:19.909000,3579.0,3602.0,3564.0,3582.0,nan,3584.0,200524,7188069790.0,221782,3579.0,48,3578.0,24,nan,0,nan,0,nan,0,nan,0,nan,0,nan,0,nan,0,nan,0
1597988299835625984,1597988300403000064,2020-08-21 13:38:20.403000,3579.0,3602.0,3564.0,3582.0,nan,3584.0,200524,7188069790.0,221782,3579.0,48,3578.0,25,nan,0,nan,0,nan,0,nan,0,nan,0,nan,0,nan,0,nan,0
1597988300351130880,1597988300936999936,2020-08-21 13:38:20.937000,3579.0,3602.0,3564.0,3582.0,nan,3584.0,200525,7188105580.0,221783,3579.0,47,3578.0,26,nan,0,nan,0,nan,0,nan,0,nan,0,nan,0,nan,0,nan,0
1597988301541963008,1597988301933000192,2020-08-21 13:38:21.933000,3578.0,3602.0,3564.0,3582.0,nan,3584.0,200530,7188284480.0,221783,3579.0,47,3578.0,41,nan,0,nan,0,nan,0,nan,0,nan,0,nan,0,nan,0,nan,0
1597988302843611904,1597988303398000128,2020-08-21 13:38:23.398000,3579.0,3602.0,3564.0,3582.0,nan,3584.0,200531,7188320270.0,221783,3579.0,46,3578.0,41,nan,0,nan,0,nan,0,nan,0,nan,0,nan,0,nan,0,nan,0
1597988303336579072,1597988303917999872,2020-08-21 13:38:23.918000,3579.0,3602.0,3564.0,3582.0,nan,3584.0,200531,7188320270.0,221783,3579.0,47,3578.0,41,nan,0,nan,0,nan,0,nan,0,nan,0,nan,0,nan,0,nan,0
1597988303851653888,1597988304427000064,2020-08-21 13:38:24.427000,3578.0,3602.0,3564.0,3582.0,nan,3584.0,200552,7189071850.0,221769,3579.0,28,3578.0,40,nan,0,nan,0,nan,0,nan,0,nan,0,nan,0,nan,0,nan,0
1597988304348598016,1597988304887000064,2020-08-21 13:38:24.887000,3579.0,3602.0,3564.0,3582.0,nan,3584.0,200562,7189429750.0,221779,3579.0,18,3578.0,40,nan,0,nan,0,nan,0,nan,0,nan,0,nan,0,nan,0,nan,0
1597988304841837056,1597988305433000192,2020-08-21 13:38:25.433000,3579.0,3602.0,3564.0,3582.0,nan,3584.0,200562,7189429750.0,221779,3579.0,20,3578.0,42,nan,0,nan,0,nan,0,nan,0,nan,0,nan,0,nan,0,nan,0
1597988305339535872,1597988305936999936,2020-08-21 13:38:25.937000,3578.0,3602.0,3564.0,3582.0,nan,3584.0,200567,7189608690.0,221780,3579.0,16,3578.0,45,nan,0,nan,0,nan,0,nan,0,nan,0,nan,0,nan,0,nan,0
1597988306343361024,1597988306874000128,2020-08-21 13:38:26.874000,3579.0,3602.0,3564.0,3582.0,nan,3584.0,200582,7190145520.0,221781,3579.0,3,3578.0,44,nan,0,nan,0,nan,0,nan,0,nan,0,nan,0,nan,0,nan,0
1597988306836017920,1597988307398000128,2020-08-21 13:38:27.398000,3578.0,3602.0,3564.0,3582.0,nan,3584.0,200586,7190288640.0,221781,3579.0,10,3578.0,40,nan,0,nan,0,nan,0,nan,0,nan,0,nan,0,nan,0,nan,0
1597988307336899072,1597988307912000000,2020-08-21 13:38:27.912000,3579.0,3602.0,3564.0,3582.0,nan,3584.0,200587,7190324430.0,221781,3579.0,14,3578.0,40,nan,0,nan,0,nan,0,nan,0,nan,0,nan,0,nan,0,nan,0
1597988307831852032,1597988308432000000,2020-08-21 13:38:28.432000,3579.0,3602.0,3564.0,3582.0,nan,3584.0,200596,7190646540.0,221785,3579.0,5,3578.0,41,nan,0,nan,0,nan,0,nan,0,nan,0,nan,0,nan,0,nan,0
1597988308335731968,1597988308936999936,2020-08-21 13:38:28.937000,3579.0,3602.0,3564.0,3582.0,nan,3584.0,200596,7190646540.0,221785,3579.0,5,3578.0,42,nan,0,nan,0,nan,0,nan,0,nan,0,nan,0,nan,0,nan,0
1597988308837146880,1597988309332000000,2020-08-21 13:38:29.332000,3578.0,3602.0,3564.0,3582.0,nan,3584.0,200599,7190753900.0,221788,3579.0,3,3578.0,42,nan,0,nan,0,nan,0,nan,0,nan,0,nan,0,nan,0,nan,0
1597988309353345024,1597988309913000192,2020-08-21 13:38:29.913000,3579.0,3602.0,3564.0,3582.0,nan,3584.0,200606,7191004380.0,221794,3579.0,1,3578.0,38,nan,0,nan,0,nan,0,nan,0,nan,0,nan,0,nan,0,nan,0
1597988309975906048,1597988310433000192,2020-08-21 13:38:30.433000,3578.0,3602.0,3564.0,3582.0,nan,3584.0,200608,7191075940.0,221796,3579.0,1,3578.0,36,nan,0,nan,0,nan,0,nan,0,nan,0,nan,0,nan,0,nan,0
1597988310424387072,1597988310916000000,2020-08-21 13:38:30.916000,3580.0,3602.0,3564.0,3582.0,nan,3584.0,200612,7191219120.0,221798,3580.0,133,3579.0,10,nan,0,nan,0,nan,0,nan,0,nan,0,nan,0,nan,0,nan,0
1597988310854257920,1597988311407000064,2020-08-21 13:38:31.407000,3579.0,3602.0,3564.0,3582.0,nan,3584.0,200616,7191362300.0,221796,3580.0,131,3579.0,9,nan,0,nan,0,nan,0,nan,0,nan,0,nan,0,nan,0,nan,0
1597988311333286912,1597988311936000000,2020-08-21 13:38:31.936000,3579.0,3602.0,3564.0,3582.0,nan,3584.0,200616,7191362300.0,221796,3580.0,131,3579.0,10,nan,0,nan,0,nan,0,nan,0,nan,0,nan,0,nan,0,nan,0
1597988311834134016,1597988312433000192,2020-08-21 13:38:32.433000,3579.0,3602.0,3564.0,3582.0,nan,3584.0,200623,7191612840.0,221802,3580.0,130,3579.0,5,nan,0,nan,0,nan,0,nan,0,nan,0,nan,0,nan,0,nan,0
1597988312339203072,1597988312916999936,2020-08-21 13:38:32.917000,3579.0,3602.0,3564.0,3582.0,nan,3584.0,200623,7191612840.0,221802,3580.0,134,3579.0,5,nan,0,nan,0,nan,0,nan,0,nan,0,nan,0,nan,0,nan,0
1597988313831813120,1597988314414000128,2020-08-21 13:38:34.414000,3580.0,3602.0,3564.0,3582.0,nan,3584.0,200624,7191648640.0,221802,3580.0,133,3579.0,6,nan,0,nan,0,nan,0,nan,0,nan,0,nan,0,nan,0,nan,0
1597988314345140992,1597988314897000192,2020-08-21 13:38:34.897000,3580.0,3602.0,3564.0,3582.0,nan,3584.0,200624,7191648640.0,221802,3580.0,164,3579.0,6,nan,0,nan,0,nan,0,nan,0,nan,0,nan,0,nan,0,nan,0
1597988314834597888,1597988315326999808,2020-08-21 13:38:35.327000,3579.0,3602.0,3564.0,3582.0,nan,3584.0,200630,7191863380.0,221801,3579.0,1,3578.0,42,nan,0,nan,0,nan,0,nan,0,nan,0,nan,0,nan,0,nan,0
1597988315338960896,1597988315867000064,2020-08-21 13:38:35.867000,3579.0,3602.0,3564.0,3582.0,nan,3584.0,200631,7191899170.0,221802,3580.0,184,3578.0,43,nan,0,nan,0,nan,0,nan,0,nan,0,nan,0,nan,0,nan,0
1597988315832141056,1597988316382999808,2020-08-21 13:38:36.383000,3579.0,3602.0,3564.0,3582.0,nan,3584.0,200631,7191899170.0,221802,3579.0,1,3578.0,43,nan,0,nan,0,nan,0,nan,0,nan,0,nan,0,nan,0,nan,0
1597988316334053888,1597988316920999936,2020-08-21 13:38:36.921000,3579.0,3602.0,3564.0,3582.0,nan,3584.0,200631,7191899170.0,221802,3579.0,7,3578.0,42,nan,0,nan,0,nan,0,nan,0,nan,0,nan,0,nan,0,nan,0
1597988316845903104,1597988317380999936,2020-08-21 13:38:37.381000,3579.0,3602.0,3564.0,3582.0,nan,3584.0,200631,7191899170.0,221802,3579.0,10,3578.0,42,nan,0,nan,0,nan,0,nan,0,nan,0,nan,0,nan,0,nan,0
1597988317335079936,1597988317900999936,2020-08-21 13:38:37.901000,3579.0,3602.0,3564.0,3582.0,nan,3584.0,200641,7192257070.0,221800,3579.0,15,3578.0,42,nan,0,nan,0,nan,0,nan,0,nan,0,nan,0,nan,0,nan,0
1597988317961676032,1597988318426000128,2020-08-21 13:38:38.426000,3578.0,3602.0,3564.0,3582.0,nan,3584.0,200685,7193831390.0,221782,3578.0,6,3577.0,84,nan,0,nan,0,nan,0,nan,0,nan,0,nan,0,nan,0,nan,0
1597988318346455040,1597988318931000064,2020-08-21 13:38:38.931000,3578.0,3602.0,3564.0,3582.0,nan,3584.0,200688,7193938730.0,221785,3578.0,3,3577.0,84,nan,0,nan,0,nan,0,nan,0,nan,0,nan,0,nan,0,nan,0
1597988318845125888,1597988319398000128,2020-08-21 13:38:39.398000,3578.0,3602.0,3564.0,3582.0,nan,3584.0,200693,7194117630.0,221790,3579.0,35,3578.0,5,nan,0,nan,0,nan,0,nan,0,nan,0,nan,0,nan,0,nan,0
1597988319336052992,1597988319927000064,2020-08-21 13:38:39.927000,3578.0,3602.0,3564.0,3582.0,nan,3584.0,200693,7194117630.0,221790,3579.0,37,3578.0,5,nan,0,nan,0,nan,0,nan,0,nan,0,nan,0,nan,0,nan,0
1597988319838336000,1597988320407000064,2020-08-21 13:38:40.407000,3579.0,3602.0,3564.0,3582.0,nan,3584.0,200704,7194511270.0,221784,3579.0,36,3578.0,1,nan,0,nan,0,nan,0,nan,0,nan,0,nan,0,nan,0,nan,0
1597988320339390976,1597988320926000128,2020-08-21 13:38:40.926000,3578.0,3602.0,3564.0,3582.0,nan,3584.0,200705,7194547050.0,221785,3578.0,1,3577.0,84,nan,0,nan,0,nan,0,nan,0,nan,0,nan,0,nan,0,nan,0
1597988320848256000,1597988321404999936,2020-08-21 13:38:41.405000,3578.0,3602.0,3564.0,3582.0,nan,3584.0,200705,7194547050.0,221785,3578.0,2,3577.0,84,nan,0,nan,0,nan,0,nan,0,nan,0,nan,0,nan,0,nan,0
1597988321346507008,1597988321938999808,2020-08-21 13:38:41.939000,3578.0,3602.0,3564.0,3582.0,nan,3584.0,200715,7194904850.0,221793,3579.0,39,3578.0,40,nan,0,nan,0,nan,0,nan,0,nan,0,nan,0,nan,0,nan,0
1597988321834962944,1597988322426000128,2020-08-21 13:38:42.426000,3578.0,3602.0,3564.0,3582.0,nan,3584.0,200715,7194904850.0,221793,3579.0,39,3578.0,45,nan,0,nan,0,nan,0,nan,0,nan,0,nan,0,nan,0,nan,0
1597988322333243904,1597988322928999936,2020-08-21 13:38:42.929000,3579.0,3602.0,3564.0,3582.0,nan,3584.0,200735,7195620650.0,221803,3579.0,2,3578.0,49,nan,0,nan,0,nan,0,nan,0,nan,0,nan,0,nan,0,nan,0
1597988322836720128,1597988323428999936,2020-08-21 13:38:43.429000,3579.0,3602.0,3564.0,3582.0,nan,3584.0,200735,7195620650.0,221803,3579.0,2,3578.0,82,nan,0,nan,0,nan,0,nan,0,nan,0,nan,0,nan,0,nan,0
1597988323334097920,1597988323923000064,2020-08-21 13:38:43.923000,3578.0,3602.0,3564.0,3582.0,nan,3584.0,200739,7195763790.0,221805,3579.0,1,3578.0,81,nan,0,nan,0,nan,0,nan,0,nan,0,nan,0,nan,0,nan,0
1597988323843321088,1597988324356000000,2020-08-21 13:38:44.356000,3578.0,3602.0,3564.0,3582.0,nan,3584.0,200749,7196121590.0,221815,3579.0,1,3578.0,71,nan,0,nan,0,nan,0,nan,0,nan,0,nan,0,nan,0,nan,0
1597988324345900032,1597988324762000128,2020-08-21 13:38:44.762000,3578.0,3602.0,3564.0,3582.0,nan,3584.0,200751,7196193160.0,221816,3580.0,184,3578.0,68,nan,0,nan,0,nan,0,nan,0,nan,0,nan,0,nan,0,nan,0
1597988324850791936,1597988325424000000,2020-08-21 13:38:45.424000,3579.0,3602.0,3564.0,3582.0,nan,3584.0,200754,7196300530.0,221816,3580.0,185,3578.0,68,nan,0,nan,0,nan,0,nan,0,nan,0,nan,0,nan,0,nan,0
1597988325915120896,1597988326413000192,2020-08-21 13:38:46.413000,3579.0,3602.0,3564.0,3582.0,nan,3584.0,200754,7196300530.0,221816,3579.0,2,3578.0,68,nan,0,nan,0,nan,0,nan,0,nan,0,nan,0,nan,0,nan,0
1597988326399542016,1597988326916999936,2020-08-21 13:38:46.917000,3579.0,3602.0,3564.0,3582.0,nan,3584.0,200754,7196300530.0,221816,3579.0,2,3578.0,69,nan,0,nan,0,nan,0,nan,0,nan,0,nan,0,nan,0,nan,0
1597988326881881088,1597988327355000064,2020-08-21 13:38:47.355000,3579.0,3602.0,3564.0,3582.0,nan,3584.0,200754,7196300530.0,221816,3579.0,2,3578.0,70,nan,0,nan,0,nan,0,nan,0,nan,0,nan,0,nan,0,nan,0
1597988327343994880,1597988327936999936,2020-08-21 13:38:47.937000,3579.0,3602.0,3564.0,3582.0,nan,3584.0,200754,7196300530.0,221816,3579.0,2,3578.0,75,nan,0,nan,0,nan,0,nan,0,nan,0,nan,0,nan,0,nan,0
1597988327857815040,1597988328431000064,2020-08-21 13:38:48.431000,3579.0,3602.0,3564.0,3582.0,nan,3584.0,200754,7196300530.0,221816,3579.0,2,3578.0,77,nan,0,nan,0,nan,0,nan,0,nan,0,nan,0,nan,0,nan,0
1597988328425677056,1597988328881999872,2020-08-21 13:38:48.882000,3579.0,3602.0,3564.0,3582.0,nan,3584.0,200756,7196372110.0,221818,3580.0,174,3578.0,77,nan,0,nan,0,nan,0,nan,0,nan,0,nan,0,nan,0,nan,0
1597988328850971904,1597988329394000128,2020-08-21 13:38:49.394000,3578.0,3602.0,3564.0,3582.0,nan,3584.0,200759,7196479450.0,221821,3579.0,1,3578.0,76,nan,0,nan,0,nan,0,nan,0,nan,0,nan,0,nan,0,nan,0
1597988329483215104,1597988329930000128,2020-08-21 13:38:49.930000,3580.0,3602.0,3564.0,3582.0,nan,3584.0,200761,7196551040.0,221822,3580.0,177,3578.0,82,nan,0,nan,0,nan,0,nan,0,nan,0,nan,0,nan,0,nan,0
1597988329869238016,1597988330434000128,2020-08-21 13:38:50.434000,3580.0,3602.0,3564.0,3582.0,nan,3584.0,200764,7196658440.0,221822,3580.0,174,3578.0,82,nan,0,nan,0,nan,0,nan,0,nan,0,nan,0,nan,0,nan,0
1597988330339454976,1597988330931000064,2020-08-21 13:38:50.931000,3580.0,3602.0,3564.0,3582.0,nan,3584.0,200764,7196658440.0,221822,3580.0,174,3579.0,2,nan,0,nan,0,nan,0,nan,0,nan,0,nan,0,nan,0,nan,0
1597988330877027072,1597988331320000000,2020-08-21 13:38:51.320000,3580.0,3602.0,3564.0,3582.0,nan,3584.0,200764,7196658440.0,221822,3580.0,174,3579.0,12,nan,0,nan,0,nan,0,nan,0,nan,0,nan,0,nan,0,nan,0
1597988331833383936,1597988332421999872,2020-08-21 13:38:52.422000,3580.0,3602.0,3564.0,3582.0,nan,3584.0,200764,7196658440.0,221822,3580.0,172,3579.0,12,nan,0,nan,0,nan,0,nan,0,nan,0,nan,0,nan,0,nan,0
1597988333369481984,1597988333879000064,2020-08-21 13:38:53.879000,3580.0,3602.0,3564.0,3582.0,nan,3584.0,200770,7196873190.0,221824,3580.0,171,3579.0,8,nan,0,nan,0,nan,0,nan,0,nan,0,nan,0,nan,0,nan,0
1597988333879842048,1597988334436000000,2020-08-21 13:38:54.436000,3580.0,3602.0,3564.0,3582.0,nan,3584.0,200826,7198877990.0,221831,3580.0,115,3579.0,24,nan,0,nan,0,nan,0,nan,0,nan,0,nan,0,nan,0,nan,0
1597988334333174016,1597988334921999872,2020-08-21 13:38:54.922000,3580.0,3602.0,3564.0,3582.0,nan,3584.0,200826,7198877990.0,221831,3580.0,115,3579.0,34,nan,0,nan,0,nan,0,nan,0,nan,0,nan,0,nan,0,nan,0
1597988334865996032,1597988335376000000,2020-08-21 13:38:55.376000,3580.0,3602.0,3564.0,3582.0,nan,3584.0,200826,7198877990.0,221831,3580.0,115,3579.0,35,nan,0,nan,0,nan,0,nan,0,nan,0,nan,0,nan,0,nan,0
1597988335842488064,1597988336357000192,2020-08-21 13:38:56.357000,3580.0,3602.0,3564.0,3582.0,nan,3584.0,200826,7198877990.0,221831,3580.0,116,3579.0,35,nan,0,nan,0,nan,0,nan,0,nan,0,nan,0,nan,0,nan,0
1597988336350305024,1597988336936000000,2020-08-21 13:38:56.936000,3580.0,3602.0,3564.0,3582.0,nan,3584.0,200827,7198913790.0,221831,3580.0,115,3579.0,35,nan,0,nan,0,nan,0,nan,0,nan,0,nan,0,nan,0,nan,0
1597988336856040960,1597988337364000000,2020-08-21 13:38:57.364000,3580.0,3602.0,3564.0,3582.0,nan,3584.0,200827,7198913790.0,221831,3580.0,115,3579.0,24,nan,0,nan,0,nan,0,nan,0,nan,0,nan,0,nan,0,nan,0
1597988337333890048,1597988337934000128,2020-08-21 13:38:57.934000,3579.0,3602.0,3564.0,3582.0,nan,3584.0,200828,7198949580.0,221830,3580.0,115,3579.0,23,nan,0,nan,0,nan,0,nan,0,nan,0,nan,0,nan,0,nan,0
1597988337947582976,1597988338411000064,2020-08-21 13:38:58.411000,3579.0,3602.0,3564.0,3582.0,nan,3584.0,200828,7198949580.0,221830,3580.0,119,3579.0,19,nan,0,nan,0,nan,0,nan,0,nan,0,nan,0,nan,0,nan,0
1597988338336187904,1597988338836000000,2020-08-21 13:38:58.836000,3580.0,3602.0,3564.0,3582.0,nan,3584.0,200832,7199092780.0,221834,3580.0,115,3579.0,20,nan,0,nan,0,nan,0,nan,0,nan,0,nan,0,nan,0,nan,0
1597988338833820928,1597988339407000064,2020-08-21 13:38:59.407000,3579.0,3602.0,3564.0,3582.0,nan,3584.0,200833,7199128570.0,221833,3580.0,116,3579.0,21,nan,0,nan,0,nan,0,nan,0,nan,0,nan,0,nan,0,nan,0
1597988339358129920,1597988339884000000,2020-08-21 13:38:59.884000,3579.0,3602.0,3564.0,3582.0,nan,3584.0,200835,7199200150.0,221833,3580.0,117,3579.0,19,nan,0,nan,0,nan,0,nan,0,nan,0,nan,0,nan,0,nan,0
1597988339833980928,1597988340432000000,2020-08-21 13:39:00.432000,3579.0,3602.0,3564.0,3582.0,nan,3584.0,200837,7199271730.0,221835,3580.0,117,3579.0,16,nan,0,nan,0,nan,0,nan,0,nan,0,nan,0,nan,0,nan,0
1597988340337596928,1597988340924000000,2020-08-21 13:39:00.924000,3579.0,3602.0,3564.0,3582.0,nan,3584.0,200838,7199307520.0,221835,3580.0,117,3579.0,13,nan,0,nan,0,nan,0,nan,0,nan,0,nan,0,nan,0,nan,0
1597988340858031104,1597988341415000064,2020-08-21 13:39:01.415000,3579.0,3602.0,3564.0,3582.0,nan,3584.0,200848,7199665420.0,221836,3580.0,117,3579.0,43,nan,0,nan,0,nan,0,nan,0,nan,0,nan,0,nan,0,nan,0
1597988341335399936,1597988341936999936,2020-08-21 13:39:01.937000,3579.0,3602.0,3564.0,3582.0,nan,3584.0,200870,7200452800.0,221855,3580.0,117,3579.0,26,nan,0,nan,0,nan,0,nan,0,nan,0,nan,0,nan,0,nan,0
1597988341870008064,1597988342410000128,2020-08-21 13:39:02.410000,3579.0,3602.0,3564.0,3582.0,nan,3584.0,200871,7200488590.0,221855,3580.0,117,3579.0,27,nan,0,nan,0,nan,0,nan,0,nan,0,nan,0,nan,0,nan,0
1597988342350182912,1597988342924999936,2020-08-21 13:39:02.925000,3579.0,3602.0,3564.0,3582.0,nan,3584.0,200875,7200631750.0,221859,3580.0,117,3579.0,23,nan,0,nan,0,nan,0,nan,0,nan,0,nan,0,nan,0,nan,0
1597988342837391872,1597988343435000064,2020-08-21 13:39:03.435000,3579.0,3602.0,3564.0,3582.0,nan,3584.0,200888,7201097020.0,221871,3580.0,117,3579.0,8,nan,0,nan,0,nan,0,nan,0,nan,0,nan,0,nan,0,nan,0
1597988343340372992,1597988343846999808,2020-08-21 13:39:03.847000,3579.0,3602.0,3564.0,3582.0,nan,3584.0,200888,7201097020.0,221871,3580.0,117,3579.0,12,nan,0,nan,0,nan,0,nan,0,nan,0,nan,0,nan,0,nan,0
1597988343845371904,1597988344324000000,2020-08-21 13:39:04.324000,3579.0,3602.0,3564.0,3582.0,nan,3584.0,200889,7201132810.0,221872,3580.0,117,3579.0,11,nan,0,nan,0,nan,0,nan,0,nan,0,nan,0,nan,0,nan,0
1597988344337579008,1597988344901999872,2020-08-21 13:39:04.902000,3579.0,3602.0,3564.0,3582.0,nan,3584.0,200889,7201132810.0,221872,3580.0,117,3579.0,51,nan,0,nan,0,nan,0,nan,0,nan,0,nan,0,nan,0,nan,0
1597988344962572032,1597988345416999936,2020-08-21 13:39:05.417000,3579.0,3602.0,3564.0,3582.0,nan,3584.0,200893,7201275970.0,221876,3580.0,117,3579.0,47,nan,0,nan,0,nan,0,nan,0,nan,0,nan,0,nan,0,nan,0
1597988345421265920,1597988345869999872,2020-08-21 13:39:05.870000,3579.0,3602.0,3564.0,3582.0,nan,3584.0,200903,7201633870.0,221872,3580.0,117,3579.0,37,nan,0,nan,0,nan,0,nan,0,nan,0,nan,0,nan,0,nan,0
1597988346384315904,1597988346908000000,2020-08-21 13:39:06.908000,3579.0,3602.0,3564.0,3582.0,nan,3584.0,200905,7201705450.0,221873,3580.0,117,3579.0,35,nan,0,nan,0,nan,0,nan,0,nan,0,nan,0,nan,0,nan,0
1597988346978808064,1597988347420999936,2020-08-21 13:39:07.421000,3579.0,3602.0,3564.0,3582.0,nan,3584.0,200908,7201812820.0,221876,3580.0,121,3579.0,32,nan,0,nan,0,nan,0,nan,0,nan,0,nan,0,nan,0,nan,0
1597988347468733952,1597988347923000064,2020-08-21 13:39:07.923000,3579.0,3602.0,3564.0,3582.0,nan,3584.0,200910,7201884400.0,221878,3580.0,125,3579.0,31,nan,0,nan,0,nan,0,nan,0,nan,0,nan,0,nan,0,nan,0
1597988347834608128,1597988348318000128,2020-08-21 13:39:08.318000,3579.0,3602.0,3564.0,3582.0,nan,3584.0,200910,7201884400.0,221878,3580.0,126,3579.0,31,nan,0,nan,0,nan,0,nan,0,nan,0,nan,0,nan,0,nan,0
1597988348344708096,1597988348910000128,2020-08-21 13:39:08.910000,3579.0,3602.0,3564.0,3582.0,nan,3584.0,200913,7201991790.0,221878,3580.0,124,3579.0,33,nan,0,nan,0,nan,0,nan,0,nan,0,nan,0,nan,0,nan,0
1597988348837419008,1597988349437999872,2020-08-21 13:39:09.438000,3579.0,3602.0,3564.0,3582.0,nan,3584.0,200913,7201991790.0,221878,3580.0,124,3579.0,34,nan,0,nan,0,nan,0,nan,0,nan,0,nan,0,nan,0,nan,0
1597988350936787968,1597988351400000000,2020-08-21 13:39:11.400000,3579.0,3602.0,3564.0,3582.0,nan,3584.0,200917,7202134950.0,221878,3580.0,125,3579.0,30,nan,0,nan,0,nan,0,nan,0,nan,0,nan,0,nan,0,nan,0
1597988351343256064,1597988351935000064,2020-08-21 13:39:11.935000,3579.0,3602.0,3564.0,3582.0,nan,3584.0,200917,7202134950.0,221878,3580.0,125,3579.0,31,nan,0,nan,0,nan,0,nan,0,nan,0,nan,0,nan,0,nan,0
1597988351844229120,1597988352324999936,2020-08-21 13:39:12.325000,3579.0,3602.0,3564.0,3582.0,nan,3584.0,200917,7202134950.0,221878,3580.0,130,3579.0,31,nan,0,nan,0,nan,0,nan,0,nan,0,nan,0,nan,0,nan,0
1597988352404788992,1597988352923000064,2020-08-21 13:39:12.923000,3579.0,3602.0,3564.0,3582.0,nan,3584.0,200918,7202170740.0,221878,3580.0,130,3579.0,31,nan,0,nan,0,nan,0,nan,0,nan,0,nan,0,nan,0,nan,0
1597988352863433984,1597988353398000128,2020-08-21 13:39:13.398000,3579.0,3602.0,3564.0,3582.0,nan,3584.0,200918,7202170740.0,221878,3580.0,130,3579.0,32,nan,0,nan,0,nan,0,nan,0,nan,0,nan,0,nan,0,nan,0
1597988353338273024,1597988353865999872,2020-08-21 13:39:13.866000,3579.0,3602.0,3564.0,3582.0,nan,3584.0,200923,7202349690.0,221883,3580.0,160,3579.0,28,nan,0,nan,0,nan,0,nan,0,nan,0,nan,0,nan,0,nan,0
1597988354835901952,1597988355434000128,2020-08-21 13:39:15.434000,3579.0,3602.0,3564.0,3582.0,nan,3584.0,200936,7202814960.0,221896,3580.0,164,3579.0,16,nan,0,nan,0,nan,0,nan,0,nan,0,nan,0,nan,0,nan,0
1597988355333901056,1597988355915000064,2020-08-21 13:39:15.915000,3580.0,3602.0,3564.0,3582.0,nan,3584.0,200938,7202886560.0,221896,3580.0,162,3579.0,17,nan,0,nan,0,nan,0,nan,0,nan,0,nan,0,nan,0,nan,0
1597988355834607104,1597988356431000064,2020-08-21 13:39:16.431000,3579.0,3602.0,3564.0,3582.0,nan,3584.0,200950,7203316040.0,221907,3580.0,162,3579.0,6,nan,0,nan,0,nan,0,nan,0,nan,0,nan,0,nan,0,nan,0
1597988356339056128,1597988356924999936,2020-08-21 13:39:16.925000,3580.0,3602.0,3564.0,3582.0,nan,3584.0,200951,7203351840.0,221908,3580.0,161,3579.0,7,nan,0,nan,0,nan,0,nan,0,nan,0,nan,0,nan,0,nan,0
1597988357338916096,1597988357880000000,2020-08-21 13:39:17.880000,3579.0,3602.0,3564.0,3582.0,nan,3584.0,200952,7203387630.0,221907,3580.0,162,3579.0,29,nan,0,nan,0,nan,0,nan,0,nan,0,nan,0,nan,0,nan,0
1597988358345176064,1597988358908000000,2020-08-21 13:39:18.908000,3580.0,3602.0,3564.0,3582.0,nan,3584.0,200957,7203566590.0,221906,3580.0,161,3579.0,25,nan,0,nan,0,nan,0,nan,0,nan,0,nan,0,nan,0,nan,0
1597988358835458048,1597988359382999808,2020-08-21 13:39:19.383000,3580.0,3602.0,3564.0,3582.0,nan,3584.0,200957,7203566590.0,221906,3580.0,161,3579.0,26,nan,0,nan,0,nan,0,nan,0,nan,0,nan,0,nan,0,nan,0
1597988359342604032,1597988359923000064,2020-08-21 13:39:19.923000,3579.0,3602.0,3564.0,3582.0,nan,3584.0,200961,7203709760.0,221907,3580.0,160,3579.0,23,nan,0,nan,0,nan,0,nan,0,nan,0,nan,0,nan,0,nan,0
1597988359838992896,1597988360408999936,2020-08-21 13:39:20.409000,3580.0,3602.0,3564.0,3582.0,nan,3584.0,200962,7203745560.0,221908,3580.0,159,3579.0,28,nan,0,nan,0,nan,0,nan,0,nan,0,nan,0,nan,0,nan,0
1597988360334266880,1597988360829999872,2020-08-21 13:39:20.830000,3579.0,3602.0,3564.0,3582.0,nan,3584.0,200983,7204497150.0,221888,3580.0,159,3579.0,7,nan,0,nan,0,nan,0,nan,0,nan,0,nan,0,nan,0,nan,0
1597988361336713984,1597988361904000000,2020-08-21 13:39:21.904000,3580.0,3602.0,3564.0,3582.0,nan,3584.0,200985,7204568750.0,221888,3580.0,157,3579.0,17,nan,0,nan,0,nan,0,nan,0,nan,0,nan,0,nan,0,nan,0
1597988361834290944,1597988362412000000,2020-08-21 13:39:22.412000,3580.0,3602.0,3564.0,3582.0,nan,3584.0,200986,7204604550.0,221888,3580.0,156,3579.0,18,nan,0,nan,0,nan,0,nan,0,nan,0,nan,0,nan,0,nan,0
1597988362391292928,1597988362903000064,2020-08-21 13:39:22.903000,3580.0,3602.0,3564.0,3582.0,nan,3584.0,200987,7204640350.0,221887,3580.0,156,3579.0,18,nan,0,nan,0,nan,0,nan,0,nan,0,nan,0,nan,0,nan,0
1597988362835340032,1597988363433000192,2020-08-21 13:39:23.433000,3580.0,3602.0,3564.0,3582.0,nan,3584.0,200987,7204640350.0,221887,3580.0,156,3579.0,20,nan,0,nan,0,nan,0,nan,0,nan,0,nan,0,nan,0,nan,0
1597988363332312064,1597988363884999936,2020-08-21 13:39:23.885000,3580.0,3602.0,3564.0,3582.0,nan,3584.0,200992,7204819350.0,221892,3580.0,151,3579.0,20,nan,0,nan,0,nan,0,nan,0,nan,0,nan,0,nan,0,nan,0
1597988363832239104,1597988364230000128,2020-08-21 13:39:24.230000,3580.0,3602.0,3564.0,3582.0,nan,3584.0,200993,7204855150.0,221892,3580.0,154,3579.0,20,nan,0,nan,0,nan,0,nan,0,nan,0,nan,0,nan,0,nan,0
1597988364339023104,1597988364881999872,2020-08-21 13:39:24.882000,3580.0,3602.0,3564.0,3582.0,nan,3584.0,200994,7204890950.0,221893,3580.0,153,3579.0,20,nan,0,nan,0,nan,0,nan,0,nan,0,nan,0,nan,0,nan,0
1597988364834277888,1597988365420000000,2020-08-21 13:39:25.420000,3580.0,3602.0,3564.0,3582.0,nan,3584.0,200994,7204890950.0,221893,3580.0,153,3579.0,21,nan,0,nan,0,nan,0,nan,0,nan,0,nan,0,nan,0,nan,0
1597988365338832896,1597988365927000064,2020-08-21 13:39:25.927000,3580.0,3602.0,3564.0,3582.0,nan,3584.0,200994,7204890950.0,221893,3580.0,160,3579.0,44,nan,0,nan,0,nan,0,nan,0,nan,0,nan,0,nan,0,nan,0
1597988366336510976,1597988366920000000,2020-08-21 13:39:26.920000,3580.0,3602.0,3564.0,3582.0,nan,3584.0,200997,7204998340.0,221896,3580.0,158,3579.0,46,nan,0,nan,0,nan,0,nan,0,nan,0,nan,0,nan,0,nan,0
1597988366837799936,1597988367323000064,2020-08-21 13:39:27.323000,3579.0,3602.0,3564.0,3582.0,nan,3584.0,200998,7205034130.0,221897,3580.0,158,3579.0,45,nan,0,nan,0,nan,0,nan,0,nan,0,nan,0,nan,0,nan,0
1597988367346004992,1597988367892999936,2020-08-21 13:39:27.893000,3579.0,3602.0,3564.0,3582.0,nan,3584.0,201002,7205177290.0,221897,3580.0,158,3579.0,63,nan,0,nan,0,nan,0,nan,0,nan,0,nan,0,nan,0,nan,0
1597988367836256000,1597988368416000000,2020-08-21 13:39:28.416000,3579.0,3602.0,3564.0,3582.0,nan,3584.0,201002,7205177290.0,221897,3580.0,160,3579.0,67,nan,0,nan,0,nan,0,nan,0,nan,0,nan,0,nan,0,nan,0
1597988368333550080,1597988368926000128,2020-08-21 13:39:28.926000,3580.0,3602.0,3564.0,3582.0,nan,3584.0,201004,7205248890.0,221897,3580.0,158,3579.0,67,nan,0,nan,0,nan,0,nan,0,nan,0,nan,0,nan,0,nan,0
1597988368848151040,1597988369324000000,2020-08-21 13:39:29.324000,3580.0,3602.0,3564.0,3582.0,nan,3584.0,201004,7205248890.0,221897,3580.0,159,3579.0,73,nan,0,nan,0,nan,0,nan,0,nan,0,nan,0,nan,0,nan,0
1597988369333547008,1597988369829999872,2020-08-21 13:39:29.830000,3580.0,3602.0,3564.0,3582.0,nan,3584.0,201005,7205284690.0,221898,3580.0,158,3579.0,73,nan,0,nan,0,nan,0,nan,0,nan,0,nan,0,nan,0,nan,0
1597988369833985024,1597988370426000128,2020-08-21 13:39:30.426000,3580.0,3602.0,3564.0,3582.0,nan,3584.0,201178,7211478090.0,222004,3581.0,34,3580.0,17,nan,0,nan,0,nan,0,nan,0,nan,0,nan,0,nan,0,nan,0
1597988370345926912,1597988370898999808,2020-08-21 13:39:30.899000,3580.0,3602.0,3564.0,3582.0,nan,3584.0,201178,7211478090.0,222004,3581.0,34,3580.0,24,nan,0,nan,0,nan,0,nan,0,nan,0,nan,0,nan,0,nan,0
1597988371334375936,1597988371914000128,2020-08-21 13:39:31.914000,3580.0,3602.0,3564.0,3582.0,nan,3584.0,201178,7211478090.0,222004,3581.0,35,3580.0,24,nan,0,nan,0,nan,0,nan,0,nan,0,nan,0,nan,0,nan,0
1597988371835994880,1597988372397000192,2020-08-21 13:39:32.397000,3580.0,3602.0,3564.0,3582.0,nan,3584.0,201178,7211478090.0,222004,3581.0,36,3580.0,24,nan,0,nan,0,nan,0,nan,0,nan,0,nan,0,nan,0,nan,0
1597988372333573120,1597988372927000064,2020-08-21 13:39:32.927000,3580.0,3602.0,3564.0,3582.0,nan,3584.0,201178,7211478090.0,222004,3581.0,35,3580.0,24,nan,0,nan,0,nan,0,nan,0,nan,0,nan,0,nan,0,nan,0
1597988372851888128,1597988373426000128,2020-08-21 13:39:33.426000,3580.0,3602.0,3564.0,3582.0,nan,3584.0,201178,7211478090.0,222004,3581.0,35,3580.0,25,nan,0,nan,0,nan,0,nan,0,nan,0,nan,0,nan,0,nan,0
1597988373332741888,1597988373934000128,2020-08-21 13:39:33.934000,3581.0,3602.0,3564.0,3582.0,nan,3584.0,201184,7211692900.0,222004,3581.0,36,3580.0,20,nan,0,nan,0,nan,0,nan,0,nan,0,nan,0,nan,0,nan,0
1597988373830732032,1597988374433000192,2020-08-21 13:39:34.433000,3581.0,3602.0,3564.0,3582.0,nan,3584.0,201198,7212194230.0,221998,3581.0,31,3580.0,8,nan,0,nan,0,nan,0,nan,0,nan,0,nan,0,nan,0,nan,0
1597988374334232064,1597988374936999936,2020-08-21 13:39:34.937000,3580.0,3602.0,3564.0,3582.0,nan,3584.0,201204,7212409040.0,222001,3581.0,42,3580.0,3,nan,0,nan,0,nan,0,nan,0,nan,0,nan,0,nan,0,nan,0
1597988374835384064,1597988375405999872,2020-08-21 13:39:35.406000,3581.0,3602.0,3564.0,3582.0,nan,3584.0,201207,7212516470.0,222001,3581.0,39,3580.0,3,nan,0,nan,0,nan,0,nan,0,nan,0,nan,0,nan,0,nan,0
1597988375334390016,1597988375897000192,2020-08-21 13:39:35.897000,3581.0,3602.0,3564.0,3582.0,nan,3584.0,201207,7212516470.0,222001,3581.0,39,3580.0,4,nan,0,nan,0,nan,0,nan,0,nan,0,nan,0,nan,0,nan,0
1597988375835742976,1597988376288999936,2020-08-21 13:39:36.289000,3581.0,3602.0,3564.0,3582.0,nan,3584.0,201207,7212516470.0,222001,3581.0,47,3580.0,6,nan,0,nan,0,nan,0,nan,0,nan,0,nan,0,nan,0,nan,0
1597988376336857088,1597988376935000064,2020-08-21 13:39:36.935000,3581.0,3602.0,3564.0,3582.0,nan,3584.0,201207,7212516470.0,222001,3581.0,47,3580.0,7,nan,0,nan,0,nan,0,nan,0,nan,0,nan,0,nan,0,nan,0
1597988376839323904,1597988377382999808,2020-08-21 13:39:37.383000,3580.0,3602.0,3564.0,3582.0,nan,3584.0,201214,7212767070.0,222006,3580.0,78,3579.0,78,nan,0,nan,0,nan,0,nan,0,nan,0,nan,0,nan,0,nan,0
1597988377335695104,1597988377936000000,2020-08-21 13:39:37.936000,3580.0,3602.0,3564.0,3582.0,nan,3584.0,201214,7212767070.0,222006,3580.0,81,3579.0,78,nan,0,nan,0,nan,0,nan,0,nan,0,nan,0,nan,0,nan,0
1597988377831321088,1597988378437999872,2020-08-21 13:39:38.438000,3580.0,3602.0,3564.0,3582.0,nan,3584.0,201237,7213590460.0,222006,3580.0,59,3579.0,78,nan,0,nan,0,nan,0,nan,0,nan,0,nan,0,nan,0,nan,0
1597988378371741952,1597988378920999936,2020-08-21 13:39:38.921000,3580.0,3602.0,3564.0,3582.0,nan,3584.0,201240,7213697860.0,222007,3580.0,56,3579.0,78,nan,0,nan,0,nan,0,nan,0,nan,0,nan,0,nan,0,nan,0
1597988378833889024,1597988379387000064,2020-08-21 13:39:39.387000,3580.0,3602.0,3564.0,3582.0,nan,3584.0,201241,7213733660.0,222008,3580.0,88,3579.0,78,nan,0,nan,0,nan,0,nan,0,nan,0,nan,0,nan,0,nan,0
1597988379333009920,1597988379928000000,2020-08-21 13:39:39.928000,3580.0,3602.0,3564.0,3582.0,nan,3584.0,201242,7213769460.0,222009,3580.0,88,3579.0,78,nan,0,nan,0,nan,0,nan,0,nan,0,nan,0,nan,0,nan,0
1597988379872139008,1597988380382999808,2020-08-21 13:39:40.383000,3580.0,3602.0,3564.0,3582.0,nan,3584.0,201243,7213805260.0,222010,3580.0,87,3579.0,78,nan,0,nan,0,nan,0,nan,0,nan,0,nan,0,nan,0,nan,0
1597988380344496896,1597988380934000128,2020-08-21 13:39:40.934000,3580.0,3602.0,3564.0,3582.0,nan,3584.0,201253,7214163260.0,222010,3580.0,77,3579.0,78,nan,0,nan,0,nan,0,nan,0,nan,0,nan,0,nan,0,nan,0
1597988380835548928,1597988381361999872,2020-08-21 13:39:41.362000,3580.0,3602.0,3564.0,3582.0,nan,3584.0,201264,7214557060.0,222011,3580.0,66,3579.0,79,nan,0,nan,0,nan,0,nan,0,nan,0,nan,0,nan,0,nan,0
1597988381338238976,1597988381904999936,2020-08-21 13:39:41.905000,3580.0,3602.0,3564.0,3582.0,nan,3584.0,201265,7214592860.0,222012,3580.0,65,3579.0,79,nan,0,nan,0,nan,0,nan,0,nan,0,nan,0,nan,0,nan,0
1597988381835896064,1597988382364999936,2020-08-21 13:39:42.365000,3579.0,3602.0,3564.0,3582.0,nan,3584.0,201268,7214700230.0,222012,3580.0,66,3579.0,83,nan,0,nan,0,nan,0,nan,0,nan,0,nan,0,nan,0,nan,0
1597988382330253056,1597988382921999872,2020-08-21 13:39:42.922000,3579.0,3602.0,3564.0,3582.0,nan,3584.0,201268,7214700230.0,222012,3580.0,67,3579.0,84,nan,0,nan,0,nan,0,nan,0,nan,0,nan,0,nan,0,nan,0
1597988382836450048,1597988383381999872,2020-08-21 13:39:43.382000,3579.0,3602.0,3564.0,3582.0,nan,3584.0,201268,7214700230.0,222012,3580.0,67,3579.0,85,nan,0,nan,0,nan,0,nan,0,nan,0,nan,0,nan,0,nan,0
1597988383335480064,1597988383874000128,2020-08-21 13:39:43.874000,3580.0,3602.0,3564.0,3582.0,nan,3584.0,201269,7214736030.0,222013,3580.0,67,3579.0,85,nan,0,nan,0,nan,0,nan,0,nan,0,nan,0,nan,0,nan,0
1597988383831611904,1597988384392000000,2020-08-21 13:39:44.392000,3580.0,3602.0,3564.0,3582.0,nan,3584.0,201283,7215237230.0,222027,3580.0,59,3579.0,85,nan,0,nan,0,nan,0,nan,0,nan,0,nan,0,nan,0,nan,0
1597988384335087104,1597988384832999936,2020-08-21 13:39:44.833000,3580.0,3602.0,3564.0,3582.0,nan,3584.0,201283,7215237230.0,222027,3580.0,61,3579.0,89,nan,0,nan,0,nan,0,nan,0,nan,0,nan,0,nan,0,nan,0
1597988384831718912,1597988385349999872,2020-08-21 13:39:45.350000,3580.0,3602.0,3564.0,3582.0,nan,3584.0,201283,7215237230.0,222027,3580.0,61,3579.0,94,nan,0,nan,0,nan,0,nan,0,nan,0,nan,0,nan,0,nan,0
1597988385341554944,1597988385924000000,2020-08-21 13:39:45.924000,3580.0,3602.0,3564.0,3582.0,nan,3584.0,201290,7215487830.0,222034,3580.0,54,3579.0,94,nan,0,nan,0,nan,0,nan,0,nan,0,nan,0,nan,0,nan,0
1597988386334268928,1597988386910000128,2020-08-21 13:39:46.910000,3580.0,3602.0,3564.0,3582.0,nan,3584.0,201291,7215523630.0,222035,3580.0,53,3579.0,94,nan,0,nan,0,nan,0,nan,0,nan,0,nan,0,nan,0,nan,0
1597988386831781120,1597988387396000000,2020-08-21 13:39:47.396000,3580.0,3602.0,3564.0,3582.0,nan,3584.0,201293,7215595230.0,222035,3580.0,54,3579.0,94,nan,0,nan,0,nan,0,nan,0,nan,0,nan,0,nan,0,nan,0
1597988387331203072,1597988387855000064,2020-08-21 13:39:47.855000,3580.0,3602.0,3564.0,3582.0,nan,3584.0,201295,7215666820.0,222037,3580.0,58,3579.0,93,nan,0,nan,0,nan,0,nan,0,nan,0,nan,0,nan,0,nan,0
1597988387831581952,1597988388424000000,2020-08-21 13:39:48.424000,3580.0,3602.0,3564.0,3582.0,nan,3584.0,201296,7215702620.0,222038,3580.0,58,3579.0,94,nan,0,nan,0,nan,0,nan,0,nan,0,nan,0,nan,0,nan,0
1597988389333628928,1597988389934000128,2020-08-21 13:39:49.934000,3580.0,3602.0,3564.0,3582.0,nan,3584.0,201357,7217886420.0,222097,3581.0,62,3580.0,39,nan,0,nan,0,nan,0,nan,0,nan,0,nan,0,nan,0,nan,0
1597988389840637952,1597988390432000000,2020-08-21 13:39:50.432000,3580.0,3602.0,3564.0,3582.0,nan,3584.0,201357,7217886420.0,222097,3581.0,63,3580.0,39,nan,0,nan,0,nan,0,nan,0,nan,0,nan,0,nan,0,nan,0
1597988390336350976,1597988390937999872,2020-08-21 13:39:50.938000,3580.0,3602.0,3564.0,3582.0,nan,3584.0,201359,7217958020.0,222097,3581.0,63,3580.0,38,nan,0,nan,0,nan,0,nan,0,nan,0,nan,0,nan,0,nan,0
1597988390831728128,1597988391348000000,2020-08-21 13:39:51.348000,3581.0,3602.0,3564.0,3582.0,nan,3584.0,201360,7217993830.0,222096,3581.0,55,3580.0,55,nan,0,nan,0,nan,0,nan,0,nan,0,nan,0,nan,0,nan,0
1597988391333733888,1597988391932000000,2020-08-21 13:39:51.932000,3581.0,3602.0,3564.0,3582.0,nan,3584.0,201360,7217993830.0,222096,3581.0,56,3580.0,56,nan,0,nan,0,nan,0,nan,0,nan,0,nan,0,nan,0,nan,0
1597988391832443904,1597988392431000064,2020-08-21 13:39:52.431000,3581.0,3602.0,3564.0,3582.0,nan,3584.0,201360,7217993830.0,222096,3581.0,57,3580.0,56,nan,0,nan,0,nan,0,nan,0,nan,0,nan,0,nan,0,nan,0
1597988392331209984,1597988392930000128,2020-08-21 13:39:52.930000,3581.0,3602.0,3564.0,3582.0,nan,3584.0,201360,7217993830.0,222096,3581.0,57,3580.0,59,nan,0,nan,0,nan,0,nan,0,nan,0,nan,0,nan,0,nan,0
1597988392887650048,1597988393432000000,2020-08-21 13:39:53.432000,3581.0,3602.0,3564.0,3582.0,nan,3584.0,201361,7218029640.0,222096,3581.0,56,3580.0,60,nan,0,nan,0,nan,0,nan,0,nan,0,nan,0,nan,0,nan,0
1597988393333453056,1597988393904999936,2020-08-21 13:39:53.905000,3581.0,3602.0,3564.0,3582.0,nan,3584.0,201362,7218065450.0,222097,3581.0,54,3580.0,70,nan,0,nan,0,nan,0,nan,0,nan,0,nan,0,nan,0,nan,0
1597988393833126912,1597988394424999936,2020-08-21 13:39:54.425000,3580.0,3602.0,3564.0,3582.0,nan,3584.0,201363,7218101250.0,222097,3581.0,58,3580.0,69,nan,0,nan,0,nan,0,nan,0,nan,0,nan,0,nan,0,nan,0
1597988394333262080,1597988394903000064,2020-08-21 13:39:54.903000,3580.0,3602.0,3564.0,3582.0,nan,3584.0,201363,7218101250.0,222097,3581.0,59,3580.0,69,nan,0,nan,0,nan,0,nan,0,nan,0,nan,0,nan,0,nan,0
1597988394835416064,1597988395412000000,2020-08-21 13:39:55.412000,3581.0,3602.0,3564.0,3582.0,nan,3584.0,201364,7218137060.0,222098,3581.0,58,3580.0,69,nan,0,nan,0,nan,0,nan,0,nan,0,nan,0,nan,0,nan,0
1597988395335473920,1597988395923000064,2020-08-21 13:39:55.923000,3580.0,3602.0,3564.0,3582.0,nan,3584.0,201367,7218244480.0,222100,3581.0,59,3580.0,68,nan,0,nan,0,nan,0,nan,0,nan,0,nan,0,nan,0,nan,0
1597988395835758080,1597988396436000000,2020-08-21 13:39:56.436000,3580.0,3602.0,3564.0,3582.0,nan,3584.0,201368,7218280280.0,222100,3581.0,61,3580.0,67,nan,0,nan,0,nan,0,nan,0,nan,0,nan,0,nan,0,nan,0
1597988396332900096,1597988396937999872,2020-08-21 13:39:56.938000,3580.0,3602.0,3564.0,3582.0,nan,3584.0,201368,7218280280.0,222100,3581.0,62,3580.0,72,nan,0,nan,0,nan,0,nan,0,nan,0,nan,0,nan,0,nan,0
1597988396832569088,1597988397384000000,2020-08-21 13:39:57.384000,3580.0,3602.0,3564.0,3582.0,nan,3584.0,201368,7218280280.0,222100,3581.0,62,3580.0,73,nan,0,nan,0,nan,0,nan,0,nan,0,nan,0,nan,0,nan,0
1597988397333819904,1597988397901999872,2020-08-21 13:39:57.902000,3580.0,3602.0,3564.0,3582.0,nan,3584.0,201375,7218530940.0,222105,3581.0,56,3580.0,73,nan,0,nan,0,nan,0,nan,0,nan,0,nan,0,nan,0,nan,0
1597988397866443008,1597988398421999872,2020-08-21 13:39:58.422000,3581.0,3602.0,3564.0,3582.0,nan,3584.0,201381,7218745790.0,222103,3581.0,53,3580.0,72,nan,0,nan,0,nan,0,nan,0,nan,0,nan,0,nan,0,nan,0
1597988398333938944,1597988398842000128,2020-08-21 13:39:58.842000,3580.0,3602.0,3564.0,3582.0,nan,3584.0,201383,7218817400.0,222105,3581.0,52,3580.0,71,nan,0,nan,0,nan,0,nan,0,nan,0,nan,0,nan,0,nan,0
1597988399332983040,1597988399916000000,2020-08-21 13:39:59.916000,3580.0,3602.0,3564.0,3582.0,nan,3584.0,201383,7218817400.0,222105,3581.0,53,3580.0,71,nan,0,nan,0,nan,0,nan,0,nan,0,nan,0,nan,0,nan,0
1597988399857628928,1597988400368999936,2020-08-21 13:40:00.369000,3581.0,3602.0,3564.0,3582.0,nan,3584.0,201385,7218889020.0,222106,3581.0,51,3580.0,71,nan,0,nan,0,nan,0,nan,0,nan,0,nan,0,nan,0,nan,0
1597988400351208960,1597988400930000128,2020-08-21 13:40:00.930000,3581.0,3602.0,3564.0,3582.0,nan,3584.0,201385,7218889020.0,222106,3581.0,55,3580.0,72,nan,0,nan,0,nan,0,nan,0,nan,0,nan,0,nan,0,nan,0
1597988400834774016,1597988401331000064,2020-08-21 13:40:01.331000,3581.0,3602.0,3564.0,3582.0,nan,3584.0,201385,7218889020.0,222106,3581.0,55,3580.0,76,nan,0,nan,0,nan,0,nan,0,nan,0,nan,0,nan,0,nan,0
1597988401337296896,1597988401930000128,2020-08-21 13:40:01.930000,3580.0,3602.0,3564.0,3582.0,nan,3584.0,201386,7218924820.0,222107,3581.0,55,3580.0,75,nan,0,nan,0,nan,0,nan,0,nan,0,nan,0,nan,0,nan,0
1597988401842633984,1597988402413000192,2020-08-21 13:40:02.413000,3581.0,3602.0,3564.0,3582.0,nan,3584.0,201387,7218960630.0,222108,3581.0,56,3580.0,75,nan,0,nan,0,nan,0,nan,0,nan,0,nan,0,nan,0,nan,0
1597988402333086976,1597988402918999808,2020-08-21 13:40:02.919000,3581.0,3602.0,3564.0,3582.0,nan,3584.0,201387,7218960630.0,222108,3581.0,56,3580.0,76,nan,0,nan,0,nan,0,nan,0,nan,0,nan,0,nan,0,nan,0
1597988402832962048,1597988403360000000,2020-08-21 13:40:03.360000,3581.0,3602.0,3564.0,3582.0,nan,3584.0,201387,7218960630.0,222108,3581.0,56,3580.0,78,nan,0,nan,0,nan,0,nan,0,nan,0,nan,0,nan,0,nan,0
1597988403836120064,1597988404411000064,2020-08-21 13:40:04.411000,3581.0,3602.0,3564.0,3582.0,nan,3584.0,201387,7218960630.0,222108,3581.0,55,3580.0,80,nan,0,nan,0,nan,0,nan,0,nan,0,nan,0,nan,0,nan,0
1597988404335164928,1597988404903000064,2020-08-21 13:40:04.903000,3581.0,3602.0,3564.0,3582.0,nan,3584.0,201395,7219247090.0,222109,3581.0,49,3580.0,73,nan,0,nan,0,nan,0,nan,0,nan,0,nan,0,nan,0,nan,0
1597988404830776064,1597988405364000000,2020-08-21 13:40:05.364000,3580.0,3602.0,3564.0,3582.0,nan,3584.0,201396,7219282890.0,222109,3581.0,53,3580.0,75,nan,0,nan,0,nan,0,nan,0,nan,0,nan,0,nan,0,nan,0
1597988405341993984,1597988405897000192,2020-08-21 13:40:05.897000,3581.0,3602.0,3564.0,3582.0,nan,3584.0,201398,7219354510.0,222109,3581.0,71,3580.0,75,nan,0,nan,0,nan,0,nan,0,nan,0,nan,0,nan,0,nan,0
1597988405838300928,1597988406426000128,2020-08-21 13:40:06.426000,3581.0,3602.0,3564.0,3582.0,nan,3584.0,201398,7219354510.0,222109,3581.0,73,3580.0,76,nan,0,nan,0,nan,0,nan,0,nan,0,nan,0,nan,0,nan,0
1597988406348956928,1597988406910000128,2020-08-21 13:40:06.910000,3581.0,3602.0,3564.0,3582.0,nan,3584.0,201400,7219426130.0,222110,3581.0,71,3580.0,78,nan,0,nan,0,nan,0,nan,0,nan,0,nan,0,nan,0,nan,0
1597988407373681920,1597988407859000064,2020-08-21 13:40:07.859000,3580.0,3602.0,3564.0,3582.0,nan,3584.0,201401,7219461930.0,222110,3581.0,71,3580.0,79,nan,0,nan,0,nan,0,nan,0,nan,0,nan,0,nan,0,nan,0
1597988407834504960,1597988408331000064,2020-08-21 13:40:08.331000,3580.0,3602.0,3564.0,3582.0,nan,3584.0,201401,7219461930.0,222110,3581.0,71,3580.0,80,nan,0,nan,0,nan,0,nan,0,nan,0,nan,0,nan,0,nan,0
1597988408340436992,1597988408907000064,2020-08-21 13:40:08.907000,3580.0,3602.0,3564.0,3582.0,nan,3584.0,201403,7219533540.0,222111,3581.0,70,3580.0,94,nan,0,nan,0,nan,0,nan,0,nan,0,nan,0,nan,0,nan,0
1597988408873700096,1597988409408000000,2020-08-21 13:40:09.408000,3581.0,3602.0,3564.0,3582.0,nan,3584.0,201409,7219748390.0,222107,3581.0,65,3580.0,94,nan,0,nan,0,nan,0,nan,0,nan,0,nan,0,nan,0,nan,0
1597988409332293120,1597988409839000064,2020-08-21 13:40:09.839000,3581.0,3602.0,3564.0,3582.0,nan,3584.0,201409,7219748390.0,222107,3581.0,69,3580.0,94,nan,0,nan,0,nan,0,nan,0,nan,0,nan,0,nan,0,nan,0
1597988410334734080,1597988410931000064,2020-08-21 13:40:10.931000,3580.0,3602.0,3564.0,3582.0,nan,3584.0,201410,7219784190.0,222108,3581.0,69,3580.0,94,nan,0,nan,0,nan,0,nan,0,nan,0,nan,0,nan,0,nan,0
1597988410836587008,1597988411436000000,2020-08-21 13:40:11.436000,3580.0,3602.0,3564.0,3582.0,nan,3584.0,201415,7219963230.0,222109,3581.0,65,3580.0,100,nan,0,nan,0,nan,0,nan,0,nan,0,nan,0,nan,0,nan,0
1597988411842604032,1597988412388999936,2020-08-21 13:40:12.389000,3580.0,3602.0,3564.0,3582.0,nan,3584.0,201421,7220178060.0,222109,3581.0,62,3580.0,97,nan,0,nan,0,nan,0,nan,0,nan,0,nan,0,nan,0,nan,0
1597988412860457984,1597988413415000064,2020-08-21 13:40:13.415000,3581.0,3602.0,3564.0,3582.0,nan,3584.0,201431,7220536160.0,222115,3581.0,52,3580.0,109,nan,0,nan,0,nan,0,nan,0,nan,0,nan,0,nan,0,nan,0
1597988413332440064,1597988413895000064,2020-08-21 13:40:13.895000,3580.0,3602.0,3564.0,3582.0,nan,3584.0,201433,7220607760.0,222117,3581.0,52,3580.0,107,nan,0,nan,0,nan,0,nan,0,nan,0,nan,0,nan,0,nan,0
1597988413842152960,1597988414356000000,2020-08-21 13:40:14.356000,3581.0,3602.0,3564.0,3582.0,nan,3584.0,201439,7220822620.0,222118,3581.0,50,3580.0,107,nan,0,nan,0,nan,0,nan,0,nan,0,nan,0,nan,0,nan,0
1597988414333340928,1597988414881999872,2020-08-21 13:40:14.882000,3581.0,3602.0,3564.0,3582.0,nan,3584.0,201444,7221001660.0,222122,3581.0,47,3580.0,106,nan,0,nan,0,nan,0,nan,0,nan,0,nan,0,nan,0,nan,0
1597988414834678016,1597988415332000000,2020-08-21 13:40:15.332000,3580.0,3602.0,3564.0,3582.0,nan,3584.0,201452,7221288060.0,222130,3581.0,47,3580.0,108,nan,0,nan,0,nan,0,nan,0,nan,0,nan,0,nan,0,nan,0
1597988415333758976,1597988415935000064,2020-08-21 13:40:15.935000,3581.0,3602.0,3564.0,3582.0,nan,3584.0,201460,7221574500.0,222137,3581.0,123,3580.0,104,nan,0,nan,0,nan,0,nan,0,nan,0,nan,0,nan,0,nan,0
1597988416334449920,1597988416935000064,2020-08-21 13:40:16.935000,3581.0,3602.0,3564.0,3582.0,nan,3584.0,201460,7221574500.0,222137,3581.0,126,3580.0,105,nan,0,nan,0,nan,0,nan,0,nan,0,nan,0,nan,0,nan,0
1597988416832642048,1597988417420999936,2020-08-21 13:40:17.421000,3581.0,3602.0,3564.0,3582.0,nan,3584.0,201591,7226265610.0,222265,3582.0,71,3581.0,72,nan,0,nan,0,nan,0,nan,0,nan,0,nan,0,nan,0,nan,0
1597988417340282112,1597988417869999872,2020-08-21 13:40:17.870000,3581.0,3602.0,3564.0,3582.0,nan,3584.0,201593,7226337230.0,222267,3582.0,73,3581.0,72,nan,0,nan,0,nan,0,nan,0,nan,0,nan,0,nan,0,nan,0
1597988417861454080,1597988418362999808,2020-08-21 13:40:18.363000,3581.0,3602.0,3564.0,3582.0,nan,3584.0,201595,7226408850.0,222269,3582.0,73,3581.0,73,nan,0,nan,0,nan,0,nan,0,nan,0,nan,0,nan,0,nan,0
1597988418335856896,1597988418917999872,2020-08-21 13:40:18.918000,3582.0,3602.0,3564.0,3582.0,nan,3584.0,201600,7226587940.0,222267,3582.0,69,3581.0,72,nan,0,nan,0,nan,0,nan,0,nan,0,nan,0,nan,0,nan,0
1597988418830448128,1597988419332999936,2020-08-21 13:40:19.333000,3582.0,3602.0,3564.0,3582.0,nan,3584.0,201610,7226946140.0,222257,3582.0,59,3581.0,77,nan,0,nan,0,nan,0,nan,0,nan,0,nan,0,nan,0,nan,0
1597988419333847040,1597988419924999936,2020-08-21 13:40:19.925000,3582.0,3602.0,3564.0,3582.0,nan,3584.0,201613,7227053590.0,222256,3582.0,61,3581.0,76,nan,0,nan,0,nan,0,nan,0,nan,0,nan,0,nan,0,nan,0
1597988419832651008,1597988420400000000,2020-08-21 13:40:20.400000,3582.0,3602.0,3564.0,3582.0,nan,3584.0,201674,7229238610.0,222261,3583.0,164,3582.0,5,nan,0,nan,0,nan,0,nan,0,nan,0,nan,0,nan,0,nan,0
1597988420331158016,1597988420932000000,2020-08-21 13:40:20.932000,3582.0,3602.0,3564.0,3582.0,nan,3584.0,201676,7229310250.0,222261,3583.0,170,3582.0,13,nan,0,nan,0,nan,0,nan,0,nan,0,nan,0,nan,0,nan,0
1597988420843738112,1597988421364999936,2020-08-21 13:40:21.365000,3583.0,3602.0,3564.0,3582.0,nan,3584.0,201688,7229740200.0,222256,3583.0,159,3582.0,13,nan,0,nan,0,nan,0,nan,0,nan,0,nan,0,nan,0,nan,0
1597988421331842048,1597988421928000000,2020-08-21 13:40:21.928000,3582.0,3602.0,3564.0,3582.0,nan,3584.0,201715,7230707550.0,222235,3583.0,138,3582.0,26,nan,0,nan,0,nan,0,nan,0,nan,0,nan,0,nan,0,nan,0
1597988421835045120,1597988422401999872,2020-08-21 13:40:22.402000,3583.0,3602.0,3564.0,3582.0,nan,3584.0,201740,7231603070.0,222247,3583.0,145,3582.0,5,nan,0,nan,0,nan,0,nan,0,nan,0,nan,0,nan,0,nan,0
1597988422332098048,1597988422826999808,2020-08-21 13:40:22.827000,3582.0,3602.0,3564.0,3582.0,nan,3584.0,201745,7231782170.0,222249,3583.0,145,3581.0,181,nan,0,nan,0,nan,0,nan,0,nan,0,nan,0,nan,0,nan,0
1597988422837515008,1597988423408999936,2020-08-21 13:40:23.409000,3582.0,3602.0,3564.0,3582.0,nan,3584.0,201747,7231853800.0,222250,3582.0,1,3581.0,184,nan,0,nan,0,nan,0,nan,0,nan,0,nan,0,nan,0,nan,0
1597988423338637056,1597988423832000000,2020-08-21 13:40:23.832000,3582.0,3602.0,3564.0,3582.0,nan,3584.0,201750,7231961260.0,222249,3583.0,144,3582.0,9,nan,0,nan,0,nan,0,nan,0,nan,0,nan,0,nan,0,nan,0
1597988423842725120,1597988424434000128,2020-08-21 13:40:24.434000,3583.0,3602.0,3564.0,3582.0,nan,3584.0,201762,7232391210.0,222246,3583.0,131,3582.0,13,nan,0,nan,0,nan,0,nan,0,nan,0,nan,0,nan,0,nan,0
1597988424345067008,1597988424828000000,2020-08-21 13:40:24.828000,3582.0,3602.0,3564.0,3582.0,nan,3584.0,201765,7232498670.0,222245,3583.0,131,3582.0,12,nan,0,nan,0,nan,0,nan,0,nan,0,nan,0,nan,0,nan,0
1597988424841579008,1597988425384000000,2020-08-21 13:40:25.384000,3582.0,3602.0,3564.0,3582.0,nan,3584.0,201769,7232641960.0,222243,3583.0,130,3582.0,9,nan,0,nan,0,nan,0,nan,0,nan,0,nan,0,nan,0,nan,0
1597988425334778112,1597988425877000192,2020-08-21 13:40:25.877000,3582.0,3602.0,3564.0,3582.0,nan,3584.0,201771,7232713610.0,222243,3583.0,129,3582.0,8,nan,0,nan,0,nan,0,nan,0,nan,0,nan,0,nan,0,nan,0
1597988425831949056,1597988426431000064,2020-08-21 13:40:26.431000,3583.0,3602.0,3564.0,3582.0,nan,3584.0,201773,7232785270.0,222245,3583.0,128,3582.0,9,nan,0,nan,0,nan,0,nan,0,nan,0,nan,0,nan,0,nan,0
1597988426345456128,1597988426888999936,2020-08-21 13:40:26.889000,3582.0,3602.0,3564.0,3582.0,nan,3584.0,201774,7232821090.0,222245,3583.0,131,3582.0,8,nan,0,nan,0,nan,0,nan,0,nan,0,nan,0,nan,0,nan,0
1597988426888666112,1597988427434000128,2020-08-21 13:40:27.434000,3581.0,3602.0,3564.0,3582.0,nan,3584.0,201808,7234038760.0,222272,3583.0,135,3581.0,162,nan,0,nan,0,nan,0,nan,0,nan,0,nan,0,nan,0,nan,0
1597988427331952896,1597988427908000000,2020-08-21 13:40:27.908000,3583.0,3602.0,3564.0,3582.0,nan,3584.0,201815,7234289570.0,222273,3583.0,128,3582.0,10,nan,0,nan,0,nan,0,nan,0,nan,0,nan,0,nan,0,nan,0
1597988427836000000,1597988428384999936,2020-08-21 13:40:28.385000,3581.0,3602.0,3564.0,3582.0,nan,3584.0,201828,7234755200.0,222286,3583.0,129,3582.0,1,nan,0,nan,0,nan,0,nan,0,nan,0,nan,0,nan,0,nan,0
1597988428333814016,1597988428920000000,2020-08-21 13:40:28.920000,3582.0,3602.0,3564.0,3582.0,nan,3584.0,201829,7234791020.0,222287,3583.0,130,3582.0,3,nan,0,nan,0,nan,0,nan,0,nan,0,nan,0,nan,0,nan,0
1597988428832241920,1597988429418999808,2020-08-21 13:40:29.419000,3582.0,3602.0,3564.0,3582.0,nan,3584.0,201830,7234826840.0,222287,3583.0,130,3582.0,4,nan,0,nan,0,nan,0,nan,0,nan,0,nan,0,nan,0,nan,0
1597988429332592896,1597988429900999936,2020-08-21 13:40:29.901000,3582.0,3602.0,3564.0,3582.0,nan,3584.0,201830,7234826840.0,222287,3583.0,132,3582.0,5,nan,0,nan,0,nan,0,nan,0,nan,0,nan,0,nan,0,nan,0
1597988429833536000,1597988430434000128,2020-08-21 13:40:30.434000,3582.0,3602.0,3564.0,3582.0,nan,3584.0,201832,7234898480.0,222286,3583.0,132,3582.0,6,nan,0,nan,0,nan,0,nan,0,nan,0,nan,0,nan,0,nan,0
1597988430387376128,1597988430905999872,2020-08-21 13:40:30.906000,3582.0,3602.0,3564.0,3582.0,nan,3584.0,201838,7235113400.0,222290,3583.0,132,3582.0,1,nan,0,nan,0,nan,0,nan,0,nan,0,nan,0,nan,0,nan,0
1597988430833061120,1597988431395000064,2020-08-21 13:40:31.395000,3582.0,3602.0,3564.0,3582.0,nan,3584.0,201839,7235149220.0,222290,3582.0,21,3581.0,159,nan,0,nan,0,nan,0,nan,0,nan,0,nan,0,nan,0,nan,0
1597988431378434048,1597988431910000128,2020-08-21 13:40:31.910000,3582.0,3602.0,3564.0,3582.0,nan,3584.0,201842,7235256670.0,222292,3582.0,23,3581.0,158,nan,0,nan,0,nan,0,nan,0,nan,0,nan,0,nan,0,nan,0
1597988431833213952,1597988432428000000,2020-08-21 13:40:32.428000,3582.0,3602.0,3564.0,3582.0,nan,3584.0,201847,7235435770.0,222292,3582.0,18,3581.0,158,nan,0,nan,0,nan,0,nan,0,nan,0,nan,0,nan,0,nan,0
1597988432341430016,1597988432936999936,2020-08-21 13:40:32.937000,3581.0,3602.0,3564.0,3582.0,nan,3584.0,201848,7235471580.0,222293,3582.0,19,3581.0,158,nan,0,nan,0,nan,0,nan,0,nan,0,nan,0,nan,0,nan,0
1597988432836004096,1597988433432000000,2020-08-21 13:40:33.432000,3582.0,3602.0,3564.0,3582.0,nan,3584.0,201849,7235507400.0,222294,3582.0,21,3581.0,158,nan,0,nan,0,nan,0,nan,0,nan,0,nan,0,nan,0,nan,0
1597988433331593984,1597988433926000128,2020-08-21 13:40:33.926000,3582.0,3602.0,3564.0,3582.0,nan,3584.0,201849,7235507400.0,222294,3582.0,22,3581.0,158,nan,0,nan,0,nan,0,nan,0,nan,0,nan,0,nan,0,nan,0
1597988433867422976,1597988434384000000,2020-08-21 13:40:34.384000,3582.0,3602.0,3564.0,3582.0,nan,3584.0,201849,7235507400.0,222294,3582.0,34,3581.0,158,nan,0,nan,0,nan,0,nan,0,nan,0,nan,0,nan,0,nan,0
1597988434330309120,1597988434818000128,2020-08-21 13:40:34.818000,3582.0,3602.0,3564.0,3582.0,nan,3584.0,201850,7235543220.0,222295,3582.0,37,3581.0,157,nan,0,nan,0,nan,0,nan,0,nan,0,nan,0,nan,0,nan,0
1597988434848434944,1597988435428999936,2020-08-21 13:40:35.429000,3582.0,3602.0,3564.0,3582.0,nan,3584.0,201856,7235758140.0,222291,3582.0,35,3581.0,157,nan,0,nan,0,nan,0,nan,0,nan,0,nan,0,nan,0,nan,0
1597988435350842880,1597988435910000128,2020-08-21 13:40:35.910000,3582.0,3602.0,3564.0,3582.0,nan,3584.0,201857,7235793960.0,222291,3582.0,24,3581.0,153,nan,0,nan,0,nan,0,nan,0,nan,0,nan,0,nan,0,nan,0
1597988435839136000,1597988436312999936,2020-08-21 13:40:36.313000,3582.0,3602.0,3564.0,3582.0,nan,3584.0,201868,7236187980.0,222299,3582.0,14,3581.0,153,nan,0,nan,0,nan,0,nan,0,nan,0,nan,0,nan,0,nan,0
1597988436340453120,1597988436877000192,2020-08-21 13:40:36.877000,3582.0,3602.0,3564.0,3582.0,nan,3584.0,201883,7236725280.0,222302,3582.0,12,3581.0,156,nan,0,nan,0,nan,0,nan,0,nan,0,nan,0,nan,0,nan,0
1597988436847806976,1597988437357000192,2020-08-21 13:40:37.357000,3581.0,3602.0,3564.0,3582.0,nan,3584.0,201896,7237190810.0,222315,3582.0,25,3581.0,145,nan,0,nan,0,nan,0,nan,0,nan,0,nan,0,nan,0,nan,0
1597988437336646912,1597988437937999872,2020-08-21 13:40:37.938000,3582.0,3602.0,3564.0,3582.0,nan,3584.0,201899,7237298270.0,222316,3582.0,24,3581.0,147,nan,0,nan,0,nan,0,nan,0,nan,0,nan,0,nan,0,nan,0
1597988437838138880,1597988438405999872,2020-08-21 13:40:38.406000,3582.0,3602.0,3564.0,3582.0,nan,3584.0,201899,7237298270.0,222316,3582.0,28,3581.0,149,nan,0,nan,0,nan,0,nan,0,nan,0,nan,0,nan,0,nan,0
1597988438835350016,1597988439433000192,2020-08-21 13:40:39.433000,3582.0,3602.0,3564.0,3582.0,nan,3584.0,201903,7237441550.0,222320,3582.0,27,3581.0,149,nan,0,nan,0,nan,0,nan,0,nan,0,nan,0,nan,0,nan,0
1597988439337539072,1597988439926000128,2020-08-21 13:40:39.926000,3582.0,3602.0,3564.0,3582.0,nan,3584.0,201904,7237477370.0,222321,3582.0,27,3581.0,151,nan,0,nan,0,nan,0,nan,0,nan,0,nan,0,nan,0,nan,0
1597988439833809920,1597988440404000000,2020-08-21 13:40:40.404000,3581.0,3602.0,3564.0,3582.0,nan,3584.0,201910,7237692280.0,222325,3582.0,22,3581.0,155,nan,0,nan,0,nan,0,nan,0,nan,0,nan,0,nan,0,nan,0
1597988440336578048,1597988440910000128,2020-08-21 13:40:40.910000,3581.0,3602.0,3564.0,3582.0,nan,3584.0,201910,7237692280.0,222325,3582.0,23,3581.0,156,nan,0,nan,0,nan,0,nan,0,nan,0,nan,0,nan,0,nan,0
1597988441336009984,1597988441860999936,2020-08-21 13:40:41.861000,3582.0,3602.0,3564.0,3582.0,nan,3584.0,201911,7237728100.0,222325,3582.0,50,3581.0,156,nan,0,nan,0,nan,0,nan,0,nan,0,nan,0,nan,0,nan,0
1597988441832142080,1597988442424000000,2020-08-21 13:40:42.424000,3582.0,3602.0,3564.0,3582.0,nan,3584.0,201911,7237728100.0,222325,3582.0,52,3581.0,158,nan,0,nan,0,nan,0,nan,0,nan,0,nan,0,nan,0,nan,0
1597988442341809920,1597988442881999872,2020-08-21 13:40:42.882000,3582.0,3602.0,3564.0,3582.0,nan,3584.0,201912,7237763920.0,222324,3582.0,51,3581.0,159,nan,0,nan,0,nan,0,nan,0,nan,0,nan,0,nan,0,nan,0
1597988442831770880,1597988443434000128,2020-08-21 13:40:43.434000,3582.0,3602.0,3564.0,3582.0,nan,3584.0,201914,7237835560.0,222323,3582.0,60,3581.0,160,nan,0,nan,0,nan,0,nan,0,nan,0,nan,0,nan,0,nan,0
1597988443349646080,1597988443926000128,2020-08-21 13:40:43.926000,3582.0,3602.0,3564.0,3582.0,nan,3584.0,201915,7237871380.0,222323,3582.0,59,3581.0,160,nan,0,nan,0,nan,0,nan,0,nan,0,nan,0,nan,0,nan,0
1597988443842322944,1597988444424999936,2020-08-21 13:40:44.425000,3581.0,3602.0,3564.0,3582.0,nan,3584.0,201926,7238265300.0,222333,3582.0,60,3581.0,151,nan,0,nan,0,nan,0,nan,0,nan,0,nan,0,nan,0,nan,0
1597988444361094912,1597988444904000000,2020-08-21 13:40:44.904000,3582.0,3602.0,3564.0,3582.0,nan,3584.0,201927,7238301120.0,222333,3582.0,59,3581.0,151,nan,0,nan,0,nan,0,nan,0,nan,0,nan,0,nan,0,nan,0
1597988444855649024,1597988445427000064,2020-08-21 13:40:45.427000,3582.0,3602.0,3564.0,3582.0,nan,3584.0,201928,7238336940.0,222333,3582.0,58,3581.0,151,nan,0,nan,0,nan,0,nan,0,nan,0,nan,0,nan,0,nan,0
1597988445338425088,1597988445926000128,2020-08-21 13:40:45.926000,3582.0,3602.0,3564.0,3582.0,nan,3584.0,201929,7238372760.0,222333,3582.0,64,3581.0,151,nan,0,nan,0,nan,0,nan,0,nan,0,nan,0,nan,0,nan,0
1597988445843100928,1597988446414000128,2020-08-21 13:40:46.414000,3582.0,3602.0,3564.0,3582.0,nan,3584.0,201937,7238659320.0,222336,3582.0,55,3581.0,151,nan,0,nan,0,nan,0,nan,0,nan,0,nan,0,nan,0,nan,0
1597988446329213952,1597988446924999936,2020-08-21 13:40:46.925000,3582.0,3602.0,3564.0,3582.0,nan,3584.0,201939,7238730960.0,222336,3582.0,54,3581.0,151,nan,0,nan,0,nan,0,nan,0,nan,0,nan,0,nan,0,nan,0
1597988447384250880,1597988447936000000,2020-08-21 13:40:47.936000,3582.0,3602.0,3564.0,3582.0,nan,3584.0,201941,7238802600.0,222337,3582.0,52,3581.0,161,nan,0,nan,0,nan,0,nan,0,nan,0,nan,0,nan,0,nan,0
1597988447841188096,1597988448315000064,2020-08-21 13:40:48.315000,3582.0,3602.0,3564.0,3582.0,nan,3584.0,201941,7238802600.0,222337,3582.0,53,3581.0,170,nan,0,nan,0,nan,0,nan,0,nan,0,nan,0,nan,0,nan,0
1597988449340563968,1597988449851000064,2020-08-21 13:40:49.851000,3582.0,3602.0,3564.0,3582.0,nan,3584.0,201942,7238838420.0,222337,3582.0,54,3581.0,173,nan,0,nan,0,nan,0,nan,0,nan,0,nan,0,nan,0,nan,0
1597988449839581952,1597988450397000192,2020-08-21 13:40:50.397000,3582.0,3602.0,3564.0,3582.0,nan,3584.0,201943,7238874240.0,222337,3582.0,53,3581.0,173,nan,0,nan,0,nan,0,nan,0,nan,0,nan,0,nan,0,nan,0
1597988450340460032,1597988450928000000,2020-08-21 13:40:50.928000,3582.0,3602.0,3564.0,3582.0,nan,3584.0,201944,7238910060.0,222337,3582.0,54,3581.0,173,nan,0,nan,0,nan,0,nan,0,nan,0,nan,0,nan,0,nan,0
1597988450848024064,1597988451379000064,2020-08-21 13:40:51.379000,3582.0,3602.0,3564.0,3582.0,nan,3584.0,201944,7238910060.0,222337,3582.0,54,3581.0,209,nan,0,nan,0,nan,0,nan,0,nan,0,nan,0,nan,0,nan,0
1597988451332738048,1597988451910000128,2020-08-21 13:40:51.910000,3582.0,3602.0,3564.0,3582.0,nan,3584.0,201947,7239017520.0,222337,3582.0,52,3581.0,209,nan,0,nan,0,nan,0,nan,0,nan,0,nan,0,nan,0,nan,0
1597988451831379968,1597988452424999936,2020-08-21 13:40:52.425000,3582.0,3602.0,3564.0,3582.0,nan,3584.0,201953,7239232440.0,222337,3582.0,46,3581.0,209,nan,0,nan,0,nan,0,nan,0,nan,0,nan,0,nan,0,nan,0
1597988452331644928,1597988452825999872,2020-08-21 13:40:52.826000,3582.0,3602.0,3564.0,3582.0,nan,3584.0,201955,7239304080.0,222337,3582.0,44,3581.0,209,nan,0,nan,0,nan,0,nan,0,nan,0,nan,0,nan,0,nan,0
1597988452835550976,1597988453372000000,2020-08-21 13:40:53.372000,3582.0,3602.0,3564.0,3582.0,nan,3584.0,201958,7239411530.0,222337,3582.0,42,3581.0,208,nan,0,nan,0,nan,0,nan,0,nan,0,nan,0,nan,0,nan,0
1597988453344741888,1597988453932000000,2020-08-21 13:40:53.932000,3582.0,3602.0,3564.0,3582.0,nan,3584.0,202004,7241059210.0,222347,3583.0,143,3582.0,42,nan,0,nan,0,nan,0,nan,0,nan,0,nan,0,nan,0,nan,0
1597988453842147072,1597988454413000192,2020-08-21 13:40:54.413000,3582.0,3602.0,3564.0,3582.0,nan,3584.0,202004,7241059210.0,222347,3583.0,143,3582.0,46,nan,0,nan,0,nan,0,nan,0,nan,0,nan,0,nan,0,nan,0
1597988454832326912,1597988455430000128,2020-08-21 13:40:55.430000,3582.0,3602.0,3564.0,3582.0,nan,3584.0,202007,7241166670.0,222347,3583.0,143,3582.0,43,nan,0,nan,0,nan,0,nan,0,nan,0,nan,0,nan,0,nan,0
1597988455331578112,1597988455848000000,2020-08-21 13:40:55.848000,3582.0,3602.0,3564.0,3582.0,nan,3584.0,202007,7241166670.0,222347,3583.0,143,3582.0,47,nan,0,nan,0,nan,0,nan,0,nan,0,nan,0,nan,0,nan,0
1597988456334912000,1597988456894000128,2020-08-21 13:40:56.894000,3582.0,3602.0,3564.0,3582.0,nan,3584.0,202007,7241166670.0,222347,3583.0,144,3582.0,50,nan,0,nan,0,nan,0,nan,0,nan,0,nan,0,nan,0,nan,0
1597988456832086016,1597988457434000128,2020-08-21 13:40:57.434000,3582.0,3602.0,3564.0,3582.0,nan,3584.0,202007,7241166670.0,222347,3583.0,145,3582.0,50,nan,0,nan,0,nan,0,nan,0,nan,0,nan,0,nan,0,nan,0
1597988457335979008,1597988457931000064,2020-08-21 13:40:57.931000,3582.0,3602.0,3564.0,3582.0,nan,3584.0,202010,7241274130.0,222347,3583.0,147,3582.0,47,nan,0,nan,0,nan,0,nan,0,nan,0,nan,0,nan,0,nan,0
1597988457833427968,1597988458434000128,2020-08-21 13:40:58.434000,3582.0,3602.0,3564.0,3582.0,nan,3584.0,202010,7241274130.0,222347,3583.0,148,3582.0,48,nan,0,nan,0,nan,0,nan,0,nan,0,nan,0,nan,0,nan,0
1597988458332314880,1597988458916999936,2020-08-21 13:40:58.917000,3582.0,3602.0,3564.0,3582.0,nan,3584.0,202010,7241274130.0,222347,3583.0,148,3582.0,49,nan,0,nan,0,nan,0,nan,0,nan,0,nan,0,nan,0,nan,0
1597988458833024000,1597988459400999936,2020-08-21 13:40:59.401000,3583.0,3602.0,3564.0,3582.0,nan,3584.0,202021,7241668230.0,222348,3583.0,141,3582.0,47,nan,0,nan,0,nan,0,nan,0,nan,0,nan,0,nan,0,nan,0
1597988459847642112,1597988460424999936,2020-08-21 13:41:00.425000,3583.0,3602.0,3564.0,3582.0,nan,3584.0,202021,7241668230.0,222348,3583.0,141,3582.0,44,nan,0,nan,0,nan,0,nan,0,nan,0,nan,0,nan,0,nan,0
1597988460341752064,1597988460934000128,2020-08-21 13:41:00.934000,3583.0,3602.0,3564.0,3582.0,nan,3584.0,202021,7241668230.0,222348,3583.0,142,3582.0,44,nan,0,nan,0,nan,0,nan,0,nan,0,nan,0,nan,0,nan,0
1597988460831841024,1597988461427000064,2020-08-21 13:41:01.427000,3583.0,3602.0,3564.0,3582.0,nan,3584.0,202036,7242205610.0,222348,3583.0,134,3582.0,37,nan,0,nan,0,nan,0,nan,0,nan,0,nan,0,nan,0,nan,0
1597988461387812096,1597988461852000000,2020-08-21 13:41:01.852000,3583.0,3602.0,3564.0,3582.0,nan,3584.0,202047,7242599640.0,222348,3583.0,133,3582.0,23,nan,0,nan,0,nan,0,nan,0,nan,0,nan,0,nan,0,nan,0
1597988461837647872,1597988462404000000,2020-08-21 13:41:02.404000,3583.0,3602.0,3564.0,3582.0,nan,3584.0,202047,7242599640.0,222348,3583.0,133,3582.0,24,nan,0,nan,0,nan,0,nan,0,nan,0,nan,0,nan,0,nan,0
1597988462846073088,1597988463372000000,2020-08-21 13:41:03.372000,3583.0,3602.0,3564.0,3582.0,nan,3584.0,202047,7242599640.0,222348,3583.0,134,3582.0,24,nan,0,nan,0,nan,0,nan,0,nan,0,nan,0,nan,0,nan,0
1597988463334745088,1597988463920000000,2020-08-21 13:41:03.920000,3582.0,3602.0,3564.0,3582.0,nan,3584.0,202054,7242850430.0,222344,3583.0,129,3582.0,24,nan,0,nan,0,nan,0,nan,0,nan,0,nan,0,nan,0,nan,0
1597988463835854080,1597988464430000128,2020-08-21 13:41:04.430000,3582.0,3602.0,3564.0,3582.0,nan,3584.0,202055,7242886250.0,222344,3583.0,129,3582.0,33,nan,0,nan,0,nan,0,nan,0,nan,0,nan,0,nan,0,nan,0
1597988464331514880,1597988464920000000,2020-08-21 13:41:04.920000,3583.0,3602.0,3564.0,3582.0,nan,3584.0,202059,7243029560.0,222346,3583.0,126,3582.0,35,nan,0,nan,0,nan,0,nan,0,nan,0,nan,0,nan,0,nan,0
1597988464837966080,1597988465407000064,2020-08-21 13:41:05.407000,3583.0,3602.0,3564.0,3582.0,nan,3584.0,202067,7243316150.0,222346,3583.0,144,3582.0,28,nan,0,nan,0,nan,0,nan,0,nan,0,nan,0,nan,0,nan,0
1597988465340730112,1597988465921999872,2020-08-21 13:41:05.922000,3582.0,3602.0,3564.0,3582.0,nan,3584.0,202072,7243495290.0,222350,3583.0,150,3582.0,28,nan,0,nan,0,nan,0,nan,0,nan,0,nan,0,nan,0,nan,0
1597988465839503104,1597988466433000192,2020-08-21 13:41:06.433000,3583.0,3602.0,3564.0,3582.0,nan,3584.0,202093,7244247720.0,222371,3583.0,129,3582.0,29,nan,0,nan,0,nan,0,nan,0,nan,0,nan,0,nan,0,nan,0
1597988466363504128,1597988466864000000,2020-08-21 13:41:06.864000,3582.0,3602.0,3564.0,3582.0,nan,3584.0,202107,7244749200.0,222378,3583.0,129,3582.0,25,nan,0,nan,0,nan,0,nan,0,nan,0,nan,0,nan,0,nan,0
1597988466832624896,1597988467418999808,2020-08-21 13:41:07.419000,3582.0,3602.0,3564.0,3582.0,nan,3584.0,202107,7244749200.0,222378,3583.0,139,3582.0,21,nan,0,nan,0,nan,0,nan,0,nan,0,nan,0,nan,0,nan,0
1597988467334137088,1597988467824000000,2020-08-21 13:41:07.824000,3582.0,3602.0,3564.0,3582.0,nan,3584.0,202107,7244749200.0,222378,3583.0,140,3582.0,21,nan,0,nan,0,nan,0,nan,0,nan,0,nan,0,nan,0,nan,0
1597988467836795904,1597988468401999872,2020-08-21 13:41:08.402000,3583.0,3602.0,3564.0,3582.0,nan,3584.0,202147,7246182400.0,222395,3583.0,102,3582.0,22,nan,0,nan,0,nan,0,nan,0,nan,0,nan,0,nan,0,nan,0
1597988468342599936,1597988468852999936,2020-08-21 13:41:08.853000,3583.0,3602.0,3564.0,3582.0,nan,3584.0,202148,7246218230.0,222396,3583.0,107,3582.0,31,nan,0,nan,0,nan,0,nan,0,nan,0,nan,0,nan,0,nan,0
1597988468847556096,1597988469427000064,2020-08-21 13:41:09.427000,3583.0,3602.0,3564.0,3582.0,nan,3584.0,202148,7246218230.0,222396,3583.0,107,3582.0,32,nan,0,nan,0,nan,0,nan,0,nan,0,nan,0,nan,0,nan,0
1597988469355973888,1597988469910000128,2020-08-21 13:41:09.910000,3583.0,3602.0,3564.0,3582.0,nan,3584.0,202149,7246254060.0,222395,3583.0,107,3582.0,30,nan,0,nan,0,nan,0,nan,0,nan,0,nan,0,nan,0,nan,0
1597988469839779072,1597988470401999872,2020-08-21 13:41:10.402000,3583.0,3602.0,3564.0,3582.0,nan,3584.0,202149,7246254060.0,222395,3583.0,107,3582.0,25,nan,0,nan,0,nan,0,nan,0,nan,0,nan,0,nan,0,nan,0
1597988470345777920,1597988470924999936,2020-08-21 13:41:10.925000,3583.0,3602.0,3564.0,3582.0,nan,3584.0,202170,7247006480.0,222399,3583.0,87,3582.0,28,nan,0,nan,0,nan,0,nan,0,nan,0,nan,0,nan,0,nan,0
1597988470833452032,1597988471414000128,2020-08-21 13:41:11.414000,3583.0,3602.0,3564.0,3582.0,nan,3584.0,202184,7247508100.0,222403,3583.0,73,3582.0,49,nan,0,nan,0,nan,0,nan,0,nan,0,nan,0,nan,0,nan,0
1597988471331165952,1597988471920999936,2020-08-21 13:41:11.921000,3583.0,3602.0,3564.0,3582.0,nan,3584.0,202245,7249693720.0,222379,3583.0,18,3582.0,49,nan,0,nan,0,nan,0,nan,0,nan,0,nan,0,nan,0,nan,0
1597988471834702080,1597988472436999936,2020-08-21 13:41:12.437000,3583.0,3602.0,3564.0,3582.0,nan,3584.0,202263,7250338660.0,222378,3584.0,73,3583.0,10,nan,0,nan,0,nan,0,nan,0,nan,0,nan,0,nan,0,nan,0
1597988472339450112,1597988472809999872,2020-08-21 13:41:12.810000,3584.0,3602.0,3564.0,3582.0,nan,3584.0,202265,7250410330.0,222379,3584.0,72,3583.0,13,nan,0,nan,0,nan,0,nan,0,nan,0,nan,0,nan,0,nan,0
1597988472835904000,1597988473391000064,2020-08-21 13:41:13.391000,3583.0,3602.0,3564.0,3582.0,nan,3584.0,202291,7251342140.0,222376,3584.0,49,3583.0,12,nan,0,nan,0,nan,0,nan,0,nan,0,nan,0,nan,0,nan,0
1597988473343351040,1597988473856000000,2020-08-21 13:41:13.856000,3584.0,3602.0,3564.0,3582.0,nan,3584.0,202341,7253134140.0,222337,3585.0,137,3584.0,18,nan,0,nan,0,nan,0,nan,0,nan,0,nan,0,nan,0,nan,0
1597988473838469120,1597988474324999936,2020-08-21 13:41:14.325000,3584.0,3602.0,3564.0,3582.0,nan,3584.0,202341,7253134140.0,222337,3585.0,137,3584.0,24,nan,0,nan,0,nan,0,nan,0,nan,0,nan,0,nan,0,nan,0
1597988474331828992,1597988474933000192,2020-08-21 13:41:14.933000,3584.0,3602.0,3564.0,3582.0,nan,3584.0,202346,7253313370.0,222338,3585.0,135,3584.0,23,nan,0,nan,0,nan,0,nan,0,nan,0,nan,0,nan,0,nan,0
1597988474840491008,1597988475428999936,2020-08-21 13:41:15.429000,3585.0,3602.0,3564.0,3582.0,nan,3584.0,202369,7254137920.0,222358,3585.0,112,3584.0,23,nan,0,nan,0,nan,0,nan,0,nan,0,nan,0,nan,0,nan,0
1597988475332033024,1597988475924999936,2020-08-21 13:41:15.925000,3584.0,3602.0,3564.0,3582.0,nan,3584.0,202447,7256934160.0,222322,3585.0,40,3584.0,17,nan,0,nan,0,nan,0,nan,0,nan,0,nan,0,nan,0,nan,0
1597988475840837120,1597988476432000000,2020-08-21 13:41:16.432000,3584.0,3602.0,3564.0,3582.0,nan,3584.0,202451,7257077520.0,222325,3585.0,42,3584.0,11,nan,0,nan,0,nan,0,nan,0,nan,0,nan,0,nan,0,nan,0
1597988476341985024,1597988476880000000,2020-08-21 13:41:16.880000,3585.0,3602.0,3564.0,3582.0,nan,3584.0,202453,7257149220.0,222323,3585.0,41,3584.0,10,nan,0,nan,0,nan,0,nan,0,nan,0,nan,0,nan,0,nan,0
1597988476844294912,1597988477436000000,2020-08-21 13:41:17.436000,3584.0,3602.0,3564.0,3582.0,nan,3584.0,202460,7257400130.0,222323,3585.0,41,3584.0,7,nan,0,nan,0,nan,0,nan,0,nan,0,nan,0,nan,0,nan,0
1597988477331965952,1597988477898000128,2020-08-21 13:41:17.898000,3585.0,3602.0,3564.0,3582.0,nan,3584.0,202463,7257507680.0,222323,3585.0,43,3584.0,7,nan,0,nan,0,nan,0,nan,0,nan,0,nan,0,nan,0,nan,0
1597988477843281920,1597988478427000064,2020-08-21 13:41:18.427000,3585.0,3602.0,3564.0,3582.0,nan,3584.0,202466,7257615220.0,222324,3585.0,45,3584.0,6,nan,0,nan,0,nan,0,nan,0,nan,0,nan,0,nan,0,nan,0
1597988478340742912,1597988478911000064,2020-08-21 13:41:18.911000,3584.0,3602.0,3564.0,3582.0,nan,3584.0,202472,7257830260.0,222319,3584.0,10,3583.0,24,nan,0,nan,0,nan,0,nan,0,nan,0,nan,0,nan,0,nan,0
1597988478837512960,1597988479433000192,2020-08-21 13:41:19.433000,3584.0,3602.0,3564.0,3582.0,nan,3584.0,202478,7258045300.0,222319,3584.0,6,3583.0,37,nan,0,nan,0,nan,0,nan,0,nan,0,nan,0,nan,0,nan,0
1597988479336177920,1597988479936000000,2020-08-21 13:41:19.936000,3584.0,3602.0,3564.0,3582.0,nan,3584.0,202478,7258045300.0,222319,3584.0,11,3583.0,18,nan,0,nan,0,nan,0,nan,0,nan,0,nan,0,nan,0,nan,0
1597988479832585984,1597988480415000064,2020-08-21 13:41:20.415000,3584.0,3602.0,3564.0,3582.0,nan,3584.0,202478,7258045300.0,222319,3584.0,49,3583.0,7,nan,0,nan,0,nan,0,nan,0,nan,0,nan,0,nan,0,nan,0
1597988480340272896,1597988480903000064,2020-08-21 13:41:20.903000,3584.0,3602.0,3564.0,3582.0,nan,3584.0,202489,7258439540.0,222326,3584.0,50,3583.0,7,nan,0,nan,0,nan,0,nan,0,nan,0,nan,0,nan,0,nan,0
1597988480837989888,1597988481438999808,2020-08-21 13:41:21.439000,3584.0,3602.0,3564.0,3582.0,nan,3584.0,202497,7258726260.0,222326,3584.0,46,3583.0,10,nan,0,nan,0,nan,0,nan,0,nan,0,nan,0,nan,0,nan,0
1597988481332859904,1597988481932000000,2020-08-21 13:41:21.932000,3584.0,3602.0,3564.0,3582.0,nan,3584.0,202499,7258797940.0,222326,3584.0,45,3583.0,10,nan,0,nan,0,nan,0,nan,0,nan,0,nan,0,nan,0,nan,0
1597988481854887936,1597988482430000128,2020-08-21 13:41:22.430000,3584.0,3602.0,3564.0,3582.0,nan,3584.0,202504,7258977140.0,222330,3584.0,34,3583.0,11,nan,0,nan,0,nan,0,nan,0,nan,0,nan,0,nan,0,nan,0
1597988482332751104,1597988482918999808,2020-08-21 13:41:22.919000,3584.0,3602.0,3564.0,3582.0,nan,3584.0,202506,7259048810.0,222331,3584.0,34,3583.0,11,nan,0,nan,0,nan,0,nan,0,nan,0,nan,0,nan,0,nan,0
1597988482841798912,1597988483434000128,2020-08-21 13:41:23.434000,3584.0,3602.0,3564.0,3582.0,nan,3584.0,202506,7259048810.0,222331,3584.0,37,3583.0,10,nan,0,nan,0,nan,0,nan,0,nan,0,nan,0,nan,0,nan,0
1597988483337584896,1597988483898999808,2020-08-21 13:41:23.899000,3584.0,3602.0,3564.0,3582.0,nan,3584.0,202507,7259084650.0,222332,3584.0,37,3583.0,62,nan,0,nan,0,nan,0,nan,0,nan,0,nan,0,nan,0,nan,0
1597988483838865920,1597988484434000128,2020-08-21 13:41:24.434000,3583.0,3602.0,3564.0,3582.0,nan,3584.0,202508,7259120480.0,222331,3584.0,42,3583.0,61,nan,0,nan,0,nan,0,nan,0,nan,0,nan,0,nan,0,nan,0
1597988484330842880,1597988484878000128,2020-08-21 13:41:24.878000,3583.0,3602.0,3564.0,3582.0,nan,3584.0,202508,7259120480.0,222331,3584.0,42,3583.0,63,nan,0,nan,0,nan,0,nan,0,nan,0,nan,0,nan,0,nan,0
1597988484838369024,1597988485430000128,2020-08-21 13:41:25.430000,3583.0,3602.0,3564.0,3582.0,nan,3584.0,202519,7259514610.0,222326,3584.0,42,3583.0,50,nan,0,nan,0,nan,0,nan,0,nan,0,nan,0,nan,0,nan,0
1597988485332211968,1597988485936000000,2020-08-21 13:41:25.936000,3584.0,3602.0,3564.0,3582.0,nan,3584.0,202520,7259550450.0,222327,3584.0,45,3583.0,50,nan,0,nan,0,nan,0,nan,0,nan,0,nan,0,nan,0,nan,0
1597988485840327936,1597988486391000064,2020-08-21 13:41:26.391000,3583.0,3602.0,3564.0,3582.0,nan,3584.0,202522,7259622110.0,222328,3584.0,45,3583.0,49,nan,0,nan,0,nan,0,nan,0,nan,0,nan,0,nan,0,nan,0
1597988486341294080,1597988486904000000,2020-08-21 13:41:26.904000,3584.0,3602.0,3564.0,3582.0,nan,3584.0,202523,7259657950.0,222329,3584.0,44,3583.0,51,nan,0,nan,0,nan,0,nan,0,nan,0,nan,0,nan,0,nan,0
1597988486830824960,1597988487380999936,2020-08-21 13:41:27.381000,3584.0,3602.0,3564.0,3582.0,nan,3584.0,202523,7259657950.0,222329,3584.0,45,3583.0,52,nan,0,nan,0,nan,0,nan,0,nan,0,nan,0,nan,0,nan,0
1597988487333785088,1597988487936999936,2020-08-21 13:41:27.937000,3584.0,3602.0,3564.0,3582.0,nan,3584.0,202523,7259657950.0,222329,3584.0,48,3583.0,52,nan,0,nan,0,nan,0,nan,0,nan,0,nan,0,nan,0,nan,0
1597988487832211968,1597988488408000000,2020-08-21 13:41:28.408000,3584.0,3602.0,3564.0,3582.0,nan,3584.0,202525,7259729630.0,222331,3584.0,48,3583.0,52,nan,0,nan,0,nan,0,nan,0,nan,0,nan,0,nan,0,nan,0
1597988488338364928,1597988488935000064,2020-08-21 13:41:28.935000,3584.0,3602.0,3564.0,3582.0,nan,3584.0,202539,7260231380.0,222332,3584.0,35,3583.0,55,nan,0,nan,0,nan,0,nan,0,nan,0,nan,0,nan,0,nan,0
1597988488950710016,1597988489436000000,2020-08-21 13:41:29.436000,3584.0,3602.0,3564.0,3582.0,nan,3584.0,202541,7260303060.0,222332,3584.0,36,3583.0,55,nan,0,nan,0,nan,0,nan,0,nan,0,nan,0,nan,0,nan,0
1597988489343215104,1597988489936999936,2020-08-21 13:41:29.937000,3584.0,3602.0,3564.0,3582.0,nan,3584.0,202551,7260661460.0,222334,3584.0,26,3583.0,55,nan,0,nan,0,nan,0,nan,0,nan,0,nan,0,nan,0,nan,0
1597988489837321984,1597988490397000192,2020-08-21 13:41:30.397000,3584.0,3602.0,3564.0,3582.0,nan,3584.0,202553,7260733140.0,222336,3584.0,25,3583.0,55,nan,0,nan,0,nan,0,nan,0,nan,0,nan,0,nan,0,nan,0
1597988490346087936,1597988490935000064,2020-08-21 13:41:30.935000,3583.0,3602.0,3564.0,3582.0,nan,3584.0,202555,7260804810.0,222335,3584.0,27,3583.0,54,nan,0,nan,0,nan,0,nan,0,nan,0,nan,0,nan,0,nan,0
1597988490835473920,1597988491427000064,2020-08-21 13:41:31.427000,3583.0,3602.0,3564.0,3582.0,nan,3584.0,202555,7260804810.0,222335,3584.0,29,3583.0,55,nan,0,nan,0,nan,0,nan,0,nan,0,nan,0,nan,0,nan,0
1597988491333581056,1597988491831000064,2020-08-21 13:41:31.831000,3583.0,3602.0,3564.0,3582.0,nan,3584.0,202555,7260804810.0,222335,3584.0,31,3583.0,65,nan,0,nan,0,nan,0,nan,0,nan,0,nan,0,nan,0,nan,0
1597988491835102976,1597988492431000064,2020-08-21 13:41:32.431000,3584.0,3602.0,3564.0,3582.0,nan,3584.0,202567,7261234880.0,222330,3584.0,30,3583.0,68,nan,0,nan,0,nan,0,nan,0,nan,0,nan,0,nan,0,nan,0
1597988492345191936,1597988492917999872,2020-08-21 13:41:32.918000,3584.0,3602.0,3564.0,3582.0,nan,3584.0,202568,7261270720.0,222330,3584.0,30,3583.0,69,nan,0,nan,0,nan,0,nan,0,nan,0,nan,0,nan,0,nan,0
1597988492843753984,1597988493414000128,2020-08-21 13:41:33.414000,3584.0,3602.0,3564.0,3582.0,nan,3584.0,202569,7261306560.0,222329,3584.0,29,3583.0,69,nan,0,nan,0,nan,0,nan,0,nan,0,nan,0,nan,0,nan,0
1597988493330966016,1597988493920000000,2020-08-21 13:41:33.920000,3583.0,3602.0,3564.0,3582.0,nan,3584.0,202570,7261342390.0,222329,3584.0,32,3583.0,68,nan,0,nan,0,nan,0,nan,0,nan,0,nan,0,nan,0,nan,0
1597988493840571904,1597988494394000128,2020-08-21 13:41:34.394000,3583.0,3602.0,3564.0,3582.0,nan,3584.0,202570,7261342390.0,222329,3584.0,34,3583.0,69,nan,0,nan,0,nan,0,nan,0,nan,0,nan,0,nan,0,nan,0
1597988494329015040,1597988494912000000,2020-08-21 13:41:34.912000,3584.0,3602.0,3564.0,3582.0,nan,3584.0,202573,7261449910.0,222330,3584.0,31,3583.0,72,nan,0,nan,0,nan,0,nan,0,nan,0,nan,0,nan,0,nan,0
1597988494831969024,1597988495391000064,2020-08-21 13:41:35.391000,3583.0,3602.0,3564.0,3582.0,nan,3584.0,202574,7261485740.0,222330,3584.0,82,3583.0,72,nan,0,nan,0,nan,0,nan,0,nan,0,nan,0,nan,0,nan,0
1597988495333917952,1597988495935000064,2020-08-21 13:41:35.935000,3583.0,3602.0,3564.0,3582.0,nan,3584.0,202574,7261485740.0,222330,3584.0,84,3583.0,72,nan,0,nan,0,nan,0,nan,0,nan,0,nan,0,nan,0,nan,0
1597988496328304128,1597988496836000000,2020-08-21 13:41:36.836000,3583.0,3602.0,3564.0,3582.0,nan,3584.0,202578,7261629060.0,222332,3584.0,84,3583.0,68,nan,0,nan,0,nan,0,nan,0,nan,0,nan,0,nan,0,nan,0
1597988496839559936,1597988497436000000,2020-08-21 13:41:37.436000,3584.0,3602.0,3564.0,3582.0,nan,3584.0,202584,7261844100.0,222335,3584.0,78,3583.0,68,nan,0,nan,0,nan,0,nan,0,nan,0,nan,0,nan,0,nan,0
1597988497339383040,1597988497860999936,2020-08-21 13:41:37.861000,3584.0,3602.0,3564.0,3582.0,nan,3584.0,202584,7261844100.0,222335,3584.0,79,3583.0,68,nan,0,nan,0,nan,0,nan,0,nan,0,nan,0,nan,0,nan,0
1597988498339027968,1597988498927000064,2020-08-21 13:41:38.927000,3584.0,3602.0,3564.0,3582.0,nan,3584.0,202584,7261844100.0,222335,3584.0,79,3583.0,70,nan,0,nan,0,nan,0,nan,0,nan,0,nan,0,nan,0,nan,0
1597988498831589888,1597988499424000000,2020-08-21 13:41:39.424000,3583.0,3602.0,3564.0,3582.0,nan,3584.0,202585,7261879930.0,222335,3584.0,79,3583.0,69,nan,0,nan,0,nan,0,nan,0,nan,0,nan,0,nan,0,nan,0
1597988499833102080,1597988500411000064,2020-08-21 13:41:40.411000,3583.0,3602.0,3564.0,3582.0,nan,3584.0,202590,7262059080.0,222340,3584.0,79,3583.0,60,nan,0,nan,0,nan,0,nan,0,nan,0,nan,0,nan,0,nan,0
1597988500334309888,1597988500920999936,2020-08-21 13:41:40.921000,3583.0,3602.0,3564.0,3582.0,nan,3584.0,202591,7262094910.0,222340,3584.0,94,3583.0,65,nan,0,nan,0,nan,0,nan,0,nan,0,nan,0,nan,0,nan,0
1597988500833530880,1597988501394000128,2020-08-21 13:41:41.394000,3584.0,3602.0,3564.0,3582.0,nan,3584.0,202598,7262345770.0,222345,3584.0,89,3583.0,63,nan,0,nan,0,nan,0,nan,0,nan,0,nan,0,nan,0,nan,0
1597988501336321024,1597988501934000128,2020-08-21 13:41:41.934000,3583.0,3602.0,3564.0,3582.0,nan,3584.0,202603,7262524920.0,222350,3584.0,89,3583.0,59,nan,0,nan,0,nan,0,nan,0,nan,0,nan,0,nan,0,nan,0
1597988501830744064,1597988502299000064,2020-08-21 13:41:42.299000,3583.0,3602.0,3564.0,3582.0,nan,3584.0,202603,7262524920.0,222350,3584.0,92,3583.0,59,nan,0,nan,0,nan,0,nan,0,nan,0,nan,0,nan,0,nan,0
1597988502833071104,1597988503378000128,2020-08-21 13:41:43.378000,3583.0,3602.0,3564.0,3582.0,nan,3584.0,202603,7262524920.0,222350,3584.0,92,3583.0,60,nan,0,nan,0,nan,0,nan,0,nan,0,nan,0,nan,0,nan,0
