local_nano_time,quote_nano_time,datetime,last_price,highest,lowest,open,close,average,volume,amount,open_interest,ask_price1,ask_volume1,bid_price1,bid_volume1,ask_price2,ask_volume2,bid_price2,bid_volume2,ask_price3,ask_volume3,bid_price3,bid_volume3,ask_price4,ask_volume4,bid_price4,bid_volume4,ask_price5,ask_volume5,bid_price5,bid_volume5
1597988226609070080,1597988226500000000,2020-08-21 13:37:06.500000,2726.0,2734.0,2670.0,2694.0,nan,2703.982,533507,14425934860.0,543722,2726.0,150,2724.0,552,2728.0,1134,2722.0,790,2730.0,4574,2720.0,687,2732.0,1237,2718.0,1027,2734.0,877,2716.0,1315
1597988227119676928,1597988227000000000,2020-08-21 13:37:07.000000,2726.0,2734.0,2670.0,2694.0,nan,2703.982,533507,14425934860.0,543722,2726.0,153,2724.0,552,2728.0,1134,2722.0,790,2730.0,4574,2720.0,687,2732.0,1237,2718.0,1027,2734.0,877,2716.0,1315
1597988227623824896,1597988227500000000,2020-08-21 13:37:07.500000,2726.0,2734.0,2670.0,2694.0,nan,2703.982,533507,14425934860.0,543722,2726.0,154,2724.0,552,2728.0,1135,2722.0,790,2730.0,4575,2720.0,687,2732.0,1237,2718.0,1027,2734.0,877,2716.0,1315
1597988228103708928,1597988228000000000,2020-08-21 13:37:08.000000,2726.0,2734.0,2670.0,2694.0,nan,2703.982,533507,14425934860.0,543722,2726.0,154,2724.0,554,2728.0,1135,2722.0,790,2730.0,4575,2720.0,689,2732.0,1237,2718.0,1027,2734.0,878,2716.0,1315
1597988228617259008,1597988228500000000,2020-08-21 13:37:08.500000,2726.0,2734.0,2670.0,2694.0,nan,2703.982,533507,14425934860.0,543722,2726.0,156,2724.0,557,2728.0,1135,2722.0,790,2730.0,4575,2720.0,689,2732.0,1237,2718.0,1027,2734.0,878,2716.0,1315
1597988229115323904,1597988229000000000,2020-08-21 13:37:09.000000,2726.0,2734.0,2670.0,2694.0,nan,2703.982,533507,14425934860.0,543722,2726.0,157,2724.0,566,2728.0,1135,2722.0,780,2730.0,4575,2720.0,689,2732.0,1237,2718.0,1027,2734.0,878,2716.0,1315
1597988229616120064,1597988229500000000,2020-08-21 13:37:09.500000,2726.0,2734.0,2670.0,2694.0,nan,2703.982,533507,14425934860.0,543722,2726.0,157,2724.0,566,2728.0,1145,2722.0,780,2730.0,4575,2720.0,689,2732.0,1237,2718.0,1027,2734.0,878,2716.0,1315
1597988230132956928,1597988230000000000,2020-08-21 13:37:10.000000,2724.0,2734.0,2670.0,2694.0,nan,2703.982,533508,14425962100.0,543721,2726.0,158,2724.0,567,2728.0,1145,2722.0,780,2730.0,4575,2720.0,687,2732.0,1237,2718.0,1027,2734.0,878,2716.0,1315
1597988230613608960,1597988230500000000,2020-08-21 13:37:10.500000,2724.0,2734.0,2670.0,2694.0,nan,2703.982,533508,14425962100.0,543721,2726.0,233,2724.0,564,2728.0,1145,2722.0,780,2730.0,4575,2720.0,687,2732.0,1237,2718.0,1027,2734.0,878,2716.0,1311
1597988231122670080,1597988231000000000,2020-08-21 13:37:11.000000,2726.0,2734.0,2670.0,2694.0,nan,2703.982,533509,14425989360.0,543721,2726.0,269,2724.0,559,2728.0,1145,2722.0,768,2730.0,4574,2720.0,687,2732.0,1237,2718.0,1027,2734.0,878,2716.0,1311
1597988231616942080,1597988231500000000,2020-08-21 13:37:11.500000,2726.0,2734.0,2670.0,2694.0,nan,2703.982,533509,14425989360.0,543721,2726.0,271,2724.0,559,2728.0,1145,2722.0,768,2730.0,4574,2720.0,687,2732.0,1237,2718.0,1027,2734.0,878,2716.0,1311
1597988232112075008,1597988232000000000,2020-08-21 13:37:12.000000,2726.0,2734.0,2670.0,2694.0,nan,2703.982,533509,14425989360.0,543721,2726.0,271,2724.0,559,2728.0,1145,2722.0,768,2730.0,4574,2720.0,687,2732.0,1237,2718.0,1027,2734.0,881,2716.0,1311
1597988232617789952,1597988232500000000,2020-08-21 13:37:12.500000,2726.0,2734.0,2670.0,2694.0,nan,2703.982,533509,14425989360.0,543721,2726.0,293,2724.0,559,2728.0,1145,2722.0,768,2730.0,4574,2720.0,686,2732.0,1237,2718.0,1027,2734.0,881,2716.0,1311
1597988233117074944,1597988233000000000,2020-08-21 13:37:13.000000,2726.0,2734.0,2670.0,2694.0,nan,2703.982,533509,14425989360.0,543721,2726.0,295,2724.0,558,2728.0,1145,2722.0,767,2730.0,4574,2720.0,686,2732.0,1237,2718.0,1027,2734.0,881,2716.0,1311
1597988233615351040,1597988233500000000,2020-08-21 13:37:13.500000,2726.0,2734.0,2670.0,2694.0,nan,2703.982,533510,14426016620.0,543722,2726.0,288,2724.0,553,2728.0,1145,2722.0,767,2730.0,4574,2720.0,686,2732.0,1237,2718.0,1027,2734.0,881,2716.0,1311
1597988234125838080,1597988234000000000,2020-08-21 13:37:14.000000,2724.0,2734.0,2670.0,2694.0,nan,2703.982,533511,14426043860.0,543722,2726.0,276,2724.0,552,2728.0,1150,2722.0,767,2730.0,4574,2720.0,686,2732.0,1237,2718.0,1027,2734.0,881,2716.0,1311
1597988234619904000,1597988234500000000,2020-08-21 13:37:14.500000,2726.0,2734.0,2670.0,2694.0,nan,2703.983,533522,14426343720.0,543733,2726.0,266,2724.0,552,2728.0,1150,2722.0,767,2730.0,4574,2720.0,686,2732.0,1238,2718.0,1027,2734.0,881,2716.0,1311
1597988235127281920,1597988235000000000,2020-08-21 13:37:15.000000,2726.0,2734.0,2670.0,2694.0,nan,2703.983,533522,14426343720.0,543733,2726.0,265,2724.0,552,2728.0,1160,2722.0,767,2730.0,4574,2720.0,686,2732.0,1238,2718.0,1027,2734.0,881,2716.0,1311
1597988235621069056,1597988235500000000,2020-08-21 13:37:15.500000,2726.0,2734.0,2670.0,2694.0,nan,2703.983,533522,14426343720.0,543733,2726.0,266,2724.0,552,2728.0,1160,2722.0,767,2730.0,4574,2720.0,686,2732.0,1238,2718.0,1027,2734.0,881,2716.0,1311
1597988236111025920,1597988236000000000,2020-08-21 13:37:16.000000,2726.0,2734.0,2670.0,2694.0,nan,2703.983,533522,14426343720.0,543733,2726.0,266,2724.0,552,2728.0,1162,2722.0,767,2730.0,4574,2720.0,683,2732.0,1238,2718.0,1027,2734.0,881,2716.0,1311
1597988236615742976,1597988236500000000,2020-08-21 13:37:16.500000,2726.0,2734.0,2670.0,2694.0,nan,2703.983,533522,14426343720.0,543733,2726.0,266,2724.0,549,2728.0,1162,2722.0,767,2730.0,4574,2720.0,683,2732.0,1238,2718.0,1027,2734.0,881,2716.0,1311
1597988237108336128,1597988237000000000,2020-08-21 13:37:17.000000,2726.0,2734.0,2670.0,2694.0,nan,2703.983,533523,14426370980.0,543734,2726.0,265,2724.0,549,2728.0,1162,2722.0,767,2730.0,4574,2720.0,683,2732.0,1238,2718.0,1032,2734.0,881,2716.0,1311
1597988237624105984,1597988237500000000,2020-08-21 13:37:17.500000,2726.0,2734.0,2670.0,2694.0,nan,2703.983,533523,14426370980.0,543734,2726.0,266,2724.0,551,2728.0,1162,2722.0,767,2730.0,4574,2720.0,683,2732.0,1238,2718.0,1032,2734.0,881,2716.0,1311
1597988238110935040,1597988238000000000,2020-08-21 13:37:18.000000,2726.0,2734.0,2670.0,2694.0,nan,2703.983,533523,14426370980.0,543734,2726.0,266,2724.0,551,2728.0,1162,2722.0,762,2730.0,4574,2720.0,683,2732.0,1238,2718.0,1032,2734.0,881,2716.0,1311
1597988238619688960,1597988238500000000,2020-08-21 13:37:18.500000,2726.0,2734.0,2670.0,2694.0,nan,2703.983,533523,14426370980.0,543734,2726.0,266,2724.0,551,2728.0,1160,2722.0,762,2730.0,4574,2720.0,683,2732.0,1238,2718.0,1032,2734.0,881,2716.0,1311
1597988239626967040,1597988239500000000,2020-08-21 13:37:19.500000,2726.0,2734.0,2670.0,2694.0,nan,2703.983,533525,14426425500.0,543734,2726.0,264,2724.0,552,2728.0,1160,2722.0,762,2730.0,4574,2720.0,683,2732.0,1238,2718.0,1032,2734.0,881,2716.0,1311
1597988240121495040,1597988240000000000,2020-08-21 13:37:20.000000,2726.0,2734.0,2670.0,2694.0,nan,2703.983,533525,14426425500.0,543734,2726.0,264,2724.0,552,2728.0,1160,2722.0,762,2730.0,4575,2720.0,683,2732.0,1238,2718.0,1032,2734.0,881,2716.0,1311
1597988240607522048,1597988240500000000,2020-08-21 13:37:20.500000,2726.0,2734.0,2670.0,2694.0,nan,2703.983,533525,14426425500.0,543734,2726.0,265,2724.0,552,2728.0,1160,2722.0,762,2730.0,4575,2720.0,683,2732.0,1238,2718.0,1032,2734.0,881,2716.0,1311
1597988241124008960,1597988241000000000,2020-08-21 13:37:21.000000,2726.0,2734.0,2670.0,2694.0,nan,2703.983,533528,14426507280.0,543734,2726.0,263,2724.0,552,2728.0,1160,2722.0,762,2730.0,4555,2720.0,683,2732.0,1238,2718.0,1032,2734.0,881,2716.0,1311
1597988242616625920,1597988242500000000,2020-08-21 13:37:22.500000,2724.0,2734.0,2670.0,2694.0,nan,2703.984,533549,14427079320.0,543745,2726.0,287,2724.0,531,2728.0,1160,2722.0,762,2730.0,4555,2720.0,683,2732.0,1238,2718.0,1032,2734.0,881,2716.0,1311
1597988243114781952,1597988243000000000,2020-08-21 13:37:23.000000,2724.0,2734.0,2670.0,2694.0,nan,2703.984,533557,14427297240.0,543745,2726.0,290,2724.0,519,2728.0,1160,2722.0,762,2730.0,4555,2720.0,683,2732.0,1238,2718.0,1032,2734.0,881,2716.0,1311
1597988243627184896,1597988243500000000,2020-08-21 13:37:23.500000,2724.0,2734.0,2670.0,2694.0,nan,2703.984,533559,14427351720.0,543745,2726.0,402,2724.0,517,2728.0,1160,2722.0,762,2730.0,4555,2720.0,683,2732.0,1238,2718.0,1032,2734.0,881,2716.0,1311
1597988244107557888,1597988244000000000,2020-08-21 13:37:24.000000,2724.0,2734.0,2670.0,2694.0,nan,2703.984,533559,14427351720.0,543745,2726.0,412,2724.0,517,2728.0,1160,2722.0,762,2730.0,4555,2720.0,683,2732.0,1238,2718.0,1032,2734.0,881,2716.0,1311
1597988244624434944,1597988244500000000,2020-08-21 13:37:24.500000,2724.0,2734.0,2670.0,2694.0,nan,2703.984,533559,14427351720.0,543745,2726.0,428,2724.0,517,2728.0,1160,2722.0,762,2730.0,4555,2720.0,688,2732.0,1238,2718.0,1032,2734.0,881,2716.0,1311
1597988246139641088,1597988246000000000,2020-08-21 13:37:26.000000,2724.0,2734.0,2670.0,2694.0,nan,2703.985,533565,14427515220.0,543746,2726.0,425,2724.0,514,2728.0,1160,2722.0,762,2730.0,4555,2720.0,688,2732.0,1238,2718.0,1032,2734.0,881,2716.0,1311
1597988246641160960,1597988246500000000,2020-08-21 13:37:26.500000,2724.0,2734.0,2670.0,2694.0,nan,2703.985,533565,14427515220.0,543746,2726.0,425,2724.0,518,2728.0,1160,2722.0,761,2730.0,4555,2720.0,688,2732.0,1238,2718.0,1032,2734.0,881,2716.0,1311
1597988247122213120,1597988247000000000,2020-08-21 13:37:27.000000,2724.0,2734.0,2670.0,2694.0,nan,2703.985,533565,14427515220.0,543746,2726.0,426,2724.0,518,2728.0,1160,2722.0,761,2730.0,4555,2720.0,688,2732.0,1238,2718.0,1032,2734.0,881,2716.0,1311
1597988248133733888,1597988248000000000,2020-08-21 13:37:28.000000,2724.0,2734.0,2670.0,2694.0,nan,2703.985,533565,14427515220.0,543746,2726.0,426,2724.0,518,2728.0,1149,2722.0,762,2730.0,4555,2720.0,688,2732.0,1238,2718.0,1032,2734.0,881,2716.0,1311
1597988248630021888,1597988248500000000,2020-08-21 13:37:28.500000,2726.0,2734.0,2670.0,2694.0,nan,2703.985,533569,14427624200.0,543745,2726.0,425,2724.0,515,2728.0,1149,2722.0,762,2730.0,4555,2720.0,688,2732.0,1238,2718.0,1032,2734.0,881,2716.0,1311
1597988249110283008,1597988249000000000,2020-08-21 13:37:29.000000,2724.0,2734.0,2670.0,2694.0,nan,2703.985,533570,14427651440.0,543744,2726.0,425,2724.0,514,2728.0,1150,2722.0,762,2730.0,4565,2720.0,688,2732.0,1238,2718.0,1032,2734.0,881,2716.0,1311
1597988249608423936,1597988249500000000,2020-08-21 13:37:29.500000,2724.0,2734.0,2670.0,2694.0,nan,2703.985,533573,14427733160.0,543742,2726.0,425,2724.0,510,2728.0,1151,2722.0,762,2730.0,4565,2720.0,688,2732.0,1238,2718.0,1032,2734.0,881,2716.0,1311
1597988250128011008,1597988250000000000,2020-08-21 13:37:30.000000,2724.0,2734.0,2670.0,2694.0,nan,2703.985,533573,14427733160.0,543742,2726.0,425,2724.0,510,2728.0,1151,2722.0,762,2730.0,4565,2720.0,708,2732.0,1238,2718.0,1032,2734.0,881,2716.0,1311
1597988250622420992,1597988250500000000,2020-08-21 13:37:30.500000,2724.0,2734.0,2670.0,2694.0,nan,2703.985,533573,14427733160.0,543742,2726.0,431,2724.0,510,2728.0,1151,2722.0,762,2730.0,4565,2720.0,708,2732.0,1238,2718.0,1032,2734.0,881,2716.0,1311
1597988251121368064,1597988251000000000,2020-08-21 13:37:31.000000,2724.0,2734.0,2670.0,2694.0,nan,2703.985,533575,14427787640.0,543741,2726.0,431,2724.0,508,2728.0,1151,2722.0,762,2730.0,4565,2720.0,708,2732.0,1238,2718.0,1032,2734.0,881,2716.0,1311
1597988251611101952,1597988251500000000,2020-08-21 13:37:31.500000,2724.0,2734.0,2670.0,2694.0,nan,2703.985,533577,14427842120.0,543741,2726.0,434,2724.0,506,2728.0,1150,2722.0,760,2730.0,4565,2720.0,708,2732.0,1238,2718.0,1032,2734.0,881,2716.0,1311
1597988252630140928,1597988252500000000,2020-08-21 13:37:32.500000,2726.0,2734.0,2670.0,2694.0,nan,2703.985,533578,14427869380.0,543741,2726.0,433,2724.0,506,2728.0,1150,2722.0,760,2730.0,4565,2720.0,708,2732.0,1238,2718.0,1032,2734.0,881,2716.0,1311
1597988253108652032,1597988253000000000,2020-08-21 13:37:33.000000,2726.0,2734.0,2670.0,2694.0,nan,2703.985,533578,14427869380.0,543741,2726.0,433,2724.0,506,2728.0,1149,2722.0,760,2730.0,4565,2720.0,708,2732.0,1238,2718.0,1032,2734.0,881,2716.0,1311
1597988253608755968,1597988253500000000,2020-08-21 13:37:33.500000,2726.0,2734.0,2670.0,2694.0,nan,2703.985,533578,14427869380.0,543741,2726.0,435,2724.0,506,2728.0,1149,2722.0,760,2730.0,4565,2720.0,708,2732.0,1238,2718.0,1032,2734.0,881,2716.0,1311
1597988254113811968,1597988254000000000,2020-08-21 13:37:34.000000,2726.0,2734.0,2670.0,2694.0,nan,2703.985,533578,14427869380.0,543741,2726.0,436,2724.0,509,2728.0,1149,2722.0,760,2730.0,4565,2720.0,708,2732.0,1238,2718.0,1032,2734.0,881,2716.0,1311
1597988254617824000,1597988254500000000,2020-08-21 13:37:34.500000,2724.0,2734.0,2670.0,2694.0,nan,2703.985,533588,14428141780.0,543739,2726.0,436,2724.0,499,2728.0,1149,2722.0,760,2730.0,4565,2720.0,702,2732.0,1238,2718.0,1032,2734.0,881,2716.0,1311
1597988255101171968,1597988255000000000,2020-08-21 13:37:35.000000,2724.0,2734.0,2670.0,2694.0,nan,2703.986,533591,14428223500.0,543739,2726.0,444,2724.0,498,2728.0,1149,2722.0,760,2730.0,4565,2720.0,702,2732.0,1238,2718.0,1033,2734.0,881,2716.0,1311
1597988255613739008,1597988255500000000,2020-08-21 13:37:35.500000,2724.0,2734.0,2670.0,2694.0,nan,2703.986,533593,14428277980.0,543737,2726.0,444,2724.0,496,2728.0,1149,2722.0,760,2730.0,4565,2720.0,702,2732.0,1238,2718.0,1033,2734.0,881,2716.0,1311
1597988256107516928,1597988256000000000,2020-08-21 13:37:36.000000,2724.0,2734.0,2670.0,2694.0,nan,2703.993,533793,14433725980.0,543624,2726.0,454,2724.0,296,2728.0,1149,2722.0,760,2730.0,4565,2720.0,702,2732.0,1238,2718.0,1032,2734.0,881,2716.0,1311
1597988256633995008,1597988256500000000,2020-08-21 13:37:36.500000,2724.0,2734.0,2670.0,2694.0,nan,2704.004,534090,14441816200.0,543808,2724.0,404,2722.0,757,2726.0,482,2720.0,702,2728.0,1149,2718.0,1032,2730.0,4565,2716.0,1311,2732.0,1238,2714.0,635
1597988257114458112,1597988257000000000,2020-08-21 13:37:37.000000,2724.0,2734.0,2670.0,2694.0,nan,2704.004,534092,14441870680.0,543808,2724.0,460,2722.0,771,2726.0,424,2720.0,702,2728.0,1151,2718.0,1031,2730.0,4566,2716.0,1312,2732.0,1237,2714.0,635
1597988257610554112,1597988257500000000,2020-08-21 13:37:37.500000,2724.0,2734.0,2670.0,2694.0,nan,2704.004,534092,14441870680.0,543808,2724.0,486,2722.0,774,2726.0,424,2720.0,702,2728.0,1151,2718.0,1031,2730.0,4566,2716.0,1312,2732.0,1237,2714.0,583
1597988258108118016,1597988258000000000,2020-08-21 13:37:38.000000,2724.0,2734.0,2670.0,2694.0,nan,2704.004,534092,14441870680.0,543808,2724.0,487,2722.0,775,2726.0,424,2720.0,712,2728.0,1151,2718.0,1031,2730.0,4626,2716.0,1312,2732.0,1237,2714.0,583
1597988258603667968,1597988258500000000,2020-08-21 13:37:38.500000,2722.0,2734.0,2670.0,2694.0,nan,2704.004,534093,14441897900.0,543807,2724.0,487,2722.0,774,2726.0,424,2720.0,712,2728.0,1152,2718.0,1031,2730.0,4626,2716.0,1312,2732.0,1237,2714.0,583
1597988259120929024,1597988259000000000,2020-08-21 13:37:39.000000,2722.0,2734.0,2670.0,2694.0,nan,2704.004,534093,14441897900.0,543807,2724.0,507,2722.0,770,2726.0,424,2720.0,712,2728.0,1152,2718.0,1031,2730.0,4626,2716.0,1312,2732.0,1237,2714.0,583
1597988259617155072,1597988259500000000,2020-08-21 13:37:39.500000,2724.0,2734.0,2670.0,2694.0,nan,2704.004,534094,14441925140.0,543808,2724.0,520,2722.0,770,2726.0,424,2720.0,712,2728.0,1152,2718.0,1031,2730.0,4626,2716.0,1312,2732.0,1237,2714.0,582
1597988260118183936,1597988260000000000,2020-08-21 13:37:40.000000,2724.0,2734.0,2670.0,2694.0,nan,2704.004,534094,14441925140.0,543808,2724.0,520,2722.0,770,2726.0,424,2720.0,712,2728.0,1146,2718.0,1031,2730.0,4626,2716.0,1312,2732.0,1237,2714.0,582
1597988260603275008,1597988260500000000,2020-08-21 13:37:40.500000,2724.0,2734.0,2670.0,2694.0,nan,2704.004,534094,14441925140.0,543808,2724.0,520,2722.0,770,2726.0,425,2720.0,712,2728.0,1146,2718.0,1031,2730.0,4626,2716.0,1312,2732.0,1237,2714.0,582
1597988261144624896,1597988261000000000,2020-08-21 13:37:41.000000,2724.0,2734.0,2670.0,2694.0,nan,2704.004,534094,14441925140.0,543808,2724.0,520,2722.0,764,2726.0,435,2720.0,713,2728.0,1151,2718.0,1031,2730.0,4626,2716.0,1312,2732.0,1237,2714.0,582
1597988261602269952,1597988261500000000,2020-08-21 13:37:41.500000,2724.0,2734.0,2670.0,2694.0,nan,2704.004,534094,14441925140.0,543808,2724.0,520,2722.0,764,2726.0,434,2720.0,713,2728.0,1150,2718.0,1031,2730.0,4626,2716.0,1312,2732.0,1237,2714.0,582
1597988262110398976,1597988262000000000,2020-08-21 13:37:42.000000,2722.0,2734.0,2670.0,2694.0,nan,2704.004,534096,14441979580.0,543808,2724.0,520,2722.0,762,2726.0,434,2720.0,713,2728.0,1152,2718.0,1031,2730.0,4626,2716.0,1312,2732.0,1237,2714.0,582
1597988262624886016,1597988262500000000,2020-08-21 13:37:42.500000,2722.0,2734.0,2670.0,2694.0,nan,2704.03,534862,14462830100.0,543693,2722.0,76,2720.0,713,2724.0,543,2718.0,1031,2726.0,434,2716.0,1312,2728.0,1152,2714.0,582,2730.0,4626,2712.0,874
1597988263103706112,1597988263000000000,2020-08-21 13:37:43.000000,2722.0,2734.0,2670.0,2694.0,nan,2704.03,534869,14463020540.0,543691,2722.0,247,2720.0,732,2724.0,470,2718.0,1031,2726.0,438,2716.0,1301,2728.0,1150,2714.0,584,2730.0,4626,2712.0,882
1597988263621229056,1597988263500000000,2020-08-21 13:37:43.500000,2722.0,2734.0,2670.0,2694.0,nan,2704.031,534872,14463102200.0,543688,2722.0,259,2720.0,728,2724.0,471,2718.0,1031,2726.0,438,2716.0,1301,2728.0,1150,2714.0,584,2730.0,4626,2712.0,882
1597988264117967872,1597988264000000000,2020-08-21 13:37:44.000000,2722.0,2734.0,2670.0,2694.0,nan,2704.031,534872,14463102200.0,543688,2722.0,255,2720.0,709,2724.0,476,2718.0,1031,2726.0,446,2716.0,1301,2728.0,1150,2714.0,584,2730.0,4626,2712.0,882
1597988264606022912,1597988264500000000,2020-08-21 13:37:44.500000,2722.0,2734.0,2670.0,2694.0,nan,2704.031,534872,14463102200.0,543688,2722.0,255,2720.0,710,2724.0,476,2718.0,1031,2726.0,446,2716.0,1301,2728.0,1151,2714.0,584,2730.0,4626,2712.0,882
1597988265116796928,1597988265000000000,2020-08-21 13:37:45.000000,2722.0,2734.0,2670.0,2694.0,nan,2704.031,534872,14463102200.0,543688,2722.0,255,2720.0,708,2724.0,476,2718.0,1031,2726.0,465,2716.0,1301,2728.0,1151,2714.0,584,2730.0,4626,2712.0,882
1597988265608754944,1597988265500000000,2020-08-21 13:37:45.500000,2722.0,2734.0,2670.0,2694.0,nan,2704.031,534873,14463129420.0,543688,2722.0,254,2720.0,709,2724.0,476,2718.0,1031,2726.0,466,2716.0,1301,2728.0,1151,2714.0,584,2730.0,4626,2712.0,882
1597988266140764928,1597988266000000000,2020-08-21 13:37:46.000000,2722.0,2734.0,2670.0,2694.0,nan,2704.031,534874,14463156640.0,543688,2722.0,253,2720.0,709,2724.0,476,2718.0,1031,2726.0,467,2716.0,1311,2728.0,1151,2714.0,584,2730.0,4626,2712.0,882
1597988266608890112,1597988266500000000,2020-08-21 13:37:46.500000,2722.0,2734.0,2670.0,2694.0,nan,2704.034,534977,14465960300.0,543734,2722.0,132,2720.0,710,2724.0,476,2718.0,1031,2726.0,467,2716.0,1311,2728.0,1151,2714.0,584,2730.0,4626,2712.0,882
1597988267134310912,1597988267000000000,2020-08-21 13:37:47.000000,2720.0,2734.0,2670.0,2694.0,nan,2704.051,535541,14481301780.0,543576,2722.0,159,2720.0,175,2724.0,476,2718.0,1031,2726.0,472,2716.0,1311,2728.0,1151,2714.0,584,2730.0,4626,2712.0,879
1597988267617817088,1597988267500000000,2020-08-21 13:37:47.500000,2722.0,2734.0,2670.0,2694.0,nan,2704.053,535595,14482770620.0,543616,2722.0,459,2720.0,288,2724.0,434,2718.0,1031,2726.0,472,2716.0,1311,2728.0,1151,2714.0,584,2730.0,4627,2712.0,879
1597988268130158080,1597988268000000000,2020-08-21 13:37:48.000000,2722.0,2734.0,2670.0,2694.0,nan,2704.053,535596,14482797840.0,543615,2722.0,483,2720.0,292,2724.0,435,2718.0,1031,2726.0,472,2716.0,1311,2728.0,1151,2714.0,584,2730.0,4627,2712.0,879
1597988268612403968,1597988268500000000,2020-08-21 13:37:48.500000,2722.0,2734.0,2670.0,2694.0,nan,2704.053,535596,14482797840.0,543615,2722.0,473,2720.0,307,2724.0,435,2718.0,1031,2726.0,472,2716.0,1311,2728.0,1156,2714.0,584,2730.0,4627,2712.0,879
1597988269106515968,1597988269000000000,2020-08-21 13:37:49.000000,2720.0,2734.0,2670.0,2694.0,nan,2704.053,535597,14482825040.0,543615,2722.0,511,2720.0,309,2724.0,435,2718.0,1031,2726.0,472,2716.0,1311,2728.0,1156,2714.0,584,2730.0,4627,2712.0,879
1597988269620710912,1597988269500000000,2020-08-21 13:37:49.500000,2720.0,2734.0,2670.0,2694.0,nan,2704.053,535597,14482825040.0,543615,2722.0,511,2720.0,309,2724.0,435,2718.0,1031,2726.0,471,2716.0,1311,2728.0,1156,2714.0,584,2730.0,4627,2712.0,879
1597988270117402112,1597988270000000000,2020-08-21 13:37:50.000000,2720.0,2734.0,2670.0,2694.0,nan,2704.053,535598,14482852240.0,543615,2722.0,512,2720.0,308,2724.0,437,2718.0,1031,2726.0,471,2716.0,1311,2728.0,1156,2714.0,584,2730.0,4627,2712.0,879
1597988270607106048,1597988270500000000,2020-08-21 13:37:50.500000,2720.0,2734.0,2670.0,2694.0,nan,2704.053,535599,14482879440.0,543615,2722.0,512,2720.0,370,2724.0,437,2718.0,1031,2726.0,472,2716.0,1311,2728.0,1156,2714.0,584,2730.0,4627,2712.0,879
1597988271121117952,1597988271000000000,2020-08-21 13:37:51.000000,2720.0,2734.0,2670.0,2694.0,nan,2704.053,535599,14482879440.0,543615,2722.0,497,2720.0,391,2724.0,437,2718.0,1031,2726.0,472,2716.0,1311,2728.0,1156,2714.0,584,2730.0,4627,2712.0,879
1597988272116515072,1597988272000000000,2020-08-21 13:37:52.000000,2722.0,2734.0,2670.0,2694.0,nan,2704.053,535600,14482906660.0,543615,2722.0,496,2720.0,392,2724.0,437,2718.0,1025,2726.0,472,2716.0,1311,2728.0,1157,2714.0,584,2730.0,4627,2712.0,879
1597988272616990976,1597988272500000000,2020-08-21 13:37:52.500000,2722.0,2734.0,2670.0,2694.0,nan,2704.053,535601,14482933880.0,543615,2722.0,495,2720.0,403,2724.0,437,2718.0,1025,2726.0,476,2716.0,1311,2728.0,1157,2714.0,584,2730.0,4627,2712.0,879
1597988273102996992,1597988273000000000,2020-08-21 13:37:53.000000,2722.0,2734.0,2670.0,2694.0,nan,2704.053,535601,14482933880.0,543615,2722.0,480,2720.0,405,2724.0,437,2718.0,1026,2726.0,476,2716.0,1311,2728.0,1157,2714.0,584,2730.0,4627,2712.0,879
1597988273603410944,1597988273500000000,2020-08-21 13:37:53.500000,2722.0,2734.0,2670.0,2694.0,nan,2704.053,535611,14483206080.0,543622,2722.0,470,2720.0,405,2724.0,438,2718.0,1026,2726.0,476,2716.0,1311,2728.0,1157,2714.0,584,2730.0,4627,2712.0,879
1597988274118551040,1597988274000000000,2020-08-21 13:37:54.000000,2722.0,2734.0,2670.0,2694.0,nan,2704.053,535612,14483233300.0,543622,2722.0,470,2720.0,387,2724.0,438,2718.0,1026,2726.0,477,2716.0,1311,2728.0,1157,2714.0,584,2730.0,4627,2712.0,879
1597988274641297920,1597988274500000000,2020-08-21 13:37:54.500000,2720.0,2734.0,2670.0,2694.0,nan,2704.059,535812,14488673300.0,543751,2722.0,471,2720.0,188,2724.0,438,2718.0,1026,2726.0,474,2716.0,1312,2728.0,1157,2714.0,584,2730.0,4627,2712.0,879
1597988275126868992,1597988275000000000,2020-08-21 13:37:55.000000,2720.0,2734.0,2670.0,2694.0,nan,2704.06,535825,14489026900.0,543746,2722.0,554,2720.0,124,2724.0,483,2718.0,1026,2726.0,509,2716.0,1312,2728.0,1158,2714.0,584,2730.0,4627,2712.0,879
1597988275630784000,1597988275500000000,2020-08-21 13:37:55.500000,2720.0,2734.0,2670.0,2694.0,nan,2704.06,535848,14489652600.0,543751,2722.0,551,2720.0,108,2724.0,484,2718.0,1026,2726.0,509,2716.0,1312,2728.0,1158,2714.0,584,2730.0,4627,2712.0,879
1597988276121956096,1597988276000000000,2020-08-21 13:37:56.000000,2720.0,2734.0,2670.0,2694.0,nan,2704.061,535873,14490332600.0,543751,2722.0,551,2720.0,82,2724.0,484,2718.0,1026,2726.0,501,2716.0,1312,2728.0,1158,2714.0,584,2730.0,4627,2712.0,879
1597988276635262976,1597988276500000000,2020-08-21 13:37:56.500000,2720.0,2734.0,2670.0,2694.0,nan,2704.061,535873,14490332600.0,543751,2722.0,551,2720.0,83,2724.0,484,2718.0,1026,2726.0,501,2716.0,1312,2728.0,1158,2714.0,584,2730.0,4627,2712.0,879
1597988277103920896,1597988277000000000,2020-08-21 13:37:57.000000,2720.0,2734.0,2670.0,2694.0,nan,2704.061,535878,14490468600.0,543752,2722.0,551,2720.0,86,2724.0,484,2718.0,1027,2726.0,503,2716.0,1312,2728.0,1158,2714.0,584,2730.0,4627,2712.0,879
1597988277624174080,1597988277500000000,2020-08-21 13:37:57.500000,2720.0,2734.0,2670.0,2694.0,nan,2704.062,535902,14491121400.0,543772,2722.0,552,2720.0,63,2724.0,484,2718.0,1027,2726.0,485,2716.0,1312,2728.0,1164,2714.0,584,2730.0,4627,2712.0,879
1597988278131813120,1597988278000000000,2020-08-21 13:37:58.000000,2720.0,2734.0,2670.0,2694.0,nan,2704.062,535902,14491121400.0,543772,2722.0,552,2720.0,64,2724.0,486,2718.0,1039,2726.0,485,2716.0,1312,2728.0,1164,2714.0,584,2730.0,4627,2712.0,879
1597988278629696000,1597988278500000000,2020-08-21 13:37:58.500000,2720.0,2734.0,2670.0,2694.0,nan,2704.062,535902,14491121400.0,543772,2722.0,594,2720.0,64,2724.0,486,2718.0,1039,2726.0,485,2716.0,1312,2728.0,1164,2714.0,579,2730.0,4627,2712.0,879
1597988279135062016,1597988279000000000,2020-08-21 13:37:59.000000,2722.0,2734.0,2670.0,2694.0,nan,2704.062,535917,14491529700.0,543773,2722.0,579,2720.0,64,2724.0,486,2718.0,1039,2726.0,485,2716.0,1312,2728.0,1164,2714.0,579,2730.0,4627,2712.0,879
1597988279639461120,1597988279500000000,2020-08-21 13:37:59.500000,2722.0,2734.0,2670.0,2694.0,nan,2704.062,535917,14491529700.0,543773,2722.0,580,2720.0,76,2724.0,486,2718.0,1039,2726.0,485,2716.0,1313,2728.0,1164,2714.0,579,2730.0,4627,2712.0,879
1597988280129497088,1597988280000000000,2020-08-21 13:38:00.000000,2720.0,2734.0,2670.0,2694.0,nan,2704.063,535927,14491801700.0,543783,2722.0,580,2720.0,77,2724.0,486,2718.0,1028,2726.0,485,2716.0,1313,2728.0,1164,2714.0,579,2730.0,4627,2712.0,879
1597988280611641088,1597988280500000000,2020-08-21 13:38:00.500000,2720.0,2734.0,2670.0,2694.0,nan,2704.063,535933,14491964900.0,543783,2722.0,580,2720.0,72,2724.0,486,2718.0,1028,2726.0,485,2716.0,1313,2728.0,1164,2714.0,579,2730.0,4627,2712.0,879
1597988281124558080,1597988281000000000,2020-08-21 13:38:01.000000,2720.0,2734.0,2670.0,2694.0,nan,2704.063,535934,14491992100.0,543782,2722.0,613,2720.0,72,2724.0,487,2718.0,1027,2726.0,486,2716.0,1313,2728.0,1168,2714.0,579,2730.0,4627,2712.0,879
1597988281615141120,1597988281500000000,2020-08-21 13:38:01.500000,2722.0,2734.0,2670.0,2694.0,nan,2704.063,535935,14492019320.0,543782,2722.0,612,2720.0,71,2724.0,487,2718.0,1026,2726.0,486,2716.0,1313,2728.0,1168,2714.0,579,2730.0,4627,2712.0,879
1597988282127865088,1597988282000000000,2020-08-21 13:38:02.000000,2722.0,2734.0,2670.0,2694.0,nan,2704.063,535936,14492046540.0,543782,2722.0,612,2720.0,93,2724.0,487,2718.0,1026,2726.0,486,2716.0,1313,2728.0,1169,2714.0,579,2730.0,4627,2712.0,879
1597988282630355968,1597988282500000000,2020-08-21 13:38:02.500000,2722.0,2734.0,2670.0,2694.0,nan,2704.063,535936,14492046540.0,543782,2722.0,614,2720.0,106,2724.0,487,2718.0,1026,2726.0,486,2716.0,1313,2728.0,1169,2714.0,579,2730.0,4627,2712.0,879
1597988283114693120,1597988283000000000,2020-08-21 13:38:03.000000,2722.0,2734.0,2670.0,2694.0,nan,2704.063,535936,14492046540.0,543782,2722.0,614,2720.0,110,2724.0,487,2718.0,1027,2726.0,486,2716.0,1313,2728.0,1169,2714.0,579,2730.0,4627,2712.0,879
1597988283621238016,1597988283500000000,2020-08-21 13:38:03.500000,2720.0,2734.0,2670.0,2694.0,nan,2704.066,536042,14494929740.0,543745,2720.0,114,2718.0,1028,2722.0,626,2716.0,1313,2724.0,487,2714.0,579,2726.0,486,2712.0,879,2728.0,1169,2710.0,878
1597988284141444096,1597988284000000000,2020-08-21 13:38:04.000000,2720.0,2734.0,2670.0,2694.0,nan,2704.066,536049,14495120140.0,543739,2720.0,241,2718.0,1039,2722.0,539,2716.0,1313,2724.0,487,2714.0,578,2726.0,486,2712.0,881,2728.0,1170,2710.0,886
1597988284616954880,1597988284500000000,2020-08-21 13:38:04.500000,2720.0,2734.0,2670.0,2694.0,nan,2704.066,536052,14495201740.0,543738,2720.0,294,2718.0,1044,2722.0,544,2716.0,1313,2724.0,492,2714.0,578,2726.0,486,2712.0,829,2728.0,1170,2710.0,886
1597988285118932992,1597988285000000000,2020-08-21 13:38:05.000000,2720.0,2734.0,2670.0,2694.0,nan,2704.066,536053,14495228940.0,543738,2720.0,293,2718.0,1045,2722.0,544,2716.0,1307,2724.0,493,2714.0,584,2726.0,486,2712.0,829,2728.0,1170,2710.0,886
1597988285627505920,1597988285500000000,2020-08-21 13:38:05.500000,2720.0,2734.0,2670.0,2694.0,nan,2704.066,536053,14495228940.0,543738,2720.0,336,2718.0,1045,2722.0,544,2716.0,1305,2724.0,493,2714.0,584,2726.0,486,2712.0,829,2728.0,1170,2710.0,886
1597988286119056896,1597988286000000000,2020-08-21 13:38:06.000000,2720.0,2734.0,2670.0,2694.0,nan,2704.066,536054,14495256140.0,543738,2720.0,336,2718.0,1041,2722.0,544,2716.0,1305,2724.0,493,2714.0,584,2726.0,486,2712.0,829,2728.0,1170,2710.0,888
1597988286619919104,1597988286500000000,2020-08-21 13:38:06.500000,2718.0,2734.0,2670.0,2694.0,nan,2704.066,536056,14495310500.0,543736,2720.0,338,2718.0,1040,2722.0,544,2716.0,1305,2724.0,493,2714.0,584,2726.0,487,2712.0,829,2728.0,1170,2710.0,888
1597988287127240960,1597988287000000000,2020-08-21 13:38:07.000000,2720.0,2734.0,2670.0,2694.0,nan,2704.067,536075,14495827260.0,543718,2720.0,322,2718.0,1039,2722.0,544,2716.0,1305,2724.0,493,2714.0,584,2726.0,487,2712.0,829,2728.0,1170,2710.0,888
1597988287619567104,1597988287500000000,2020-08-21 13:38:07.500000,2720.0,2734.0,2670.0,2694.0,nan,2704.067,536082,14496017640.0,543712,2720.0,316,2718.0,1038,2722.0,544,2716.0,1305,2724.0,493,2714.0,584,2726.0,487,2712.0,829,2728.0,1170,2710.0,888
1597988288118157056,1597988288000000000,2020-08-21 13:38:08.000000,2718.0,2734.0,2670.0,2694.0,nan,2704.067,536084,14496072020.0,543712,2720.0,316,2718.0,1038,2722.0,544,2716.0,1305,2724.0,493,2714.0,584,2726.0,487,2712.0,829,2728.0,1169,2710.0,888
1597988288611631104,1597988288500000000,2020-08-21 13:38:08.500000,2720.0,2734.0,2670.0,2694.0,nan,2704.067,536090,14496235220.0,543715,2720.0,310,2718.0,1036,2722.0,543,2716.0,1305,2724.0,493,2714.0,584,2726.0,487,2712.0,829,2728.0,1168,2710.0,888
1597988289105391104,1597988289000000000,2020-08-21 13:38:09.000000,2720.0,2734.0,2670.0,2694.0,nan,2704.067,536090,14496235220.0,543715,2720.0,310,2718.0,1037,2722.0,543,2716.0,1305,2724.0,493,2714.0,584,2726.0,487,2712.0,829,2728.0,1168,2710.0,888
1597988289632961024,1597988289500000000,2020-08-21 13:38:09.500000,2718.0,2734.0,2670.0,2694.0,nan,2704.068,536110,14496778820.0,543695,2720.0,311,2718.0,1018,2722.0,543,2716.0,1315,2724.0,494,2714.0,584,2726.0,487,2712.0,829,2728.0,1168,2710.0,888
1597988290117135104,1597988290000000000,2020-08-21 13:38:10.000000,2720.0,2734.0,2670.0,2694.0,nan,2704.068,536121,14497077860.0,543696,2720.0,308,2718.0,1010,2722.0,543,2716.0,1315,2724.0,494,2714.0,595,2726.0,487,2712.0,829,2728.0,1168,2710.0,888
1597988290603684096,1597988290500000000,2020-08-21 13:38:10.500000,2718.0,2734.0,2670.0,2694.0,nan,2704.069,536147,14497784540.0,543671,2720.0,308,2718.0,984,2722.0,544,2716.0,1315,2724.0,487,2714.0,595,2726.0,507,2712.0,829,2728.0,1148,2710.0,888
1597988291112763904,1597988291000000000,2020-08-21 13:38:11.000000,2718.0,2734.0,2670.0,2694.0,nan,2704.069,536148,14497811720.0,543670,2720.0,418,2718.0,983,2722.0,544,2716.0,1365,2724.0,487,2714.0,595,2726.0,507,2712.0,829,2728.0,1148,2710.0,888
1597988291622060032,1597988291500000000,2020-08-21 13:38:11.500000,2720.0,2734.0,2670.0,2694.0,nan,2704.069,536150,14497866120.0,543672,2720.0,429,2718.0,994,2722.0,544,2716.0,1365,2724.0,487,2714.0,595,2726.0,507,2712.0,829,2728.0,1148,2710.0,888
1597988292128484096,1597988292000000000,2020-08-21 13:38:12.000000,2718.0,2734.0,2670.0,2694.0,nan,2704.069,536151,14497893300.0,543671,2720.0,430,2718.0,993,2722.0,544,2716.0,1365,2724.0,487,2714.0,595,2726.0,507,2712.0,829,2728.0,1147,2710.0,888
1597988292612940032,1597988292500000000,2020-08-21 13:38:12.500000,2718.0,2734.0,2670.0,2694.0,nan,2704.069,536152,14497920480.0,543670,2720.0,429,2718.0,994,2722.0,544,2716.0,1365,2724.0,487,2714.0,595,2726.0,511,2712.0,829,2728.0,1146,2710.0,888
1597988293112399104,1597988293000000000,2020-08-21 13:38:13.000000,2718.0,2734.0,2670.0,2694.0,nan,2704.069,536153,14497947660.0,543670,2720.0,423,2718.0,993,2722.0,544,2716.0,1365,2724.0,487,2714.0,595,2726.0,510,2712.0,829,2728.0,1146,2710.0,892
1597988293610610944,1597988293500000000,2020-08-21 13:38:13.500000,2718.0,2734.0,2670.0,2694.0,nan,2704.069,536154,14497974840.0,543669,2720.0,424,2718.0,992,2722.0,544,2716.0,1365,2724.0,487,2714.0,595,2726.0,510,2712.0,829,2728.0,1146,2710.0,892
1597988294125289984,1597988294000000000,2020-08-21 13:38:14.000000,2718.0,2734.0,2670.0,2694.0,nan,2704.07,536170,14498409980.0,543675,2720.0,441,2718.0,990,2722.0,544,2716.0,1365,2724.0,487,2714.0,595,2726.0,510,2712.0,829,2728.0,1146,2710.0,892
1597988294618434048,1597988294500000000,2020-08-21 13:38:14.500000,2718.0,2734.0,2670.0,2694.0,nan,2704.07,536170,14498409980.0,543675,2720.0,441,2718.0,991,2722.0,544,2716.0,1365,2724.0,487,2714.0,595,2726.0,510,2712.0,829,2728.0,1146,2710.0,892
1597988295135045120,1597988295000000000,2020-08-21 13:38:15.000000,2718.0,2734.0,2670.0,2694.0,nan,2704.07,536175,14498545880.0,543675,2720.0,443,2718.0,961,2722.0,544,2716.0,1365,2724.0,487,2714.0,595,2726.0,511,2712.0,829,2728.0,1146,2710.0,892
1597988295621497088,1597988295500000000,2020-08-21 13:38:15.500000,2718.0,2734.0,2670.0,2694.0,nan,2704.07,536177,14498600240.0,543673,2720.0,443,2718.0,981,2722.0,544,2716.0,1365,2724.0,487,2714.0,595,2726.0,511,2712.0,829,2728.0,1146,2710.0,892
1597988296125327872,1597988296000000000,2020-08-21 13:38:16.000000,2720.0,2734.0,2670.0,2694.0,nan,2704.07,536180,14498681840.0,543672,2720.0,441,2718.0,1007,2722.0,544,2716.0,1315,2724.0,487,2714.0,645,2726.0,511,2712.0,829,2728.0,1146,2710.0,891
1597988296632333056,1597988296500000000,2020-08-21 13:38:16.500000,2720.0,2734.0,2670.0,2694.0,nan,2704.07,536180,14498681840.0,543672,2720.0,441,2718.0,1008,2722.0,544,2716.0,1315,2724.0,487,2714.0,645,2726.0,511,2712.0,829,2728.0,1146,2710.0,891
1597988297134898944,1597988297000000000,2020-08-21 13:38:17.000000,2718.0,2734.0,2670.0,2694.0,nan,2704.07,536181,14498709020.0,543671,2720.0,441,2718.0,1006,2722.0,544,2716.0,1315,2724.0,487,2714.0,645,2726.0,512,2712.0,829,2728.0,1146,2710.0,891
1597988297613881088,1597988297500000000,2020-08-21 13:38:17.500000,2718.0,2734.0,2670.0,2694.0,nan,2704.07,536193,14499035220.0,543663,2720.0,441,2718.0,997,2722.0,544,2716.0,1315,2724.0,487,2714.0,645,2726.0,512,2712.0,829,2728.0,1146,2710.0,891
1597988298116420096,1597988298000000000,2020-08-21 13:38:18.000000,2718.0,2734.0,2670.0,2694.0,nan,2704.07,536200,14499225480.0,543657,2720.0,440,2718.0,991,2722.0,544,2716.0,1316,2724.0,487,2714.0,645,2726.0,512,2712.0,829,2728.0,1146,2710.0,891
1597988298613271040,1597988298500000000,2020-08-21 13:38:18.500000,2718.0,2734.0,2670.0,2694.0,nan,2704.071,536205,14499361380.0,543652,2720.0,440,2718.0,986,2722.0,544,2716.0,1316,2724.0,487,2714.0,645,2726.0,512,2712.0,829,2728.0,1146,2710.0,891
1597988299116732928,1597988299000000000,2020-08-21 13:38:19.000000,2720.0,2734.0,2670.0,2694.0,nan,2704.071,536208,14499442980.0,543655,2720.0,449,2718.0,986,2722.0,544,2716.0,1316,2724.0,488,2714.0,645,2726.0,512,2712.0,829,2728.0,1146,2710.0,891
1597988299628644096,1597988299500000000,2020-08-21 13:38:19.500000,2720.0,2734.0,2670.0,2694.0,nan,2704.071,536209,14499470180.0,543655,2720.0,448,2718.0,987,2722.0,545,2716.0,1318,2724.0,488,2714.0,645,2726.0,512,2712.0,835,2728.0,1146,2710.0,891
1597988300136841984,1597988300000000000,2020-08-21 13:38:20.000000,2720.0,2734.0,2670.0,2694.0,nan,2704.071,536209,14499470180.0,543655,2720.0,448,2718.0,987,2722.0,545,2716.0,1318,2724.0,488,2714.0,646,2726.0,512,2712.0,835,2728.0,1146,2710.0,891
1597988300619109120,1597988300500000000,2020-08-21 13:38:20.500000,2718.0,2734.0,2670.0,2694.0,nan,2704.071,536221,14499796340.0,543655,2720.0,448,2718.0,975,2722.0,545,2716.0,1318,2724.0,488,2714.0,646,2726.0,512,2712.0,835,2728.0,1146,2710.0,891
1597988301502012928,1597988301000000000,2020-08-21 13:38:21.000000,2720.0,2734.0,2670.0,2694.0,nan,2704.072,536244,14500421540.0,543635,2720.0,447,2718.0,955,2722.0,545,2716.0,1318,2724.0,488,2714.0,646,2726.0,512,2712.0,836,2728.0,1146,2710.0,886
1597988301841382912,1597988301500000000,2020-08-21 13:38:21.500000,2720.0,2734.0,2670.0,2694.0,nan,2704.072,536244,14500421540.0,543635,2720.0,464,2718.0,956,2722.0,545,2716.0,1318,2724.0,488,2714.0,646,2726.0,512,2712.0,836,2728.0,1146,2710.0,886
1597988302135803904,1597988302000000000,2020-08-21 13:38:22.000000,2720.0,2734.0,2670.0,2694.0,nan,2704.072,536245,14500448740.0,543636,2720.0,463,2718.0,957,2722.0,545,2716.0,1319,2724.0,488,2714.0,646,2726.0,512,2712.0,839,2728.0,1145,2710.0,886
1597988302610018048,1597988302500000000,2020-08-21 13:38:22.500000,2718.0,2734.0,2670.0,2694.0,nan,2704.072,536249,14500557460.0,543636,2720.0,463,2718.0,956,2722.0,545,2716.0,1319,2724.0,488,2714.0,646,2726.0,512,2712.0,839,2728.0,1145,2710.0,886
1597988303109300992,1597988303000000000,2020-08-21 13:38:23.000000,2720.0,2734.0,2670.0,2694.0,nan,2704.072,536258,14500802100.0,543628,2720.0,462,2718.0,948,2722.0,545,2716.0,1319,2724.0,488,2714.0,646,2726.0,512,2712.0,839,2728.0,1145,2710.0,886
1597988303797824000,1597988303500000000,2020-08-21 13:38:23.500000,2720.0,2734.0,2670.0,2694.0,nan,2704.072,536258,14500802100.0,543628,2720.0,495,2718.0,949,2722.0,545,2716.0,1319,2724.0,488,2714.0,646,2726.0,512,2712.0,839,2728.0,1145,2710.0,886
1597988304122059008,1597988304000000000,2020-08-21 13:38:24.000000,2720.0,2734.0,2670.0,2694.0,nan,2704.072,536258,14500802100.0,543628,2720.0,496,2718.0,950,2722.0,546,2716.0,1319,2724.0,489,2714.0,646,2726.0,512,2712.0,839,2728.0,1145,2710.0,886
1597988304625271040,1597988304500000000,2020-08-21 13:38:24.500000,2720.0,2734.0,2670.0,2694.0,nan,2704.072,536258,14500802100.0,543628,2720.0,496,2718.0,950,2722.0,546,2716.0,1319,2724.0,489,2714.0,646,2726.0,509,2712.0,839,2728.0,1145,2710.0,886
1597988305107993088,1597988305000000000,2020-08-21 13:38:25.000000,2720.0,2734.0,2670.0,2694.0,nan,2704.072,536258,14500802100.0,543628,2720.0,496,2718.0,952,2722.0,546,2716.0,1319,2724.0,489,2714.0,646,2726.0,509,2712.0,839,2728.0,1147,2710.0,886
1597988305625872896,1597988305500000000,2020-08-21 13:38:25.500000,2720.0,2734.0,2670.0,2694.0,nan,2704.078,536459,14506269300.0,543496,2720.0,295,2718.0,956,2722.0,546,2716.0,1319,2724.0,489,2714.0,646,2726.0,509,2712.0,839,2728.0,1147,2710.0,886
1597988306119283968,1597988306000000000,2020-08-21 13:38:26.000000,2720.0,2734.0,2670.0,2694.0,nan,2704.087,536762,14514510900.0,543544,2722.0,546,2720.0,122,2724.0,499,2718.0,999,2726.0,509,2716.0,1319,2728.0,1147,2714.0,647,2730.0,4677,2712.0,839
1597988306622021120,1597988306500000000,2020-08-21 13:38:26.500000,2720.0,2734.0,2670.0,2694.0,nan,2704.087,536764,14514565300.0,543544,2722.0,571,2720.0,191,2724.0,511,2718.0,1007,2726.0,510,2716.0,1320,2728.0,1147,2714.0,647,2730.0,4677,2712.0,839
1597988307108675072,1597988307000000000,2020-08-21 13:38:27.000000,2720.0,2734.0,2670.0,2694.0,nan,2704.087,536765,14514592500.0,543544,2722.0,568,2720.0,188,2724.0,511,2718.0,1004,2726.0,510,2716.0,1320,2728.0,1147,2714.0,647,2730.0,4677,2712.0,839
1597988307616250112,1597988307500000000,2020-08-21 13:38:27.500000,2720.0,2734.0,2670.0,2694.0,nan,2704.087,536774,14514837300.0,543544,2722.0,568,2720.0,172,2724.0,511,2718.0,1005,2726.0,510,2716.0,1310,2728.0,1146,2714.0,647,2730.0,4677,2712.0,839
1597988308122544896,1597988308000000000,2020-08-21 13:38:28.000000,2720.0,2734.0,2670.0,2694.0,nan,2704.087,536778,14514946100.0,543541,2722.0,568,2720.0,197,2724.0,511,2718.0,1018,2726.0,510,2716.0,1321,2728.0,1146,2714.0,647,2730.0,4677,2712.0,839
1597988308613360128,1597988308500000000,2020-08-21 13:38:28.500000,2720.0,2734.0,2670.0,2694.0,nan,2704.087,536781,14515027700.0,543541,2722.0,566,2720.0,205,2724.0,511,2718.0,1028,2726.0,510,2716.0,1321,2728.0,1146,2714.0,647,2730.0,4677,2712.0,839
1597988309109394944,1597988309000000000,2020-08-21 13:38:29.000000,2720.0,2734.0,2670.0,2694.0,nan,2704.087,536782,14515054900.0,543540,2722.0,586,2720.0,206,2724.0,511,2718.0,1028,2726.0,510,2716.0,1321,2728.0,1146,2714.0,647,2730.0,4657,2712.0,838
1597988309805371904,1597988309500000000,2020-08-21 13:38:29.500000,2720.0,2734.0,2670.0,2694.0,nan,2704.088,536801,14515571700.0,543522,2722.0,586,2720.0,192,2724.0,501,2718.0,1029,2726.0,510,2716.0,1322,2728.0,1146,2714.0,647,2730.0,4657,2712.0,838
1597988310156676096,1597988310000000000,2020-08-21 13:38:30.000000,2722.0,2734.0,2670.0,2694.0,nan,2704.088,536802,14515598920.0,543521,2722.0,585,2720.0,193,2724.0,502,2718.0,1029,2726.0,510,2716.0,1322,2728.0,1146,2714.0,647,2730.0,4657,2712.0,838
1597988310600536064,1597988310500000000,2020-08-21 13:38:30.500000,2720.0,2734.0,2670.0,2694.0,nan,2704.089,536826,14516251720.0,543518,2722.0,585,2720.0,171,2724.0,507,2718.0,1030,2726.0,510,2716.0,1322,2728.0,1145,2714.0,647,2730.0,4657,2712.0,838
1597988311120024064,1597988311000000000,2020-08-21 13:38:31.000000,2720.0,2734.0,2670.0,2694.0,nan,2704.089,536828,14516306140.0,543520,2722.0,585,2720.0,175,2724.0,507,2718.0,1032,2726.0,510,2716.0,1322,2728.0,1145,2714.0,647,2730.0,4657,2712.0,838
1597988311613560064,1597988311500000000,2020-08-21 13:38:31.500000,2720.0,2734.0,2670.0,2694.0,nan,2704.089,536838,14516578140.0,543520,2722.0,586,2720.0,165,2724.0,507,2718.0,1030,2726.0,510,2716.0,1321,2728.0,1145,2714.0,647,2730.0,4657,2712.0,838
1597988312116591104,1597988312000000000,2020-08-21 13:38:32.000000,2720.0,2734.0,2670.0,2694.0,nan,2704.089,536839,14516605340.0,543521,2722.0,617,2720.0,165,2724.0,521,2718.0,1030,2726.0,510,2716.0,1321,2728.0,1145,2714.0,657,2730.0,4662,2712.0,838
1597988312630152960,1597988312500000000,2020-08-21 13:38:32.500000,2720.0,2734.0,2670.0,2694.0,nan,2704.089,536839,14516605340.0,543521,2722.0,618,2720.0,165,2724.0,522,2718.0,1030,2726.0,510,2716.0,1321,2728.0,1145,2714.0,657,2730.0,4662,2712.0,838
1597988313113923072,1597988313000000000,2020-08-21 13:38:33.000000,2720.0,2734.0,2670.0,2694.0,nan,2704.089,536840,14516632540.0,543522,2722.0,619,2720.0,127,2724.0,522,2718.0,1027,2726.0,510,2716.0,1316,2728.0,1147,2714.0,657,2730.0,4662,2712.0,833
1597988313614565120,1597988313500000000,2020-08-21 13:38:33.500000,2720.0,2734.0,2670.0,2694.0,nan,2704.089,536842,14516686940.0,543522,2722.0,619,2720.0,114,2724.0,522,2718.0,1028,2726.0,510,2716.0,1317,2728.0,1147,2714.0,662,2730.0,4662,2712.0,833
1597988314126451968,1597988314000000000,2020-08-21 13:38:34.000000,2720.0,2734.0,2670.0,2694.0,nan,2704.09,536852,14516958940.0,543522,2722.0,619,2720.0,105,2724.0,522,2718.0,1028,2726.0,510,2716.0,1317,2728.0,1147,2714.0,663,2730.0,4662,2712.0,833
1597988314612768000,1597988314500000000,2020-08-21 13:38:34.500000,2720.0,2734.0,2670.0,2694.0,nan,2704.09,536853,14516986140.0,543522,2722.0,621,2720.0,133,2724.0,522,2718.0,1028,2726.0,510,2716.0,1317,2728.0,1147,2714.0,663,2730.0,4662,2712.0,833
1597988315110363904,1597988315000000000,2020-08-21 13:38:35.000000,2720.0,2734.0,2670.0,2694.0,nan,2704.09,536853,14516986140.0,543522,2722.0,622,2720.0,135,2724.0,522,2718.0,1030,2726.0,510,2716.0,1317,2728.0,1147,2714.0,663,2730.0,4662,2712.0,833
1597988315678629120,1597988315500000000,2020-08-21 13:38:35.500000,2720.0,2734.0,2670.0,2694.0,nan,2704.09,536855,14517040540.0,543524,2722.0,622,2720.0,133,2724.0,523,2718.0,1030,2726.0,510,2716.0,1317,2728.0,1146,2714.0,663,2730.0,4664,2712.0,833
1597988316112841984,1597988316000000000,2020-08-21 13:38:36.000000,2720.0,2734.0,2670.0,2694.0,nan,2704.09,536856,14517067740.0,543525,2722.0,622,2720.0,132,2724.0,522,2718.0,1031,2726.0,510,2716.0,1317,2728.0,1145,2714.0,663,2730.0,4664,2712.0,833
1597988316629486080,1597988316500000000,2020-08-21 13:38:36.500000,2720.0,2734.0,2670.0,2694.0,nan,2704.09,536857,14517094940.0,543525,2722.0,622,2720.0,137,2724.0,524,2718.0,1031,2726.0,510,2716.0,1317,2728.0,1145,2714.0,663,2730.0,4664,2712.0,833
1597988317124922880,1597988317000000000,2020-08-21 13:38:37.000000,2720.0,2734.0,2670.0,2694.0,nan,2704.09,536863,14517258140.0,543525,2722.0,622,2720.0,131,2724.0,524,2718.0,1031,2726.0,510,2716.0,1315,2728.0,1147,2714.0,663,2730.0,4664,2712.0,833
1597988317612833024,1597988317500000000,2020-08-21 13:38:37.500000,2720.0,2734.0,2670.0,2694.0,nan,2704.09,536883,14517802140.0,543525,2722.0,622,2720.0,111,2724.0,524,2718.0,1042,2726.0,510,2716.0,1315,2728.0,1147,2714.0,663,2730.0,4662,2712.0,833
1597988318160919040,1597988318000000000,2020-08-21 13:38:38.000000,2720.0,2734.0,2670.0,2694.0,nan,2704.09,536883,14517802140.0,543525,2722.0,622,2720.0,132,2724.0,524,2718.0,1041,2726.0,510,2716.0,1315,2728.0,1148,2714.0,663,2730.0,4662,2712.0,833
1597988318603461888,1597988318500000000,2020-08-21 13:38:38.500000,2720.0,2734.0,2670.0,2694.0,nan,2704.091,536884,14517829340.0,543526,2722.0,622,2720.0,187,2724.0,524,2718.0,1041,2726.0,510,2716.0,1315,2728.0,1148,2714.0,663,2730.0,4662,2712.0,833
1597988319110153984,1597988319000000000,2020-08-21 13:38:39.000000,2720.0,2734.0,2670.0,2694.0,nan,2704.091,536895,14518128540.0,543524,2722.0,622,2720.0,196,2724.0,524,2718.0,1041,2726.0,510,2716.0,1315,2728.0,1148,2714.0,663,2730.0,4662,2712.0,833
1597988319625318912,1597988319500000000,2020-08-21 13:38:39.500000,2722.0,2734.0,2670.0,2694.0,nan,2704.091,536906,14518427760.0,543515,2722.0,621,2720.0,200,2724.0,524,2718.0,1043,2726.0,510,2716.0,1315,2728.0,1148,2714.0,663,2730.0,4662,2712.0,834
1597988320124099072,1597988320000000000,2020-08-21 13:38:40.000000,2720.0,2734.0,2670.0,2694.0,nan,2704.091,536909,14518509360.0,543515,2722.0,620,2720.0,199,2724.0,524,2718.0,1043,2726.0,510,2716.0,1315,2728.0,1148,2714.0,663,2730.0,4662,2712.0,834
1597988320614084096,1597988320500000000,2020-08-21 13:38:40.500000,2720.0,2734.0,2670.0,2694.0,nan,2704.091,536909,14518509360.0,543515,2722.0,622,2720.0,172,2724.0,524,2718.0,1048,2726.0,510,2716.0,1315,2728.0,1148,2714.0,663,2730.0,4662,2712.0,834
1597988321121504000,1597988321000000000,2020-08-21 13:38:41.000000,2720.0,2734.0,2670.0,2694.0,nan,2704.091,536909,14518509360.0,543515,2722.0,622,2720.0,183,2724.0,524,2718.0,1049,2726.0,510,2716.0,1315,2728.0,1148,2714.0,663,2730.0,4662,2712.0,834
1597988321622394112,1597988321500000000,2020-08-21 13:38:41.500000,2720.0,2734.0,2670.0,2694.0,nan,2704.091,536909,14518509360.0,543515,2722.0,622,2720.0,190,2724.0,524,2718.0,1064,2726.0,510,2716.0,1315,2728.0,1148,2714.0,663,2730.0,4663,2712.0,835
1597988322115490048,1597988322000000000,2020-08-21 13:38:42.000000,2720.0,2734.0,2670.0,2694.0,nan,2704.091,536909,14518509360.0,543515,2722.0,622,2720.0,202,2724.0,524,2718.0,1064,2726.0,510,2716.0,1315,2728.0,1148,2714.0,663,2730.0,4663,2712.0,835
1597988322632460032,1597988322500000000,2020-08-21 13:38:42.500000,2720.0,2734.0,2670.0,2694.0,nan,2704.091,536909,14518509360.0,543515,2722.0,622,2720.0,208,2724.0,524,2718.0,1064,2726.0,511,2716.0,1315,2728.0,1148,2714.0,644,2730.0,4663,2712.0,835
1597988323127710976,1597988323000000000,2020-08-21 13:38:43.000000,2720.0,2734.0,2670.0,2694.0,nan,2704.091,536909,14518509360.0,543515,2722.0,622,2720.0,208,2724.0,525,2718.0,1064,2726.0,511,2716.0,1315,2728.0,1148,2714.0,644,2730.0,4663,2712.0,835
1597988323613158912,1597988323500000000,2020-08-21 13:38:43.500000,2720.0,2734.0,2670.0,2694.0,nan,2704.091,536910,14518536560.0,543516,2722.0,622,2720.0,207,2724.0,525,2718.0,1064,2726.0,511,2716.0,1315,2728.0,1149,2714.0,644,2730.0,4663,2712.0,835
1597988324105249024,1597988324000000000,2020-08-21 13:38:44.000000,2720.0,2734.0,2670.0,2694.0,nan,2704.091,536910,14518536560.0,543516,2722.0,642,2720.0,195,2724.0,525,2718.0,1064,2726.0,511,2716.0,1315,2728.0,1149,2714.0,644,2730.0,4663,2712.0,835
1597988324621046016,1597988324500000000,2020-08-21 13:38:44.500000,2720.0,2734.0,2670.0,2694.0,nan,2704.091,536912,14518590960.0,543518,2722.0,644,2720.0,179,2724.0,525,2718.0,1064,2726.0,511,2716.0,1316,2728.0,1149,2714.0,644,2730.0,4663,2712.0,835
1597988325131219968,1597988325000000000,2020-08-21 13:38:45.000000,2720.0,2734.0,2670.0,2694.0,nan,2704.096,537080,14523160560.0,543573,2720.0,64,2718.0,1065,2722.0,646,2716.0,1316,2724.0,525,2714.0,644,2726.0,511,2712.0,835,2728.0,1149,2710.0,893
1597988325631866112,1597988325500000000,2020-08-21 13:38:45.500000,2720.0,2734.0,2670.0,2694.0,nan,2704.096,537080,14523160560.0,543573,2720.0,150,2718.0,1053,2722.0,640,2716.0,1316,2724.0,525,2714.0,644,2726.0,511,2712.0,835,2728.0,1149,2710.0,891
1597988326131900928,1597988326000000000,2020-08-21 13:38:46.000000,2720.0,2734.0,2670.0,2694.0,nan,2704.096,537080,14523160560.0,543573,2720.0,164,2718.0,1051,2722.0,640,2716.0,1316,2724.0,525,2714.0,644,2726.0,521,2712.0,835,2728.0,1149,2710.0,891
1597988326649463040,1597988326500000000,2020-08-21 13:38:46.500000,2720.0,2734.0,2670.0,2694.0,nan,2704.097,537086,14523323760.0,543574,2720.0,158,2718.0,1051,2722.0,640,2716.0,1316,2724.0,525,2714.0,644,2726.0,521,2712.0,835,2728.0,1149,2710.0,891
1597988327119388928,1597988327000000000,2020-08-21 13:38:47.000000,2720.0,2734.0,2670.0,2694.0,nan,2704.097,537095,14523568500.0,543569,2720.0,155,2718.0,1049,2722.0,640,2716.0,1316,2724.0,525,2714.0,645,2726.0,521,2712.0,835,2728.0,1149,2710.0,891
1597988327627023872,1597988327500000000,2020-08-21 13:38:47.500000,2720.0,2734.0,2670.0,2694.0,nan,2704.097,537098,14523650100.0,543566,2720.0,152,2718.0,1051,2722.0,640,2716.0,1326,2724.0,525,2714.0,645,2726.0,521,2712.0,835,2728.0,1149,2710.0,891
1597988328128764928,1597988328000000000,2020-08-21 13:38:48.000000,2720.0,2734.0,2670.0,2694.0,nan,2704.097,537098,14523650100.0,543566,2720.0,152,2718.0,1051,2722.0,640,2716.0,1327,2724.0,525,2714.0,645,2726.0,522,2712.0,835,2728.0,1149,2710.0,891
1597988328631757056,1597988328500000000,2020-08-21 13:38:48.500000,2720.0,2734.0,2670.0,2694.0,nan,2704.097,537100,14523704500.0,543566,2720.0,150,2718.0,1052,2722.0,640,2716.0,1332,2724.0,525,2714.0,653,2726.0,522,2712.0,835,2728.0,1149,2710.0,891
1597988329623342080,1597988329500000000,2020-08-21 13:38:49.500000,2720.0,2734.0,2670.0,2694.0,nan,2704.097,537110,14523976500.0,543566,2720.0,140,2718.0,1052,2722.0,640,2716.0,1335,2724.0,525,2714.0,653,2726.0,522,2712.0,835,2728.0,1149,2710.0,888
1597988330144238080,1597988330000000000,2020-08-21 13:38:50.000000,2720.0,2734.0,2670.0,2694.0,nan,2704.097,537110,14523976500.0,543566,2720.0,121,2718.0,1051,2722.0,640,2716.0,1335,2724.0,525,2714.0,653,2726.0,522,2712.0,835,2728.0,1149,2710.0,888
1597988330644836096,1597988330500000000,2020-08-21 13:38:50.500000,2720.0,2734.0,2670.0,2694.0,nan,2704.097,537110,14523976500.0,543566,2720.0,121,2718.0,1052,2722.0,640,2716.0,1335,2724.0,525,2714.0,650,2726.0,524,2712.0,835,2728.0,1149,2710.0,888
1597988331128241920,1597988331000000000,2020-08-21 13:38:51.000000,2720.0,2734.0,2670.0,2694.0,nan,2704.098,537120,14524248500.0,543566,2720.0,153,2718.0,1052,2722.0,640,2716.0,1335,2724.0,526,2714.0,650,2726.0,524,2712.0,835,2728.0,1149,2710.0,888
1597988331614833920,1597988331500000000,2020-08-21 13:38:51.500000,2718.0,2734.0,2670.0,2694.0,nan,2704.098,537125,14524384480.0,543569,2720.0,157,2718.0,1052,2722.0,640,2716.0,1335,2724.0,526,2714.0,650,2726.0,524,2712.0,835,2728.0,1149,2710.0,888
1597988332168570880,1597988332000000000,2020-08-21 13:38:52.000000,2718.0,2734.0,2670.0,2694.0,nan,2704.098,537126,14524411660.0,543569,2720.0,157,2718.0,1049,2722.0,640,2716.0,1337,2724.0,526,2714.0,650,2726.0,524,2712.0,835,2728.0,1149,2710.0,888
1597988332684409088,1597988332500000000,2020-08-21 13:38:52.500000,2720.0,2734.0,2670.0,2694.0,nan,2704.098,537129,14524493260.0,543569,2720.0,154,2718.0,1051,2722.0,640,2716.0,1335,2724.0,526,2714.0,650,2726.0,524,2712.0,834,2728.0,1149,2710.0,888
1597988333138398976,1597988333000000000,2020-08-21 13:38:53.000000,2718.0,2734.0,2670.0,2694.0,nan,2704.098,537142,14524846600.0,543556,2720.0,154,2718.0,1038,2722.0,640,2716.0,1335,2724.0,526,2714.0,650,2726.0,524,2712.0,834,2728.0,1149,2710.0,888
1597988333666554880,1597988333500000000,2020-08-21 13:38:53.500000,2718.0,2734.0,2670.0,2694.0,nan,2704.098,537142,14524846600.0,543556,2720.0,170,2718.0,1039,2722.0,636,2716.0,1336,2724.0,526,2714.0,650,2726.0,524,2712.0,834,2728.0,1149,2710.0,888
1597988334143260928,1597988334000000000,2020-08-21 13:38:54.000000,2718.0,2734.0,2670.0,2694.0,nan,2704.098,537143,14524873780.0,543555,2720.0,203,2718.0,1038,2722.0,636,2716.0,1336,2724.0,527,2714.0,650,2726.0,524,2712.0,834,2728.0,1149,2710.0,888
1597988334638237952,1597988334500000000,2020-08-21 13:38:54.500000,2718.0,2734.0,2670.0,2694.0,nan,2704.098,537143,14524873780.0,543555,2720.0,314,2718.0,1043,2722.0,636,2716.0,1336,2724.0,527,2714.0,653,2726.0,525,2712.0,834,2728.0,1149,2710.0,888
1597988335121411072,1597988335000000000,2020-08-21 13:38:55.000000,2720.0,2734.0,2670.0,2694.0,nan,2704.098,537144,14524900980.0,543555,2720.0,329,2718.0,1043,2722.0,636,2716.0,1336,2724.0,527,2714.0,653,2726.0,525,2712.0,834,2728.0,1149,2710.0,888
1597988336142566912,1597988336000000000,2020-08-21 13:38:56.000000,2720.0,2734.0,2670.0,2694.0,nan,2704.099,537167,14525526580.0,543561,2720.0,306,2718.0,1043,2722.0,639,2716.0,1336,2724.0,527,2714.0,653,2726.0,525,2712.0,834,2728.0,1148,2710.0,888
1597988336611215872,1597988336500000000,2020-08-21 13:38:56.500000,2720.0,2734.0,2670.0,2694.0,nan,2704.099,537167,14525526580.0,543561,2720.0,297,2718.0,1049,2722.0,639,2716.0,1336,2724.0,527,2714.0,653,2726.0,525,2712.0,834,2728.0,1148,2710.0,888
1597988337134383104,1597988337000000000,2020-08-21 13:38:57.000000,2718.0,2734.0,2670.0,2694.0,nan,2704.099,537170,14525608140.0,543561,2720.0,300,2718.0,1047,2722.0,639,2716.0,1336,2724.0,527,2714.0,653,2726.0,525,2712.0,834,2728.0,1148,2710.0,890
1597988337637974016,1597988337500000000,2020-08-21 13:38:57.500000,2720.0,2734.0,2670.0,2694.0,nan,2704.099,537187,14526070540.0,543557,2720.0,283,2718.0,1047,2722.0,639,2716.0,1336,2724.0,527,2714.0,653,2726.0,525,2712.0,834,2728.0,1149,2710.0,890
1597988338134803968,1597988338000000000,2020-08-21 13:38:58.000000,2720.0,2734.0,2670.0,2694.0,nan,2704.099,537187,14526070540.0,543557,2720.0,284,2718.0,1047,2722.0,639,2716.0,1336,2724.0,527,2714.0,653,2726.0,525,2712.0,834,2728.0,1149,2710.0,890
1597988338628025088,1597988338500000000,2020-08-21 13:38:58.500000,2720.0,2734.0,2670.0,2694.0,nan,2704.099,537187,14526070540.0,543557,2720.0,272,2718.0,1049,2722.0,639,2716.0,1336,2724.0,527,2714.0,653,2726.0,525,2712.0,834,2728.0,1149,2710.0,890
1597988339207273984,1597988339000000000,2020-08-21 13:38:59.000000,2720.0,2734.0,2670.0,2694.0,nan,2704.099,537189,14526124920.0,543558,2720.0,271,2718.0,1048,2722.0,639,2716.0,1336,2724.0,527,2714.0,653,2726.0,525,2712.0,834,2728.0,1149,2710.0,890
1597988339633477888,1597988339500000000,2020-08-21 13:38:59.500000,2718.0,2734.0,2670.0,2694.0,nan,2704.1,537209,14526668520.0,543538,2720.0,271,2718.0,1028,2722.0,639,2716.0,1336,2724.0,527,2714.0,653,2726.0,525,2712.0,834,2728.0,1149,2710.0,890
1597988340110277888,1597988340000000000,2020-08-21 13:39:00.000000,2718.0,2734.0,2670.0,2694.0,nan,2704.1,537210,14526695700.0,543538,2720.0,271,2718.0,1027,2722.0,639,2716.0,1336,2724.0,527,2714.0,654,2726.0,525,2712.0,834,2728.0,1151,2710.0,890
1597988340629243904,1597988340500000000,2020-08-21 13:39:00.500000,2718.0,2734.0,2670.0,2694.0,nan,2704.1,537223,14527049240.0,543540,2720.0,264,2718.0,1024,2722.0,639,2716.0,1336,2724.0,527,2714.0,654,2726.0,525,2712.0,834,2728.0,1151,2710.0,890
1597988341115734016,1597988341000000000,2020-08-21 13:39:01.000000,2720.0,2734.0,2670.0,2694.0,nan,2704.102,537275,14528463620.0,543561,2720.0,213,2718.0,1023,2722.0,639,2716.0,1336,2724.0,527,2714.0,654,2726.0,525,2712.0,834,2728.0,1151,2710.0,890
1597988341650800128,1597988341500000000,2020-08-21 13:39:01.500000,2718.0,2734.0,2670.0,2694.0,nan,2704.102,537277,14528517980.0,543561,2720.0,224,2718.0,1022,2722.0,638,2716.0,1336,2724.0,528,2714.0,654,2726.0,525,2712.0,834,2728.0,1151,2710.0,890
1597988342135171072,1597988342000000000,2020-08-21 13:39:02.000000,2720.0,2734.0,2670.0,2694.0,nan,2704.102,537278,14528545180.0,543560,2720.0,245,2718.0,1024,2722.0,637,2716.0,1336,2724.0,528,2714.0,654,2726.0,525,2712.0,834,2728.0,1148,2710.0,890
1597988342707983872,1597988342500000000,2020-08-21 13:39:02.500000,2718.0,2734.0,2670.0,2694.0,nan,2704.103,537303,14529224780.0,543549,2720.0,243,2718.0,1007,2722.0,637,2716.0,1336,2724.0,528,2714.0,654,2726.0,525,2712.0,834,2728.0,1148,2710.0,890
1597988343116265984,1597988343000000000,2020-08-21 13:39:03.000000,2720.0,2734.0,2670.0,2694.0,nan,2704.103,537306,14529306340.0,543549,2720.0,251,2718.0,1006,2722.0,637,2716.0,1336,2724.0,528,2714.0,646,2726.0,576,2712.0,834,2728.0,1148,2710.0,890
1597988343633189888,1597988343500000000,2020-08-21 13:39:03.500000,2720.0,2734.0,2670.0,2694.0,nan,2704.103,537306,14529306340.0,543549,2720.0,251,2718.0,1012,2722.0,637,2716.0,1336,2724.0,528,2714.0,646,2726.0,577,2712.0,834,2728.0,1148,2710.0,898
1597988344133206016,1597988344000000000,2020-08-21 13:39:04.000000,2720.0,2734.0,2670.0,2694.0,nan,2704.11,537557,14536133540.0,543641,2722.0,637,2720.0,75,2724.0,528,2718.0,1014,2726.0,577,2716.0,1336,2728.0,1148,2714.0,646,2730.0,4663,2712.0,834
1597988344615325952,1597988344500000000,2020-08-21 13:39:04.500000,2720.0,2734.0,2670.0,2694.0,nan,2704.113,537643,14538472740.0,543630,2722.0,654,2720.0,78,2724.0,528,2718.0,1024,2726.0,577,2716.0,1336,2728.0,1148,2714.0,647,2730.0,4664,2712.0,833
1597988345132838912,1597988345000000000,2020-08-21 13:39:05.000000,2720.0,2734.0,2670.0,2694.0,nan,2704.113,537646,14538554340.0,543629,2722.0,679,2720.0,62,2724.0,546,2718.0,1024,2726.0,577,2716.0,1336,2728.0,1148,2714.0,647,2730.0,4672,2712.0,833
1597988345635752960,1597988345500000000,2020-08-21 13:39:05.500000,2720.0,2734.0,2670.0,2694.0,nan,2704.113,537662,14538989540.0,543629,2722.0,680,2720.0,66,2724.0,547,2718.0,1024,2726.0,577,2716.0,1336,2728.0,1148,2714.0,647,2730.0,4672,2712.0,833
1597988346146416896,1597988346000000000,2020-08-21 13:39:06.000000,2720.0,2734.0,2670.0,2694.0,nan,2704.113,537663,14539016740.0,543629,2722.0,680,2720.0,65,2724.0,547,2718.0,1024,2726.0,577,2716.0,1336,2728.0,1148,2714.0,647,2730.0,4672,2712.0,833
1597988346643097088,1597988346500000000,2020-08-21 13:39:06.500000,2720.0,2734.0,2670.0,2694.0,nan,2704.115,537728,14540784740.0,543603,2722.0,680,2720.0,1,2724.0,547,2718.0,1020,2726.0,577,2716.0,1336,2728.0,1148,2714.0,647,2730.0,4672,2712.0,833
1597988347355239936,1597988347000000000,2020-08-21 13:39:07.000000,2720.0,2734.0,2670.0,2694.0,nan,2704.115,537732,14540893540.0,543600,2720.0,138,2718.0,1020,2722.0,686,2716.0,1336,2724.0,532,2714.0,647,2726.0,577,2712.0,832,2728.0,1148,2710.0,897
1597988347641420032,1597988347500000000,2020-08-21 13:39:07.500000,2720.0,2734.0,2670.0,2694.0,nan,2704.115,537734,14540947940.0,543599,2720.0,63,2718.0,1012,2722.0,677,2716.0,1336,2724.0,532,2714.0,646,2726.0,577,2712.0,833,2728.0,1138,2710.0,897
1597988348117090048,1597988348000000000,2020-08-21 13:39:08.000000,2720.0,2734.0,2670.0,2694.0,nan,2704.115,537734,14540947940.0,543599,2720.0,92,2718.0,969,2722.0,677,2716.0,1336,2724.0,532,2714.0,646,2726.0,577,2712.0,833,2728.0,1138,2710.0,897
1597988348627880960,1597988348500000000,2020-08-21 13:39:08.500000,2720.0,2734.0,2670.0,2694.0,nan,2704.115,537735,14540975140.0,543599,2720.0,122,2718.0,969,2722.0,675,2716.0,1336,2724.0,532,2714.0,646,2726.0,578,2712.0,833,2728.0,1139,2710.0,897
1597988349116808960,1597988349000000000,2020-08-21 13:39:09.000000,2720.0,2734.0,2670.0,2694.0,nan,2704.116,537746,14541274340.0,543599,2720.0,151,2718.0,969,2722.0,675,2716.0,1336,2724.0,533,2714.0,646,2726.0,578,2712.0,836,2728.0,1139,2710.0,897
1597988349605907968,1597988349500000000,2020-08-21 13:39:09.500000,2720.0,2734.0,2670.0,2694.0,nan,2704.116,537749,14541355940.0,543599,2720.0,161,2718.0,969,2722.0,675,2716.0,1336,2724.0,533,2714.0,646,2726.0,578,2712.0,836,2728.0,1132,2710.0,897
1597988350110281984,1597988350000000000,2020-08-21 13:39:10.000000,2720.0,2734.0,2670.0,2694.0,nan,2704.116,537749,14541355940.0,543599,2720.0,161,2718.0,969,2722.0,676,2716.0,1336,2724.0,533,2714.0,646,2726.0,578,2712.0,836,2728.0,1132,2710.0,898
1597988350653291008,1597988350500000000,2020-08-21 13:39:10.500000,2718.0,2734.0,2670.0,2694.0,nan,2704.116,537769,14541899540.0,543588,2720.0,165,2718.0,950,2722.0,676,2716.0,1336,2724.0,533,2714.0,646,2726.0,578,2712.0,836,2728.0,1132,2710.0,898
1597988351114544128,1597988351000000000,2020-08-21 13:39:11.000000,2720.0,2734.0,2670.0,2694.0,nan,2704.116,537771,14541953940.0,543587,2720.0,276,2718.0,950,2722.0,677,2716.0,1336,2724.0,533,2714.0,646,2726.0,578,2712.0,836,2728.0,1132,2710.0,898
1597988351749387008,1597988351500000000,2020-08-21 13:39:11.500000,2720.0,2734.0,2670.0,2694.0,nan,2704.116,537773,14542008340.0,543585,2720.0,299,2718.0,948,2722.0,679,2716.0,1336,2724.0,533,2714.0,646,2726.0,578,2712.0,836,2728.0,1132,2710.0,898
1597988352121541888,1597988352000000000,2020-08-21 13:39:12.000000,2718.0,2734.0,2670.0,2694.0,nan,2704.117,537774,14542035520.0,543585,2720.0,300,2718.0,947,2722.0,679,2716.0,1336,2724.0,533,2714.0,646,2726.0,578,2712.0,836,2728.0,1132,2710.0,898
1597988352679312896,1597988352500000000,2020-08-21 13:39:12.500000,2720.0,2734.0,2670.0,2694.0,nan,2704.117,537776,14542089920.0,543583,2720.0,302,2718.0,947,2722.0,679,2716.0,1336,2724.0,534,2714.0,669,2726.0,578,2712.0,836,2728.0,1134,2710.0,898
1597988353125201920,1597988353000000000,2020-08-21 13:39:13.000000,2720.0,2734.0,2670.0,2694.0,nan,2704.117,537776,14542089920.0,543583,2720.0,302,2718.0,947,2722.0,679,2716.0,1337,2724.0,534,2714.0,669,2726.0,578,2712.0,836,2728.0,1134,2710.0,898
1597988353605725952,1597988353500000000,2020-08-21 13:39:13.500000,2720.0,2734.0,2670.0,2694.0,nan,2704.117,537780,14542198720.0,543580,2720.0,298,2718.0,948,2722.0,679,2716.0,1338,2724.0,534,2714.0,669,2726.0,578,2712.0,836,2728.0,1134,2710.0,898
1597988354629836032,1597988354500000000,2020-08-21 13:39:14.500000,2720.0,2734.0,2670.0,2694.0,nan,2704.117,537780,14542198720.0,543580,2720.0,299,2718.0,948,2722.0,679,2716.0,1338,2724.0,534,2714.0,669,2726.0,578,2712.0,836,2728.0,1134,2710.0,898
1597988355109110016,1597988355000000000,2020-08-21 13:39:15.000000,2720.0,2734.0,2670.0,2694.0,nan,2704.117,537791,14542497920.0,543579,2720.0,289,2718.0,950,2722.0,679,2716.0,1338,2724.0,534,2714.0,669,2726.0,578,2712.0,836,2728.0,1134,2710.0,898
1597988355626349056,1597988355500000000,2020-08-21 13:39:15.500000,2718.0,2734.0,2670.0,2694.0,nan,2704.117,537804,14542851260.0,543575,2720.0,319,2718.0,937,2722.0,679,2716.0,1337,2724.0,534,2714.0,673,2726.0,578,2712.0,836,2728.0,1134,2710.0,899
1597988356119727104,1597988356000000000,2020-08-21 13:39:16.000000,2720.0,2734.0,2670.0,2694.0,nan,2704.117,537807,14542932820.0,543576,2720.0,323,2718.0,935,2722.0,679,2716.0,1337,2724.0,534,2714.0,673,2726.0,578,2712.0,836,2728.0,1134,2710.0,899
1597988356608384000,1597988356500000000,2020-08-21 13:39:16.500000,2718.0,2734.0,2670.0,2694.0,nan,2704.117,537808,14542960000.0,543575,2720.0,325,2718.0,934,2722.0,679,2716.0,1337,2724.0,532,2714.0,673,2726.0,578,2712.0,836,2728.0,1135,2710.0,898
1597988357113506048,1597988357000000000,2020-08-21 13:39:17.000000,2718.0,2734.0,2670.0,2694.0,nan,2704.117,537809,14542987180.0,543575,2720.0,328,2718.0,933,2722.0,679,2716.0,1337,2724.0,532,2714.0,673,2726.0,579,2712.0,836,2728.0,1134,2710.0,898
1597988357607395072,1597988357500000000,2020-08-21 13:39:17.500000,2718.0,2734.0,2670.0,2694.0,nan,2704.117,537809,14542987180.0,543575,2720.0,345,2718.0,933,2722.0,679,2716.0,1337,2724.0,532,2714.0,674,2726.0,579,2712.0,836,2728.0,1134,2710.0,898
1597988358127322880,1597988358000000000,2020-08-21 13:39:18.000000,2718.0,2734.0,2670.0,2694.0,nan,2704.118,537812,14543068720.0,543573,2720.0,345,2718.0,931,2722.0,679,2716.0,1337,2724.0,532,2714.0,674,2726.0,579,2712.0,836,2728.0,1134,2710.0,898
1597988358627096064,1597988358500000000,2020-08-21 13:39:18.500000,2718.0,2734.0,2670.0,2694.0,nan,2704.118,537814,14543123080.0,543571,2720.0,371,2718.0,929,2722.0,679,2716.0,1337,2724.0,532,2714.0,674,2726.0,579,2712.0,836,2728.0,1134,2710.0,898
1597988359122804992,1597988359000000000,2020-08-21 13:39:19.000000,2718.0,2734.0,2670.0,2694.0,nan,2704.118,537814,14543123080.0,543571,2720.0,376,2718.0,930,2722.0,679,2716.0,1337,2724.0,533,2714.0,674,2726.0,579,2712.0,836,2728.0,1134,2710.0,898
1597988359615820032,1597988359500000000,2020-08-21 13:39:19.500000,2720.0,2734.0,2670.0,2694.0,nan,2704.118,537834,14543667080.0,543564,2720.0,352,2718.0,930,2722.0,680,2716.0,1337,2724.0,534,2714.0,674,2726.0,579,2712.0,836,2728.0,1134,2710.0,898
1597988360121228032,1597988360000000000,2020-08-21 13:39:20.000000,2720.0,2734.0,2670.0,2694.0,nan,2704.118,537834,14543667080.0,543564,2720.0,369,2718.0,930,2722.0,680,2716.0,1341,2724.0,534,2714.0,674,2726.0,579,2712.0,836,2728.0,1134,2710.0,898
1597988360615437056,1597988360500000000,2020-08-21 13:39:20.500000,2720.0,2734.0,2670.0,2694.0,nan,2704.118,537836,14543721480.0,543562,2720.0,367,2718.0,929,2722.0,680,2716.0,1341,2724.0,534,2714.0,674,2726.0,582,2712.0,836,2728.0,1133,2710.0,898
1597988361124877056,1597988361000000000,2020-08-21 13:39:21.000000,2720.0,2734.0,2670.0,2694.0,nan,2704.12,537886,14545081480.0,543537,2720.0,317,2718.0,937,2722.0,680,2716.0,1341,2724.0,534,2714.0,674,2726.0,582,2712.0,836,2728.0,1133,2710.0,898
1597988361620560896,1597988361500000000,2020-08-21 13:39:21.500000,2720.0,2734.0,2670.0,2694.0,nan,2704.12,537888,14545135860.0,543537,2720.0,301,2718.0,930,2722.0,680,2716.0,1342,2724.0,534,2714.0,671,2726.0,582,2712.0,836,2728.0,1133,2710.0,898
1597988362122917888,1597988362000000000,2020-08-21 13:39:22.000000,2720.0,2734.0,2670.0,2694.0,nan,2704.12,537888,14545135860.0,543537,2720.0,303,2718.0,929,2722.0,680,2716.0,1343,2724.0,534,2714.0,671,2726.0,582,2712.0,836,2728.0,1133,2710.0,900
1597988362618155008,1597988362500000000,2020-08-21 13:39:22.500000,2720.0,2734.0,2670.0,2694.0,nan,2704.12,537888,14545135860.0,543537,2720.0,305,2718.0,929,2722.0,680,2716.0,1343,2724.0,534,2714.0,672,2726.0,582,2712.0,836,2728.0,1133,2710.0,900
1597988363136680960,1597988363000000000,2020-08-21 13:39:23.000000,2720.0,2734.0,2670.0,2694.0,nan,2704.12,537888,14545135860.0,543537,2720.0,305,2718.0,928,2722.0,680,2716.0,1344,2724.0,534,2714.0,672,2726.0,582,2712.0,836,2728.0,1132,2710.0,900
1597988363623704064,1597988363500000000,2020-08-21 13:39:23.500000,2720.0,2734.0,2670.0,2694.0,nan,2704.12,537888,14545135860.0,543537,2720.0,309,2718.0,929,2722.0,680,2716.0,1344,2724.0,534,2714.0,672,2726.0,582,2712.0,836,2728.0,1132,2710.0,900
1597988364114307072,1597988364000000000,2020-08-21 13:39:24.000000,2720.0,2734.0,2670.0,2694.0,nan,2704.12,537888,14545135860.0,543537,2720.0,310,2718.0,929,2722.0,680,2716.0,1345,2724.0,534,2714.0,672,2726.0,582,2712.0,836,2728.0,1132,2710.0,900
1597988364615772928,1597988364500000000,2020-08-21 13:39:24.500000,2718.0,2734.0,2670.0,2694.0,nan,2704.12,537894,14545298940.0,543531,2720.0,314,2718.0,929,2722.0,679,2716.0,1345,2724.0,534,2714.0,672,2726.0,582,2712.0,836,2728.0,1132,2710.0,900
1597988365117024000,1597988365000000000,2020-08-21 13:39:25.000000,2718.0,2734.0,2670.0,2694.0,nan,2704.12,537897,14545380480.0,543529,2720.0,315,2718.0,926,2722.0,679,2716.0,1345,2724.0,534,2714.0,672,2726.0,582,2712.0,836,2728.0,1132,2710.0,900
1597988365609268992,1597988365500000000,2020-08-21 13:39:25.500000,2718.0,2734.0,2670.0,2694.0,nan,2704.12,537897,14545380480.0,543529,2720.0,315,2718.0,929,2722.0,679,2716.0,1345,2724.0,534,2714.0,672,2726.0,582,2712.0,836,2728.0,1132,2710.0,900
1597988366124576000,1597988366000000000,2020-08-21 13:39:26.000000,2718.0,2734.0,2670.0,2694.0,nan,2704.12,537897,14545380480.0,543529,2720.0,315,2718.0,929,2722.0,679,2716.0,1343,2724.0,534,2714.0,672,2726.0,582,2712.0,836,2728.0,1132,2710.0,900
1597988366636283904,1597988366500000000,2020-08-21 13:39:26.500000,2718.0,2734.0,2670.0,2694.0,nan,2704.12,537897,14545380480.0,543529,2720.0,315,2718.0,932,2722.0,679,2716.0,1343,2724.0,534,2714.0,673,2726.0,582,2712.0,836,2728.0,1132,2710.0,900
1597988367129757952,1597988367000000000,2020-08-21 13:39:27.000000,2718.0,2734.0,2670.0,2694.0,nan,2704.121,537947,14546739480.0,543486,2720.0,319,2718.0,884,2722.0,679,2716.0,1363,2724.0,534,2714.0,673,2726.0,582,2712.0,836,2728.0,1132,2710.0,900
1597988367615546880,1597988367500000000,2020-08-21 13:39:27.500000,2718.0,2734.0,2670.0,2694.0,nan,2704.121,537953,14546902560.0,543487,2720.0,334,2718.0,885,2722.0,680,2716.0,1363,2724.0,534,2714.0,673,2726.0,582,2712.0,836,2728.0,1132,2710.0,900
1597988368123371008,1597988368000000000,2020-08-21 13:39:28.000000,2718.0,2734.0,2670.0,2694.0,nan,2704.121,537953,14546902560.0,543487,2720.0,333,2718.0,885,2722.0,680,2716.0,1363,2724.0,534,2714.0,673,2726.0,582,2712.0,836,2728.0,1132,2710.0,900
1597988368615322112,1597988368500000000,2020-08-21 13:39:28.500000,2720.0,2734.0,2670.0,2694.0,nan,2704.121,537954,14546929760.0,543488,2720.0,348,2718.0,886,2722.0,680,2716.0,1363,2724.0,534,2714.0,673,2726.0,582,2712.0,836,2728.0,1132,2710.0,900
1597988369115207936,1597988369000000000,2020-08-21 13:39:29.000000,2720.0,2734.0,2670.0,2694.0,nan,2704.121,537954,14546929760.0,543488,2720.0,350,2718.0,884,2722.0,680,2716.0,1363,2724.0,534,2714.0,673,2726.0,583,2712.0,837,2728.0,1132,2710.0,900
1597988369606387968,1597988369500000000,2020-08-21 13:39:29.500000,2720.0,2734.0,2670.0,2694.0,nan,2704.122,537955,14546956960.0,543488,2720.0,349,2718.0,885,2722.0,680,2716.0,1363,2724.0,534,2714.0,673,2726.0,584,2712.0,837,2728.0,1132,2710.0,900
1597988370136066048,1597988370000000000,2020-08-21 13:39:30.000000,2720.0,2734.0,2670.0,2694.0,nan,2704.122,537955,14546956960.0,543488,2720.0,349,2718.0,885,2722.0,680,2716.0,1363,2724.0,534,2714.0,673,2726.0,584,2712.0,837,2728.0,1132,2710.0,896
1597988370631546112,1597988370500000000,2020-08-21 13:39:30.500000,2720.0,2734.0,2670.0,2694.0,nan,2704.122,537965,14547228960.0,543491,2720.0,352,2718.0,894,2722.0,680,2716.0,1363,2724.0,534,2714.0,673,2726.0,584,2712.0,837,2728.0,1132,2710.0,896
1597988371127439104,1597988371000000000,2020-08-21 13:39:31.000000,2718.0,2734.0,2670.0,2694.0,nan,2704.122,537966,14547256140.0,543491,2720.0,352,2718.0,892,2722.0,680,2716.0,1363,2724.0,534,2714.0,673,2726.0,584,2712.0,837,2728.0,1132,2710.0,896
1597988371631100928,1597988371500000000,2020-08-21 13:39:31.500000,2720.0,2734.0,2670.0,2694.0,nan,2704.122,537969,14547337700.0,543492,2720.0,355,2718.0,890,2722.0,680,2716.0,1363,2724.0,534,2714.0,673,2726.0,584,2712.0,837,2728.0,1132,2710.0,896
1597988372112686080,1597988372000000000,2020-08-21 13:39:32.000000,2720.0,2734.0,2670.0,2694.0,nan,2704.122,537970,14547364900.0,543491,2720.0,359,2718.0,890,2722.0,680,2716.0,1363,2724.0,535,2714.0,673,2726.0,584,2712.0,838,2728.0,1132,2710.0,896
1597988372615534080,1597988372500000000,2020-08-21 13:39:32.500000,2720.0,2734.0,2670.0,2694.0,nan,2704.122,537970,14547364900.0,543491,2720.0,360,2718.0,891,2722.0,680,2716.0,1363,2724.0,535,2714.0,673,2726.0,584,2712.0,838,2728.0,1132,2710.0,896
1597988373129285120,1597988373000000000,2020-08-21 13:39:33.000000,2720.0,2734.0,2670.0,2694.0,nan,2704.122,537970,14547364900.0,543491,2720.0,360,2718.0,892,2722.0,680,2716.0,1364,2724.0,535,2714.0,673,2726.0,585,2712.0,838,2728.0,1131,2710.0,896
1597988373610352896,1597988373500000000,2020-08-21 13:39:33.500000,2720.0,2734.0,2670.0,2694.0,nan,2704.122,537970,14547364900.0,543491,2720.0,364,2718.0,894,2722.0,680,2716.0,1364,2724.0,535,2714.0,673,2726.0,585,2712.0,838,2728.0,1131,2710.0,896
1597988374117357056,1597988374000000000,2020-08-21 13:39:34.000000,2720.0,2734.0,2670.0,2694.0,nan,2704.122,537970,14547364900.0,543491,2720.0,364,2718.0,894,2722.0,680,2716.0,1365,2724.0,535,2714.0,673,2726.0,585,2712.0,838,2728.0,1131,2710.0,896
1597988375127806976,1597988375000000000,2020-08-21 13:39:35.000000,2720.0,2734.0,2670.0,2694.0,nan,2704.122,537982,14547691300.0,543491,2720.0,353,2718.0,897,2722.0,680,2716.0,1365,2724.0,535,2714.0,672,2726.0,585,2712.0,838,2728.0,1131,2710.0,896
1597988375614936064,1597988375500000000,2020-08-21 13:39:35.500000,2720.0,2734.0,2670.0,2694.0,nan,2704.122,537982,14547691300.0,543491,2720.0,354,2718.0,897,2722.0,680,2716.0,1369,2724.0,535,2714.0,672,2726.0,585,2712.0,838,2728.0,1131,2710.0,896
1597988376106402048,1597988376000000000,2020-08-21 13:39:36.000000,2720.0,2734.0,2670.0,2694.0,nan,2704.122,537982,14547691300.0,543491,2720.0,356,2718.0,908,2722.0,680,2716.0,1369,2724.0,535,2714.0,672,2726.0,585,2712.0,838,2728.0,1131,2710.0,896
1597988376621184000,1597988376500000000,2020-08-21 13:39:36.500000,2720.0,2734.0,2670.0,2694.0,nan,2704.122,537982,14547691300.0,543491,2720.0,362,2718.0,908,2722.0,680,2716.0,1369,2724.0,535,2714.0,673,2726.0,585,2712.0,838,2728.0,1131,2710.0,896
1597988377103948032,1597988377000000000,2020-08-21 13:39:37.000000,2720.0,2734.0,2670.0,2694.0,nan,2704.122,537983,14547718500.0,543490,2720.0,362,2718.0,909,2722.0,680,2716.0,1369,2724.0,535,2714.0,673,2726.0,585,2712.0,838,2728.0,1131,2710.0,896
1597988377623855104,1597988377500000000,2020-08-21 13:39:37.500000,2720.0,2734.0,2670.0,2694.0,nan,2704.122,537983,14547718500.0,543490,2720.0,362,2718.0,917,2722.0,680,2716.0,1369,2724.0,535,2714.0,673,2726.0,585,2712.0,838,2728.0,1131,2710.0,898
1597988378121741056,1597988378000000000,2020-08-21 13:39:38.000000,2720.0,2734.0,2670.0,2694.0,nan,2704.122,537985,14547772900.0,543490,2720.0,362,2718.0,918,2722.0,680,2716.0,1374,2724.0,535,2714.0,673,2726.0,585,2712.0,838,2728.0,1131,2710.0,898
1597988378617810944,1597988378500000000,2020-08-21 13:39:38.500000,2720.0,2734.0,2670.0,2694.0,nan,2704.122,537987,14547827280.0,543490,2720.0,375,2718.0,918,2722.0,680,2716.0,1374,2724.0,535,2714.0,673,2726.0,585,2712.0,838,2728.0,1131,2710.0,898
1597988379113201920,1597988379000000000,2020-08-21 13:39:39.000000,2720.0,2734.0,2670.0,2694.0,nan,2704.122,537987,14547827280.0,543490,2720.0,375,2718.0,918,2722.0,680,2716.0,1378,2724.0,535,2714.0,673,2726.0,585,2712.0,838,2728.0,1131,2710.0,898
1597988379616410112,1597988379500000000,2020-08-21 13:39:39.500000,2720.0,2734.0,2670.0,2694.0,nan,2704.122,537987,14547827280.0,543490,2720.0,375,2718.0,917,2722.0,680,2716.0,1378,2724.0,535,2714.0,673,2726.0,585,2712.0,838,2728.0,1131,2710.0,898
1597988380125549056,1597988380000000000,2020-08-21 13:39:40.000000,2720.0,2734.0,2670.0,2694.0,nan,2704.122,537987,14547827280.0,543490,2720.0,375,2718.0,918,2722.0,680,2716.0,1378,2724.0,535,2714.0,673,2726.0,585,2712.0,838,2728.0,1131,2710.0,898
1597988380649370112,1597988380500000000,2020-08-21 13:39:40.500000,2720.0,2734.0,2670.0,2694.0,nan,2704.122,537988,14547854480.0,543490,2720.0,374,2718.0,918,2722.0,680,2716.0,1381,2724.0,535,2714.0,673,2726.0,586,2712.0,838,2728.0,1130,2710.0,898
1597988381129719040,1597988381000000000,2020-08-21 13:39:41.000000,2718.0,2734.0,2670.0,2694.0,nan,2704.123,537989,14547881660.0,543490,2720.0,374,2718.0,928,2722.0,680,2716.0,1381,2724.0,535,2714.0,673,2726.0,586,2712.0,838,2728.0,1130,2710.0,898
1597988381618190080,1597988381500000000,2020-08-21 13:39:41.500000,2718.0,2734.0,2670.0,2694.0,nan,2704.123,537992,14547963200.0,543491,2720.0,384,2718.0,925,2722.0,680,2716.0,1380,2724.0,535,2714.0,673,2726.0,586,2712.0,838,2728.0,1130,2710.0,898
1597988382111569920,1597988382000000000,2020-08-21 13:39:42.000000,2720.0,2734.0,2670.0,2694.0,nan,2704.123,537994,14548017580.0,543490,2720.0,383,2718.0,930,2722.0,677,2716.0,1380,2724.0,535,2714.0,673,2726.0,586,2712.0,838,2728.0,1130,2710.0,898
1597988382621838080,1597988382500000000,2020-08-21 13:39:42.500000,2718.0,2734.0,2670.0,2694.0,nan,2704.123,537995,14548044760.0,543490,2720.0,383,2718.0,932,2722.0,677,2716.0,1382,2724.0,535,2714.0,673,2726.0,596,2712.0,838,2728.0,1130,2710.0,898
1597988383104497920,1597988383000000000,2020-08-21 13:39:43.000000,2718.0,2734.0,2670.0,2694.0,nan,2704.123,537996,14548071940.0,543490,2720.0,383,2718.0,932,2722.0,677,2716.0,1383,2724.0,535,2714.0,673,2726.0,597,2712.0,838,2728.0,1129,2710.0,898
1597988383618358016,1597988383500000000,2020-08-21 13:39:43.500000,2718.0,2734.0,2670.0,2694.0,nan,2704.123,537996,14548071940.0,543490,2720.0,383,2718.0,932,2722.0,682,2716.0,1383,2724.0,535,2714.0,673,2726.0,597,2712.0,838,2728.0,1129,2710.0,898
1597988384125135872,1597988384000000000,2020-08-21 13:39:44.000000,2718.0,2734.0,2670.0,2694.0,nan,2704.123,537997,14548099120.0,543490,2720.0,383,2718.0,931,2722.0,682,2716.0,1383,2724.0,535,2714.0,673,2726.0,597,2712.0,838,2728.0,1129,2710.0,898
1597988384615450880,1597988384500000000,2020-08-21 13:39:44.500000,2718.0,2734.0,2670.0,2694.0,nan,2704.123,537997,14548099120.0,543490,2720.0,387,2718.0,931,2722.0,682,2716.0,1383,2724.0,535,2714.0,673,2726.0,597,2712.0,838,2728.0,1129,2710.0,898
1597988385121905920,1597988385000000000,2020-08-21 13:39:45.000000,2718.0,2734.0,2670.0,2694.0,nan,2704.123,538004,14548289420.0,543490,2720.0,385,2718.0,926,2722.0,682,2716.0,1382,2724.0,535,2714.0,676,2726.0,597,2712.0,835,2728.0,1129,2710.0,898
1597988385609530112,1597988385500000000,2020-08-21 13:39:45.500000,2718.0,2734.0,2670.0,2694.0,nan,2704.123,538004,14548289420.0,543490,2720.0,385,2718.0,925,2722.0,682,2716.0,1382,2724.0,535,2714.0,676,2726.0,597,2712.0,835,2728.0,1129,2710.0,896
1597988386126808064,1597988386000000000,2020-08-21 13:39:46.000000,2720.0,2734.0,2670.0,2694.0,nan,2704.123,538005,14548316620.0,543489,2720.0,384,2718.0,926,2722.0,682,2716.0,1382,2724.0,535,2714.0,676,2726.0,597,2712.0,835,2728.0,1129,2710.0,896
1597988386620913920,1597988386500000000,2020-08-21 13:39:46.500000,2718.0,2734.0,2670.0,2694.0,nan,2704.123,538006,14548343800.0,543489,2720.0,384,2718.0,929,2722.0,682,2716.0,1382,2724.0,535,2714.0,676,2726.0,597,2712.0,835,2728.0,1129,2710.0,896
1597988387629456896,1597988387500000000,2020-08-21 13:39:47.500000,2718.0,2734.0,2670.0,2694.0,nan,2704.123,538006,14548343800.0,543489,2720.0,384,2718.0,929,2722.0,682,2716.0,1382,2724.0,535,2714.0,676,2726.0,598,2712.0,835,2728.0,1129,2710.0,896
1597988388122381056,1597988388000000000,2020-08-21 13:39:48.000000,2718.0,2734.0,2670.0,2694.0,nan,2704.123,538007,14548370980.0,543489,2720.0,384,2718.0,928,2722.0,682,2716.0,1382,2724.0,535,2714.0,676,2726.0,598,2712.0,835,2728.0,1129,2710.0,896
1597988388629190912,1597988388500000000,2020-08-21 13:39:48.500000,2720.0,2734.0,2670.0,2694.0,nan,2704.123,538009,14548425360.0,543488,2720.0,396,2718.0,927,2722.0,682,2716.0,1384,2724.0,535,2714.0,676,2726.0,598,2712.0,835,2728.0,1129,2710.0,896
1597988389118281984,1597988389000000000,2020-08-21 13:39:49.000000,2720.0,2734.0,2670.0,2694.0,nan,2704.123,538009,14548425360.0,543488,2720.0,396,2718.0,937,2722.0,682,2716.0,1384,2724.0,535,2714.0,676,2726.0,598,2712.0,835,2728.0,1129,2710.0,896
1597988389611403008,1597988389500000000,2020-08-21 13:39:49.500000,2720.0,2734.0,2670.0,2694.0,nan,2704.123,538009,14548425360.0,543488,2720.0,396,2718.0,940,2722.0,682,2716.0,1384,2724.0,535,2714.0,676,2726.0,598,2712.0,835,2728.0,1129,2710.0,896
1597988390119143936,1597988390000000000,2020-08-21 13:39:50.000000,2720.0,2734.0,2670.0,2694.0,nan,2704.123,538009,14548425360.0,543488,2720.0,396,2718.0,943,2722.0,682,2716.0,1384,2724.0,536,2714.0,676,2726.0,602,2712.0,835,2728.0,1129,2710.0,896
1597988390630585088,1597988390500000000,2020-08-21 13:39:50.500000,2720.0,2734.0,2670.0,2694.0,nan,2704.123,538010,14548452560.0,543487,2720.0,368,2718.0,946,2722.0,682,2716.0,1384,2724.0,536,2714.0,676,2726.0,602,2712.0,835,2728.0,1129,2710.0,896
1597988391127755008,1597988391000000000,2020-08-21 13:39:51.000000,2720.0,2734.0,2670.0,2694.0,nan,2704.123,538011,14548479760.0,543486,2720.0,337,2718.0,947,2722.0,682,2716.0,1388,2724.0,536,2714.0,676,2726.0,602,2712.0,835,2728.0,1129,2710.0,896
1597988391612037888,1597988391500000000,2020-08-21 13:39:51.500000,2720.0,2734.0,2670.0,2694.0,nan,2704.123,538011,14548479760.0,543486,2720.0,337,2718.0,972,2722.0,682,2716.0,1384,2724.0,536,2714.0,676,2726.0,602,2712.0,835,2728.0,1129,2710.0,896
1597988392116677888,1597988392000000000,2020-08-21 13:39:52.000000,2718.0,2734.0,2670.0,2694.0,nan,2704.123,538016,14548615660.0,543486,2720.0,337,2718.0,967,2722.0,682,2716.0,1384,2724.0,536,2714.0,676,2726.0,602,2712.0,835,2728.0,1129,2710.0,896
1597988392613402112,1597988392500000000,2020-08-21 13:39:52.500000,2720.0,2734.0,2670.0,2694.0,nan,2704.123,538018,14548670060.0,543484,2720.0,335,2718.0,970,2722.0,682,2716.0,1384,2724.0,536,2714.0,676,2726.0,604,2712.0,835,2728.0,1129,2710.0,896
1597988393129031936,1597988393000000000,2020-08-21 13:39:53.000000,2720.0,2734.0,2670.0,2694.0,nan,2704.123,538018,14548670060.0,543484,2720.0,335,2718.0,971,2722.0,682,2716.0,1384,2724.0,586,2714.0,676,2726.0,604,2712.0,835,2728.0,1129,2710.0,896
1597988393607184896,1597988393500000000,2020-08-21 13:39:53.500000,2718.0,2734.0,2670.0,2694.0,nan,2704.123,538019,14548697240.0,543484,2720.0,336,2718.0,971,2722.0,682,2716.0,1387,2724.0,587,2714.0,676,2726.0,604,2712.0,835,2728.0,1129,2710.0,896
1597988394112572928,1597988394000000000,2020-08-21 13:39:54.000000,2718.0,2734.0,2670.0,2694.0,nan,2704.123,538019,14548697240.0,543484,2720.0,354,2718.0,972,2722.0,682,2716.0,1387,2724.0,587,2714.0,676,2726.0,604,2712.0,835,2728.0,1129,2710.0,896
1597988394619652096,1597988394500000000,2020-08-21 13:39:54.500000,2718.0,2734.0,2670.0,2694.0,nan,2704.123,538021,14548751620.0,543484,2720.0,353,2718.0,977,2722.0,682,2716.0,1387,2724.0,587,2714.0,676,2726.0,604,2712.0,835,2728.0,1129,2710.0,896
1597988395120611072,1597988395000000000,2020-08-21 13:39:55.000000,2718.0,2734.0,2670.0,2694.0,nan,2704.123,538023,14548805980.0,543485,2720.0,403,2718.0,975,2722.0,682,2716.0,1387,2724.0,587,2714.0,676,2726.0,604,2712.0,835,2728.0,1129,2710.0,897
1597988395614422016,1597988395500000000,2020-08-21 13:39:55.500000,2720.0,2734.0,2670.0,2694.0,nan,2704.123,538024,14548833180.0,543484,2720.0,408,2718.0,978,2722.0,682,2716.0,1387,2724.0,587,2714.0,673,2726.0,604,2712.0,835,2728.0,1129,2710.0,897
1597988396113950976,1597988396000000000,2020-08-21 13:39:56.000000,2720.0,2734.0,2670.0,2694.0,nan,2704.123,538024,14548833180.0,543484,2720.0,458,2718.0,978,2722.0,682,2716.0,1387,2724.0,587,2714.0,673,2726.0,604,2712.0,835,2728.0,1129,2710.0,897
1597988396635204096,1597988396500000000,2020-08-21 13:39:56.500000,2720.0,2734.0,2670.0,2694.0,nan,2704.123,538025,14548860380.0,543483,2720.0,457,2718.0,978,2722.0,682,2716.0,1386,2724.0,587,2714.0,673,2726.0,604,2712.0,835,2728.0,1129,2710.0,897
1597988397114657024,1597988397000000000,2020-08-21 13:39:57.000000,2720.0,2734.0,2670.0,2694.0,nan,2704.123,538025,14548860380.0,543483,2720.0,458,2718.0,978,2722.0,682,2716.0,1386,2724.0,587,2714.0,673,2726.0,604,2712.0,835,2728.0,1129,2710.0,897
1597988397620112896,1597988397500000000,2020-08-21 13:39:57.500000,2718.0,2734.0,2670.0,2694.0,nan,2704.124,538030,14548996280.0,543483,2720.0,508,2718.0,973,2722.0,682,2716.0,1396,2724.0,587,2714.0,673,2726.0,604,2712.0,835,2728.0,1129,2710.0,897
1597988398166877952,1597988398000000000,2020-08-21 13:39:58.000000,2720.0,2734.0,2670.0,2694.0,nan,2704.124,538032,14549050680.0,543482,2720.0,566,2718.0,973,2722.0,682,2716.0,1396,2724.0,587,2714.0,678,2726.0,604,2712.0,835,2728.0,1129,2710.0,897
1597988398604933888,1597988398500000000,2020-08-21 13:39:58.500000,2718.0,2734.0,2670.0,2694.0,nan,2704.124,538034,14549105040.0,543482,2720.0,568,2718.0,973,2722.0,682,2716.0,1386,2724.0,587,2714.0,677,2726.0,604,2712.0,835,2728.0,1129,2710.0,897
1597988399110541056,1597988399000000000,2020-08-21 13:39:59.000000,2718.0,2734.0,2670.0,2694.0,nan,2704.124,538034,14549105040.0,543482,2720.0,568,2718.0,984,2722.0,682,2716.0,1386,2724.0,587,2714.0,677,2726.0,604,2712.0,835,2728.0,1129,2710.0,897
1597988399608685056,1597988399500000000,2020-08-21 13:39:59.500000,2718.0,2734.0,2670.0,2694.0,nan,2704.125,538065,14549947640.0,543482,2720.0,568,2718.0,957,2722.0,682,2716.0,1386,2724.0,587,2714.0,677,2726.0,804,2712.0,835,2728.0,1129,2710.0,902
1597988400134984960,1597988400000000000,2020-08-21 13:40:00.000000,2718.0,2734.0,2670.0,2694.0,nan,2704.125,538095,14550763040.0,543512,2720.0,568,2718.0,921,2722.0,682,2716.0,1386,2724.0,587,2714.0,677,2726.0,806,2712.0,835,2728.0,1129,2710.0,902
1597988400619341056,1597988400500000000,2020-08-21 13:40:00.500000,2720.0,2734.0,2670.0,2694.0,nan,2704.125,538096,14550790240.0,543511,2720.0,585,2718.0,916,2722.0,682,2716.0,1386,2724.0,587,2714.0,677,2726.0,807,2712.0,835,2728.0,1129,2710.0,902
1597988401116641024,1597988401000000000,2020-08-21 13:40:01.000000,2720.0,2734.0,2670.0,2694.0,nan,2704.125,538096,14550790240.0,543511,2720.0,585,2718.0,915,2722.0,684,2716.0,1386,2724.0,587,2714.0,677,2726.0,807,2712.0,835,2728.0,1129,2710.0,902
1597988401611179008,1597988401500000000,2020-08-21 13:40:01.500000,2720.0,2734.0,2670.0,2694.0,nan,2704.126,538115,14551307040.0,543501,2720.0,566,2718.0,916,2722.0,684,2716.0,1386,2724.0,587,2714.0,677,2726.0,807,2712.0,835,2728.0,1130,2710.0,902
1597988402127770880,1597988402000000000,2020-08-21 13:40:02.000000,2718.0,2734.0,2670.0,2694.0,nan,2704.128,538215,14554025040.0,543601,2720.0,580,2718.0,816,2722.0,684,2716.0,1388,2724.0,587,2714.0,677,2726.0,807,2712.0,835,2728.0,1130,2710.0,902
1597988402624755968,1597988402500000000,2020-08-21 13:40:02.500000,2718.0,2734.0,2670.0,2694.0,nan,2704.131,538315,14556743040.0,543668,2720.0,593,2718.0,725,2722.0,683,2716.0,1388,2724.0,587,2714.0,677,2726.0,807,2712.0,835,2728.0,1130,2710.0,902
1597988403114953984,1597988403000000000,2020-08-21 13:40:03.000000,2718.0,2734.0,2670.0,2694.0,nan,2704.15,539042,14576502900.0,543910,2718.0,135,2716.0,1388,2720.0,762,2714.0,677,2722.0,683,2712.0,835,2724.0,587,2710.0,902,2726.0,807,2708.0,1016
1597988403615298048,1597988403500000000,2020-08-21 13:40:03.500000,2718.0,2734.0,2670.0,2694.0,nan,2704.15,539046,14576611620.0,543910,2718.0,305,2716.0,1394,2720.0,735,2714.0,677,2722.0,688,2712.0,816,2724.0,593,2710.0,905,2726.0,792,2708.0,1025
1597988404159098112,1597988404000000000,2020-08-21 13:40:04.000000,2716.0,2734.0,2670.0,2694.0,nan,2704.15,539058,14576937580.0,543913,2718.0,325,2716.0,1381,2720.0,737,2714.0,677,2722.0,694,2712.0,817,2724.0,595,2710.0,905,2726.0,785,2708.0,1025
1597988404622881024,1597988404500000000,2020-08-21 13:40:04.500000,2716.0,2734.0,2670.0,2694.0,nan,2704.155,539264,14582532680.0,543725,2718.0,371,2716.0,1238,2720.0,729,2714.0,670,2722.0,694,2712.0,823,2724.0,595,2710.0,905,2726.0,782,2708.0,1025
1597988405130509056,1597988405000000000,2020-08-21 13:40:05.000000,2718.0,2734.0,2670.0,2694.0,nan,2704.156,539319,14584026660.0,543680,2718.0,623,2716.0,1189,2720.0,730,2714.0,670,2722.0,694,2712.0,823,2724.0,595,2710.0,905,2726.0,777,2708.0,1025
1597988405623812096,1597988405500000000,2020-08-21 13:40:05.500000,2718.0,2734.0,2670.0,2694.0,nan,2704.156,539321,14584081020.0,543680,2718.0,632,2716.0,1193,2720.0,727,2714.0,670,2722.0,694,2712.0,823,2724.0,590,2710.0,905,2726.0,771,2708.0,1025
1597988406132176896,1597988406000000000,2020-08-21 13:40:06.000000,2718.0,2734.0,2670.0,2694.0,nan,2704.156,539329,14584298460.0,543688,2718.0,632,2716.0,1194,2720.0,727,2714.0,670,2722.0,694,2712.0,823,2724.0,591,2710.0,905,2726.0,771,2708.0,1025
1597988406627998976,1597988406500000000,2020-08-21 13:40:06.500000,2716.0,2734.0,2670.0,2694.0,nan,2704.156,539335,14584461440.0,543684,2718.0,631,2716.0,1189,2720.0,727,2714.0,670,2722.0,667,2712.0,823,2724.0,591,2710.0,905,2726.0,771,2708.0,1025
1597988407242572032,1597988407000000000,2020-08-21 13:40:07.000000,2716.0,2734.0,2670.0,2694.0,nan,2704.157,539344,14584705880.0,543684,2718.0,635,2716.0,1178,2720.0,726,2714.0,670,2722.0,668,2712.0,823,2724.0,591,2710.0,905,2726.0,771,2708.0,1025
1597988407615334912,1597988407500000000,2020-08-21 13:40:07.500000,2718.0,2734.0,2670.0,2694.0,nan,2704.157,539353,14584950500.0,543692,2718.0,637,2716.0,1178,2720.0,724,2714.0,670,2722.0,666,2712.0,823,2724.0,591,2710.0,905,2726.0,783,2708.0,1025
1597988408109387008,1597988408000000000,2020-08-21 13:40:08.000000,2718.0,2734.0,2670.0,2694.0,nan,2704.157,539353,14584950500.0,543692,2718.0,640,2716.0,1178,2720.0,870,2714.0,670,2722.0,666,2712.0,823,2724.0,591,2710.0,906,2726.0,785,2708.0,1025
1597988408625443072,1597988408500000000,2020-08-21 13:40:08.500000,2716.0,2734.0,2670.0,2694.0,nan,2704.157,539363,14585222100.0,543692,2718.0,640,2716.0,1168,2720.0,871,2714.0,671,2722.0,666,2712.0,823,2724.0,591,2710.0,906,2726.0,785,2708.0,1025
1597988409125140992,1597988409000000000,2020-08-21 13:40:09.000000,2716.0,2734.0,2670.0,2694.0,nan,2704.157,539364,14585249260.0,543692,2718.0,690,2716.0,1170,2720.0,871,2714.0,671,2722.0,666,2712.0,823,2724.0,591,2710.0,906,2726.0,785,2708.0,1025
1597988409626451968,1597988409500000000,2020-08-21 13:40:09.500000,2718.0,2734.0,2670.0,2694.0,nan,2704.157,539366,14585303600.0,543692,2718.0,689,2716.0,1172,2720.0,871,2714.0,671,2722.0,666,2712.0,823,2724.0,591,2710.0,906,2726.0,785,2708.0,1025
1597988410110019072,1597988410000000000,2020-08-21 13:40:10.000000,2716.0,2734.0,2670.0,2694.0,nan,2704.157,539372,14585466560.0,543687,2718.0,689,2716.0,1166,2720.0,871,2714.0,671,2722.0,666,2712.0,823,2724.0,591,2710.0,906,2726.0,785,2708.0,1025
1597988410633134080,1597988410500000000,2020-08-21 13:40:10.500000,2716.0,2734.0,2670.0,2694.0,nan,2704.158,539393,14586037320.0,543687,2718.0,670,2716.0,1167,2720.0,871,2714.0,672,2722.0,666,2712.0,823,2724.0,591,2710.0,906,2726.0,785,2708.0,1025
1597988411120527872,1597988411000000000,2020-08-21 13:40:11.000000,2716.0,2734.0,2670.0,2694.0,nan,2704.158,539396,14586118820.0,543686,2718.0,715,2716.0,1186,2720.0,898,2714.0,672,2722.0,664,2712.0,823,2724.0,591,2710.0,906,2726.0,785,2708.0,1025
1597988411636893952,1597988411500000000,2020-08-21 13:40:11.500000,2716.0,2734.0,2670.0,2694.0,nan,2704.158,539402,14586281820.0,543684,2718.0,718,2716.0,1182,2720.0,894,2714.0,672,2722.0,664,2712.0,823,2724.0,591,2710.0,911,2726.0,785,2708.0,1020
1597988412113336064,1597988412000000000,2020-08-21 13:40:12.000000,2716.0,2734.0,2670.0,2694.0,nan,2704.158,539402,14586281820.0,543684,2718.0,718,2716.0,1175,2720.0,894,2714.0,672,2722.0,664,2712.0,824,2724.0,591,2710.0,911,2726.0,786,2708.0,1020
1597988412656933120,1597988412500000000,2020-08-21 13:40:12.500000,2716.0,2734.0,2670.0,2694.0,nan,2704.16,539485,14588536120.0,543653,2718.0,723,2716.0,1044,2720.0,894,2714.0,672,2722.0,664,2712.0,824,2724.0,591,2710.0,909,2726.0,786,2708.0,1020
1597988413119447040,1597988413000000000,2020-08-21 13:40:13.000000,2716.0,2734.0,2670.0,2694.0,nan,2704.162,539592,14591442380.0,543660,2718.0,718,2716.0,943,2720.0,894,2714.0,672,2722.0,664,2712.0,824,2724.0,590,2710.0,911,2726.0,786,2708.0,1020
1597988413664442880,1597988413500000000,2020-08-21 13:40:13.500000,2716.0,2734.0,2670.0,2694.0,nan,2704.162,539594,14591496700.0,543658,2718.0,735,2716.0,946,2720.0,895,2714.0,672,2722.0,664,2712.0,824,2724.0,590,2710.0,911,2726.0,786,2708.0,1020
1597988414123649024,1597988414000000000,2020-08-21 13:40:14.000000,2716.0,2734.0,2670.0,2694.0,nan,2704.162,539599,14591632520.0,543655,2718.0,735,2716.0,942,2720.0,890,2714.0,672,2722.0,664,2712.0,824,2724.0,590,2710.0,911,2726.0,785,2708.0,1020
1597988414628317952,1597988414500000000,2020-08-21 13:40:14.500000,2718.0,2734.0,2670.0,2694.0,nan,2704.165,539735,14595326340.0,543656,2718.0,772,2716.0,815,2720.0,890,2714.0,672,2722.0,664,2712.0,824,2724.0,418,2710.0,911,2726.0,785,2708.0,1020
1597988415125478912,1597988415000000000,2020-08-21 13:40:15.000000,2716.0,2734.0,2670.0,2694.0,nan,2704.166,539751,14595760920.0,543642,2718.0,771,2716.0,804,2720.0,890,2714.0,672,2722.0,663,2712.0,824,2724.0,417,2710.0,917,2726.0,785,2708.0,1020
1597988415667212032,1597988415500000000,2020-08-21 13:40:15.500000,2718.0,2734.0,2670.0,2694.0,nan,2704.166,539766,14596168420.0,543653,2718.0,767,2716.0,793,2720.0,910,2714.0,672,2722.0,658,2712.0,824,2724.0,417,2710.0,917,2726.0,785,2708.0,1020
1597988416136380928,1597988416000000000,2020-08-21 13:40:16.000000,2716.0,2734.0,2670.0,2694.0,nan,2704.174,540134,14606163300.0,543804,2718.0,765,2716.0,425,2720.0,910,2714.0,672,2722.0,659,2712.0,824,2724.0,417,2710.0,917,2726.0,786,2708.0,1020
1597988416607027968,1597988416500000000,2020-08-21 13:40:16.500000,2716.0,2734.0,2670.0,2694.0,nan,2704.183,540566,14617896420.0,543737,2716.0,293,2714.0,671,2718.0,799,2712.0,824,2720.0,910,2710.0,917,2722.0,659,2708.0,1020,2724.0,417,2706.0,1496
1597988417129342976,1597988417000000000,2020-08-21 13:40:17.000000,2716.0,2734.0,2670.0,2694.0,nan,2704.184,540614,14619199200.0,543731,2716.0,622,2714.0,631,2718.0,675,2712.0,824,2720.0,911,2710.0,906,2722.0,659,2708.0,1023,2724.0,398,2706.0,1504
1597988417622141952,1597988417500000000,2020-08-21 13:40:17.500000,2714.0,2734.0,2670.0,2694.0,nan,2704.184,540619,14619334980.0,543732,2716.0,678,2714.0,632,2718.0,683,2712.0,819,2720.0,915,2710.0,912,2722.0,647,2708.0,971,2724.0,386,2706.0,1504
1597988418111906048,1597988418000000000,2020-08-21 13:40:18.000000,2716.0,2734.0,2670.0,2694.0,nan,2704.189,540888,14626636400.0,543630,2716.0,646,2714.0,400,2718.0,677,2712.0,819,2720.0,916,2710.0,912,2722.0,641,2708.0,971,2724.0,403,2706.0,1504
1597988418607388928,1597988418500000000,2020-08-21 13:40:18.500000,2714.0,2734.0,2670.0,2694.0,nan,2704.19,540893,14626772140.0,543631,2716.0,790,2714.0,394,2718.0,693,2712.0,820,2720.0,901,2710.0,913,2722.0,640,2708.0,971,2724.0,387,2706.0,1504
1597988419117199104,1597988419000000000,2020-08-21 13:40:19.000000,2714.0,2734.0,2670.0,2694.0,nan,2704.19,540907,14627152300.0,543642,2716.0,796,2714.0,391,2718.0,691,2712.0,820,2720.0,905,2710.0,913,2722.0,640,2708.0,971,2724.0,371,2706.0,1504
1597988419618936064,1597988419500000000,2020-08-21 13:40:19.500000,2716.0,2734.0,2670.0,2694.0,nan,2704.191,540943,14628129580.0,543640,2716.0,794,2714.0,365,2718.0,691,2712.0,820,2720.0,908,2710.0,913,2722.0,640,2708.0,971,2724.0,366,2706.0,1504
1597988420101071872,1597988420000000000,2020-08-21 13:40:20.000000,2716.0,2734.0,2670.0,2694.0,nan,2704.192,541029,14630463660.0,543584,2716.0,794,2714.0,329,2718.0,615,2712.0,819,2720.0,908,2710.0,913,2722.0,640,2708.0,971,2724.0,366,2706.0,1505
1597988420679365888,1597988420500000000,2020-08-21 13:40:20.500000,2716.0,2734.0,2670.0,2694.0,nan,2704.193,541060,14631305020.0,543555,2716.0,793,2714.0,299,2718.0,611,2712.0,819,2720.0,928,2710.0,913,2722.0,640,2708.0,971,2724.0,360,2706.0,1505
1597988421114447872,1597988421000000000,2020-08-21 13:40:21.000000,2716.0,2734.0,2670.0,2694.0,nan,2704.193,541073,14631657880.0,543546,2716.0,860,2714.0,299,2718.0,614,2712.0,819,2720.0,928,2710.0,911,2722.0,640,2708.0,971,2724.0,360,2706.0,1507
1597988421616240896,1597988421500000000,2020-08-21 13:40:21.500000,2714.0,2734.0,2670.0,2694.0,nan,2704.193,541084,14631956440.0,543547,2716.0,885,2714.0,284,2718.0,612,2712.0,820,2720.0,928,2710.0,910,2722.0,636,2708.0,970,2724.0,354,2706.0,1507
1597988422100792064,1597988422000000000,2020-08-21 13:40:22.000000,2716.0,2734.0,2670.0,2694.0,nan,2704.193,541099,14632363620.0,543547,2716.0,901,2714.0,270,2718.0,616,2712.0,820,2720.0,927,2710.0,910,2722.0,636,2708.0,970,2724.0,350,2706.0,1507
1597988422641568000,1597988422500000000,2020-08-21 13:40:22.500000,2714.0,2734.0,2670.0,2694.0,nan,2704.193,541102,14632445060.0,543550,2716.0,912,2714.0,270,2718.0,617,2712.0,821,2720.0,926,2710.0,910,2722.0,636,2708.0,971,2724.0,350,2706.0,1507
1597988423106576896,1597988423000000000,2020-08-21 13:40:23.000000,2716.0,2734.0,2670.0,2694.0,nan,2704.194,541106,14632553640.0,543551,2716.0,911,2714.0,316,2718.0,617,2712.0,821,2720.0,926,2710.0,911,2722.0,635,2708.0,972,2724.0,350,2706.0,1507
1597988423613486080,1597988423500000000,2020-08-21 13:40:23.500000,2716.0,2734.0,2670.0,2694.0,nan,2704.194,541118,14632879400.0,543555,2716.0,906,2714.0,348,2718.0,622,2712.0,821,2720.0,926,2710.0,911,2722.0,635,2708.0,972,2724.0,350,2706.0,1507
1597988424161714944,1597988424000000000,2020-08-21 13:40:24.000000,2714.0,2734.0,2670.0,2694.0,nan,2704.194,541123,14633015180.0,543558,2716.0,715,2714.0,403,2718.0,622,2712.0,821,2720.0,925,2710.0,911,2722.0,635,2708.0,973,2724.0,350,2706.0,1507
1597988424618044928,1597988424500000000,2020-08-21 13:40:24.500000,2714.0,2734.0,2670.0,2694.0,nan,2704.194,541126,14633096620.0,543559,2716.0,679,2714.0,474,2718.0,622,2712.0,821,2720.0,925,2710.0,924,2722.0,635,2708.0,973,2724.0,350,2706.0,1507
1597988425116473088,1597988425000000000,2020-08-21 13:40:25.000000,2716.0,2734.0,2670.0,2694.0,nan,2704.204,541593,14645779860.0,543411,2716.0,267,2714.0,553,2718.0,622,2712.0,821,2720.0,925,2710.0,924,2722.0,635,2708.0,973,2724.0,350,2706.0,1507
1597988425617298944,1597988425500000000,2020-08-21 13:40:25.500000,2716.0,2734.0,2670.0,2694.0,nan,2704.21,541873,14653384680.0,543492,2718.0,623,2716.0,428,2720.0,856,2714.0,637,2722.0,635,2712.0,822,2724.0,351,2710.0,924,2726.0,826,2708.0,974
1597988426139569920,1597988426000000000,2020-08-21 13:40:26.000000,2716.0,2734.0,2670.0,2694.0,nan,2704.21,541883,14653656380.0,543493,2718.0,619,2716.0,473,2720.0,855,2714.0,667,2722.0,634,2712.0,823,2724.0,352,2710.0,925,2726.0,827,2708.0,976
1597988426778984960,1597988426500000000,2020-08-21 13:40:26.500000,2716.0,2734.0,2670.0,2694.0,nan,2704.211,541893,14653927980.0,543483,2718.0,656,2716.0,470,2720.0,855,2714.0,668,2722.0,634,2712.0,823,2724.0,362,2710.0,925,2726.0,827,2708.0,976
1597988427161577984,1597988427000000000,2020-08-21 13:40:27.000000,2716.0,2734.0,2670.0,2694.0,nan,2704.211,541895,14653982300.0,543482,2718.0,622,2716.0,472,2720.0,855,2714.0,684,2722.0,634,2712.0,823,2724.0,362,2710.0,924,2726.0,827,2708.0,981
1597988427619294976,1597988427500000000,2020-08-21 13:40:27.500000,2716.0,2734.0,2670.0,2694.0,nan,2704.211,541895,14653982300.0,543482,2718.0,619,2716.0,475,2720.0,854,2714.0,683,2722.0,634,2712.0,823,2724.0,361,2710.0,924,2726.0,826,2708.0,981
1597988428119976960,1597988428000000000,2020-08-21 13:40:28.000000,2716.0,2734.0,2670.0,2694.0,nan,2704.211,541896,14654009460.0,543482,2718.0,648,2716.0,476,2720.0,855,2714.0,684,2722.0,635,2712.0,829,2724.0,362,2710.0,924,2726.0,826,2708.0,981
1597988428607162880,1597988428500000000,2020-08-21 13:40:28.500000,2716.0,2734.0,2670.0,2694.0,nan,2704.211,541896,14654009460.0,543482,2718.0,648,2716.0,477,2720.0,850,2714.0,689,2722.0,635,2712.0,828,2724.0,362,2710.0,930,2726.0,826,2708.0,981
1597988429109932032,1597988429000000000,2020-08-21 13:40:29.000000,2716.0,2734.0,2670.0,2694.0,nan,2704.211,541896,14654009460.0,543482,2718.0,648,2716.0,477,2720.0,850,2714.0,641,2722.0,636,2712.0,828,2724.0,362,2710.0,930,2726.0,826,2708.0,986
1597988429605261056,1597988429500000000,2020-08-21 13:40:29.500000,2716.0,2734.0,2670.0,2694.0,nan,2704.211,541896,14654009460.0,543482,2718.0,649,2716.0,480,2720.0,871,2714.0,650,2722.0,635,2712.0,827,2724.0,341,2710.0,936,2726.0,825,2708.0,986
1597988430120392960,1597988430000000000,2020-08-21 13:40:30.000000,2716.0,2734.0,2670.0,2694.0,nan,2704.211,541896,14654009460.0,543482,2718.0,651,2716.0,223,2720.0,871,2714.0,651,2722.0,635,2712.0,827,2724.0,342,2710.0,936,2726.0,825,2708.0,986
1597988430630688000,1597988430500000000,2020-08-21 13:40:30.500000,2718.0,2734.0,2670.0,2694.0,nan,2704.211,541918,14654607020.0,543462,2718.0,649,2716.0,113,2720.0,871,2714.0,652,2722.0,635,2712.0,827,2724.0,342,2710.0,936,2726.0,825,2708.0,986
1597988431109981952,1597988431000000000,2020-08-21 13:40:31.000000,2716.0,2734.0,2670.0,2694.0,nan,2704.211,541929,14654905800.0,543453,2718.0,648,2716.0,94,2720.0,870,2714.0,653,2722.0,633,2712.0,828,2724.0,342,2710.0,936,2726.0,825,2708.0,986
1597988431620634880,1597988431500000000,2020-08-21 13:40:31.500000,2716.0,2734.0,2670.0,2694.0,nan,2704.212,541941,14655231940.0,543465,2718.0,638,2716.0,93,2720.0,870,2714.0,653,2722.0,633,2712.0,861,2724.0,342,2710.0,936,2726.0,825,2708.0,986
1597988432113085952,1597988432000000000,2020-08-21 13:40:32.000000,2716.0,2734.0,2670.0,2694.0,nan,2704.214,542068,14658681260.0,543424,2716.0,45,2714.0,653,2718.0,638,2712.0,861,2720.0,870,2710.0,936,2722.0,633,2708.0,986,2724.0,337,2706.0,1516
