local_nano_time,quote_nano_time,datetime,last_price,highest,lowest,open,close,average,volume,amount,open_interest,ask_price1,ask_volume1,bid_price1,bid_volume1,ask_price2,ask_volume2,bid_price2,bid_volume2,ask_price3,ask_volume3,bid_price3,bid_volume3,ask_price4,ask_volume4,bid_price4,bid_volume4,ask_price5,ask_volume5,bid_price5,bid_volume5
1597988231158273024,1597988231620999936,2020-08-21 13:37:11.621000,5264.0,5304.0,5141.0,5195.0,nan,5228.0,48009,1254993630.0,40466,5264.0,13,5263.0,1,nan,0,nan,0,nan,0,nan,0,nan,0,nan,0,nan,0,nan,0
1597988233645957120,1597988234073999872,2020-08-21 13:37:14.074000,5264.0,5304.0,5141.0,5195.0,nan,5228.0,48022,1255335790.0,40465,5265.0,68,5263.0,1,nan,0,nan,0,nan,0,nan,0,nan,0,nan,0,nan,0,nan,0
1597988234173488896,1597988234427000064,2020-08-21 13:37:14.427000,5263.0,5304.0,5141.0,5195.0,nan,5228.0,48023,1255362105.0,40466,5265.0,68,5262.0,1,nan,0,nan,0,nan,0,nan,0,nan,0,nan,0,nan,0,nan,0
1597988235162513920,1597988235463000064,2020-08-21 13:37:15.463000,5263.0,5304.0,5141.0,5195.0,nan,5228.0,48023,1255362105.0,40466,5264.0,2,5262.0,1,nan,0,nan,0,nan,0,nan,0,nan,0,nan,0,nan,0,nan,0
1597988235639077120,1597988236095000064,2020-08-21 13:37:16.095000,5264.0,5304.0,5141.0,5195.0,nan,5228.0,48025,1255414745.0,40466,5265.0,70,5262.0,2,nan,0,nan,0,nan,0,nan,0,nan,0,nan,0,nan,0,nan,0
1597988236639648000,1597988237207000064,2020-08-21 13:37:17.207000,5265.0,5304.0,5141.0,5195.0,nan,5228.0,48028,1255493720.0,40464,5265.0,67,5262.0,2,nan,0,nan,0,nan,0,nan,0,nan,0,nan,0,nan,0,nan,0
1597988239147083008,1597988239639000064,2020-08-21 13:37:19.639000,5262.0,5304.0,5141.0,5195.0,nan,5228.0,48033,1255625270.0,40460,5265.0,67,5262.0,1,nan,0,nan,0,nan,0,nan,0,nan,0,nan,0,nan,0,nan,0
1597988240160591872,1597988240568000000,2020-08-21 13:37:20.568000,5262.0,5304.0,5141.0,5195.0,nan,5228.0,48033,1255625270.0,40460,5264.0,2,5262.0,1,nan,0,nan,0,nan,0,nan,0,nan,0,nan,0,nan,0,nan,0
1597988241156050944,1597988241573999872,2020-08-21 13:37:21.574000,5262.0,5304.0,5141.0,5195.0,nan,5228.0,48033,1255625270.0,40460,5264.0,2,5261.0,1,nan,0,nan,0,nan,0,nan,0,nan,0,nan,0,nan,0,nan,0
1597988241664835072,1597988242040000000,2020-08-21 13:37:22.040000,5262.0,5304.0,5141.0,5195.0,nan,5228.0,48033,1255625270.0,40460,5264.0,2,5262.0,2,nan,0,nan,0,nan,0,nan,0,nan,0,nan,0,nan,0,nan,0
1597988242147341056,1597988242693000192,2020-08-21 13:37:22.693000,5264.0,5304.0,5141.0,5195.0,nan,5228.0,48035,1255677910.0,40460,5265.0,67,5262.0,2,nan,0,nan,0,nan,0,nan,0,nan,0,nan,0,nan,0,nan,0
1597988244645219072,1597988245142999808,2020-08-21 13:37:25.143000,5265.0,5304.0,5141.0,5195.0,nan,5228.0,48037,1255730560.0,40458,5265.0,65,5262.0,2,nan,0,nan,0,nan,0,nan,0,nan,0,nan,0,nan,0,nan,0
1597988246692836096,1597988247192000000,2020-08-21 13:37:27.192000,5265.0,5304.0,5141.0,5195.0,nan,5228.0,48039,1255783210.0,40456,5265.0,63,5262.0,2,nan,0,nan,0,nan,0,nan,0,nan,0,nan,0,nan,0,nan,0
1597988247136860928,1597988247436999936,2020-08-21 13:37:27.437000,5265.0,5304.0,5141.0,5195.0,nan,5228.0,48039,1255783210.0,40456,5265.0,63,5262.0,1,nan,0,nan,0,nan,0,nan,0,nan,0,nan,0,nan,0,nan,0
1597988247638576128,1597988248221999872,2020-08-21 13:37:28.222000,5265.0,5304.0,5141.0,5195.0,nan,5228.0,48041,1255835860.0,40454,5265.0,61,5262.0,1,nan,0,nan,0,nan,0,nan,0,nan,0,nan,0,nan,0,nan,0
1597988248198209024,1597988248651000064,2020-08-21 13:37:28.651000,5265.0,5304.0,5141.0,5195.0,nan,5228.0,48041,1255835860.0,40454,5264.0,1,5262.0,1,nan,0,nan,0,nan,0,nan,0,nan,0,nan,0,nan,0,nan,0
1597988248649227008,1597988248961999872,2020-08-21 13:37:28.962000,5265.0,5304.0,5141.0,5195.0,nan,5228.0,48042,1255862185.0,40453,5265.0,61,5262.0,1,nan,0,nan,0,nan,0,nan,0,nan,0,nan,0,nan,0,nan,0
1597988249635801088,1597988249930000128,2020-08-21 13:37:29.930000,5265.0,5304.0,5141.0,5195.0,nan,5228.0,48042,1255862185.0,40453,5265.0,62,5262.0,1,nan,0,nan,0,nan,0,nan,0,nan,0,nan,0,nan,0,nan,0
1597988250664994048,1597988251174000128,2020-08-21 13:37:31.174000,5265.0,5304.0,5141.0,5195.0,nan,5228.0,48042,1255862185.0,40453,5265.0,71,5262.0,1,nan,0,nan,0,nan,0,nan,0,nan,0,nan,0,nan,0,nan,0
1597988251147810048,1597988251576000000,2020-08-21 13:37:31.576000,5265.0,5304.0,5141.0,5195.0,nan,5228.0,48042,1255862185.0,40453,5264.0,9,5262.0,1,nan,0,nan,0,nan,0,nan,0,nan,0,nan,0,nan,0,nan,0
1597988252671930880,1597988252933000192,2020-08-21 13:37:32.933000,5265.0,5304.0,5141.0,5195.0,nan,5228.0,48043,1255888510.0,40453,5264.0,8,5262.0,1,nan,0,nan,0,nan,0,nan,0,nan,0,nan,0,nan,0,nan,0
1597988253165491968,1597988253723000064,2020-08-21 13:37:33.723000,5265.0,5304.0,5141.0,5195.0,nan,5228.0,48045,1255941160.0,40453,5264.0,6,5262.0,1,nan,0,nan,0,nan,0,nan,0,nan,0,nan,0,nan,0,nan,0
1597988255641200896,1597988256232999936,2020-08-21 13:37:36.233000,5265.0,5304.0,5141.0,5195.0,nan,5228.0,48049,1256046460.0,40453,5264.0,2,5262.0,1,nan,0,nan,0,nan,0,nan,0,nan,0,nan,0,nan,0,nan,0
1597988256180290048,1597988256616000000,2020-08-21 13:37:36.616000,5262.0,5304.0,5141.0,5195.0,nan,5228.0,48056,1256230630.0,40448,5265.0,63,5261.0,1,nan,0,nan,0,nan,0,nan,0,nan,0,nan,0,nan,0,nan,0
1597988256657470976,1597988257076999936,2020-08-21 13:37:37.077000,5262.0,5304.0,5141.0,5195.0,nan,5228.0,48056,1256230630.0,40448,5265.0,63,5261.0,2,nan,0,nan,0,nan,0,nan,0,nan,0,nan,0,nan,0,nan,0
1597988257639921920,1597988258223000064,2020-08-21 13:37:38.223000,5265.0,5304.0,5141.0,5195.0,nan,5228.0,48058,1256283280.0,40446,5265.0,61,5261.0,2,nan,0,nan,0,nan,0,nan,0,nan,0,nan,0,nan,0,nan,0
1597988259141236992,1597988259405999872,2020-08-21 13:37:39.406000,5265.0,5304.0,5141.0,5195.0,nan,5228.0,48060,1256335930.0,40444,5265.0,59,5261.0,2,nan,0,nan,0,nan,0,nan,0,nan,0,nan,0,nan,0,nan,0
1597988261155289088,1597988261672000000,2020-08-21 13:37:41.672000,5261.0,5304.0,5141.0,5195.0,nan,5228.0,48061,1256362235.0,40445,5265.0,59,5261.0,1,nan,0,nan,0,nan,0,nan,0,nan,0,nan,0,nan,0,nan,0
1597988264635186944,1597988264935000064,2020-08-21 13:37:44.935000,5265.0,5304.0,5141.0,5195.0,nan,5228.0,48063,1256414885.0,40443,5265.0,57,5261.0,1,nan,0,nan,0,nan,0,nan,0,nan,0,nan,0,nan,0,nan,0
1597988266183721984,1597988266573999872,2020-08-21 13:37:46.574000,5261.0,5304.0,5141.0,5195.0,nan,5228.0,48064,1256441190.0,40443,5264.0,4,5261.0,4,nan,0,nan,0,nan,0,nan,0,nan,0,nan,0,nan,0,nan,0
1597988267183420928,1597988267416999936,2020-08-21 13:37:47.417000,5264.0,5304.0,5141.0,5195.0,nan,5228.0,48066,1256493830.0,40442,5264.0,2,5262.0,2,nan,0,nan,0,nan,0,nan,0,nan,0,nan,0,nan,0,nan,0
1597988267639547904,1597988268076000000,2020-08-21 13:37:48.076000,5264.0,5304.0,5141.0,5195.0,nan,5228.0,48066,1256493830.0,40442,5264.0,1,5262.0,2,nan,0,nan,0,nan,0,nan,0,nan,0,nan,0,nan,0,nan,0
1597988269134598912,1597988269407000064,2020-08-21 13:37:49.407000,5264.0,5304.0,5141.0,5195.0,nan,5228.0,48067,1256520150.0,40441,5265.0,57,5262.0,2,nan,0,nan,0,nan,0,nan,0,nan,0,nan,0,nan,0,nan,0
1597988270153515008,1597988270432000000,2020-08-21 13:37:50.432000,5265.0,5304.0,5141.0,5195.0,nan,5228.0,48069,1256572800.0,40439,5265.0,55,5262.0,2,nan,0,nan,0,nan,0,nan,0,nan,0,nan,0,nan,0,nan,0
1597988272654320896,1597988273151000064,2020-08-21 13:37:53.151000,5265.0,5304.0,5141.0,5195.0,nan,5228.0,48069,1256572800.0,40439,5265.0,54,5262.0,2,nan,0,nan,0,nan,0,nan,0,nan,0,nan,0,nan,0,nan,0
1597988273151458048,1597988273434000128,2020-08-21 13:37:53.434000,5265.0,5304.0,5141.0,5195.0,nan,5228.0,48069,1256572800.0,40439,5265.0,54,5260.0,2,nan,0,nan,0,nan,0,nan,0,nan,0,nan,0,nan,0,nan,0
1597988273639191040,1597988274073999872,2020-08-21 13:37:54.074000,5265.0,5304.0,5141.0,5195.0,nan,5228.0,48069,1256572800.0,40439,5265.0,54,5261.0,1,nan,0,nan,0,nan,0,nan,0,nan,0,nan,0,nan,0,nan,0
1597988274152388096,1597988274432000000,2020-08-21 13:37:54.432000,5265.0,5304.0,5141.0,5195.0,nan,5228.0,48069,1256572800.0,40439,5265.0,54,5261.0,2,nan,0,nan,0,nan,0,nan,0,nan,0,nan,0,nan,0,nan,0
1597988275762400000,1597988275917999872,2020-08-21 13:37:55.918000,5265.0,5304.0,5141.0,5195.0,nan,5228.0,48071,1256625450.0,40437,5265.0,54,5261.0,2,nan,0,nan,0,nan,0,nan,0,nan,0,nan,0,nan,0,nan,0
1597988276151361024,1597988276648000000,2020-08-21 13:37:56.648000,5265.0,5304.0,5141.0,5195.0,nan,5228.0,48075,1256730750.0,40433,5265.0,50,5261.0,2,nan,0,nan,0,nan,0,nan,0,nan,0,nan,0,nan,0,nan,0
1597988276718934016,1597988277073999872,2020-08-21 13:37:57.074000,5265.0,5304.0,5141.0,5195.0,nan,5228.0,48075,1256730750.0,40433,5264.0,3,5262.0,2,nan,0,nan,0,nan,0,nan,0,nan,0,nan,0,nan,0,nan,0
1597988277275429888,1597988277428999936,2020-08-21 13:37:57.429000,5265.0,5304.0,5141.0,5195.0,nan,5228.0,48075,1256730750.0,40433,5264.0,3,5262.0,3,nan,0,nan,0,nan,0,nan,0,nan,0,nan,0,nan,0,nan,0
1597988277641092096,1597988278236999936,2020-08-21 13:37:58.237000,5265.0,5304.0,5141.0,5195.0,nan,5228.0,48077,1256783400.0,40432,5264.0,1,5262.0,3,nan,0,nan,0,nan,0,nan,0,nan,0,nan,0,nan,0,nan,0
1597988279649092096,1597988280080000000,2020-08-21 13:38:00.080000,5265.0,5304.0,5141.0,5195.0,nan,5228.0,48077,1256783400.0,40432,5264.0,2,5262.0,3,nan,0,nan,0,nan,0,nan,0,nan,0,nan,0,nan,0,nan,0
1597988280172121088,1597988280436000000,2020-08-21 13:38:00.436000,5265.0,5304.0,5141.0,5195.0,nan,5228.0,48078,1256809725.0,40431,5264.0,1,5262.0,3,nan,0,nan,0,nan,0,nan,0,nan,0,nan,0,nan,0,nan,0
1597988280634728960,1597988281174000128,2020-08-21 13:38:01.174000,5265.0,5304.0,5141.0,5195.0,nan,5228.0,48078,1256809725.0,40431,5264.0,5,5262.0,3,nan,0,nan,0,nan,0,nan,0,nan,0,nan,0,nan,0,nan,0
1597988281150760960,1597988281405999872,2020-08-21 13:38:01.406000,5265.0,5304.0,5141.0,5195.0,nan,5228.0,48080,1256862375.0,40430,5264.0,3,5262.0,1,nan,0,nan,0,nan,0,nan,0,nan,0,nan,0,nan,0,nan,0
1597988286635675904,1597988286936000000,2020-08-21 13:38:06.936000,5265.0,5304.0,5141.0,5195.0,nan,5228.0,48082,1256915025.0,40430,5264.0,1,5262.0,1,nan,0,nan,0,nan,0,nan,0,nan,0,nan,0,nan,0,nan,0
1597988287639537920,1597988288236000000,2020-08-21 13:38:08.236000,5265.0,5304.0,5141.0,5195.0,nan,5228.0,48082,1256915025.0,40430,5264.0,2,5262.0,1,nan,0,nan,0,nan,0,nan,0,nan,0,nan,0,nan,0,nan,0
1597988289174478080,1597988289703000064,2020-08-21 13:38:09.703000,5265.0,5304.0,5141.0,5195.0,nan,5228.0,48084,1256967675.0,40429,5265.0,50,5262.0,1,nan,0,nan,0,nan,0,nan,0,nan,0,nan,0,nan,0,nan,0
1597988291164329984,1597988291740999936,2020-08-21 13:38:11.741000,5265.0,5304.0,5141.0,5195.0,nan,5228.0,48086,1257020325.0,40427,5265.0,48,5262.0,1,nan,0,nan,0,nan,0,nan,0,nan,0,nan,0,nan,0,nan,0
1597988292162619904,1597988292713999872,2020-08-21 13:38:12.714000,5265.0,5304.0,5141.0,5195.0,nan,5228.0,48088,1257072975.0,40425,5265.0,46,5262.0,1,nan,0,nan,0,nan,0,nan,0,nan,0,nan,0,nan,0,nan,0
1597988294636343040,1597988295227000064,2020-08-21 13:38:15.227000,5265.0,5304.0,5141.0,5195.0,nan,5228.0,48088,1257072975.0,40425,5265.0,46,5262.0,2,nan,0,nan,0,nan,0,nan,0,nan,0,nan,0,nan,0,nan,0
1597988296147475968,1597988296721999872,2020-08-21 13:38:16.722000,5265.0,5304.0,5141.0,5195.0,nan,5228.0,48089,1257099300.0,40425,5265.0,45,5262.0,2,nan,0,nan,0,nan,0,nan,0,nan,0,nan,0,nan,0,nan,0
1597988297645609984,1597988298201999872,2020-08-21 13:38:18.202000,5265.0,5304.0,5141.0,5195.0,nan,5228.0,48091,1257151950.0,40423,5265.0,43,5262.0,2,nan,0,nan,0,nan,0,nan,0,nan,0,nan,0,nan,0,nan,0
1597988300166704896,1597988300700999936,2020-08-21 13:38:20.701000,5265.0,5304.0,5141.0,5195.0,nan,5228.0,48093,1257204600.0,40421,5265.0,41,5262.0,2,nan,0,nan,0,nan,0,nan,0,nan,0,nan,0,nan,0,nan,0
1597988302200946944,1597988302732000000,2020-08-21 13:38:22.732000,5265.0,5304.0,5141.0,5195.0,nan,5228.0,48095,1257257250.0,40419,5265.0,39,5262.0,2,nan,0,nan,0,nan,0,nan,0,nan,0,nan,0,nan,0,nan,0
1597988303152571904,1597988303717999872,2020-08-21 13:38:23.718000,5265.0,5304.0,5141.0,5195.0,nan,5228.0,48097,1257309900.0,40417,5265.0,37,5262.0,2,nan,0,nan,0,nan,0,nan,0,nan,0,nan,0,nan,0,nan,0
1597988307638008064,1597988308203000064,2020-08-21 13:38:28.203000,5265.0,5304.0,5141.0,5195.0,nan,5228.0,48097,1257309900.0,40417,5264.0,1,5262.0,2,nan,0,nan,0,nan,0,nan,0,nan,0,nan,0,nan,0,nan,0
1597988308663163904,1597988309073999872,2020-08-21 13:38:29.074000,5265.0,5304.0,5141.0,5195.0,nan,5228.0,48099,1257362545.0,40416,5265.0,36,5262.0,3,nan,0,nan,0,nan,0,nan,0,nan,0,nan,0,nan,0,nan,0
1597988309164103936,1597988309736000000,2020-08-21 13:38:29.736000,5265.0,5304.0,5141.0,5195.0,nan,5228.0,48099,1257362545.0,40416,5265.0,36,5262.0,2,nan,0,nan,0,nan,0,nan,0,nan,0,nan,0,nan,0,nan,0
1597988309719825920,1597988310226000128,2020-08-21 13:38:30.226000,5265.0,5304.0,5141.0,5195.0,nan,5228.0,48099,1257362545.0,40416,5265.0,36,5262.0,3,nan,0,nan,0,nan,0,nan,0,nan,0,nan,0,nan,0,nan,0
1597988310657960960,1597988311073999872,2020-08-21 13:38:31.074000,5265.0,5304.0,5141.0,5195.0,nan,5228.0,48101,1257415195.0,40414,5265.0,37,5262.0,3,nan,0,nan,0,nan,0,nan,0,nan,0,nan,0,nan,0,nan,0
1597988311139437056,1597988311488000000,2020-08-21 13:38:31.488000,5265.0,5304.0,5141.0,5195.0,nan,5228.0,48103,1257467845.0,40412,5265.0,35,5262.0,3,nan,0,nan,0,nan,0,nan,0,nan,0,nan,0,nan,0,nan,0
1597988313170766080,1597988313536000000,2020-08-21 13:38:33.536000,5265.0,5304.0,5141.0,5195.0,nan,5228.0,48105,1257520495.0,40410,5265.0,33,5262.0,3,nan,0,nan,0,nan,0,nan,0,nan,0,nan,0,nan,0,nan,0
1597988314143752960,1597988314568000000,2020-08-21 13:38:34.568000,5265.0,5304.0,5141.0,5195.0,nan,5228.0,48107,1257573145.0,40408,5265.0,31,5262.0,3,nan,0,nan,0,nan,0,nan,0,nan,0,nan,0,nan,0,nan,0
1597988318157107968,1597988318426000128,2020-08-21 13:38:38.426000,5265.0,5304.0,5141.0,5195.0,nan,5228.0,48108,1257599470.0,40407,5265.0,30,5262.0,3,nan,0,nan,0,nan,0,nan,0,nan,0,nan,0,nan,0,nan,0
1597988319181165056,1597988319672000000,2020-08-21 13:38:39.672000,5262.0,5304.0,5141.0,5195.0,nan,5228.0,48109,1257625780.0,40408,5265.0,30,5262.0,2,nan,0,nan,0,nan,0,nan,0,nan,0,nan,0,nan,0,nan,0
1597988319646126080,1597988320068000000,2020-08-21 13:38:40.068000,5265.0,5304.0,5141.0,5195.0,nan,5228.0,48111,1257678430.0,40406,5265.0,28,5262.0,2,nan,0,nan,0,nan,0,nan,0,nan,0,nan,0,nan,0,nan,0
1597988320144613888,1597988320728000000,2020-08-21 13:38:40.728000,5265.0,5304.0,5141.0,5195.0,nan,5228.0,48111,1257678430.0,40406,5265.0,28,5262.0,1,nan,0,nan,0,nan,0,nan,0,nan,0,nan,0,nan,0,nan,0
1597988320648636928,1597988321078000128,2020-08-21 13:38:41.078000,5265.0,5304.0,5141.0,5195.0,nan,5228.0,48111,1257678430.0,40406,5265.0,28,5262.0,2,nan,0,nan,0,nan,0,nan,0,nan,0,nan,0,nan,0,nan,0
1597988322170625024,1597988322519000064,2020-08-21 13:38:42.519000,5265.0,5304.0,5141.0,5195.0,nan,5228.0,48116,1257810055.0,40404,5265.0,23,5262.0,2,nan,0,nan,0,nan,0,nan,0,nan,0,nan,0,nan,0,nan,0
1597988324190579968,1597988324568999936,2020-08-21 13:38:44.569000,5265.0,5304.0,5141.0,5195.0,nan,5228.0,48118,1257862705.0,40402,5265.0,21,5262.0,2,nan,0,nan,0,nan,0,nan,0,nan,0,nan,0,nan,0,nan,0
1597988325182125056,1597988325599000064,2020-08-21 13:38:45.599000,5265.0,5304.0,5141.0,5195.0,nan,5228.0,48120,1257915355.0,40400,5265.0,19,5262.0,2,nan,0,nan,0,nan,0,nan,0,nan,0,nan,0,nan,0,nan,0
1597988326746352128,1597988326921999872,2020-08-21 13:38:46.922000,5265.0,5304.0,5141.0,5195.0,nan,5228.0,48120,1257915355.0,40400,5264.0,4,5262.0,2,nan,0,nan,0,nan,0,nan,0,nan,0,nan,0,nan,0,nan,0
1597988330657982976,1597988331099000064,2020-08-21 13:38:51.099000,5265.0,5304.0,5141.0,5195.0,nan,5228.0,48122,1257968005.0,40400,5264.0,2,5262.0,2,nan,0,nan,0,nan,0,nan,0,nan,0,nan,0,nan,0,nan,0
1597988333167193088,1597988333549999872,2020-08-21 13:38:53.550000,5265.0,5304.0,5141.0,5195.0,nan,5228.0,48124,1258020655.0,40400,5265.0,16,5262.0,2,nan,0,nan,0,nan,0,nan,0,nan,0,nan,0,nan,0,nan,0
1597988335193498880,1597988335677999872,2020-08-21 13:38:55.678000,5265.0,5304.0,5141.0,5195.0,nan,5228.0,48126,1258073305.0,40398,5265.0,14,5262.0,2,nan,0,nan,0,nan,0,nan,0,nan,0,nan,0,nan,0,nan,0
1597988335697003008,1597988335924999936,2020-08-21 13:38:55.925000,5265.0,5304.0,5141.0,5195.0,nan,5228.0,48126,1258073305.0,40398,5265.0,14,5263.0,1,nan,0,nan,0,nan,0,nan,0,nan,0,nan,0,nan,0,nan,0
1597988336202414080,1597988336630000128,2020-08-21 13:38:56.630000,5265.0,5304.0,5141.0,5195.0,nan,5228.0,48128,1258125955.0,40396,5265.0,12,5263.0,1,nan,0,nan,0,nan,0,nan,0,nan,0,nan,0,nan,0,nan,0
1597988339304055040,1597988339611000064,2020-08-21 13:38:59.611000,5265.0,5304.0,5141.0,5195.0,nan,5228.0,48130,1258178605.0,40394,5265.0,10,5263.0,1,nan,0,nan,0,nan,0,nan,0,nan,0,nan,0,nan,0,nan,0
1597988341675737088,1597988342130000128,2020-08-21 13:39:02.130000,5265.0,5304.0,5141.0,5195.0,nan,5228.0,48132,1258231255.0,40392,5265.0,8,5263.0,1,nan,0,nan,0,nan,0,nan,0,nan,0,nan,0,nan,0,nan,0
1597988342170040064,1597988342573999872,2020-08-21 13:39:02.574000,5264.0,5304.0,5141.0,5195.0,nan,5228.0,48133,1258257575.0,40393,5265.0,8,5263.0,7,nan,0,nan,0,nan,0,nan,0,nan,0,nan,0,nan,0,nan,0
1597988343666480896,1597988343936999936,2020-08-21 13:39:03.937000,5265.0,5304.0,5141.0,5195.0,nan,5228.0,48134,1258283900.0,40393,5265.0,7,5263.0,7,nan,0,nan,0,nan,0,nan,0,nan,0,nan,0,nan,0,nan,0
1597988344155461888,1597988344708000000,2020-08-21 13:39:04.708000,5265.0,5304.0,5141.0,5195.0,nan,5228.0,48136,1258336550.0,40391,5265.0,5,5263.0,7,nan,0,nan,0,nan,0,nan,0,nan,0,nan,0,nan,0,nan,0
1597988344644654080,1597988345151000064,2020-08-21 13:39:05.151000,5265.0,5304.0,5141.0,5195.0,nan,5228.0,48137,1258362875.0,40391,5265.0,4,5263.0,7,nan,0,nan,0,nan,0,nan,0,nan,0,nan,0,nan,0,nan,0
1597988346190672896,1597988346631000064,2020-08-21 13:39:06.631000,5265.0,5304.0,5141.0,5195.0,nan,5228.0,48139,1258415525.0,40389,5265.0,2,5263.0,7,nan,0,nan,0,nan,0,nan,0,nan,0,nan,0,nan,0,nan,0
1597988346677178112,1597988346920000000,2020-08-21 13:39:06.920000,5265.0,5304.0,5141.0,5195.0,nan,5228.0,48140,1258441850.0,40389,5265.0,1,5263.0,7,nan,0,nan,0,nan,0,nan,0,nan,0,nan,0,nan,0,nan,0
1597988347211142912,1597988347654000128,2020-08-21 13:39:07.654000,5265.0,5304.0,5141.0,5195.0,nan,5228.0,48141,1258468175.0,40388,5266.0,12,5263.0,7,nan,0,nan,0,nan,0,nan,0,nan,0,nan,0,nan,0,nan,0
1597988347663276032,1597988348076000000,2020-08-21 13:39:08.076000,5265.0,5304.0,5141.0,5195.0,nan,5228.0,48141,1258468175.0,40388,5265.0,1,5263.0,1,nan,0,nan,0,nan,0,nan,0,nan,0,nan,0,nan,0,nan,0
1597988349189639936,1597988349612000000,2020-08-21 13:39:09.612000,5265.0,5304.0,5141.0,5195.0,nan,5228.0,48142,1258494500.0,40389,5266.0,12,5263.0,1,nan,0,nan,0,nan,0,nan,0,nan,0,nan,0,nan,0,nan,0
1597988349641475072,1597988350168000000,2020-08-21 13:39:10.168000,5265.0,5304.0,5141.0,5195.0,nan,5228.0,48143,1258520825.0,40389,5266.0,12,5263.0,1,nan,0,nan,0,nan,0,nan,0,nan,0,nan,0,nan,0,nan,0
1597988353191872000,1597988353573999872,2020-08-21 13:39:13.574000,5266.0,5304.0,5141.0,5195.0,nan,5228.0,48145,1258573485.0,40387,5266.0,10,5264.0,2,nan,0,nan,0,nan,0,nan,0,nan,0,nan,0,nan,0,nan,0
1597988355635198976,1597988355934000128,2020-08-21 13:39:15.934000,5266.0,5304.0,5141.0,5195.0,nan,5228.0,48147,1258626145.0,40385,5266.0,8,5264.0,2,nan,0,nan,0,nan,0,nan,0,nan,0,nan,0,nan,0,nan,0
1597988357645414912,1597988358073999872,2020-08-21 13:39:18.074000,5266.0,5304.0,5141.0,5195.0,nan,5228.0,48149,1258678805.0,40383,5266.0,6,5264.0,2,nan,0,nan,0,nan,0,nan,0,nan,0,nan,0,nan,0,nan,0
1597988358633793024,1597988359168999936,2020-08-21 13:39:19.169000,5266.0,5304.0,5141.0,5195.0,nan,5228.0,48151,1258731465.0,40381,5266.0,4,5264.0,2,nan,0,nan,0,nan,0,nan,0,nan,0,nan,0,nan,0,nan,0
1597988364183179008,1597988364520999936,2020-08-21 13:39:24.521000,5266.0,5304.0,5141.0,5195.0,nan,5228.0,48153,1258784125.0,40379,5266.0,2,5264.0,2,nan,0,nan,0,nan,0,nan,0,nan,0,nan,0,nan,0,nan,0
1597988364637723904,1597988365168000000,2020-08-21 13:39:25.168000,5266.0,5304.0,5141.0,5195.0,nan,5228.0,48154,1258810455.0,40378,5266.0,3,5264.0,2,nan,0,nan,0,nan,0,nan,0,nan,0,nan,0,nan,0,nan,0
1597988366683994112,1597988366972999936,2020-08-21 13:39:26.973000,5266.0,5304.0,5141.0,5195.0,nan,5228.0,48156,1258863115.0,40377,5266.0,1,5264.0,2,nan,0,nan,0,nan,0,nan,0,nan,0,nan,0,nan,0,nan,0
1597988367175567104,1597988367608999936,2020-08-21 13:39:27.609000,5266.0,5304.0,5141.0,5195.0,nan,5228.0,48156,1258863115.0,40377,5266.0,1,5263.0,1,nan,0,nan,0,nan,0,nan,0,nan,0,nan,0,nan,0,nan,0
1597988367671457024,1597988368122999808,2020-08-21 13:39:28.123000,5264.0,5304.0,5141.0,5195.0,nan,5228.0,48158,1258915755.0,40377,5266.0,1,5264.0,3,nan,0,nan,0,nan,0,nan,0,nan,0,nan,0,nan,0,nan,0
1597988368141412096,1597988368611000064,2020-08-21 13:39:28.611000,5266.0,5304.0,5141.0,5195.0,nan,5228.0,48159,1258942085.0,40378,5268.0,5,5266.0,17,nan,0,nan,0,nan,0,nan,0,nan,0,nan,0,nan,0,nan,0
1597988368639703040,1597988369234999808,2020-08-21 13:39:29.235000,5268.0,5304.0,5141.0,5195.0,nan,5228.0,48163,1259047445.0,40376,5268.0,2,5266.0,17,nan,0,nan,0,nan,0,nan,0,nan,0,nan,0,nan,0,nan,0
1597988369635492096,1597988370111000064,2020-08-21 13:39:30.111000,5268.0,5304.0,5141.0,5195.0,nan,5228.0,48165,1259100125.0,40374,5269.0,25,5266.0,17,nan,0,nan,0,nan,0,nan,0,nan,0,nan,0,nan,0,nan,0
1597988373169267968,1597988373568000000,2020-08-21 13:39:33.568000,5268.0,5304.0,5141.0,5195.0,nan,5228.0,48165,1259100125.0,40374,5268.0,1,5266.0,17,nan,0,nan,0,nan,0,nan,0,nan,0,nan,0,nan,0,nan,0
1597988374684645888,1597988374936999936,2020-08-21 13:39:34.937000,5266.0,5304.0,5141.0,5195.0,nan,5228.0,48182,1259547735.0,40391,5268.0,3,5264.0,2,nan,0,nan,0,nan,0,nan,0,nan,0,nan,0,nan,0,nan,0
1597988375152510976,1597988375576000000,2020-08-21 13:39:35.576000,5267.0,5304.0,5141.0,5195.0,nan,5228.0,48184,1259600405.0,40391,5268.0,3,5264.0,3,nan,0,nan,0,nan,0,nan,0,nan,0,nan,0,nan,0,nan,0
1597988375640118016,1597988376188999936,2020-08-21 13:39:36.189000,5267.0,5304.0,5141.0,5195.0,nan,5228.0,48184,1259600405.0,40391,5268.0,3,5265.0,2,nan,0,nan,0,nan,0,nan,0,nan,0,nan,0,nan,0,nan,0
1597988376174043904,1597988376657999872,2020-08-21 13:39:36.658000,5268.0,5304.0,5141.0,5195.0,nan,5228.0,48185,1259626745.0,40391,5268.0,2,5265.0,2,nan,0,nan,0,nan,0,nan,0,nan,0,nan,0,nan,0,nan,0
1597988377642081024,1597988378076000000,2020-08-21 13:39:38.076000,5268.0,5304.0,5141.0,5195.0,nan,5228.0,48187,1259679425.0,40391,5269.0,25,5265.0,3,nan,0,nan,0,nan,0,nan,0,nan,0,nan,0,nan,0,nan,0
1597988378163606016,1597988378573999872,2020-08-21 13:39:38.574000,5268.0,5304.0,5141.0,5195.0,nan,5228.0,48187,1259679425.0,40391,5269.0,25,5266.0,1,nan,0,nan,0,nan,0,nan,0,nan,0,nan,0,nan,0,nan,0
1597988379638147072,1597988379928000000,2020-08-21 13:39:39.928000,5269.0,5304.0,5141.0,5195.0,nan,5228.0,48189,1259732115.0,40390,5269.0,23,5266.0,1,nan,0,nan,0,nan,0,nan,0,nan,0,nan,0,nan,0,nan,0
1597988380151175936,1597988380576999936,2020-08-21 13:39:40.577000,5269.0,5304.0,5141.0,5195.0,nan,5228.0,48190,1259758460.0,40389,5269.0,23,5266.0,1,nan,0,nan,0,nan,0,nan,0,nan,0,nan,0,nan,0,nan,0
1597988380664265984,1597988380934000128,2020-08-21 13:39:40.934000,5269.0,5304.0,5141.0,5195.0,nan,5228.0,48192,1259811150.0,40387,5269.0,21,5266.0,1,nan,0,nan,0,nan,0,nan,0,nan,0,nan,0,nan,0,nan,0
1597988383136535040,1597988383573999872,2020-08-21 13:39:43.574000,5269.0,5304.0,5141.0,5195.0,nan,5228.0,48212,1260338050.0,40405,5269.0,1,5267.0,2,nan,0,nan,0,nan,0,nan,0,nan,0,nan,0,nan,0,nan,0
1597988384641473024,1597988385180999936,2020-08-21 13:39:45.181000,5269.0,5304.0,5141.0,5195.0,nan,5228.0,48215,1260417085.0,40407,5269.0,2,5267.0,2,nan,0,nan,0,nan,0,nan,0,nan,0,nan,0,nan,0,nan,0
1597988386152296960,1597988386584000000,2020-08-21 13:39:46.584000,5269.0,5304.0,5141.0,5195.0,nan,5228.0,48217,1260469775.0,40407,5270.0,138,5267.0,2,nan,0,nan,0,nan,0,nan,0,nan,0,nan,0,nan,0,nan,0
1597988387647685888,1597988388012999936,2020-08-21 13:39:48.013000,5269.0,5304.0,5141.0,5195.0,nan,5228.0,48217,1260469775.0,40407,5270.0,138,5269.0,20,nan,0,nan,0,nan,0,nan,0,nan,0,nan,0,nan,0,nan,0
1597988388644196096,1597988389175000064,2020-08-21 13:39:49.175000,5270.0,5304.0,5141.0,5195.0,nan,5228.0,48234,1260917725.0,40414,5270.0,121,5269.0,20,nan,0,nan,0,nan,0,nan,0,nan,0,nan,0,nan,0,nan,0
1597988389136577024,1597988389576000000,2020-08-21 13:39:49.576000,5270.0,5304.0,5141.0,5195.0,nan,5228.0,48257,1261523775.0,40424,5270.0,98,5269.0,20,nan,0,nan,0,nan,0,nan,0,nan,0,nan,0,nan,0,nan,0
1597988389642662912,1597988390214999808,2020-08-21 13:39:50.215000,5270.0,5304.0,5141.0,5195.0,nan,5228.0,48257,1261523775.0,40424,5270.0,98,5269.0,21,nan,0,nan,0,nan,0,nan,0,nan,0,nan,0,nan,0,nan,0
1597988390181669120,1597988390692000000,2020-08-21 13:39:50.692000,5270.0,5304.0,5141.0,5195.0,nan,5228.0,48292,1262446025.0,40395,5270.0,63,5269.0,21,nan,0,nan,0,nan,0,nan,0,nan,0,nan,0,nan,0,nan,0
1597988390636591104,1597988391125999872,2020-08-21 13:39:51.126000,5270.0,5304.0,5141.0,5195.0,nan,5228.0,48314,1263025725.0,40393,5270.0,41,5269.0,23,nan,0,nan,0,nan,0,nan,0,nan,0,nan,0,nan,0,nan,0
1597988391171532032,1597988391694000128,2020-08-21 13:39:51.694000,5270.0,5304.0,5141.0,5195.0,nan,5228.0,48331,1263473675.0,40380,5270.0,24,5269.0,23,nan,0,nan,0,nan,0,nan,0,nan,0,nan,0,nan,0,nan,0
1597988391631909888,1597988392242000128,2020-08-21 13:39:52.242000,5270.0,5304.0,5141.0,5195.0,nan,5228.0,48333,1263526375.0,40378,5270.0,22,5269.0,23,nan,0,nan,0,nan,0,nan,0,nan,0,nan,0,nan,0,nan,0
1597988392141993984,1597988392618000128,2020-08-21 13:39:52.618000,5270.0,5304.0,5141.0,5195.0,nan,5228.0,48336,1263605425.0,40376,5270.0,19,5269.0,23,nan,0,nan,0,nan,0,nan,0,nan,0,nan,0,nan,0,nan,0
1597988393166028032,1597988393668999936,2020-08-21 13:39:53.669000,5270.0,5304.0,5141.0,5195.0,nan,5228.0,48338,1263658125.0,40376,5270.0,17,5269.0,23,nan,0,nan,0,nan,0,nan,0,nan,0,nan,0,nan,0,nan,0
1597988394164397056,1597988394704999936,2020-08-21 13:39:54.705000,5270.0,5304.0,5141.0,5195.0,nan,5228.0,48339,1263684475.0,40376,5270.0,16,5269.0,23,nan,0,nan,0,nan,0,nan,0,nan,0,nan,0,nan,0,nan,0
1597988394650737920,1597988395040999936,2020-08-21 13:39:55.041000,5271.0,5304.0,5141.0,5195.0,nan,5228.0,48356,1264132430.0,40376,5271.0,4,5270.0,4,nan,0,nan,0,nan,0,nan,0,nan,0,nan,0,nan,0,nan,0
1597988395149374976,1597988395680999936,2020-08-21 13:39:55.681000,5271.0,5304.0,5141.0,5195.0,nan,5228.0,48359,1264211495.0,40377,5271.0,1,5270.0,9,nan,0,nan,0,nan,0,nan,0,nan,0,nan,0,nan,0,nan,0
1597988395657201920,1597988396044000000,2020-08-21 13:39:56.044000,5270.0,5304.0,5141.0,5195.0,nan,5228.0,48360,1264237845.0,40378,5271.0,1,5270.0,10,nan,0,nan,0,nan,0,nan,0,nan,0,nan,0,nan,0,nan,0
1597988396691139072,1597988397124999936,2020-08-21 13:39:57.125000,5271.0,5304.0,5141.0,5195.0,nan,5228.0,48361,1264264200.0,40379,5272.0,5,5271.0,2,nan,0,nan,0,nan,0,nan,0,nan,0,nan,0,nan,0,nan,0
1597988397181447936,1597988397615000064,2020-08-21 13:39:57.615000,5272.0,5304.0,5141.0,5195.0,nan,5228.0,48363,1264316920.0,40379,5272.0,3,5271.0,3,nan,0,nan,0,nan,0,nan,0,nan,0,nan,0,nan,0,nan,0
1597988398178881024,1597988398694000128,2020-08-21 13:39:58.694000,5271.0,5304.0,5141.0,5195.0,nan,5228.0,48365,1264369630.0,40381,5272.0,3,5271.0,4,nan,0,nan,0,nan,0,nan,0,nan,0,nan,0,nan,0,nan,0
1597988398648875008,1597988399094000128,2020-08-21 13:39:59.094000,5271.0,5304.0,5141.0,5195.0,nan,5228.0,48365,1264369630.0,40381,5272.0,3,5271.0,5,nan,0,nan,0,nan,0,nan,0,nan,0,nan,0,nan,0,nan,0
1597988399639752960,1597988400066999808,2020-08-21 13:40:00.067000,5272.0,5304.0,5141.0,5195.0,nan,5228.0,48367,1264422350.0,40381,5272.0,1,5271.0,5,nan,0,nan,0,nan,0,nan,0,nan,0,nan,0,nan,0,nan,0
1597988400182235904,1597988400560000000,2020-08-21 13:40:00.560000,5271.0,5304.0,5141.0,5195.0,nan,5228.0,48368,1264448705.0,40381,5272.0,1,5271.0,5,nan,0,nan,0,nan,0,nan,0,nan,0,nan,0,nan,0,nan,0
1597988401650112000,1597988402176000000,2020-08-21 13:40:02.176000,5272.0,5304.0,5141.0,5195.0,nan,5228.0,48369,1264475065.0,40380,5272.0,1,5271.0,5,nan,0,nan,0,nan,0,nan,0,nan,0,nan,0,nan,0,nan,0
1597988402641712896,1597988403240999936,2020-08-21 13:40:03.241000,5272.0,5304.0,5141.0,5195.0,nan,5228.0,48375,1264633200.0,40385,5271.0,1,5270.0,6,nan,0,nan,0,nan,0,nan,0,nan,0,nan,0,nan,0,nan,0
1597988403185277952,1597988403684000000,2020-08-21 13:40:03.684000,5269.0,5304.0,5141.0,5195.0,nan,5228.0,48400,1265291860.0,40392,5271.0,1,5269.0,2,nan,0,nan,0,nan,0,nan,0,nan,0,nan,0,nan,0,nan,0
1597988403655736064,1597988404095000064,2020-08-21 13:40:04.095000,5269.0,5304.0,5141.0,5195.0,nan,5228.0,48402,1265344550.0,40394,5270.0,5,5267.0,1,nan,0,nan,0,nan,0,nan,0,nan,0,nan,0,nan,0,nan,0
1597988404175034112,1597988404694999808,2020-08-21 13:40:04.695000,5269.0,5304.0,5141.0,5195.0,nan,5228.0,48402,1265344550.0,40394,5270.0,5,5268.0,2,nan,0,nan,0,nan,0,nan,0,nan,0,nan,0,nan,0,nan,0
1597988405653839872,1597988405970000128,2020-08-21 13:40:05.970000,5269.0,5304.0,5141.0,5195.0,nan,5228.0,48402,1265344550.0,40394,5270.0,21,5268.0,2,nan,0,nan,0,nan,0,nan,0,nan,0,nan,0,nan,0,nan,0
1597988406163154944,1597988406427000064,2020-08-21 13:40:06.427000,5269.0,5304.0,5141.0,5195.0,nan,5228.0,48402,1265344550.0,40394,5270.0,21,5268.0,3,nan,0,nan,0,nan,0,nan,0,nan,0,nan,0,nan,0,nan,0
1597988406644670976,1597988407236999936,2020-08-21 13:40:07.237000,5269.0,5304.0,5141.0,5195.0,nan,5228.0,48402,1265344550.0,40394,5270.0,21,5269.0,1,nan,0,nan,0,nan,0,nan,0,nan,0,nan,0,nan,0,nan,0
1597988407187460096,1597988407437999872,2020-08-21 13:40:07.438000,5269.0,5304.0,5141.0,5195.0,nan,5228.0,48403,1265370895.0,40394,5270.0,21,5268.0,2,nan,0,nan,0,nan,0,nan,0,nan,0,nan,0,nan,0,nan,0
1597988407652089088,1597988407920999936,2020-08-21 13:40:07.921000,5269.0,5304.0,5141.0,5195.0,nan,5228.0,48403,1265370895.0,40394,5270.0,21,5268.0,4,nan,0,nan,0,nan,0,nan,0,nan,0,nan,0,nan,0,nan,0
1597988408193210112,1597988408647000064,2020-08-21 13:40:08.647000,5270.0,5304.0,5141.0,5195.0,nan,5228.0,48405,1265423595.0,40392,5270.0,19,5268.0,4,nan,0,nan,0,nan,0,nan,0,nan,0,nan,0,nan,0,nan,0
1597988408656480000,1597988408918999808,2020-08-21 13:40:08.919000,5270.0,5304.0,5141.0,5195.0,nan,5228.0,48405,1265423595.0,40392,5270.0,19,5268.0,2,nan,0,nan,0,nan,0,nan,0,nan,0,nan,0,nan,0,nan,0
1597988409183806976,1597988409516000000,2020-08-21 13:40:09.516000,5268.0,5304.0,5141.0,5195.0,nan,5228.0,48406,1265449935.0,40393,5270.0,19,5268.0,1,nan,0,nan,0,nan,0,nan,0,nan,0,nan,0,nan,0,nan,0
1597988409638842880,1597988409904999936,2020-08-21 13:40:09.905000,5268.0,5304.0,5141.0,5195.0,nan,5228.0,48406,1265449935.0,40393,5270.0,19,5268.0,2,nan,0,nan,0,nan,0,nan,0,nan,0,nan,0,nan,0,nan,0
1597988410658333952,1597988411098000128,2020-08-21 13:40:11.098000,5270.0,5304.0,5141.0,5195.0,nan,5228.0,48408,1265502635.0,40391,5270.0,17,5268.0,2,nan,0,nan,0,nan,0,nan,0,nan,0,nan,0,nan,0,nan,0
1597988412202874112,1597988412411000064,2020-08-21 13:40:12.411000,5270.0,5304.0,5141.0,5195.0,nan,5228.0,48409,1265528985.0,40391,5270.0,16,5268.0,2,nan,0,nan,0,nan,0,nan,0,nan,0,nan,0,nan,0,nan,0
1597988412675675904,1597988412943000064,2020-08-21 13:40:12.943000,5270.0,5304.0,5141.0,5195.0,nan,5228.0,48411,1265581685.0,40391,5270.0,14,5268.0,2,nan,0,nan,0,nan,0,nan,0,nan,0,nan,0,nan,0,nan,0
1597988413685814016,1597988413956999936,2020-08-21 13:40:13.957000,5270.0,5304.0,5141.0,5195.0,nan,5228.0,48413,1265634385.0,40391,5270.0,12,5268.0,2,nan,0,nan,0,nan,0,nan,0,nan,0,nan,0,nan,0,nan,0
1597988414167020032,1597988414396000000,2020-08-21 13:40:14.396000,5270.0,5304.0,5141.0,5195.0,nan,5228.0,48413,1265634385.0,40391,5270.0,12,5268.0,3,nan,0,nan,0,nan,0,nan,0,nan,0,nan,0,nan,0,nan,0
1597988414659670016,1597988415145999872,2020-08-21 13:40:15.146000,5268.0,5304.0,5141.0,5195.0,nan,5228.0,48415,1265687065.0,40393,5270.0,12,5268.0,1,nan,0,nan,0,nan,0,nan,0,nan,0,nan,0,nan,0,nan,0
1597988415162569984,1597988415716999936,2020-08-21 13:40:15.717000,5268.0,5304.0,5141.0,5195.0,nan,5228.0,48415,1265687065.0,40393,5269.0,13,5268.0,3,nan,0,nan,0,nan,0,nan,0,nan,0,nan,0,nan,0,nan,0
1597988418650191872,1597988418948000000,2020-08-21 13:40:18.948000,5268.0,5304.0,5141.0,5195.0,nan,5228.0,48415,1265687065.0,40393,5269.0,13,5268.0,4,nan,0,nan,0,nan,0,nan,0,nan,0,nan,0,nan,0,nan,0
1597988419657280000,1597988420073999872,2020-08-21 13:40:20.074000,5269.0,5304.0,5141.0,5195.0,nan,5228.0,48428,1266029550.0,40404,5270.0,2,5268.0,4,nan,0,nan,0,nan,0,nan,0,nan,0,nan,0,nan,0,nan,0
1597988420182586112,1597988420433000192,2020-08-21 13:40:20.433000,5269.0,5304.0,5141.0,5195.0,nan,5228.0,48431,1266108595.0,40404,5271.0,2,5269.0,1,nan,0,nan,0,nan,0,nan,0,nan,0,nan,0,nan,0,nan,0
1597988420644111872,1597988421112000000,2020-08-21 13:40:21.112000,5269.0,5304.0,5141.0,5195.0,nan,5228.0,48432,1266134940.0,40404,5271.0,2,5268.0,4,nan,0,nan,0,nan,0,nan,0,nan,0,nan,0,nan,0,nan,0
1597988421155845120,1597988421573999872,2020-08-21 13:40:21.574000,5269.0,5304.0,5141.0,5195.0,nan,5228.0,48432,1266134940.0,40404,5271.0,2,5268.0,5,nan,0,nan,0,nan,0,nan,0,nan,0,nan,0,nan,0,nan,0
1597988422140566016,1597988422573999872,2020-08-21 13:40:22.574000,5271.0,5304.0,5141.0,5195.0,nan,5228.0,48434,1266187650.0,40404,5272.0,1,5268.0,5,nan,0,nan,0,nan,0,nan,0,nan,0,nan,0,nan,0,nan,0
1597988423645180928,1597988424148999936,2020-08-21 13:40:24.149000,5271.0,5304.0,5141.0,5195.0,nan,5228.0,48435,1266214005.0,40404,5272.0,1,5268.0,5,nan,0,nan,0,nan,0,nan,0,nan,0,nan,0,nan,0,nan,0
1597988424228007936,1597988424721999872,2020-08-21 13:40:24.722000,5271.0,5304.0,5141.0,5195.0,nan,5228.0,48435,1266214005.0,40404,5272.0,1,5269.0,4,nan,0,nan,0,nan,0,nan,0,nan,0,nan,0,nan,0,nan,0
1597988424666313984,1597988425180999936,2020-08-21 13:40:25.181000,5273.0,5304.0,5141.0,5195.0,nan,5228.0,48437,1266266730.0,40404,5273.0,2,5272.0,1,nan,0,nan,0,nan,0,nan,0,nan,0,nan,0,nan,0,nan,0
1597988425171973120,1597988425576999936,2020-08-21 13:40:25.577000,5274.0,5304.0,5141.0,5195.0,nan,5228.0,48445,1266477630.0,40403,5274.0,15,5270.0,5,nan,0,nan,0,nan,0,nan,0,nan,0,nan,0,nan,0,nan,0
1597988425650766080,1597988425930000128,2020-08-21 13:40:25.930000,5274.0,5304.0,5141.0,5195.0,nan,5228.0,48445,1266477630.0,40403,5274.0,16,5270.0,8,nan,0,nan,0,nan,0,nan,0,nan,0,nan,0,nan,0,nan,0
1597988426277513984,1597988426582000128,2020-08-21 13:40:26.582000,5274.0,5304.0,5141.0,5195.0,nan,5228.0,48445,1266477630.0,40403,5271.0,1,5270.0,8,nan,0,nan,0,nan,0,nan,0,nan,0,nan,0,nan,0,nan,0
1597988426858115072,1597988427120000000,2020-08-21 13:40:27.120000,5274.0,5304.0,5141.0,5195.0,nan,5228.0,48445,1266477630.0,40403,5271.0,1,5270.0,6,nan,0,nan,0,nan,0,nan,0,nan,0,nan,0,nan,0,nan,0
1597988427163866880,1597988427434000128,2020-08-21 13:40:27.434000,5274.0,5304.0,5141.0,5195.0,nan,5228.0,48445,1266477630.0,40403,5271.0,1,5270.0,7,nan,0,nan,0,nan,0,nan,0,nan,0,nan,0,nan,0,nan,0
1597988427634648064,1597988428212999936,2020-08-21 13:40:28.213000,5274.0,5304.0,5141.0,5195.0,nan,5228.0,48445,1266477630.0,40403,5271.0,1,5270.0,8,nan,0,nan,0,nan,0,nan,0,nan,0,nan,0,nan,0,nan,0
1597988428140325888,1597988428412000000,2020-08-21 13:40:28.412000,5274.0,5304.0,5141.0,5195.0,nan,5228.0,48445,1266477630.0,40403,5271.0,1,5270.0,9,nan,0,nan,0,nan,0,nan,0,nan,0,nan,0,nan,0,nan,0
1597988428643727104,1597988429075000064,2020-08-21 13:40:29.075000,5271.0,5304.0,5141.0,5195.0,nan,5228.0,48447,1266530340.0,40404,5272.0,2,5270.0,14,nan,0,nan,0,nan,0,nan,0,nan,0,nan,0,nan,0,nan,0
1597988430163435008,1597988430729000192,2020-08-21 13:40:30.729000,5271.0,5304.0,5141.0,5195.0,nan,5228.0,48447,1266530340.0,40404,5272.0,2,5270.0,13,nan,0,nan,0,nan,0,nan,0,nan,0,nan,0,nan,0,nan,0
1597988430649231104,1597988431200999936,2020-08-21 13:40:31.201000,5272.0,5304.0,5141.0,5195.0,nan,5228.0,48449,1266583060.0,40404,5271.0,1,5270.0,9,nan,0,nan,0,nan,0,nan,0,nan,0,nan,0,nan,0,nan,0
1597988431137240064,1597988431573999872,2020-08-21 13:40:31.574000,5270.0,5304.0,5141.0,5195.0,nan,5228.0,48459,1266846565.0,40411,5271.0,4,5269.0,2,nan,0,nan,0,nan,0,nan,0,nan,0,nan,0,nan,0,nan,0
1597988431650603008,1597988432144999936,2020-08-21 13:40:32.145000,5271.0,5304.0,5141.0,5195.0,nan,5228.0,48474,1267241890.0,40426,5270.0,2,5269.0,2,nan,0,nan,0,nan,0,nan,0,nan,0,nan,0,nan,0,nan,0
1597988432159523072,1597988432428000000,2020-08-21 13:40:32.428000,5271.0,5304.0,5141.0,5195.0,nan,5228.0,48474,1267241890.0,40426,5270.0,7,5269.0,2,nan,0,nan,0,nan,0,nan,0,nan,0,nan,0,nan,0,nan,0
1597988433166259968,1597988433573999872,2020-08-21 13:40:33.574000,5270.0,5304.0,5141.0,5195.0,nan,5228.0,48478,1267347300.0,40426,5270.0,3,5269.0,2,nan,0,nan,0,nan,0,nan,0,nan,0,nan,0,nan,0,nan,0
1597988434138912000,1597988434575000064,2020-08-21 13:40:34.575000,5269.0,5304.0,5141.0,5195.0,nan,5228.0,48480,1267399990.0,40426,5269.0,9,5268.0,3,nan,0,nan,0,nan,0,nan,0,nan,0,nan,0,nan,0,nan,0
1597988434649556992,1597988435239000064,2020-08-21 13:40:35.239000,5269.0,5304.0,5141.0,5195.0,nan,5228.0,48486,1267558060.0,40424,5269.0,3,5268.0,3,nan,0,nan,0,nan,0,nan,0,nan,0,nan,0,nan,0,nan,0
1597988435160201984,1597988435576000000,2020-08-21 13:40:35.576000,5269.0,5304.0,5141.0,5195.0,nan,5228.0,48488,1267610750.0,40426,5269.0,1,5268.0,3,nan,0,nan,0,nan,0,nan,0,nan,0,nan,0,nan,0,nan,0
1597988435634562048,1597988436207000064,2020-08-21 13:40:36.207000,5269.0,5304.0,5141.0,5195.0,nan,5228.0,48489,1267637095.0,40426,5273.0,5,5268.0,2,nan,0,nan,0,nan,0,nan,0,nan,0,nan,0,nan,0,nan,0
1597988436176527872,1597988436575000064,2020-08-21 13:40:36.575000,5269.0,5304.0,5141.0,5195.0,nan,5228.0,48489,1267637095.0,40426,5271.0,4,5268.0,3,nan,0,nan,0,nan,0,nan,0,nan,0,nan,0,nan,0,nan,0
1597988436640081920,1597988436940000000,2020-08-21 13:40:36.940000,5269.0,5304.0,5141.0,5195.0,nan,5228.0,48489,1267637095.0,40426,5271.0,4,5268.0,2,nan,0,nan,0,nan,0,nan,0,nan,0,nan,0,nan,0,nan,0
1597988437135810048,1597988437651000064,2020-08-21 13:40:37.651000,5269.0,5304.0,5141.0,5195.0,nan,5228.0,48490,1267663440.0,40425,5271.0,4,5268.0,2,nan,0,nan,0,nan,0,nan,0,nan,0,nan,0,nan,0,nan,0
1597988438641722880,1597988439073999872,2020-08-21 13:40:39.074000,5271.0,5304.0,5141.0,5195.0,nan,5228.0,48491,1267689795.0,40426,5272.0,4,5268.0,2,nan,0,nan,0,nan,0,nan,0,nan,0,nan,0,nan,0,nan,0
1597988439183058944,1597988439433000192,2020-08-21 13:40:39.433000,5271.0,5304.0,5141.0,5195.0,nan,5228.0,48491,1267689795.0,40426,5272.0,4,5268.0,3,nan,0,nan,0,nan,0,nan,0,nan,0,nan,0,nan,0,nan,0
1597988441652929024,1597988442122999808,2020-08-21 13:40:42.123000,5272.0,5304.0,5141.0,5195.0,nan,5228.0,48493,1267742515.0,40426,5272.0,2,5268.0,3,nan,0,nan,0,nan,0,nan,0,nan,0,nan,0,nan,0,nan,0
1597988442156431872,1597988442573999872,2020-08-21 13:40:42.574000,5272.0,5304.0,5141.0,5195.0,nan,5228.0,48494,1267768875.0,40425,5272.0,1,5269.0,3,nan,0,nan,0,nan,0,nan,0,nan,0,nan,0,nan,0,nan,0
1597988442652883968,1597988443073999872,2020-08-21 13:40:43.074000,5272.0,5304.0,5141.0,5195.0,nan,5228.0,48494,1267768875.0,40425,5272.0,1,5270.0,2,nan,0,nan,0,nan,0,nan,0,nan,0,nan,0,nan,0,nan,0
1597988443661635072,1597988443938999808,2020-08-21 13:40:43.939000,5270.0,5304.0,5141.0,5195.0,nan,5228.0,48496,1267821575.0,40423,5272.0,1,5269.0,1,nan,0,nan,0,nan,0,nan,0,nan,0,nan,0,nan,0,nan,0
1597988444168214016,1597988444572999936,2020-08-21 13:40:44.573000,5272.0,5304.0,5141.0,5195.0,nan,5228.0,48497,1267847935.0,40422,5273.0,4,5269.0,1,nan,0,nan,0,nan,0,nan,0,nan,0,nan,0,nan,0,nan,0
1597988445635552000,1597988446209000192,2020-08-21 13:40:46.209000,5273.0,5304.0,5141.0,5195.0,nan,5228.0,48499,1267900665.0,40421,5273.0,2,5269.0,1,nan,0,nan,0,nan,0,nan,0,nan,0,nan,0,nan,0,nan,0
1597988446143514112,1597988446435000064,2020-08-21 13:40:46.435000,5273.0,5304.0,5141.0,5195.0,nan,5228.0,48499,1267900665.0,40421,5273.0,2,5270.0,1,nan,0,nan,0,nan,0,nan,0,nan,0,nan,0,nan,0,nan,0
1597988446639976960,1597988447240000000,2020-08-21 13:40:47.240000,5273.0,5304.0,5141.0,5195.0,nan,5228.0,48501,1267953395.0,40421,5274.0,32,5270.0,1,nan,0,nan,0,nan,0,nan,0,nan,0,nan,0,nan,0,nan,0
1597988447144326912,1597988447653000192,2020-08-21 13:40:47.653000,5273.0,5304.0,5141.0,5195.0,nan,5228.0,48501,1267953395.0,40421,5274.0,32,5273.0,15,nan,0,nan,0,nan,0,nan,0,nan,0,nan,0,nan,0,nan,0
1597988447641533952,1597988448193000192,2020-08-21 13:40:48.193000,5273.0,5304.0,5141.0,5195.0,nan,5228.0,48516,1268348870.0,40430,5274.0,32,5270.0,1,nan,0,nan,0,nan,0,nan,0,nan,0,nan,0,nan,0,nan,0
1597988448640430080,1597988449076999936,2020-08-21 13:40:49.077000,5270.0,5304.0,5141.0,5195.0,nan,5228.0,48526,1268612370.0,40430,5274.0,32,5269.0,1,nan,0,nan,0,nan,0,nan,0,nan,0,nan,0,nan,0,nan,0
1597988449133257984,1597988449573999872,2020-08-21 13:40:49.574000,5270.0,5304.0,5141.0,5195.0,nan,5228.0,48526,1268612370.0,40430,5273.0,2,5270.0,2,nan,0,nan,0,nan,0,nan,0,nan,0,nan,0,nan,0,nan,0
1597988449645149952,1597988449894000128,2020-08-21 13:40:49.894000,5270.0,5304.0,5141.0,5195.0,nan,5228.0,48526,1268612370.0,40430,5272.0,2,5270.0,2,nan,0,nan,0,nan,0,nan,0,nan,0,nan,0,nan,0,nan,0
1597988451655495936,1597988452242000128,2020-08-21 13:40:52.242000,5272.0,5304.0,5141.0,5195.0,nan,5228.0,48528,1268665090.0,40432,5273.0,1,5272.0,13,nan,0,nan,0,nan,0,nan,0,nan,0,nan,0,nan,0,nan,0
1597988452641263104,1597988453120999936,2020-08-21 13:40:53.121000,5273.0,5304.0,5141.0,5195.0,nan,5228.0,48529,1268691455.0,40432,5274.0,32,5272.0,14,nan,0,nan,0,nan,0,nan,0,nan,0,nan,0,nan,0,nan,0
1597988453637964032,1597988454150000128,2020-08-21 13:40:54.150000,5272.0,5304.0,5141.0,5195.0,nan,5228.0,48531,1268744175.0,40434,5274.0,32,5272.0,12,nan,0,nan,0,nan,0,nan,0,nan,0,nan,0,nan,0,nan,0
1597988454636325120,1597988454931000064,2020-08-21 13:40:54.931000,5272.0,5304.0,5141.0,5195.0,nan,5228.0,48532,1268770535.0,40435,5274.0,32,5272.0,11,nan,0,nan,0,nan,0,nan,0,nan,0,nan,0,nan,0,nan,0
1597988455150970112,1597988455470000128,2020-08-21 13:40:55.470000,5274.0,5304.0,5141.0,5195.0,nan,5228.0,48534,1268823275.0,40434,5274.0,31,5272.0,11,nan,0,nan,0,nan,0,nan,0,nan,0,nan,0,nan,0,nan,0
1597988455640444928,1597988455950000128,2020-08-21 13:40:55.950000,5274.0,5304.0,5141.0,5195.0,nan,5228.0,48534,1268823275.0,40434,5274.0,32,5272.0,11,nan,0,nan,0,nan,0,nan,0,nan,0,nan,0,nan,0,nan,0
1597988456636527104,1597988457240000000,2020-08-21 13:40:57.240000,5274.0,5304.0,5141.0,5195.0,nan,5228.0,48536,1268876015.0,40432,5274.0,30,5272.0,11,nan,0,nan,0,nan,0,nan,0,nan,0,nan,0,nan,0,nan,0
1597988458139424000,1597988458690000128,2020-08-21 13:40:58.690000,5274.0,5304.0,5141.0,5195.0,nan,5228.0,48547,1269166085.0,40430,5274.0,19,5272.0,11,nan,0,nan,0,nan,0,nan,0,nan,0,nan,0,nan,0,nan,0
1597988460180541952,1597988460573999872,2020-08-21 13:41:00.574000,5274.0,5304.0,5141.0,5195.0,nan,5228.0,48547,1269166085.0,40430,5274.0,23,5272.0,11,nan,0,nan,0,nan,0,nan,0,nan,0,nan,0,nan,0,nan,0
1597988460636971008,1597988461076999936,2020-08-21 13:41:01.077000,5274.0,5304.0,5141.0,5195.0,nan,5228.0,48547,1269166085.0,40430,5274.0,39,5272.0,11,nan,0,nan,0,nan,0,nan,0,nan,0,nan,0,nan,0,nan,0
1597988461644134912,1597988462236000000,2020-08-21 13:41:02.236000,5274.0,5304.0,5141.0,5195.0,nan,5228.0,48547,1269166085.0,40430,5274.0,39,5272.0,13,nan,0,nan,0,nan,0,nan,0,nan,0,nan,0,nan,0,nan,0
1597988462647010048,1597988463151000064,2020-08-21 13:41:03.151000,5274.0,5304.0,5141.0,5195.0,nan,5228.0,48547,1269166085.0,40430,5274.0,38,5272.0,13,nan,0,nan,0,nan,0,nan,0,nan,0,nan,0,nan,0,nan,0
1597988463629753088,1597988463990000128,2020-08-21 13:41:03.990000,5274.0,5304.0,5141.0,5195.0,nan,5228.0,48549,1269218825.0,40428,5274.0,36,5272.0,13,nan,0,nan,0,nan,0,nan,0,nan,0,nan,0,nan,0,nan,0
1597988464162810880,1597988464639000064,2020-08-21 13:41:04.639000,5274.0,5304.0,5141.0,5195.0,nan,5228.0,48549,1269218825.0,40428,5274.0,37,5272.0,13,nan,0,nan,0,nan,0,nan,0,nan,0,nan,0,nan,0,nan,0
1597988465155578112,1597988465690000128,2020-08-21 13:41:05.690000,5272.0,5304.0,5141.0,5195.0,nan,5228.0,48562,1269561505.0,40427,5272.0,24,5270.0,2,nan,0,nan,0,nan,0,nan,0,nan,0,nan,0,nan,0,nan,0
1597988466160197888,1597988466540999936,2020-08-21 13:41:06.541000,5272.0,5304.0,5141.0,5195.0,nan,5228.0,48564,1269614225.0,40425,5272.0,22,5270.0,2,nan,0,nan,0,nan,0,nan,0,nan,0,nan,0,nan,0,nan,0
1597988468159024128,1597988468596999936,2020-08-21 13:41:08.597000,5272.0,5304.0,5141.0,5195.0,nan,5228.0,48566,1269666945.0,40423,5272.0,20,5270.0,2,nan,0,nan,0,nan,0,nan,0,nan,0,nan,0,nan,0,nan,0
1597988468642567936,1597988469217999872,2020-08-21 13:41:09.218000,5270.0,5304.0,5141.0,5195.0,nan,5228.0,48568,1269719645.0,40421,5270.0,43,5269.0,3,nan,0,nan,0,nan,0,nan,0,nan,0,nan,0,nan,0,nan,0
1597988469155600896,1597988469713999872,2020-08-21 13:41:09.714000,5269.0,5304.0,5141.0,5195.0,nan,5228.0,48572,1269825035.0,40418,5270.0,59,5268.0,2,nan,0,nan,0,nan,0,nan,0,nan,0,nan,0,nan,0,nan,0
1597988471159635968,1597988471668999936,2020-08-21 13:41:11.669000,5269.0,5304.0,5141.0,5195.0,nan,5228.0,48572,1269825035.0,40418,5270.0,59,5269.0,4,nan,0,nan,0,nan,0,nan,0,nan,0,nan,0,nan,0,nan,0
1597988473137234944,1597988473673000192,2020-08-21 13:41:13.673000,5270.0,5304.0,5141.0,5195.0,nan,5228.0,48573,1269851385.0,40417,5270.0,58,5269.0,4,nan,0,nan,0,nan,0,nan,0,nan,0,nan,0,nan,0,nan,0
1597988473636229120,1597988474176000000,2020-08-21 13:41:14.176000,5269.0,5304.0,5141.0,5195.0,nan,5228.0,48577,1269956765.0,40417,5269.0,1,5268.0,1,nan,0,nan,0,nan,0,nan,0,nan,0,nan,0,nan,0,nan,0
1597988474154798080,1597988474595000064,2020-08-21 13:41:14.595000,5268.0,5304.0,5141.0,5195.0,nan,5228.0,48578,1269983105.0,40418,5269.0,17,5267.0,7,nan,0,nan,0,nan,0,nan,0,nan,0,nan,0,nan,0,nan,0
1597988474633283072,1597988475194999808,2020-08-21 13:41:15.195000,5269.0,5304.0,5141.0,5195.0,nan,5228.0,48580,1270035795.0,40418,5269.0,15,5266.0,3,nan,0,nan,0,nan,0,nan,0,nan,0,nan,0,nan,0,nan,0
1597988475637321984,1597988476076000000,2020-08-21 13:41:16.076000,5269.0,5304.0,5141.0,5195.0,nan,5228.0,48580,1270035795.0,40418,5268.0,17,5266.0,3,nan,0,nan,0,nan,0,nan,0,nan,0,nan,0,nan,0,nan,0
1597988477184282880,1597988477670000128,2020-08-21 13:41:17.670000,5269.0,5304.0,5141.0,5195.0,nan,5228.0,48582,1270088485.0,40418,5268.0,15,5266.0,3,nan,0,nan,0,nan,0,nan,0,nan,0,nan,0,nan,0,nan,0
1597988479145573120,1597988479513999872,2020-08-21 13:41:19.514000,5266.0,5304.0,5141.0,5195.0,nan,5228.0,48585,1270167505.0,40418,5268.0,13,5266.0,2,nan,0,nan,0,nan,0,nan,0,nan,0,nan,0,nan,0,nan,0
1597988480164450048,1597988480596000000,2020-08-21 13:41:20.596000,5268.0,5304.0,5141.0,5195.0,nan,5228.0,48587,1270220185.0,40418,5268.0,11,5267.0,2,nan,0,nan,0,nan,0,nan,0,nan,0,nan,0,nan,0,nan,0
1597988480649553920,1597988481196000000,2020-08-21 13:41:21.196000,5268.0,5304.0,5141.0,5195.0,nan,5228.0,48588,1270246525.0,40419,5268.0,10,5267.0,2,nan,0,nan,0,nan,0,nan,0,nan,0,nan,0,nan,0,nan,0
1597988482134903040,1597988482469000192,2020-08-21 13:41:22.469000,5268.0,5304.0,5141.0,5195.0,nan,5228.0,48588,1270246525.0,40419,5268.0,10,5266.0,2,nan,0,nan,0,nan,0,nan,0,nan,0,nan,0,nan,0,nan,0
1597988482670258944,1597988483081000192,2020-08-21 13:41:23.081000,5268.0,5304.0,5141.0,5195.0,nan,5228.0,48598,1270509925.0,40419,5270.0,39,5267.0,2,nan,0,nan,0,nan,0,nan,0,nan,0,nan,0,nan,0,nan,0
1597988483641413888,1597988484128999936,2020-08-21 13:41:24.129000,5267.0,5304.0,5141.0,5195.0,nan,5228.0,48600,1270562595.0,40419,5270.0,39,5268.0,3,nan,0,nan,0,nan,0,nan,0,nan,0,nan,0,nan,0,nan,0
1597988485642162944,1597988486210000128,2020-08-21 13:41:26.210000,5270.0,5304.0,5141.0,5195.0,nan,5228.0,48602,1270615295.0,40417,5270.0,37,5268.0,3,nan,0,nan,0,nan,0,nan,0,nan,0,nan,0,nan,0,nan,0
1597988488139162112,1597988488660999936,2020-08-21 13:41:28.661000,5270.0,5304.0,5141.0,5195.0,nan,5228.0,48604,1270667995.0,40415,5270.0,35,5268.0,3,nan,0,nan,0,nan,0,nan,0,nan,0,nan,0,nan,0,nan,0
1597988490159457024,1597988490568999936,2020-08-21 13:41:30.569000,5270.0,5304.0,5141.0,5195.0,nan,5228.0,48607,1270747045.0,40412,5270.0,32,5268.0,3,nan,0,nan,0,nan,0,nan,0,nan,0,nan,0,nan,0,nan,0
1597988490642650112,1597988491073999872,2020-08-21 13:41:31.074000,5270.0,5304.0,5141.0,5195.0,nan,5228.0,48607,1270747045.0,40412,5270.0,48,5268.0,3,nan,0,nan,0,nan,0,nan,0,nan,0,nan,0,nan,0,nan,0
1597988491139880960,1597988491576999936,2020-08-21 13:41:31.577000,5270.0,5304.0,5141.0,5195.0,nan,5228.0,48609,1270799745.0,40410,5270.0,46,5268.0,4,nan,0,nan,0,nan,0,nan,0,nan,0,nan,0,nan,0,nan,0
1597988492663782912,1597988493201999872,2020-08-21 13:41:33.202000,5270.0,5304.0,5141.0,5195.0,nan,5228.0,48610,1270826095.0,40409,5270.0,45,5268.0,5,nan,0,nan,0,nan,0,nan,0,nan,0,nan,0,nan,0,nan,0
1597988493162682880,1597988493576000000,2020-08-21 13:41:33.576000,5270.0,5304.0,5141.0,5195.0,nan,5228.0,48655,1272011845.0,40407,5272.0,5,5270.0,3,nan,0,nan,0,nan,0,nan,0,nan,0,nan,0,nan,0,nan,0
1597988493655640064,1597988494171000064,2020-08-21 13:41:34.171000,5272.0,5304.0,5141.0,5195.0,nan,5228.0,48656,1272038205.0,40406,5272.0,4,5270.0,3,nan,0,nan,0,nan,0,nan,0,nan,0,nan,0,nan,0,nan,0
1597988494141751040,1597988494471000064,2020-08-21 13:41:34.471000,5272.0,5304.0,5141.0,5195.0,nan,5228.0,48656,1272038205.0,40406,5272.0,4,5270.0,4,nan,0,nan,0,nan,0,nan,0,nan,0,nan,0,nan,0,nan,0
1597988494640324096,1597988495226000128,2020-08-21 13:41:35.226000,5274.0,5304.0,5141.0,5195.0,nan,5228.0,48665,1272275495.0,40402,5274.0,12,5270.0,4,nan,0,nan,0,nan,0,nan,0,nan,0,nan,0,nan,0,nan,0
1597988495181650944,1597988495671000064,2020-08-21 13:41:35.671000,5274.0,5304.0,5141.0,5195.0,nan,5228.0,48665,1272275495.0,40402,5274.0,12,5271.0,1,nan,0,nan,0,nan,0,nan,0,nan,0,nan,0,nan,0,nan,0
1597988497137228032,1597988497608000000,2020-08-21 13:41:37.608000,5274.0,5304.0,5141.0,5195.0,nan,5228.0,48668,1272354605.0,40399,5274.0,9,5271.0,1,nan,0,nan,0,nan,0,nan,0,nan,0,nan,0,nan,0,nan,0
1597988497639980032,1597988497996000000,2020-08-21 13:41:37.996000,5274.0,5304.0,5141.0,5195.0,nan,5228.0,48668,1272354605.0,40399,5274.0,10,5271.0,1,nan,0,nan,0,nan,0,nan,0,nan,0,nan,0,nan,0,nan,0
1597988499155170048,1597988499708000000,2020-08-21 13:41:39.708000,5274.0,5304.0,5141.0,5195.0,nan,5228.0,48670,1272407345.0,40397,5274.0,8,5271.0,1,nan,0,nan,0,nan,0,nan,0,nan,0,nan,0,nan,0,nan,0
1597988499632836096,1597988500065999872,2020-08-21 13:41:40.066000,5274.0,5304.0,5141.0,5195.0,nan,5228.0,48670,1272407345.0,40397,5274.0,9,5271.0,1,nan,0,nan,0,nan,0,nan,0,nan,0,nan,0,nan,0,nan,0
1597988500178284032,1597988500622999808,2020-08-21 13:41:40.623000,5274.0,5304.0,5141.0,5195.0,nan,5228.0,48670,1272407345.0,40397,5274.0,9,5272.0,1,nan,0,nan,0,nan,0,nan,0,nan,0,nan,0,nan,0,nan,0
1597988501150098944,1597988501572999936,2020-08-21 13:41:41.573000,5274.0,5304.0,5141.0,5195.0,nan,5228.0,48672,1272460085.0,40395,5274.0,7,5272.0,2,nan,0,nan,0,nan,0,nan,0,nan,0,nan,0,nan,0,nan,0
1597988502162755072,1597988502584999936,2020-08-21 13:41:42.585000,5274.0,5304.0,5141.0,5195.0,nan,5228.0,48674,1272512825.0,40393,5274.0,5,5272.0,2,nan,0,nan,0,nan,0,nan,0,nan,0,nan,0,nan,0,nan,0
1597988503648132096,1597988504160000000,2020-08-21 13:41:44.160000,5272.0,5304.0,5141.0,5195.0,nan,5228.0,48676,1272565545.0,40394,5272.0,3,5271.0,1,nan,0,nan,0,nan,0,nan,0,nan,0,nan,0,nan,0,nan,0
1597988504162501888,1597988504631000064,2020-08-21 13:41:44.631000,5272.0,5304.0,5141.0,5195.0,nan,5228.0,48679,1272644625.0,40395,5274.0,5,5273.0,1,nan,0,nan,0,nan,0,nan,0,nan,0,nan,0,nan,0,nan,0
1597988504648163072,1597988504926000128,2020-08-21 13:41:44.926000,5273.0,5304.0,5141.0,5195.0,nan,5228.0,48680,1272670990.0,40394,5274.0,5,5272.0,1,nan,0,nan,0,nan,0,nan,0,nan,0,nan,0,nan,0,nan,0
1597988508155627008,1597988508585999872,2020-08-21 13:41:48.586000,5274.0,5304.0,5141.0,5195.0,nan,5228.0,48683,1272750100.0,40393,5274.0,2,5272.0,1,nan,0,nan,0,nan,0,nan,0,nan,0,nan,0,nan,0,nan,0
1597988508640547072,1597988509089999872,2020-08-21 13:41:49.090000,5272.0,5304.0,5141.0,5195.0,nan,5228.0,48687,1272855540.0,40393,5274.0,2,5271.0,4,nan,0,nan,0,nan,0,nan,0,nan,0,nan,0,nan,0,nan,0
1597988509149057024,1597988509657999872,2020-08-21 13:41:49.658000,5272.0,5304.0,5141.0,5195.0,nan,5228.0,48687,1272855540.0,40393,5274.0,3,5272.0,4,nan,0,nan,0,nan,0,nan,0,nan,0,nan,0,nan,0,nan,0
1597988510155301888,1597988510740000000,2020-08-21 13:41:50.740000,5274.0,5304.0,5141.0,5195.0,nan,5228.0,48689,1272908280.0,40393,5274.0,1,5272.0,4,nan,0,nan,0,nan,0,nan,0,nan,0,nan,0,nan,0,nan,0
1597988512152740096,1597988512588000000,2020-08-21 13:41:52.588000,5274.0,5304.0,5141.0,5195.0,nan,5228.0,48690,1272934650.0,40393,5275.0,10,5272.0,4,nan,0,nan,0,nan,0,nan,0,nan,0,nan,0,nan,0,nan,0
1597988512640329984,1597988513073999872,2020-08-21 13:41:53.074000,5272.0,5304.0,5141.0,5195.0,nan,5228.0,48694,1273040090.0,40389,5272.0,6,5271.0,2,nan,0,nan,0,nan,0,nan,0,nan,0,nan,0,nan,0,nan,0
1597988513154120960,1597988513617000192,2020-08-21 13:41:53.617000,5272.0,5304.0,5141.0,5195.0,nan,5228.0,48697,1273119170.0,40387,5272.0,3,5271.0,2,nan,0,nan,0,nan,0,nan,0,nan,0,nan,0,nan,0,nan,0
1597988513638486016,1597988514076000000,2020-08-21 13:41:54.076000,5272.0,5304.0,5141.0,5195.0,nan,5228.0,48700,1273198250.0,40387,5275.0,10,5271.0,2,nan,0,nan,0,nan,0,nan,0,nan,0,nan,0,nan,0,nan,0
1597988514157947904,1597988514582000128,2020-08-21 13:41:54.582000,5272.0,5304.0,5141.0,5195.0,nan,5228.0,48700,1273198250.0,40387,5274.0,4,5272.0,2,nan,0,nan,0,nan,0,nan,0,nan,0,nan,0,nan,0,nan,0
1597988515133669888,1597988515575000064,2020-08-21 13:41:55.575000,5273.0,5304.0,5141.0,5195.0,nan,5228.0,48702,1273250985.0,40389,5274.0,3,5272.0,2,nan,0,nan,0,nan,0,nan,0,nan,0,nan,0,nan,0,nan,0
1597988519163320064,1597988519672000000,2020-08-21 13:41:59.672000,5274.0,5304.0,5141.0,5195.0,nan,5228.0,48704,1273303725.0,40389,5274.0,3,5272.0,2,nan,0,nan,0,nan,0,nan,0,nan,0,nan,0,nan,0,nan,0
1597988520177915904,1597988520426000128,2020-08-21 13:42:00.426000,5274.0,5304.0,5141.0,5195.0,nan,5228.0,48704,1273303725.0,40389,5274.0,2,5272.0,2,nan,0,nan,0,nan,0,nan,0,nan,0,nan,0,nan,0,nan,0
1597988520646275072,1597988521104999936,2020-08-21 13:42:01.105000,5274.0,5304.0,5141.0,5195.0,nan,5228.0,48704,1273303725.0,40389,5274.0,13,5272.0,2,nan,0,nan,0,nan,0,nan,0,nan,0,nan,0,nan,0,nan,0
1597988521155550976,1597988521678999808,2020-08-21 13:42:01.679000,5272.0,5304.0,5141.0,5195.0,nan,5228.0,48732,1274041815.0,40387,5274.0,13,5271.0,1,nan,0,nan,0,nan,0,nan,0,nan,0,nan,0,nan,0,nan,0
1597988521649911040,1597988522082000128,2020-08-21 13:42:02.082000,5274.0,5304.0,5141.0,5195.0,nan,5228.0,48734,1274094550.0,40386,5274.0,12,5271.0,4,nan,0,nan,0,nan,0,nan,0,nan,0,nan,0,nan,0,nan,0
1597988522190415104,1597988522665999872,2020-08-21 13:42:02.666000,5274.0,5304.0,5141.0,5195.0,nan,5228.0,48734,1274094550.0,40386,5273.0,1,5271.0,4,nan,0,nan,0,nan,0,nan,0,nan,0,nan,0,nan,0,nan,0
1597988522650437888,1597988522936000000,2020-08-21 13:42:02.936000,5274.0,5304.0,5141.0,5195.0,nan,5228.0,48734,1274094550.0,40386,5273.0,12,5271.0,4,nan,0,nan,0,nan,0,nan,0,nan,0,nan,0,nan,0,nan,0
1597988523155863040,1597988523616000000,2020-08-21 13:42:03.616000,5274.0,5304.0,5141.0,5195.0,nan,5228.0,48736,1274147290.0,40386,5273.0,10,5271.0,4,nan,0,nan,0,nan,0,nan,0,nan,0,nan,0,nan,0,nan,0
1597988524142524928,1597988524651000064,2020-08-21 13:42:04.651000,5274.0,5304.0,5141.0,5195.0,nan,5228.0,48738,1274200030.0,40386,5273.0,8,5271.0,4,nan,0,nan,0,nan,0,nan,0,nan,0,nan,0,nan,0,nan,0
1597988530143832064,1597988530671000064,2020-08-21 13:42:10.671000,5271.0,5304.0,5141.0,5195.0,nan,5228.0,48744,1274358190.0,40384,5273.0,6,5270.0,11,nan,0,nan,0,nan,0,nan,0,nan,0,nan,0,nan,0,nan,0
1597988530666059008,1597988530936999936,2020-08-21 13:42:10.937000,5271.0,5304.0,5141.0,5195.0,nan,5228.0,48744,1274358190.0,40384,5273.0,6,5272.0,2,nan,0,nan,0,nan,0,nan,0,nan,0,nan,0,nan,0,nan,0
1597988531650245120,1597988531983000064,2020-08-21 13:42:11.983000,5271.0,5304.0,5141.0,5195.0,nan,5228.0,48747,1274437255.0,40381,5273.0,6,5271.0,1,nan,0,nan,0,nan,0,nan,0,nan,0,nan,0,nan,0,nan,0
1597988532639408896,1597988533227000064,2020-08-21 13:42:13.227000,5273.0,5304.0,5141.0,5195.0,nan,5228.0,48749,1274489985.0,40381,5273.0,4,5271.0,1,nan,0,nan,0,nan,0,nan,0,nan,0,nan,0,nan,0,nan,0
1597988533143593984,1597988533579000064,2020-08-21 13:42:13.579000,5273.0,5304.0,5141.0,5195.0,nan,5228.0,48750,1274516350.0,40381,5273.0,3,5271.0,1,nan,0,nan,0,nan,0,nan,0,nan,0,nan,0,nan,0,nan,0
1597988534144134912,1597988534632999936,2020-08-21 13:42:14.633000,5273.0,5304.0,5141.0,5195.0,nan,5228.0,48752,1274569080.0,40381,5273.0,2,5271.0,1,nan,0,nan,0,nan,0,nan,0,nan,0,nan,0,nan,0,nan,0
1597988535170482944,1597988535717999872,2020-08-21 13:42:15.718000,5273.0,5304.0,5141.0,5195.0,nan,5228.0,48754,1274621810.0,40381,5274.0,2,5271.0,1,nan,0,nan,0,nan,0,nan,0,nan,0,nan,0,nan,0,nan,0
1597988535645921024,1597988536105999872,2020-08-21 13:42:16.106000,5273.0,5304.0,5141.0,5195.0,nan,5228.0,48754,1274621810.0,40381,5273.0,1,5270.0,11,nan,0,nan,0,nan,0,nan,0,nan,0,nan,0,nan,0,nan,0
1597988536140465920,1597988536690000128,2020-08-21 13:42:16.690000,5273.0,5304.0,5141.0,5195.0,nan,5228.0,48754,1274621810.0,40381,5273.0,1,5271.0,1,nan,0,nan,0,nan,0,nan,0,nan,0,nan,0,nan,0,nan,0
1597988538181666048,1597988538706000128,2020-08-21 13:42:18.706000,5271.0,5304.0,5141.0,5195.0,nan,5228.0,48755,1274648165.0,40380,5274.0,2,5270.0,11,nan,0,nan,0,nan,0,nan,0,nan,0,nan,0,nan,0,nan,0
1597988538644476928,1597988539088000000,2020-08-21 13:42:19.088000,5271.0,5304.0,5141.0,5195.0,nan,5228.0,48755,1274648165.0,40380,5273.0,4,5270.0,10,nan,0,nan,0,nan,0,nan,0,nan,0,nan,0,nan,0,nan,0
1597988539660299008,1597988540073999872,2020-08-21 13:42:20.074000,5271.0,5304.0,5141.0,5195.0,nan,5228.0,48755,1274648165.0,40380,5273.0,4,5269.0,1,nan,0,nan,0,nan,0,nan,0,nan,0,nan,0,nan,0,nan,0
1597988540167073024,1597988540628999936,2020-08-21 13:42:20.629000,5271.0,5304.0,5141.0,5195.0,nan,5228.0,48755,1274648165.0,40380,5273.0,5,5269.0,1,nan,0,nan,0,nan,0,nan,0,nan,0,nan,0,nan,0,nan,0
1597988540647939072,1597988541207000064,2020-08-21 13:42:21.207000,5271.0,5304.0,5141.0,5195.0,nan,5228.0,48755,1274648165.0,40380,5273.0,5,5269.0,3,nan,0,nan,0,nan,0,nan,0,nan,0,nan,0,nan,0,nan,0
1597988541163881984,1597988541617000192,2020-08-21 13:42:21.617000,5273.0,5304.0,5141.0,5195.0,nan,5228.0,48757,1274700895.0,40380,5273.0,4,5270.0,2,nan,0,nan,0,nan,0,nan,0,nan,0,nan,0,nan,0,nan,0
1597988541639341056,1597988542174000128,2020-08-21 13:42:22.174000,5273.0,5304.0,5141.0,5195.0,nan,5228.0,48757,1274700895.0,40380,5272.0,2,5270.0,3,nan,0,nan,0,nan,0,nan,0,nan,0,nan,0,nan,0,nan,0
1597988543652032000,1597988543901999872,2020-08-21 13:42:23.902000,5273.0,5304.0,5141.0,5195.0,nan,5228.0,48759,1274753625.0,40380,5273.0,4,5271.0,23,nan,0,nan,0,nan,0,nan,0,nan,0,nan,0,nan,0,nan,0
1597988545184710912,1597988545664000000,2020-08-21 13:42:25.664000,5273.0,5304.0,5141.0,5195.0,nan,5228.0,48761,1274806355.0,40379,5274.0,6,5271.0,23,nan,0,nan,0,nan,0,nan,0,nan,0,nan,0,nan,0,nan,0
1597988545657347072,1597988546046000128,2020-08-21 13:42:26.046000,5273.0,5304.0,5141.0,5195.0,nan,5228.0,48761,1274806355.0,40379,5274.0,4,5272.0,2,nan,0,nan,0,nan,0,nan,0,nan,0,nan,0,nan,0,nan,0
1597988546166552064,1597988546696000000,2020-08-21 13:42:26.696000,5274.0,5304.0,5141.0,5195.0,nan,5228.0,48763,1274859095.0,40379,5274.0,2,5272.0,2,nan,0,nan,0,nan,0,nan,0,nan,0,nan,0,nan,0,nan,0
1597988546649990912,1597988547075000064,2020-08-21 13:42:27.075000,5274.0,5304.0,5141.0,5195.0,nan,5228.0,48763,1274859095.0,40379,5273.0,2,5272.0,2,nan,0,nan,0,nan,0,nan,0,nan,0,nan,0,nan,0,nan,0
1597988548139232000,1597988548709000192,2020-08-21 13:42:28.709000,5272.0,5304.0,5141.0,5195.0,nan,5228.0,48764,1274885455.0,40378,5273.0,2,5272.0,2,nan,0,nan,0,nan,0,nan,0,nan,0,nan,0,nan,0,nan,0
1597988549630651904,1597988549914000128,2020-08-21 13:42:29.914000,5272.0,5304.0,5141.0,5195.0,nan,5228.0,48766,1274938175.0,40377,5273.0,2,5271.0,23,nan,0,nan,0,nan,0,nan,0,nan,0,nan,0,nan,0,nan,0
1597988550693337088,1597988550926000128,2020-08-21 13:42:30.926000,5272.0,5304.0,5141.0,5195.0,nan,5228.0,48766,1274938175.0,40377,5273.0,9,5271.0,23,nan,0,nan,0,nan,0,nan,0,nan,0,nan,0,nan,0,nan,0
1597988552159926016,1597988552436999936,2020-08-21 13:42:32.437000,5273.0,5304.0,5141.0,5195.0,nan,5228.0,48768,1274990905.0,40375,5273.0,7,5271.0,23,nan,0,nan,0,nan,0,nan,0,nan,0,nan,0,nan,0,nan,0
1597988552638432000,1597988553033999872,2020-08-21 13:42:33.034000,5273.0,5304.0,5141.0,5195.0,nan,5228.0,48769,1275017270.0,40376,5273.0,6,5271.0,23,nan,0,nan,0,nan,0,nan,0,nan,0,nan,0,nan,0,nan,0
1597988553180278016,1597988553572999936,2020-08-21 13:42:33.573000,5273.0,5304.0,5141.0,5195.0,nan,5228.0,48770,1275043635.0,40376,5273.0,5,5271.0,23,nan,0,nan,0,nan,0,nan,0,nan,0,nan,0,nan,0,nan,0
1597988554630109952,1597988554935000064,2020-08-21 13:42:34.935000,5273.0,5304.0,5141.0,5195.0,nan,5228.0,48772,1275096365.0,40376,5273.0,3,5271.0,23,nan,0,nan,0,nan,0,nan,0,nan,0,nan,0,nan,0,nan,0
1597988556193299968,1597988556696999936,2020-08-21 13:42:36.697000,5273.0,5304.0,5141.0,5195.0,nan,5228.0,48774,1275149095.0,40376,5273.0,1,5271.0,23,nan,0,nan,0,nan,0,nan,0,nan,0,nan,0,nan,0,nan,0
1597988556666507008,1597988557073999872,2020-08-21 13:42:37.074000,5273.0,5304.0,5141.0,5195.0,nan,5228.0,48775,1275175460.0,40377,5273.0,2,5271.0,23,nan,0,nan,0,nan,0,nan,0,nan,0,nan,0,nan,0,nan,0
1597988557149042944,1597988557728000000,2020-08-21 13:42:37.728000,5273.0,5304.0,5141.0,5195.0,nan,5228.0,48777,1275228190.0,40377,5273.0,8,5271.0,23,nan,0,nan,0,nan,0,nan,0,nan,0,nan,0,nan,0,nan,0
1597988560155127040,1597988560545000192,2020-08-21 13:42:40.545000,5273.0,5304.0,5141.0,5195.0,nan,5228.0,48777,1275228190.0,40377,5272.0,5,5271.0,23,nan,0,nan,0,nan,0,nan,0,nan,0,nan,0,nan,0,nan,0
1597988560655350016,1597988560904999936,2020-08-21 13:42:40.905000,5273.0,5304.0,5141.0,5195.0,nan,5228.0,48778,1275254555.0,40377,5272.0,4,5271.0,23,nan,0,nan,0,nan,0,nan,0,nan,0,nan,0,nan,0,nan,0
1597988561164956928,1597988561573999872,2020-08-21 13:42:41.574000,5272.0,5304.0,5141.0,5195.0,nan,5228.0,48782,1275359995.0,40373,5273.0,8,5271.0,23,nan,0,nan,0,nan,0,nan,0,nan,0,nan,0,nan,0,nan,0
1597988563137451008,1597988563559000064,2020-08-21 13:42:43.559000,5273.0,5304.0,5141.0,5195.0,nan,5228.0,48784,1275412725.0,40373,5273.0,6,5271.0,23,nan,0,nan,0,nan,0,nan,0,nan,0,nan,0,nan,0,nan,0
1597988565184349952,1597988565573999872,2020-08-21 13:42:45.574000,5272.0,5304.0,5141.0,5195.0,nan,5228.0,48794,1275676325.0,40363,5273.0,6,5271.0,23,nan,0,nan,0,nan,0,nan,0,nan,0,nan,0,nan,0,nan,0
1597988565640420096,1597988565936999936,2020-08-21 13:42:45.937000,5273.0,5304.0,5141.0,5195.0,nan,5228.0,48796,1275729055.0,40363,5273.0,4,5271.0,23,nan,0,nan,0,nan,0,nan,0,nan,0,nan,0,nan,0,nan,0
1597988566146187008,1597988566661999872,2020-08-21 13:42:46.662000,5273.0,5304.0,5141.0,5195.0,nan,5228.0,48797,1275755420.0,40363,5273.0,3,5271.0,23,nan,0,nan,0,nan,0,nan,0,nan,0,nan,0,nan,0,nan,0
1597988567163418880,1597988567729000192,2020-08-21 13:42:47.729000,5273.0,5304.0,5141.0,5195.0,nan,5228.0,48799,1275808150.0,40363,5273.0,1,5271.0,23,nan,0,nan,0,nan,0,nan,0,nan,0,nan,0,nan,0,nan,0
1597988568640407040,1597988568924999936,2020-08-21 13:42:48.925000,5273.0,5304.0,5141.0,5195.0,nan,5228.0,48800,1275834515.0,40363,5273.0,2,5271.0,23,nan,0,nan,0,nan,0,nan,0,nan,0,nan,0,nan,0,nan,0
1597988573656347904,1597988574105999872,2020-08-21 13:42:54.106000,5273.0,5304.0,5141.0,5195.0,nan,5228.0,48800,1275834515.0,40363,5274.0,23,5271.0,23,nan,0,nan,0,nan,0,nan,0,nan,0,nan,0,nan,0,nan,0
1597988574180564992,1597988574596000000,2020-08-21 13:42:54.596000,5273.0,5304.0,5141.0,5195.0,nan,5228.0,48802,1275887245.0,40361,5274.0,23,5271.0,23,nan,0,nan,0,nan,0,nan,0,nan,0,nan,0,nan,0,nan,0
1597988575660555008,1597988576072999936,2020-08-21 13:42:56.073000,5273.0,5304.0,5141.0,5195.0,nan,5228.0,48802,1275887245.0,40361,5274.0,24,5271.0,23,nan,0,nan,0,nan,0,nan,0,nan,0,nan,0,nan,0,nan,0
1597988576655557120,1597988577030999808,2020-08-21 13:42:57.031000,5274.0,5304.0,5141.0,5195.0,nan,5228.0,48804,1275939985.0,40359,5274.0,22,5271.0,23,nan,0,nan,0,nan,0,nan,0,nan,0,nan,0,nan,0,nan,0
1597988578148228096,1597988578605999872,2020-08-21 13:42:58.606000,5274.0,5304.0,5141.0,5195.0,nan,5228.0,48814,1276203685.0,40359,5273.0,6,5272.0,6,nan,0,nan,0,nan,0,nan,0,nan,0,nan,0,nan,0,nan,0
1597988578640792064,1597988578933000192,2020-08-21 13:42:58.933000,5273.0,5304.0,5141.0,5195.0,nan,5228.0,48822,1276414575.0,40355,5273.0,4,5271.0,23,nan,0,nan,0,nan,0,nan,0,nan,0,nan,0,nan,0,nan,0
1597988579175982080,1597988579668999936,2020-08-21 13:42:59.669000,5271.0,5304.0,5141.0,5195.0,nan,5228.0,48823,1276440930.0,40356,5273.0,4,5271.0,22,nan,0,nan,0,nan,0,nan,0,nan,0,nan,0,nan,0,nan,0
1597988579639585024,1597988579996999936,2020-08-21 13:42:59.997000,5273.0,5304.0,5141.0,5195.0,nan,5228.0,48825,1276493660.0,40354,5273.0,2,5271.0,22,nan,0,nan,0,nan,0,nan,0,nan,0,nan,0,nan,0,nan,0
1597988580643471872,1597988581196999936,2020-08-21 13:43:01.197000,5273.0,5304.0,5141.0,5195.0,nan,5228.0,48825,1276493660.0,40354,5273.0,5,5271.0,22,nan,0,nan,0,nan,0,nan,0,nan,0,nan,0,nan,0,nan,0
1597988581653212928,1597988582194000128,2020-08-21 13:43:02.194000,5273.0,5304.0,5141.0,5195.0,nan,5228.0,48826,1276520025.0,40353,5273.0,5,5271.0,22,nan,0,nan,0,nan,0,nan,0,nan,0,nan,0,nan,0,nan,0
1597988582180573952,1597988582438999808,2020-08-21 13:43:02.439000,5271.0,5304.0,5141.0,5195.0,nan,5228.0,48840,1276888995.0,40353,5273.0,5,5271.0,8,nan,0,nan,0,nan,0,nan,0,nan,0,nan,0,nan,0,nan,0
1597988585162928128,1597988585670000128,2020-08-21 13:43:05.670000,5273.0,5304.0,5141.0,5195.0,nan,5228.0,48842,1276941725.0,40352,5273.0,3,5271.0,8,nan,0,nan,0,nan,0,nan,0,nan,0,nan,0,nan,0,nan,0
1597988587137574912,1597988587581000192,2020-08-21 13:43:07.581000,5273.0,5304.0,5141.0,5195.0,nan,5228.0,48842,1276941725.0,40352,5273.0,4,5271.0,8,nan,0,nan,0,nan,0,nan,0,nan,0,nan,0,nan,0,nan,0
1597988587678706944,1597988588069999872,2020-08-21 13:43:08.070000,5273.0,5304.0,5141.0,5195.0,nan,5228.0,48844,1276994455.0,40352,5273.0,2,5271.0,8,nan,0,nan,0,nan,0,nan,0,nan,0,nan,0,nan,0,nan,0
1597988588167003904,1597988588717999872,2020-08-21 13:43:08.718000,5273.0,5304.0,5141.0,5195.0,nan,5228.0,48847,1277073550.0,40350,5274.0,11,5273.0,73,nan,0,nan,0,nan,0,nan,0,nan,0,nan,0,nan,0,nan,0
1597988588707053056,1597988589125999872,2020-08-21 13:43:09.126000,5274.0,5304.0,5141.0,5195.0,nan,5228.0,48871,1277706485.0,40344,5276.0,1,5273.0,73,nan,0,nan,0,nan,0,nan,0,nan,0,nan,0,nan,0,nan,0
1597988589167796992,1597988589579000064,2020-08-21 13:43:09.579000,5274.0,5304.0,5141.0,5195.0,nan,5228.0,48871,1277706485.0,40344,5276.0,2,5273.0,73,nan,0,nan,0,nan,0,nan,0,nan,0,nan,0,nan,0,nan,0
1597988589649314048,1597988589960000000,2020-08-21 13:43:09.960000,5276.0,5304.0,5141.0,5195.0,nan,5228.0,48872,1277732865.0,40344,5276.0,1,5273.0,73,nan,0,nan,0,nan,0,nan,0,nan,0,nan,0,nan,0,nan,0
1597988590163920896,1597988590737999872,2020-08-21 13:43:10.738000,5273.0,5304.0,5141.0,5195.0,nan,5228.0,48874,1277785595.0,40342,5275.0,4,5273.0,71,nan,0,nan,0,nan,0,nan,0,nan,0,nan,0,nan,0,nan,0
1597988590641572096,1597988591081000192,2020-08-21 13:43:11.081000,5275.0,5304.0,5141.0,5195.0,nan,5228.0,48876,1277838345.0,40340,5275.0,12,5273.0,71,nan,0,nan,0,nan,0,nan,0,nan,0,nan,0,nan,0,nan,0
1597988593632734976,1597988593926000128,2020-08-21 13:43:13.926000,5275.0,5304.0,5141.0,5195.0,nan,5228.0,48881,1277970220.0,40335,5275.0,7,5273.0,71,nan,0,nan,0,nan,0,nan,0,nan,0,nan,0,nan,0,nan,0
1597988594647890944,1597988595000000000,2020-08-21 13:43:15.000000,5275.0,5304.0,5141.0,5195.0,nan,5228.0,48881,1277970220.0,40335,5275.0,7,5273.0,81,nan,0,nan,0,nan,0,nan,0,nan,0,nan,0,nan,0,nan,0
1597988596153238016,1597988596680000000,2020-08-21 13:43:16.680000,5275.0,5304.0,5141.0,5195.0,nan,5228.0,48883,1278022970.0,40333,5275.0,5,5273.0,81,nan,0,nan,0,nan,0,nan,0,nan,0,nan,0,nan,0,nan,0
1597988596647664128,1597988596928999936,2020-08-21 13:43:16.929000,5275.0,5304.0,5141.0,5195.0,nan,5228.0,48883,1278022970.0,40333,5275.0,5,5274.0,2,nan,0,nan,0,nan,0,nan,0,nan,0,nan,0,nan,0,nan,0
1597988598649113088,1597988599131000064,2020-08-21 13:43:19.131000,5275.0,5304.0,5141.0,5195.0,nan,5228.0,48885,1278075720.0,40331,5275.0,3,5274.0,2,nan,0,nan,0,nan,0,nan,0,nan,0,nan,0,nan,0,nan,0
1597988600636147968,1597988600977999872,2020-08-21 13:43:20.978000,5275.0,5304.0,5141.0,5195.0,nan,5228.0,48887,1278128470.0,40329,5275.0,1,5274.0,2,nan,0,nan,0,nan,0,nan,0,nan,0,nan,0,nan,0,nan,0
1597988601641689088,1597988602108999936,2020-08-21 13:43:22.109000,5275.0,5304.0,5141.0,5195.0,nan,5228.0,48888,1278154845.0,40328,5275.0,2,5273.0,81,nan,0,nan,0,nan,0,nan,0,nan,0,nan,0,nan,0,nan,0
1597988603193712128,1597988603704999936,2020-08-21 13:43:23.705000,5273.0,5304.0,5141.0,5195.0,nan,5228.0,48889,1278181210.0,40327,5275.0,2,5273.0,80,nan,0,nan,0,nan,0,nan,0,nan,0,nan,0,nan,0,nan,0
1597988607157839104,1597988607712000000,2020-08-21 13:43:27.712000,5275.0,5304.0,5141.0,5195.0,nan,5228.0,48891,1278233960.0,40325,5276.0,21,5273.0,80,nan,0,nan,0,nan,0,nan,0,nan,0,nan,0,nan,0,nan,0
1597988607648240896,1597988608236999936,2020-08-21 13:43:28.237000,5273.0,5304.0,5141.0,5195.0,nan,5228.0,48892,1278260325.0,40324,5275.0,2,5273.0,79,nan,0,nan,0,nan,0,nan,0,nan,0,nan,0,nan,0,nan,0
1597988609652393984,1597988610228000000,2020-08-21 13:43:30.228000,5274.0,5304.0,5141.0,5195.0,nan,5228.0,48930,1279262220.0,40291,5274.0,41,5273.0,46,nan,0,nan,0,nan,0,nan,0,nan,0,nan,0,nan,0,nan,0
1597988610166951936,1597988610601999872,2020-08-21 13:43:30.602000,5273.0,5304.0,5141.0,5195.0,nan,5228.0,48979,1280554105.0,40287,5273.0,3,5271.0,8,nan,0,nan,0,nan,0,nan,0,nan,0,nan,0,nan,0,nan,0
1597988610639333120,1597988611073999872,2020-08-21 13:43:31.074000,5273.0,5304.0,5141.0,5195.0,nan,5228.0,48980,1280580470.0,40287,5273.0,4,5271.0,8,nan,0,nan,0,nan,0,nan,0,nan,0,nan,0,nan,0,nan,0
1597988611652472064,1597988612168000000,2020-08-21 13:43:32.168000,5273.0,5304.0,5141.0,5195.0,nan,5228.0,48982,1280633200.0,40287,5273.0,2,5271.0,8,nan,0,nan,0,nan,0,nan,0,nan,0,nan,0,nan,0,nan,0
1597988612652954112,1597988613204999936,2020-08-21 13:43:33.205000,5273.0,5304.0,5141.0,5195.0,nan,5228.0,48984,1280685930.0,40287,5274.0,5,5271.0,8,nan,0,nan,0,nan,0,nan,0,nan,0,nan,0,nan,0,nan,0
1597988613165187072,1597988613619000064,2020-08-21 13:43:33.619000,5273.0,5304.0,5141.0,5195.0,nan,5228.0,48984,1280685930.0,40287,5274.0,18,5271.0,13,nan,0,nan,0,nan,0,nan,0,nan,0,nan,0,nan,0,nan,0
1597988613668864000,1597988614073999872,2020-08-21 13:43:34.074000,5274.0,5304.0,5141.0,5195.0,nan,5229.0,48996,1281002370.0,40278,5274.0,6,5271.0,13,nan,0,nan,0,nan,0,nan,0,nan,0,nan,0,nan,0,nan,0
1597988616157091072,1597988616653000192,2020-08-21 13:43:36.653000,5274.0,5304.0,5141.0,5195.0,nan,5229.0,48996,1281002370.0,40278,5274.0,6,5272.0,2,nan,0,nan,0,nan,0,nan,0,nan,0,nan,0,nan,0,nan,0
1597988618177284096,1597988618742000128,2020-08-21 13:43:38.742000,5274.0,5304.0,5141.0,5195.0,nan,5229.0,48998,1281055110.0,40276,5274.0,4,5272.0,2,nan,0,nan,0,nan,0,nan,0,nan,0,nan,0,nan,0,nan,0
1597988619972516096,1597988620073999872,2020-08-21 13:43:40.074000,5273.0,5304.0,5141.0,5195.0,nan,5229.0,48999,1281081475.0,40276,5274.0,4,5272.0,2,nan,0,nan,0,nan,0,nan,0,nan,0,nan,0,nan,0,nan,0
1597988620636069888,1597988621194000128,2020-08-21 13:43:41.194000,5274.0,5304.0,5141.0,5195.0,nan,5229.0,49001,1281134215.0,40274,5274.0,2,5272.0,2,nan,0,nan,0,nan,0,nan,0,nan,0,nan,0,nan,0,nan,0
1597988622635628032,1597988623038000128,2020-08-21 13:43:43.038000,5274.0,5304.0,5141.0,5195.0,nan,5229.0,49003,1281186955.0,40272,5275.0,2,5272.0,2,nan,0,nan,0,nan,0,nan,0,nan,0,nan,0,nan,0,nan,0
1597988623144239104,1597988623628000000,2020-08-21 13:43:43.628000,5274.0,5304.0,5141.0,5195.0,nan,5229.0,49003,1281186955.0,40272,5273.0,6,5272.0,2,nan,0,nan,0,nan,0,nan,0,nan,0,nan,0,nan,0,nan,0
1597988623636449024,1597988624229000192,2020-08-21 13:43:44.229000,5274.0,5304.0,5141.0,5195.0,nan,5229.0,49011,1281397885.0,40266,5275.0,2,5272.0,2,nan,0,nan,0,nan,0,nan,0,nan,0,nan,0,nan,0,nan,0
1597988626142832128,1597988626724000000,2020-08-21 13:43:46.724000,5274.0,5304.0,5141.0,5195.0,nan,5229.0,49011,1281397885.0,40266,5275.0,4,5272.0,2,nan,0,nan,0,nan,0,nan,0,nan,0,nan,0,nan,0,nan,0
1597988626640324096,1597988627000000000,2020-08-21 13:43:47.000000,5274.0,5304.0,5141.0,5195.0,nan,5229.0,49011,1281397885.0,40266,5274.0,3,5272.0,2,nan,0,nan,0,nan,0,nan,0,nan,0,nan,0,nan,0,nan,0
1597988627641527040,1597988628104000000,2020-08-21 13:43:48.104000,5274.0,5304.0,5141.0,5195.0,nan,5229.0,49011,1281397885.0,40266,5274.0,3,5272.0,13,nan,0,nan,0,nan,0,nan,0,nan,0,nan,0,nan,0,nan,0
1597988628633315072,1597988629076999936,2020-08-21 13:43:49.077000,5274.0,5304.0,5141.0,5195.0,nan,5229.0,49014,1281476995.0,40267,5275.0,4,5274.0,7,nan,0,nan,0,nan,0,nan,0,nan,0,nan,0,nan,0,nan,0
1597988629635122944,1597988630000000000,2020-08-21 13:43:50.000000,5275.0,5304.0,5141.0,5195.0,nan,5229.0,49016,1281529745.0,40266,5275.0,2,5274.0,7,nan,0,nan,0,nan,0,nan,0,nan,0,nan,0,nan,0,nan,0
1597988630154919936,1597988630707000064,2020-08-21 13:43:50.707000,5275.0,5304.0,5141.0,5195.0,nan,5229.0,49018,1281582495.0,40264,5276.0,28,5275.0,7,nan,0,nan,0,nan,0,nan,0,nan,0,nan,0,nan,0,nan,0
1597988630643387904,1597988631096999936,2020-08-21 13:43:51.097000,5276.0,5304.0,5141.0,5195.0,nan,5229.0,49046,1282321135.0,40252,5277.0,32,5276.0,6,nan,0,nan,0,nan,0,nan,0,nan,0,nan,0,nan,0,nan,0
1597988631147453952,1597988631696999936,2020-08-21 13:43:51.697000,5276.0,5304.0,5141.0,5195.0,nan,5229.0,49047,1282347515.0,40251,5277.0,32,5276.0,2,nan,0,nan,0,nan,0,nan,0,nan,0,nan,0,nan,0,nan,0
1597988631642376960,1597988632224999936,2020-08-21 13:43:52.225000,5277.0,5304.0,5141.0,5195.0,nan,5229.0,49052,1282479420.0,40252,5277.0,30,5275.0,93,nan,0,nan,0,nan,0,nan,0,nan,0,nan,0,nan,0,nan,0
1597988633647385088,1597988634098000128,2020-08-21 13:43:54.098000,5277.0,5304.0,5141.0,5195.0,nan,5229.0,49054,1282532190.0,40251,5277.0,29,5275.0,93,nan,0,nan,0,nan,0,nan,0,nan,0,nan,0,nan,0,nan,0
1597988634643348992,1597988635170000128,2020-08-21 13:43:55.170000,5277.0,5304.0,5141.0,5195.0,nan,5229.0,49056,1282584960.0,40251,5278.0,18,5275.0,93,nan,0,nan,0,nan,0,nan,0,nan,0,nan,0,nan,0,nan,0
1597988635136738048,1597988635391000064,2020-08-21 13:43:55.391000,5277.0,5304.0,5141.0,5195.0,nan,5229.0,49056,1282584960.0,40251,5278.0,18,5276.0,2,nan,0,nan,0,nan,0,nan,0,nan,0,nan,0,nan,0,nan,0
1597988636639558912,1597988637099000064,2020-08-21 13:43:57.099000,5276.0,5304.0,5141.0,5195.0,nan,5229.0,49057,1282611340.0,40250,5278.0,18,5276.0,1,nan,0,nan,0,nan,0,nan,0,nan,0,nan,0,nan,0,nan,0
1597988638633627904,1597988639082000128,2020-08-21 13:43:59.082000,5276.0,5304.0,5141.0,5195.0,nan,5229.0,49058,1282637720.0,40249,5278.0,18,5275.0,93,nan,0,nan,0,nan,0,nan,0,nan,0,nan,0,nan,0,nan,0
1597988640654770944,1597988641170000128,2020-08-21 13:44:01.170000,5277.0,5304.0,5141.0,5195.0,nan,5229.0,49060,1282690490.0,40247,5278.0,18,5275.0,93,nan,0,nan,0,nan,0,nan,0,nan,0,nan,0,nan,0,nan,0
1597988641147194112,1597988641644000000,2020-08-21 13:44:01.644000,5277.0,5304.0,5141.0,5195.0,nan,5229.0,49061,1282716875.0,40247,5278.0,18,5275.0,94,nan,0,nan,0,nan,0,nan,0,nan,0,nan,0,nan,0,nan,0
1597988642162157056,1597988642734999808,2020-08-21 13:44:02.735000,5278.0,5304.0,5141.0,5195.0,nan,5229.0,49080,1283218285.0,40234,5279.0,11,5275.0,94,nan,0,nan,0,nan,0,nan,0,nan,0,nan,0,nan,0,nan,0
1597988642635982080,1597988643098000128,2020-08-21 13:44:03.098000,5278.0,5304.0,5141.0,5195.0,nan,5229.0,49080,1283218285.0,40234,5278.0,2,5276.0,2,nan,0,nan,0,nan,0,nan,0,nan,0,nan,0,nan,0,nan,0
1597988643153021952,1597988643697999872,2020-08-21 13:44:03.698000,5278.0,5304.0,5141.0,5195.0,nan,5229.0,49082,1283271065.0,40234,5279.0,15,5276.0,2,nan,0,nan,0,nan,0,nan,0,nan,0,nan,0,nan,0,nan,0
1597988644645705984,1597988645104000000,2020-08-21 13:44:05.104000,5278.0,5304.0,5141.0,5195.0,nan,5229.0,49087,1283402990.0,40232,5279.0,11,5276.0,2,nan,0,nan,0,nan,0,nan,0,nan,0,nan,0,nan,0,nan,0
1597988645165022976,1597988645690000128,2020-08-21 13:44:05.690000,5276.0,5304.0,5141.0,5195.0,nan,5229.0,49088,1283429370.0,40231,5279.0,11,5276.0,1,nan,0,nan,0,nan,0,nan,0,nan,0,nan,0,nan,0,nan,0
1597988645646406912,1597988646198999808,2020-08-21 13:44:06.199000,5279.0,5304.0,5141.0,5195.0,nan,5229.0,49092,1283534920.0,40231,5279.0,10,5275.0,94,nan,0,nan,0,nan,0,nan,0,nan,0,nan,0,nan,0,nan,0
1597988646160352000,1597988646434000128,2020-08-21 13:44:06.434000,5279.0,5304.0,5141.0,5195.0,nan,5229.0,49093,1283561315.0,40231,5279.0,10,5276.0,3,nan,0,nan,0,nan,0,nan,0,nan,0,nan,0,nan,0,nan,0
1597988647633342976,1597988648131000064,2020-08-21 13:44:08.131000,5278.0,5304.0,5141.0,5195.0,nan,5229.0,49094,1283587705.0,40231,5279.0,10,5276.0,3,nan,0,nan,0,nan,0,nan,0,nan,0,nan,0,nan,0,nan,0
1597988648158778112,1597988648672000000,2020-08-21 13:44:08.672000,5277.0,5304.0,5141.0,5195.0,nan,5229.0,49095,1283614090.0,40232,5279.0,10,5276.0,3,nan,0,nan,0,nan,0,nan,0,nan,0,nan,0,nan,0,nan,0
1597988648637959936,1597988649073999872,2020-08-21 13:44:09.074000,5277.0,5304.0,5141.0,5195.0,nan,5229.0,49095,1283614090.0,40232,5279.0,1,5276.0,3,nan,0,nan,0,nan,0,nan,0,nan,0,nan,0,nan,0,nan,0
1597988649182083072,1597988649575000064,2020-08-21 13:44:09.575000,5277.0,5304.0,5141.0,5195.0,nan,5229.0,49095,1283614090.0,40232,5278.0,7,5276.0,3,nan,0,nan,0,nan,0,nan,0,nan,0,nan,0,nan,0,nan,0
1597988649633017088,1597988650000000000,2020-08-21 13:44:10.000000,5277.0,5304.0,5141.0,5195.0,nan,5229.0,49095,1283614090.0,40232,5278.0,7,5276.0,5,nan,0,nan,0,nan,0,nan,0,nan,0,nan,0,nan,0,nan,0
1597988650630522112,1597988651075000064,2020-08-21 13:44:11.075000,5277.0,5304.0,5141.0,5195.0,nan,5229.0,49095,1283614090.0,40232,5278.0,7,5276.0,17,nan,0,nan,0,nan,0,nan,0,nan,0,nan,0,nan,0,nan,0
1597988651180189952,1597988651670000128,2020-08-21 13:44:11.670000,5277.0,5304.0,5141.0,5195.0,nan,5229.0,49097,1283666860.0,40232,5278.0,3,5276.0,15,nan,0,nan,0,nan,0,nan,0,nan,0,nan,0,nan,0,nan,0
1597988651659830016,1597988652244999936,2020-08-21 13:44:12.245000,5278.0,5304.0,5141.0,5195.0,nan,5229.0,49099,1283719640.0,40232,5279.0,1,5276.0,15,nan,0,nan,0,nan,0,nan,0,nan,0,nan,0,nan,0,nan,0
1597988652642934016,1597988653197999872,2020-08-21 13:44:13.198000,5276.0,5304.0,5141.0,5195.0,nan,5229.0,49100,1283746020.0,40233,5279.0,1,5276.0,14,nan,0,nan,0,nan,0,nan,0,nan,0,nan,0,nan,0,nan,0
1597988653642966016,1597988654101000192,2020-08-21 13:44:14.101000,5276.0,5304.0,5141.0,5195.0,nan,5229.0,49100,1283746020.0,40233,5279.0,1,5277.0,2,nan,0,nan,0,nan,0,nan,0,nan,0,nan,0,nan,0,nan,0
1597988654163435008,1597988654575000064,2020-08-21 13:44:14.575000,5279.0,5304.0,5141.0,5195.0,nan,5229.0,49102,1283798805.0,40232,5279.0,15,5277.0,4,nan,0,nan,0,nan,0,nan,0,nan,0,nan,0,nan,0,nan,0
1597988654633170944,1597988655076000000,2020-08-21 13:44:15.076000,5279.0,5304.0,5141.0,5195.0,nan,5229.0,49114,1284115545.0,40222,5280.0,238,5277.0,2,nan,0,nan,0,nan,0,nan,0,nan,0,nan,0,nan,0,nan,0
1597988655158212096,1597988655601000192,2020-08-21 13:44:15.601000,5279.0,5304.0,5141.0,5195.0,nan,5229.0,49114,1284115545.0,40222,5279.0,2,5277.0,2,nan,0,nan,0,nan,0,nan,0,nan,0,nan,0,nan,0,nan,0
1597988656164016896,1597988656572999936,2020-08-21 13:44:16.573000,5279.0,5304.0,5141.0,5195.0,nan,5229.0,49116,1284168335.0,40220,5280.0,233,5277.0,2,nan,0,nan,0,nan,0,nan,0,nan,0,nan,0,nan,0,nan,0
1597988656650072064,1597988657000000000,2020-08-21 13:44:17.000000,5279.0,5304.0,5141.0,5195.0,nan,5229.0,49116,1284168335.0,40220,5280.0,234,5277.0,2,nan,0,nan,0,nan,0,nan,0,nan,0,nan,0,nan,0,nan,0
1597988657165163008,1597988657670000128,2020-08-21 13:44:17.670000,5280.0,5304.0,5141.0,5195.0,nan,5229.0,49118,1284221135.0,40220,5280.0,232,5277.0,2,nan,0,nan,0,nan,0,nan,0,nan,0,nan,0,nan,0,nan,0
1597988657629048064,1597988658000000000,2020-08-21 13:44:18.000000,5280.0,5304.0,5141.0,5195.0,nan,5229.0,49121,1284300335.0,40220,5280.0,230,5277.0,2,nan,0,nan,0,nan,0,nan,0,nan,0,nan,0,nan,0,nan,0
1597988658150312960,1597988658601999872,2020-08-21 13:44:18.602000,5277.0,5304.0,5141.0,5195.0,nan,5229.0,49123,1284353105.0,40222,5280.0,230,5276.0,19,nan,0,nan,0,nan,0,nan,0,nan,0,nan,0,nan,0,nan,0
1597988658645718016,1597988659142999808,2020-08-21 13:44:19.143000,5276.0,5304.0,5141.0,5195.0,nan,5229.0,49124,1284379485.0,40222,5280.0,230,5276.0,18,nan,0,nan,0,nan,0,nan,0,nan,0,nan,0,nan,0,nan,0
1597988659636680960,1597988660237999872,2020-08-21 13:44:20.238000,5276.0,5304.0,5141.0,5195.0,nan,5229.0,49124,1284379485.0,40222,5280.0,230,5276.0,23,nan,0,nan,0,nan,0,nan,0,nan,0,nan,0,nan,0,nan,0
1597988660157125888,1597988660737999872,2020-08-21 13:44:20.738000,5276.0,5304.0,5141.0,5195.0,nan,5229.0,49124,1284379485.0,40222,5280.0,229,5276.0,23,nan,0,nan,0,nan,0,nan,0,nan,0,nan,0,nan,0,nan,0
1597988660647464960,1597988661144000000,2020-08-21 13:44:21.144000,5277.0,5304.0,5141.0,5195.0,nan,5229.0,49128,1284485055.0,40222,5280.0,105,5276.0,23,nan,0,nan,0,nan,0,nan,0,nan,0,nan,0,nan,0,nan,0
1597988661160070912,1597988661744999936,2020-08-21 13:44:21.745000,5277.0,5304.0,5141.0,5195.0,nan,5229.0,49136,1284696135.0,40220,5280.0,227,5276.0,23,nan,0,nan,0,nan,0,nan,0,nan,0,nan,0,nan,0,nan,0
1597988661635222016,1597988662171000064,2020-08-21 13:44:22.171000,5277.0,5304.0,5141.0,5195.0,nan,5229.0,49136,1284696135.0,40220,5279.0,8,5276.0,23,nan,0,nan,0,nan,0,nan,0,nan,0,nan,0,nan,0,nan,0
1597988662147286016,1597988662737999872,2020-08-21 13:44:22.738000,5276.0,5304.0,5141.0,5195.0,nan,5229.0,49139,1284775275.0,40220,5278.0,2,5276.0,20,nan,0,nan,0,nan,0,nan,0,nan,0,nan,0,nan,0,nan,0
1597988662636442880,1597988663248000000,2020-08-21 13:44:23.248000,5278.0,5304.0,5141.0,5195.0,nan,5229.0,49141,1284828055.0,40220,5279.0,12,5276.0,20,nan,0,nan,0,nan,0,nan,0,nan,0,nan,0,nan,0,nan,0
1597988663152015872,1597988663640000000,2020-08-21 13:44:23.640000,5278.0,5304.0,5141.0,5195.0,nan,5229.0,49141,1284828055.0,40220,5279.0,12,5276.0,30,nan,0,nan,0,nan,0,nan,0,nan,0,nan,0,nan,0,nan,0
1597988663642137088,1597988664198999808,2020-08-21 13:44:24.199000,5277.0,5304.0,5141.0,5195.0,nan,5229.0,49143,1284880825.0,40220,5279.0,12,5276.0,30,nan,0,nan,0,nan,0,nan,0,nan,0,nan,0,nan,0,nan,0
1597988664151152896,1597988664671000064,2020-08-21 13:44:24.671000,5277.0,5304.0,5141.0,5195.0,nan,5229.0,49143,1284880825.0,40220,5278.0,2,5276.0,30,nan,0,nan,0,nan,0,nan,0,nan,0,nan,0,nan,0,nan,0
1597988664639406080,1597988665170000128,2020-08-21 13:44:25.170000,5276.0,5304.0,5141.0,5195.0,nan,5229.0,49153,1285144625.0,40230,5278.0,2,5276.0,20,nan,0,nan,0,nan,0,nan,0,nan,0,nan,0,nan,0,nan,0
1597988665140924928,1597988665584999936,2020-08-21 13:44:25.585000,5278.0,5304.0,5141.0,5195.0,nan,5229.0,49155,1285197405.0,40230,5279.0,27,5276.0,20,nan,0,nan,0,nan,0,nan,0,nan,0,nan,0,nan,0,nan,0
1597988665638768896,1597988666224999936,2020-08-21 13:44:26.225000,5278.0,5304.0,5141.0,5195.0,nan,5229.0,49160,1285329355.0,40228,5279.0,27,5276.0,20,nan,0,nan,0,nan,0,nan,0,nan,0,nan,0,nan,0,nan,0
1597988666158661888,1597988666670000128,2020-08-21 13:44:26.670000,5278.0,5304.0,5141.0,5195.0,nan,5229.0,49160,1285329355.0,40228,5279.0,28,5276.0,20,nan,0,nan,0,nan,0,nan,0,nan,0,nan,0,nan,0,nan,0
1597988666633670912,1597988667244000000,2020-08-21 13:44:27.244000,5278.0,5304.0,5141.0,5195.0,nan,5229.0,49160,1285329355.0,40228,5279.0,26,5276.0,27,nan,0,nan,0,nan,0,nan,0,nan,0,nan,0,nan,0,nan,0
1597988667160425984,1597988667508999936,2020-08-21 13:44:27.509000,5279.0,5304.0,5141.0,5195.0,nan,5229.0,49162,1285382145.0,40226,5279.0,22,5277.0,2,nan,0,nan,0,nan,0,nan,0,nan,0,nan,0,nan,0,nan,0
1597988668144588032,1597988668720000000,2020-08-21 13:44:28.720000,5279.0,5304.0,5141.0,5195.0,nan,5229.0,49164,1285434935.0,40225,5280.0,104,5278.0,2,nan,0,nan,0,nan,0,nan,0,nan,0,nan,0,nan,0,nan,0
1597988668652848128,1597988669056999936,2020-08-21 13:44:29.057000,5279.0,5304.0,5141.0,5195.0,nan,5229.0,49165,1285461330.0,40225,5280.0,104,5278.0,2,nan,0,nan,0,nan,0,nan,0,nan,0,nan,0,nan,0,nan,0
1597988670181912064,1597988670573999872,2020-08-21 13:44:30.574000,5279.0,5304.0,5141.0,5195.0,nan,5229.0,49165,1285461330.0,40225,5280.0,104,5277.0,3,nan,0,nan,0,nan,0,nan,0,nan,0,nan,0,nan,0,nan,0
1597988670644972032,1597988671171000064,2020-08-21 13:44:31.171000,5279.0,5304.0,5141.0,5195.0,nan,5229.0,49165,1285461330.0,40225,5279.0,20,5277.0,4,nan,0,nan,0,nan,0,nan,0,nan,0,nan,0,nan,0,nan,0
1597988671144999936,1597988671604999936,2020-08-21 13:44:31.605000,5277.0,5304.0,5141.0,5195.0,nan,5229.0,49170,1285593295.0,40222,5280.0,104,5277.0,1,nan,0,nan,0,nan,0,nan,0,nan,0,nan,0,nan,0,nan,0
1597988671645777920,1597988672044000000,2020-08-21 13:44:32.044000,5278.0,5304.0,5141.0,5195.0,nan,5229.0,49171,1285619685.0,40221,5280.0,104,5277.0,1,nan,0,nan,0,nan,0,nan,0,nan,0,nan,0,nan,0,nan,0
1597988672158531072,1597988672744000000,2020-08-21 13:44:32.744000,5278.0,5304.0,5141.0,5195.0,nan,5229.0,49177,1285777980.0,40220,5279.0,1,5277.0,4,nan,0,nan,0,nan,0,nan,0,nan,0,nan,0,nan,0,nan,0
1597988672637790976,1597988673244999936,2020-08-21 13:44:33.245000,5278.0,5304.0,5141.0,5195.0,nan,5229.0,49177,1285777980.0,40220,5279.0,1,5277.0,5,nan,0,nan,0,nan,0,nan,0,nan,0,nan,0,nan,0,nan,0
1597988673158583040,1597988673684999936,2020-08-21 13:44:33.685000,5278.0,5304.0,5141.0,5195.0,nan,5229.0,49178,1285804370.0,40219,5279.0,1,5277.0,15,nan,0,nan,0,nan,0,nan,0,nan,0,nan,0,nan,0,nan,0
1597988673635333888,1597988674171000064,2020-08-21 13:44:34.171000,5279.0,5304.0,5141.0,5195.0,nan,5229.0,49179,1285830765.0,40219,5280.0,104,5277.0,15,nan,0,nan,0,nan,0,nan,0,nan,0,nan,0,nan,0,nan,0
1597988674144432896,1597988674731000064,2020-08-21 13:44:34.731000,5279.0,5304.0,5141.0,5195.0,nan,5229.0,49179,1285830765.0,40219,5279.0,17,5277.0,15,nan,0,nan,0,nan,0,nan,0,nan,0,nan,0,nan,0,nan,0
1597988674643286016,1597988675183000064,2020-08-21 13:44:35.183000,5279.0,5304.0,5141.0,5195.0,nan,5229.0,49179,1285830765.0,40219,5279.0,1,5277.0,15,nan,0,nan,0,nan,0,nan,0,nan,0,nan,0,nan,0,nan,0
1597988675158671104,1597988675677999872,2020-08-21 13:44:35.678000,5279.0,5304.0,5141.0,5195.0,nan,5229.0,49179,1285830765.0,40219,5279.0,18,5277.0,15,nan,0,nan,0,nan,0,nan,0,nan,0,nan,0,nan,0,nan,0
1597988675642071040,1597988676244999936,2020-08-21 13:44:36.245000,5279.0,5304.0,5141.0,5195.0,nan,5229.0,49180,1285857160.0,40219,5279.0,17,5277.0,15,nan,0,nan,0,nan,0,nan,0,nan,0,nan,0,nan,0,nan,0
1597988676158458112,1597988676706000128,2020-08-21 13:44:36.706000,5279.0,5304.0,5141.0,5195.0,nan,5229.0,49182,1285909950.0,40217,5280.0,104,5277.0,13,nan,0,nan,0,nan,0,nan,0,nan,0,nan,0,nan,0,nan,0
1597988677629438976,1597988678045000192,2020-08-21 13:44:38.045000,5279.0,5304.0,5141.0,5195.0,nan,5229.0,49182,1285909950.0,40217,5280.0,104,5277.0,11,nan,0,nan,0,nan,0,nan,0,nan,0,nan,0,nan,0,nan,0
1597988678165571072,1597988678670000128,2020-08-21 13:44:38.670000,5279.0,5304.0,5141.0,5195.0,nan,5229.0,49184,1285962740.0,40215,5280.0,104,5277.0,11,nan,0,nan,0,nan,0,nan,0,nan,0,nan,0,nan,0,nan,0
1597988679156092928,1597988679674000128,2020-08-21 13:44:39.674000,5279.0,5304.0,5141.0,5195.0,nan,5229.0,49186,1286015530.0,40213,5280.0,104,5277.0,11,nan,0,nan,0,nan,0,nan,0,nan,0,nan,0,nan,0,nan,0
1597988680634274048,1597988681155000064,2020-08-21 13:44:41.155000,5279.0,5304.0,5141.0,5195.0,nan,5229.0,49186,1286015530.0,40213,5279.0,14,5277.0,11,nan,0,nan,0,nan,0,nan,0,nan,0,nan,0,nan,0,nan,0
1597988681228091904,1597988681673000192,2020-08-21 13:44:41.673000,5279.0,5304.0,5141.0,5195.0,nan,5229.0,49186,1286015530.0,40213,5279.0,15,5277.0,11,nan,0,nan,0,nan,0,nan,0,nan,0,nan,0,nan,0,nan,0
1597988681641606912,1597988682214999808,2020-08-21 13:44:42.215000,5279.0,5304.0,5141.0,5195.0,nan,5229.0,49186,1286015530.0,40213,5279.0,1,5277.0,11,nan,0,nan,0,nan,0,nan,0,nan,0,nan,0,nan,0,nan,0
1597988683640188928,1597988684151000064,2020-08-21 13:44:44.151000,5278.0,5304.0,5141.0,5195.0,nan,5229.0,49191,1286147480.0,40213,5279.0,15,5277.0,11,nan,0,nan,0,nan,0,nan,0,nan,0,nan,0,nan,0,nan,0
1597988684669677056,1597988685072999936,2020-08-21 13:44:45.073000,5279.0,5304.0,5141.0,5195.0,nan,5229.0,49205,1286517010.0,40200,5280.0,104,5277.0,11,nan,0,nan,0,nan,0,nan,0,nan,0,nan,0,nan,0,nan,0
1597988685170932992,1597988685572999936,2020-08-21 13:44:45.573000,5279.0,5304.0,5141.0,5195.0,nan,5229.0,49206,1286543405.0,40201,5280.0,227,5278.0,1,nan,0,nan,0,nan,0,nan,0,nan,0,nan,0,nan,0,nan,0
1597988685636023040,1597988686075000064,2020-08-21 13:44:46.075000,5279.0,5304.0,5141.0,5195.0,nan,5229.0,49206,1286543405.0,40201,5279.0,1,5278.0,1,nan,0,nan,0,nan,0,nan,0,nan,0,nan,0,nan,0,nan,0
1597988686136983040,1597988686615000064,2020-08-21 13:44:46.615000,5277.0,5304.0,5141.0,5195.0,nan,5229.0,49217,1286833645.0,40201,5279.0,1,5277.0,1,nan,0,nan,0,nan,0,nan,0,nan,0,nan,0,nan,0,nan,0
1597988686654664960,1597988687223000064,2020-08-21 13:44:47.223000,5277.0,5304.0,5141.0,5195.0,nan,5229.0,49217,1286833645.0,40201,5279.0,3,5276.0,19,nan,0,nan,0,nan,0,nan,0,nan,0,nan,0,nan,0,nan,0
1597988687149927936,1597988687670000128,2020-08-21 13:44:47.670000,5277.0,5304.0,5141.0,5195.0,nan,5229.0,49219,1286886415.0,40199,5279.0,3,5276.0,19,nan,0,nan,0,nan,0,nan,0,nan,0,nan,0,nan,0,nan,0
1597988687642612992,1597988688206000128,2020-08-21 13:44:48.206000,5277.0,5304.0,5141.0,5195.0,nan,5229.0,49219,1286886415.0,40199,5279.0,2,5276.0,20,nan,0,nan,0,nan,0,nan,0,nan,0,nan,0,nan,0,nan,0
1597988688192723968,1597988688668000000,2020-08-21 13:44:48.668000,5276.0,5304.0,5141.0,5195.0,nan,5229.0,49224,1287018335.0,40202,5279.0,2,5276.0,19,nan,0,nan,0,nan,0,nan,0,nan,0,nan,0,nan,0,nan,0
1597988688635659008,1597988689237999872,2020-08-21 13:44:49.238000,5278.0,5304.0,5141.0,5195.0,nan,5229.0,49225,1287044725.0,40203,5278.0,1,5276.0,19,nan,0,nan,0,nan,0,nan,0,nan,0,nan,0,nan,0,nan,0
1597988689140218880,1597988689576000000,2020-08-21 13:44:49.576000,5278.0,5304.0,5141.0,5195.0,nan,5229.0,49226,1287071115.0,40203,5278.0,4,5276.0,19,nan,0,nan,0,nan,0,nan,0,nan,0,nan,0,nan,0,nan,0
1597988689660044032,1597988690081000192,2020-08-21 13:44:50.081000,5278.0,5304.0,5141.0,5195.0,nan,5229.0,49229,1287150285.0,40204,5278.0,1,5276.0,19,nan,0,nan,0,nan,0,nan,0,nan,0,nan,0,nan,0,nan,0
1597988690635347968,1597988691239000064,2020-08-21 13:44:51.239000,5276.0,5304.0,5141.0,5195.0,nan,5229.0,49234,1287282210.0,40206,5279.0,11,5276.0,17,nan,0,nan,0,nan,0,nan,0,nan,0,nan,0,nan,0,nan,0
1597988691153102080,1597988691576000000,2020-08-21 13:44:51.576000,5278.0,5304.0,5141.0,5195.0,nan,5229.0,49237,1287361380.0,40209,5278.0,3,5277.0,1,nan,0,nan,0,nan,0,nan,0,nan,0,nan,0,nan,0,nan,0
1597988691641788928,1597988692171000064,2020-08-21 13:44:52.171000,5277.0,5304.0,5141.0,5195.0,nan,5229.0,49240,1287440545.0,40209,5278.0,2,5276.0,17,nan,0,nan,0,nan,0,nan,0,nan,0,nan,0,nan,0,nan,0
1597988692145605120,1597988692582000128,2020-08-21 13:44:52.582000,5277.0,5304.0,5141.0,5195.0,nan,5229.0,49240,1287440545.0,40209,5278.0,3,5276.0,17,nan,0,nan,0,nan,0,nan,0,nan,0,nan,0,nan,0,nan,0
1597988693155892992,1597988693680999936,2020-08-21 13:44:53.681000,5278.0,5304.0,5141.0,5195.0,nan,5229.0,49241,1287466935.0,40210,5279.0,1,5277.0,10,nan,0,nan,0,nan,0,nan,0,nan,0,nan,0,nan,0,nan,0
1597988693651397120,1597988694207000064,2020-08-21 13:44:54.207000,5278.0,5304.0,5141.0,5195.0,nan,5229.0,49241,1287466935.0,40210,5279.0,11,5277.0,10,nan,0,nan,0,nan,0,nan,0,nan,0,nan,0,nan,0,nan,0
1597988694191024128,1597988694645999872,2020-08-21 13:44:54.646000,5277.0,5304.0,5141.0,5195.0,nan,5229.0,49242,1287493320.0,40211,5279.0,18,5277.0,9,nan,0,nan,0,nan,0,nan,0,nan,0,nan,0,nan,0,nan,0
1597988695664260096,1597988696203000064,2020-08-21 13:44:56.203000,5279.0,5304.0,5141.0,5195.0,nan,5229.0,49243,1287519715.0,40210,5279.0,25,5277.0,9,nan,0,nan,0,nan,0,nan,0,nan,0,nan,0,nan,0,nan,0
1597988696197030912,1597988696670000128,2020-08-21 13:44:56.670000,5279.0,5304.0,5141.0,5195.0,nan,5229.0,49245,1287572505.0,40210,5279.0,23,5277.0,9,nan,0,nan,0,nan,0,nan,0,nan,0,nan,0,nan,0,nan,0
1597988697637588992,1597988698078000128,2020-08-21 13:44:58.078000,5279.0,5304.0,5141.0,5195.0,nan,5229.0,49245,1287572505.0,40210,5278.0,1,5277.0,9,nan,0,nan,0,nan,0,nan,0,nan,0,nan,0,nan,0,nan,0
1597988698143927040,1597988698726000128,2020-08-21 13:44:58.726000,5279.0,5304.0,5141.0,5195.0,nan,5229.0,49248,1287651675.0,40211,5279.0,22,5277.0,8,nan,0,nan,0,nan,0,nan,0,nan,0,nan,0,nan,0,nan,0
1597988698640805120,1597988699007000064,2020-08-21 13:44:59.007000,5277.0,5304.0,5141.0,5195.0,nan,5229.0,49250,1287704445.0,40211,5279.0,12,5277.0,17,nan,0,nan,0,nan,0,nan,0,nan,0,nan,0,nan,0,nan,0
1597988699150961920,1597988699744000000,2020-08-21 13:44:59.744000,5277.0,5304.0,5141.0,5195.0,nan,5229.0,49252,1287757215.0,40211,5279.0,12,5277.0,15,nan,0,nan,0,nan,0,nan,0,nan,0,nan,0,nan,0,nan,0
1597988700158768128,1597988700569999872,2020-08-21 13:45:00.570000,5278.0,5304.0,5141.0,5195.0,nan,5229.0,49254,1287809995.0,40211,5279.0,20,5277.0,15,nan,0,nan,0,nan,0,nan,0,nan,0,nan,0,nan,0,nan,0
1597988700633517056,1597988701172000000,2020-08-21 13:45:01.172000,5278.0,5304.0,5141.0,5195.0,nan,5229.0,49264,1288073850.0,40211,5279.0,20,5278.0,1,nan,0,nan,0,nan,0,nan,0,nan,0,nan,0,nan,0,nan,0
1597988701137433088,1597988701460000000,2020-08-21 13:45:01.460000,5278.0,5304.0,5141.0,5195.0,nan,5229.0,49264,1288073850.0,40211,5279.0,20,5278.0,2,nan,0,nan,0,nan,0,nan,0,nan,0,nan,0,nan,0,nan,0
1597988701639579904,1597988702008000000,2020-08-21 13:45:02.008000,5279.0,5304.0,5141.0,5195.0,nan,5229.0,49266,1288126640.0,40211,5279.0,18,5278.0,2,nan,0,nan,0,nan,0,nan,0,nan,0,nan,0,nan,0,nan,0
1597988703162176000,1597988703706000128,2020-08-21 13:45:03.706000,5278.0,5304.0,5141.0,5195.0,nan,5229.0,49268,1288179420.0,40212,5279.0,16,5277.0,8,nan,0,nan,0,nan,0,nan,0,nan,0,nan,0,nan,0,nan,0
1597988703657747968,1597988704176999936,2020-08-21 13:45:04.177000,5279.0,5304.0,5141.0,5195.0,nan,5229.0,49270,1288232210.0,40214,5279.0,14,5277.0,8,nan,0,nan,0,nan,0,nan,0,nan,0,nan,0,nan,0,nan,0
1597988704641452032,1597988705073999872,2020-08-21 13:45:05.074000,5277.0,5304.0,5141.0,5195.0,nan,5229.0,49276,1288390520.0,40220,5278.0,1,5277.0,2,nan,0,nan,0,nan,0,nan,0,nan,0,nan,0,nan,0,nan,0
1597988705155533056,1597988705673000192,2020-08-21 13:45:05.673000,5277.0,5304.0,5141.0,5195.0,nan,5229.0,49276,1288390520.0,40220,5278.0,1,5277.0,4,nan,0,nan,0,nan,0,nan,0,nan,0,nan,0,nan,0,nan,0
1597988705657526016,1597988706208000000,2020-08-21 13:45:06.208000,5277.0,5304.0,5141.0,5195.0,nan,5229.0,49276,1288390520.0,40220,5278.0,17,5277.0,5,nan,0,nan,0,nan,0,nan,0,nan,0,nan,0,nan,0,nan,0
1597988706639705088,1597988707000000000,2020-08-21 13:45:07.000000,5277.0,5304.0,5141.0,5195.0,nan,5229.0,49278,1288443290.0,40220,5278.0,17,5277.0,15,nan,0,nan,0,nan,0,nan,0,nan,0,nan,0,nan,0,nan,0
1597988707141904896,1597988707576999936,2020-08-21 13:45:07.577000,5278.0,5304.0,5141.0,5195.0,nan,5229.0,49295,1288891920.0,40222,5279.0,12,5278.0,4,nan,0,nan,0,nan,0,nan,0,nan,0,nan,0,nan,0,nan,0
1597988707641849088,1597988708230000128,2020-08-21 13:45:08.230000,5278.0,5304.0,5141.0,5195.0,nan,5229.0,49295,1288891920.0,40222,5279.0,12,5278.0,2,nan,0,nan,0,nan,0,nan,0,nan,0,nan,0,nan,0,nan,0
1597988708160873984,1597988708608000000,2020-08-21 13:45:08.608000,5278.0,5304.0,5141.0,5195.0,nan,5229.0,49295,1288891920.0,40222,5279.0,12,5278.0,3,nan,0,nan,0,nan,0,nan,0,nan,0,nan,0,nan,0,nan,0
1597988708639965952,1597988709210000128,2020-08-21 13:45:09.210000,5278.0,5304.0,5141.0,5195.0,nan,5229.0,49295,1288891920.0,40222,5279.0,12,5278.0,1,nan,0,nan,0,nan,0,nan,0,nan,0,nan,0,nan,0,nan,0
1597988709642553088,1597988710226000128,2020-08-21 13:45:10.226000,5278.0,5304.0,5141.0,5195.0,nan,5229.0,49298,1288971100.0,40223,5279.0,10,5277.0,4,nan,0,nan,0,nan,0,nan,0,nan,0,nan,0,nan,0,nan,0
1597988710146500096,1597988710644999936,2020-08-21 13:45:10.645000,5280.0,5304.0,5141.0,5195.0,nan,5229.0,49310,1289287850.0,40223,5280.0,220,5279.0,3,nan,0,nan,0,nan,0,nan,0,nan,0,nan,0,nan,0,nan,0
1597988710652464128,1597988711112000000,2020-08-21 13:45:11.112000,5279.0,5304.0,5141.0,5195.0,nan,5229.0,49313,1289367035.0,40223,5279.0,2,5277.0,4,nan,0,nan,0,nan,0,nan,0,nan,0,nan,0,nan,0,nan,0
1597988711182060032,1597988711670000128,2020-08-21 13:45:11.670000,5279.0,5304.0,5141.0,5195.0,nan,5229.0,49315,1289419825.0,40223,5279.0,1,5277.0,5,nan,0,nan,0,nan,0,nan,0,nan,0,nan,0,nan,0,nan,0
1597988712639860992,1597988713075000064,2020-08-21 13:45:13.075000,5279.0,5304.0,5141.0,5195.0,nan,5229.0,49318,1289499010.0,40225,5280.0,219,5277.0,5,nan,0,nan,0,nan,0,nan,0,nan,0,nan,0,nan,0,nan,0
1597988713166126080,1597988713739000064,2020-08-21 13:45:13.739000,5280.0,5304.0,5141.0,5195.0,nan,5229.0,49319,1289525410.0,40225,5280.0,218,5277.0,5,nan,0,nan,0,nan,0,nan,0,nan,0,nan,0,nan,0,nan,0
1597988714195209984,1597988714737999872,2020-08-21 13:45:14.738000,5280.0,5304.0,5141.0,5195.0,nan,5229.0,49319,1289525410.0,40225,5279.0,4,5277.0,5,nan,0,nan,0,nan,0,nan,0,nan,0,nan,0,nan,0,nan,0
1597988715640820992,1597988716244999936,2020-08-21 13:45:16.245000,5280.0,5304.0,5141.0,5195.0,nan,5229.0,49319,1289525410.0,40225,5279.0,4,5277.0,9,nan,0,nan,0,nan,0,nan,0,nan,0,nan,0,nan,0,nan,0
1597988717159608064,1597988717581000192,2020-08-21 13:45:17.581000,5277.0,5304.0,5141.0,5195.0,nan,5229.0,49330,1289815645.0,40230,5279.0,4,5277.0,1,nan,0,nan,0,nan,0,nan,0,nan,0,nan,0,nan,0,nan,0
1597988717676103936,1597988718190000128,2020-08-21 13:45:18.190000,5278.0,5304.0,5141.0,5195.0,nan,5229.0,49331,1289842035.0,40229,5279.0,4,5277.0,2,nan,0,nan,0,nan,0,nan,0,nan,0,nan,0,nan,0,nan,0
1597988718164663040,1597988718428999936,2020-08-21 13:45:18.429000,5277.0,5304.0,5141.0,5195.0,nan,5229.0,49334,1289921210.0,40227,5279.0,5,5277.0,1,nan,0,nan,0,nan,0,nan,0,nan,0,nan,0,nan,0,nan,0
1597988719136450048,1597988719602999808,2020-08-21 13:45:19.603000,5277.0,5304.0,5141.0,5195.0,nan,5229.0,49335,1289947595.0,40227,5279.0,2,5277.0,2,nan,0,nan,0,nan,0,nan,0,nan,0,nan,0,nan,0,nan,0
1597988719645853952,1597988720096000000,2020-08-21 13:45:20.096000,5277.0,5304.0,5141.0,5195.0,nan,5229.0,49338,1290026750.0,40228,5277.0,1,5276.0,17,nan,0,nan,0,nan,0,nan,0,nan,0,nan,0,nan,0,nan,0
1597988720164861952,1597988720609999872,2020-08-21 13:45:20.610000,5277.0,5304.0,5141.0,5195.0,nan,5229.0,49339,1290053135.0,40228,5279.0,2,5276.0,18,nan,0,nan,0,nan,0,nan,0,nan,0,nan,0,nan,0,nan,0
1597988720689638912,1597988721076999936,2020-08-21 13:45:21.077000,5279.0,5304.0,5141.0,5195.0,nan,5229.0,49341,1290105925.0,40226,5280.0,309,5276.0,18,nan,0,nan,0,nan,0,nan,0,nan,0,nan,0,nan,0,nan,0
1597988721156929024,1597988721436999936,2020-08-21 13:45:21.437000,5279.0,5304.0,5141.0,5195.0,nan,5229.0,49341,1290105925.0,40226,5280.0,306,5276.0,18,nan,0,nan,0,nan,0,nan,0,nan,0,nan,0,nan,0,nan,0
1597988722166324992,1597988722608000000,2020-08-21 13:45:22.608000,5280.0,5304.0,5141.0,5195.0,nan,5229.0,49343,1290158725.0,40226,5280.0,304,5276.0,18,nan,0,nan,0,nan,0,nan,0,nan,0,nan,0,nan,0,nan,0
1597988722660782080,1597988723239000064,2020-08-21 13:45:23.239000,5280.0,5304.0,5141.0,5195.0,nan,5229.0,49343,1290158725.0,40226,5280.0,304,5276.0,19,nan,0,nan,0,nan,0,nan,0,nan,0,nan,0,nan,0,nan,0
1597988723682000896,1597988724209000192,2020-08-21 13:45:24.209000,5280.0,5304.0,5141.0,5195.0,nan,5229.0,49345,1290211525.0,40226,5280.0,303,5276.0,21,nan,0,nan,0,nan,0,nan,0,nan,0,nan,0,nan,0,nan,0
1597988724636101120,1597988725072999936,2020-08-21 13:45:25.073000,5280.0,5304.0,5141.0,5195.0,nan,5229.0,49345,1290211525.0,40226,5280.0,303,5277.0,2,nan,0,nan,0,nan,0,nan,0,nan,0,nan,0,nan,0,nan,0
1597988725143337984,1597988725692000000,2020-08-21 13:45:25.692000,5277.0,5304.0,5141.0,5195.0,nan,5229.0,49349,1290317065.0,40224,5279.0,3,5276.0,20,nan,0,nan,0,nan,0,nan,0,nan,0,nan,0,nan,0,nan,0
1597988725659324928,1597988726040000000,2020-08-21 13:45:26.040000,5277.0,5304.0,5141.0,5195.0,nan,5229.0,49349,1290317065.0,40224,5279.0,3,5276.0,21,nan,0,nan,0,nan,0,nan,0,nan,0,nan,0,nan,0,nan,0
1597988726158991104,1597988726670000128,2020-08-21 13:45:26.670000,5277.0,5304.0,5141.0,5195.0,nan,5229.0,49349,1290317065.0,40224,5279.0,21,5276.0,21,nan,0,nan,0,nan,0,nan,0,nan,0,nan,0,nan,0,nan,0
1597988726643493120,1597988727210000128,2020-08-21 13:45:27.210000,5279.0,5304.0,5141.0,5195.0,nan,5229.0,49351,1290369855.0,40226,5279.0,19,5277.0,2,nan,0,nan,0,nan,0,nan,0,nan,0,nan,0,nan,0,nan,0
