local_nano_time,quote_nano_time,datetime,last_price,highest,lowest,open,close,average,volume,amount,open_interest,ask_price1,ask_volume1,bid_price1,bid_volume1,ask_price2,ask_volume2,bid_price2,bid_volume2,ask_price3,ask_volume3,bid_price3,bid_volume3,ask_price4,ask_volume4,bid_price4,bid_volume4,ask_price5,ask_volume5,bid_price5,bid_volume5
1597988229712954880,1597988230000000000,2020-08-21 13:37:10.000000,9560.0,9715.0,9520.0,9660.0,nan,9595.0,13996,671458100.0,11658,9565.0,30,9560.0,34,nan,0,nan,0,nan,0,nan,0,nan,0,nan,0,nan,0,nan,0
1597988232227129088,1597988232000001024,2020-08-21 13:37:12.000001,9560.0,9715.0,9520.0,9660.0,nan,9595.0,13996,671458100.0,11658,9565.0,30,9560.0,33,nan,0,nan,0,nan,0,nan,0,nan,0,nan,0,nan,0,nan,0
1597988232689389056,1597988233000000000,2020-08-21 13:37:13.000000,9560.0,9715.0,9520.0,9660.0,nan,9595.0,14020,672609500.0,11663,9565.0,32,9560.0,10,nan,0,nan,0,nan,0,nan,0,nan,0,nan,0,nan,0,nan,0
1597988233189261056,1597988233000001024,2020-08-21 13:37:13.000001,9560.0,9715.0,9520.0,9660.0,nan,9595.0,14031,673137225.0,11669,9560.0,3,9555.0,33,nan,0,nan,0,nan,0,nan,0,nan,0,nan,0,nan,0,nan,0
1597988233695525888,1597988234000000000,2020-08-21 13:37:14.000000,9560.0,9715.0,9520.0,9660.0,nan,9595.0,14031,673137225.0,11669,9560.0,4,9555.0,33,nan,0,nan,0,nan,0,nan,0,nan,0,nan,0,nan,0,nan,0
1597988234694575104,1597988235000000000,2020-08-21 13:37:15.000000,9560.0,9715.0,9520.0,9660.0,nan,9595.0,14031,673137225.0,11669,9560.0,5,9555.0,33,nan,0,nan,0,nan,0,nan,0,nan,0,nan,0,nan,0,nan,0
1597988235695851008,1597988236000000000,2020-08-21 13:37:16.000000,9560.0,9715.0,9520.0,9660.0,nan,9595.0,14031,673137225.0,11669,9560.0,6,9555.0,33,nan,0,nan,0,nan,0,nan,0,nan,0,nan,0,nan,0,nan,0
1597988236211055104,1597988236000001024,2020-08-21 13:37:16.000001,9560.0,9715.0,9520.0,9660.0,nan,9595.0,14031,673137225.0,11669,9560.0,8,9555.0,33,nan,0,nan,0,nan,0,nan,0,nan,0,nan,0,nan,0,nan,0
1597988238245224960,1597988238000001024,2020-08-21 13:37:18.000001,9560.0,9715.0,9520.0,9660.0,nan,9595.0,14031,673137225.0,11669,9560.0,10,9555.0,33,nan,0,nan,0,nan,0,nan,0,nan,0,nan,0,nan,0,nan,0
1597988240222693888,1597988240000001024,2020-08-21 13:37:20.000001,9560.0,9715.0,9520.0,9660.0,nan,9595.0,14031,673137225.0,11669,9560.0,11,9555.0,33,nan,0,nan,0,nan,0,nan,0,nan,0,nan,0,nan,0,nan,0
1597988240695062016,1597988241000000000,2020-08-21 13:37:21.000000,9560.0,9715.0,9520.0,9660.0,nan,9595.0,14036,673377100.0,11670,9560.0,6,9555.0,33,nan,0,nan,0,nan,0,nan,0,nan,0,nan,0,nan,0,nan,0
1597988241197668096,1597988241000001024,2020-08-21 13:37:21.000001,9560.0,9715.0,9520.0,9660.0,nan,9595.0,14038,673473050.0,11670,9560.0,4,9555.0,33,nan,0,nan,0,nan,0,nan,0,nan,0,nan,0,nan,0,nan,0
1597988243198052096,1597988243000001024,2020-08-21 13:37:23.000001,9560.0,9715.0,9520.0,9660.0,nan,9595.0,14038,673473050.0,11670,9560.0,5,9555.0,33,nan,0,nan,0,nan,0,nan,0,nan,0,nan,0,nan,0,nan,0
1597988244736279040,1597988245000000000,2020-08-21 13:37:25.000000,9555.0,9715.0,9520.0,9660.0,nan,9595.0,14040,673569000.0,11670,9560.0,5,9555.0,32,nan,0,nan,0,nan,0,nan,0,nan,0,nan,0,nan,0,nan,0
1597988245201464064,1597988245000001024,2020-08-21 13:37:25.000001,9560.0,9715.0,9520.0,9660.0,nan,9595.0,14041,673616975.0,11671,9560.0,4,9555.0,32,nan,0,nan,0,nan,0,nan,0,nan,0,nan,0,nan,0,nan,0
1597988246723717120,1597988247000000000,2020-08-21 13:37:27.000000,9560.0,9715.0,9520.0,9660.0,nan,9595.0,14041,673616975.0,11671,9560.0,5,9555.0,32,nan,0,nan,0,nan,0,nan,0,nan,0,nan,0,nan,0,nan,0
1597988248235321088,1597988248000001024,2020-08-21 13:37:28.000001,9560.0,9715.0,9520.0,9660.0,nan,9595.0,14046,673856850.0,11670,9565.0,25,9560.0,5,nan,0,nan,0,nan,0,nan,0,nan,0,nan,0,nan,0,nan,0
1597988250247016960,1597988250000001024,2020-08-21 13:37:30.000001,9560.0,9715.0,9520.0,9660.0,nan,9595.0,14049,674000775.0,11672,9565.0,23,9560.0,4,nan,0,nan,0,nan,0,nan,0,nan,0,nan,0,nan,0,nan,0
1597988250702657024,1597988251000000000,2020-08-21 13:37:31.000000,9560.0,9715.0,9520.0,9660.0,nan,9595.0,14049,674000775.0,11672,9565.0,25,9560.0,4,nan,0,nan,0,nan,0,nan,0,nan,0,nan,0,nan,0,nan,0
1597988255703296000,1597988256000000000,2020-08-21 13:37:36.000000,9560.0,9715.0,9520.0,9660.0,nan,9595.0,14049,674000775.0,11672,9565.0,26,9560.0,4,nan,0,nan,0,nan,0,nan,0,nan,0,nan,0,nan,0,nan,0
1597988256227147008,1597988256000001024,2020-08-21 13:37:36.000001,9560.0,9715.0,9520.0,9660.0,nan,9595.0,14049,674000775.0,11672,9565.0,28,9560.0,4,nan,0,nan,0,nan,0,nan,0,nan,0,nan,0,nan,0,nan,0
1597988258226759936,1597988258000001024,2020-08-21 13:37:38.000001,9560.0,9715.0,9520.0,9660.0,nan,9595.0,14049,674000775.0,11672,9565.0,31,9560.0,4,nan,0,nan,0,nan,0,nan,0,nan,0,nan,0,nan,0,nan,0
1597988258708304896,1597988259000000000,2020-08-21 13:37:39.000000,9560.0,9715.0,9520.0,9660.0,nan,9595.0,14050,674048750.0,11672,9565.0,41,9560.0,3,nan,0,nan,0,nan,0,nan,0,nan,0,nan,0,nan,0,nan,0
1597988259233985024,1597988259000001024,2020-08-21 13:37:39.000001,9560.0,9715.0,9520.0,9660.0,nan,9595.0,14054,674240650.0,11671,9560.0,8,9555.0,34,nan,0,nan,0,nan,0,nan,0,nan,0,nan,0,nan,0,nan,0
1597988261249050880,1597988261000001024,2020-08-21 13:37:41.000001,9560.0,9715.0,9520.0,9660.0,nan,9595.0,14054,674240650.0,11671,9560.0,9,9555.0,34,nan,0,nan,0,nan,0,nan,0,nan,0,nan,0,nan,0,nan,0
1597988261723603968,1597988262000000000,2020-08-21 13:37:42.000000,9560.0,9715.0,9520.0,9660.0,nan,9595.0,14054,674240650.0,11671,9560.0,12,9555.0,34,nan,0,nan,0,nan,0,nan,0,nan,0,nan,0,nan,0,nan,0
1597988262698032128,1597988263000000000,2020-08-21 13:37:43.000000,9560.0,9715.0,9520.0,9660.0,nan,9595.0,14056,674336600.0,11669,9560.0,11,9555.0,34,nan,0,nan,0,nan,0,nan,0,nan,0,nan,0,nan,0,nan,0
1597988263199759872,1597988263000001024,2020-08-21 13:37:43.000001,9560.0,9715.0,9520.0,9660.0,nan,9595.0,14056,674336600.0,11669,9560.0,13,9555.0,34,nan,0,nan,0,nan,0,nan,0,nan,0,nan,0,nan,0,nan,0
1597988269204655104,1597988269000001024,2020-08-21 13:37:49.000001,9560.0,9715.0,9520.0,9660.0,nan,9595.0,14065,674768375.0,11674,9560.0,4,9555.0,34,nan,0,nan,0,nan,0,nan,0,nan,0,nan,0,nan,0,nan,0
1597988269716826880,1597988270000000000,2020-08-21 13:37:50.000000,9560.0,9715.0,9520.0,9660.0,nan,9595.0,14070,675008250.0,11673,9565.0,35,9560.0,4,nan,0,nan,0,nan,0,nan,0,nan,0,nan,0,nan,0,nan,0
1597988270707796992,1597988271000000000,2020-08-21 13:37:51.000000,9560.0,9715.0,9520.0,9660.0,nan,9595.0,14070,675008250.0,11673,9565.0,35,9560.0,6,nan,0,nan,0,nan,0,nan,0,nan,0,nan,0,nan,0,nan,0
1597988271231648000,1597988271000001024,2020-08-21 13:37:51.000001,9560.0,9715.0,9520.0,9660.0,nan,9595.0,14075,675248125.0,11673,9565.0,36,9560.0,1,nan,0,nan,0,nan,0,nan,0,nan,0,nan,0,nan,0,nan,0
1597988271709157120,1597988272000000000,2020-08-21 13:37:52.000000,9560.0,9715.0,9520.0,9660.0,nan,9595.0,14075,675248125.0,11673,9560.0,1,9555.0,34,nan,0,nan,0,nan,0,nan,0,nan,0,nan,0,nan,0,nan,0
1597988272205540096,1597988272000001024,2020-08-21 13:37:52.000001,9560.0,9715.0,9520.0,9660.0,nan,9595.0,14076,675296100.0,11674,9565.0,31,9555.0,34,nan,0,nan,0,nan,0,nan,0,nan,0,nan,0,nan,0,nan,0
1597988272722553088,1597988273000000000,2020-08-21 13:37:53.000000,9560.0,9715.0,9520.0,9660.0,nan,9595.0,14076,675296100.0,11674,9560.0,5,9555.0,34,nan,0,nan,0,nan,0,nan,0,nan,0,nan,0,nan,0,nan,0
1597988274707177984,1597988275000000000,2020-08-21 13:37:55.000000,9560.0,9715.0,9520.0,9660.0,nan,9595.0,14077,675344075.0,11675,9560.0,4,9555.0,34,nan,0,nan,0,nan,0,nan,0,nan,0,nan,0,nan,0,nan,0
1597988275214095104,1597988275000001024,2020-08-21 13:37:55.000001,9560.0,9715.0,9520.0,9660.0,nan,9595.0,14077,675344075.0,11675,9560.0,5,9555.0,34,nan,0,nan,0,nan,0,nan,0,nan,0,nan,0,nan,0,nan,0
1597988276813314048,1597988277000000000,2020-08-21 13:37:57.000000,9560.0,9715.0,9520.0,9660.0,nan,9595.0,14077,675344075.0,11675,9560.0,5,9555.0,33,nan,0,nan,0,nan,0,nan,0,nan,0,nan,0,nan,0,nan,0
1597988278210713088,1597988278000001024,2020-08-21 13:37:58.000001,9560.0,9715.0,9520.0,9660.0,nan,9595.0,14077,675344075.0,11675,9560.0,7,9555.0,33,nan,0,nan,0,nan,0,nan,0,nan,0,nan,0,nan,0,nan,0
1597988278716393984,1597988279000000000,2020-08-21 13:37:59.000000,9560.0,9715.0,9520.0,9660.0,nan,9595.0,14080,675488000.0,11675,9560.0,4,9555.0,33,nan,0,nan,0,nan,0,nan,0,nan,0,nan,0,nan,0,nan,0
1597988279712615936,1597988280000000000,2020-08-21 13:38:00.000000,9560.0,9715.0,9520.0,9660.0,nan,9595.0,14080,675488000.0,11675,9560.0,5,9555.0,33,nan,0,nan,0,nan,0,nan,0,nan,0,nan,0,nan,0,nan,0
1597988281714953984,1597988282000000000,2020-08-21 13:38:02.000000,9560.0,9715.0,9520.0,9660.0,nan,9595.0,14080,675488000.0,11675,9560.0,9,9555.0,33,nan,0,nan,0,nan,0,nan,0,nan,0,nan,0,nan,0,nan,0
1597988282233334016,1597988282000001024,2020-08-21 13:38:02.000001,9560.0,9715.0,9520.0,9660.0,nan,9595.0,14080,675488000.0,11675,9560.0,17,9555.0,33,nan,0,nan,0,nan,0,nan,0,nan,0,nan,0,nan,0,nan,0
1597988282711459072,1597988283000000000,2020-08-21 13:38:03.000000,9560.0,9715.0,9520.0,9660.0,nan,9595.0,14080,675488000.0,11675,9560.0,18,9555.0,33,nan,0,nan,0,nan,0,nan,0,nan,0,nan,0,nan,0,nan,0
1597988284711243008,1597988285000000000,2020-08-21 13:38:05.000000,9560.0,9715.0,9520.0,9660.0,nan,9595.0,14080,675488000.0,11675,9560.0,19,9555.0,33,nan,0,nan,0,nan,0,nan,0,nan,0,nan,0,nan,0,nan,0
1597988286709161984,1597988287000000000,2020-08-21 13:38:07.000000,9560.0,9715.0,9520.0,9660.0,nan,9595.0,14080,675488000.0,11675,9560.0,20,9555.0,33,nan,0,nan,0,nan,0,nan,0,nan,0,nan,0,nan,0,nan,0
1597988290713669120,1597988291000000000,2020-08-21 13:38:11.000000,9560.0,9715.0,9520.0,9660.0,nan,9595.0,14080,675488000.0,11675,9560.0,20,9555.0,43,nan,0,nan,0,nan,0,nan,0,nan,0,nan,0,nan,0,nan,0
1597988291243098880,1597988291000001024,2020-08-21 13:38:11.000001,9555.0,9715.0,9520.0,9660.0,nan,9595.0,14083,675631925.0,11674,9560.0,20,9555.0,50,nan,0,nan,0,nan,0,nan,0,nan,0,nan,0,nan,0,nan,0
1597988291718675968,1597988291000001792,2020-08-21 13:38:11.000002,9555.0,9715.0,9520.0,9660.0,nan,9595.0,14083,675631925.0,11674,9560.0,20,9555.0,51,nan,0,nan,0,nan,0,nan,0,nan,0,nan,0,nan,0,nan,0
1597988294721329920,1597988295000000000,2020-08-21 13:38:15.000000,9555.0,9715.0,9520.0,9660.0,nan,9595.0,14083,675631925.0,11674,9560.0,20,9555.0,52,nan,0,nan,0,nan,0,nan,0,nan,0,nan,0,nan,0,nan,0
1597988295253060096,1597988295000001024,2020-08-21 13:38:15.000001,9555.0,9715.0,9520.0,9660.0,nan,9595.0,14083,675631925.0,11674,9560.0,22,9555.0,52,nan,0,nan,0,nan,0,nan,0,nan,0,nan,0,nan,0,nan,0
1597988296217008896,1597988296000001024,2020-08-21 13:38:16.000001,9555.0,9715.0,9520.0,9660.0,nan,9595.0,14083,675631925.0,11674,9560.0,24,9555.0,52,nan,0,nan,0,nan,0,nan,0,nan,0,nan,0,nan,0,nan,0
1597988301465913088,1597988301000001024,2020-08-21 13:38:21.000001,9555.0,9715.0,9520.0,9660.0,nan,9595.0,14083,675631925.0,11674,9560.0,25,9555.0,52,nan,0,nan,0,nan,0,nan,0,nan,0,nan,0,nan,0,nan,0
1597988306229210880,1597988306000001024,2020-08-21 13:38:26.000001,9555.0,9715.0,9520.0,9660.0,nan,9595.0,14084,675679900.0,11673,9560.0,25,9555.0,51,nan,0,nan,0,nan,0,nan,0,nan,0,nan,0,nan,0,nan,0
1597988307230142976,1597988307000001024,2020-08-21 13:38:27.000001,9555.0,9715.0,9520.0,9660.0,nan,9595.0,14092,676063700.0,11673,9560.0,25,9555.0,43,nan,0,nan,0,nan,0,nan,0,nan,0,nan,0,nan,0,nan,0
1597988312726557952,1597988313000000000,2020-08-21 13:38:33.000000,9560.0,9715.0,9520.0,9660.0,nan,9595.0,14093,676111675.0,11674,9560.0,24,9555.0,42,nan,0,nan,0,nan,0,nan,0,nan,0,nan,0,nan,0,nan,0
1597988318254336000,1597988318000001024,2020-08-21 13:38:38.000001,9560.0,9715.0,9520.0,9660.0,nan,9595.0,14093,676111675.0,11674,9560.0,25,9555.0,42,nan,0,nan,0,nan,0,nan,0,nan,0,nan,0,nan,0,nan,0
1597988318731471104,1597988319000000000,2020-08-21 13:38:39.000000,9560.0,9715.0,9520.0,9660.0,nan,9595.0,14093,676111675.0,11674,9560.0,26,9555.0,42,nan,0,nan,0,nan,0,nan,0,nan,0,nan,0,nan,0,nan,0
1597988326229020928,1597988326000001024,2020-08-21 13:38:46.000001,9555.0,9715.0,9520.0,9660.0,nan,9595.0,14098,676351550.0,11679,9560.0,26,9555.0,37,nan,0,nan,0,nan,0,nan,0,nan,0,nan,0,nan,0,nan,0
1597988327776151040,1597988328000000000,2020-08-21 13:38:48.000000,9555.0,9715.0,9520.0,9660.0,nan,9595.0,14099,676399525.0,11680,9560.0,25,9555.0,39,nan,0,nan,0,nan,0,nan,0,nan,0,nan,0,nan,0,nan,0
1597988330266066944,1597988330000001024,2020-08-21 13:38:50.000001,9555.0,9715.0,9520.0,9660.0,nan,9595.0,14103,676591425.0,11684,9560.0,25,9555.0,35,nan,0,nan,0,nan,0,nan,0,nan,0,nan,0,nan,0,nan,0
1597988333248218880,1597988333000001024,2020-08-21 13:38:53.000001,9555.0,9715.0,9520.0,9660.0,nan,9595.0,14112,677023200.0,11680,9560.0,25,9555.0,26,nan,0,nan,0,nan,0,nan,0,nan,0,nan,0,nan,0,nan,0
1597988333794077952,1597988334000000000,2020-08-21 13:38:54.000000,9555.0,9715.0,9520.0,9660.0,nan,9595.0,14112,677023200.0,11680,9560.0,26,9555.0,26,nan,0,nan,0,nan,0,nan,0,nan,0,nan,0,nan,0,nan,0
1597988334267122944,1597988334000001024,2020-08-21 13:38:54.000001,9555.0,9715.0,9520.0,9660.0,nan,9595.0,14112,677023200.0,11680,9560.0,27,9555.0,26,nan,0,nan,0,nan,0,nan,0,nan,0,nan,0,nan,0,nan,0
1597988334749670912,1597988335000000000,2020-08-21 13:38:55.000000,9555.0,9715.0,9520.0,9660.0,nan,9595.0,14112,677023200.0,11680,9560.0,30,9555.0,26,nan,0,nan,0,nan,0,nan,0,nan,0,nan,0,nan,0,nan,0
1597988335236805120,1597988335000001024,2020-08-21 13:38:55.000001,9555.0,9715.0,9520.0,9660.0,nan,9595.0,14113,677071175.0,11681,9560.0,30,9555.0,25,nan,0,nan,0,nan,0,nan,0,nan,0,nan,0,nan,0,nan,0
1597988337864125952,1597988338000000000,2020-08-21 13:38:58.000000,9555.0,9715.0,9520.0,9660.0,nan,9595.0,14118,677311050.0,11681,9560.0,30,9555.0,20,nan,0,nan,0,nan,0,nan,0,nan,0,nan,0,nan,0,nan,0
1597988338238914048,1597988338000001024,2020-08-21 13:38:58.000001,9555.0,9715.0,9520.0,9660.0,nan,9595.0,14118,677311050.0,11681,9560.0,31,9555.0,20,nan,0,nan,0,nan,0,nan,0,nan,0,nan,0,nan,0,nan,0
1597988339740406016,1597988340000000000,2020-08-21 13:39:00.000000,9560.0,9715.0,9520.0,9660.0,nan,9595.0,14138,678270550.0,11701,9560.0,11,9555.0,20,nan,0,nan,0,nan,0,nan,0,nan,0,nan,0,nan,0,nan,0
1597988340284654080,1597988340000001024,2020-08-21 13:39:00.000001,9560.0,9715.0,9520.0,9660.0,nan,9595.0,14138,678270550.0,11701,9560.0,18,9555.0,20,nan,0,nan,0,nan,0,nan,0,nan,0,nan,0,nan,0,nan,0
1597988341825323008,1597988342000000000,2020-08-21 13:39:02.000000,9555.0,9715.0,9520.0,9660.0,nan,9595.0,14140,678366500.0,11701,9560.0,18,9555.0,18,nan,0,nan,0,nan,0,nan,0,nan,0,nan,0,nan,0,nan,0
1597988342760509952,1597988343000000000,2020-08-21 13:39:03.000000,9555.0,9715.0,9520.0,9660.0,nan,9595.0,14141,678414475.0,11701,9560.0,18,9555.0,17,nan,0,nan,0,nan,0,nan,0,nan,0,nan,0,nan,0,nan,0
1597988344743301120,1597988345000000000,2020-08-21 13:39:05.000000,9555.0,9715.0,9520.0,9660.0,nan,9595.0,14141,678414475.0,11701,9560.0,24,9555.0,17,nan,0,nan,0,nan,0,nan,0,nan,0,nan,0,nan,0,nan,0
1597988345748206080,1597988346000000000,2020-08-21 13:39:06.000000,9555.0,9715.0,9520.0,9660.0,nan,9595.0,14141,678414475.0,11701,9560.0,24,9555.0,21,nan,0,nan,0,nan,0,nan,0,nan,0,nan,0,nan,0,nan,0
1597988346283216896,1597988346000001024,2020-08-21 13:39:06.000001,9555.0,9715.0,9520.0,9660.0,nan,9595.0,14141,678414475.0,11701,9560.0,25,9555.0,21,nan,0,nan,0,nan,0,nan,0,nan,0,nan,0,nan,0,nan,0
1597988347739364096,1597988348000000000,2020-08-21 13:39:08.000000,9560.0,9715.0,9520.0,9660.0,nan,9595.0,14143,678510425.0,11701,9560.0,23,9555.0,21,nan,0,nan,0,nan,0,nan,0,nan,0,nan,0,nan,0,nan,0
1597988350265277952,1597988350000001024,2020-08-21 13:39:10.000001,9555.0,9715.0,9520.0,9660.0,nan,9595.0,14149,678798275.0,11701,9560.0,23,9555.0,15,nan,0,nan,0,nan,0,nan,0,nan,0,nan,0,nan,0,nan,0
1597988350836774912,1597988351000000000,2020-08-21 13:39:11.000000,9555.0,9715.0,9520.0,9660.0,nan,9595.0,14155,679086125.0,11707,9560.0,26,9555.0,9,nan,0,nan,0,nan,0,nan,0,nan,0,nan,0,nan,0,nan,0
1597988351257651968,1597988351000001024,2020-08-21 13:39:11.000001,9555.0,9715.0,9520.0,9660.0,nan,9595.0,14155,679086125.0,11707,9560.0,23,9555.0,9,nan,0,nan,0,nan,0,nan,0,nan,0,nan,0,nan,0,nan,0
1597988354747620096,1597988355000000000,2020-08-21 13:39:15.000000,9555.0,9715.0,9520.0,9660.0,nan,9595.0,14162,679421950.0,11714,9560.0,23,9555.0,2,nan,0,nan,0,nan,0,nan,0,nan,0,nan,0,nan,0,nan,0
1597988355249876992,1597988355000001024,2020-08-21 13:39:15.000001,9555.0,9715.0,9520.0,9660.0,nan,9595.0,14164,679517900.0,11716,9555.0,2,9550.0,41,nan,0,nan,0,nan,0,nan,0,nan,0,nan,0,nan,0,nan,0
1597988355737658880,1597988356000000000,2020-08-21 13:39:16.000000,9555.0,9715.0,9520.0,9660.0,nan,9595.0,14164,679517900.0,11716,9555.0,3,9550.0,41,nan,0,nan,0,nan,0,nan,0,nan,0,nan,0,nan,0,nan,0
1597988356240115968,1597988356000001024,2020-08-21 13:39:16.000001,9555.0,9715.0,9520.0,9660.0,nan,9595.0,14165,679565875.0,11716,9555.0,2,9550.0,41,nan,0,nan,0,nan,0,nan,0,nan,0,nan,0,nan,0,nan,0
1597988358259784960,1597988358000001024,2020-08-21 13:39:18.000001,9555.0,9715.0,9520.0,9660.0,nan,9595.0,14165,679565875.0,11716,9555.0,3,9550.0,42,nan,0,nan,0,nan,0,nan,0,nan,0,nan,0,nan,0,nan,0
1597988366279739904,1597988366000001024,2020-08-21 13:39:26.000001,9555.0,9715.0,9520.0,9660.0,nan,9595.0,14165,679565875.0,11716,9555.0,5,9550.0,42,nan,0,nan,0,nan,0,nan,0,nan,0,nan,0,nan,0,nan,0
1597988368257280000,1597988368000001024,2020-08-21 13:39:28.000001,9555.0,9715.0,9520.0,9660.0,nan,9595.0,14165,679565875.0,11716,9555.0,6,9550.0,42,nan,0,nan,0,nan,0,nan,0,nan,0,nan,0,nan,0,nan,0
1597988371256390912,1597988371000001024,2020-08-21 13:39:31.000001,9555.0,9715.0,9520.0,9660.0,nan,9595.0,14166,679613850.0,11716,9555.0,5,9550.0,42,nan,0,nan,0,nan,0,nan,0,nan,0,nan,0,nan,0,nan,0
1597988372262259968,1597988372000001024,2020-08-21 13:39:32.000001,9555.0,9715.0,9520.0,9660.0,nan,9595.0,14171,679853725.0,11716,9560.0,30,9550.0,47,nan,0,nan,0,nan,0,nan,0,nan,0,nan,0,nan,0,nan,0
1597988372773260032,1597988373000000000,2020-08-21 13:39:33.000000,9555.0,9715.0,9520.0,9660.0,nan,9595.0,14171,679853725.0,11716,9560.0,30,9550.0,47,nan,0,nan,0,nan,0,nan,0,nan,0,nan,0,nan,0,nan,0
1597988373268133120,1597988373000001024,2020-08-21 13:39:33.000001,9555.0,9715.0,9520.0,9660.0,nan,9595.0,14171,679853725.0,11716,9560.0,30,9550.0,48,nan,0,nan,0,nan,0,nan,0,nan,0,nan,0,nan,0,nan,0
1597988377760295936,1597988378000000000,2020-08-21 13:39:38.000000,9560.0,9715.0,9520.0,9660.0,nan,9595.0,14191,680813225.0,11705,9560.0,13,9555.0,3,nan,0,nan,0,nan,0,nan,0,nan,0,nan,0,nan,0,nan,0
1597988378265089024,1597988378000001024,2020-08-21 13:39:38.000001,9555.0,9715.0,9520.0,9660.0,nan,9595.0,14192,680861200.0,11704,9560.0,13,9555.0,6,nan,0,nan,0,nan,0,nan,0,nan,0,nan,0,nan,0,nan,0
1597988379747874048,1597988380000000000,2020-08-21 13:39:40.000000,9555.0,9715.0,9520.0,9660.0,nan,9595.0,14192,680861200.0,11704,9560.0,13,9555.0,10,nan,0,nan,0,nan,0,nan,0,nan,0,nan,0,nan,0,nan,0
1597988380256428032,1597988380000001024,2020-08-21 13:39:40.000001,9555.0,9715.0,9520.0,9660.0,nan,9595.0,14192,680861200.0,11704,9560.0,10,9555.0,10,nan,0,nan,0,nan,0,nan,0,nan,0,nan,0,nan,0,nan,0
1597988382754279936,1597988383000000000,2020-08-21 13:39:43.000000,9555.0,9715.0,9520.0,9660.0,nan,9595.0,14194,680957150.0,11704,9560.0,10,9555.0,8,nan,0,nan,0,nan,0,nan,0,nan,0,nan,0,nan,0,nan,0
1597988384753839104,1597988385000000000,2020-08-21 13:39:45.000000,9555.0,9715.0,9520.0,9660.0,nan,9595.0,14195,681005125.0,11705,9560.0,10,9555.0,8,nan,0,nan,0,nan,0,nan,0,nan,0,nan,0,nan,0,nan,0
1597988385278768128,1597988385000001024,2020-08-21 13:39:45.000001,9555.0,9715.0,9520.0,9660.0,nan,9595.0,14195,681005125.0,11705,9560.0,11,9555.0,9,nan,0,nan,0,nan,0,nan,0,nan,0,nan,0,nan,0,nan,0
1597988386255196928,1597988386000001024,2020-08-21 13:39:46.000001,9555.0,9715.0,9520.0,9660.0,nan,9595.0,14196,681053100.0,11705,9560.0,11,9555.0,8,nan,0,nan,0,nan,0,nan,0,nan,0,nan,0,nan,0,nan,0
1597988386754408960,1597988387000000000,2020-08-21 13:39:47.000000,9555.0,9715.0,9520.0,9660.0,nan,9595.0,14196,681053100.0,11705,9560.0,11,9555.0,9,nan,0,nan,0,nan,0,nan,0,nan,0,nan,0,nan,0,nan,0
1597988391263141888,1597988391000001024,2020-08-21 13:39:51.000001,9555.0,9715.0,9520.0,9660.0,nan,9595.0,14203,681388925.0,11712,9560.0,16,9550.0,49,nan,0,nan,0,nan,0,nan,0,nan,0,nan,0,nan,0,nan,0
1597988393266127872,1597988393000001024,2020-08-21 13:39:53.000001,9555.0,9715.0,9520.0,9660.0,nan,9595.0,14203,681388925.0,11712,9560.0,18,9550.0,49,nan,0,nan,0,nan,0,nan,0,nan,0,nan,0,nan,0,nan,0
1597988396278553088,1597988396000001024,2020-08-21 13:39:56.000001,9555.0,9715.0,9520.0,9660.0,nan,9595.0,14203,681388925.0,11712,9560.0,19,9550.0,49,nan,0,nan,0,nan,0,nan,0,nan,0,nan,0,nan,0,nan,0
1597988400783713024,1597988401000000000,2020-08-21 13:40:01.000000,9555.0,9715.0,9520.0,9660.0,nan,9595.0,14203,681388925.0,11712,9560.0,20,9550.0,49,nan,0,nan,0,nan,0,nan,0,nan,0,nan,0,nan,0,nan,0
1597988401769783040,1597988402000000000,2020-08-21 13:40:02.000000,9555.0,9715.0,9520.0,9660.0,nan,9595.0,14203,681388925.0,11712,9560.0,14,9555.0,5,nan,0,nan,0,nan,0,nan,0,nan,0,nan,0,nan,0,nan,0
1597988402276283904,1597988402000001024,2020-08-21 13:40:02.000001,9555.0,9715.0,9520.0,9660.0,nan,9595.0,14203,681388925.0,11712,9560.0,14,9555.0,9,nan,0,nan,0,nan,0,nan,0,nan,0,nan,0,nan,0,nan,0
1597988404262241024,1597988404000001024,2020-08-21 13:40:04.000001,9560.0,9715.0,9520.0,9660.0,nan,9595.0,14213,681868675.0,11722,9560.0,4,9555.0,9,nan,0,nan,0,nan,0,nan,0,nan,0,nan,0,nan,0,nan,0
1597988406769947904,1597988407000000000,2020-08-21 13:40:07.000000,9560.0,9715.0,9520.0,9660.0,nan,9595.0,14213,681868675.0,11722,9560.0,8,9555.0,9,nan,0,nan,0,nan,0,nan,0,nan,0,nan,0,nan,0,nan,0
1597988407269792000,1597988407000001024,2020-08-21 13:40:07.000001,9560.0,9715.0,9520.0,9660.0,nan,9595.0,14214,681916650.0,11723,9560.0,3,9555.0,9,nan,0,nan,0,nan,0,nan,0,nan,0,nan,0,nan,0,nan,0
1597988408266927104,1597988408000001024,2020-08-21 13:40:08.000001,9560.0,9715.0,9520.0,9660.0,nan,9595.0,14217,682060575.0,11724,9565.0,15,9560.0,2,nan,0,nan,0,nan,0,nan,0,nan,0,nan,0,nan,0,nan,0
1597988413765903104,1597988414000000000,2020-08-21 13:40:14.000000,9560.0,9715.0,9520.0,9660.0,nan,9595.0,14218,682108550.0,11725,9565.0,15,9560.0,1,nan,0,nan,0,nan,0,nan,0,nan,0,nan,0,nan,0,nan,0
1597988414782273024,1597988415000000000,2020-08-21 13:40:15.000000,9560.0,9715.0,9520.0,9660.0,nan,9595.0,14218,682108550.0,11725,9565.0,15,9560.0,2,nan,0,nan,0,nan,0,nan,0,nan,0,nan,0,nan,0,nan,0
1597988416276378880,1597988416000001024,2020-08-21 13:40:16.000001,9560.0,9715.0,9520.0,9660.0,nan,9595.0,14220,682204500.0,11727,9565.0,15,9555.0,10,nan,0,nan,0,nan,0,nan,0,nan,0,nan,0,nan,0,nan,0
1597988416770615040,1597988417000000000,2020-08-21 13:40:17.000000,9560.0,9715.0,9520.0,9660.0,nan,9595.0,14220,682204500.0,11727,9560.0,1,9555.0,10,nan,0,nan,0,nan,0,nan,0,nan,0,nan,0,nan,0,nan,0
1597988417271760896,1597988417000001024,2020-08-21 13:40:17.000001,9560.0,9715.0,9520.0,9660.0,nan,9595.0,14221,682252475.0,11727,9560.0,6,9555.0,10,nan,0,nan,0,nan,0,nan,0,nan,0,nan,0,nan,0,nan,0
1597988418777017088,1597988419000000000,2020-08-21 13:40:19.000000,9560.0,9715.0,9520.0,9660.0,nan,9595.0,14223,682348425.0,11727,9560.0,4,9555.0,10,nan,0,nan,0,nan,0,nan,0,nan,0,nan,0,nan,0,nan,0
1597988419276683008,1597988419000001024,2020-08-21 13:40:19.000001,9560.0,9715.0,9520.0,9660.0,nan,9595.0,14223,682348425.0,11727,9565.0,15,9555.0,10,nan,0,nan,0,nan,0,nan,0,nan,0,nan,0,nan,0,nan,0
1597988420273127936,1597988420000001024,2020-08-21 13:40:20.000001,9560.0,9715.0,9520.0,9660.0,nan,9595.0,14223,682348425.0,11727,9565.0,15,9560.0,21,nan,0,nan,0,nan,0,nan,0,nan,0,nan,0,nan,0,nan,0
1597988420766914048,1597988421000000000,2020-08-21 13:40:21.000000,9560.0,9715.0,9520.0,9660.0,nan,9595.0,14223,682348425.0,11727,9565.0,13,9560.0,25,nan,0,nan,0,nan,0,nan,0,nan,0,nan,0,nan,0,nan,0
1597988422268372992,1597988422000001024,2020-08-21 13:40:22.000001,9560.0,9715.0,9520.0,9660.0,nan,9595.0,14223,682348425.0,11727,9565.0,15,9560.0,21,nan,0,nan,0,nan,0,nan,0,nan,0,nan,0,nan,0,nan,0
1597988423277923072,1597988423000001024,2020-08-21 13:40:23.000001,9560.0,9715.0,9520.0,9660.0,nan,9595.0,14228,682588300.0,11731,9565.0,10,9560.0,20,nan,0,nan,0,nan,0,nan,0,nan,0,nan,0,nan,0,nan,0
1597988426303408896,1597988426000001024,2020-08-21 13:40:26.000001,9565.0,9715.0,9520.0,9660.0,nan,9595.0,14229,682636275.0,11732,9565.0,9,9560.0,20,nan,0,nan,0,nan,0,nan,0,nan,0,nan,0,nan,0,nan,0
1597988427274654976,1597988427000001024,2020-08-21 13:40:27.000001,9565.0,9715.0,9520.0,9660.0,nan,9595.0,14229,682636275.0,11732,9565.0,9,9560.0,21,nan,0,nan,0,nan,0,nan,0,nan,0,nan,0,nan,0,nan,0
1597988427779288064,1597988428000000000,2020-08-21 13:40:28.000000,9560.0,9715.0,9520.0,9660.0,nan,9595.0,14230,682684250.0,11733,9565.0,9,9560.0,20,nan,0,nan,0,nan,0,nan,0,nan,0,nan,0,nan,0,nan,0
1597988431306237952,1597988431000001024,2020-08-21 13:40:31.000001,9565.0,9715.0,9520.0,9660.0,nan,9595.0,14232,682780200.0,11733,9565.0,7,9560.0,20,nan,0,nan,0,nan,0,nan,0,nan,0,nan,0,nan,0,nan,0
1597988433282209024,1597988433000001024,2020-08-21 13:40:33.000001,9565.0,9715.0,9520.0,9660.0,nan,9595.0,14239,683116025.0,11731,9570.0,19,9565.0,1,nan,0,nan,0,nan,0,nan,0,nan,0,nan,0,nan,0,nan,0
1597988433786010880,1597988434000000000,2020-08-21 13:40:34.000000,9565.0,9715.0,9520.0,9660.0,nan,9595.0,14240,683164000.0,11731,9570.0,23,9560.0,20,nan,0,nan,0,nan,0,nan,0,nan,0,nan,0,nan,0,nan,0
1597988434285219072,1597988434000001024,2020-08-21 13:40:34.000001,9565.0,9715.0,9520.0,9660.0,nan,9595.0,14240,683164000.0,11731,9565.0,1,9560.0,20,nan,0,nan,0,nan,0,nan,0,nan,0,nan,0,nan,0,nan,0
1597988434785080064,1597988435000000000,2020-08-21 13:40:35.000000,9565.0,9715.0,9520.0,9660.0,nan,9595.0,14241,683211975.0,11731,9570.0,19,9565.0,5,nan,0,nan,0,nan,0,nan,0,nan,0,nan,0,nan,0,nan,0
1597988435278971904,1597988435000001024,2020-08-21 13:40:35.000001,9565.0,9715.0,9520.0,9660.0,nan,9595.0,14242,683259950.0,11731,9570.0,19,9565.0,4,nan,0,nan,0,nan,0,nan,0,nan,0,nan,0,nan,0,nan,0
1597988436781811968,1597988437000000000,2020-08-21 13:40:37.000000,9565.0,9715.0,9520.0,9660.0,nan,9595.0,14253,683787675.0,11735,9565.0,3,9560.0,20,nan,0,nan,0,nan,0,nan,0,nan,0,nan,0,nan,0,nan,0
1597988437779412992,1597988438000000000,2020-08-21 13:40:38.000000,9565.0,9715.0,9520.0,9660.0,nan,9595.0,14256,683931600.0,11735,9570.0,21,9565.0,3,nan,0,nan,0,nan,0,nan,0,nan,0,nan,0,nan,0,nan,0
1597988438284354048,1597988438000001024,2020-08-21 13:40:38.000001,9570.0,9715.0,9520.0,9660.0,nan,9595.0,14259,684075525.0,11735,9570.0,20,9565.0,1,nan,0,nan,0,nan,0,nan,0,nan,0,nan,0,nan,0,nan,0
1597988438819385088,1597988439000000000,2020-08-21 13:40:39.000000,9570.0,9715.0,9520.0,9660.0,nan,9595.0,14261,684171475.0,11733,9570.0,18,9565.0,4,nan,0,nan,0,nan,0,nan,0,nan,0,nan,0,nan,0,nan,0
1597988439282213120,1597988439000001024,2020-08-21 13:40:39.000001,9570.0,9715.0,9520.0,9660.0,nan,9595.0,14262,684219450.0,11732,9570.0,17,9565.0,6,nan,0,nan,0,nan,0,nan,0,nan,0,nan,0,nan,0,nan,0
1597988440285154048,1597988440000001024,2020-08-21 13:40:40.000001,9570.0,9715.0,9520.0,9660.0,nan,9595.0,14262,684219450.0,11732,9570.0,17,9565.0,11,nan,0,nan,0,nan,0,nan,0,nan,0,nan,0,nan,0,nan,0
1597988440788262912,1597988441000000000,2020-08-21 13:40:41.000000,9570.0,9715.0,9520.0,9660.0,nan,9595.0,14262,684219450.0,11732,9570.0,17,9565.0,12,nan,0,nan,0,nan,0,nan,0,nan,0,nan,0,nan,0,nan,0
1597988442304651008,1597988442000001024,2020-08-21 13:40:42.000001,9570.0,9715.0,9520.0,9660.0,nan,9595.0,14262,684219450.0,11732,9570.0,18,9565.0,12,nan,0,nan,0,nan,0,nan,0,nan,0,nan,0,nan,0,nan,0
1597988444327806976,1597988444000001024,2020-08-21 13:40:44.000001,9565.0,9715.0,9520.0,9660.0,nan,9595.0,14263,684267425.0,11731,9570.0,18,9565.0,11,nan,0,nan,0,nan,0,nan,0,nan,0,nan,0,nan,0,nan,0
1597988444782829056,1597988445000000000,2020-08-21 13:40:45.000000,9565.0,9715.0,9520.0,9660.0,nan,9595.0,14263,684267425.0,11731,9570.0,17,9565.0,11,nan,0,nan,0,nan,0,nan,0,nan,0,nan,0,nan,0,nan,0
1597988445295401984,1597988445000001024,2020-08-21 13:40:45.000001,9565.0,9715.0,9520.0,9660.0,nan,9595.0,14263,684267425.0,11731,9570.0,17,9565.0,12,nan,0,nan,0,nan,0,nan,0,nan,0,nan,0,nan,0,nan,0
1597988446274982912,1597988446000001024,2020-08-21 13:40:46.000001,9565.0,9715.0,9520.0,9660.0,nan,9595.0,14263,684267425.0,11731,9570.0,17,9565.0,7,nan,0,nan,0,nan,0,nan,0,nan,0,nan,0,nan,0,nan,0
1597988452788271104,1597988453000000000,2020-08-21 13:40:53.000000,9565.0,9715.0,9520.0,9660.0,nan,9595.0,14263,684267425.0,11731,9570.0,18,9565.0,7,nan,0,nan,0,nan,0,nan,0,nan,0,nan,0,nan,0,nan,0
1597988453276404992,1597988453000001024,2020-08-21 13:40:53.000001,9570.0,9715.0,9520.0,9660.0,nan,9595.0,14265,684363375.0,11733,9570.0,16,9565.0,7,nan,0,nan,0,nan,0,nan,0,nan,0,nan,0,nan,0,nan,0
1597988453778510080,1597988454000000000,2020-08-21 13:40:54.000000,9565.0,9715.0,9520.0,9660.0,nan,9595.0,14272,684699200.0,11738,9565.0,1,9560.0,22,nan,0,nan,0,nan,0,nan,0,nan,0,nan,0,nan,0,nan,0
1597988454284323072,1597988454000001024,2020-08-21 13:40:54.000001,9570.0,9715.0,9520.0,9660.0,nan,9595.0,14274,684795150.0,11740,9570.0,22,9560.0,22,nan,0,nan,0,nan,0,nan,0,nan,0,nan,0,nan,0,nan,0
1597988455326490112,1597988455000001024,2020-08-21 13:40:55.000001,9570.0,9715.0,9520.0,9660.0,nan,9595.0,14274,684795150.0,11740,9570.0,22,9565.0,1,nan,0,nan,0,nan,0,nan,0,nan,0,nan,0,nan,0,nan,0
1597988456286917120,1597988456000001024,2020-08-21 13:40:56.000001,9565.0,9715.0,9520.0,9660.0,nan,9595.0,14276,684891100.0,11742,9570.0,22,9560.0,22,nan,0,nan,0,nan,0,nan,0,nan,0,nan,0,nan,0,nan,0
1597988459283961088,1597988459000000000,2020-08-21 13:40:59.000000,9570.0,9715.0,9520.0,9660.0,nan,9595.0,14279,685035025.0,11744,9570.0,20,9565.0,2,nan,0,nan,0,nan,0,nan,0,nan,0,nan,0,nan,0,nan,0
1597988460782798080,1597988461000000000,2020-08-21 13:41:01.000000,9570.0,9715.0,9520.0,9660.0,nan,9595.0,14279,685035025.0,11744,9570.0,22,9565.0,2,nan,0,nan,0,nan,0,nan,0,nan,0,nan,0,nan,0,nan,0
1597988461291276032,1597988461000001024,2020-08-21 13:41:01.000001,9565.0,9715.0,9520.0,9660.0,nan,9595.0,14281,685130975.0,11743,9570.0,22,9560.0,22,nan,0,nan,0,nan,0,nan,0,nan,0,nan,0,nan,0,nan,0
1597988463302608896,1597988463000001024,2020-08-21 13:41:03.000001,9565.0,9715.0,9520.0,9660.0,nan,9595.0,14281,685130975.0,11743,9570.0,20,9560.0,22,nan,0,nan,0,nan,0,nan,0,nan,0,nan,0,nan,0,nan,0
1597988463797518080,1597988464000000000,2020-08-21 13:41:04.000000,9565.0,9715.0,9520.0,9660.0,nan,9595.0,14281,685130975.0,11743,9570.0,20,9560.0,27,nan,0,nan,0,nan,0,nan,0,nan,0,nan,0,nan,0,nan,0
1597988464288324096,1597988464000001024,2020-08-21 13:41:04.000001,9565.0,9715.0,9520.0,9660.0,nan,9595.0,14281,685130975.0,11743,9570.0,20,9565.0,1,nan,0,nan,0,nan,0,nan,0,nan,0,nan,0,nan,0,nan,0
1597988464795269888,1597988465000000000,2020-08-21 13:41:05.000000,9565.0,9715.0,9520.0,9660.0,nan,9595.0,14281,685130975.0,11743,9570.0,22,9565.0,1,nan,0,nan,0,nan,0,nan,0,nan,0,nan,0,nan,0,nan,0
1597988465287876096,1597988465000001024,2020-08-21 13:41:05.000001,9565.0,9715.0,9520.0,9660.0,nan,9595.0,14281,685130975.0,11743,9570.0,22,9565.0,2,nan,0,nan,0,nan,0,nan,0,nan,0,nan,0,nan,0,nan,0
1597988466294578944,1597988466000001024,2020-08-21 13:41:06.000001,9565.0,9715.0,9520.0,9660.0,nan,9595.0,14281,685130975.0,11743,9570.0,25,9565.0,2,nan,0,nan,0,nan,0,nan,0,nan,0,nan,0,nan,0,nan,0
1597988467790166016,1597988468000000000,2020-08-21 13:41:08.000000,9565.0,9715.0,9520.0,9660.0,nan,9595.0,14281,685130975.0,11743,9570.0,27,9565.0,2,nan,0,nan,0,nan,0,nan,0,nan,0,nan,0,nan,0,nan,0
1597988468292477952,1597988468000001024,2020-08-21 13:41:08.000001,9565.0,9715.0,9520.0,9660.0,nan,9595.0,14281,685130975.0,11743,9570.0,26,9565.0,2,nan,0,nan,0,nan,0,nan,0,nan,0,nan,0,nan,0,nan,0
1597988468797519104,1597988469000000000,2020-08-21 13:41:09.000000,9565.0,9715.0,9520.0,9660.0,nan,9595.0,14281,685130975.0,11743,9570.0,27,9565.0,2,nan,0,nan,0,nan,0,nan,0,nan,0,nan,0,nan,0,nan,0
1597988469293410048,1597988469000001024,2020-08-21 13:41:09.000001,9565.0,9715.0,9520.0,9660.0,nan,9595.0,14281,685130975.0,11743,9570.0,24,9565.0,2,nan,0,nan,0,nan,0,nan,0,nan,0,nan,0,nan,0,nan,0
1597988471795578880,1597988472000000000,2020-08-21 13:41:12.000000,9570.0,9715.0,9520.0,9660.0,nan,9595.0,14285,685322875.0,11743,9570.0,20,9565.0,2,nan,0,nan,0,nan,0,nan,0,nan,0,nan,0,nan,0,nan,0
1597988472301755904,1597988472000001024,2020-08-21 13:41:12.000001,9570.0,9715.0,9520.0,9660.0,nan,9595.0,14285,685322875.0,11743,9570.0,19,9565.0,2,nan,0,nan,0,nan,0,nan,0,nan,0,nan,0,nan,0,nan,0
1597988473317277952,1597988473000001024,2020-08-21 13:41:13.000001,9570.0,9715.0,9520.0,9660.0,nan,9595.0,14288,685466800.0,11744,9570.0,16,9565.0,2,nan,0,nan,0,nan,0,nan,0,nan,0,nan,0,nan,0,nan,0
1597988473791417088,1597988474000000000,2020-08-21 13:41:14.000000,9570.0,9715.0,9520.0,9660.0,nan,9595.0,14288,685466800.0,11744,9570.0,16,9565.0,4,nan,0,nan,0,nan,0,nan,0,nan,0,nan,0,nan,0,nan,0
1597988475293847040,1597988475000001024,2020-08-21 13:41:15.000001,9570.0,9715.0,9520.0,9660.0,nan,9595.0,14290,685562750.0,11744,9570.0,14,9565.0,4,nan,0,nan,0,nan,0,nan,0,nan,0,nan,0,nan,0,nan,0
1597988478308193024,1597988478000001024,2020-08-21 13:41:18.000001,9570.0,9715.0,9520.0,9660.0,nan,9595.0,14290,685562750.0,11744,9570.0,14,9565.0,5,nan,0,nan,0,nan,0,nan,0,nan,0,nan,0,nan,0,nan,0
1597988481296399104,1597988481000001024,2020-08-21 13:41:21.000001,9570.0,9715.0,9520.0,9660.0,nan,9595.0,14292,685658700.0,11743,9570.0,12,9565.0,5,nan,0,nan,0,nan,0,nan,0,nan,0,nan,0,nan,0,nan,0
1597988486303951104,1597988486000001024,2020-08-21 13:41:26.000001,9570.0,9715.0,9520.0,9660.0,nan,9595.0,14293,685706675.0,11742,9570.0,11,9565.0,5,nan,0,nan,0,nan,0,nan,0,nan,0,nan,0,nan,0,nan,0
1597988486830334976,1597988487000000000,2020-08-21 13:41:27.000000,9570.0,9715.0,9520.0,9660.0,nan,9595.0,14294,685754650.0,11742,9570.0,10,9565.0,5,nan,0,nan,0,nan,0,nan,0,nan,0,nan,0,nan,0,nan,0
1597988487304367104,1597988487000001024,2020-08-21 13:41:27.000001,9570.0,9715.0,9520.0,9660.0,nan,9595.0,14295,685802625.0,11742,9570.0,9,9565.0,5,nan,0,nan,0,nan,0,nan,0,nan,0,nan,0,nan,0,nan,0
1597988488307704064,1597988488000001024,2020-08-21 13:41:28.000001,9570.0,9715.0,9520.0,9660.0,nan,9595.0,14295,685802625.0,11742,9570.0,9,9565.0,6,nan,0,nan,0,nan,0,nan,0,nan,0,nan,0,nan,0,nan,0
1597988491308595968,1597988491000001024,2020-08-21 13:41:31.000001,9570.0,9715.0,9520.0,9660.0,nan,9595.0,14295,685802625.0,11742,9570.0,12,9565.0,6,nan,0,nan,0,nan,0,nan,0,nan,0,nan,0,nan,0,nan,0
1597988492314487040,1597988492000001024,2020-08-21 13:41:32.000001,9570.0,9715.0,9520.0,9660.0,nan,9595.0,14295,685802625.0,11742,9570.0,14,9565.0,6,nan,0,nan,0,nan,0,nan,0,nan,0,nan,0,nan,0,nan,0
1597988499804751104,1597988500000000000,2020-08-21 13:41:40.000000,9570.0,9715.0,9520.0,9660.0,nan,9595.0,14295,685802625.0,11742,9570.0,15,9565.0,6,nan,0,nan,0,nan,0,nan,0,nan,0,nan,0,nan,0,nan,0
1597988508310446080,1597988508000001024,2020-08-21 13:41:48.000001,9565.0,9715.0,9520.0,9660.0,nan,9595.0,14296,685850600.0,11741,9570.0,15,9565.0,5,nan,0,nan,0,nan,0,nan,0,nan,0,nan,0,nan,0,nan,0
1597988508809490944,1597988509000000000,2020-08-21 13:41:49.000000,9565.0,9715.0,9520.0,9660.0,nan,9595.0,14296,685850600.0,11741,9570.0,18,9565.0,3,nan,0,nan,0,nan,0,nan,0,nan,0,nan,0,nan,0,nan,0
1597988513814281984,1597988514000000000,2020-08-21 13:41:54.000000,9565.0,9715.0,9520.0,9660.0,nan,9595.0,14296,685850600.0,11741,9570.0,18,9565.0,4,nan,0,nan,0,nan,0,nan,0,nan,0,nan,0,nan,0,nan,0
1597988519348173056,1597988519000001024,2020-08-21 13:41:59.000001,9565.0,9715.0,9520.0,9660.0,nan,9595.0,14296,685850600.0,11741,9570.0,20,9565.0,4,nan,0,nan,0,nan,0,nan,0,nan,0,nan,0,nan,0,nan,0
1597988519815955968,1597988520000000000,2020-08-21 13:42:00.000000,9565.0,9715.0,9520.0,9660.0,nan,9595.0,14296,685850600.0,11741,9570.0,20,9565.0,6,nan,0,nan,0,nan,0,nan,0,nan,0,nan,0,nan,0,nan,0
1597988520324357120,1597988520000001024,2020-08-21 13:42:00.000001,9565.0,9715.0,9520.0,9660.0,nan,9595.0,14296,685850600.0,11741,9570.0,17,9565.0,6,nan,0,nan,0,nan,0,nan,0,nan,0,nan,0,nan,0,nan,0
1597988520824495104,1597988521000000000,2020-08-21 13:42:01.000000,9565.0,9715.0,9520.0,9660.0,nan,9595.0,14296,685850600.0,11741,9570.0,18,9565.0,6,nan,0,nan,0,nan,0,nan,0,nan,0,nan,0,nan,0,nan,0
1597988524810801920,1597988525000000000,2020-08-21 13:42:05.000000,9565.0,9715.0,9520.0,9660.0,nan,9595.0,14297,685898575.0,11741,9570.0,18,9565.0,5,nan,0,nan,0,nan,0,nan,0,nan,0,nan,0,nan,0,nan,0
1597988525810215936,1597988526000000000,2020-08-21 13:42:06.000000,9565.0,9715.0,9520.0,9660.0,nan,9595.0,14297,685898575.0,11741,9570.0,18,9565.0,6,nan,0,nan,0,nan,0,nan,0,nan,0,nan,0,nan,0,nan,0
1597988526849238016,1597988527000000000,2020-08-21 13:42:07.000000,9565.0,9715.0,9520.0,9660.0,nan,9595.0,14304,686234400.0,11743,9565.0,25,9560.0,29,nan,0,nan,0,nan,0,nan,0,nan,0,nan,0,nan,0,nan,0
1597988527353378048,1597988527000001024,2020-08-21 13:42:07.000001,9565.0,9715.0,9520.0,9660.0,nan,9595.0,14304,686234400.0,11743,9565.0,26,9560.0,29,nan,0,nan,0,nan,0,nan,0,nan,0,nan,0,nan,0,nan,0
1597988528815464960,1597988529000000000,2020-08-21 13:42:09.000000,9565.0,9715.0,9520.0,9660.0,nan,9595.0,14304,686234400.0,11743,9565.0,26,9560.0,28,nan,0,nan,0,nan,0,nan,0,nan,0,nan,0,nan,0,nan,0
1597988531314388992,1597988531000001024,2020-08-21 13:42:11.000001,9565.0,9715.0,9520.0,9660.0,nan,9595.0,14304,686234400.0,11743,9565.0,27,9560.0,28,nan,0,nan,0,nan,0,nan,0,nan,0,nan,0,nan,0,nan,0
1597988532316611072,1597988532000001024,2020-08-21 13:42:12.000001,9560.0,9715.0,9520.0,9660.0,nan,9595.0,14305,686282375.0,11743,9565.0,27,9560.0,27,nan,0,nan,0,nan,0,nan,0,nan,0,nan,0,nan,0,nan,0
1597988533817317888,1597988534000000000,2020-08-21 13:42:14.000000,9560.0,9715.0,9520.0,9660.0,nan,9595.0,14305,686282375.0,11743,9565.0,29,9560.0,27,nan,0,nan,0,nan,0,nan,0,nan,0,nan,0,nan,0,nan,0
1597988536830085888,1597988537000000000,2020-08-21 13:42:17.000000,9560.0,9715.0,9520.0,9660.0,nan,9595.0,14305,686282375.0,11743,9565.0,29,9560.0,28,nan,0,nan,0,nan,0,nan,0,nan,0,nan,0,nan,0,nan,0
1597988537329736960,1597988537000001024,2020-08-21 13:42:17.000001,9560.0,9715.0,9520.0,9660.0,nan,9595.0,14305,686282375.0,11743,9565.0,29,9560.0,29,nan,0,nan,0,nan,0,nan,0,nan,0,nan,0,nan,0,nan,0
1597988539826120960,1597988540000000000,2020-08-21 13:42:20.000000,9565.0,9715.0,9520.0,9660.0,nan,9595.0,14306,686330350.0,11744,9565.0,28,9560.0,29,nan,0,nan,0,nan,0,nan,0,nan,0,nan,0,nan,0,nan,0
1597988557849840896,1597988558000000000,2020-08-21 13:42:38.000000,9565.0,9715.0,9520.0,9660.0,nan,9595.0,14307,686378325.0,11745,9565.0,27,9560.0,29,nan,0,nan,0,nan,0,nan,0,nan,0,nan,0,nan,0,nan,0
1597988559851913984,1597988560000000000,2020-08-21 13:42:40.000000,9565.0,9715.0,9520.0,9660.0,nan,9595.0,14307,686378325.0,11745,9565.0,28,9560.0,29,nan,0,nan,0,nan,0,nan,0,nan,0,nan,0,nan,0,nan,0
1597988564862311936,1597988565000000000,2020-08-21 13:42:45.000000,9565.0,9715.0,9520.0,9660.0,nan,9595.0,14308,686426300.0,11746,9565.0,27,9560.0,29,nan,0,nan,0,nan,0,nan,0,nan,0,nan,0,nan,0,nan,0
1597988565333320960,1597988565000001024,2020-08-21 13:42:45.000001,9565.0,9715.0,9520.0,9660.0,nan,9595.0,14308,686426300.0,11746,9565.0,27,9560.0,30,nan,0,nan,0,nan,0,nan,0,nan,0,nan,0,nan,0,nan,0
1597988567826852096,1597988568000000000,2020-08-21 13:42:48.000000,9560.0,9715.0,9520.0,9660.0,nan,9595.0,14309,686474275.0,11747,9565.0,27,9560.0,29,nan,0,nan,0,nan,0,nan,0,nan,0,nan,0,nan,0,nan,0
1597988572855553024,1597988573000000000,2020-08-21 13:42:53.000000,9560.0,9715.0,9520.0,9660.0,nan,9595.0,14310,686522250.0,11747,9565.0,27,9560.0,28,nan,0,nan,0,nan,0,nan,0,nan,0,nan,0,nan,0,nan,0
1597988575837712896,1597988576000000000,2020-08-21 13:42:56.000000,9560.0,9715.0,9520.0,9660.0,nan,9595.0,14320,687002000.0,11757,9565.0,27,9560.0,18,nan,0,nan,0,nan,0,nan,0,nan,0,nan,0,nan,0,nan,0
1597988576344860928,1597988576000001024,2020-08-21 13:42:56.000001,9560.0,9715.0,9520.0,9660.0,nan,9595.0,14327,687337825.0,11761,9565.0,28,9560.0,13,nan,0,nan,0,nan,0,nan,0,nan,0,nan,0,nan,0,nan,0
1597988577861445888,1597988578000000000,2020-08-21 13:42:58.000000,9560.0,9715.0,9520.0,9660.0,nan,9595.0,14327,687337825.0,11761,9565.0,10,9560.0,13,nan,0,nan,0,nan,0,nan,0,nan,0,nan,0,nan,0,nan,0
1597988584854774016,1597988585000000000,2020-08-21 13:43:05.000000,9560.0,9715.0,9520.0,9660.0,nan,9595.0,14327,687337825.0,11761,9565.0,11,9560.0,13,nan,0,nan,0,nan,0,nan,0,nan,0,nan,0,nan,0,nan,0
1597988587353502976,1597988587000001024,2020-08-21 13:43:07.000001,9560.0,9715.0,9520.0,9660.0,nan,9595.0,14327,687337825.0,11761,9565.0,12,9560.0,13,nan,0,nan,0,nan,0,nan,0,nan,0,nan,0,nan,0,nan,0
1597988590867450880,1597988591000000000,2020-08-21 13:43:11.000000,9560.0,9715.0,9520.0,9660.0,nan,9595.0,14327,687337825.0,11761,9565.0,12,9560.0,14,nan,0,nan,0,nan,0,nan,0,nan,0,nan,0,nan,0,nan,0
1597988591345655040,1597988591000001024,2020-08-21 13:43:11.000001,9560.0,9715.0,9520.0,9660.0,nan,9595.0,14327,687337825.0,11761,9565.0,13,9560.0,14,nan,0,nan,0,nan,0,nan,0,nan,0,nan,0,nan,0,nan,0
1597988591882193920,1597988592000000000,2020-08-21 13:43:12.000000,9560.0,9715.0,9520.0,9660.0,nan,9595.0,14327,687337825.0,11761,9565.0,14,9560.0,14,nan,0,nan,0,nan,0,nan,0,nan,0,nan,0,nan,0,nan,0
1597988607357765120,1597988607000001024,2020-08-21 13:43:27.000001,9565.0,9715.0,9520.0,9660.0,nan,9595.0,14328,687385800.0,11762,9565.0,13,9560.0,14,nan,0,nan,0,nan,0,nan,0,nan,0,nan,0,nan,0,nan,0
1597988608861772032,1597988609000000000,2020-08-21 13:43:29.000000,9565.0,9715.0,9520.0,9660.0,nan,9595.0,14329,687433775.0,11762,9565.0,12,9560.0,14,nan,0,nan,0,nan,0,nan,0,nan,0,nan,0,nan,0,nan,0
1597988610348818944,1597988611000000000,2020-08-21 13:43:31.000000,9565.0,9715.0,9520.0,9660.0,nan,9595.0,14329,687433775.0,11762,9565.0,13,9560.0,14,nan,0,nan,0,nan,0,nan,0,nan,0,nan,0,nan,0,nan,0
1597988610843525888,1597988611000001024,2020-08-21 13:43:31.000001,9565.0,9715.0,9520.0,9660.0,nan,9595.0,14330,687481750.0,11763,9565.0,12,9560.0,14,nan,0,nan,0,nan,0,nan,0,nan,0,nan,0,nan,0,nan,0
1597988611391944960,1597988611000001792,2020-08-21 13:43:31.000002,9565.0,9715.0,9520.0,9660.0,nan,9595.0,14336,687769600.0,11759,9565.0,7,9560.0,14,nan,0,nan,0,nan,0,nan,0,nan,0,nan,0,nan,0,nan,0
1597988615849838080,1597988616000001024,2020-08-21 13:43:36.000001,9565.0,9715.0,9520.0,9660.0,nan,9595.0,14336,687769600.0,11759,9565.0,6,9560.0,14,nan,0,nan,0,nan,0,nan,0,nan,0,nan,0,nan,0,nan,0
1597988623368541952,1597988624000000000,2020-08-21 13:43:44.000000,9565.0,9715.0,9520.0,9660.0,nan,9595.0,14342,688057450.0,11761,9565.0,1,9560.0,13,nan,0,nan,0,nan,0,nan,0,nan,0,nan,0,nan,0,nan,0
1597988623858415104,1597988624000001024,2020-08-21 13:43:44.000001,9565.0,9715.0,9520.0,9660.0,nan,9595.0,14343,688105425.0,11761,9570.0,22,9560.0,13,nan,0,nan,0,nan,0,nan,0,nan,0,nan,0,nan,0,nan,0
1597988624368504064,1597988625000000000,2020-08-21 13:43:45.000000,9565.0,9715.0,9520.0,9660.0,nan,9595.0,14343,688105425.0,11761,9570.0,22,9560.0,17,nan,0,nan,0,nan,0,nan,0,nan,0,nan,0,nan,0,nan,0
1597988626399979008,1597988627000000000,2020-08-21 13:43:47.000000,9570.0,9715.0,9520.0,9660.0,nan,9595.0,14346,688249350.0,11761,9570.0,19,9560.0,17,nan,0,nan,0,nan,0,nan,0,nan,0,nan,0,nan,0,nan,0
1597988628867685120,1597988629000001024,2020-08-21 13:43:49.000001,9570.0,9715.0,9520.0,9660.0,nan,9595.0,14346,688249350.0,11761,9570.0,19,9565.0,1,nan,0,nan,0,nan,0,nan,0,nan,0,nan,0,nan,0,nan,0
1597988629378608128,1597988629000001792,2020-08-21 13:43:49.000002,9570.0,9715.0,9520.0,9660.0,nan,9595.0,14346,688249350.0,11761,9570.0,19,9565.0,3,nan,0,nan,0,nan,0,nan,0,nan,0,nan,0,nan,0,nan,0
1597988631352240128,1597988631000001024,2020-08-21 13:43:51.000001,9565.0,9715.0,9520.0,9660.0,nan,9595.0,14347,688297325.0,11762,9570.0,19,9565.0,2,nan,0,nan,0,nan,0,nan,0,nan,0,nan,0,nan,0,nan,0
1597988633360271872,1597988633000001792,2020-08-21 13:43:53.000002,9565.0,9715.0,9520.0,9660.0,nan,9595.0,14347,688297325.0,11762,9570.0,20,9565.0,2,nan,0,nan,0,nan,0,nan,0,nan,0,nan,0,nan,0,nan,0
1597988633852858112,1597988634000000000,2020-08-21 13:43:54.000000,9565.0,9715.0,9520.0,9660.0,nan,9595.0,14347,688297325.0,11762,9570.0,20,9560.0,17,nan,0,nan,0,nan,0,nan,0,nan,0,nan,0,nan,0,nan,0
1597988635380390912,1597988636000000000,2020-08-21 13:43:56.000000,9565.0,9715.0,9520.0,9660.0,nan,9595.0,14347,688297325.0,11762,9570.0,20,9560.0,23,nan,0,nan,0,nan,0,nan,0,nan,0,nan,0,nan,0,nan,0
1597988639379706880,1597988639000001024,2020-08-21 13:43:59.000001,9565.0,9715.0,9520.0,9660.0,nan,9595.0,14347,688297325.0,11762,9570.0,20,9560.0,19,nan,0,nan,0,nan,0,nan,0,nan,0,nan,0,nan,0,nan,0
1597988642864200960,1597988643000000000,2020-08-21 13:44:03.000000,9565.0,9715.0,9520.0,9660.0,nan,9595.0,14347,688297325.0,11762,9565.0,3,9560.0,19,nan,0,nan,0,nan,0,nan,0,nan,0,nan,0,nan,0,nan,0
1597988643365929984,1597988643000001024,2020-08-21 13:44:03.000001,9565.0,9715.0,9520.0,9660.0,nan,9595.0,14347,688297325.0,11762,9565.0,3,9560.0,20,nan,0,nan,0,nan,0,nan,0,nan,0,nan,0,nan,0,nan,0
1597988653385163008,1597988654000000000,2020-08-21 13:44:14.000000,9565.0,9715.0,9520.0,9660.0,nan,9595.0,14347,688297325.0,11762,9565.0,3,9560.0,23,nan,0,nan,0,nan,0,nan,0,nan,0,nan,0,nan,0,nan,0
1597988653875115008,1597988654000001024,2020-08-21 13:44:14.000001,9565.0,9715.0,9520.0,9660.0,nan,9595.0,14347,688297325.0,11762,9565.0,4,9560.0,23,nan,0,nan,0,nan,0,nan,0,nan,0,nan,0,nan,0,nan,0
1597988655362025984,1597988655000001024,2020-08-21 13:44:15.000001,9560.0,9715.0,9520.0,9660.0,nan,9595.0,14355,688681125.0,11770,9565.0,13,9560.0,15,nan,0,nan,0,nan,0,nan,0,nan,0,nan,0,nan,0,nan,0
1597988659872670976,1597988660000001024,2020-08-21 13:44:20.000001,9560.0,9715.0,9520.0,9660.0,nan,9595.0,14355,688681125.0,11770,9565.0,13,9560.0,9,nan,0,nan,0,nan,0,nan,0,nan,0,nan,0,nan,0,nan,0
1597988660368766976,1597988660000001792,2020-08-21 13:44:20.000002,9565.0,9715.0,9520.0,9660.0,nan,9595.0,14356,688729100.0,11770,9565.0,12,9560.0,9,nan,0,nan,0,nan,0,nan,0,nan,0,nan,0,nan,0,nan,0
1597988664377714944,1597988665000000000,2020-08-21 13:44:25.000000,9560.0,9715.0,9520.0,9660.0,nan,9595.0,14357,688777075.0,11769,9565.0,12,9560.0,8,nan,0,nan,0,nan,0,nan,0,nan,0,nan,0,nan,0,nan,0
1597988665880211968,1597988666000000000,2020-08-21 13:44:26.000000,9570.0,9715.0,9520.0,9660.0,nan,9595.0,14377,689736575.0,11772,9570.0,13,9560.0,11,nan,0,nan,0,nan,0,nan,0,nan,0,nan,0,nan,0,nan,0
1597988666372219904,1597988666000001024,2020-08-21 13:44:26.000001,9570.0,9715.0,9520.0,9660.0,nan,9595.0,14377,689736575.0,11772,9570.0,13,9560.0,15,nan,0,nan,0,nan,0,nan,0,nan,0,nan,0,nan,0,nan,0
1597988666883200000,1597988667000000000,2020-08-21 13:44:27.000000,9565.0,9715.0,9520.0,9660.0,nan,9595.0,14378,689784550.0,11771,9570.0,13,9560.0,15,nan,0,nan,0,nan,0,nan,0,nan,0,nan,0,nan,0,nan,0
1597988669878716928,1597988670000000000,2020-08-21 13:44:30.000000,9565.0,9715.0,9520.0,9660.0,nan,9595.0,14378,689784550.0,11771,9565.0,9,9560.0,11,nan,0,nan,0,nan,0,nan,0,nan,0,nan,0,nan,0,nan,0
1597988673375085056,1597988673000001024,2020-08-21 13:44:33.000001,9565.0,9715.0,9520.0,9660.0,nan,9595.0,14378,689784550.0,11771,9565.0,10,9560.0,11,nan,0,nan,0,nan,0,nan,0,nan,0,nan,0,nan,0,nan,0
1597988673870361088,1597988674000000000,2020-08-21 13:44:34.000000,9565.0,9715.0,9520.0,9660.0,nan,9595.0,14378,689784550.0,11771,9565.0,11,9560.0,11,nan,0,nan,0,nan,0,nan,0,nan,0,nan,0,nan,0,nan,0
1597988674378189056,1597988674000001024,2020-08-21 13:44:34.000001,9565.0,9715.0,9520.0,9660.0,nan,9595.0,14378,689784550.0,11771,9565.0,11,9560.0,12,nan,0,nan,0,nan,0,nan,0,nan,0,nan,0,nan,0,nan,0
1597988678380933888,1597988678000001024,2020-08-21 13:44:38.000001,9565.0,9715.0,9520.0,9660.0,nan,9595.0,14380,689880500.0,11769,9565.0,9,9560.0,12,nan,0,nan,0,nan,0,nan,0,nan,0,nan,0,nan,0,nan,0
1597988680882228992,1597988681000000000,2020-08-21 13:44:41.000000,9565.0,9715.0,9520.0,9660.0,nan,9595.0,14389,690312275.0,11773,9570.0,10,9565.0,41,nan,0,nan,0,nan,0,nan,0,nan,0,nan,0,nan,0,nan,0
1597988685880698880,1597988686000000000,2020-08-21 13:44:46.000000,9565.0,9715.0,9520.0,9660.0,nan,9595.0,14399,690792025.0,11773,9570.0,10,9565.0,31,nan,0,nan,0,nan,0,nan,0,nan,0,nan,0,nan,0,nan,0
1597988692385949952,1597988693000000000,2020-08-21 13:44:53.000000,9570.0,9715.0,9520.0,9660.0,nan,9595.0,14409,691271775.0,11763,9575.0,28,9565.0,31,nan,0,nan,0,nan,0,nan,0,nan,0,nan,0,nan,0,nan,0
1597988692884230912,1597988693000001024,2020-08-21 13:44:53.000001,9570.0,9715.0,9520.0,9660.0,nan,9595.0,14409,691271775.0,11763,9575.0,31,9565.0,31,nan,0,nan,0,nan,0,nan,0,nan,0,nan,0,nan,0,nan,0
1597988693882221056,1597988694000000000,2020-08-21 13:44:54.000000,9570.0,9715.0,9520.0,9660.0,nan,9595.0,14409,691271775.0,11763,9575.0,28,9570.0,7,nan,0,nan,0,nan,0,nan,0,nan,0,nan,0,nan,0,nan,0
1597988697393167104,1597988697000001024,2020-08-21 13:44:57.000001,9570.0,9715.0,9520.0,9660.0,nan,9595.0,14409,691271775.0,11763,9575.0,29,9570.0,7,nan,0,nan,0,nan,0,nan,0,nan,0,nan,0,nan,0,nan,0
1597988698884355072,1597988699000000000,2020-08-21 13:44:59.000000,9570.0,9715.0,9520.0,9660.0,nan,9595.0,14410,691319750.0,11763,9575.0,29,9570.0,6,nan,0,nan,0,nan,0,nan,0,nan,0,nan,0,nan,0,nan,0
1597988700886470912,1597988701000001024,2020-08-21 13:45:01.000001,9570.0,9715.0,9520.0,9660.0,nan,9595.0,14411,691367725.0,11764,9575.0,29,9570.0,5,nan,0,nan,0,nan,0,nan,0,nan,0,nan,0,nan,0,nan,0
1597988701410359040,1597988702000000000,2020-08-21 13:45:02.000000,9575.0,9715.0,9520.0,9660.0,nan,9595.0,14442,692854950.0,11769,9580.0,103,9570.0,20,nan,0,nan,0,nan,0,nan,0,nan,0,nan,0,nan,0,nan,0
1597988701888763904,1597988702000001024,2020-08-21 13:45:02.000001,9575.0,9715.0,9520.0,9660.0,nan,9595.0,14448,693142800.0,11766,9580.0,103,9570.0,20,nan,0,nan,0,nan,0,nan,0,nan,0,nan,0,nan,0,nan,0
1597988703389858048,1597988704000000000,2020-08-21 13:45:04.000000,9575.0,9715.0,9520.0,9660.0,nan,9595.0,14448,693142800.0,11766,9580.0,104,9570.0,20,nan,0,nan,0,nan,0,nan,0,nan,0,nan,0,nan,0,nan,0
1597988703899889920,1597988704000001024,2020-08-21 13:45:04.000001,9575.0,9715.0,9520.0,9660.0,nan,9595.0,14448,693142800.0,11766,9580.0,104,9570.0,22,nan,0,nan,0,nan,0,nan,0,nan,0,nan,0,nan,0,nan,0
1597988704889441024,1597988705000001024,2020-08-21 13:45:05.000001,9575.0,9715.0,9520.0,9660.0,nan,9595.0,14448,693142800.0,11766,9580.0,104,9575.0,1,nan,0,nan,0,nan,0,nan,0,nan,0,nan,0,nan,0,nan,0
1597988705395918080,1597988706000000000,2020-08-21 13:45:06.000000,9575.0,9715.0,9520.0,9660.0,nan,9595.0,14450,693238750.0,11766,9580.0,104,9570.0,20,nan,0,nan,0,nan,0,nan,0,nan,0,nan,0,nan,0,nan,0
1597988705890772992,1597988706000001024,2020-08-21 13:45:06.000001,9575.0,9715.0,9520.0,9660.0,nan,9595.0,14452,693334700.0,11768,9580.0,104,9570.0,20,nan,0,nan,0,nan,0,nan,0,nan,0,nan,0,nan,0,nan,0
1597988706399917056,1597988706000001792,2020-08-21 13:45:06.000002,9575.0,9715.0,9520.0,9660.0,nan,9595.0,14452,693334700.0,11768,9575.0,7,9570.0,20,nan,0,nan,0,nan,0,nan,0,nan,0,nan,0,nan,0,nan,0
1597988706889510912,1597988707000000000,2020-08-21 13:45:07.000000,9575.0,9715.0,9520.0,9660.0,nan,9595.0,14460,693718500.0,11763,9580.0,104,9570.0,16,nan,0,nan,0,nan,0,nan,0,nan,0,nan,0,nan,0,nan,0
1597988707403472896,1597988707000001024,2020-08-21 13:45:07.000001,9575.0,9715.0,9520.0,9660.0,nan,9595.0,14460,693718500.0,11763,9580.0,104,9570.0,17,nan,0,nan,0,nan,0,nan,0,nan,0,nan,0,nan,0,nan,0
1597988707886834944,1597988708000000000,2020-08-21 13:45:08.000000,9570.0,9715.0,9520.0,9660.0,nan,9595.0,14461,693766475.0,11763,9580.0,104,9570.0,14,nan,0,nan,0,nan,0,nan,0,nan,0,nan,0,nan,0,nan,0
1597988708386183936,1597988708000001024,2020-08-21 13:45:08.000001,9575.0,9715.0,9520.0,9660.0,nan,9595.0,14462,693814450.0,11764,9580.0,104,9570.0,13,nan,0,nan,0,nan,0,nan,0,nan,0,nan,0,nan,0,nan,0
1597988708882585088,1597988709000000000,2020-08-21 13:45:09.000000,9575.0,9715.0,9520.0,9660.0,nan,9595.0,14462,693814450.0,11764,9575.0,1,9570.0,13,nan,0,nan,0,nan,0,nan,0,nan,0,nan,0,nan,0,nan,0
1597988709887930112,1597988710000000000,2020-08-21 13:45:10.000000,9570.0,9715.0,9520.0,9660.0,nan,9595.0,14464,693910400.0,11766,9575.0,3,9570.0,11,nan,0,nan,0,nan,0,nan,0,nan,0,nan,0,nan,0,nan,0
1597988710404269056,1597988710000001024,2020-08-21 13:45:10.000001,9575.0,9715.0,9520.0,9660.0,nan,9595.0,14466,694006350.0,11766,9575.0,1,9570.0,11,nan,0,nan,0,nan,0,nan,0,nan,0,nan,0,nan,0,nan,0
1597988710898620928,1597988711000000000,2020-08-21 13:45:11.000000,9575.0,9715.0,9520.0,9660.0,nan,9595.0,14466,694006350.0,11766,9575.0,3,9570.0,11,nan,0,nan,0,nan,0,nan,0,nan,0,nan,0,nan,0,nan,0
1597988711389051904,1597988712000000000,2020-08-21 13:45:12.000000,9575.0,9715.0,9520.0,9660.0,nan,9595.0,14467,694054325.0,11765,9575.0,2,9570.0,11,nan,0,nan,0,nan,0,nan,0,nan,0,nan,0,nan,0,nan,0
1597988711893165056,1597988712000001024,2020-08-21 13:45:12.000001,9575.0,9715.0,9520.0,9660.0,nan,9595.0,14467,694054325.0,11765,9575.0,2,9570.0,15,nan,0,nan,0,nan,0,nan,0,nan,0,nan,0,nan,0,nan,0
1597988712888638976,1597988713000001024,2020-08-21 13:45:13.000001,9575.0,9715.0,9520.0,9660.0,nan,9595.0,14467,694054325.0,11765,9575.0,3,9570.0,15,nan,0,nan,0,nan,0,nan,0,nan,0,nan,0,nan,0,nan,0
1597988713451723008,1597988714000000000,2020-08-21 13:45:14.000000,9575.0,9715.0,9520.0,9660.0,nan,9595.0,14467,694054325.0,11765,9575.0,5,9570.0,11,nan,0,nan,0,nan,0,nan,0,nan,0,nan,0,nan,0,nan,0
1597988713893939968,1597988714000001024,2020-08-21 13:45:14.000001,9575.0,9715.0,9520.0,9660.0,nan,9595.0,14467,694054325.0,11765,9575.0,6,9570.0,11,nan,0,nan,0,nan,0,nan,0,nan,0,nan,0,nan,0,nan,0
1597988715891686912,1597988716000001024,2020-08-21 13:45:16.000001,9575.0,9715.0,9520.0,9660.0,nan,9595.0,14468,694102300.0,11765,9575.0,5,9570.0,11,nan,0,nan,0,nan,0,nan,0,nan,0,nan,0,nan,0,nan,0
1597988716411480064,1597988717000000000,2020-08-21 13:45:17.000000,9575.0,9715.0,9520.0,9660.0,nan,9595.0,14469,694150275.0,11765,9575.0,5,9570.0,11,nan,0,nan,0,nan,0,nan,0,nan,0,nan,0,nan,0,nan,0
1597988718399091968,1597988719000000000,2020-08-21 13:45:19.000000,9575.0,9715.0,9520.0,9660.0,nan,9595.0,14470,694198250.0,11764,9575.0,4,9570.0,15,nan,0,nan,0,nan,0,nan,0,nan,0,nan,0,nan,0,nan,0
1597988718898864128,1597988719000001024,2020-08-21 13:45:19.000001,9575.0,9715.0,9520.0,9660.0,nan,9595.0,14471,694246225.0,11763,9575.0,3,9570.0,15,nan,0,nan,0,nan,0,nan,0,nan,0,nan,0,nan,0,nan,0
1597988719418871040,1597988720000000000,2020-08-21 13:45:20.000000,9575.0,9715.0,9520.0,9660.0,nan,9595.0,14471,694246225.0,11763,9575.0,3,9570.0,16,nan,0,nan,0,nan,0,nan,0,nan,0,nan,0,nan,0,nan,0
1597988720399990016,1597988721000000000,2020-08-21 13:45:21.000000,9575.0,9715.0,9520.0,9660.0,nan,9595.0,14471,694246225.0,11763,9575.0,4,9570.0,16,nan,0,nan,0,nan,0,nan,0,nan,0,nan,0,nan,0,nan,0
1597988720893646080,1597988721000001024,2020-08-21 13:45:21.000001,9575.0,9715.0,9520.0,9660.0,nan,9595.0,14471,694246225.0,11763,9575.0,4,9570.0,12,nan,0,nan,0,nan,0,nan,0,nan,0,nan,0,nan,0,nan,0
1597988722430955008,1597988723000000000,2020-08-21 13:45:23.000000,9575.0,9715.0,9520.0,9660.0,nan,9595.0,14471,694246225.0,11763,9575.0,7,9570.0,12,nan,0,nan,0,nan,0,nan,0,nan,0,nan,0,nan,0,nan,0
1597988725900048896,1597988726000001024,2020-08-21 13:45:26.000001,9575.0,9715.0,9520.0,9660.0,nan,9595.0,14471,694246225.0,11763,9575.0,8,9570.0,12,nan,0,nan,0,nan,0,nan,0,nan,0,nan,0,nan,0,nan,0
1597988726404222976,1597988727000000000,2020-08-21 13:45:27.000000,9575.0,9715.0,9520.0,9660.0,nan,9595.0,14471,694246225.0,11763,9575.0,8,9570.0,11,nan,0,nan,0,nan,0,nan,0,nan,0,nan,0,nan,0,nan,0
1597988726898893056,1597988727000001024,2020-08-21 13:45:27.000001,9570.0,9715.0,9520.0,9660.0,nan,9595.0,14472,694294200.0,11763,9575.0,8,9570.0,6,nan,0,nan,0,nan,0,nan,0,nan,0,nan,0,nan,0,nan,0
1597988727405878016,1597988728000000000,2020-08-21 13:45:28.000000,9570.0,9715.0,9520.0,9660.0,nan,9595.0,14472,694294200.0,11763,9575.0,9,9570.0,6,nan,0,nan,0,nan,0,nan,0,nan,0,nan,0,nan,0,nan,0
1597988728426127872,1597988728000001792,2020-08-21 13:45:28.000002,9575.0,9715.0,9520.0,9660.0,nan,9595.0,14473,694342175.0,11764,9575.0,8,9570.0,6,nan,0,nan,0,nan,0,nan,0,nan,0,nan,0,nan,0,nan,0
1597988728902811904,1597988729000000000,2020-08-21 13:45:29.000000,9570.0,9715.0,9520.0,9660.0,nan,9595.0,14474,694390150.0,11764,9575.0,8,9570.0,5,nan,0,nan,0,nan,0,nan,0,nan,0,nan,0,nan,0,nan,0
1597988729905954048,1597988730000001024,2020-08-21 13:45:30.000001,9570.0,9715.0,9520.0,9660.0,nan,9595.0,14474,694390150.0,11764,9575.0,9,9570.0,5,nan,0,nan,0,nan,0,nan,0,nan,0,nan,0,nan,0,nan,0
1597988731900154112,1597988732000000000,2020-08-21 13:45:32.000000,9570.0,9715.0,9520.0,9660.0,nan,9595.0,14475,694438125.0,11764,9575.0,9,9570.0,2,nan,0,nan,0,nan,0,nan,0,nan,0,nan,0,nan,0,nan,0
1597988732408187904,1597988733000000000,2020-08-21 13:45:33.000000,9570.0,9715.0,9520.0,9660.0,nan,9595.0,14475,694438125.0,11764,9575.0,9,9570.0,3,nan,0,nan,0,nan,0,nan,0,nan,0,nan,0,nan,0,nan,0
1597988733898554880,1597988734000000000,2020-08-21 13:45:34.000000,9575.0,9715.0,9520.0,9660.0,nan,9595.0,14476,694486100.0,11764,9575.0,8,9570.0,3,nan,0,nan,0,nan,0,nan,0,nan,0,nan,0,nan,0,nan,0
1597988735397638912,1597988735000001024,2020-08-21 13:45:35.000001,9570.0,9715.0,9520.0,9660.0,nan,9595.0,14478,694582050.0,11762,9575.0,8,9570.0,2,nan,0,nan,0,nan,0,nan,0,nan,0,nan,0,nan,0,nan,0
1597988736399380992,1597988737000000000,2020-08-21 13:45:37.000000,9575.0,9715.0,9520.0,9660.0,nan,9595.0,14487,695013825.0,11754,9575.0,1,9570.0,2,nan,0,nan,0,nan,0,nan,0,nan,0,nan,0,nan,0,nan,0
1597988736899980032,1597988737000001024,2020-08-21 13:45:37.000001,9575.0,9715.0,9520.0,9660.0,nan,9595.0,14487,695013825.0,11754,9575.0,1,9570.0,9,nan,0,nan,0,nan,0,nan,0,nan,0,nan,0,nan,0,nan,0
1597988737409122048,1597988737000001792,2020-08-21 13:45:37.000002,9575.0,9715.0,9520.0,9660.0,nan,9595.0,14488,695061800.0,11754,9580.0,107,9570.0,11,nan,0,nan,0,nan,0,nan,0,nan,0,nan,0,nan,0,nan,0
1597988737901507072,1597988738000000000,2020-08-21 13:45:38.000000,9575.0,9715.0,9520.0,9660.0,nan,9595.0,14488,695061800.0,11754,9575.0,1,9570.0,11,nan,0,nan,0,nan,0,nan,0,nan,0,nan,0,nan,0,nan,0
1597988738393510912,1597988739000000000,2020-08-21 13:45:39.000000,9575.0,9715.0,9520.0,9660.0,nan,9595.0,14488,695061800.0,11754,9575.0,1,9570.0,14,nan,0,nan,0,nan,0,nan,0,nan,0,nan,0,nan,0,nan,0
1597988739396243968,1597988740000000000,2020-08-21 13:45:40.000000,9575.0,9715.0,9520.0,9660.0,nan,9595.0,14488,695061800.0,11754,9575.0,4,9570.0,15,nan,0,nan,0,nan,0,nan,0,nan,0,nan,0,nan,0,nan,0
1597988740902780928,1597988741000001024,2020-08-21 13:45:41.000001,9575.0,9715.0,9520.0,9660.0,nan,9595.0,14489,695109775.0,11755,9575.0,3,9570.0,15,nan,0,nan,0,nan,0,nan,0,nan,0,nan,0,nan,0,nan,0
1597988742423834112,1597988743000000000,2020-08-21 13:45:43.000000,9575.0,9715.0,9520.0,9660.0,nan,9595.0,14492,695253700.0,11754,9580.0,107,9570.0,15,nan,0,nan,0,nan,0,nan,0,nan,0,nan,0,nan,0,nan,0
1597988742906114048,1597988743000001024,2020-08-21 13:45:43.000001,9575.0,9715.0,9520.0,9660.0,nan,9595.0,14492,695253700.0,11754,9575.0,1,9570.0,17,nan,0,nan,0,nan,0,nan,0,nan,0,nan,0,nan,0,nan,0
1597988744437273088,1597988745000000000,2020-08-21 13:45:45.000000,9575.0,9715.0,9520.0,9660.0,nan,9595.0,14494,695349650.0,11752,9580.0,108,9575.0,18,nan,0,nan,0,nan,0,nan,0,nan,0,nan,0,nan,0,nan,0
1597988745909841920,1597988746000000000,2020-08-21 13:45:46.000000,9580.0,9715.0,9520.0,9660.0,nan,9595.0,14505,695877375.0,11742,9580.0,97,9575.0,18,nan,0,nan,0,nan,0,nan,0,nan,0,nan,0,nan,0,nan,0
1597988746413462016,1597988746000001024,2020-08-21 13:45:46.000001,9580.0,9715.0,9520.0,9660.0,nan,9595.0,14522,696692950.0,11725,9580.0,80,9575.0,18,nan,0,nan,0,nan,0,nan,0,nan,0,nan,0,nan,0,nan,0
1597988746907204096,1597988747000000000,2020-08-21 13:45:47.000000,9580.0,9715.0,9520.0,9660.0,nan,9595.0,14522,696692950.0,11725,9580.0,80,9575.0,21,nan,0,nan,0,nan,0,nan,0,nan,0,nan,0,nan,0,nan,0
1597988747403531008,1597988748000000000,2020-08-21 13:45:48.000000,9580.0,9715.0,9520.0,9660.0,nan,9595.0,14523,696740925.0,11724,9580.0,79,9575.0,21,nan,0,nan,0,nan,0,nan,0,nan,0,nan,0,nan,0,nan,0
1597988747907176960,1597988748000001024,2020-08-21 13:45:48.000001,9580.0,9715.0,9520.0,9660.0,nan,9595.0,14599,700387025.0,11693,9580.0,3,9575.0,21,nan,0,nan,0,nan,0,nan,0,nan,0,nan,0,nan,0,nan,0
1597988748404601088,1597988749000000000,2020-08-21 13:45:49.000000,9580.0,9715.0,9520.0,9660.0,nan,9595.0,14602,700530950.0,11693,9585.0,48,9580.0,7,nan,0,nan,0,nan,0,nan,0,nan,0,nan,0,nan,0,nan,0
1597988748908049920,1597988749000001024,2020-08-21 13:45:49.000001,9580.0,9715.0,9520.0,9660.0,nan,9595.0,14602,700530950.0,11693,9585.0,48,9580.0,10,nan,0,nan,0,nan,0,nan,0,nan,0,nan,0,nan,0,nan,0
1597988750406371072,1597988751000000000,2020-08-21 13:45:51.000000,9585.0,9715.0,9520.0,9660.0,nan,9595.0,14608,700818800.0,11692,9585.0,42,9580.0,10,nan,0,nan,0,nan,0,nan,0,nan,0,nan,0,nan,0,nan,0
1597988750910209024,1597988751000001024,2020-08-21 13:45:51.000001,9585.0,9715.0,9520.0,9660.0,nan,9595.0,14613,701058675.0,11692,9585.0,37,9580.0,10,nan,0,nan,0,nan,0,nan,0,nan,0,nan,0,nan,0,nan,0
1597988751408780032,1597988752000000000,2020-08-21 13:45:52.000000,9585.0,9715.0,9520.0,9660.0,nan,9595.0,14630,701874250.0,11688,9585.0,21,9580.0,9,nan,0,nan,0,nan,0,nan,0,nan,0,nan,0,nan,0,nan,0
1597988752430852096,1597988753000000000,2020-08-21 13:45:53.000000,9580.0,9715.0,9520.0,9660.0,nan,9595.0,14631,701922225.0,11688,9585.0,21,9580.0,8,nan,0,nan,0,nan,0,nan,0,nan,0,nan,0,nan,0,nan,0
1597988753411308032,1597988753000001792,2020-08-21 13:45:53.000002,9585.0,9715.0,9520.0,9660.0,nan,9595.0,14635,702114125.0,11684,9585.0,17,9580.0,8,nan,0,nan,0,nan,0,nan,0,nan,0,nan,0,nan,0,nan,0
1597988754912263936,1597988755000001024,2020-08-21 13:45:55.000001,9580.0,9715.0,9520.0,9660.0,nan,9595.0,14636,702162100.0,11684,9585.0,17,9580.0,7,nan,0,nan,0,nan,0,nan,0,nan,0,nan,0,nan,0,nan,0
1597988755443068928,1597988755000001792,2020-08-21 13:45:55.000002,9580.0,9715.0,9520.0,9660.0,nan,9595.0,14636,702162100.0,11684,9585.0,18,9580.0,7,nan,0,nan,0,nan,0,nan,0,nan,0,nan,0,nan,0,nan,0
1597988757416591872,1597988758000000000,2020-08-21 13:45:58.000000,9580.0,9715.0,9520.0,9660.0,nan,9595.0,14636,702162100.0,11684,9585.0,19,9580.0,8,nan,0,nan,0,nan,0,nan,0,nan,0,nan,0,nan,0,nan,0
1597988758432675072,1597988759000000000,2020-08-21 13:45:59.000000,9580.0,9715.0,9520.0,9660.0,nan,9595.0,14637,702210075.0,11683,9585.0,19,9580.0,7,nan,0,nan,0,nan,0,nan,0,nan,0,nan,0,nan,0,nan,0
1597988760405852928,1597988761000000000,2020-08-21 13:46:01.000000,9585.0,9715.0,9520.0,9660.0,nan,9595.0,14639,702306025.0,11683,9585.0,18,9580.0,8,nan,0,nan,0,nan,0,nan,0,nan,0,nan,0,nan,0,nan,0
1597988761019443968,1597988761000001024,2020-08-21 13:46:01.000001,9580.0,9715.0,9520.0,9660.0,nan,9595.0,14640,702354000.0,11684,9585.0,18,9580.0,7,nan,0,nan,0,nan,0,nan,0,nan,0,nan,0,nan,0,nan,0
1597988761432225024,1597988762000000000,2020-08-21 13:46:02.000000,9585.0,9715.0,9520.0,9660.0,nan,9595.0,14648,702737800.0,11676,9585.0,10,9580.0,7,nan,0,nan,0,nan,0,nan,0,nan,0,nan,0,nan,0,nan,0
1597988762906984960,1597988763000001024,2020-08-21 13:46:03.000001,9585.0,9715.0,9520.0,9660.0,nan,9595.0,14650,702833750.0,11675,9585.0,8,9580.0,7,nan,0,nan,0,nan,0,nan,0,nan,0,nan,0,nan,0,nan,0
1597988763412171008,1597988764000000000,2020-08-21 13:46:04.000000,9585.0,9715.0,9520.0,9660.0,nan,9595.0,14650,702833750.0,11675,9585.0,9,9580.0,7,nan,0,nan,0,nan,0,nan,0,nan,0,nan,0,nan,0,nan,0
1597988763905443072,1597988764000001024,2020-08-21 13:46:04.000001,9585.0,9715.0,9520.0,9660.0,nan,9595.0,14650,702833750.0,11675,9585.0,9,9580.0,8,nan,0,nan,0,nan,0,nan,0,nan,0,nan,0,nan,0,nan,0
1597988764437259008,1597988765000000000,2020-08-21 13:46:05.000000,9585.0,9715.0,9520.0,9660.0,nan,9595.0,14662,703409450.0,11678,9585.0,1,9580.0,8,nan,0,nan,0,nan,0,nan,0,nan,0,nan,0,nan,0,nan,0
1597988764913012992,1597988765000001024,2020-08-21 13:46:05.000001,9585.0,9715.0,9520.0,9660.0,nan,9595.0,14662,703409450.0,11678,9585.0,3,9580.0,9,nan,0,nan,0,nan,0,nan,0,nan,0,nan,0,nan,0,nan,0
1597988765414130944,1597988766000000000,2020-08-21 13:46:06.000000,9585.0,9715.0,9520.0,9660.0,nan,9595.0,14665,703553375.0,11675,9585.0,5,9580.0,12,nan,0,nan,0,nan,0,nan,0,nan,0,nan,0,nan,0,nan,0
1597988766410446080,1597988767000000000,2020-08-21 13:46:07.000000,9580.0,9715.0,9520.0,9660.0,nan,9595.0,14671,703841225.0,11672,9585.0,5,9580.0,4,nan,0,nan,0,nan,0,nan,0,nan,0,nan,0,nan,0,nan,0
1597988767440638976,1597988768000000000,2020-08-21 13:46:08.000000,9580.0,9715.0,9520.0,9660.0,nan,9595.0,14671,703841225.0,11672,9585.0,5,9580.0,5,nan,0,nan,0,nan,0,nan,0,nan,0,nan,0,nan,0,nan,0
1597988767913125120,1597988768000001024,2020-08-21 13:46:08.000001,9580.0,9715.0,9520.0,9660.0,nan,9595.0,14671,703841225.0,11672,9585.0,7,9580.0,5,nan,0,nan,0,nan,0,nan,0,nan,0,nan,0,nan,0,nan,0
1597988769417372928,1597988770000000000,2020-08-21 13:46:10.000000,9580.0,9715.0,9520.0,9660.0,nan,9595.0,14671,703841225.0,11672,9585.0,9,9580.0,5,nan,0,nan,0,nan,0,nan,0,nan,0,nan,0,nan,0,nan,0
1597988769917532928,1597988770000001024,2020-08-21 13:46:10.000001,9580.0,9715.0,9520.0,9660.0,nan,9595.0,14671,703841225.0,11672,9585.0,11,9580.0,5,nan,0,nan,0,nan,0,nan,0,nan,0,nan,0,nan,0,nan,0
1597988770448720896,1597988771000000000,2020-08-21 13:46:11.000000,9580.0,9715.0,9520.0,9660.0,nan,9595.0,14676,704081100.0,11671,9580.0,4,9575.0,9,nan,0,nan,0,nan,0,nan,0,nan,0,nan,0,nan,0,nan,0
1597988770913149952,1597988771000001024,2020-08-21 13:46:11.000001,9580.0,9715.0,9520.0,9660.0,nan,9595.0,14677,704129075.0,11672,9580.0,3,9575.0,7,nan,0,nan,0,nan,0,nan,0,nan,0,nan,0,nan,0,nan,0
1597988771419621888,1597988772000000000,2020-08-21 13:46:12.000000,9580.0,9715.0,9520.0,9660.0,nan,9595.0,14678,704177050.0,11673,9580.0,4,9575.0,7,nan,0,nan,0,nan,0,nan,0,nan,0,nan,0,nan,0,nan,0
1597988772918126080,1597988773000001024,2020-08-21 13:46:13.000001,9580.0,9715.0,9520.0,9660.0,nan,9595.0,14678,704177050.0,11673,9580.0,5,9575.0,7,nan,0,nan,0,nan,0,nan,0,nan,0,nan,0,nan,0,nan,0
1597988774908199936,1597988775000001024,2020-08-21 13:46:15.000001,9580.0,9715.0,9520.0,9660.0,nan,9595.0,14678,704177050.0,11673,9580.0,5,9575.0,8,nan,0,nan,0,nan,0,nan,0,nan,0,nan,0,nan,0,nan,0
1597988775909809920,1597988776000001024,2020-08-21 13:46:16.000001,9580.0,9715.0,9520.0,9660.0,nan,9595.0,14679,704225025.0,11674,9580.0,4,9575.0,8,nan,0,nan,0,nan,0,nan,0,nan,0,nan,0,nan,0,nan,0
1597988779454070016,1597988779000001792,2020-08-21 13:46:19.000002,9580.0,9715.0,9520.0,9660.0,nan,9595.0,14680,704273000.0,11675,9580.0,3,9575.0,8,nan,0,nan,0,nan,0,nan,0,nan,0,nan,0,nan,0,nan,0
1597988780415638016,1597988780000001024,2020-08-21 13:46:20.000001,9580.0,9715.0,9520.0,9660.0,nan,9595.0,14680,704273000.0,11675,9580.0,4,9575.0,8,nan,0,nan,0,nan,0,nan,0,nan,0,nan,0,nan,0,nan,0
1597988781418615040,1597988781000001024,2020-08-21 13:46:21.000001,9580.0,9715.0,9520.0,9660.0,nan,9595.0,14680,704273000.0,11675,9580.0,5,9575.0,8,nan,0,nan,0,nan,0,nan,0,nan,0,nan,0,nan,0,nan,0
1597988782447772928,1597988783000000000,2020-08-21 13:46:23.000000,9575.0,9715.0,9520.0,9660.0,nan,9595.0,14681,704320975.0,11674,9580.0,5,9575.0,7,nan,0,nan,0,nan,0,nan,0,nan,0,nan,0,nan,0,nan,0
1597988783416610048,1597988783000001792,2020-08-21 13:46:23.000002,9575.0,9715.0,9520.0,9660.0,nan,9595.0,14682,704368950.0,11673,9580.0,5,9575.0,6,nan,0,nan,0,nan,0,nan,0,nan,0,nan,0,nan,0,nan,0
1597988783922469120,1597988784000000000,2020-08-21 13:46:24.000000,9580.0,9715.0,9520.0,9660.0,nan,9595.0,14689,704704775.0,11675,9585.0,16,9575.0,6,nan,0,nan,0,nan,0,nan,0,nan,0,nan,0,nan,0,nan,0
1597988784419150080,1597988785000000000,2020-08-21 13:46:25.000000,9580.0,9715.0,9520.0,9660.0,nan,9595.0,14689,704704775.0,11675,9585.0,16,9575.0,10,nan,0,nan,0,nan,0,nan,0,nan,0,nan,0,nan,0,nan,0
1597988784922138112,1597988785000001024,2020-08-21 13:46:25.000001,9580.0,9715.0,9520.0,9660.0,nan,9595.0,14689,704704775.0,11675,9585.0,16,9575.0,7,nan,0,nan,0,nan,0,nan,0,nan,0,nan,0,nan,0,nan,0
1597988786924391936,1597988787000001024,2020-08-21 13:46:27.000001,9580.0,9715.0,9520.0,9660.0,nan,9595.0,14689,704704775.0,11675,9580.0,2,9575.0,7,nan,0,nan,0,nan,0,nan,0,nan,0,nan,0,nan,0,nan,0
1597988788438185984,1597988789000000000,2020-08-21 13:46:29.000000,9580.0,9715.0,9520.0,9660.0,nan,9595.0,14689,704704775.0,11675,9580.0,4,9575.0,7,nan,0,nan,0,nan,0,nan,0,nan,0,nan,0,nan,0,nan,0
1597988788926714112,1597988789000001024,2020-08-21 13:46:29.000001,9580.0,9715.0,9520.0,9660.0,nan,9595.0,14689,704704775.0,11675,9580.0,6,9575.0,5,nan,0,nan,0,nan,0,nan,0,nan,0,nan,0,nan,0,nan,0
1597988790420673024,1597988791000000000,2020-08-21 13:46:31.000000,9575.0,9715.0,9520.0,9660.0,nan,9595.0,14696,705040600.0,11673,9575.0,4,9570.0,15,nan,0,nan,0,nan,0,nan,0,nan,0,nan,0,nan,0,nan,0
1597988791444762112,1597988792000000000,2020-08-21 13:46:32.000000,9575.0,9715.0,9520.0,9660.0,nan,9595.0,14699,705184525.0,11670,9580.0,11,9575.0,2,nan,0,nan,0,nan,0,nan,0,nan,0,nan,0,nan,0,nan,0
1597988791929592064,1597988792000001024,2020-08-21 13:46:32.000001,9575.0,9715.0,9520.0,9660.0,nan,9595.0,14699,705184525.0,11670,9580.0,12,9575.0,2,nan,0,nan,0,nan,0,nan,0,nan,0,nan,0,nan,0,nan,0
1597988793430936064,1597988794000000000,2020-08-21 13:46:34.000000,9575.0,9715.0,9520.0,9660.0,nan,9595.0,14699,705184525.0,11670,9580.0,14,9575.0,2,nan,0,nan,0,nan,0,nan,0,nan,0,nan,0,nan,0,nan,0
1597988794460374016,1597988795000000000,2020-08-21 13:46:35.000000,9575.0,9715.0,9520.0,9660.0,nan,9595.0,14701,705280475.0,11668,9580.0,14,9570.0,15,nan,0,nan,0,nan,0,nan,0,nan,0,nan,0,nan,0,nan,0
1597988797445666048,1597988797000001024,2020-08-21 13:46:37.000001,9575.0,9715.0,9520.0,9660.0,nan,9595.0,14701,705280475.0,11668,9580.0,16,9570.0,15,nan,0,nan,0,nan,0,nan,0,nan,0,nan,0,nan,0,nan,0
1597988799421814016,1597988800000000000,2020-08-21 13:46:40.000000,9575.0,9715.0,9520.0,9660.0,nan,9595.0,14701,705280475.0,11668,9580.0,16,9575.0,1,nan,0,nan,0,nan,0,nan,0,nan,0,nan,0,nan,0,nan,0
1597988799924102912,1597988800000001024,2020-08-21 13:46:40.000001,9575.0,9715.0,9520.0,9660.0,nan,9595.0,14702,705328450.0,11669,9580.0,16,9570.0,15,nan,0,nan,0,nan,0,nan,0,nan,0,nan,0,nan,0,nan,0
1597988803927196928,1597988804000001024,2020-08-21 13:46:44.000001,9575.0,9715.0,9520.0,9660.0,nan,9595.0,14702,705328450.0,11669,9575.0,7,9570.0,15,nan,0,nan,0,nan,0,nan,0,nan,0,nan,0,nan,0,nan,0
1597988811925106944,1597988812000001024,2020-08-21 13:46:52.000001,9570.0,9715.0,9520.0,9660.0,nan,9595.0,14703,705376425.0,11669,9575.0,7,9570.0,14,nan,0,nan,0,nan,0,nan,0,nan,0,nan,0,nan,0,nan,0
1597988812442813952,1597988813000000000,2020-08-21 13:46:53.000000,9570.0,9715.0,9520.0,9660.0,nan,9595.0,14703,705376425.0,11669,9575.0,7,9570.0,15,nan,0,nan,0,nan,0,nan,0,nan,0,nan,0,nan,0,nan,0
1597988814431266048,1597988815000000000,2020-08-21 13:46:55.000000,9570.0,9715.0,9520.0,9660.0,nan,9595.0,14703,705376425.0,11669,9575.0,8,9570.0,15,nan,0,nan,0,nan,0,nan,0,nan,0,nan,0,nan,0,nan,0
1597988815437195008,1597988816000000000,2020-08-21 13:46:56.000000,9570.0,9715.0,9520.0,9660.0,nan,9595.0,14703,705376425.0,11669,9575.0,9,9570.0,15,nan,0,nan,0,nan,0,nan,0,nan,0,nan,0,nan,0,nan,0
1597988815928783872,1597988816000001024,2020-08-21 13:46:56.000001,9570.0,9715.0,9520.0,9660.0,nan,9595.0,14703,705376425.0,11669,9575.0,9,9570.0,11,nan,0,nan,0,nan,0,nan,0,nan,0,nan,0,nan,0,nan,0
1597988817942073088,1597988818000001024,2020-08-21 13:46:58.000001,9570.0,9715.0,9520.0,9660.0,nan,9595.0,14703,705376425.0,11669,9575.0,10,9570.0,11,nan,0,nan,0,nan,0,nan,0,nan,0,nan,0,nan,0,nan,0
1597988818446398976,1597988819000000000,2020-08-21 13:46:59.000000,9575.0,9715.0,9520.0,9660.0,nan,9595.0,14705,705472375.0,11669,9575.0,8,9570.0,11,nan,0,nan,0,nan,0,nan,0,nan,0,nan,0,nan,0,nan,0
1597988822435425024,1597988823000000000,2020-08-21 13:47:03.000000,9575.0,9715.0,9520.0,9660.0,nan,9595.0,14705,705472375.0,11669,9575.0,8,9570.0,12,nan,0,nan,0,nan,0,nan,0,nan,0,nan,0,nan,0,nan,0
1597988826430481920,1597988827000000000,2020-08-21 13:47:07.000000,9570.0,9715.0,9520.0,9660.0,nan,9595.0,14707,705568325.0,11667,9575.0,8,9570.0,10,nan,0,nan,0,nan,0,nan,0,nan,0,nan,0,nan,0,nan,0
1597988826930151936,1597988827000001024,2020-08-21 13:47:07.000001,9570.0,9715.0,9520.0,9660.0,nan,9595.0,14707,705568325.0,11667,9575.0,10,9570.0,10,nan,0,nan,0,nan,0,nan,0,nan,0,nan,0,nan,0,nan,0
1597988829436198912,1597988829000001792,2020-08-21 13:47:09.000002,9570.0,9715.0,9520.0,9660.0,nan,9595.0,14707,705568325.0,11667,9575.0,11,9570.0,10,nan,0,nan,0,nan,0,nan,0,nan,0,nan,0,nan,0,nan,0
1597988829933978112,1597988830000000000,2020-08-21 13:47:10.000000,9575.0,9715.0,9520.0,9660.0,nan,9595.0,14709,705664275.0,11667,9575.0,9,9570.0,10,nan,0,nan,0,nan,0,nan,0,nan,0,nan,0,nan,0,nan,0
1597988830940493056,1597988831000001024,2020-08-21 13:47:11.000001,9575.0,9715.0,9520.0,9660.0,nan,9595.0,14709,705664275.0,11667,9575.0,10,9570.0,10,nan,0,nan,0,nan,0,nan,0,nan,0,nan,0,nan,0,nan,0
1597988832434324992,1597988833000000000,2020-08-21 13:47:13.000000,9575.0,9715.0,9520.0,9660.0,nan,9595.0,14709,705664275.0,11667,9575.0,12,9570.0,10,nan,0,nan,0,nan,0,nan,0,nan,0,nan,0,nan,0,nan,0
1597988834938022912,1597988835000001024,2020-08-21 13:47:15.000001,9575.0,9715.0,9520.0,9660.0,nan,9595.0,14709,705664275.0,11667,9575.0,14,9570.0,10,nan,0,nan,0,nan,0,nan,0,nan,0,nan,0,nan,0,nan,0
1597988837441817088,1597988837000001792,2020-08-21 13:47:17.000002,9575.0,9715.0,9520.0,9660.0,nan,9595.0,14710,705712250.0,11666,9575.0,13,9570.0,10,nan,0,nan,0,nan,0,nan,0,nan,0,nan,0,nan,0,nan,0
1597988838440966912,1597988838000001024,2020-08-21 13:47:18.000001,9575.0,9715.0,9520.0,9660.0,nan,9595.0,14710,705712250.0,11666,9575.0,13,9570.0,10,nan,0,nan,0,nan,0,nan,0,nan,0,nan,0,nan,0,nan,0
1597988838938266112,1597988839000000000,2020-08-21 13:47:19.000000,9570.0,9715.0,9520.0,9660.0,nan,9595.0,14711,705760225.0,11667,9575.0,13,9570.0,9,nan,0,nan,0,nan,0,nan,0,nan,0,nan,0,nan,0,nan,0
1597988840942302976,1597988841000000000,2020-08-21 13:47:21.000000,9570.0,9715.0,9520.0,9660.0,nan,9595.0,14720,706192000.0,11669,9575.0,13,9565.0,37,nan,0,nan,0,nan,0,nan,0,nan,0,nan,0,nan,0,nan,0
1597988845476034048,1597988846000000000,2020-08-21 13:47:26.000000,9570.0,9715.0,9520.0,9660.0,nan,9595.0,14721,706239975.0,11669,9570.0,3,9565.0,37,nan,0,nan,0,nan,0,nan,0,nan,0,nan,0,nan,0,nan,0
1597988845937332992,1597988846000001024,2020-08-21 13:47:26.000001,9570.0,9715.0,9520.0,9660.0,nan,9595.0,14724,706383900.0,11669,9575.0,13,9565.0,37,nan,0,nan,0,nan,0,nan,0,nan,0,nan,0,nan,0,nan,0
1597988847444410112,1597988847000001792,2020-08-21 13:47:27.000002,9570.0,9715.0,9520.0,9660.0,nan,9595.0,14724,706383900.0,11669,9570.0,4,9565.0,37,nan,0,nan,0,nan,0,nan,0,nan,0,nan,0,nan,0,nan,0
1597988849942812928,1597988850000000000,2020-08-21 13:47:30.000000,9565.0,9715.0,9520.0,9660.0,nan,9595.0,14725,706431875.0,11669,9570.0,10,9565.0,36,nan,0,nan,0,nan,0,nan,0,nan,0,nan,0,nan,0,nan,0
1597988851476263936,1597988852000000000,2020-08-21 13:47:32.000000,9570.0,9715.0,9520.0,9660.0,nan,9595.0,14726,706479850.0,11670,9570.0,6,9565.0,36,nan,0,nan,0,nan,0,nan,0,nan,0,nan,0,nan,0,nan,0
1597988852944731904,1597988853000001024,2020-08-21 13:47:33.000001,9570.0,9715.0,9520.0,9660.0,nan,9595.0,14726,706479850.0,11670,9570.0,10,9565.0,36,nan,0,nan,0,nan,0,nan,0,nan,0,nan,0,nan,0,nan,0
1597988853447969024,1597988854000000000,2020-08-21 13:47:34.000000,9570.0,9715.0,9520.0,9660.0,nan,9595.0,14728,706575800.0,11672,9570.0,8,9565.0,36,nan,0,nan,0,nan,0,nan,0,nan,0,nan,0,nan,0,nan,0
1597988855946085120,1597988856000000000,2020-08-21 13:47:36.000000,9570.0,9715.0,9520.0,9660.0,nan,9595.0,14728,706575800.0,11672,9570.0,12,9565.0,36,nan,0,nan,0,nan,0,nan,0,nan,0,nan,0,nan,0,nan,0
1597988856952708096,1597988857000001024,2020-08-21 13:47:37.000001,9570.0,9715.0,9520.0,9660.0,nan,9595.0,14728,706575800.0,11672,9570.0,13,9565.0,36,nan,0,nan,0,nan,0,nan,0,nan,0,nan,0,nan,0,nan,0
1597988857458717952,1597988858000000000,2020-08-21 13:47:38.000000,9570.0,9715.0,9520.0,9660.0,nan,9595.0,14728,706575800.0,11672,9570.0,14,9565.0,36,nan,0,nan,0,nan,0,nan,0,nan,0,nan,0,nan,0,nan,0
1597988858952737024,1597988859000001024,2020-08-21 13:47:39.000001,9565.0,9715.0,9520.0,9660.0,nan,9595.0,14729,706623775.0,11672,9570.0,14,9565.0,35,nan,0,nan,0,nan,0,nan,0,nan,0,nan,0,nan,0,nan,0
1597988860445575936,1597988860000001024,2020-08-21 13:47:40.000001,9565.0,9715.0,9520.0,9660.0,nan,9595.0,14729,706623775.0,11672,9570.0,18,9565.0,35,nan,0,nan,0,nan,0,nan,0,nan,0,nan,0,nan,0,nan,0
1597988861547645952,1597988862000000000,2020-08-21 13:47:42.000000,9565.0,9715.0,9520.0,9660.0,nan,9595.0,14729,706623775.0,11672,9570.0,16,9565.0,35,nan,0,nan,0,nan,0,nan,0,nan,0,nan,0,nan,0,nan,0
1597988862472862976,1597988863000000000,2020-08-21 13:47:43.000000,9565.0,9715.0,9520.0,9660.0,nan,9595.0,14729,706623775.0,11672,9570.0,12,9565.0,35,nan,0,nan,0,nan,0,nan,0,nan,0,nan,0,nan,0,nan,0
1597988863466731008,1597988864000000000,2020-08-21 13:47:44.000000,9565.0,9715.0,9520.0,9660.0,nan,9595.0,14741,707199475.0,11679,9570.0,12,9565.0,23,nan,0,nan,0,nan,0,nan,0,nan,0,nan,0,nan,0,nan,0
1597988863950192896,1597988864000001024,2020-08-21 13:47:44.000001,9565.0,9715.0,9520.0,9660.0,nan,9595.0,14764,708302900.0,11689,9565.0,6,9560.0,35,nan,0,nan,0,nan,0,nan,0,nan,0,nan,0,nan,0,nan,0
1597988864445381120,1597988864000001792,2020-08-21 13:47:44.000002,9565.0,9715.0,9520.0,9660.0,nan,9595.0,14764,708302900.0,11689,9565.0,10,9560.0,35,nan,0,nan,0,nan,0,nan,0,nan,0,nan,0,nan,0,nan,0
1597988866954332928,1597988867000001024,2020-08-21 13:47:47.000001,9565.0,9715.0,9520.0,9660.0,nan,9595.0,14764,708302900.0,11689,9565.0,14,9560.0,35,nan,0,nan,0,nan,0,nan,0,nan,0,nan,0,nan,0,nan,0
1597988867453377024,1597988868000000000,2020-08-21 13:47:48.000000,9565.0,9715.0,9520.0,9660.0,nan,9595.0,14766,708398850.0,11689,9565.0,12,9560.0,35,nan,0,nan,0,nan,0,nan,0,nan,0,nan,0,nan,0,nan,0
1597988868456161024,1597988869000000000,2020-08-21 13:47:49.000000,9560.0,9715.0,9520.0,9660.0,nan,9595.0,14769,708542775.0,11692,9565.0,12,9560.0,32,nan,0,nan,0,nan,0,nan,0,nan,0,nan,0,nan,0,nan,0
1597988868954351104,1597988869000001024,2020-08-21 13:47:49.000001,9560.0,9715.0,9520.0,9660.0,nan,9595.0,14769,708542775.0,11692,9565.0,16,9560.0,32,nan,0,nan,0,nan,0,nan,0,nan,0,nan,0,nan,0,nan,0
1597988869480340992,1597988870000000000,2020-08-21 13:47:50.000000,9560.0,9715.0,9520.0,9660.0,nan,9595.0,14782,709166450.0,11700,9565.0,16,9560.0,19,nan,0,nan,0,nan,0,nan,0,nan,0,nan,0,nan,0,nan,0
1597988869955962112,1597988870000001024,2020-08-21 13:47:50.000001,9560.0,9715.0,9520.0,9660.0,nan,9595.0,14782,709166450.0,11700,9565.0,12,9560.0,19,nan,0,nan,0,nan,0,nan,0,nan,0,nan,0,nan,0,nan,0
1597988870950714880,1597988871000001024,2020-08-21 13:47:51.000001,9560.0,9715.0,9520.0,9660.0,nan,9595.0,14783,709214425.0,11701,9565.0,12,9560.0,18,nan,0,nan,0,nan,0,nan,0,nan,0,nan,0,nan,0,nan,0
1597988871450351104,1597988871000001792,2020-08-21 13:47:51.000002,9560.0,9715.0,9520.0,9660.0,nan,9595.0,14787,709406325.0,11705,9565.0,12,9560.0,14,nan,0,nan,0,nan,0,nan,0,nan,0,nan,0,nan,0,nan,0
1597988871961618944,1597988872000000000,2020-08-21 13:47:52.000000,9560.0,9715.0,9520.0,9660.0,nan,9595.0,14801,710077975.0,11714,9565.0,12,9555.0,25,nan,0,nan,0,nan,0,nan,0,nan,0,nan,0,nan,0,nan,0
1597988872472953088,1597988873000000000,2020-08-21 13:47:53.000000,9560.0,9715.0,9520.0,9660.0,nan,9595.0,14802,710125950.0,11715,9565.0,12,9555.0,25,nan,0,nan,0,nan,0,nan,0,nan,0,nan,0,nan,0,nan,0
1597988872958040064,1597988873000001024,2020-08-21 13:47:53.000001,9560.0,9715.0,9520.0,9660.0,nan,9595.0,14802,710125950.0,11715,9565.0,8,9555.0,25,nan,0,nan,0,nan,0,nan,0,nan,0,nan,0,nan,0,nan,0
1597988873455089920,1597988874000000000,2020-08-21 13:47:54.000000,9560.0,9715.0,9520.0,9660.0,nan,9595.0,14802,710125950.0,11715,9565.0,10,9555.0,25,nan,0,nan,0,nan,0,nan,0,nan,0,nan,0,nan,0,nan,0
1597988874459237888,1597988875000000000,2020-08-21 13:47:55.000000,9560.0,9715.0,9520.0,9660.0,nan,9595.0,14806,710317850.0,11716,9565.0,10,9555.0,25,nan,0,nan,0,nan,0,nan,0,nan,0,nan,0,nan,0,nan,0
1597988876963439104,1597988877000000000,2020-08-21 13:47:57.000000,9560.0,9715.0,9520.0,9660.0,nan,9595.0,14806,710317850.0,11716,9560.0,5,9555.0,25,nan,0,nan,0,nan,0,nan,0,nan,0,nan,0,nan,0,nan,0
1597988877454693888,1597988878000000000,2020-08-21 13:47:58.000000,9560.0,9715.0,9520.0,9660.0,nan,9595.0,14813,710653675.0,11715,9565.0,8,9560.0,2,nan,0,nan,0,nan,0,nan,0,nan,0,nan,0,nan,0,nan,0
1597988877966599936,1597988878000001024,2020-08-21 13:47:58.000001,9565.0,9715.0,9520.0,9660.0,nan,9595.0,14814,710701650.0,11715,9565.0,9,9560.0,2,nan,0,nan,0,nan,0,nan,0,nan,0,nan,0,nan,0,nan,0
1597988878959718912,1597988879000001024,2020-08-21 13:47:59.000001,9560.0,9715.0,9520.0,9660.0,nan,9595.0,14815,710749625.0,11714,9565.0,9,9560.0,1,nan,0,nan,0,nan,0,nan,0,nan,0,nan,0,nan,0,nan,0
1597988879958615040,1597988880000001024,2020-08-21 13:48:00.000001,9560.0,9715.0,9520.0,9660.0,nan,9595.0,14815,710749625.0,11714,9565.0,9,9560.0,2,nan,0,nan,0,nan,0,nan,0,nan,0,nan,0,nan,0,nan,0
1597988880464578048,1597988881000000000,2020-08-21 13:48:01.000000,9560.0,9715.0,9520.0,9660.0,nan,9595.0,14819,710941525.0,11715,9565.0,9,9555.0,30,nan,0,nan,0,nan,0,nan,0,nan,0,nan,0,nan,0,nan,0
1597988880961508096,1597988881000001024,2020-08-21 13:48:01.000001,9560.0,9715.0,9520.0,9660.0,nan,9595.0,14821,711037475.0,11715,9565.0,9,9560.0,1,nan,0,nan,0,nan,0,nan,0,nan,0,nan,0,nan,0,nan,0
1597988881512247040,1597988882000000000,2020-08-21 13:48:02.000000,9560.0,9715.0,9520.0,9660.0,nan,9595.0,14822,711085450.0,11715,9565.0,10,9555.0,32,nan,0,nan,0,nan,0,nan,0,nan,0,nan,0,nan,0,nan,0
1597988882276901888,1597988882000001024,2020-08-21 13:48:02.000001,9560.0,9715.0,9520.0,9660.0,nan,9595.0,14822,711085450.0,11715,9565.0,10,9560.0,2,nan,0,nan,0,nan,0,nan,0,nan,0,nan,0,nan,0,nan,0
1597988883455539968,1597988884000000000,2020-08-21 13:48:04.000000,9560.0,9715.0,9520.0,9660.0,nan,9595.0,14829,711421275.0,11715,9565.0,10,9560.0,4,nan,0,nan,0,nan,0,nan,0,nan,0,nan,0,nan,0,nan,0
1597988886455585024,1597988887000000000,2020-08-21 13:48:07.000000,9560.0,9715.0,9520.0,9660.0,nan,9595.0,14833,711613175.0,11717,9565.0,12,9555.0,34,nan,0,nan,0,nan,0,nan,0,nan,0,nan,0,nan,0,nan,0
1597988886960421120,1597988887000001024,2020-08-21 13:48:07.000001,9560.0,9715.0,9520.0,9660.0,nan,9595.0,14833,711613175.0,11717,9565.0,12,9560.0,1,nan,0,nan,0,nan,0,nan,0,nan,0,nan,0,nan,0,nan,0
1597988887959648000,1597988888000001024,2020-08-21 13:48:08.000001,9560.0,9715.0,9520.0,9660.0,nan,9595.0,14833,711613175.0,11717,9565.0,10,9560.0,1,nan,0,nan,0,nan,0,nan,0,nan,0,nan,0,nan,0,nan,0
1597988889462828032,1597988889000001024,2020-08-21 13:48:09.000001,9560.0,9715.0,9520.0,9660.0,nan,9595.0,14834,711661150.0,11718,9560.0,3,9555.0,34,nan,0,nan,0,nan,0,nan,0,nan,0,nan,0,nan,0,nan,0
1597988890963514112,1597988891000000000,2020-08-21 13:48:11.000000,9560.0,9715.0,9520.0,9660.0,nan,9595.0,14837,711805075.0,11718,9565.0,11,9555.0,34,nan,0,nan,0,nan,0,nan,0,nan,0,nan,0,nan,0,nan,0
1597988892465189888,1597988893000000000,2020-08-21 13:48:13.000000,9560.0,9715.0,9520.0,9660.0,nan,9595.0,14837,711805075.0,11718,9560.0,4,9555.0,34,nan,0,nan,0,nan,0,nan,0,nan,0,nan,0,nan,0,nan,0
1597988892966267904,1597988893000001024,2020-08-21 13:48:13.000001,9560.0,9715.0,9520.0,9660.0,nan,9595.0,14837,711805075.0,11718,9560.0,10,9555.0,34,nan,0,nan,0,nan,0,nan,0,nan,0,nan,0,nan,0,nan,0
1597988894464290048,1597988895000000000,2020-08-21 13:48:15.000000,9560.0,9715.0,9520.0,9660.0,nan,9595.0,14839,711901025.0,11720,9560.0,8,9555.0,35,nan,0,nan,0,nan,0,nan,0,nan,0,nan,0,nan,0,nan,0
1597988895472334080,1597988896000000000,2020-08-21 13:48:16.000000,9560.0,9715.0,9520.0,9660.0,nan,9595.0,14839,711901025.0,11720,9560.0,12,9555.0,35,nan,0,nan,0,nan,0,nan,0,nan,0,nan,0,nan,0,nan,0
1597988897960675072,1597988898000001024,2020-08-21 13:48:18.000001,9560.0,9715.0,9520.0,9660.0,nan,9595.0,14839,711901025.0,11720,9560.0,13,9555.0,35,nan,0,nan,0,nan,0,nan,0,nan,0,nan,0,nan,0,nan,0
1597988898956845056,1597988899000001024,2020-08-21 13:48:19.000001,9560.0,9715.0,9520.0,9660.0,nan,9595.0,14839,711901025.0,11720,9560.0,17,9555.0,35,nan,0,nan,0,nan,0,nan,0,nan,0,nan,0,nan,0,nan,0
1597988899957466112,1597988900000000000,2020-08-21 13:48:20.000000,9560.0,9715.0,9520.0,9660.0,nan,9595.0,14844,712140900.0,11725,9560.0,12,9555.0,35,nan,0,nan,0,nan,0,nan,0,nan,0,nan,0,nan,0,nan,0
1597988900460153088,1597988900000001024,2020-08-21 13:48:20.000001,9560.0,9715.0,9520.0,9660.0,nan,9595.0,14844,712140900.0,11725,9560.0,12,9555.0,36,nan,0,nan,0,nan,0,nan,0,nan,0,nan,0,nan,0,nan,0
1597988901464844032,1597988902000000000,2020-08-21 13:48:22.000000,9560.0,9715.0,9520.0,9660.0,nan,9595.0,14844,712140900.0,11725,9560.0,17,9555.0,36,nan,0,nan,0,nan,0,nan,0,nan,0,nan,0,nan,0,nan,0
1597988903962767872,1597988904000001024,2020-08-21 13:48:24.000001,9560.0,9715.0,9520.0,9660.0,nan,9595.0,14845,712188875.0,11726,9560.0,16,9555.0,36,nan,0,nan,0,nan,0,nan,0,nan,0,nan,0,nan,0,nan,0
1597988904473948928,1597988905000000000,2020-08-21 13:48:25.000000,9560.0,9715.0,9520.0,9660.0,nan,9595.0,14845,712188875.0,11726,9560.0,20,9555.0,36,nan,0,nan,0,nan,0,nan,0,nan,0,nan,0,nan,0,nan,0
1597988904968420096,1597988905000001024,2020-08-21 13:48:25.000001,9560.0,9715.0,9520.0,9660.0,nan,9595.0,14845,712188875.0,11726,9560.0,20,9555.0,34,nan,0,nan,0,nan,0,nan,0,nan,0,nan,0,nan,0,nan,0
1597988905485088000,1597988906000000000,2020-08-21 13:48:26.000000,9560.0,9715.0,9520.0,9660.0,nan,9595.0,14845,712188875.0,11726,9560.0,21,9555.0,34,nan,0,nan,0,nan,0,nan,0,nan,0,nan,0,nan,0,nan,0
1597988907467739904,1597988908000000000,2020-08-21 13:48:28.000000,9560.0,9715.0,9520.0,9660.0,nan,9595.0,14845,712188875.0,11726,9560.0,25,9555.0,34,nan,0,nan,0,nan,0,nan,0,nan,0,nan,0,nan,0,nan,0
1597988909472969984,1597988910000000000,2020-08-21 13:48:30.000000,9560.0,9715.0,9520.0,9660.0,nan,9595.0,14845,712188875.0,11726,9560.0,25,9555.0,35,nan,0,nan,0,nan,0,nan,0,nan,0,nan,0,nan,0,nan,0
1597988910473743872,1597988911000000000,2020-08-21 13:48:31.000000,9560.0,9715.0,9520.0,9660.0,nan,9595.0,14845,712188875.0,11726,9560.0,29,9555.0,35,nan,0,nan,0,nan,0,nan,0,nan,0,nan,0,nan,0,nan,0
1597988913482771968,1597988914000000000,2020-08-21 13:48:34.000000,9560.0,9715.0,9520.0,9660.0,nan,9595.0,14845,712188875.0,11726,9560.0,33,9555.0,35,nan,0,nan,0,nan,0,nan,0,nan,0,nan,0,nan,0,nan,0
1597988916472315904,1597988917000000000,2020-08-21 13:48:37.000000,9560.0,9715.0,9520.0,9660.0,nan,9595.0,14845,712188875.0,11726,9560.0,37,9555.0,35,nan,0,nan,0,nan,0,nan,0,nan,0,nan,0,nan,0,nan,0
1597988916975912960,1597988917000001024,2020-08-21 13:48:37.000001,9560.0,9715.0,9520.0,9660.0,nan,9595.0,14845,712188875.0,11726,9560.0,37,9555.0,29,nan,0,nan,0,nan,0,nan,0,nan,0,nan,0,nan,0,nan,0
1597988919468389888,1597988920000000000,2020-08-21 13:48:40.000000,9560.0,9715.0,9520.0,9660.0,nan,9595.0,14845,712188875.0,11726,9560.0,41,9555.0,29,nan,0,nan,0,nan,0,nan,0,nan,0,nan,0,nan,0,nan,0
1597988919973601024,1597988920000001024,2020-08-21 13:48:40.000001,9560.0,9715.0,9520.0,9660.0,nan,9595.0,14845,712188875.0,11726,9560.0,41,9555.0,25,nan,0,nan,0,nan,0,nan,0,nan,0,nan,0,nan,0,nan,0
1597988921499828992,1597988922000000000,2020-08-21 13:48:42.000000,9560.0,9715.0,9520.0,9660.0,nan,9595.0,14845,712188875.0,11726,9560.0,42,9555.0,25,nan,0,nan,0,nan,0,nan,0,nan,0,nan,0,nan,0,nan,0
1597988922968709120,1597988923000001024,2020-08-21 13:48:43.000001,9560.0,9715.0,9520.0,9660.0,nan,9595.0,14845,712188875.0,11726,9560.0,46,9555.0,25,nan,0,nan,0,nan,0,nan,0,nan,0,nan,0,nan,0,nan,0
1597988925977797120,1597988926000000000,2020-08-21 13:48:46.000000,9560.0,9715.0,9520.0,9660.0,nan,9595.0,14845,712188875.0,11726,9560.0,50,9555.0,25,nan,0,nan,0,nan,0,nan,0,nan,0,nan,0,nan,0,nan,0
1597988926477662976,1597988927000000000,2020-08-21 13:48:47.000000,9555.0,9715.0,9520.0,9660.0,nan,9595.0,14870,713388250.0,11750,9555.0,14,9550.0,110,nan,0,nan,0,nan,0,nan,0,nan,0,nan,0,nan,0,nan,0
1597988926975311104,1597988927000001024,2020-08-21 13:48:47.000001,9555.0,9715.0,9520.0,9660.0,nan,9595.0,14873,713532175.0,11753,9555.0,19,9550.0,110,nan,0,nan,0,nan,0,nan,0,nan,0,nan,0,nan,0,nan,0
1597988927474621952,1597988928000000000,2020-08-21 13:48:48.000000,9550.0,9715.0,9520.0,9660.0,nan,9595.0,14874,713580150.0,11753,9555.0,19,9550.0,109,nan,0,nan,0,nan,0,nan,0,nan,0,nan,0,nan,0,nan,0
1597988927978577920,1597988928000001024,2020-08-21 13:48:48.000001,9555.0,9715.0,9520.0,9660.0,nan,9595.0,14878,713772050.0,11753,9555.0,16,9550.0,108,nan,0,nan,0,nan,0,nan,0,nan,0,nan,0,nan,0,nan,0
1597988928487603968,1597988929000000000,2020-08-21 13:48:49.000000,9555.0,9715.0,9520.0,9660.0,nan,9595.0,14880,713868000.0,11755,9555.0,14,9550.0,108,nan,0,nan,0,nan,0,nan,0,nan,0,nan,0,nan,0,nan,0
1597988928975569920,1597988929000001024,2020-08-21 13:48:49.000001,9555.0,9715.0,9520.0,9660.0,nan,9595.0,14880,713868000.0,11755,9555.0,18,9550.0,108,nan,0,nan,0,nan,0,nan,0,nan,0,nan,0,nan,0,nan,0
1597988929492752896,1597988930000000000,2020-08-21 13:48:50.000000,9555.0,9715.0,9520.0,9660.0,nan,9595.0,14880,713868000.0,11755,9555.0,19,9550.0,108,nan,0,nan,0,nan,0,nan,0,nan,0,nan,0,nan,0,nan,0
1597988930475760128,1597988931000000000,2020-08-21 13:48:51.000000,9550.0,9715.0,9520.0,9660.0,nan,9595.0,14886,714155850.0,11758,9555.0,16,9550.0,105,nan,0,nan,0,nan,0,nan,0,nan,0,nan,0,nan,0,nan,0
1597988930976997120,1597988931000001024,2020-08-21 13:48:51.000001,9555.0,9715.0,9520.0,9660.0,nan,9595.0,14892,714443700.0,11761,9555.0,10,9550.0,105,nan,0,nan,0,nan,0,nan,0,nan,0,nan,0,nan,0,nan,0
1597988931480571904,1597988932000000000,2020-08-21 13:48:52.000000,9555.0,9715.0,9520.0,9660.0,nan,9595.0,14903,714971425.0,11760,9560.0,14,9555.0,9,nan,0,nan,0,nan,0,nan,0,nan,0,nan,0,nan,0,nan,0
1597988931977153024,1597988932000001024,2020-08-21 13:48:52.000001,9555.0,9715.0,9520.0,9660.0,nan,9595.0,14903,714971425.0,11760,9560.0,6,9555.0,9,nan,0,nan,0,nan,0,nan,0,nan,0,nan,0,nan,0,nan,0
1597988932493699072,1597988933000000000,2020-08-21 13:48:53.000000,9555.0,9715.0,9520.0,9660.0,nan,9595.0,14903,714971425.0,11760,9560.0,4,9555.0,9,nan,0,nan,0,nan,0,nan,0,nan,0,nan,0,nan,0,nan,0
1597988932979343104,1597988933000001024,2020-08-21 13:48:53.000001,9555.0,9715.0,9520.0,9660.0,nan,9595.0,14907,715163325.0,11764,9560.0,4,9555.0,5,nan,0,nan,0,nan,0,nan,0,nan,0,nan,0,nan,0,nan,0
1597988933486234880,1597988934000000000,2020-08-21 13:48:54.000000,9555.0,9715.0,9520.0,9660.0,nan,9595.0,14907,715163325.0,11764,9560.0,4,9555.0,7,nan,0,nan,0,nan,0,nan,0,nan,0,nan,0,nan,0,nan,0
1597988934488898048,1597988935000000000,2020-08-21 13:48:55.000000,9555.0,9715.0,9520.0,9660.0,nan,9595.0,14907,715163325.0,11764,9560.0,5,9555.0,7,nan,0,nan,0,nan,0,nan,0,nan,0,nan,0,nan,0,nan,0
1597988934987610112,1597988935000001024,2020-08-21 13:48:55.000001,9555.0,9715.0,9520.0,9660.0,nan,9595.0,14911,715355225.0,11768,9560.0,7,9555.0,6,nan,0,nan,0,nan,0,nan,0,nan,0,nan,0,nan,0,nan,0
1597988937477421056,1597988937000001024,2020-08-21 13:48:57.000001,9555.0,9715.0,9520.0,9660.0,nan,9595.0,14911,715355225.0,11768,9560.0,9,9555.0,6,nan,0,nan,0,nan,0,nan,0,nan,0,nan,0,nan,0,nan,0
1597988937979502080,1597988938000000000,2020-08-21 13:48:58.000000,9555.0,9715.0,9520.0,9660.0,nan,9595.0,14915,715547125.0,11770,9560.0,10,9550.0,106,nan,0,nan,0,nan,0,nan,0,nan,0,nan,0,nan,0,nan,0
1597988938493509888,1597988939000000000,2020-08-21 13:48:59.000000,9555.0,9715.0,9520.0,9660.0,nan,9595.0,14918,715691050.0,11769,9555.0,2,9550.0,106,nan,0,nan,0,nan,0,nan,0,nan,0,nan,0,nan,0,nan,0
1597988938974611968,1597988939000001024,2020-08-21 13:48:59.000001,9555.0,9715.0,9520.0,9660.0,nan,9595.0,14920,715787000.0,11767,9560.0,8,9555.0,2,nan,0,nan,0,nan,0,nan,0,nan,0,nan,0,nan,0,nan,0
1597988939482434048,1597988940000000000,2020-08-21 13:49:00.000000,9555.0,9715.0,9520.0,9660.0,nan,9595.0,14920,715787000.0,11767,9560.0,11,9555.0,2,nan,0,nan,0,nan,0,nan,0,nan,0,nan,0,nan,0,nan,0
1597988939981235968,1597988940000001024,2020-08-21 13:49:00.000001,9555.0,9715.0,9520.0,9660.0,nan,9595.0,14920,715787000.0,11767,9560.0,11,9555.0,4,nan,0,nan,0,nan,0,nan,0,nan,0,nan,0,nan,0,nan,0
1597988940979624960,1597988941000000000,2020-08-21 13:49:01.000000,9555.0,9715.0,9520.0,9660.0,nan,9595.0,14924,715978900.0,11769,9560.0,11,9550.0,106,nan,0,nan,0,nan,0,nan,0,nan,0,nan,0,nan,0,nan,0
1597988942979868928,1597988943000001024,2020-08-21 13:49:03.000001,9555.0,9715.0,9520.0,9660.0,nan,9595.0,14924,715978900.0,11769,9560.0,12,9555.0,2,nan,0,nan,0,nan,0,nan,0,nan,0,nan,0,nan,0,nan,0
1597988943480591872,1597988944000000000,2020-08-21 13:49:04.000000,9555.0,9715.0,9520.0,9660.0,nan,9595.0,14924,715978900.0,11769,9560.0,11,9555.0,6,nan,0,nan,0,nan,0,nan,0,nan,0,nan,0,nan,0,nan,0
1597988943985867008,1597988944000001024,2020-08-21 13:49:04.000001,9555.0,9715.0,9520.0,9660.0,nan,9595.0,14928,716170800.0,11773,9560.0,11,9555.0,2,nan,0,nan,0,nan,0,nan,0,nan,0,nan,0,nan,0,nan,0
1597988944509181952,1597988945000000000,2020-08-21 13:49:05.000000,9555.0,9715.0,9520.0,9660.0,nan,9595.0,14928,716170800.0,11773,9560.0,11,9550.0,105,nan,0,nan,0,nan,0,nan,0,nan,0,nan,0,nan,0,nan,0
1597988945986283008,1597988946000001024,2020-08-21 13:49:06.000001,9555.0,9715.0,9520.0,9660.0,nan,9595.0,14928,716170800.0,11773,9560.0,11,9555.0,2,nan,0,nan,0,nan,0,nan,0,nan,0,nan,0,nan,0,nan,0
1597988946481656064,1597988947000000000,2020-08-21 13:49:07.000000,9555.0,9715.0,9520.0,9660.0,nan,9595.0,14928,716170800.0,11773,9560.0,11,9555.0,4,nan,0,nan,0,nan,0,nan,0,nan,0,nan,0,nan,0,nan,0
1597988946986953984,1597988947000001024,2020-08-21 13:49:07.000001,9555.0,9715.0,9520.0,9660.0,nan,9595.0,14932,716362700.0,11777,9560.0,11,9550.0,105,nan,0,nan,0,nan,0,nan,0,nan,0,nan,0,nan,0,nan,0
1597988947522369024,1597988948000000000,2020-08-21 13:49:08.000000,9555.0,9715.0,9520.0,9660.0,nan,9595.0,14935,716506625.0,11777,9555.0,2,9550.0,105,nan,0,nan,0,nan,0,nan,0,nan,0,nan,0,nan,0,nan,0
1597988947987008000,1597988948000001024,2020-08-21 13:49:08.000001,9555.0,9715.0,9520.0,9660.0,nan,9595.0,14937,716602575.0,11779,9560.0,12,9550.0,105,nan,0,nan,0,nan,0,nan,0,nan,0,nan,0,nan,0,nan,0
1597988948986467072,1597988949000001024,2020-08-21 13:49:09.000001,9555.0,9715.0,9520.0,9660.0,nan,9595.0,14937,716602575.0,11779,9560.0,13,9550.0,105,nan,0,nan,0,nan,0,nan,0,nan,0,nan,0,nan,0,nan,0
1597988949494849024,1597988950000000000,2020-08-21 13:49:10.000000,9555.0,9715.0,9520.0,9660.0,nan,9595.0,14937,716602575.0,11779,9555.0,50,9550.0,105,nan,0,nan,0,nan,0,nan,0,nan,0,nan,0,nan,0,nan,0
1597988949984585984,1597988950000001024,2020-08-21 13:49:10.000001,9555.0,9715.0,9520.0,9660.0,nan,9595.0,14937,716602575.0,11779,9555.0,54,9550.0,105,nan,0,nan,0,nan,0,nan,0,nan,0,nan,0,nan,0,nan,0
1597988950518043904,1597988951000000000,2020-08-21 13:49:11.000000,9555.0,9715.0,9520.0,9660.0,nan,9595.0,14938,716650550.0,11780,9555.0,53,9550.0,105,nan,0,nan,0,nan,0,nan,0,nan,0,nan,0,nan,0,nan,0
1597988951487990016,1597988952000000000,2020-08-21 13:49:12.000000,9550.0,9715.0,9520.0,9660.0,nan,9595.0,14939,716698525.0,11780,9555.0,53,9550.0,104,nan,0,nan,0,nan,0,nan,0,nan,0,nan,0,nan,0,nan,0
1597988951977986048,1597988952000001024,2020-08-21 13:49:12.000001,9550.0,9715.0,9520.0,9660.0,nan,9595.0,14939,716698525.0,11780,9555.0,53,9550.0,105,nan,0,nan,0,nan,0,nan,0,nan,0,nan,0,nan,0,nan,0
1597988952980532992,1597988953000001024,2020-08-21 13:49:13.000001,9550.0,9715.0,9520.0,9660.0,nan,9595.0,14943,716890425.0,11784,9555.0,53,9550.0,101,nan,0,nan,0,nan,0,nan,0,nan,0,nan,0,nan,0,nan,0
1597988953985573888,1597988954000001024,2020-08-21 13:49:14.000001,9550.0,9715.0,9520.0,9660.0,nan,9595.0,14943,716890425.0,11784,9555.0,54,9550.0,101,nan,0,nan,0,nan,0,nan,0,nan,0,nan,0,nan,0,nan,0
1597988954994854912,1597988955000000000,2020-08-21 13:49:15.000000,9550.0,9715.0,9520.0,9660.0,nan,9595.0,14943,716890425.0,11784,9555.0,50,9550.0,101,nan,0,nan,0,nan,0,nan,0,nan,0,nan,0,nan,0,nan,0
1597988955989370880,1597988956000001024,2020-08-21 13:49:16.000001,9550.0,9715.0,9520.0,9660.0,nan,9595.0,14947,717082325.0,11788,9555.0,50,9550.0,97,nan,0,nan,0,nan,0,nan,0,nan,0,nan,0,nan,0,nan,0
1597988956493464064,1597988957000000000,2020-08-21 13:49:17.000000,9555.0,9715.0,9520.0,9660.0,nan,9595.0,14952,717322200.0,11790,9555.0,48,9550.0,94,nan,0,nan,0,nan,0,nan,0,nan,0,nan,0,nan,0,nan,0
1597988958988539904,1597988959000001024,2020-08-21 13:49:19.000001,9550.0,9715.0,9520.0,9660.0,nan,9595.0,14953,717370175.0,11791,9555.0,52,9550.0,93,nan,0,nan,0,nan,0,nan,0,nan,0,nan,0,nan,0,nan,0
1597988959501797120,1597988960000000000,2020-08-21 13:49:20.000000,9555.0,9715.0,9520.0,9660.0,nan,9595.0,14954,717418150.0,11792,9555.0,51,9550.0,93,nan,0,nan,0,nan,0,nan,0,nan,0,nan,0,nan,0,nan,0
1597988959991997952,1597988960000001024,2020-08-21 13:49:20.000001,9555.0,9715.0,9520.0,9660.0,nan,9595.0,14956,717514100.0,11794,9555.0,49,9550.0,94,nan,0,nan,0,nan,0,nan,0,nan,0,nan,0,nan,0,nan,0
1597988960511582976,1597988961000000000,2020-08-21 13:49:21.000000,9550.0,9715.0,9520.0,9660.0,nan,9595.0,14957,717562075.0,11795,9555.0,49,9550.0,93,nan,0,nan,0,nan,0,nan,0,nan,0,nan,0,nan,0,nan,0
1597988960986565120,1597988961000001024,2020-08-21 13:49:21.000001,9550.0,9715.0,9520.0,9660.0,nan,9595.0,14957,717562075.0,11795,9555.0,49,9550.0,94,nan,0,nan,0,nan,0,nan,0,nan,0,nan,0,nan,0,nan,0
1597988961993199104,1597988962000001024,2020-08-21 13:49:22.000001,9550.0,9715.0,9520.0,9660.0,nan,9595.0,14962,717801950.0,11799,9555.0,49,9550.0,89,nan,0,nan,0,nan,0,nan,0,nan,0,nan,0,nan,0,nan,0
1597988964025861888,1597988964000001024,2020-08-21 13:49:24.000001,9550.0,9715.0,9520.0,9660.0,nan,9595.0,14962,717801950.0,11799,9555.0,45,9550.0,89,nan,0,nan,0,nan,0,nan,0,nan,0,nan,0,nan,0,nan,0
1597988964493929984,1597988965000000000,2020-08-21 13:49:25.000000,9550.0,9715.0,9520.0,9660.0,nan,9595.0,14963,717849925.0,11800,9555.0,45,9550.0,88,nan,0,nan,0,nan,0,nan,0,nan,0,nan,0,nan,0,nan,0
1597988964991592960,1597988965000001024,2020-08-21 13:49:25.000001,9550.0,9715.0,9520.0,9660.0,nan,9595.0,14975,718425625.0,11812,9555.0,45,9550.0,77,nan,0,nan,0,nan,0,nan,0,nan,0,nan,0,nan,0,nan,0
1597988965992212992,1597988966000001024,2020-08-21 13:49:26.000001,9550.0,9715.0,9520.0,9660.0,nan,9595.0,14978,718569550.0,11815,9555.0,45,9550.0,74,nan,0,nan,0,nan,0,nan,0,nan,0,nan,0,nan,0,nan,0
1597988967487092992,1597988968000000000,2020-08-21 13:49:28.000000,9550.0,9715.0,9520.0,9660.0,nan,9595.0,14978,718569550.0,11815,9555.0,46,9550.0,74,nan,0,nan,0,nan,0,nan,0,nan,0,nan,0,nan,0,nan,0
1597988968505756928,1597988969000000000,2020-08-21 13:49:29.000000,9550.0,9715.0,9520.0,9660.0,nan,9595.0,14983,718809425.0,11819,9555.0,46,9550.0,69,nan,0,nan,0,nan,0,nan,0,nan,0,nan,0,nan,0,nan,0
1597988971502319104,1597988972000000000,2020-08-21 13:49:32.000000,9550.0,9715.0,9520.0,9660.0,nan,9595.0,15005,719864875.0,11833,9555.0,46,9550.0,47,nan,0,nan,0,nan,0,nan,0,nan,0,nan,0,nan,0,nan,0
1597988971992960000,1597988972000001024,2020-08-21 13:49:32.000001,9550.0,9715.0,9520.0,9660.0,nan,9595.0,15040,721544000.0,11863,9555.0,46,9550.0,12,nan,0,nan,0,nan,0,nan,0,nan,0,nan,0,nan,0,nan,0
1597988972499230976,1597988973000000000,2020-08-21 13:49:33.000000,9550.0,9715.0,9520.0,9660.0,nan,9595.0,15040,721544000.0,11863,9555.0,50,9550.0,12,nan,0,nan,0,nan,0,nan,0,nan,0,nan,0,nan,0,nan,0
1597988972992179968,1597988973000001024,2020-08-21 13:49:33.000001,9550.0,9715.0,9520.0,9660.0,nan,9595.0,15040,721544000.0,11863,9555.0,46,9550.0,12,nan,0,nan,0,nan,0,nan,0,nan,0,nan,0,nan,0,nan,0
1597988974503316992,1597988975000000000,2020-08-21 13:49:35.000000,9550.0,9715.0,9520.0,9660.0,nan,9595.0,15044,721735900.0,11867,9555.0,46,9550.0,8,nan,0,nan,0,nan,0,nan,0,nan,0,nan,0,nan,0,nan,0
1597988975494650880,1597988976000000000,2020-08-21 13:49:36.000000,9550.0,9715.0,9520.0,9660.0,nan,9595.0,15046,721831850.0,11867,9555.0,46,9550.0,6,nan,0,nan,0,nan,0,nan,0,nan,0,nan,0,nan,0,nan,0
