local_nano_time,quote_nano_time,datetime,last_price,highest,lowest,open,close,average,volume,amount,open_interest,ask_price1,ask_volume1,bid_price1,bid_volume1,ask_price2,ask_volume2,bid_price2,bid_volume2,ask_price3,ask_volume3,bid_price3,bid_volume3,ask_price4,ask_volume4,bid_price4,bid_volume4,ask_price5,ask_volume5,bid_price5,bid_volume5
1597988229738520064,1597988230000000000,2020-08-21 13:37:10.000000,1922.0,1926.0,1898.0,1907.0,nan,1913.0,709089,13564872570.0,900433,1923.0,1375,1922.0,397,nan,0,nan,0,nan,0,nan,0,nan,0,nan,0,nan,0,nan,0
1597988230232272896,1597988230000001024,2020-08-21 13:37:10.000001,1922.0,1926.0,1898.0,1907.0,nan,1913.0,709092,13564929960.0,900436,1923.0,1375,1922.0,394,nan,0,nan,0,nan,0,nan,0,nan,0,nan,0,nan,0,nan,0
1597988230716634880,1597988231000000000,2020-08-21 13:37:11.000000,1922.0,1926.0,1898.0,1907.0,nan,1913.0,709096,13565006480.0,900436,1923.0,1374,1922.0,391,nan,0,nan,0,nan,0,nan,0,nan,0,nan,0,nan,0,nan,0
1597988231223898880,1597988231000001024,2020-08-21 13:37:11.000001,1922.0,1926.0,1898.0,1907.0,nan,1913.0,709101,13565102130.0,900436,1923.0,1375,1922.0,383,nan,0,nan,0,nan,0,nan,0,nan,0,nan,0,nan,0,nan,0
1597988231721704960,1597988232000000000,2020-08-21 13:37:12.000000,1922.0,1926.0,1898.0,1907.0,nan,1913.0,709102,13565121260.0,900436,1923.0,1377,1922.0,433,nan,0,nan,0,nan,0,nan,0,nan,0,nan,0,nan,0,nan,0
1597988232225074944,1597988232000001024,2020-08-21 13:37:12.000001,1922.0,1926.0,1898.0,1907.0,nan,1913.0,709105,13565178650.0,900436,1923.0,1376,1922.0,433,nan,0,nan,0,nan,0,nan,0,nan,0,nan,0,nan,0,nan,0
1597988232719268096,1597988233000000000,2020-08-21 13:37:13.000000,1922.0,1926.0,1898.0,1907.0,nan,1913.0,709107,13565216910.0,900436,1923.0,1375,1922.0,432,nan,0,nan,0,nan,0,nan,0,nan,0,nan,0,nan,0,nan,0
1597988233201981952,1597988233000001024,2020-08-21 13:37:13.000001,1922.0,1926.0,1898.0,1907.0,nan,1913.0,709112,13565312560.0,900436,1923.0,1375,1922.0,427,nan,0,nan,0,nan,0,nan,0,nan,0,nan,0,nan,0,nan,0
1597988233694343936,1597988234000000000,2020-08-21 13:37:14.000000,1922.0,1926.0,1898.0,1907.0,nan,1913.0,709112,13565312560.0,900436,1923.0,1375,1922.0,428,nan,0,nan,0,nan,0,nan,0,nan,0,nan,0,nan,0,nan,0
1597988234210825984,1597988234000001024,2020-08-21 13:37:14.000001,1922.0,1926.0,1898.0,1907.0,nan,1913.0,709112,13565312560.0,900436,1923.0,1367,1922.0,428,nan,0,nan,0,nan,0,nan,0,nan,0,nan,0,nan,0,nan,0
1597988234723378944,1597988235000000000,2020-08-21 13:37:15.000000,1922.0,1926.0,1898.0,1907.0,nan,1913.0,709113,13565331690.0,900437,1923.0,1369,1922.0,428,nan,0,nan,0,nan,0,nan,0,nan,0,nan,0,nan,0,nan,0
1597988235215334912,1597988235000001024,2020-08-21 13:37:15.000001,1922.0,1926.0,1898.0,1907.0,nan,1913.0,709115,13565369950.0,900437,1923.0,1268,1922.0,426,nan,0,nan,0,nan,0,nan,0,nan,0,nan,0,nan,0,nan,0
1597988235723936000,1597988236000000000,2020-08-21 13:37:16.000000,1922.0,1926.0,1898.0,1907.0,nan,1913.0,709123,13565522990.0,900437,1923.0,1280,1922.0,419,nan,0,nan,0,nan,0,nan,0,nan,0,nan,0,nan,0,nan,0
1597988236202061056,1597988236000001024,2020-08-21 13:37:16.000001,1923.0,1926.0,1898.0,1907.0,nan,1913.0,709250,13567952500.0,900376,1923.0,1237,1922.0,309,nan,0,nan,0,nan,0,nan,0,nan,0,nan,0,nan,0,nan,0
1597988236703730944,1597988237000000000,2020-08-21 13:37:17.000000,1923.0,1926.0,1898.0,1907.0,nan,1913.0,709273,13568392490.0,900376,1923.0,1229,1922.0,316,nan,0,nan,0,nan,0,nan,0,nan,0,nan,0,nan,0,nan,0
1597988237222567936,1597988237000001024,2020-08-21 13:37:17.000001,1922.0,1926.0,1898.0,1907.0,nan,1913.0,709282,13568564660.0,900377,1923.0,1250,1922.0,320,nan,0,nan,0,nan,0,nan,0,nan,0,nan,0,nan,0,nan,0
1597988237699685120,1597988238000000000,2020-08-21 13:37:18.000000,1922.0,1926.0,1898.0,1907.0,nan,1913.0,709283,13568583790.0,900378,1923.0,1250,1922.0,316,nan,0,nan,0,nan,0,nan,0,nan,0,nan,0,nan,0,nan,0
1597988238238362880,1597988238000001024,2020-08-21 13:37:18.000001,1923.0,1926.0,1898.0,1907.0,nan,1913.0,709284,13568602920.0,900377,1923.0,1250,1922.0,315,nan,0,nan,0,nan,0,nan,0,nan,0,nan,0,nan,0,nan,0
1597988238734957056,1597988239000000000,2020-08-21 13:37:19.000000,1923.0,1926.0,1898.0,1907.0,nan,1913.0,709285,13568622050.0,900377,1923.0,1252,1922.0,315,nan,0,nan,0,nan,0,nan,0,nan,0,nan,0,nan,0,nan,0
1597988239184743936,1597988239000001024,2020-08-21 13:37:19.000001,1923.0,1926.0,1898.0,1907.0,nan,1913.0,709293,13568775090.0,900377,1923.0,1243,1922.0,316,nan,0,nan,0,nan,0,nan,0,nan,0,nan,0,nan,0,nan,0
1597988239719650048,1597988240000000000,2020-08-21 13:37:20.000000,1923.0,1926.0,1898.0,1907.0,nan,1913.0,709329,13569463770.0,900410,1923.0,1233,1922.0,289,nan,0,nan,0,nan,0,nan,0,nan,0,nan,0,nan,0,nan,0
1597988240221313024,1597988240000001024,2020-08-21 13:37:20.000001,1922.0,1926.0,1898.0,1907.0,nan,1913.0,709331,13569502030.0,900412,1923.0,1244,1922.0,294,nan,0,nan,0,nan,0,nan,0,nan,0,nan,0,nan,0,nan,0
1597988240693424896,1597988241000000000,2020-08-21 13:37:21.000000,1922.0,1926.0,1898.0,1907.0,nan,1913.0,709332,13569521160.0,900413,1923.0,1254,1922.0,313,nan,0,nan,0,nan,0,nan,0,nan,0,nan,0,nan,0,nan,0
1597988241196325120,1597988241000001024,2020-08-21 13:37:21.000001,1922.0,1926.0,1898.0,1907.0,nan,1913.0,709536,13573423680.0,900473,1923.0,1252,1922.0,111,nan,0,nan,0,nan,0,nan,0,nan,0,nan,0,nan,0,nan,0
1597988241724282112,1597988242000000000,2020-08-21 13:37:22.000000,1922.0,1926.0,1898.0,1907.0,nan,1913.0,709647,13575547110.0,900440,1922.0,185,1921.0,732,nan,0,nan,0,nan,0,nan,0,nan,0,nan,0,nan,0,nan,0
1597988242189402880,1597988242000001024,2020-08-21 13:37:22.000001,1922.0,1926.0,1898.0,1907.0,nan,1913.0,709647,13575547110.0,900440,1922.0,196,1921.0,732,nan,0,nan,0,nan,0,nan,0,nan,0,nan,0,nan,0,nan,0
1597988242708225024,1597988243000000000,2020-08-21 13:37:23.000000,1922.0,1926.0,1898.0,1907.0,nan,1913.0,709647,13575547110.0,900440,1922.0,277,1921.0,732,nan,0,nan,0,nan,0,nan,0,nan,0,nan,0,nan,0,nan,0
1597988243196695040,1597988243000001024,2020-08-21 13:37:23.000001,1922.0,1926.0,1898.0,1907.0,nan,1913.0,709647,13575547110.0,900440,1922.0,279,1921.0,732,nan,0,nan,0,nan,0,nan,0,nan,0,nan,0,nan,0,nan,0
1597988243691484928,1597988244000000000,2020-08-21 13:37:24.000000,1922.0,1926.0,1898.0,1907.0,nan,1913.0,709648,13575566240.0,900440,1922.0,278,1921.0,732,nan,0,nan,0,nan,0,nan,0,nan,0,nan,0,nan,0,nan,0
1597988244209646080,1597988244000001024,2020-08-21 13:37:24.000001,1921.0,1926.0,1898.0,1907.0,nan,1913.0,709649,13575585370.0,900441,1922.0,280,1921.0,791,nan,0,nan,0,nan,0,nan,0,nan,0,nan,0,nan,0,nan,0
1597988244732293888,1597988245000000000,2020-08-21 13:37:25.000000,1922.0,1926.0,1898.0,1907.0,nan,1913.0,709739,13577307070.0,900419,1922.0,192,1921.0,790,nan,0,nan,0,nan,0,nan,0,nan,0,nan,0,nan,0,nan,0
1597988245197549056,1597988245000001024,2020-08-21 13:37:25.000001,1922.0,1926.0,1898.0,1907.0,nan,1913.0,709739,13577307070.0,900419,1922.0,233,1921.0,790,nan,0,nan,0,nan,0,nan,0,nan,0,nan,0,nan,0,nan,0
1597988246259895040,1597988246000001024,2020-08-21 13:37:26.000001,1922.0,1926.0,1898.0,1907.0,nan,1913.0,709743,13577383590.0,900418,1922.0,230,1921.0,790,nan,0,nan,0,nan,0,nan,0,nan,0,nan,0,nan,0,nan,0
1597988246721160960,1597988247000000000,2020-08-21 13:37:27.000000,1922.0,1926.0,1898.0,1907.0,nan,1913.0,709743,13577383590.0,900418,1922.0,233,1921.0,781,nan,0,nan,0,nan,0,nan,0,nan,0,nan,0,nan,0,nan,0
1597988247222140928,1597988247000001024,2020-08-21 13:37:27.000001,1921.0,1926.0,1898.0,1907.0,nan,1913.0,709744,13577402720.0,900419,1922.0,233,1921.0,780,nan,0,nan,0,nan,0,nan,0,nan,0,nan,0,nan,0,nan,0
1597988247729094912,1597988248000000000,2020-08-21 13:37:28.000000,1922.0,1926.0,1898.0,1907.0,nan,1913.0,709745,13577421850.0,900418,1922.0,233,1921.0,790,nan,0,nan,0,nan,0,nan,0,nan,0,nan,0,nan,0,nan,0
1597988248223021056,1597988248000001024,2020-08-21 13:37:28.000001,1921.0,1926.0,1898.0,1907.0,nan,1913.0,709750,13577517500.0,900421,1922.0,231,1921.0,787,nan,0,nan,0,nan,0,nan,0,nan,0,nan,0,nan,0,nan,0
1597988248695134976,1597988249000000000,2020-08-21 13:37:29.000000,1922.0,1926.0,1898.0,1907.0,nan,1913.0,709805,13578569650.0,900415,1922.0,89,1921.0,786,nan,0,nan,0,nan,0,nan,0,nan,0,nan,0,nan,0,nan,0
1597988249234142976,1597988249000001024,2020-08-21 13:37:29.000001,1921.0,1926.0,1898.0,1907.0,nan,1913.0,709941,13581171330.0,900468,1922.0,49,1921.0,784,nan,0,nan,0,nan,0,nan,0,nan,0,nan,0,nan,0,nan,0
1597988249701763072,1597988250000000000,2020-08-21 13:37:30.000000,1922.0,1926.0,1898.0,1907.0,nan,1913.0,709946,13581266980.0,900465,1922.0,50,1921.0,784,nan,0,nan,0,nan,0,nan,0,nan,0,nan,0,nan,0,nan,0
1597988250243757056,1597988250000001024,2020-08-21 13:37:30.000001,1922.0,1926.0,1898.0,1907.0,nan,1913.0,709946,13581266980.0,900465,1922.0,56,1921.0,808,nan,0,nan,0,nan,0,nan,0,nan,0,nan,0,nan,0,nan,0
1597988250737856000,1597988251000000000,2020-08-21 13:37:31.000000,1922.0,1926.0,1898.0,1907.0,nan,1913.0,709955,13581439150.0,900456,1922.0,47,1921.0,810,nan,0,nan,0,nan,0,nan,0,nan,0,nan,0,nan,0,nan,0
1597988251195698944,1597988251000001024,2020-08-21 13:37:31.000001,1922.0,1926.0,1898.0,1907.0,nan,1913.0,709958,13581496540.0,900456,1922.0,56,1921.0,811,nan,0,nan,0,nan,0,nan,0,nan,0,nan,0,nan,0,nan,0
1597988251703815936,1597988252000000000,2020-08-21 13:37:32.000000,1922.0,1926.0,1898.0,1907.0,nan,1913.0,709959,13581515670.0,900456,1922.0,60,1921.0,812,nan,0,nan,0,nan,0,nan,0,nan,0,nan,0,nan,0,nan,0
1597988252228080896,1597988252000001024,2020-08-21 13:37:32.000001,1922.0,1926.0,1898.0,1907.0,nan,1913.0,709962,13581573060.0,900456,1922.0,129,1921.0,811,nan,0,nan,0,nan,0,nan,0,nan,0,nan,0,nan,0,nan,0
1597988252714556928,1597988253000000000,2020-08-21 13:37:33.000000,1922.0,1926.0,1898.0,1907.0,nan,1913.0,709966,13581649580.0,900456,1922.0,129,1921.0,810,nan,0,nan,0,nan,0,nan,0,nan,0,nan,0,nan,0,nan,0
1597988253240051968,1597988253000001024,2020-08-21 13:37:33.000001,1922.0,1926.0,1898.0,1907.0,nan,1913.0,709967,13581668710.0,900456,1922.0,330,1921.0,810,nan,0,nan,0,nan,0,nan,0,nan,0,nan,0,nan,0,nan,0
1597988253727247104,1597988254000000000,2020-08-21 13:37:34.000000,1922.0,1926.0,1898.0,1907.0,nan,1913.0,709968,13581687840.0,900456,1922.0,527,1921.0,506,nan,0,nan,0,nan,0,nan,0,nan,0,nan,0,nan,0,nan,0
1597988254201720064,1597988254000001024,2020-08-21 13:37:34.000001,1922.0,1926.0,1898.0,1907.0,nan,1913.0,709971,13581745230.0,900455,1922.0,590,1921.0,507,nan,0,nan,0,nan,0,nan,0,nan,0,nan,0,nan,0,nan,0
1597988254713817088,1597988255000000000,2020-08-21 13:37:35.000000,1922.0,1926.0,1898.0,1907.0,nan,1913.0,709972,13581764360.0,900454,1922.0,593,1921.0,507,nan,0,nan,0,nan,0,nan,0,nan,0,nan,0,nan,0,nan,0
1597988255220602112,1597988255000001024,2020-08-21 13:37:35.000001,1921.0,1926.0,1898.0,1907.0,nan,1913.0,709978,13581879140.0,900454,1922.0,621,1921.0,503,nan,0,nan,0,nan,0,nan,0,nan,0,nan,0,nan,0,nan,0
1597988255702014976,1597988256000000000,2020-08-21 13:37:36.000000,1921.0,1926.0,1898.0,1907.0,nan,1913.0,709989,13582089570.0,900455,1922.0,621,1921.0,492,nan,0,nan,0,nan,0,nan,0,nan,0,nan,0,nan,0,nan,0
1597988256225441024,1597988256000001024,2020-08-21 13:37:36.000001,1921.0,1926.0,1898.0,1907.0,nan,1913.0,709989,13582089570.0,900455,1922.0,621,1921.0,451,nan,0,nan,0,nan,0,nan,0,nan,0,nan,0,nan,0,nan,0
1597988256703207936,1597988257000000000,2020-08-21 13:37:37.000000,1921.0,1926.0,1898.0,1907.0,nan,1913.0,709989,13582089570.0,900455,1922.0,629,1921.0,451,nan,0,nan,0,nan,0,nan,0,nan,0,nan,0,nan,0,nan,0
1597988257728990976,1597988258000000000,2020-08-21 13:37:38.000000,1922.0,1926.0,1898.0,1907.0,nan,1913.0,709990,13582108700.0,900454,1922.0,629,1921.0,451,nan,0,nan,0,nan,0,nan,0,nan,0,nan,0,nan,0,nan,0
1597988258225455104,1597988258000001024,2020-08-21 13:37:38.000001,1922.0,1926.0,1898.0,1907.0,nan,1913.0,709990,13582108700.0,900454,1922.0,629,1921.0,461,nan,0,nan,0,nan,0,nan,0,nan,0,nan,0,nan,0,nan,0
1597988258734370048,1597988259000000000,2020-08-21 13:37:39.000000,1922.0,1926.0,1898.0,1907.0,nan,1913.0,709990,13582108700.0,900454,1922.0,631,1921.0,461,nan,0,nan,0,nan,0,nan,0,nan,0,nan,0,nan,0,nan,0
1597988259232527872,1597988259000001024,2020-08-21 13:37:39.000001,1922.0,1926.0,1898.0,1907.0,nan,1913.0,709991,13582127830.0,900453,1922.0,630,1921.0,461,nan,0,nan,0,nan,0,nan,0,nan,0,nan,0,nan,0,nan,0
1597988259748530944,1597988260000000000,2020-08-21 13:37:40.000000,1922.0,1926.0,1898.0,1907.0,nan,1913.0,709991,13582127830.0,900453,1922.0,654,1921.0,462,nan,0,nan,0,nan,0,nan,0,nan,0,nan,0,nan,0,nan,0
1597988260214665984,1597988260000001024,2020-08-21 13:37:40.000001,1921.0,1926.0,1898.0,1907.0,nan,1913.0,709992,13582146960.0,900454,1922.0,656,1921.0,461,nan,0,nan,0,nan,0,nan,0,nan,0,nan,0,nan,0,nan,0
1597988260734128128,1597988261000000000,2020-08-21 13:37:41.000000,1921.0,1926.0,1898.0,1907.0,nan,1913.0,709992,13582146960.0,900454,1922.0,667,1921.0,461,nan,0,nan,0,nan,0,nan,0,nan,0,nan,0,nan,0,nan,0
1597988261245606912,1597988261000001024,2020-08-21 13:37:41.000001,1921.0,1926.0,1898.0,1907.0,nan,1913.0,709992,13582146960.0,900454,1922.0,667,1921.0,462,nan,0,nan,0,nan,0,nan,0,nan,0,nan,0,nan,0,nan,0
1597988261722373120,1597988262000000000,2020-08-21 13:37:42.000000,1921.0,1926.0,1898.0,1907.0,nan,1913.0,709994,13582185220.0,900453,1922.0,667,1921.0,461,nan,0,nan,0,nan,0,nan,0,nan,0,nan,0,nan,0,nan,0
1597988262261071104,1597988262000001024,2020-08-21 13:37:42.000001,1921.0,1926.0,1898.0,1907.0,nan,1913.0,709995,13582204350.0,900453,1922.0,675,1921.0,460,nan,0,nan,0,nan,0,nan,0,nan,0,nan,0,nan,0,nan,0
1597988262737018112,1597988263000000000,2020-08-21 13:37:43.000000,1921.0,1926.0,1898.0,1907.0,nan,1913.0,709995,13582204350.0,900453,1922.0,679,1921.0,463,nan,0,nan,0,nan,0,nan,0,nan,0,nan,0,nan,0,nan,0
1597988263198211072,1597988263000001024,2020-08-21 13:37:43.000001,1922.0,1926.0,1898.0,1907.0,nan,1913.0,709997,13582242610.0,900453,1922.0,679,1921.0,464,nan,0,nan,0,nan,0,nan,0,nan,0,nan,0,nan,0,nan,0
1597988263697619968,1597988264000000000,2020-08-21 13:37:44.000000,1922.0,1926.0,1898.0,1907.0,nan,1913.0,709997,13582242610.0,900453,1922.0,681,1921.0,464,nan,0,nan,0,nan,0,nan,0,nan,0,nan,0,nan,0,nan,0
1597988264727793920,1597988265000000000,2020-08-21 13:37:45.000000,1922.0,1926.0,1898.0,1907.0,nan,1913.0,709998,13582261740.0,900453,1922.0,680,1921.0,464,nan,0,nan,0,nan,0,nan,0,nan,0,nan,0,nan,0,nan,0
1597988265738906112,1597988266000000000,2020-08-21 13:37:46.000000,1921.0,1926.0,1898.0,1907.0,nan,1913.0,710000,13582300000.0,900455,1922.0,680,1921.0,461,nan,0,nan,0,nan,0,nan,0,nan,0,nan,0,nan,0,nan,0
1597988266213487104,1597988266000001024,2020-08-21 13:37:46.000001,1921.0,1926.0,1898.0,1907.0,nan,1913.0,710000,13582300000.0,900455,1922.0,681,1921.0,461,nan,0,nan,0,nan,0,nan,0,nan,0,nan,0,nan,0,nan,0
1597988266717790976,1597988267000000000,2020-08-21 13:37:47.000000,1921.0,1926.0,1898.0,1907.0,nan,1913.0,710001,13582319130.0,900455,1922.0,681,1921.0,460,nan,0,nan,0,nan,0,nan,0,nan,0,nan,0,nan,0,nan,0
1597988267232065024,1597988267000001024,2020-08-21 13:37:47.000001,1921.0,1926.0,1898.0,1907.0,nan,1913.0,710001,13582319130.0,900455,1922.0,681,1921.0,470,nan,0,nan,0,nan,0,nan,0,nan,0,nan,0,nan,0,nan,0
1597988267732455936,1597988268000000000,2020-08-21 13:37:48.000000,1921.0,1926.0,1898.0,1907.0,nan,1913.0,710003,13582357390.0,900456,1922.0,681,1921.0,468,nan,0,nan,0,nan,0,nan,0,nan,0,nan,0,nan,0,nan,0
1597988268225267968,1597988268000001024,2020-08-21 13:37:48.000001,1921.0,1926.0,1898.0,1907.0,nan,1913.0,710004,13582376520.0,900457,1922.0,681,1921.0,467,nan,0,nan,0,nan,0,nan,0,nan,0,nan,0,nan,0,nan,0
1597988268705022976,1597988269000000000,2020-08-21 13:37:49.000000,1922.0,1926.0,1898.0,1907.0,nan,1913.0,710006,13582414780.0,900456,1922.0,682,1921.0,469,nan,0,nan,0,nan,0,nan,0,nan,0,nan,0,nan,0,nan,0
1597988270230443008,1597988270000001024,2020-08-21 13:37:50.000001,1922.0,1926.0,1898.0,1907.0,nan,1913.0,710006,13582414780.0,900456,1922.0,688,1921.0,473,nan,0,nan,0,nan,0,nan,0,nan,0,nan,0,nan,0,nan,0
1597988270731348992,1597988271000000000,2020-08-21 13:37:51.000000,1921.0,1926.0,1898.0,1907.0,nan,1913.0,710015,13582586950.0,900451,1922.0,688,1921.0,464,nan,0,nan,0,nan,0,nan,0,nan,0,nan,0,nan,0,nan,0
1597988271229789952,1597988271000001024,2020-08-21 13:37:51.000001,1921.0,1926.0,1898.0,1907.0,nan,1913.0,710017,13582625210.0,900451,1922.0,679,1921.0,462,nan,0,nan,0,nan,0,nan,0,nan,0,nan,0,nan,0,nan,0
1597988271738458880,1597988272000000000,2020-08-21 13:37:52.000000,1921.0,1926.0,1898.0,1907.0,nan,1913.0,710053,13583313890.0,900442,1922.0,679,1921.0,426,nan,0,nan,0,nan,0,nan,0,nan,0,nan,0,nan,0,nan,0
1597988272221768960,1597988272000001024,2020-08-21 13:37:52.000001,1921.0,1926.0,1898.0,1907.0,nan,1913.0,710082,13583868660.0,900462,1922.0,662,1921.0,397,nan,0,nan,0,nan,0,nan,0,nan,0,nan,0,nan,0,nan,0
1597988272742097920,1597988273000000000,2020-08-21 13:37:53.000000,1921.0,1926.0,1898.0,1907.0,nan,1913.0,710082,13583868660.0,900462,1922.0,662,1921.0,396,nan,0,nan,0,nan,0,nan,0,nan,0,nan,0,nan,0,nan,0
1597988274228773120,1597988274000001024,2020-08-21 13:37:54.000001,1921.0,1926.0,1898.0,1907.0,nan,1913.0,710084,13583906920.0,900464,1922.0,662,1921.0,398,nan,0,nan,0,nan,0,nan,0,nan,0,nan,0,nan,0,nan,0
1597988274742042112,1597988275000000000,2020-08-21 13:37:55.000000,1922.0,1926.0,1898.0,1907.0,nan,1913.0,710085,13583926050.0,900465,1922.0,661,1921.0,399,nan,0,nan,0,nan,0,nan,0,nan,0,nan,0,nan,0,nan,0
1597988275212578048,1597988275000001024,2020-08-21 13:37:55.000001,1922.0,1926.0,1898.0,1907.0,nan,1913.0,710085,13583926050.0,900465,1922.0,664,1921.0,399,nan,0,nan,0,nan,0,nan,0,nan,0,nan,0,nan,0,nan,0
1597988275754055936,1597988276000000000,2020-08-21 13:37:56.000000,1922.0,1926.0,1898.0,1907.0,nan,1913.0,710085,13583926050.0,900465,1922.0,670,1921.0,399,nan,0,nan,0,nan,0,nan,0,nan,0,nan,0,nan,0,nan,0
1597988276255668992,1597988276000001024,2020-08-21 13:37:56.000001,1922.0,1926.0,1898.0,1907.0,nan,1913.0,710086,13583945180.0,900466,1922.0,674,1921.0,399,nan,0,nan,0,nan,0,nan,0,nan,0,nan,0,nan,0,nan,0
1597988276810828032,1597988277000000000,2020-08-21 13:37:57.000000,1922.0,1926.0,1898.0,1907.0,nan,1913.0,710088,13583983440.0,900468,1922.0,673,1921.0,399,nan,0,nan,0,nan,0,nan,0,nan,0,nan,0,nan,0,nan,0
1597988277263633920,1597988277000001024,2020-08-21 13:37:57.000001,1921.0,1926.0,1898.0,1907.0,nan,1913.0,710089,13584002570.0,900468,1922.0,673,1921.0,408,nan,0,nan,0,nan,0,nan,0,nan,0,nan,0,nan,0,nan,0
1597988277749602048,1597988278000000000,2020-08-21 13:37:58.000000,1921.0,1926.0,1898.0,1907.0,nan,1913.0,710089,13584002570.0,900468,1922.0,673,1921.0,410,nan,0,nan,0,nan,0,nan,0,nan,0,nan,0,nan,0,nan,0
1597988278209618944,1597988278000001024,2020-08-21 13:37:58.000001,1921.0,1926.0,1898.0,1907.0,nan,1913.0,710089,13584002570.0,900468,1922.0,674,1921.0,411,nan,0,nan,0,nan,0,nan,0,nan,0,nan,0,nan,0,nan,0
1597988278714801920,1597988279000000000,2020-08-21 13:37:59.000000,1922.0,1926.0,1898.0,1907.0,nan,1913.0,710094,13584098220.0,900473,1922.0,680,1921.0,411,nan,0,nan,0,nan,0,nan,0,nan,0,nan,0,nan,0,nan,0
1597988279222663936,1597988279000001024,2020-08-21 13:37:59.000001,1921.0,1926.0,1898.0,1907.0,nan,1913.0,710095,13584117350.0,900473,1922.0,690,1921.0,410,nan,0,nan,0,nan,0,nan,0,nan,0,nan,0,nan,0,nan,0
1597988279739741952,1597988280000000000,2020-08-21 13:38:00.000000,1922.0,1926.0,1898.0,1907.0,nan,1913.0,710096,13584136480.0,900474,1922.0,687,1921.0,410,nan,0,nan,0,nan,0,nan,0,nan,0,nan,0,nan,0,nan,0
1597988280223804928,1597988280000001024,2020-08-21 13:38:00.000001,1922.0,1926.0,1898.0,1907.0,nan,1913.0,710096,13584136480.0,900474,1922.0,688,1921.0,414,nan,0,nan,0,nan,0,nan,0,nan,0,nan,0,nan,0,nan,0
1597988280713211904,1597988281000000000,2020-08-21 13:38:01.000000,1922.0,1926.0,1898.0,1907.0,nan,1913.0,710098,13584174740.0,900475,1922.0,687,1921.0,428,nan,0,nan,0,nan,0,nan,0,nan,0,nan,0,nan,0,nan,0
1597988281206361088,1597988281000001024,2020-08-21 13:38:01.000001,1921.0,1926.0,1898.0,1907.0,nan,1913.0,710100,13584213000.0,900475,1922.0,688,1921.0,426,nan,0,nan,0,nan,0,nan,0,nan,0,nan,0,nan,0,nan,0
1597988281709380096,1597988282000000000,2020-08-21 13:38:02.000000,1921.0,1926.0,1898.0,1907.0,nan,1913.0,710100,13584213000.0,900475,1922.0,689,1921.0,429,nan,0,nan,0,nan,0,nan,0,nan,0,nan,0,nan,0,nan,0
1597988282230893056,1597988282000001024,2020-08-21 13:38:02.000001,1921.0,1926.0,1898.0,1907.0,nan,1913.0,710100,13584213000.0,900475,1922.0,689,1921.0,465,nan,0,nan,0,nan,0,nan,0,nan,0,nan,0,nan,0,nan,0
1597988282706450944,1597988283000000000,2020-08-21 13:38:03.000000,1921.0,1926.0,1898.0,1907.0,nan,1913.0,710101,13584232130.0,900475,1922.0,694,1921.0,578,nan,0,nan,0,nan,0,nan,0,nan,0,nan,0,nan,0,nan,0
1597988283284365056,1597988283000001024,2020-08-21 13:38:03.000001,1921.0,1926.0,1898.0,1907.0,nan,1913.0,710101,13584232130.0,900475,1922.0,698,1921.0,578,nan,0,nan,0,nan,0,nan,0,nan,0,nan,0,nan,0,nan,0
1597988283711742976,1597988284000000000,2020-08-21 13:38:04.000000,1922.0,1926.0,1898.0,1907.0,nan,1913.0,710102,13584251260.0,900475,1922.0,697,1921.0,578,nan,0,nan,0,nan,0,nan,0,nan,0,nan,0,nan,0,nan,0
1597988284211395072,1597988284000001024,2020-08-21 13:38:04.000001,1921.0,1926.0,1898.0,1907.0,nan,1913.0,710124,13584672120.0,900477,1922.0,716,1921.0,553,nan,0,nan,0,nan,0,nan,0,nan,0,nan,0,nan,0,nan,0
1597988284736784896,1597988285000000000,2020-08-21 13:38:05.000000,1921.0,1926.0,1898.0,1907.0,nan,1913.0,710142,13585016460.0,900487,1922.0,763,1921.0,425,nan,0,nan,0,nan,0,nan,0,nan,0,nan,0,nan,0,nan,0
1597988285223192064,1597988285000001024,2020-08-21 13:38:05.000001,1921.0,1926.0,1898.0,1907.0,nan,1913.0,710144,13585054720.0,900487,1922.0,765,1921.0,432,nan,0,nan,0,nan,0,nan,0,nan,0,nan,0,nan,0,nan,0
1597988285710998016,1597988286000000000,2020-08-21 13:38:06.000000,1921.0,1926.0,1898.0,1907.0,nan,1913.0,710144,13585054720.0,900487,1922.0,765,1921.0,433,nan,0,nan,0,nan,0,nan,0,nan,0,nan,0,nan,0,nan,0
1597988287715685120,1597988288000000000,2020-08-21 13:38:08.000000,1921.0,1926.0,1898.0,1907.0,nan,1913.0,710145,13585073850.0,900488,1922.0,765,1921.0,433,nan,0,nan,0,nan,0,nan,0,nan,0,nan,0,nan,0,nan,0
1597988288250025984,1597988288000001024,2020-08-21 13:38:08.000001,1921.0,1926.0,1898.0,1907.0,nan,1913.0,710145,13585073850.0,900488,1922.0,765,1921.0,447,nan,0,nan,0,nan,0,nan,0,nan,0,nan,0,nan,0,nan,0
1597988288716140032,1597988289000000000,2020-08-21 13:38:09.000000,1921.0,1926.0,1898.0,1907.0,nan,1913.0,710146,13585092980.0,900488,1922.0,765,1921.0,447,nan,0,nan,0,nan,0,nan,0,nan,0,nan,0,nan,0,nan,0
1597988289240389888,1597988289000001024,2020-08-21 13:38:09.000001,1921.0,1926.0,1898.0,1907.0,nan,1913.0,710148,13585131240.0,900490,1922.0,767,1921.0,445,nan,0,nan,0,nan,0,nan,0,nan,0,nan,0,nan,0,nan,0
1597988289710537984,1597988290000000000,2020-08-21 13:38:10.000000,1921.0,1926.0,1898.0,1907.0,nan,1913.0,710148,13585131240.0,900490,1922.0,785,1921.0,445,nan,0,nan,0,nan,0,nan,0,nan,0,nan,0,nan,0,nan,0
1597988290217438976,1597988290000001024,2020-08-21 13:38:10.000001,1921.0,1926.0,1898.0,1907.0,nan,1913.0,710150,13585169500.0,900491,1922.0,784,1921.0,444,nan,0,nan,0,nan,0,nan,0,nan,0,nan,0,nan,0,nan,0
1597988290712237056,1597988291000000000,2020-08-21 13:38:11.000000,1921.0,1926.0,1898.0,1907.0,nan,1913.0,710159,13585341670.0,900492,1922.0,783,1921.0,436,nan,0,nan,0,nan,0,nan,0,nan,0,nan,0,nan,0,nan,0
1597988291241067008,1597988291000001024,2020-08-21 13:38:11.000001,1921.0,1926.0,1898.0,1907.0,nan,1913.0,710160,13585360800.0,900493,1922.0,783,1921.0,477,nan,0,nan,0,nan,0,nan,0,nan,0,nan,0,nan,0,nan,0
1597988291717292032,1597988292000000000,2020-08-21 13:38:12.000000,1921.0,1926.0,1898.0,1907.0,nan,1913.0,710161,13585379930.0,900493,1922.0,783,1921.0,476,nan,0,nan,0,nan,0,nan,0,nan,0,nan,0,nan,0,nan,0
1597988292243920896,1597988292000001024,2020-08-21 13:38:12.000001,1921.0,1926.0,1898.0,1907.0,nan,1913.0,710161,13585379930.0,900493,1922.0,785,1921.0,477,nan,0,nan,0,nan,0,nan,0,nan,0,nan,0,nan,0,nan,0
1597988292714827008,1597988293000000000,2020-08-21 13:38:13.000000,1921.0,1926.0,1898.0,1907.0,nan,1913.0,710164,13585437320.0,900493,1922.0,788,1921.0,474,nan,0,nan,0,nan,0,nan,0,nan,0,nan,0,nan,0,nan,0
1597988293216064000,1597988293000001024,2020-08-21 13:38:13.000001,1921.0,1926.0,1898.0,1907.0,nan,1913.0,710179,13585724270.0,900504,1922.0,778,1921.0,469,nan,0,nan,0,nan,0,nan,0,nan,0,nan,0,nan,0,nan,0
1597988293745413120,1597988294000000000,2020-08-21 13:38:14.000000,1921.0,1926.0,1898.0,1907.0,nan,1913.0,710179,13585724270.0,900504,1922.0,778,1921.0,470,nan,0,nan,0,nan,0,nan,0,nan,0,nan,0,nan,0,nan,0
1597988294231923968,1597988294000001024,2020-08-21 13:38:14.000001,1921.0,1926.0,1898.0,1907.0,nan,1913.0,710179,13585724270.0,900504,1922.0,776,1921.0,470,nan,0,nan,0,nan,0,nan,0,nan,0,nan,0,nan,0,nan,0
1597988294719208960,1597988295000000000,2020-08-21 13:38:15.000000,1921.0,1926.0,1898.0,1907.0,nan,1913.0,710183,13585800790.0,900507,1922.0,782,1921.0,468,nan,0,nan,0,nan,0,nan,0,nan,0,nan,0,nan,0,nan,0
1597988295248962048,1597988295000001024,2020-08-21 13:38:15.000001,1921.0,1926.0,1898.0,1907.0,nan,1913.0,710212,13586355560.0,900513,1922.0,779,1921.0,460,nan,0,nan,0,nan,0,nan,0,nan,0,nan,0,nan,0,nan,0
1597988295751796992,1597988296000000000,2020-08-21 13:38:16.000000,1921.0,1926.0,1898.0,1907.0,nan,1913.0,710226,13586623380.0,900517,1922.0,784,1921.0,447,nan,0,nan,0,nan,0,nan,0,nan,0,nan,0,nan,0,nan,0
1597988296216014080,1597988296000001024,2020-08-21 13:38:16.000001,1922.0,1926.0,1898.0,1907.0,nan,1913.0,710227,13586642510.0,900517,1922.0,787,1921.0,459,nan,0,nan,0,nan,0,nan,0,nan,0,nan,0,nan,0,nan,0
1597988296747480064,1597988297000000000,2020-08-21 13:38:17.000000,1922.0,1926.0,1898.0,1907.0,nan,1913.0,710227,13586642510.0,900517,1922.0,787,1921.0,479,nan,0,nan,0,nan,0,nan,0,nan,0,nan,0,nan,0,nan,0
1597988297250854912,1597988297000001024,2020-08-21 13:38:17.000001,1922.0,1926.0,1898.0,1907.0,nan,1913.0,710228,13586661640.0,900518,1922.0,786,1921.0,480,nan,0,nan,0,nan,0,nan,0,nan,0,nan,0,nan,0,nan,0
1597988297747160064,1597988298000000000,2020-08-21 13:38:18.000000,1922.0,1926.0,1898.0,1907.0,nan,1913.0,710228,13586661640.0,900518,1922.0,787,1921.0,541,nan,0,nan,0,nan,0,nan,0,nan,0,nan,0,nan,0,nan,0
1597988298244478976,1597988298000001024,2020-08-21 13:38:18.000001,1922.0,1926.0,1898.0,1907.0,nan,1913.0,710228,13586661640.0,900518,1922.0,788,1921.0,543,nan,0,nan,0,nan,0,nan,0,nan,0,nan,0,nan,0,nan,0
1597988298722921984,1597988299000000000,2020-08-21 13:38:19.000000,1922.0,1926.0,1898.0,1907.0,nan,1913.0,710228,13586661640.0,900518,1922.0,828,1921.0,546,nan,0,nan,0,nan,0,nan,0,nan,0,nan,0,nan,0,nan,0
1597988299219527936,1597988299000001024,2020-08-21 13:38:19.000001,1921.0,1926.0,1898.0,1907.0,nan,1913.0,710235,13586795550.0,900519,1922.0,830,1921.0,540,nan,0,nan,0,nan,0,nan,0,nan,0,nan,0,nan,0,nan,0
1597988299750426880,1597988300000000000,2020-08-21 13:38:20.000000,1921.0,1926.0,1898.0,1907.0,nan,1913.0,710246,13587005980.0,900519,1922.0,837,1921.0,530,nan,0,nan,0,nan,0,nan,0,nan,0,nan,0,nan,0,nan,0
1597988300247265024,1597988300000001024,2020-08-21 13:38:20.000001,1921.0,1926.0,1898.0,1907.0,nan,1913.0,710246,13587005980.0,900519,1922.0,837,1921.0,481,nan,0,nan,0,nan,0,nan,0,nan,0,nan,0,nan,0,nan,0
1597988300755215104,1597988301000000000,2020-08-21 13:38:21.000000,1922.0,1926.0,1898.0,1907.0,nan,1913.0,710247,13587025110.0,900519,1922.0,857,1921.0,482,nan,0,nan,0,nan,0,nan,0,nan,0,nan,0,nan,0,nan,0
1597988301462571008,1597988301000001024,2020-08-21 13:38:21.000001,1921.0,1926.0,1898.0,1907.0,nan,1913.0,710249,13587063370.0,900519,1922.0,862,1921.0,420,nan,0,nan,0,nan,0,nan,0,nan,0,nan,0,nan,0,nan,0
1597988301837093120,1597988302000000000,2020-08-21 13:38:22.000000,1921.0,1926.0,1898.0,1907.0,nan,1913.0,710252,13587120760.0,900519,1922.0,866,1921.0,425,nan,0,nan,0,nan,0,nan,0,nan,0,nan,0,nan,0,nan,0
1597988302731386880,1597988303000000000,2020-08-21 13:38:23.000000,1921.0,1926.0,1898.0,1907.0,nan,1913.0,710252,13587120760.0,900519,1922.0,870,1921.0,425,nan,0,nan,0,nan,0,nan,0,nan,0,nan,0,nan,0,nan,0
1597988303223624960,1597988303000001024,2020-08-21 13:38:23.000001,1921.0,1926.0,1898.0,1907.0,nan,1913.0,710252,13587120760.0,900519,1922.0,879,1921.0,435,nan,0,nan,0,nan,0,nan,0,nan,0,nan,0,nan,0,nan,0
1597988303796625920,1597988304000000000,2020-08-21 13:38:24.000000,1922.0,1926.0,1898.0,1907.0,nan,1913.0,710262,13587312060.0,900529,1922.0,879,1921.0,435,nan,0,nan,0,nan,0,nan,0,nan,0,nan,0,nan,0,nan,0
1597988304262241024,1597988304000001024,2020-08-21 13:38:24.000001,1922.0,1926.0,1898.0,1907.0,nan,1913.0,710262,13587312060.0,900529,1922.0,898,1921.0,438,nan,0,nan,0,nan,0,nan,0,nan,0,nan,0,nan,0,nan,0
1597988304720861952,1597988305000000000,2020-08-21 13:38:25.000000,1922.0,1926.0,1898.0,1907.0,nan,1913.0,710262,13587312060.0,900529,1922.0,898,1921.0,435,nan,0,nan,0,nan,0,nan,0,nan,0,nan,0,nan,0,nan,0
1597988305718507008,1597988306000000000,2020-08-21 13:38:26.000000,1921.0,1926.0,1898.0,1907.0,nan,1913.0,710264,13587350320.0,900530,1922.0,895,1921.0,434,nan,0,nan,0,nan,0,nan,0,nan,0,nan,0,nan,0,nan,0
1597988306256645120,1597988306000001024,2020-08-21 13:38:26.000001,1921.0,1926.0,1898.0,1907.0,nan,1913.0,710269,13587445970.0,900535,1922.0,897,1921.0,431,nan,0,nan,0,nan,0,nan,0,nan,0,nan,0,nan,0,nan,0
1597988306746861056,1597988307000000000,2020-08-21 13:38:27.000000,1921.0,1926.0,1898.0,1907.0,nan,1913.0,710269,13587445970.0,900535,1922.0,900,1921.0,430,nan,0,nan,0,nan,0,nan,0,nan,0,nan,0,nan,0,nan,0
1597988307229147904,1597988307000001024,2020-08-21 13:38:27.000001,1922.0,1926.0,1898.0,1907.0,nan,1913.0,710270,13587465100.0,900536,1922.0,900,1921.0,452,nan,0,nan,0,nan,0,nan,0,nan,0,nan,0,nan,0,nan,0
1597988307738983936,1597988308000000000,2020-08-21 13:38:28.000000,1922.0,1926.0,1898.0,1907.0,nan,1913.0,710270,13587465100.0,900536,1922.0,895,1921.0,462,nan,0,nan,0,nan,0,nan,0,nan,0,nan,0,nan,0,nan,0
1597988308224870912,1597988308000001024,2020-08-21 13:38:28.000001,1922.0,1926.0,1898.0,1907.0,nan,1913.0,710273,13587522490.0,900536,1922.0,892,1921.0,473,nan,0,nan,0,nan,0,nan,0,nan,0,nan,0,nan,0,nan,0
1597988308722219008,1597988309000000000,2020-08-21 13:38:29.000000,1922.0,1926.0,1898.0,1907.0,nan,1913.0,710273,13587522490.0,900536,1922.0,893,1921.0,509,nan,0,nan,0,nan,0,nan,0,nan,0,nan,0,nan,0,nan,0
1597988309251105024,1597988309000001024,2020-08-21 13:38:29.000001,1922.0,1926.0,1898.0,1907.0,nan,1913.0,710273,13587522490.0,900536,1922.0,894,1921.0,566,nan,0,nan,0,nan,0,nan,0,nan,0,nan,0,nan,0,nan,0
1597988309918754048,1597988310000000000,2020-08-21 13:38:30.000000,1921.0,1926.0,1898.0,1907.0,nan,1913.0,710277,13587599010.0,900540,1922.0,894,1921.0,562,nan,0,nan,0,nan,0,nan,0,nan,0,nan,0,nan,0,nan,0
1597988310306255104,1597988310000001024,2020-08-21 13:38:30.000001,1921.0,1926.0,1898.0,1907.0,nan,1913.0,710277,13587599010.0,900540,1922.0,894,1921.0,569,nan,0,nan,0,nan,0,nan,0,nan,0,nan,0,nan,0,nan,0
1597988310724820992,1597988311000000000,2020-08-21 13:38:31.000000,1921.0,1926.0,1898.0,1907.0,nan,1913.0,710277,13587599010.0,900540,1922.0,899,1921.0,575,nan,0,nan,0,nan,0,nan,0,nan,0,nan,0,nan,0,nan,0
1597988311228410880,1597988311000001024,2020-08-21 13:38:31.000001,1921.0,1926.0,1898.0,1907.0,nan,1913.0,710277,13587599010.0,900540,1922.0,899,1921.0,577,nan,0,nan,0,nan,0,nan,0,nan,0,nan,0,nan,0,nan,0
1597988311749344000,1597988312000000000,2020-08-21 13:38:32.000000,1921.0,1926.0,1898.0,1907.0,nan,1913.0,710277,13587599010.0,900540,1922.0,900,1921.0,583,nan,0,nan,0,nan,0,nan,0,nan,0,nan,0,nan,0,nan,0
1597988312245952000,1597988312000001024,2020-08-21 13:38:32.000001,1921.0,1926.0,1898.0,1907.0,nan,1913.0,710278,13587618140.0,900540,1922.0,900,1921.0,583,nan,0,nan,0,nan,0,nan,0,nan,0,nan,0,nan,0,nan,0
1597988312725230080,1597988313000000000,2020-08-21 13:38:33.000000,1921.0,1926.0,1898.0,1907.0,nan,1913.0,710282,13587694660.0,900540,1922.0,901,1921.0,579,nan,0,nan,0,nan,0,nan,0,nan,0,nan,0,nan,0,nan,0
1597988314224583936,1597988314000001024,2020-08-21 13:38:34.000001,1921.0,1926.0,1898.0,1907.0,nan,1913.0,710282,13587694660.0,900540,1922.0,903,1921.0,579,nan,0,nan,0,nan,0,nan,0,nan,0,nan,0,nan,0,nan,0
1597988314725441024,1597988315000000000,2020-08-21 13:38:35.000000,1921.0,1926.0,1898.0,1907.0,nan,1913.0,710284,13587732920.0,900542,1922.0,903,1921.0,577,nan,0,nan,0,nan,0,nan,0,nan,0,nan,0,nan,0,nan,0
1597988315247208960,1597988315000001024,2020-08-21 13:38:35.000001,1921.0,1926.0,1898.0,1907.0,nan,1913.0,710285,13587752050.0,900543,1922.0,904,1921.0,586,nan,0,nan,0,nan,0,nan,0,nan,0,nan,0,nan,0,nan,0
1597988315745956096,1597988316000000000,2020-08-21 13:38:36.000000,1921.0,1926.0,1898.0,1907.0,nan,1913.0,710291,13587866830.0,900549,1922.0,904,1921.0,580,nan,0,nan,0,nan,0,nan,0,nan,0,nan,0,nan,0,nan,0
1597988316238266112,1597988316000001024,2020-08-21 13:38:36.000001,1921.0,1926.0,1898.0,1907.0,nan,1913.0,710296,13587962480.0,900549,1922.0,906,1921.0,578,nan,0,nan,0,nan,0,nan,0,nan,0,nan,0,nan,0,nan,0
1597988316728587008,1597988317000000000,2020-08-21 13:38:37.000000,1921.0,1926.0,1898.0,1907.0,nan,1913.0,710296,13587962480.0,900549,1922.0,906,1921.0,579,nan,0,nan,0,nan,0,nan,0,nan,0,nan,0,nan,0,nan,0
1597988317230033920,1597988317000001024,2020-08-21 13:38:37.000001,1921.0,1926.0,1898.0,1907.0,nan,1913.0,710357,13589129410.0,900589,1922.0,846,1921.0,578,nan,0,nan,0,nan,0,nan,0,nan,0,nan,0,nan,0,nan,0
1597988317729479936,1597988318000000000,2020-08-21 13:38:38.000000,1921.0,1926.0,1898.0,1907.0,nan,1913.0,710360,13589186800.0,900589,1922.0,849,1921.0,602,nan,0,nan,0,nan,0,nan,0,nan,0,nan,0,nan,0,nan,0
1597988318252453120,1597988318000001024,2020-08-21 13:38:38.000001,1922.0,1926.0,1898.0,1907.0,nan,1913.0,710362,13589225060.0,900591,1922.0,852,1921.0,602,nan,0,nan,0,nan,0,nan,0,nan,0,nan,0,nan,0,nan,0
1597988318729814016,1597988319000000000,2020-08-21 13:38:39.000000,1922.0,1926.0,1898.0,1907.0,nan,1913.0,710466,13591214580.0,900687,1922.0,854,1921.0,502,nan,0,nan,0,nan,0,nan,0,nan,0,nan,0,nan,0,nan,0
1597988319265826048,1597988319000001024,2020-08-21 13:38:39.000001,1922.0,1926.0,1898.0,1907.0,nan,1913.0,710576,13593318880.0,900686,1922.0,744,1921.0,459,nan,0,nan,0,nan,0,nan,0,nan,0,nan,0,nan,0,nan,0
1597988319733655040,1597988320000000000,2020-08-21 13:38:40.000000,1922.0,1926.0,1898.0,1907.0,nan,1913.0,710577,13593338010.0,900687,1922.0,743,1921.0,470,nan,0,nan,0,nan,0,nan,0,nan,0,nan,0,nan,0,nan,0
1597988320230286080,1597988320000001024,2020-08-21 13:38:40.000001,1922.0,1926.0,1898.0,1907.0,nan,1913.0,710577,13593338010.0,900687,1922.0,749,1921.0,470,nan,0,nan,0,nan,0,nan,0,nan,0,nan,0,nan,0,nan,0
1597988320734313984,1597988321000000000,2020-08-21 13:38:41.000000,1922.0,1926.0,1898.0,1907.0,nan,1913.0,710588,13593548440.0,900698,1922.0,739,1921.0,490,nan,0,nan,0,nan,0,nan,0,nan,0,nan,0,nan,0,nan,0
1597988321246224896,1597988321000001024,2020-08-21 13:38:41.000001,1921.0,1926.0,1898.0,1907.0,nan,1913.0,710594,13593663220.0,900698,1922.0,735,1921.0,535,nan,0,nan,0,nan,0,nan,0,nan,0,nan,0,nan,0,nan,0
1597988321771165952,1597988322000000000,2020-08-21 13:38:42.000000,1921.0,1926.0,1898.0,1907.0,nan,1913.0,710600,13593778000.0,900703,1922.0,735,1921.0,529,nan,0,nan,0,nan,0,nan,0,nan,0,nan,0,nan,0,nan,0
1597988322263194880,1597988322000001024,2020-08-21 13:38:42.000001,1921.0,1926.0,1898.0,1907.0,nan,1913.0,710600,13593778000.0,900703,1922.0,736,1921.0,529,nan,0,nan,0,nan,0,nan,0,nan,0,nan,0,nan,0,nan,0
1597988322733024000,1597988323000000000,2020-08-21 13:38:43.000000,1921.0,1926.0,1898.0,1907.0,nan,1913.0,710600,13593778000.0,900703,1922.0,738,1921.0,530,nan,0,nan,0,nan,0,nan,0,nan,0,nan,0,nan,0,nan,0
1597988323221598976,1597988323000001024,2020-08-21 13:38:43.000001,1921.0,1926.0,1898.0,1907.0,nan,1913.0,710601,13593797130.0,900704,1922.0,739,1921.0,550,nan,0,nan,0,nan,0,nan,0,nan,0,nan,0,nan,0,nan,0
1597988323746996992,1597988324000000000,2020-08-21 13:38:44.000000,1921.0,1926.0,1898.0,1907.0,nan,1913.0,710601,13593797130.0,900704,1922.0,744,1921.0,551,nan,0,nan,0,nan,0,nan,0,nan,0,nan,0,nan,0,nan,0
1597988324237499904,1597988324000001024,2020-08-21 13:38:44.000001,1921.0,1926.0,1898.0,1907.0,nan,1913.0,710612,13594007560.0,900704,1922.0,744,1921.0,540,nan,0,nan,0,nan,0,nan,0,nan,0,nan,0,nan,0,nan,0
1597988324731398912,1597988325000000000,2020-08-21 13:38:45.000000,1922.0,1926.0,1898.0,1907.0,nan,1913.0,710613,13594026690.0,900704,1922.0,743,1921.0,541,nan,0,nan,0,nan,0,nan,0,nan,0,nan,0,nan,0,nan,0
1597988325290032896,1597988325000001024,2020-08-21 13:38:45.000001,1922.0,1926.0,1898.0,1907.0,nan,1913.0,710613,13594026690.0,900704,1922.0,744,1921.0,541,nan,0,nan,0,nan,0,nan,0,nan,0,nan,0,nan,0,nan,0
1597988325876090112,1597988326000000000,2020-08-21 13:38:46.000000,1922.0,1926.0,1898.0,1907.0,nan,1913.0,710613,13594026690.0,900704,1922.0,745,1921.0,541,nan,0,nan,0,nan,0,nan,0,nan,0,nan,0,nan,0,nan,0
1597988326226914048,1597988326000001024,2020-08-21 13:38:46.000001,1922.0,1926.0,1898.0,1907.0,nan,1913.0,710613,13594026690.0,900704,1922.0,740,1921.0,541,nan,0,nan,0,nan,0,nan,0,nan,0,nan,0,nan,0,nan,0
1597988327419745024,1597988327000001024,2020-08-21 13:38:47.000001,1921.0,1926.0,1898.0,1907.0,nan,1913.0,710614,13594045820.0,900704,1922.0,740,1921.0,540,nan,0,nan,0,nan,0,nan,0,nan,0,nan,0,nan,0,nan,0
1597988327773904896,1597988328000000000,2020-08-21 13:38:48.000000,1921.0,1926.0,1898.0,1907.0,nan,1913.0,710616,13594084080.0,900704,1922.0,744,1921.0,548,nan,0,nan,0,nan,0,nan,0,nan,0,nan,0,nan,0,nan,0
1597988328390387968,1597988328000001024,2020-08-21 13:38:48.000001,1921.0,1926.0,1898.0,1907.0,nan,1913.0,710616,13594084080.0,900704,1922.0,744,1921.0,551,nan,0,nan,0,nan,0,nan,0,nan,0,nan,0,nan,0,nan,0
1597988329342737920,1597988329000001024,2020-08-21 13:38:49.000001,1921.0,1926.0,1898.0,1907.0,nan,1913.0,710617,13594103210.0,900703,1922.0,744,1921.0,550,nan,0,nan,0,nan,0,nan,0,nan,0,nan,0,nan,0,nan,0
1597988329732781056,1597988330000000000,2020-08-21 13:38:50.000000,1921.0,1926.0,1898.0,1907.0,nan,1913.0,710618,13594122340.0,900702,1922.0,744,1921.0,549,nan,0,nan,0,nan,0,nan,0,nan,0,nan,0,nan,0,nan,0
1597988330263764992,1597988330000001024,2020-08-21 13:38:50.000001,1921.0,1926.0,1898.0,1907.0,nan,1913.0,710619,13594141470.0,900701,1922.0,744,1921.0,548,nan,0,nan,0,nan,0,nan,0,nan,0,nan,0,nan,0,nan,0
1597988331244107008,1597988331000001024,2020-08-21 13:38:51.000001,1921.0,1926.0,1898.0,1907.0,nan,1913.0,710627,13594294510.0,900706,1922.0,736,1921.0,546,nan,0,nan,0,nan,0,nan,0,nan,0,nan,0,nan,0,nan,0
1597988331740598016,1597988332000000000,2020-08-21 13:38:52.000000,1921.0,1926.0,1898.0,1907.0,nan,1913.0,710627,13594294510.0,900706,1922.0,740,1921.0,546,nan,0,nan,0,nan,0,nan,0,nan,0,nan,0,nan,0,nan,0
1597988332732968960,1597988333000000000,2020-08-21 13:38:53.000000,1921.0,1926.0,1898.0,1907.0,nan,1913.0,710629,13594332770.0,900706,1922.0,740,1921.0,544,nan,0,nan,0,nan,0,nan,0,nan,0,nan,0,nan,0,nan,0
1597988333246256896,1597988333000001024,2020-08-21 13:38:53.000001,1921.0,1926.0,1898.0,1907.0,nan,1913.0,710629,13594332770.0,900706,1922.0,755,1921.0,511,nan,0,nan,0,nan,0,nan,0,nan,0,nan,0,nan,0,nan,0
1597988333790796032,1597988334000000000,2020-08-21 13:38:54.000000,1921.0,1926.0,1898.0,1907.0,nan,1913.0,710630,13594351900.0,900706,1922.0,756,1921.0,510,nan,0,nan,0,nan,0,nan,0,nan,0,nan,0,nan,0,nan,0
1597988334265300992,1597988334000001024,2020-08-21 13:38:54.000001,1921.0,1926.0,1898.0,1907.0,nan,1913.0,710630,13594351900.0,900706,1922.0,777,1921.0,510,nan,0,nan,0,nan,0,nan,0,nan,0,nan,0,nan,0,nan,0
1597988334747521024,1597988335000000000,2020-08-21 13:38:55.000000,1921.0,1926.0,1898.0,1907.0,nan,1913.0,710641,13594562330.0,900717,1922.0,777,1921.0,498,nan,0,nan,0,nan,0,nan,0,nan,0,nan,0,nan,0,nan,0
1597988335235156992,1597988335000001024,2020-08-21 13:38:55.000001,1921.0,1926.0,1898.0,1907.0,nan,1913.0,710671,13595136230.0,900714,1922.0,776,1921.0,471,nan,0,nan,0,nan,0,nan,0,nan,0,nan,0,nan,0,nan,0
1597988335736184064,1597988336000000000,2020-08-21 13:38:56.000000,1921.0,1926.0,1898.0,1907.0,nan,1913.0,710673,13595174490.0,900714,1922.0,776,1921.0,469,nan,0,nan,0,nan,0,nan,0,nan,0,nan,0,nan,0,nan,0
1597988336278738944,1597988336000001024,2020-08-21 13:38:56.000001,1921.0,1926.0,1898.0,1907.0,nan,1913.0,710693,13595557090.0,900714,1922.0,778,1921.0,449,nan,0,nan,0,nan,0,nan,0,nan,0,nan,0,nan,0,nan,0
1597988336756975104,1597988337000000000,2020-08-21 13:38:57.000000,1921.0,1926.0,1898.0,1907.0,nan,1913.0,710694,13595576220.0,900714,1922.0,778,1921.0,448,nan,0,nan,0,nan,0,nan,0,nan,0,nan,0,nan,0,nan,0
1597988337270448896,1597988337000001024,2020-08-21 13:38:57.000001,1921.0,1926.0,1898.0,1907.0,nan,1913.0,710694,13595576220.0,900714,1922.0,780,1921.0,453,nan,0,nan,0,nan,0,nan,0,nan,0,nan,0,nan,0,nan,0
1597988337861843968,1597988338000000000,2020-08-21 13:38:58.000000,1921.0,1926.0,1898.0,1907.0,nan,1913.0,710694,13595576220.0,900714,1922.0,781,1921.0,453,nan,0,nan,0,nan,0,nan,0,nan,0,nan,0,nan,0,nan,0
1597988338236781056,1597988338000001024,2020-08-21 13:38:58.000001,1921.0,1926.0,1898.0,1907.0,nan,1913.0,710695,13595595350.0,900715,1922.0,783,1921.0,456,nan,0,nan,0,nan,0,nan,0,nan,0,nan,0,nan,0,nan,0
1597988339335744000,1597988339000001024,2020-08-21 13:38:59.000001,1921.0,1926.0,1898.0,1907.0,nan,1913.0,710695,13595595350.0,900715,1922.0,788,1921.0,456,nan,0,nan,0,nan,0,nan,0,nan,0,nan,0,nan,0,nan,0
1597988339738704896,1597988340000000000,2020-08-21 13:39:00.000000,1921.0,1926.0,1898.0,1907.0,nan,1913.0,710700,13595691000.0,900720,1922.0,788,1921.0,444,nan,0,nan,0,nan,0,nan,0,nan,0,nan,0,nan,0,nan,0
1597988340282914048,1597988340000001024,2020-08-21 13:39:00.000001,1921.0,1926.0,1898.0,1907.0,nan,1913.0,710854,13598637020.0,900806,1922.0,787,1921.0,300,nan,0,nan,0,nan,0,nan,0,nan,0,nan,0,nan,0,nan,0
1597988340788304896,1597988341000000000,2020-08-21 13:39:01.000000,1921.0,1926.0,1898.0,1907.0,nan,1913.0,710854,13598637020.0,900806,1922.0,787,1921.0,279,nan,0,nan,0,nan,0,nan,0,nan,0,nan,0,nan,0,nan,0
1597988341248561920,1597988341000001024,2020-08-21 13:39:01.000001,1922.0,1926.0,1898.0,1907.0,nan,1913.0,710862,13598790060.0,900809,1922.0,787,1921.0,272,nan,0,nan,0,nan,0,nan,0,nan,0,nan,0,nan,0,nan,0
1597988341822205952,1597988342000000000,2020-08-21 13:39:02.000000,1922.0,1926.0,1898.0,1907.0,nan,1913.0,710862,13598790060.0,900809,1922.0,817,1921.0,306,nan,0,nan,0,nan,0,nan,0,nan,0,nan,0,nan,0,nan,0
1597988342241847040,1597988342000001024,2020-08-21 13:39:02.000001,1921.0,1926.0,1898.0,1907.0,nan,1913.0,710864,13598828320.0,900809,1922.0,825,1921.0,307,nan,0,nan,0,nan,0,nan,0,nan,0,nan,0,nan,0,nan,0
1597988342759139072,1597988343000000000,2020-08-21 13:39:03.000000,1921.0,1926.0,1898.0,1907.0,nan,1913.0,710864,13598828320.0,900809,1922.0,831,1921.0,309,nan,0,nan,0,nan,0,nan,0,nan,0,nan,0,nan,0,nan,0
1597988343270227968,1597988343000001024,2020-08-21 13:39:03.000001,1921.0,1926.0,1898.0,1907.0,nan,1913.0,710869,13598923970.0,900814,1922.0,881,1921.0,390,nan,0,nan,0,nan,0,nan,0,nan,0,nan,0,nan,0,nan,0
1597988344238935040,1597988344000001024,2020-08-21 13:39:04.000001,1921.0,1926.0,1898.0,1907.0,nan,1913.0,710893,13599383090.0,900811,1922.0,882,1921.0,366,nan,0,nan,0,nan,0,nan,0,nan,0,nan,0,nan,0,nan,0
1597988344775002880,1597988345000000000,2020-08-21 13:39:05.000000,1921.0,1926.0,1898.0,1907.0,nan,1913.0,710893,13599383090.0,900811,1922.0,882,1921.0,367,nan,0,nan,0,nan,0,nan,0,nan,0,nan,0,nan,0,nan,0
1597988345266721024,1597988345000001024,2020-08-21 13:39:05.000001,1921.0,1926.0,1898.0,1907.0,nan,1913.0,710893,13599383090.0,900811,1922.0,882,1921.0,377,nan,0,nan,0,nan,0,nan,0,nan,0,nan,0,nan,0,nan,0
1597988345776140032,1597988346000000000,2020-08-21 13:39:06.000000,1921.0,1926.0,1898.0,1907.0,nan,1913.0,710894,13599402220.0,900811,1922.0,882,1921.0,377,nan,0,nan,0,nan,0,nan,0,nan,0,nan,0,nan,0,nan,0
1597988346270661888,1597988346000001024,2020-08-21 13:39:06.000001,1921.0,1926.0,1898.0,1907.0,nan,1913.0,710894,13599402220.0,900811,1922.0,882,1921.0,389,nan,0,nan,0,nan,0,nan,0,nan,0,nan,0,nan,0,nan,0
1597988347242955008,1597988347000001024,2020-08-21 13:39:07.000001,1921.0,1926.0,1898.0,1907.0,nan,1913.0,710894,13599402220.0,900811,1922.0,882,1921.0,390,nan,0,nan,0,nan,0,nan,0,nan,0,nan,0,nan,0,nan,0
1597988347770013952,1597988348000000000,2020-08-21 13:39:08.000000,1921.0,1926.0,1898.0,1907.0,nan,1913.0,710914,13599784820.0,900811,1922.0,882,1921.0,370,nan,0,nan,0,nan,0,nan,0,nan,0,nan,0,nan,0,nan,0
1597988348737943040,1597988349000000000,2020-08-21 13:39:09.000000,1921.0,1926.0,1898.0,1907.0,nan,1913.0,710922,13599937860.0,900816,1922.0,881,1921.0,362,nan,0,nan,0,nan,0,nan,0,nan,0,nan,0,nan,0,nan,0
1597988349263892992,1597988349000001024,2020-08-21 13:39:09.000001,1921.0,1926.0,1898.0,1907.0,nan,1913.0,710923,13599956990.0,900816,1922.0,890,1921.0,361,nan,0,nan,0,nan,0,nan,0,nan,0,nan,0,nan,0,nan,0
1597988349735329024,1597988350000000000,2020-08-21 13:39:10.000000,1921.0,1926.0,1898.0,1907.0,nan,1913.0,710933,13600148290.0,900816,1922.0,890,1921.0,352,nan,0,nan,0,nan,0,nan,0,nan,0,nan,0,nan,0,nan,0
1597988350833993984,1597988351000000000,2020-08-21 13:39:11.000000,1921.0,1926.0,1898.0,1907.0,nan,1913.0,710934,13600167420.0,900816,1922.0,890,1921.0,353,nan,0,nan,0,nan,0,nan,0,nan,0,nan,0,nan,0,nan,0
1597988351254925056,1597988351000001024,2020-08-21 13:39:11.000001,1921.0,1926.0,1898.0,1907.0,nan,1913.0,710934,13600167420.0,900816,1922.0,896,1921.0,410,nan,0,nan,0,nan,0,nan,0,nan,0,nan,0,nan,0,nan,0
1597988351774615040,1597988352000000000,2020-08-21 13:39:12.000000,1921.0,1926.0,1898.0,1907.0,nan,1913.0,710935,13600186550.0,900816,1922.0,893,1921.0,405,nan,0,nan,0,nan,0,nan,0,nan,0,nan,0,nan,0,nan,0
1597988352255191040,1597988352000001024,2020-08-21 13:39:12.000001,1921.0,1926.0,1898.0,1907.0,nan,1913.0,710941,13600301330.0,900818,1922.0,893,1921.0,399,nan,0,nan,0,nan,0,nan,0,nan,0,nan,0,nan,0,nan,0
1597988352805056000,1597988353000000000,2020-08-21 13:39:13.000000,1921.0,1926.0,1898.0,1907.0,nan,1913.0,710945,13600377850.0,900818,1922.0,893,1921.0,395,nan,0,nan,0,nan,0,nan,0,nan,0,nan,0,nan,0,nan,0
1597988353242625024,1597988353000001024,2020-08-21 13:39:13.000001,1921.0,1926.0,1898.0,1907.0,nan,1913.0,710946,13600396980.0,900819,1922.0,903,1921.0,408,nan,0,nan,0,nan,0,nan,0,nan,0,nan,0,nan,0,nan,0
1597988353750710016,1597988354000000000,2020-08-21 13:39:14.000000,1921.0,1926.0,1898.0,1907.0,nan,1913.0,710947,13600416110.0,900819,1922.0,903,1921.0,417,nan,0,nan,0,nan,0,nan,0,nan,0,nan,0,nan,0,nan,0
1597988354245291008,1597988354000001024,2020-08-21 13:39:14.000001,1922.0,1926.0,1898.0,1907.0,nan,1913.0,710949,13600454370.0,900821,1922.0,911,1921.0,417,nan,0,nan,0,nan,0,nan,0,nan,0,nan,0,nan,0,nan,0
1597988354767072000,1597988355000000000,2020-08-21 13:39:15.000000,1922.0,1926.0,1898.0,1907.0,nan,1913.0,710950,13600473500.0,900821,1922.0,911,1921.0,418,nan,0,nan,0,nan,0,nan,0,nan,0,nan,0,nan,0,nan,0
1597988355248846080,1597988355000001024,2020-08-21 13:39:15.000001,1921.0,1926.0,1898.0,1907.0,nan,1913.0,710956,13600588280.0,900820,1922.0,901,1921.0,414,nan,0,nan,0,nan,0,nan,0,nan,0,nan,0,nan,0,nan,0
1597988355736644096,1597988356000000000,2020-08-21 13:39:16.000000,1921.0,1926.0,1898.0,1907.0,nan,1913.0,710957,13600607410.0,900820,1922.0,902,1921.0,413,nan,0,nan,0,nan,0,nan,0,nan,0,nan,0,nan,0,nan,0
1597988356238855936,1597988356000001024,2020-08-21 13:39:16.000001,1921.0,1926.0,1898.0,1907.0,nan,1913.0,710957,13600607410.0,900820,1922.0,902,1921.0,403,nan,0,nan,0,nan,0,nan,0,nan,0,nan,0,nan,0,nan,0
1597988356740764928,1597988357000000000,2020-08-21 13:39:17.000000,1921.0,1926.0,1898.0,1907.0,nan,1913.0,710957,13600607410.0,900820,1922.0,904,1921.0,413,nan,0,nan,0,nan,0,nan,0,nan,0,nan,0,nan,0,nan,0
1597988357255644928,1597988357000001024,2020-08-21 13:39:17.000001,1921.0,1926.0,1898.0,1907.0,nan,1913.0,710987,13601181310.0,900850,1922.0,906,1921.0,384,nan,0,nan,0,nan,0,nan,0,nan,0,nan,0,nan,0,nan,0
1597988357742448128,1597988358000000000,2020-08-21 13:39:18.000000,1921.0,1926.0,1898.0,1907.0,nan,1913.0,710987,13601181310.0,900850,1922.0,909,1921.0,384,nan,0,nan,0,nan,0,nan,0,nan,0,nan,0,nan,0,nan,0
1597988358256562944,1597988358000001024,2020-08-21 13:39:18.000001,1921.0,1926.0,1898.0,1907.0,nan,1913.0,710987,13601181310.0,900850,1922.0,910,1921.0,384,nan,0,nan,0,nan,0,nan,0,nan,0,nan,0,nan,0,nan,0
1597988359242536960,1597988359000001024,2020-08-21 13:39:19.000001,1921.0,1926.0,1898.0,1907.0,nan,1913.0,710995,13601334350.0,900858,1922.0,909,1921.0,378,nan,0,nan,0,nan,0,nan,0,nan,0,nan,0,nan,0,nan,0
1597988359742246912,1597988360000000000,2020-08-21 13:39:20.000000,1921.0,1926.0,1898.0,1907.0,nan,1913.0,710995,13601334350.0,900858,1922.0,915,1921.0,378,nan,0,nan,0,nan,0,nan,0,nan,0,nan,0,nan,0,nan,0
1597988360252493056,1597988360000001024,2020-08-21 13:39:20.000001,1921.0,1926.0,1898.0,1907.0,nan,1913.0,711000,13601430000.0,900858,1922.0,915,1921.0,373,nan,0,nan,0,nan,0,nan,0,nan,0,nan,0,nan,0,nan,0
1597988361262878976,1597988361000001024,2020-08-21 13:39:21.000001,1921.0,1926.0,1898.0,1907.0,nan,1913.0,711003,13601487390.0,900861,1922.0,915,1921.0,372,nan,0,nan,0,nan,0,nan,0,nan,0,nan,0,nan,0,nan,0
1597988361768651008,1597988362000000000,2020-08-21 13:39:22.000000,1921.0,1926.0,1898.0,1907.0,nan,1913.0,711005,13601525650.0,900862,1922.0,920,1921.0,370,nan,0,nan,0,nan,0,nan,0,nan,0,nan,0,nan,0,nan,0
1597988362242754048,1597988362000001024,2020-08-21 13:39:22.000001,1921.0,1926.0,1898.0,1907.0,nan,1913.0,711046,13602309980.0,900885,1922.0,920,1921.0,329,nan,0,nan,0,nan,0,nan,0,nan,0,nan,0,nan,0,nan,0
1597988362745811968,1597988363000000000,2020-08-21 13:39:23.000000,1921.0,1926.0,1898.0,1907.0,nan,1913.0,711049,13602367370.0,900888,1922.0,926,1921.0,326,nan,0,nan,0,nan,0,nan,0,nan,0,nan,0,nan,0,nan,0
1597988363266757120,1597988363000001024,2020-08-21 13:39:23.000001,1921.0,1926.0,1898.0,1907.0,nan,1913.0,711052,13602424760.0,900888,1922.0,925,1921.0,324,nan,0,nan,0,nan,0,nan,0,nan,0,nan,0,nan,0,nan,0
1597988363747780096,1597988364000000000,2020-08-21 13:39:24.000000,1921.0,1926.0,1898.0,1907.0,nan,1913.0,711076,13602883880.0,900889,1922.0,927,1921.0,310,nan,0,nan,0,nan,0,nan,0,nan,0,nan,0,nan,0,nan,0
1597988364264591872,1597988364000001024,2020-08-21 13:39:24.000001,1921.0,1926.0,1898.0,1907.0,nan,1913.0,711076,13602883880.0,900889,1922.0,929,1921.0,310,nan,0,nan,0,nan,0,nan,0,nan,0,nan,0,nan,0,nan,0
1597988364749242880,1597988365000000000,2020-08-21 13:39:25.000000,1921.0,1926.0,1898.0,1907.0,nan,1913.0,711077,13602903010.0,900890,1922.0,949,1921.0,327,nan,0,nan,0,nan,0,nan,0,nan,0,nan,0,nan,0,nan,0
1597988365289118976,1597988365000001024,2020-08-21 13:39:25.000001,1921.0,1926.0,1898.0,1907.0,nan,1913.0,711144,13604184720.0,900904,1922.0,948,1921.0,260,nan,0,nan,0,nan,0,nan,0,nan,0,nan,0,nan,0,nan,0
1597988365745923072,1597988366000000000,2020-08-21 13:39:26.000000,1922.0,1926.0,1898.0,1907.0,nan,1913.0,711164,13604567320.0,900909,1922.0,952,1921.0,281,nan,0,nan,0,nan,0,nan,0,nan,0,nan,0,nan,0,nan,0
1597988366270738944,1597988366000001024,2020-08-21 13:39:26.000001,1921.0,1926.0,1898.0,1907.0,nan,1913.0,711202,13605294260.0,900920,1922.0,944,1921.0,243,nan,0,nan,0,nan,0,nan,0,nan,0,nan,0,nan,0,nan,0
1597988366796506880,1597988367000000000,2020-08-21 13:39:27.000000,1921.0,1926.0,1898.0,1907.0,nan,1913.0,711209,13605428170.0,900913,1922.0,943,1921.0,248,nan,0,nan,0,nan,0,nan,0,nan,0,nan,0,nan,0,nan,0
1597988367264546048,1597988367000001024,2020-08-21 13:39:27.000001,1921.0,1926.0,1898.0,1907.0,nan,1913.0,711214,13605523820.0,900913,1922.0,943,1921.0,245,nan,0,nan,0,nan,0,nan,0,nan,0,nan,0,nan,0,nan,0
1597988367746767872,1597988368000000000,2020-08-21 13:39:28.000000,1921.0,1926.0,1898.0,1907.0,nan,1913.0,711215,13605542950.0,900913,1922.0,943,1921.0,244,nan,0,nan,0,nan,0,nan,0,nan,0,nan,0,nan,0,nan,0
1597988368255634944,1597988368000001024,2020-08-21 13:39:28.000001,1921.0,1926.0,1898.0,1907.0,nan,1913.0,711216,13605562080.0,900913,1922.0,943,1921.0,243,nan,0,nan,0,nan,0,nan,0,nan,0,nan,0,nan,0,nan,0
1597988368750512896,1597988369000000000,2020-08-21 13:39:29.000000,1921.0,1926.0,1898.0,1907.0,nan,1913.0,711217,13605581210.0,900912,1922.0,945,1921.0,242,nan,0,nan,0,nan,0,nan,0,nan,0,nan,0,nan,0,nan,0
1597988369763256064,1597988370000000000,2020-08-21 13:39:30.000000,1922.0,1926.0,1898.0,1907.0,nan,1913.0,711227,13605772510.0,900922,1922.0,935,1921.0,242,nan,0,nan,0,nan,0,nan,0,nan,0,nan,0,nan,0,nan,0
1597988370294745088,1597988370000001024,2020-08-21 13:39:30.000001,1922.0,1926.0,1898.0,1907.0,nan,1913.0,711227,13605772510.0,900922,1922.0,935,1921.0,241,nan,0,nan,0,nan,0,nan,0,nan,0,nan,0,nan,0,nan,0
1597988370754763008,1597988371000000000,2020-08-21 13:39:31.000000,1921.0,1926.0,1898.0,1907.0,nan,1913.0,711228,13605791640.0,900922,1922.0,935,1921.0,240,nan,0,nan,0,nan,0,nan,0,nan,0,nan,0,nan,0,nan,0
1597988371254849024,1597988371000001024,2020-08-21 13:39:31.000001,1921.0,1926.0,1898.0,1907.0,nan,1913.0,711229,13605810770.0,900921,1922.0,943,1921.0,239,nan,0,nan,0,nan,0,nan,0,nan,0,nan,0,nan,0,nan,0
1597988372260672000,1597988372000001024,2020-08-21 13:39:32.000001,1921.0,1926.0,1898.0,1907.0,nan,1913.0,711231,13605849030.0,900920,1922.0,923,1921.0,237,nan,0,nan,0,nan,0,nan,0,nan,0,nan,0,nan,0,nan,0
1597988372768229120,1597988373000000000,2020-08-21 13:39:33.000000,1921.0,1926.0,1898.0,1907.0,nan,1913.0,711240,13606021200.0,900916,1922.0,923,1921.0,228,nan,0,nan,0,nan,0,nan,0,nan,0,nan,0,nan,0,nan,0
1597988373265914880,1597988373000001024,2020-08-21 13:39:33.000001,1921.0,1926.0,1898.0,1907.0,nan,1913.0,711240,13606021200.0,900916,1922.0,932,1921.0,255,nan,0,nan,0,nan,0,nan,0,nan,0,nan,0,nan,0,nan,0
1597988373758074112,1597988374000000000,2020-08-21 13:39:34.000000,1921.0,1926.0,1898.0,1907.0,nan,1913.0,711243,13606078590.0,900915,1922.0,931,1921.0,252,nan,0,nan,0,nan,0,nan,0,nan,0,nan,0,nan,0,nan,0
1597988374256734976,1597988374000001024,2020-08-21 13:39:34.000001,1921.0,1926.0,1898.0,1907.0,nan,1913.0,711245,13606116850.0,900915,1922.0,930,1921.0,276,nan,0,nan,0,nan,0,nan,0,nan,0,nan,0,nan,0,nan,0
1597988374759286016,1597988375000000000,2020-08-21 13:39:35.000000,1921.0,1926.0,1898.0,1907.0,nan,1913.0,711276,13606709880.0,900902,1922.0,926,1921.0,245,nan,0,nan,0,nan,0,nan,0,nan,0,nan,0,nan,0,nan,0
1597988375286850048,1597988375000001024,2020-08-21 13:39:35.000001,1921.0,1926.0,1898.0,1907.0,nan,1913.0,711276,13606709880.0,900902,1922.0,926,1921.0,247,nan,0,nan,0,nan,0,nan,0,nan,0,nan,0,nan,0,nan,0
1597988375752908032,1597988376000000000,2020-08-21 13:39:36.000000,1922.0,1926.0,1898.0,1907.0,nan,1913.0,711281,13606805530.0,900902,1922.0,921,1921.0,247,nan,0,nan,0,nan,0,nan,0,nan,0,nan,0,nan,0,nan,0
1597988376268513024,1597988376000001024,2020-08-21 13:39:36.000001,1921.0,1926.0,1898.0,1907.0,nan,1913.0,711291,13606996830.0,900912,1922.0,920,1921.0,229,nan,0,nan,0,nan,0,nan,0,nan,0,nan,0,nan,0,nan,0
1597988376757871104,1597988377000000000,2020-08-21 13:39:37.000000,1922.0,1926.0,1898.0,1907.0,nan,1913.0,711301,13607188130.0,900912,1922.0,910,1921.0,233,nan,0,nan,0,nan,0,nan,0,nan,0,nan,0,nan,0,nan,0
1597988377260293120,1597988377000001024,2020-08-21 13:39:37.000001,1921.0,1926.0,1898.0,1907.0,nan,1913.0,711352,13608163760.0,900961,1922.0,910,1921.0,222,nan,0,nan,0,nan,0,nan,0,nan,0,nan,0,nan,0,nan,0
1597988377758413056,1597988378000000000,2020-08-21 13:39:38.000000,1921.0,1926.0,1898.0,1907.0,nan,1913.0,711353,13608182890.0,900961,1922.0,909,1921.0,221,nan,0,nan,0,nan,0,nan,0,nan,0,nan,0,nan,0,nan,0
1597988378263418112,1597988378000001024,2020-08-21 13:39:38.000001,1921.0,1926.0,1898.0,1907.0,nan,1913.0,711353,13608182890.0,900961,1922.0,1010,1921.0,221,nan,0,nan,0,nan,0,nan,0,nan,0,nan,0,nan,0,nan,0
1597988378771384064,1597988379000000000,2020-08-21 13:39:39.000000,1922.0,1926.0,1898.0,1907.0,nan,1913.0,711357,13608259410.0,900963,1922.0,1011,1921.0,219,nan,0,nan,0,nan,0,nan,0,nan,0,nan,0,nan,0,nan,0
1597988379275894016,1597988379000001024,2020-08-21 13:39:39.000001,1922.0,1926.0,1898.0,1907.0,nan,1913.0,711357,13608259410.0,900963,1922.0,1016,1921.0,219,nan,0,nan,0,nan,0,nan,0,nan,0,nan,0,nan,0,nan,0
1597988379782152960,1597988380000000000,2020-08-21 13:39:40.000000,1922.0,1926.0,1898.0,1907.0,nan,1913.0,711364,13608393320.0,900969,1922.0,1013,1921.0,217,nan,0,nan,0,nan,0,nan,0,nan,0,nan,0,nan,0,nan,0
1597988380252346112,1597988380000001024,2020-08-21 13:39:40.000001,1921.0,1926.0,1898.0,1907.0,nan,1913.0,711376,13608622880.0,900975,1922.0,1013,1921.0,238,nan,0,nan,0,nan,0,nan,0,nan,0,nan,0,nan,0,nan,0
1597988380751979008,1597988381000000000,2020-08-21 13:39:41.000000,1921.0,1926.0,1898.0,1907.0,nan,1913.0,711377,13608642010.0,900976,1922.0,1013,1921.0,237,nan,0,nan,0,nan,0,nan,0,nan,0,nan,0,nan,0,nan,0
1597988381276293120,1597988381000001024,2020-08-21 13:39:41.000001,1921.0,1926.0,1898.0,1907.0,nan,1913.0,711382,13608737660.0,900976,1922.0,1013,1921.0,232,nan,0,nan,0,nan,0,nan,0,nan,0,nan,0,nan,0,nan,0
1597988381770501120,1597988382000000000,2020-08-21 13:39:42.000000,1921.0,1926.0,1898.0,1907.0,nan,1913.0,711383,13608756790.0,900977,1922.0,1014,1921.0,237,nan,0,nan,0,nan,0,nan,0,nan,0,nan,0,nan,0,nan,0
1597988382252922112,1597988382000001024,2020-08-21 13:39:42.000001,1921.0,1926.0,1898.0,1907.0,nan,1913.0,711389,13608871570.0,900978,1922.0,1013,1921.0,250,nan,0,nan,0,nan,0,nan,0,nan,0,nan,0,nan,0,nan,0
1597988382752880128,1597988383000000000,2020-08-21 13:39:43.000000,1921.0,1926.0,1898.0,1907.0,nan,1913.0,711394,13608967220.0,900978,1922.0,1013,1921.0,245,nan,0,nan,0,nan,0,nan,0,nan,0,nan,0,nan,0,nan,0
1597988383254646016,1597988383000001024,2020-08-21 13:39:43.000001,1921.0,1926.0,1898.0,1907.0,nan,1913.0,711397,13609024610.0,900981,1922.0,1013,1921.0,244,nan,0,nan,0,nan,0,nan,0,nan,0,nan,0,nan,0,nan,0
1597988383778447872,1597988384000000000,2020-08-21 13:39:44.000000,1921.0,1926.0,1898.0,1907.0,nan,1913.0,711398,13609043740.0,900982,1922.0,1013,1921.0,266,nan,0,nan,0,nan,0,nan,0,nan,0,nan,0,nan,0,nan,0
1597988384254211072,1597988384000001024,2020-08-21 13:39:44.000001,1921.0,1926.0,1898.0,1907.0,nan,1913.0,711398,13609043740.0,900982,1922.0,1015,1921.0,266,nan,0,nan,0,nan,0,nan,0,nan,0,nan,0,nan,0,nan,0
1597988384752684032,1597988385000000000,2020-08-21 13:39:45.000000,1921.0,1926.0,1898.0,1907.0,nan,1913.0,711398,13609043740.0,900982,1922.0,1015,1921.0,276,nan,0,nan,0,nan,0,nan,0,nan,0,nan,0,nan,0,nan,0
1597988385277132032,1597988385000001024,2020-08-21 13:39:45.000001,1921.0,1926.0,1898.0,1907.0,nan,1913.0,711399,13609062870.0,900983,1922.0,1015,1921.0,275,nan,0,nan,0,nan,0,nan,0,nan,0,nan,0,nan,0,nan,0
1597988385752133120,1597988386000000000,2020-08-21 13:39:46.000000,1921.0,1926.0,1898.0,1907.0,nan,1913.0,711404,13609158520.0,900983,1922.0,1056,1921.0,270,nan,0,nan,0,nan,0,nan,0,nan,0,nan,0,nan,0,nan,0
1597988386252634880,1597988386000001024,2020-08-21 13:39:46.000001,1921.0,1926.0,1898.0,1907.0,nan,1913.0,711407,13609215910.0,900986,1922.0,1056,1921.0,267,nan,0,nan,0,nan,0,nan,0,nan,0,nan,0,nan,0,nan,0
1597988387255126016,1597988387000001024,2020-08-21 13:39:47.000001,1921.0,1926.0,1898.0,1907.0,nan,1913.0,711417,13609407210.0,900986,1922.0,1058,1921.0,257,nan,0,nan,0,nan,0,nan,0,nan,0,nan,0,nan,0,nan,0
1597988387781139968,1597988388000000000,2020-08-21 13:39:48.000000,1921.0,1926.0,1898.0,1907.0,nan,1913.0,711423,13609521990.0,900991,1922.0,1058,1921.0,251,nan,0,nan,0,nan,0,nan,0,nan,0,nan,0,nan,0,nan,0
1597988388261666048,1597988388000001024,2020-08-21 13:39:48.000001,1921.0,1926.0,1898.0,1907.0,nan,1913.0,711425,13609560250.0,900991,1922.0,1060,1921.0,249,nan,0,nan,0,nan,0,nan,0,nan,0,nan,0,nan,0,nan,0
1597988388758260992,1597988389000000000,2020-08-21 13:39:49.000000,1921.0,1926.0,1898.0,1907.0,nan,1913.0,711430,13609655900.0,900991,1922.0,1062,1921.0,244,nan,0,nan,0,nan,0,nan,0,nan,0,nan,0,nan,0,nan,0
1597988390271714048,1597988390000001024,2020-08-21 13:39:50.000001,1921.0,1926.0,1898.0,1907.0,nan,1913.0,711434,13609732420.0,900992,1922.0,1060,1921.0,242,nan,0,nan,0,nan,0,nan,0,nan,0,nan,0,nan,0,nan,0
1597988390757895936,1597988391000000000,2020-08-21 13:39:51.000000,1921.0,1926.0,1898.0,1907.0,nan,1913.0,711534,13611645420.0,901047,1922.0,1060,1921.0,156,nan,0,nan,0,nan,0,nan,0,nan,0,nan,0,nan,0,nan,0
1597988391274309120,1597988391000001024,2020-08-21 13:39:51.000001,1921.0,1926.0,1898.0,1907.0,nan,1913.0,711779,13616332270.0,900878,1921.0,94,1920.0,908,nan,0,nan,0,nan,0,nan,0,nan,0,nan,0,nan,0,nan,0
1597988391795725056,1597988392000000000,2020-08-21 13:39:52.000000,1920.0,1926.0,1898.0,1907.0,nan,1913.0,711795,13616638350.0,900873,1921.0,98,1920.0,905,nan,0,nan,0,nan,0,nan,0,nan,0,nan,0,nan,0,nan,0
1597988392261987072,1597988392000001024,2020-08-21 13:39:52.000001,1920.0,1926.0,1898.0,1907.0,nan,1913.0,711802,13616772260.0,900867,1921.0,121,1920.0,901,nan,0,nan,0,nan,0,nan,0,nan,0,nan,0,nan,0,nan,0
1597988392757112064,1597988393000000000,2020-08-21 13:39:53.000000,1920.0,1926.0,1898.0,1907.0,nan,1913.0,711802,13616772260.0,900867,1921.0,132,1920.0,907,nan,0,nan,0,nan,0,nan,0,nan,0,nan,0,nan,0,nan,0
1597988393264546048,1597988393000001024,2020-08-21 13:39:53.000001,1921.0,1926.0,1898.0,1907.0,nan,1913.0,711898,13618608740.0,900866,1921.0,34,1920.0,907,nan,0,nan,0,nan,0,nan,0,nan,0,nan,0,nan,0,nan,0
1597988393759310080,1597988394000000000,2020-08-21 13:39:54.000000,1920.0,1926.0,1898.0,1907.0,nan,1913.0,711899,13618627870.0,900866,1921.0,34,1920.0,916,nan,0,nan,0,nan,0,nan,0,nan,0,nan,0,nan,0,nan,0
1597988394267142912,1597988394000001024,2020-08-21 13:39:54.000001,1920.0,1926.0,1898.0,1907.0,nan,1913.0,711901,13618666130.0,900864,1921.0,36,1920.0,914,nan,0,nan,0,nan,0,nan,0,nan,0,nan,0,nan,0,nan,0
1597988394795856896,1597988395000000000,2020-08-21 13:39:55.000000,1920.0,1926.0,1898.0,1907.0,nan,1913.0,711901,13618666130.0,900864,1921.0,38,1920.0,914,nan,0,nan,0,nan,0,nan,0,nan,0,nan,0,nan,0,nan,0
1597988395259590912,1597988395000001024,2020-08-21 13:39:55.000001,1920.0,1926.0,1898.0,1907.0,nan,1913.0,711901,13618666130.0,900864,1921.0,47,1920.0,914,nan,0,nan,0,nan,0,nan,0,nan,0,nan,0,nan,0,nan,0
1597988395784412928,1597988396000000000,2020-08-21 13:39:56.000000,1920.0,1926.0,1898.0,1907.0,nan,1913.0,711902,13618685260.0,900863,1921.0,48,1920.0,913,nan,0,nan,0,nan,0,nan,0,nan,0,nan,0,nan,0,nan,0
1597988396276720128,1597988396000001024,2020-08-21 13:39:56.000001,1920.0,1926.0,1898.0,1907.0,nan,1913.0,711902,13618685260.0,900863,1921.0,79,1920.0,915,nan,0,nan,0,nan,0,nan,0,nan,0,nan,0,nan,0,nan,0
1597988396769038080,1597988397000000000,2020-08-21 13:39:57.000000,1920.0,1926.0,1898.0,1907.0,nan,1913.0,711902,13618685260.0,900863,1921.0,51,1920.0,923,nan,0,nan,0,nan,0,nan,0,nan,0,nan,0,nan,0,nan,0
1597988397319688960,1597988397000001024,2020-08-21 13:39:57.000001,1920.0,1926.0,1898.0,1907.0,nan,1913.0,711903,13618704390.0,900862,1921.0,66,1920.0,922,nan,0,nan,0,nan,0,nan,0,nan,0,nan,0,nan,0,nan,0
1597988397899419904,1597988398000000000,2020-08-21 13:39:58.000000,1921.0,1926.0,1898.0,1907.0,nan,1913.0,711923,13619086990.0,900862,1921.0,46,1920.0,920,nan,0,nan,0,nan,0,nan,0,nan,0,nan,0,nan,0,nan,0
1597988398267909120,1597988398000001024,2020-08-21 13:39:58.000001,1921.0,1926.0,1898.0,1907.0,nan,1913.0,711924,13619106120.0,900862,1921.0,45,1920.0,921,nan,0,nan,0,nan,0,nan,0,nan,0,nan,0,nan,0,nan,0
1597988398762618112,1597988399000000000,2020-08-21 13:39:59.000000,1921.0,1926.0,1898.0,1907.0,nan,1913.0,711969,13619966970.0,900876,1921.0,2,1920.0,931,nan,0,nan,0,nan,0,nan,0,nan,0,nan,0,nan,0,nan,0
1597988399271470080,1597988399000001024,2020-08-21 13:39:59.000001,1921.0,1926.0,1898.0,1907.0,nan,1913.0,711973,13620043490.0,900875,1921.0,92,1920.0,938,nan,0,nan,0,nan,0,nan,0,nan,0,nan,0,nan,0,nan,0
1597988399837029888,1597988400000000000,2020-08-21 13:40:00.000000,1921.0,1926.0,1898.0,1907.0,nan,1913.0,711977,13620120010.0,900876,1921.0,89,1920.0,948,nan,0,nan,0,nan,0,nan,0,nan,0,nan,0,nan,0,nan,0
1597988400280099072,1597988400000001024,2020-08-21 13:40:00.000001,1920.0,1926.0,1898.0,1907.0,nan,1913.0,712029,13621114770.0,900836,1921.0,94,1920.0,896,nan,0,nan,0,nan,0,nan,0,nan,0,nan,0,nan,0,nan,0
1597988400782025984,1597988401000000000,2020-08-21 13:40:01.000000,1920.0,1926.0,1898.0,1907.0,nan,1913.0,712031,13621153030.0,900834,1921.0,71,1920.0,895,nan,0,nan,0,nan,0,nan,0,nan,0,nan,0,nan,0,nan,0
1597988401268912896,1597988401000001024,2020-08-21 13:40:01.000001,1921.0,1926.0,1898.0,1907.0,nan,1913.0,712045,13621420850.0,900828,1921.0,66,1920.0,890,nan,0,nan,0,nan,0,nan,0,nan,0,nan,0,nan,0,nan,0
1597988401792612096,1597988402000000000,2020-08-21 13:40:02.000000,1920.0,1926.0,1898.0,1907.0,nan,1913.0,712046,13621439980.0,900827,1921.0,154,1920.0,891,nan,0,nan,0,nan,0,nan,0,nan,0,nan,0,nan,0,nan,0
1597988402273712128,1597988402000001024,2020-08-21 13:40:02.000001,1921.0,1926.0,1898.0,1907.0,nan,1913.0,712047,13621459110.0,900828,1921.0,249,1920.0,923,nan,0,nan,0,nan,0,nan,0,nan,0,nan,0,nan,0,nan,0
1597988402765999104,1597988403000000000,2020-08-21 13:40:03.000000,1920.0,1926.0,1898.0,1907.0,nan,1913.0,712048,13621478240.0,900828,1921.0,191,1920.0,924,nan,0,nan,0,nan,0,nan,0,nan,0,nan,0,nan,0,nan,0
1597988403275566080,1597988403000001024,2020-08-21 13:40:03.000001,1920.0,1926.0,1898.0,1907.0,nan,1913.0,712048,13621478240.0,900828,1921.0,231,1920.0,924,nan,0,nan,0,nan,0,nan,0,nan,0,nan,0,nan,0,nan,0
1597988403761929984,1597988404000000000,2020-08-21 13:40:04.000000,1921.0,1926.0,1898.0,1907.0,nan,1913.0,712053,13621573890.0,900829,1921.0,349,1920.0,924,nan,0,nan,0,nan,0,nan,0,nan,0,nan,0,nan,0,nan,0
1597988404259472896,1597988404000001024,2020-08-21 13:40:04.000001,1920.0,1926.0,1898.0,1907.0,nan,1913.0,712054,13621593020.0,900828,1921.0,495,1920.0,874,nan,0,nan,0,nan,0,nan,0,nan,0,nan,0,nan,0,nan,0
1597988404760679936,1597988405000000000,2020-08-21 13:40:05.000000,1921.0,1926.0,1898.0,1907.0,nan,1913.0,712055,13621612150.0,900829,1921.0,496,1920.0,876,nan,0,nan,0,nan,0,nan,0,nan,0,nan,0,nan,0,nan,0
1597988405271312896,1597988405000001024,2020-08-21 13:40:05.000001,1920.0,1926.0,1898.0,1907.0,nan,1913.0,712088,13622243440.0,900831,1921.0,493,1920.0,846,nan,0,nan,0,nan,0,nan,0,nan,0,nan,0,nan,0,nan,0
1597988405760926976,1597988406000000000,2020-08-21 13:40:06.000000,1920.0,1926.0,1898.0,1907.0,nan,1913.0,712093,13622339090.0,900826,1921.0,512,1920.0,846,nan,0,nan,0,nan,0,nan,0,nan,0,nan,0,nan,0,nan,0
1597988406268994048,1597988406000001024,2020-08-21 13:40:06.000001,1920.0,1926.0,1898.0,1907.0,nan,1913.0,712094,13622358220.0,900826,1921.0,515,1920.0,845,nan,0,nan,0,nan,0,nan,0,nan,0,nan,0,nan,0,nan,0
1597988406768289024,1597988407000000000,2020-08-21 13:40:07.000000,1920.0,1926.0,1898.0,1907.0,nan,1913.0,712094,13622358220.0,900826,1921.0,516,1920.0,845,nan,0,nan,0,nan,0,nan,0,nan,0,nan,0,nan,0,nan,0
1597988407267676928,1597988407000001024,2020-08-21 13:40:07.000001,1920.0,1926.0,1898.0,1907.0,nan,1913.0,712095,13622377350.0,900826,1921.0,525,1920.0,847,nan,0,nan,0,nan,0,nan,0,nan,0,nan,0,nan,0,nan,0
1597988407762497024,1597988408000000000,2020-08-21 13:40:08.000000,1920.0,1926.0,1898.0,1907.0,nan,1913.0,712096,13622396480.0,900826,1921.0,528,1920.0,846,nan,0,nan,0,nan,0,nan,0,nan,0,nan,0,nan,0,nan,0
1597988408265076992,1597988408000001024,2020-08-21 13:40:08.000001,1920.0,1926.0,1898.0,1907.0,nan,1913.0,712096,13622396480.0,900826,1921.0,529,1920.0,846,nan,0,nan,0,nan,0,nan,0,nan,0,nan,0,nan,0,nan,0
1597988408793036032,1597988409000000000,2020-08-21 13:40:09.000000,1920.0,1926.0,1898.0,1907.0,nan,1913.0,712100,13622473000.0,900824,1921.0,534,1920.0,841,nan,0,nan,0,nan,0,nan,0,nan,0,nan,0,nan,0,nan,0
1597988409280474112,1597988409000001024,2020-08-21 13:40:09.000001,1920.0,1926.0,1898.0,1907.0,nan,1913.0,712101,13622492130.0,900823,1921.0,542,1920.0,856,nan,0,nan,0,nan,0,nan,0,nan,0,nan,0,nan,0,nan,0
1597988409766343936,1597988410000000000,2020-08-21 13:40:10.000000,1920.0,1926.0,1898.0,1907.0,nan,1913.0,712102,13622511260.0,900822,1921.0,562,1920.0,855,nan,0,nan,0,nan,0,nan,0,nan,0,nan,0,nan,0,nan,0
1597988410266146048,1597988410000001024,2020-08-21 13:40:10.000001,1920.0,1926.0,1898.0,1907.0,nan,1913.0,712102,13622511260.0,900822,1921.0,569,1920.0,855,nan,0,nan,0,nan,0,nan,0,nan,0,nan,0,nan,0,nan,0
1597988410790098944,1597988411000000000,2020-08-21 13:40:11.000000,1921.0,1926.0,1898.0,1907.0,nan,1913.0,712121,13622874730.0,900841,1921.0,551,1920.0,929,nan,0,nan,0,nan,0,nan,0,nan,0,nan,0,nan,0,nan,0
1597988411268616960,1597988411000001024,2020-08-21 13:40:11.000001,1920.0,1926.0,1898.0,1907.0,nan,1913.0,712122,13622893860.0,900840,1921.0,551,1920.0,928,nan,0,nan,0,nan,0,nan,0,nan,0,nan,0,nan,0,nan,0
1597988411797349888,1597988412000000000,2020-08-21 13:40:12.000000,1921.0,1926.0,1898.0,1907.0,nan,1913.0,712123,13622912990.0,900841,1921.0,558,1920.0,928,nan,0,nan,0,nan,0,nan,0,nan,0,nan,0,nan,0,nan,0
1597988412267200000,1597988412000001024,2020-08-21 13:40:12.000001,1920.0,1926.0,1898.0,1907.0,nan,1913.0,712124,13622932120.0,900840,1921.0,562,1920.0,929,nan,0,nan,0,nan,0,nan,0,nan,0,nan,0,nan,0,nan,0
1597988412766722048,1597988413000000000,2020-08-21 13:40:13.000000,1921.0,1926.0,1898.0,1907.0,nan,1913.0,712132,13623085160.0,900840,1921.0,557,1920.0,929,nan,0,nan,0,nan,0,nan,0,nan,0,nan,0,nan,0,nan,0
1597988413266574080,1597988413000001024,2020-08-21 13:40:13.000001,1921.0,1926.0,1898.0,1907.0,nan,1913.0,712134,13623123420.0,900841,1921.0,557,1920.0,929,nan,0,nan,0,nan,0,nan,0,nan,0,nan,0,nan,0,nan,0
1597988413792395008,1597988414000000000,2020-08-21 13:40:14.000000,1920.0,1926.0,1898.0,1907.0,nan,1913.0,712139,13623219070.0,900840,1921.0,575,1920.0,937,nan,0,nan,0,nan,0,nan,0,nan,0,nan,0,nan,0,nan,0
1597988414267241984,1597988414000001024,2020-08-21 13:40:14.000001,1920.0,1926.0,1898.0,1907.0,nan,1913.0,712139,13623219070.0,900840,1921.0,575,1920.0,939,nan,0,nan,0,nan,0,nan,0,nan,0,nan,0,nan,0,nan,0
1597988414806944000,1597988415000000000,2020-08-21 13:40:15.000000,1920.0,1926.0,1898.0,1907.0,nan,1913.0,712139,13623219070.0,900840,1921.0,595,1920.0,939,nan,0,nan,0,nan,0,nan,0,nan,0,nan,0,nan,0,nan,0
1597988415283322112,1597988415000001024,2020-08-21 13:40:15.000001,1920.0,1926.0,1898.0,1907.0,nan,1913.0,712139,13623219070.0,900840,1921.0,620,1920.0,940,nan,0,nan,0,nan,0,nan,0,nan,0,nan,0,nan,0,nan,0
1597988415798534912,1597988416000000000,2020-08-21 13:40:16.000000,1920.0,1926.0,1898.0,1907.0,nan,1913.0,712141,13623257330.0,900840,1921.0,620,1920.0,939,nan,0,nan,0,nan,0,nan,0,nan,0,nan,0,nan,0,nan,0
1597988416271710976,1597988416000001024,2020-08-21 13:40:16.000001,1920.0,1926.0,1898.0,1907.0,nan,1913.0,712187,13624137310.0,900880,1921.0,576,1920.0,927,nan,0,nan,0,nan,0,nan,0,nan,0,nan,0,nan,0,nan,0
1597988416769443072,1597988417000000000,2020-08-21 13:40:17.000000,1920.0,1926.0,1898.0,1907.0,nan,1913.0,712189,13624175570.0,900879,1921.0,577,1920.0,923,nan,0,nan,0,nan,0,nan,0,nan,0,nan,0,nan,0,nan,0
1597988417270598912,1597988417000001024,2020-08-21 13:40:17.000001,1920.0,1926.0,1898.0,1907.0,nan,1913.0,712189,13624175570.0,900879,1921.0,579,1920.0,924,nan,0,nan,0,nan,0,nan,0,nan,0,nan,0,nan,0,nan,0
1597988417813364992,1597988418000000000,2020-08-21 13:40:18.000000,1920.0,1926.0,1898.0,1907.0,nan,1913.0,712189,13624175570.0,900879,1921.0,579,1920.0,923,nan,0,nan,0,nan,0,nan,0,nan,0,nan,0,nan,0,nan,0
1597988418271844096,1597988418000001024,2020-08-21 13:40:18.000001,1920.0,1926.0,1898.0,1907.0,nan,1913.0,712195,13624290350.0,900878,1921.0,581,1920.0,918,nan,0,nan,0,nan,0,nan,0,nan,0,nan,0,nan,0,nan,0
1597988418803058944,1597988419000000000,2020-08-21 13:40:19.000000,1921.0,1926.0,1898.0,1907.0,nan,1913.0,712197,13624328610.0,900878,1921.0,584,1920.0,918,nan,0,nan,0,nan,0,nan,0,nan,0,nan,0,nan,0,nan,0
1597988419275552000,1597988419000001024,2020-08-21 13:40:19.000001,1921.0,1926.0,1898.0,1907.0,nan,1913.0,712202,13624424260.0,900883,1921.0,597,1920.0,928,nan,0,nan,0,nan,0,nan,0,nan,0,nan,0,nan,0,nan,0
1597988419801200128,1597988420000000000,2020-08-21 13:40:20.000000,1921.0,1926.0,1898.0,1907.0,nan,1913.0,712202,13624424260.0,900883,1921.0,592,1920.0,928,nan,0,nan,0,nan,0,nan,0,nan,0,nan,0,nan,0,nan,0
1597988420287937024,1597988420000001024,2020-08-21 13:40:20.000001,1920.0,1926.0,1898.0,1907.0,nan,1913.0,712207,13624519910.0,900878,1921.0,593,1920.0,974,nan,0,nan,0,nan,0,nan,0,nan,0,nan,0,nan,0,nan,0
1597988420765485056,1597988421000000000,2020-08-21 13:40:21.000000,1920.0,1926.0,1898.0,1907.0,nan,1913.0,712230,13624959900.0,900869,1921.0,614,1920.0,952,nan,0,nan,0,nan,0,nan,0,nan,0,nan,0,nan,0,nan,0
1597988421270589952,1597988421000001024,2020-08-21 13:40:21.000001,1920.0,1926.0,1898.0,1907.0,nan,1913.0,712230,13624959900.0,900869,1921.0,612,1920.0,922,nan,0,nan,0,nan,0,nan,0,nan,0,nan,0,nan,0,nan,0
1597988421796782080,1597988422000000000,2020-08-21 13:40:22.000000,1920.0,1926.0,1898.0,1907.0,nan,1913.0,712230,13624959900.0,900869,1921.0,629,1920.0,926,nan,0,nan,0,nan,0,nan,0,nan,0,nan,0,nan,0,nan,0
1597988422267224064,1597988422000001024,2020-08-21 13:40:22.000001,1920.0,1926.0,1898.0,1907.0,nan,1913.0,712241,13625170330.0,900872,1921.0,626,1920.0,928,nan,0,nan,0,nan,0,nan,0,nan,0,nan,0,nan,0,nan,0
1597988423274848000,1597988423000001024,2020-08-21 13:40:23.000001,1920.0,1926.0,1898.0,1907.0,nan,1913.0,712242,13625189460.0,900872,1921.0,596,1920.0,967,nan,0,nan,0,nan,0,nan,0,nan,0,nan,0,nan,0,nan,0
1597988423805956096,1597988424000000000,2020-08-21 13:40:24.000000,1920.0,1926.0,1898.0,1907.0,nan,1913.0,712277,13625859010.0,900898,1921.0,594,1920.0,945,nan,0,nan,0,nan,0,nan,0,nan,0,nan,0,nan,0,nan,0
1597988424274895872,1597988424000001024,2020-08-21 13:40:24.000001,1920.0,1926.0,1898.0,1907.0,nan,1913.0,712278,13625878140.0,900898,1921.0,603,1920.0,948,nan,0,nan,0,nan,0,nan,0,nan,0,nan,0,nan,0,nan,0
1597988424768007936,1597988425000000000,2020-08-21 13:40:25.000000,1920.0,1926.0,1898.0,1907.0,nan,1913.0,712278,13625878140.0,900898,1921.0,613,1920.0,948,nan,0,nan,0,nan,0,nan,0,nan,0,nan,0,nan,0,nan,0
1597988425267883008,1597988425000001024,2020-08-21 13:40:25.000001,1921.0,1926.0,1898.0,1907.0,nan,1913.0,712279,13625897270.0,900899,1921.0,613,1920.0,949,nan,0,nan,0,nan,0,nan,0,nan,0,nan,0,nan,0,nan,0
1597988425800681984,1597988426000000000,2020-08-21 13:40:26.000000,1921.0,1926.0,1898.0,1907.0,nan,1913.0,712281,13625935530.0,900901,1921.0,612,1920.0,950,nan,0,nan,0,nan,0,nan,0,nan,0,nan,0,nan,0,nan,0
1597988426301123072,1597988426000001024,2020-08-21 13:40:26.000001,1921.0,1926.0,1898.0,1907.0,nan,1913.0,712287,13626050310.0,900907,1921.0,612,1920.0,950,nan,0,nan,0,nan,0,nan,0,nan,0,nan,0,nan,0,nan,0
1597988426843372032,1597988427000000000,2020-08-21 13:40:27.000000,1920.0,1926.0,1898.0,1907.0,nan,1913.0,712301,13626318130.0,900904,1921.0,609,1920.0,947,nan,0,nan,0,nan,0,nan,0,nan,0,nan,0,nan,0,nan,0
1597988427273623040,1597988427000001024,2020-08-21 13:40:27.000001,1920.0,1926.0,1898.0,1907.0,nan,1913.0,712310,13626490300.0,900907,1921.0,610,1920.0,940,nan,0,nan,0,nan,0,nan,0,nan,0,nan,0,nan,0,nan,0
1597988427777613056,1597988428000000000,2020-08-21 13:40:28.000000,1920.0,1926.0,1898.0,1907.0,nan,1913.0,712317,13626624210.0,900907,1921.0,611,1920.0,934,nan,0,nan,0,nan,0,nan,0,nan,0,nan,0,nan,0,nan,0
1597988428276846080,1597988428000001024,2020-08-21 13:40:28.000001,1920.0,1926.0,1898.0,1907.0,nan,1913.0,712317,13626624210.0,900907,1921.0,713,1920.0,936,nan,0,nan,0,nan,0,nan,0,nan,0,nan,0,nan,0,nan,0
1597988428800957952,1597988429000000000,2020-08-21 13:40:29.000000,1921.0,1926.0,1898.0,1907.0,nan,1913.0,712318,13626643340.0,900908,1921.0,712,1920.0,966,nan,0,nan,0,nan,0,nan,0,nan,0,nan,0,nan,0,nan,0
1597988429275798016,1597988429000001024,2020-08-21 13:40:29.000001,1921.0,1926.0,1898.0,1907.0,nan,1913.0,712324,13626758120.0,900913,1921.0,714,1920.0,971,nan,0,nan,0,nan,0,nan,0,nan,0,nan,0,nan,0,nan,0
1597988430304544000,1597988430000001024,2020-08-21 13:40:30.000001,1920.0,1926.0,1898.0,1907.0,nan,1913.0,712326,13626796380.0,900913,1921.0,726,1920.0,970,nan,0,nan,0,nan,0,nan,0,nan,0,nan,0,nan,0,nan,0
1597988430780165888,1597988431000000000,2020-08-21 13:40:31.000000,1921.0,1926.0,1898.0,1907.0,nan,1913.0,712327,13626815510.0,900913,1921.0,725,1920.0,970,nan,0,nan,0,nan,0,nan,0,nan,0,nan,0,nan,0,nan,0
1597988431295929088,1597988431000001024,2020-08-21 13:40:31.000001,1921.0,1926.0,1898.0,1907.0,nan,1913.0,712328,13626834640.0,900914,1921.0,729,1920.0,971,nan,0,nan,0,nan,0,nan,0,nan,0,nan,0,nan,0,nan,0
1597988431817423872,1597988432000000000,2020-08-21 13:40:32.000000,1921.0,1926.0,1898.0,1907.0,nan,1913.0,712334,13626949420.0,900919,1921.0,729,1920.0,966,nan,0,nan,0,nan,0,nan,0,nan,0,nan,0,nan,0,nan,0
1597988432274881024,1597988432000001024,2020-08-21 13:40:32.000001,1920.0,1926.0,1898.0,1907.0,nan,1913.0,712336,13626987680.0,900921,1921.0,734,1920.0,964,nan,0,nan,0,nan,0,nan,0,nan,0,nan,0,nan,0,nan,0
1597988432783888896,1597988433000000000,2020-08-21 13:40:33.000000,1921.0,1926.0,1898.0,1907.0,nan,1913.0,712337,13627006810.0,900922,1921.0,736,1920.0,962,nan,0,nan,0,nan,0,nan,0,nan,0,nan,0,nan,0,nan,0
1597988433280813056,1597988433000001024,2020-08-21 13:40:33.000001,1920.0,1926.0,1898.0,1907.0,nan,1913.0,712339,13627045070.0,900922,1921.0,739,1920.0,961,nan,0,nan,0,nan,0,nan,0,nan,0,nan,0,nan,0,nan,0
1597988433812794880,1597988434000000000,2020-08-21 13:40:34.000000,1921.0,1926.0,1898.0,1907.0,nan,1913.0,712343,13627121590.0,900923,1921.0,745,1920.0,966,nan,0,nan,0,nan,0,nan,0,nan,0,nan,0,nan,0,nan,0
1597988434281276928,1597988434000001024,2020-08-21 13:40:34.000001,1921.0,1926.0,1898.0,1907.0,nan,1913.0,712343,13627121590.0,900923,1921.0,747,1920.0,966,nan,0,nan,0,nan,0,nan,0,nan,0,nan,0,nan,0,nan,0
1597988434783545088,1597988435000000000,2020-08-21 13:40:35.000000,1920.0,1926.0,1898.0,1907.0,nan,1913.0,712344,13627140720.0,900923,1921.0,747,1920.0,965,nan,0,nan,0,nan,0,nan,0,nan,0,nan,0,nan,0,nan,0
1597988435297928960,1597988435000001024,2020-08-21 13:40:35.000001,1920.0,1926.0,1898.0,1907.0,nan,1913.0,712344,13627140720.0,900923,1921.0,771,1920.0,965,nan,0,nan,0,nan,0,nan,0,nan,0,nan,0,nan,0,nan,0
1597988435776730880,1597988436000000000,2020-08-21 13:40:36.000000,1920.0,1926.0,1898.0,1907.0,nan,1913.0,712346,13627178980.0,900923,1921.0,780,1920.0,963,nan,0,nan,0,nan,0,nan,0,nan,0,nan,0,nan,0,nan,0
1597988436284759040,1597988436000001024,2020-08-21 13:40:36.000001,1920.0,1926.0,1898.0,1907.0,nan,1913.0,712346,13627178980.0,900923,1921.0,781,1920.0,964,nan,0,nan,0,nan,0,nan,0,nan,0,nan,0,nan,0,nan,0
1597988436812499968,1597988437000000000,2020-08-21 13:40:37.000000,1921.0,1926.0,1898.0,1907.0,nan,1913.0,712347,13627198110.0,900924,1921.0,782,1920.0,964,nan,0,nan,0,nan,0,nan,0,nan,0,nan,0,nan,0,nan,0
1597988437332361984,1597988437000001024,2020-08-21 13:40:37.000001,1920.0,1926.0,1898.0,1907.0,nan,1913.0,712354,13627332020.0,900928,1921.0,779,1920.0,962,nan,0,nan,0,nan,0,nan,0,nan,0,nan,0,nan,0,nan,0
1597988437806628096,1597988438000000000,2020-08-21 13:40:38.000000,1921.0,1926.0,1898.0,1907.0,nan,1913.0,712355,13627351150.0,900929,1921.0,778,1920.0,962,nan,0,nan,0,nan,0,nan,0,nan,0,nan,0,nan,0,nan,0
1597988438283094016,1597988438000001024,2020-08-21 13:40:38.000001,1921.0,1926.0,1898.0,1907.0,nan,1913.0,712356,13627370280.0,900929,1921.0,705,1920.0,962,nan,0,nan,0,nan,0,nan,0,nan,0,nan,0,nan,0,nan,0
1597988438817726976,1597988439000000000,2020-08-21 13:40:39.000000,1921.0,1926.0,1898.0,1907.0,nan,1913.0,712356,13627370280.0,900929,1921.0,585,1920.0,962,nan,0,nan,0,nan,0,nan,0,nan,0,nan,0,nan,0,nan,0
1597988439280909056,1597988439000001024,2020-08-21 13:40:39.000001,1921.0,1926.0,1898.0,1907.0,nan,1913.0,712356,13627370280.0,900929,1921.0,597,1920.0,961,nan,0,nan,0,nan,0,nan,0,nan,0,nan,0,nan,0,nan,0
1597988439781486080,1597988440000000000,2020-08-21 13:40:40.000000,1921.0,1926.0,1898.0,1907.0,nan,1913.0,712356,13627370280.0,900929,1921.0,603,1920.0,961,nan,0,nan,0,nan,0,nan,0,nan,0,nan,0,nan,0,nan,0
1597988440284006912,1597988440000001024,2020-08-21 13:40:40.000001,1920.0,1926.0,1898.0,1907.0,nan,1913.0,712357,13627389410.0,900929,1921.0,605,1920.0,960,nan,0,nan,0,nan,0,nan,0,nan,0,nan,0,nan,0,nan,0
1597988441289189888,1597988441000001024,2020-08-21 13:40:41.000001,1920.0,1926.0,1898.0,1907.0,nan,1913.0,712359,13627427670.0,900930,1921.0,650,1920.0,958,nan,0,nan,0,nan,0,nan,0,nan,0,nan,0,nan,0,nan,0
1597988441799365120,1597988442000000000,2020-08-21 13:40:42.000000,1920.0,1926.0,1898.0,1907.0,nan,1913.0,712362,13627485060.0,900930,1921.0,646,1920.0,955,nan,0,nan,0,nan,0,nan,0,nan,0,nan,0,nan,0,nan,0
1597988442302164992,1597988442000001024,2020-08-21 13:40:42.000001,1920.0,1926.0,1898.0,1907.0,nan,1913.0,712362,13627485060.0,900930,1921.0,649,1920.0,957,nan,0,nan,0,nan,0,nan,0,nan,0,nan,0,nan,0,nan,0
1597988442790996992,1597988443000000000,2020-08-21 13:40:43.000000,1921.0,1926.0,1898.0,1907.0,nan,1913.0,712363,13627504190.0,900931,1921.0,649,1920.0,958,nan,0,nan,0,nan,0,nan,0,nan,0,nan,0,nan,0,nan,0
1597988443282752000,1597988443000001024,2020-08-21 13:40:43.000001,1920.0,1926.0,1898.0,1907.0,nan,1913.0,712367,13627580710.0,900932,1921.0,657,1920.0,962,nan,0,nan,0,nan,0,nan,0,nan,0,nan,0,nan,0,nan,0
1597988443778742016,1597988444000000000,2020-08-21 13:40:44.000000,1921.0,1926.0,1898.0,1907.0,nan,1913.0,712370,13627638100.0,900932,1921.0,685,1920.0,961,nan,0,nan,0,nan,0,nan,0,nan,0,nan,0,nan,0,nan,0
1597988444781678080,1597988445000000000,2020-08-21 13:40:45.000000,1920.0,1926.0,1898.0,1907.0,nan,1913.0,712371,13627657230.0,900933,1921.0,686,1920.0,960,nan,0,nan,0,nan,0,nan,0,nan,0,nan,0,nan,0,nan,0
1597988445293327872,1597988445000001024,2020-08-21 13:40:45.000001,1920.0,1926.0,1898.0,1907.0,nan,1913.0,712373,13627695490.0,900934,1921.0,685,1920.0,960,nan,0,nan,0,nan,0,nan,0,nan,0,nan,0,nan,0,nan,0
1597988445779194112,1597988446000000000,2020-08-21 13:40:46.000000,1920.0,1926.0,1898.0,1907.0,nan,1913.0,712373,13627695490.0,900934,1921.0,725,1920.0,971,nan,0,nan,0,nan,0,nan,0,nan,0,nan,0,nan,0,nan,0
1597988446273806080,1597988446000001024,2020-08-21 13:40:46.000001,1920.0,1926.0,1898.0,1907.0,nan,1913.0,712375,13627733750.0,900936,1921.0,725,1920.0,969,nan,0,nan,0,nan,0,nan,0,nan,0,nan,0,nan,0,nan,0
1597988446781338880,1597988447000000000,2020-08-21 13:40:47.000000,1920.0,1926.0,1898.0,1907.0,nan,1913.0,712375,13627733750.0,900936,1921.0,725,1920.0,970,nan,0,nan,0,nan,0,nan,0,nan,0,nan,0,nan,0,nan,0
1597988447281709056,1597988447000001024,2020-08-21 13:40:47.000001,1920.0,1926.0,1898.0,1907.0,nan,1913.0,713344,13646270720.0,901015,1920.0,138,1919.0,770,nan,0,nan,0,nan,0,nan,0,nan,0,nan,0,nan,0,nan,0
1597988447808185088,1597988448000000000,2020-08-21 13:40:48.000000,1920.0,1926.0,1898.0,1907.0,nan,1913.0,713461,13648508930.0,900995,1920.0,143,1919.0,814,nan,0,nan,0,nan,0,nan,0,nan,0,nan,0,nan,0,nan,0
1597988448287745024,1597988448000001024,2020-08-21 13:40:48.000001,1919.0,1926.0,1898.0,1907.0,nan,1913.0,713469,13648661970.0,900997,1920.0,173,1919.0,843,nan,0,nan,0,nan,0,nan,0,nan,0,nan,0,nan,0,nan,0
1597988448804903936,1597988449000000000,2020-08-21 13:40:49.000000,1919.0,1926.0,1898.0,1907.0,nan,1913.0,713475,13648776750.0,900999,1920.0,175,1919.0,851,nan,0,nan,0,nan,0,nan,0,nan,0,nan,0,nan,0,nan,0
1597988449290583040,1597988449000001024,2020-08-21 13:40:49.000001,1919.0,1926.0,1898.0,1907.0,nan,1913.0,713475,13648776750.0,900999,1920.0,175,1919.0,853,nan,0,nan,0,nan,0,nan,0,nan,0,nan,0,nan,0,nan,0
1597988449791322112,1597988450000000000,2020-08-21 13:40:50.000000,1920.0,1926.0,1898.0,1907.0,nan,1913.0,713476,13648795880.0,901000,1920.0,175,1919.0,843,nan,0,nan,0,nan,0,nan,0,nan,0,nan,0,nan,0,nan,0
1597988450287485952,1597988450000001024,2020-08-21 13:40:50.000001,1920.0,1926.0,1898.0,1907.0,nan,1913.0,713477,13648815010.0,901001,1920.0,174,1919.0,840,nan,0,nan,0,nan,0,nan,0,nan,0,nan,0,nan,0,nan,0
1597988450784265984,1597988451000000000,2020-08-21 13:40:51.000000,1920.0,1926.0,1898.0,1907.0,nan,1913.0,713487,13649006310.0,901001,1920.0,165,1919.0,848,nan,0,nan,0,nan,0,nan,0,nan,0,nan,0,nan,0,nan,0
1597988451288867072,1597988451000001024,2020-08-21 13:40:51.000001,1920.0,1926.0,1898.0,1907.0,nan,1913.0,713488,13649025440.0,901002,1920.0,169,1919.0,848,nan,0,nan,0,nan,0,nan,0,nan,0,nan,0,nan,0,nan,0
1597988451821629952,1597988452000000000,2020-08-21 13:40:52.000000,1920.0,1926.0,1898.0,1907.0,nan,1913.0,713489,13649044570.0,901003,1920.0,173,1919.0,852,nan,0,nan,0,nan,0,nan,0,nan,0,nan,0,nan,0,nan,0
1597988452287969024,1597988452000001024,2020-08-21 13:40:52.000001,1920.0,1926.0,1898.0,1907.0,nan,1913.0,713492,13649101960.0,901006,1920.0,174,1919.0,855,nan,0,nan,0,nan,0,nan,0,nan,0,nan,0,nan,0,nan,0
1597988452817516032,1597988453000000000,2020-08-21 13:40:53.000000,1920.0,1926.0,1898.0,1907.0,nan,1913.0,713684,13652774920.0,900865,1921.0,711,1920.0,112,nan,0,nan,0,nan,0,nan,0,nan,0,nan,0,nan,0,nan,0
1597988453298849024,1597988453000001024,2020-08-21 13:40:53.000001,1920.0,1926.0,1898.0,1907.0,nan,1913.0,713686,13652813180.0,900866,1921.0,708,1920.0,311,nan,0,nan,0,nan,0,nan,0,nan,0,nan,0,nan,0,nan,0
1597988453803930880,1597988454000000000,2020-08-21 13:40:54.000000,1920.0,1926.0,1898.0,1907.0,nan,1913.0,713690,13652889700.0,900866,1921.0,710,1920.0,312,nan,0,nan,0,nan,0,nan,0,nan,0,nan,0,nan,0,nan,0
1597988454283183104,1597988454000001024,2020-08-21 13:40:54.000001,1920.0,1926.0,1898.0,1907.0,nan,1913.0,713692,13652927960.0,900868,1921.0,703,1920.0,311,nan,0,nan,0,nan,0,nan,0,nan,0,nan,0,nan,0,nan,0
1597988454807265024,1597988455000000000,2020-08-21 13:40:55.000000,1920.0,1926.0,1898.0,1907.0,nan,1913.0,713693,13652947090.0,900868,1921.0,711,1920.0,310,nan,0,nan,0,nan,0,nan,0,nan,0,nan,0,nan,0,nan,0
1597988455325018880,1597988455000001024,2020-08-21 13:40:55.000001,1920.0,1926.0,1898.0,1907.0,nan,1913.0,713695,13652985350.0,900870,1921.0,711,1920.0,309,nan,0,nan,0,nan,0,nan,0,nan,0,nan,0,nan,0,nan,0
1597988455780417024,1597988456000000000,2020-08-21 13:40:56.000000,1920.0,1926.0,1898.0,1907.0,nan,1913.0,713731,13653674030.0,900881,1921.0,711,1920.0,213,nan,0,nan,0,nan,0,nan,0,nan,0,nan,0,nan,0,nan,0
1597988456284753920,1597988456000001024,2020-08-21 13:40:56.000001,1920.0,1926.0,1898.0,1907.0,nan,1913.0,713732,13653693160.0,900882,1921.0,743,1920.0,220,nan,0,nan,0,nan,0,nan,0,nan,0,nan,0,nan,0,nan,0
1597988456785980928,1597988457000000000,2020-08-21 13:40:57.000000,1920.0,1926.0,1898.0,1907.0,nan,1913.0,713736,13653769680.0,900883,1921.0,738,1920.0,216,nan,0,nan,0,nan,0,nan,0,nan,0,nan,0,nan,0,nan,0
1597988457279889920,1597988457000001024,2020-08-21 13:40:57.000001,1920.0,1926.0,1898.0,1907.0,nan,1913.0,713742,13653884460.0,900883,1921.0,637,1920.0,210,nan,0,nan,0,nan,0,nan,0,nan,0,nan,0,nan,0,nan,0
1597988457780404992,1597988458000000000,2020-08-21 13:40:58.000000,1921.0,1926.0,1898.0,1907.0,nan,1913.0,713759,13654209670.0,900888,1921.0,638,1920.0,202,nan,0,nan,0,nan,0,nan,0,nan,0,nan,0,nan,0,nan,0
1597988458286912000,1597988458000001024,2020-08-21 13:40:58.000001,1920.0,1926.0,1898.0,1907.0,nan,1913.0,713769,13654400970.0,900888,1921.0,638,1920.0,310,nan,0,nan,0,nan,0,nan,0,nan,0,nan,0,nan,0,nan,0
1597988458781942016,1597988459000000000,2020-08-21 13:40:59.000000,1920.0,1926.0,1898.0,1907.0,nan,1913.0,713771,13654439230.0,900889,1921.0,648,1920.0,371,nan,0,nan,0,nan,0,nan,0,nan,0,nan,0,nan,0,nan,0
1597988459283140096,1597988459000001024,2020-08-21 13:40:59.000001,1921.0,1926.0,1898.0,1907.0,nan,1913.0,713795,13654898350.0,900905,1921.0,622,1920.0,425,nan,0,nan,0,nan,0,nan,0,nan,0,nan,0,nan,0,nan,0
1597988459802722048,1597988460000000000,2020-08-21 13:41:00.000000,1920.0,1926.0,1898.0,1907.0,nan,1913.0,713800,13654994000.0,900906,1921.0,625,1920.0,447,nan,0,nan,0,nan,0,nan,0,nan,0,nan,0,nan,0,nan,0
1597988460293574912,1597988460000001024,2020-08-21 13:41:00.000001,1920.0,1926.0,1898.0,1907.0,nan,1913.0,713800,13654994000.0,900906,1921.0,626,1920.0,457,nan,0,nan,0,nan,0,nan,0,nan,0,nan,0,nan,0,nan,0
1597988460812325888,1597988461000000000,2020-08-21 13:41:01.000000,1920.0,1926.0,1898.0,1907.0,nan,1913.0,714281,13664195530.0,900731,1921.0,624,1919.0,847,nan,0,nan,0,nan,0,nan,0,nan,0,nan,0,nan,0,nan,0
1597988461289400064,1597988461000001024,2020-08-21 13:41:01.000001,1920.0,1926.0,1898.0,1907.0,nan,1913.0,714334,13665209420.0,900784,1920.0,392,1919.0,847,nan,0,nan,0,nan,0,nan,0,nan,0,nan,0,nan,0,nan,0
1597988461816926976,1597988462000000000,2020-08-21 13:41:02.000000,1920.0,1926.0,1898.0,1907.0,nan,1913.0,714437,13667179810.0,900887,1920.0,275,1919.0,883,nan,0,nan,0,nan,0,nan,0,nan,0,nan,0,nan,0,nan,0
1597988462794277120,1597988463000000000,2020-08-21 13:41:03.000000,1920.0,1926.0,1898.0,1907.0,nan,1913.0,714439,13667218070.0,900889,1920.0,278,1919.0,871,nan,0,nan,0,nan,0,nan,0,nan,0,nan,0,nan,0,nan,0
1597988463301305088,1597988463000001024,2020-08-21 13:41:03.000001,1919.0,1926.0,1898.0,1907.0,nan,1913.0,714440,13667237200.0,900890,1920.0,279,1919.0,881,nan,0,nan,0,nan,0,nan,0,nan,0,nan,0,nan,0,nan,0
1597988463796520960,1597988464000000000,2020-08-21 13:41:04.000000,1920.0,1926.0,1898.0,1907.0,nan,1913.0,714446,13667351980.0,900893,1920.0,274,1919.0,886,nan,0,nan,0,nan,0,nan,0,nan,0,nan,0,nan,0,nan,0
1597988464287496960,1597988464000001024,2020-08-21 13:41:04.000001,1919.0,1926.0,1898.0,1907.0,nan,1913.0,714447,13667371110.0,900893,1920.0,295,1919.0,888,nan,0,nan,0,nan,0,nan,0,nan,0,nan,0,nan,0,nan,0
1597988464794097920,1597988465000000000,2020-08-21 13:41:05.000000,1919.0,1926.0,1898.0,1907.0,nan,1913.0,714447,13667371110.0,900893,1920.0,295,1919.0,889,nan,0,nan,0,nan,0,nan,0,nan,0,nan,0,nan,0,nan,0
1597988465287077888,1597988465000001024,2020-08-21 13:41:05.000001,1920.0,1926.0,1898.0,1907.0,nan,1913.0,714448,13667390240.0,900894,1920.0,334,1919.0,890,nan,0,nan,0,nan,0,nan,0,nan,0,nan,0,nan,0,nan,0
1597988466291610112,1597988466000001024,2020-08-21 13:41:06.000001,1920.0,1926.0,1898.0,1907.0,nan,1913.0,714448,13667390240.0,900894,1920.0,390,1919.0,891,nan,0,nan,0,nan,0,nan,0,nan,0,nan,0,nan,0,nan,0
1597988466788627968,1597988467000000000,2020-08-21 13:41:07.000000,1919.0,1926.0,1898.0,1907.0,nan,1913.0,714449,13667409370.0,900895,1920.0,390,1919.0,882,nan,0,nan,0,nan,0,nan,0,nan,0,nan,0,nan,0,nan,0
1597988467292781056,1597988467000001024,2020-08-21 13:41:07.000001,1920.0,1926.0,1898.0,1907.0,nan,1913.0,714451,13667447630.0,900896,1920.0,340,1919.0,846,nan,0,nan,0,nan,0,nan,0,nan,0,nan,0,nan,0,nan,0
1597988468290978048,1597988468000001024,2020-08-21 13:41:08.000001,1920.0,1926.0,1898.0,1907.0,nan,1913.0,714451,13667447630.0,900896,1920.0,513,1919.0,846,nan,0,nan,0,nan,0,nan,0,nan,0,nan,0,nan,0,nan,0
1597988468828151040,1597988469000000000,2020-08-21 13:41:09.000000,1920.0,1926.0,1898.0,1907.0,nan,1913.0,714456,13667543280.0,900896,1920.0,635,1919.0,671,nan,0,nan,0,nan,0,nan,0,nan,0,nan,0,nan,0,nan,0
1597988469291336960,1597988469000001024,2020-08-21 13:41:09.000001,1920.0,1926.0,1898.0,1907.0,nan,1913.0,714459,13667600670.0,900898,1920.0,637,1919.0,579,nan,0,nan,0,nan,0,nan,0,nan,0,nan,0,nan,0,nan,0
1597988470314387968,1597988470000001024,2020-08-21 13:41:10.000001,1920.0,1926.0,1898.0,1907.0,nan,1913.0,714459,13667600670.0,900898,1920.0,637,1919.0,581,nan,0,nan,0,nan,0,nan,0,nan,0,nan,0,nan,0,nan,0
1597988470818557952,1597988471000000000,2020-08-21 13:41:11.000000,1920.0,1926.0,1898.0,1907.0,nan,1913.0,714459,13667600670.0,900898,1920.0,638,1919.0,583,nan,0,nan,0,nan,0,nan,0,nan,0,nan,0,nan,0,nan,0
1597988471300091904,1597988471000001024,2020-08-21 13:41:11.000001,1920.0,1926.0,1898.0,1907.0,nan,1913.0,714463,13667677190.0,900902,1920.0,634,1919.0,583,nan,0,nan,0,nan,0,nan,0,nan,0,nan,0,nan,0,nan,0
1597988471794833920,1597988472000000000,2020-08-21 13:41:12.000000,1919.0,1926.0,1898.0,1907.0,nan,1913.0,714471,13667830230.0,900902,1920.0,635,1919.0,588,nan,0,nan,0,nan,0,nan,0,nan,0,nan,0,nan,0,nan,0
1597988472299398912,1597988472000001024,2020-08-21 13:41:12.000001,1920.0,1926.0,1898.0,1907.0,nan,1913.0,714472,13667849360.0,900903,1920.0,634,1919.0,589,nan,0,nan,0,nan,0,nan,0,nan,0,nan,0,nan,0,nan,0
1597988472829168128,1597988473000000000,2020-08-21 13:41:13.000000,1919.0,1926.0,1898.0,1907.0,nan,1913.0,714474,13667887620.0,900903,1920.0,635,1919.0,589,nan,0,nan,0,nan,0,nan,0,nan,0,nan,0,nan,0,nan,0
1597988473316044032,1597988473000001024,2020-08-21 13:41:13.000001,1919.0,1926.0,1898.0,1907.0,nan,1913.0,714475,13667906750.0,900903,1920.0,635,1919.0,588,nan,0,nan,0,nan,0,nan,0,nan,0,nan,0,nan,0,nan,0
1597988473789989888,1597988474000000000,2020-08-21 13:41:14.000000,1920.0,1926.0,1898.0,1907.0,nan,1913.0,714479,13667983270.0,900904,1920.0,636,1919.0,589,nan,0,nan,0,nan,0,nan,0,nan,0,nan,0,nan,0,nan,0
1597988474292051968,1597988474000001024,2020-08-21 13:41:14.000001,1919.0,1926.0,1898.0,1907.0,nan,1913.0,714480,13668002400.0,900904,1920.0,637,1919.0,588,nan,0,nan,0,nan,0,nan,0,nan,0,nan,0,nan,0,nan,0
1597988474787625984,1597988475000000000,2020-08-21 13:41:15.000000,1919.0,1926.0,1898.0,1907.0,nan,1913.0,714480,13668002400.0,900904,1920.0,638,1919.0,588,nan,0,nan,0,nan,0,nan,0,nan,0,nan,0,nan,0,nan,0
1597988475292459008,1597988475000001024,2020-08-21 13:41:15.000001,1919.0,1926.0,1898.0,1907.0,nan,1913.0,714480,13668002400.0,900904,1920.0,639,1919.0,590,nan,0,nan,0,nan,0,nan,0,nan,0,nan,0,nan,0,nan,0
1597988475789358080,1597988476000000000,2020-08-21 13:41:16.000000,1919.0,1926.0,1898.0,1907.0,nan,1913.0,714480,13668002400.0,900904,1920.0,656,1919.0,588,nan,0,nan,0,nan,0,nan,0,nan,0,nan,0,nan,0,nan,0
1597988476297072128,1597988476000001024,2020-08-21 13:41:16.000001,1919.0,1926.0,1898.0,1907.0,nan,1913.0,714544,13669226720.0,900967,1920.0,662,1919.0,524,nan,0,nan,0,nan,0,nan,0,nan,0,nan,0,nan,0,nan,0
1597988476792934912,1597988477000000000,2020-08-21 13:41:17.000000,1919.0,1926.0,1898.0,1907.0,nan,1913.0,714544,13669226720.0,900967,1920.0,663,1919.0,525,nan,0,nan,0,nan,0,nan,0,nan,0,nan,0,nan,0,nan,0
1597988477293044992,1597988477000001024,2020-08-21 13:41:17.000001,1919.0,1926.0,1898.0,1907.0,nan,1913.0,714554,13669418020.0,900977,1920.0,664,1919.0,520,nan,0,nan,0,nan,0,nan,0,nan,0,nan,0,nan,0,nan,0
1597988477793648896,1597988478000000000,2020-08-21 13:41:18.000000,1919.0,1926.0,1898.0,1907.0,nan,1913.0,714554,13669418020.0,900977,1920.0,705,1919.0,520,nan,0,nan,0,nan,0,nan,0,nan,0,nan,0,nan,0,nan,0
1597988478299707904,1597988478000001024,2020-08-21 13:41:18.000001,1919.0,1926.0,1898.0,1907.0,nan,1913.0,714557,13669475410.0,900977,1920.0,705,1919.0,519,nan,0,nan,0,nan,0,nan,0,nan,0,nan,0,nan,0,nan,0
1597988478790639104,1597988479000000000,2020-08-21 13:41:19.000000,1920.0,1926.0,1898.0,1907.0,nan,1913.0,714569,13669704970.0,900987,1920.0,695,1919.0,467,nan,0,nan,0,nan,0,nan,0,nan,0,nan,0,nan,0,nan,0
1597988479318781952,1597988479000001024,2020-08-21 13:41:19.000001,1920.0,1926.0,1898.0,1907.0,nan,1913.0,714572,13669762360.0,900989,1920.0,694,1919.0,467,nan,0,nan,0,nan,0,nan,0,nan,0,nan,0,nan,0,nan,0
1597988479790046976,1597988480000000000,2020-08-21 13:41:20.000000,1920.0,1926.0,1898.0,1907.0,nan,1913.0,714574,13669800620.0,900991,1920.0,693,1919.0,465,nan,0,nan,0,nan,0,nan,0,nan,0,nan,0,nan,0,nan,0
1597988480296112896,1597988480000001024,2020-08-21 13:41:20.000001,1919.0,1926.0,1898.0,1907.0,nan,1913.0,714577,13669858010.0,900991,1920.0,694,1919.0,472,nan,0,nan,0,nan,0,nan,0,nan,0,nan,0,nan,0,nan,0
1597988480816209920,1597988481000000000,2020-08-21 13:41:21.000000,1919.0,1926.0,1898.0,1907.0,nan,1913.0,714634,13670948420.0,900977,1920.0,696,1919.0,415,nan,0,nan,0,nan,0,nan,0,nan,0,nan,0,nan,0,nan,0
1597988481840617984,1597988482000000000,2020-08-21 13:41:22.000000,1919.0,1926.0,1898.0,1907.0,nan,1913.0,714635,13670967550.0,900978,1920.0,698,1919.0,416,nan,0,nan,0,nan,0,nan,0,nan,0,nan,0,nan,0,nan,0
1597988482295309056,1597988482000001024,2020-08-21 13:41:22.000001,1919.0,1926.0,1898.0,1907.0,nan,1913.0,714640,13671063200.0,900978,1920.0,701,1919.0,407,nan,0,nan,0,nan,0,nan,0,nan,0,nan,0,nan,0,nan,0
1597988482830096896,1597988483000000000,2020-08-21 13:41:23.000000,1919.0,1926.0,1898.0,1907.0,nan,1913.0,714646,13671177980.0,900978,1920.0,702,1919.0,402,nan,0,nan,0,nan,0,nan,0,nan,0,nan,0,nan,0,nan,0
1597988483299034112,1597988483000001024,2020-08-21 13:41:23.000001,1919.0,1926.0,1898.0,1907.0,nan,1913.0,714675,13671732750.0,900985,1920.0,702,1919.0,379,nan,0,nan,0,nan,0,nan,0,nan,0,nan,0,nan,0,nan,0
1597988483800179968,1597988484000000000,2020-08-21 13:41:24.000000,1920.0,1926.0,1898.0,1907.0,nan,1913.0,714680,13671828400.0,900986,1920.0,698,1919.0,379,nan,0,nan,0,nan,0,nan,0,nan,0,nan,0,nan,0,nan,0
1597988484302151936,1597988484000001024,2020-08-21 13:41:24.000001,1920.0,1926.0,1898.0,1907.0,nan,1913.0,714680,13671828400.0,900986,1920.0,699,1919.0,378,nan,0,nan,0,nan,0,nan,0,nan,0,nan,0,nan,0,nan,0
1597988484807083008,1597988485000000000,2020-08-21 13:41:25.000000,1920.0,1926.0,1898.0,1907.0,nan,1913.0,714682,13671866660.0,900987,1920.0,693,1919.0,377,nan,0,nan,0,nan,0,nan,0,nan,0,nan,0,nan,0,nan,0
1597988485311730944,1597988485000001024,2020-08-21 13:41:25.000001,1919.0,1926.0,1898.0,1907.0,nan,1913.0,714693,13672077090.0,900986,1920.0,694,1919.0,367,nan,0,nan,0,nan,0,nan,0,nan,0,nan,0,nan,0,nan,0
1597988485825044992,1597988486000000000,2020-08-21 13:41:26.000000,1919.0,1926.0,1898.0,1907.0,nan,1913.0,714693,13672077090.0,900986,1920.0,701,1919.0,367,nan,0,nan,0,nan,0,nan,0,nan,0,nan,0,nan,0,nan,0
1597988486828839936,1597988487000000000,2020-08-21 13:41:27.000000,1919.0,1926.0,1898.0,1907.0,nan,1913.0,714694,13672096220.0,900986,1920.0,726,1919.0,367,nan,0,nan,0,nan,0,nan,0,nan,0,nan,0,nan,0,nan,0
1597988487302533120,1597988487000001024,2020-08-21 13:41:27.000001,1919.0,1926.0,1898.0,1907.0,nan,1913.0,714694,13672096220.0,900986,1920.0,725,1919.0,367,nan,0,nan,0,nan,0,nan,0,nan,0,nan,0,nan,0,nan,0
1597988487803278080,1597988488000000000,2020-08-21 13:41:28.000000,1920.0,1926.0,1898.0,1907.0,nan,1913.0,714695,13672115350.0,900986,1920.0,727,1919.0,368,nan,0,nan,0,nan,0,nan,0,nan,0,nan,0,nan,0,nan,0
1597988488306703104,1597988488000001024,2020-08-21 13:41:28.000001,1919.0,1926.0,1898.0,1907.0,nan,1913.0,714697,13672153610.0,900986,1920.0,726,1919.0,367,nan,0,nan,0,nan,0,nan,0,nan,0,nan,0,nan,0,nan,0
1597988488799045888,1597988489000000000,2020-08-21 13:41:29.000000,1919.0,1926.0,1898.0,1907.0,nan,1913.0,714699,13672191870.0,900988,1920.0,730,1919.0,390,nan,0,nan,0,nan,0,nan,0,nan,0,nan,0,nan,0,nan,0
1597988489302435072,1597988489000001024,2020-08-21 13:41:29.000001,1919.0,1926.0,1898.0,1907.0,nan,1913.0,714706,13672325780.0,900995,1920.0,730,1919.0,383,nan,0,nan,0,nan,0,nan,0,nan,0,nan,0,nan,0,nan,0
1597988490302845952,1597988490000001024,2020-08-21 13:41:30.000001,1919.0,1926.0,1898.0,1907.0,nan,1913.0,714727,13672727510.0,901011,1920.0,830,1919.0,363,nan,0,nan,0,nan,0,nan,0,nan,0,nan,0,nan,0,nan,0
1597988490806376960,1597988491000000000,2020-08-21 13:41:31.000000,1920.0,1926.0,1898.0,1907.0,nan,1913.0,714744,13673052720.0,901027,1920.0,815,1919.0,365,nan,0,nan,0,nan,0,nan,0,nan,0,nan,0,nan,0,nan,0
1597988491307117056,1597988491000001024,2020-08-21 13:41:31.000001,1920.0,1926.0,1898.0,1907.0,nan,1913.0,714744,13673052720.0,901027,1920.0,815,1919.0,367,nan,0,nan,0,nan,0,nan,0,nan,0,nan,0,nan,0,nan,0
1597988491806102016,1597988492000000000,2020-08-21 13:41:32.000000,1920.0,1926.0,1898.0,1907.0,nan,1913.0,714746,13673090980.0,901029,1920.0,814,1919.0,367,nan,0,nan,0,nan,0,nan,0,nan,0,nan,0,nan,0,nan,0
1597988492313170944,1597988492000001024,2020-08-21 13:41:32.000001,1919.0,1926.0,1898.0,1907.0,nan,1913.0,714752,13673205760.0,901027,1920.0,817,1919.0,361,nan,0,nan,0,nan,0,nan,0,nan,0,nan,0,nan,0,nan,0
1597988492805806080,1597988493000000000,2020-08-21 13:41:33.000000,1919.0,1926.0,1898.0,1907.0,nan,1913.0,714755,13673263150.0,901029,1920.0,818,1919.0,358,nan,0,nan,0,nan,0,nan,0,nan,0,nan,0,nan,0,nan,0
1597988493312015104,1597988493000001024,2020-08-21 13:41:33.000001,1919.0,1926.0,1898.0,1907.0,nan,1913.0,714758,13673320540.0,901032,1920.0,820,1919.0,355,nan,0,nan,0,nan,0,nan,0,nan,0,nan,0,nan,0,nan,0
