local_nano_time,quote_nano_time,datetime,last_price,highest,lowest,open,close,average,volume,amount,open_interest,ask_price1,ask_volume1,bid_price1,bid_volume1,ask_price2,ask_volume2,bid_price2,bid_volume2,ask_price3,ask_volume3,bid_price3,bid_volume3,ask_price4,ask_volume4,bid_price4,bid_volume4,ask_price5,ask_volume5,bid_price5,bid_volume5
1597988226336532992,1597988226875000064,2020-08-21 13:37:06.875000,2296.0,2318.0,2284.0,2310.0,nan,2297.0,498891,11463435960.0,1156860,2296.0,705,2295.0,2366,nan,0,nan,0,nan,0,nan,0,nan,0,nan,0,nan,0,nan,0
1597988226833460992,1597988227382999808,2020-08-21 13:37:07.383000,2296.0,2318.0,2284.0,2310.0,nan,2297.0,498891,11463435960.0,1156860,2296.0,455,2295.0,2366,nan,0,nan,0,nan,0,nan,0,nan,0,nan,0,nan,0,nan,0
1597988227335660032,1597988227920999936,2020-08-21 13:37:07.921000,2296.0,2318.0,2284.0,2310.0,nan,2297.0,498893,11463481880.0,1156860,2296.0,453,2295.0,2364,nan,0,nan,0,nan,0,nan,0,nan,0,nan,0,nan,0,nan,0
1597988228331710976,1597988228901999872,2020-08-21 13:37:08.902000,2296.0,2318.0,2284.0,2310.0,nan,2297.0,498894,11463504840.0,1156860,2296.0,452,2295.0,2364,nan,0,nan,0,nan,0,nan,0,nan,0,nan,0,nan,0,nan,0
1597988229329947904,1597988229887000064,2020-08-21 13:37:09.887000,2296.0,2318.0,2284.0,2310.0,nan,2297.0,498897,11463573720.0,1156858,2296.0,450,2295.0,2366,nan,0,nan,0,nan,0,nan,0,nan,0,nan,0,nan,0,nan,0
1597988229834968064,1597988230432000000,2020-08-21 13:37:10.432000,2295.0,2318.0,2284.0,2310.0,nan,2297.0,498905,11463757320.0,1156858,2296.0,751,2295.0,2365,nan,0,nan,0,nan,0,nan,0,nan,0,nan,0,nan,0,nan,0
1597988230334465024,1597988230868999936,2020-08-21 13:37:10.869000,2295.0,2318.0,2284.0,2310.0,nan,2297.0,498905,11463757320.0,1156858,2296.0,751,2295.0,2405,nan,0,nan,0,nan,0,nan,0,nan,0,nan,0,nan,0,nan,0
1597988231831984896,1597988232423000064,2020-08-21 13:37:12.423000,2296.0,2318.0,2284.0,2310.0,nan,2297.0,498906,11463780280.0,1156857,2296.0,751,2295.0,2405,nan,0,nan,0,nan,0,nan,0,nan,0,nan,0,nan,0,nan,0
1597988233334937088,1597988233912000000,2020-08-21 13:37:13.912000,2296.0,2318.0,2284.0,2310.0,nan,2297.0,498906,11463780280.0,1156857,2296.0,751,2295.0,2406,nan,0,nan,0,nan,0,nan,0,nan,0,nan,0,nan,0,nan,0
1597988234331693056,1597988234932000000,2020-08-21 13:37:14.932000,2296.0,2318.0,2284.0,2310.0,nan,2297.0,498906,11463780280.0,1156857,2296.0,751,2295.0,2407,nan,0,nan,0,nan,0,nan,0,nan,0,nan,0,nan,0,nan,0
1597988234841618944,1597988235413000192,2020-08-21 13:37:15.413000,2296.0,2318.0,2284.0,2310.0,nan,2297.0,498920,11464101720.0,1156856,2296.0,738,2295.0,2395,nan,0,nan,0,nan,0,nan,0,nan,0,nan,0,nan,0,nan,0
1597988235338667008,1597988235884999936,2020-08-21 13:37:15.885000,2296.0,2318.0,2284.0,2310.0,nan,2297.0,498921,11464124680.0,1156856,2296.0,738,2295.0,2395,nan,0,nan,0,nan,0,nan,0,nan,0,nan,0,nan,0,nan,0
1597988235939019008,1597988236432000000,2020-08-21 13:37:16.432000,2296.0,2318.0,2284.0,2310.0,nan,2297.0,498923,11464170600.0,1156856,2296.0,736,2295.0,2395,nan,0,nan,0,nan,0,nan,0,nan,0,nan,0,nan,0,nan,0
1597988236834548992,1597988237412000000,2020-08-21 13:37:17.412000,2296.0,2318.0,2284.0,2310.0,nan,2297.0,498924,11464193560.0,1156856,2296.0,735,2295.0,2395,nan,0,nan,0,nan,0,nan,0,nan,0,nan,0,nan,0,nan,0
1597988237331619072,1597988237934000128,2020-08-21 13:37:17.934000,2296.0,2318.0,2284.0,2310.0,nan,2297.0,498925,11464216520.0,1156856,2296.0,734,2295.0,2399,nan,0,nan,0,nan,0,nan,0,nan,0,nan,0,nan,0,nan,0
1597988238339328000,1597988238932000000,2020-08-21 13:37:18.932000,2296.0,2318.0,2284.0,2310.0,nan,2297.0,498925,11464216520.0,1156856,2296.0,740,2295.0,2399,nan,0,nan,0,nan,0,nan,0,nan,0,nan,0,nan,0,nan,0
1597988239334806016,1597988239932000000,2020-08-21 13:37:19.932000,2296.0,2318.0,2284.0,2310.0,nan,2297.0,498925,11464216520.0,1156856,2296.0,743,2295.0,2399,nan,0,nan,0,nan,0,nan,0,nan,0,nan,0,nan,0,nan,0
1597988239832344064,1597988240324000000,2020-08-21 13:37:20.324000,2295.0,2318.0,2284.0,2310.0,nan,2297.0,498926,11464239470.0,1156856,2296.0,743,2295.0,2398,nan,0,nan,0,nan,0,nan,0,nan,0,nan,0,nan,0,nan,0
1597988240836209920,1597988241423000064,2020-08-21 13:37:21.423000,2295.0,2318.0,2284.0,2310.0,nan,2297.0,498941,11464583720.0,1156856,2296.0,743,2295.0,2383,nan,0,nan,0,nan,0,nan,0,nan,0,nan,0,nan,0,nan,0
1597988241333978880,1597988241901999872,2020-08-21 13:37:21.902000,2295.0,2318.0,2284.0,2310.0,nan,2297.0,498945,11464675520.0,1156856,2296.0,744,2295.0,2379,nan,0,nan,0,nan,0,nan,0,nan,0,nan,0,nan,0,nan,0
1597988241836157952,1597988242423000064,2020-08-21 13:37:22.423000,2295.0,2318.0,2284.0,2310.0,nan,2297.0,498948,11464744390.0,1156855,2296.0,742,2295.0,2378,nan,0,nan,0,nan,0,nan,0,nan,0,nan,0,nan,0,nan,0
1597988242338696960,1597988242935000064,2020-08-21 13:37:22.935000,2296.0,2318.0,2284.0,2310.0,nan,2297.0,498958,11464973990.0,1156851,2296.0,782,2295.0,2378,nan,0,nan,0,nan,0,nan,0,nan,0,nan,0,nan,0,nan,0
1597988242833341952,1597988243432000000,2020-08-21 13:37:23.432000,2296.0,2318.0,2284.0,2310.0,nan,2297.0,498961,11465042870.0,1156852,2296.0,779,2295.0,2378,nan,0,nan,0,nan,0,nan,0,nan,0,nan,0,nan,0,nan,0
1597988243335300096,1597988243872000000,2020-08-21 13:37:23.872000,2296.0,2318.0,2284.0,2310.0,nan,2297.0,498961,11465042870.0,1156852,2296.0,779,2295.0,2371,nan,0,nan,0,nan,0,nan,0,nan,0,nan,0,nan,0,nan,0
1597988243834298112,1597988244374000128,2020-08-21 13:37:24.374000,2295.0,2318.0,2284.0,2310.0,nan,2297.0,498962,11465065820.0,1156853,2296.0,779,2295.0,2377,nan,0,nan,0,nan,0,nan,0,nan,0,nan,0,nan,0,nan,0
1597988244833392896,1597988245427000064,2020-08-21 13:37:25.427000,2295.0,2318.0,2284.0,2310.0,nan,2297.0,498982,11465524830.0,1156854,2296.0,781,2295.0,2358,nan,0,nan,0,nan,0,nan,0,nan,0,nan,0,nan,0,nan,0
1597988245333757952,1597988245855000064,2020-08-21 13:37:25.855000,2296.0,2318.0,2284.0,2310.0,nan,2297.0,498984,11465570740.0,1156855,2296.0,780,2295.0,2359,nan,0,nan,0,nan,0,nan,0,nan,0,nan,0,nan,0,nan,0
1597988245830668032,1597988246420000000,2020-08-21 13:37:26.420000,2296.0,2318.0,2284.0,2310.0,nan,2297.0,498984,11465570740.0,1156855,2296.0,780,2295.0,2360,nan,0,nan,0,nan,0,nan,0,nan,0,nan,0,nan,0,nan,0
1597988246835783936,1597988247434000128,2020-08-21 13:37:27.434000,2296.0,2318.0,2284.0,2310.0,nan,2297.0,498985,11465593700.0,1156854,2296.0,779,2295.0,2360,nan,0,nan,0,nan,0,nan,0,nan,0,nan,0,nan,0,nan,0
1597988247337564928,1597988247912000000,2020-08-21 13:37:27.912000,2296.0,2318.0,2284.0,2310.0,nan,2297.0,498985,11465593700.0,1156854,2296.0,779,2295.0,2372,nan,0,nan,0,nan,0,nan,0,nan,0,nan,0,nan,0,nan,0
1597988248831641088,1597988249418999808,2020-08-21 13:37:29.419000,2296.0,2318.0,2284.0,2310.0,nan,2297.0,498987,11465639620.0,1156854,2296.0,777,2295.0,2372,nan,0,nan,0,nan,0,nan,0,nan,0,nan,0,nan,0,nan,0
1597988249376284928,1597988249892000000,2020-08-21 13:37:29.892000,2296.0,2318.0,2284.0,2310.0,nan,2297.0,498988,11465662580.0,1156854,2296.0,776,2295.0,2372,nan,0,nan,0,nan,0,nan,0,nan,0,nan,0,nan,0,nan,0
1597988249840910080,1597988250401999872,2020-08-21 13:37:30.402000,2296.0,2318.0,2284.0,2310.0,nan,2297.0,499249,11471655140.0,1156788,2296.0,514,2295.0,2380,nan,0,nan,0,nan,0,nan,0,nan,0,nan,0,nan,0,nan,0
1597988250332064000,1597988250921999872,2020-08-21 13:37:30.922000,2296.0,2318.0,2284.0,2310.0,nan,2297.0,499301,11472849060.0,1156788,2296.0,484,2295.0,2380,nan,0,nan,0,nan,0,nan,0,nan,0,nan,0,nan,0,nan,0
1597988250840581888,1597988251436000000,2020-08-21 13:37:31.436000,2296.0,2318.0,2284.0,2310.0,nan,2297.0,499332,11473560520.0,1156811,2296.0,454,2295.0,2350,nan,0,nan,0,nan,0,nan,0,nan,0,nan,0,nan,0,nan,0
1597988251332560896,1597988251900999936,2020-08-21 13:37:31.901000,2296.0,2318.0,2284.0,2310.0,nan,2297.0,499335,11473629400.0,1156808,2296.0,452,2295.0,2350,nan,0,nan,0,nan,0,nan,0,nan,0,nan,0,nan,0,nan,0
1597988251833445120,1597988252420999936,2020-08-21 13:37:32.421000,2296.0,2318.0,2284.0,2310.0,nan,2297.0,499396,11475029960.0,1156748,2296.0,391,2295.0,2350,nan,0,nan,0,nan,0,nan,0,nan,0,nan,0,nan,0,nan,0
1597988252335939072,1597988252875000064,2020-08-21 13:37:32.875000,2296.0,2318.0,2284.0,2310.0,nan,2297.0,499397,11475052920.0,1156748,2296.0,390,2295.0,2350,nan,0,nan,0,nan,0,nan,0,nan,0,nan,0,nan,0,nan,0
1597988252833123072,1597988253404999936,2020-08-21 13:37:33.405000,2296.0,2318.0,2284.0,2310.0,nan,2297.0,499787,11484007320.0,1156550,2297.0,994,2296.0,2,nan,0,nan,0,nan,0,nan,0,nan,0,nan,0,nan,0,nan,0
1597988253334252032,1597988253857000192,2020-08-21 13:37:33.857000,2296.0,2318.0,2284.0,2310.0,nan,2297.0,499948,11487703880.0,1156539,2297.0,822,2296.0,175,nan,0,nan,0,nan,0,nan,0,nan,0,nan,0,nan,0,nan,0
1597988253836069888,1597988254436999936,2020-08-21 13:37:34.437000,2296.0,2318.0,2284.0,2310.0,nan,2297.0,499948,11487703880.0,1156539,2297.0,813,2296.0,245,nan,0,nan,0,nan,0,nan,0,nan,0,nan,0,nan,0,nan,0
1597988254334366976,1597988254935000064,2020-08-21 13:37:34.935000,2296.0,2318.0,2284.0,2310.0,nan,2297.0,499952,11487795720.0,1156539,2297.0,740,2296.0,365,nan,0,nan,0,nan,0,nan,0,nan,0,nan,0,nan,0,nan,0
1597988254844555008,1597988255433000192,2020-08-21 13:37:35.433000,2296.0,2318.0,2284.0,2310.0,nan,2297.0,499952,11487795720.0,1156539,2297.0,737,2296.0,412,nan,0,nan,0,nan,0,nan,0,nan,0,nan,0,nan,0,nan,0
1597988255331067904,1597988255928000000,2020-08-21 13:37:35.928000,2296.0,2318.0,2284.0,2310.0,nan,2297.0,499965,11488094320.0,1156539,2297.0,732,2296.0,542,nan,0,nan,0,nan,0,nan,0,nan,0,nan,0,nan,0,nan,0
1597988255833280000,1597988256412000000,2020-08-21 13:37:36.412000,2297.0,2318.0,2284.0,2310.0,nan,2297.0,499971,11488232140.0,1156540,2297.0,728,2296.0,550,nan,0,nan,0,nan,0,nan,0,nan,0,nan,0,nan,0,nan,0
1597988256333240064,1597988256924999936,2020-08-21 13:37:36.925000,2297.0,2318.0,2284.0,2310.0,nan,2297.0,499976,11488346960.0,1156536,2297.0,727,2296.0,591,nan,0,nan,0,nan,0,nan,0,nan,0,nan,0,nan,0,nan,0
1597988256831963904,1597988257415000064,2020-08-21 13:37:37.415000,2296.0,2318.0,2284.0,2310.0,nan,2297.0,499977,11488369920.0,1156536,2297.0,727,2296.0,598,nan,0,nan,0,nan,0,nan,0,nan,0,nan,0,nan,0,nan,0
1597988257333800960,1597988257882999808,2020-08-21 13:37:37.883000,2296.0,2318.0,2284.0,2310.0,nan,2297.0,499979,11488415840.0,1156534,2297.0,727,2296.0,640,nan,0,nan,0,nan,0,nan,0,nan,0,nan,0,nan,0,nan,0
1597988257832430080,1597988258414000128,2020-08-21 13:37:38.414000,2296.0,2318.0,2284.0,2310.0,nan,2297.0,499979,11488415840.0,1156534,2297.0,727,2296.0,663,nan,0,nan,0,nan,0,nan,0,nan,0,nan,0,nan,0,nan,0
1597988258335346944,1597988258935000064,2020-08-21 13:37:38.935000,2296.0,2318.0,2284.0,2310.0,nan,2297.0,499979,11488415840.0,1156534,2297.0,697,2296.0,782,nan,0,nan,0,nan,0,nan,0,nan,0,nan,0,nan,0,nan,0
1597988258832386048,1597988259405999872,2020-08-21 13:37:39.406000,2297.0,2318.0,2284.0,2310.0,nan,2297.0,499980,11488438810.0,1156534,2297.0,696,2296.0,784,nan,0,nan,0,nan,0,nan,0,nan,0,nan,0,nan,0,nan,0
1597988260331544064,1597988260932000000,2020-08-21 13:37:40.932000,2297.0,2318.0,2284.0,2310.0,nan,2297.0,499981,11488461780.0,1156533,2297.0,1140,2296.0,784,nan,0,nan,0,nan,0,nan,0,nan,0,nan,0,nan,0,nan,0
1597988260833585920,1597988261388999936,2020-08-21 13:37:41.389000,2297.0,2318.0,2284.0,2310.0,nan,2297.0,499981,11488461780.0,1156533,2297.0,1140,2296.0,783,nan,0,nan,0,nan,0,nan,0,nan,0,nan,0,nan,0,nan,0
1597988261330292992,1597988261912000000,2020-08-21 13:37:41.912000,2297.0,2318.0,2284.0,2310.0,nan,2297.0,499981,11488461780.0,1156533,2297.0,1140,2296.0,798,nan,0,nan,0,nan,0,nan,0,nan,0,nan,0,nan,0,nan,0
1597988261858044928,1597988262435000064,2020-08-21 13:37:42.435000,2297.0,2318.0,2284.0,2310.0,nan,2297.0,499988,11488622530.0,1156528,2297.0,1140,2296.0,803,nan,0,nan,0,nan,0,nan,0,nan,0,nan,0,nan,0,nan,0
1597988262376024064,1597988262901999872,2020-08-21 13:37:42.902000,2297.0,2318.0,2284.0,2310.0,nan,2297.0,499988,11488622530.0,1156528,2297.0,1141,2296.0,803,nan,0,nan,0,nan,0,nan,0,nan,0,nan,0,nan,0,nan,0
1597988262838737920,1597988263379000064,2020-08-21 13:37:43.379000,2297.0,2318.0,2284.0,2310.0,nan,2297.0,499996,11488806290.0,1156520,2297.0,1133,2296.0,816,nan,0,nan,0,nan,0,nan,0,nan,0,nan,0,nan,0,nan,0
1597988263333684992,1597988263881999872,2020-08-21 13:37:43.882000,2297.0,2318.0,2284.0,2310.0,nan,2297.0,499996,11488806290.0,1156520,2297.0,1133,2296.0,835,nan,0,nan,0,nan,0,nan,0,nan,0,nan,0,nan,0,nan,0
1597988263828691968,1597988264432000000,2020-08-21 13:37:44.432000,2297.0,2318.0,2284.0,2310.0,nan,2297.0,499996,11488806290.0,1156520,2297.0,1133,2296.0,836,nan,0,nan,0,nan,0,nan,0,nan,0,nan,0,nan,0,nan,0
1597988264330688000,1597988264927000064,2020-08-21 13:37:44.927000,2297.0,2318.0,2284.0,2310.0,nan,2297.0,499999,11488875200.0,1156517,2297.0,1130,2296.0,837,nan,0,nan,0,nan,0,nan,0,nan,0,nan,0,nan,0,nan,0
1597988264830164992,1597988265412000000,2020-08-21 13:37:45.412000,2296.0,2318.0,2284.0,2310.0,nan,2297.0,500000,11488898160.0,1156517,2297.0,1130,2296.0,836,nan,0,nan,0,nan,0,nan,0,nan,0,nan,0,nan,0,nan,0
1597988265333041920,1597988265935000064,2020-08-21 13:37:45.935000,2296.0,2318.0,2284.0,2310.0,nan,2297.0,500000,11488898160.0,1156517,2297.0,1131,2296.0,836,nan,0,nan,0,nan,0,nan,0,nan,0,nan,0,nan,0,nan,0
1597988265832963072,1597988266424999936,2020-08-21 13:37:46.425000,2296.0,2318.0,2284.0,2310.0,nan,2297.0,500000,11488898160.0,1156517,2297.0,1134,2296.0,836,nan,0,nan,0,nan,0,nan,0,nan,0,nan,0,nan,0,nan,0
1597988266332376064,1597988266799000064,2020-08-21 13:37:46.799000,2296.0,2318.0,2284.0,2310.0,nan,2297.0,500000,11488898160.0,1156517,2297.0,1157,2296.0,836,nan,0,nan,0,nan,0,nan,0,nan,0,nan,0,nan,0,nan,0
1597988266830717952,1597988267416999936,2020-08-21 13:37:47.417000,2297.0,2318.0,2284.0,2310.0,nan,2297.0,500007,11489058940.0,1156512,2297.0,1151,2296.0,835,nan,0,nan,0,nan,0,nan,0,nan,0,nan,0,nan,0,nan,0
1597988267334409984,1597988267938999808,2020-08-21 13:37:47.939000,2296.0,2318.0,2284.0,2310.0,nan,2297.0,500008,11489081900.0,1156512,2297.0,1157,2296.0,834,nan,0,nan,0,nan,0,nan,0,nan,0,nan,0,nan,0,nan,0
1597988267830917888,1597988268428999936,2020-08-21 13:37:48.429000,2296.0,2318.0,2284.0,2310.0,nan,2297.0,500008,11489081900.0,1156512,2297.0,1163,2296.0,836,nan,0,nan,0,nan,0,nan,0,nan,0,nan,0,nan,0,nan,0
1597988268340263936,1597988268918999808,2020-08-21 13:37:48.919000,2296.0,2318.0,2284.0,2310.0,nan,2297.0,500009,11489104860.0,1156512,2297.0,1166,2296.0,885,nan,0,nan,0,nan,0,nan,0,nan,0,nan,0,nan,0,nan,0
1597988268835952896,1597988269404999936,2020-08-21 13:37:49.405000,2296.0,2318.0,2284.0,2310.0,nan,2297.0,500009,11489104860.0,1156512,2297.0,1166,2296.0,895,nan,0,nan,0,nan,0,nan,0,nan,0,nan,0,nan,0,nan,0
1597988269334777088,1597988269892999936,2020-08-21 13:37:49.893000,2297.0,2318.0,2284.0,2310.0,nan,2297.0,500010,11489127830.0,1156512,2297.0,1168,2296.0,895,nan,0,nan,0,nan,0,nan,0,nan,0,nan,0,nan,0,nan,0
1597988269834247936,1597988270416000000,2020-08-21 13:37:50.416000,2297.0,2318.0,2284.0,2310.0,nan,2297.0,500010,11489127830.0,1156512,2297.0,1188,2296.0,895,nan,0,nan,0,nan,0,nan,0,nan,0,nan,0,nan,0,nan,0
1597988270332624896,1597988270935000064,2020-08-21 13:37:50.935000,2297.0,2318.0,2284.0,2310.0,nan,2297.0,500011,11489150800.0,1156511,2297.0,1188,2296.0,895,nan,0,nan,0,nan,0,nan,0,nan,0,nan,0,nan,0,nan,0
1597988270837136896,1597988271421999872,2020-08-21 13:37:51.422000,2297.0,2318.0,2284.0,2310.0,nan,2297.0,500011,11489150800.0,1156511,2297.0,1173,2296.0,895,nan,0,nan,0,nan,0,nan,0,nan,0,nan,0,nan,0,nan,0
1597988271333872896,1597988271908000000,2020-08-21 13:37:51.908000,2297.0,2318.0,2284.0,2310.0,nan,2297.0,500011,11489150800.0,1156511,2297.0,1205,2296.0,895,nan,0,nan,0,nan,0,nan,0,nan,0,nan,0,nan,0,nan,0
1597988271834010112,1597988272432000000,2020-08-21 13:37:52.432000,2296.0,2318.0,2284.0,2310.0,nan,2297.0,500016,11489265600.0,1156506,2297.0,1207,2296.0,891,nan,0,nan,0,nan,0,nan,0,nan,0,nan,0,nan,0,nan,0
1597988272334743040,1597988272920000000,2020-08-21 13:37:52.920000,2296.0,2318.0,2284.0,2310.0,nan,2297.0,500019,11489334490.0,1156507,2297.0,1204,2296.0,891,nan,0,nan,0,nan,0,nan,0,nan,0,nan,0,nan,0,nan,0
1597988272832945920,1597988273434000128,2020-08-21 13:37:53.434000,2296.0,2318.0,2284.0,2310.0,nan,2297.0,500019,11489334490.0,1156507,2297.0,1204,2296.0,900,nan,0,nan,0,nan,0,nan,0,nan,0,nan,0,nan,0,nan,0
1597988273333228032,1597988273932000000,2020-08-21 13:37:53.932000,2297.0,2318.0,2284.0,2310.0,nan,2297.0,500020,11489357460.0,1156506,2297.0,1203,2296.0,885,nan,0,nan,0,nan,0,nan,0,nan,0,nan,0,nan,0,nan,0
1597988273832574976,1597988274432000000,2020-08-21 13:37:54.432000,2297.0,2318.0,2284.0,2310.0,nan,2297.0,500022,11489403400.0,1156505,2297.0,1201,2296.0,922,nan,0,nan,0,nan,0,nan,0,nan,0,nan,0,nan,0,nan,0
1597988274329981952,1597988274931000064,2020-08-21 13:37:54.931000,2297.0,2318.0,2284.0,2310.0,nan,2297.0,500022,11489403400.0,1156505,2297.0,1200,2296.0,921,nan,0,nan,0,nan,0,nan,0,nan,0,nan,0,nan,0,nan,0
1597988274836980992,1597988275411000064,2020-08-21 13:37:55.411000,2297.0,2318.0,2284.0,2310.0,nan,2297.0,500023,11489426370.0,1156505,2297.0,1199,2296.0,923,nan,0,nan,0,nan,0,nan,0,nan,0,nan,0,nan,0,nan,0
1597988275335044096,1597988275917999872,2020-08-21 13:37:55.918000,2296.0,2318.0,2284.0,2310.0,nan,2297.0,500026,11489495270.0,1156507,2297.0,1197,2296.0,922,nan,0,nan,0,nan,0,nan,0,nan,0,nan,0,nan,0,nan,0
1597988275834736896,1597988276404000000,2020-08-21 13:37:56.404000,2296.0,2318.0,2284.0,2310.0,nan,2297.0,500026,11489495270.0,1156507,2297.0,1197,2296.0,924,nan,0,nan,0,nan,0,nan,0,nan,0,nan,0,nan,0,nan,0
1597988276334718976,1597988276891000064,2020-08-21 13:37:56.891000,2296.0,2318.0,2284.0,2310.0,nan,2297.0,500026,11489495270.0,1156507,2297.0,1201,2296.0,924,nan,0,nan,0,nan,0,nan,0,nan,0,nan,0,nan,0,nan,0
1597988276892613888,1597988277428999936,2020-08-21 13:37:57.429000,2296.0,2318.0,2284.0,2310.0,nan,2297.0,500026,11489495270.0,1156507,2297.0,1201,2296.0,925,nan,0,nan,0,nan,0,nan,0,nan,0,nan,0,nan,0,nan,0
1597988277329180928,1597988277915000064,2020-08-21 13:37:57.915000,2296.0,2318.0,2284.0,2310.0,nan,2297.0,500028,11489541190.0,1156507,2297.0,1201,2296.0,1126,nan,0,nan,0,nan,0,nan,0,nan,0,nan,0,nan,0,nan,0
1597988278334682112,1597988278937999872,2020-08-21 13:37:58.938000,2296.0,2318.0,2284.0,2310.0,nan,2297.0,500029,11489564150.0,1156508,2297.0,1201,2296.0,1126,nan,0,nan,0,nan,0,nan,0,nan,0,nan,0,nan,0,nan,0
1597988278832792064,1597988279420000000,2020-08-21 13:37:59.420000,2296.0,2318.0,2284.0,2310.0,nan,2297.0,500029,11489564150.0,1156508,2297.0,1201,2296.0,1128,nan,0,nan,0,nan,0,nan,0,nan,0,nan,0,nan,0,nan,0
1597988279833708032,1597988280428999936,2020-08-21 13:38:00.429000,2296.0,2318.0,2284.0,2310.0,nan,2297.0,500029,11489564150.0,1156508,2297.0,1202,2296.0,1128,nan,0,nan,0,nan,0,nan,0,nan,0,nan,0,nan,0,nan,0
1597988281332250880,1597988281912000000,2020-08-21 13:38:01.912000,2297.0,2318.0,2284.0,2310.0,nan,2297.0,500030,11489587120.0,1156508,2297.0,1201,2296.0,1130,nan,0,nan,0,nan,0,nan,0,nan,0,nan,0,nan,0,nan,0
1597988281829647104,1597988282408999936,2020-08-21 13:38:02.409000,2297.0,2318.0,2284.0,2310.0,nan,2297.0,500030,11489587120.0,1156508,2297.0,1202,2296.0,1130,nan,0,nan,0,nan,0,nan,0,nan,0,nan,0,nan,0,nan,0
1597988282332276992,1597988282903000064,2020-08-21 13:38:02.903000,2297.0,2318.0,2284.0,2310.0,nan,2297.0,500031,11489610090.0,1156508,2297.0,1201,2296.0,1133,nan,0,nan,0,nan,0,nan,0,nan,0,nan,0,nan,0,nan,0
1597988282833297920,1597988283423000064,2020-08-21 13:38:03.423000,2297.0,2318.0,2284.0,2310.0,nan,2297.0,500032,11489633060.0,1156508,2297.0,1200,2296.0,1133,nan,0,nan,0,nan,0,nan,0,nan,0,nan,0,nan,0,nan,0
1597988283330608128,1597988283894000128,2020-08-21 13:38:03.894000,2297.0,2318.0,2284.0,2310.0,nan,2297.0,500033,11489656030.0,1156507,2297.0,1199,2296.0,1136,nan,0,nan,0,nan,0,nan,0,nan,0,nan,0,nan,0,nan,0
1597988283834701056,1597988284420999936,2020-08-21 13:38:04.421000,2297.0,2318.0,2284.0,2310.0,nan,2297.0,500033,11489656030.0,1156507,2297.0,1200,2296.0,1141,nan,0,nan,0,nan,0,nan,0,nan,0,nan,0,nan,0,nan,0
1597988284832540928,1597988285413000192,2020-08-21 13:38:05.413000,2297.0,2318.0,2284.0,2310.0,nan,2297.0,500033,11489656030.0,1156507,2297.0,1201,2296.0,1141,nan,0,nan,0,nan,0,nan,0,nan,0,nan,0,nan,0,nan,0
1597988285335941120,1597988285924000000,2020-08-21 13:38:05.924000,2296.0,2318.0,2284.0,2310.0,nan,2297.0,500044,11489908590.0,1156509,2297.0,1200,2296.0,1130,nan,0,nan,0,nan,0,nan,0,nan,0,nan,0,nan,0,nan,0
1597988286331760896,1597988286895000064,2020-08-21 13:38:06.895000,2297.0,2318.0,2284.0,2310.0,nan,2297.0,500045,11489931560.0,1156509,2297.0,1199,2296.0,1133,nan,0,nan,0,nan,0,nan,0,nan,0,nan,0,nan,0,nan,0
1597988286833520128,1597988287433000192,2020-08-21 13:38:07.433000,2297.0,2318.0,2284.0,2310.0,nan,2297.0,500045,11489931560.0,1156509,2297.0,1204,2296.0,1133,nan,0,nan,0,nan,0,nan,0,nan,0,nan,0,nan,0,nan,0
1597988287333801984,1597988287933000192,2020-08-21 13:38:07.933000,2297.0,2318.0,2284.0,2310.0,nan,2297.0,500048,11490000470.0,1156509,2297.0,1199,2296.0,1133,nan,0,nan,0,nan,0,nan,0,nan,0,nan,0,nan,0,nan,0
1597988287830929920,1597988288436999936,2020-08-21 13:38:08.437000,2297.0,2318.0,2284.0,2310.0,nan,2297.0,500049,11490023440.0,1156509,2297.0,1198,2296.0,1142,nan,0,nan,0,nan,0,nan,0,nan,0,nan,0,nan,0,nan,0
1597988288330700032,1597988288913000192,2020-08-21 13:38:08.913000,2297.0,2318.0,2284.0,2310.0,nan,2297.0,500049,11490023440.0,1156509,2297.0,1198,2296.0,1146,nan,0,nan,0,nan,0,nan,0,nan,0,nan,0,nan,0,nan,0
1597988288831997952,1597988289362999808,2020-08-21 13:38:09.363000,2296.0,2318.0,2284.0,2310.0,nan,2297.0,500050,11490046400.0,1156509,2297.0,1203,2296.0,1145,nan,0,nan,0,nan,0,nan,0,nan,0,nan,0,nan,0,nan,0
1597988289334423040,1597988289903000064,2020-08-21 13:38:09.903000,2297.0,2318.0,2284.0,2310.0,nan,2297.0,500052,11490092340.0,1156509,2297.0,1201,2296.0,1145,nan,0,nan,0,nan,0,nan,0,nan,0,nan,0,nan,0,nan,0
1597988289891760128,1597988290252000000,2020-08-21 13:38:10.252000,2297.0,2318.0,2284.0,2310.0,nan,2297.0,500052,11490092340.0,1156509,2297.0,1203,2296.0,1147,nan,0,nan,0,nan,0,nan,0,nan,0,nan,0,nan,0,nan,0
1597988290330789120,1597988290920000000,2020-08-21 13:38:10.920000,2297.0,2318.0,2284.0,2310.0,nan,2297.0,500053,11490115310.0,1156510,2297.0,1202,2296.0,1144,nan,0,nan,0,nan,0,nan,0,nan,0,nan,0,nan,0,nan,0
1597988290832680960,1597988291432000000,2020-08-21 13:38:11.432000,2297.0,2318.0,2284.0,2310.0,nan,2297.0,500064,11490367980.0,1156521,2297.0,1191,2296.0,1144,nan,0,nan,0,nan,0,nan,0,nan,0,nan,0,nan,0,nan,0
1597988291332942080,1597988291932000000,2020-08-21 13:38:11.932000,2297.0,2318.0,2284.0,2310.0,nan,2297.0,500065,11490390950.0,1156522,2297.0,1190,2296.0,1184,nan,0,nan,0,nan,0,nan,0,nan,0,nan,0,nan,0,nan,0
1597988291834024960,1597988292433000192,2020-08-21 13:38:12.433000,2297.0,2318.0,2284.0,2310.0,nan,2297.0,500066,11490413920.0,1156523,2297.0,1189,2296.0,1185,nan,0,nan,0,nan,0,nan,0,nan,0,nan,0,nan,0,nan,0
1597988292332003072,1597988292936000000,2020-08-21 13:38:12.936000,2297.0,2318.0,2284.0,2310.0,nan,2297.0,500066,11490413920.0,1156523,2297.0,1190,2296.0,1179,nan,0,nan,0,nan,0,nan,0,nan,0,nan,0,nan,0,nan,0
1597988292831556096,1597988293424999936,2020-08-21 13:38:13.425000,2297.0,2318.0,2284.0,2310.0,nan,2297.0,500071,11490528770.0,1156528,2297.0,1185,2296.0,1179,nan,0,nan,0,nan,0,nan,0,nan,0,nan,0,nan,0,nan,0
1597988293334416896,1597988293924000000,2020-08-21 13:38:13.924000,2297.0,2318.0,2284.0,2310.0,nan,2297.0,500082,11490781440.0,1156522,2297.0,1174,2296.0,1179,nan,0,nan,0,nan,0,nan,0,nan,0,nan,0,nan,0,nan,0
1597988293832112128,1597988294430000128,2020-08-21 13:38:14.430000,2297.0,2318.0,2284.0,2310.0,nan,2297.0,500085,11490850340.0,1156522,2297.0,1172,2296.0,1184,nan,0,nan,0,nan,0,nan,0,nan,0,nan,0,nan,0,nan,0
1597988294830096896,1597988295438999808,2020-08-21 13:38:15.439000,2297.0,2318.0,2284.0,2310.0,nan,2297.0,500085,11490850340.0,1156522,2297.0,1172,2296.0,1170,nan,0,nan,0,nan,0,nan,0,nan,0,nan,0,nan,0,nan,0
1597988295344280064,1597988295918999808,2020-08-21 13:38:15.919000,2297.0,2318.0,2284.0,2310.0,nan,2297.0,500085,11490850340.0,1156522,2297.0,1172,2296.0,1187,nan,0,nan,0,nan,0,nan,0,nan,0,nan,0,nan,0,nan,0
1597988295836146944,1597988296356000000,2020-08-21 13:38:16.356000,2297.0,2318.0,2284.0,2310.0,nan,2297.0,500085,11490850340.0,1156522,2297.0,1173,2296.0,1187,nan,0,nan,0,nan,0,nan,0,nan,0,nan,0,nan,0,nan,0
1597988296333086976,1597988296903000064,2020-08-21 13:38:16.903000,2297.0,2318.0,2284.0,2310.0,nan,2297.0,500087,11490896270.0,1156521,2297.0,1174,2296.0,1186,nan,0,nan,0,nan,0,nan,0,nan,0,nan,0,nan,0,nan,0
1597988297833512960,1597988298433000192,2020-08-21 13:38:18.433000,2296.0,2318.0,2284.0,2310.0,nan,2297.0,500088,11490919230.0,1156520,2297.0,1155,2296.0,1170,nan,0,nan,0,nan,0,nan,0,nan,0,nan,0,nan,0,nan,0
1597988298333555968,1597988298823000064,2020-08-21 13:38:18.823000,2297.0,2318.0,2284.0,2310.0,nan,2297.0,500089,11490942200.0,1156520,2297.0,1150,2296.0,1185,nan,0,nan,0,nan,0,nan,0,nan,0,nan,0,nan,0,nan,0
1597988299334202112,1597988299877000192,2020-08-21 13:38:19.877000,2296.0,2318.0,2284.0,2310.0,nan,2297.0,500091,11490988120.0,1156520,2297.0,1150,2296.0,1183,nan,0,nan,0,nan,0,nan,0,nan,0,nan,0,nan,0,nan,0
1597988300332368896,1597988300813999872,2020-08-21 13:38:20.814000,2296.0,2318.0,2284.0,2310.0,nan,2297.0,500091,11490988120.0,1156520,2297.0,1151,2296.0,1187,nan,0,nan,0,nan,0,nan,0,nan,0,nan,0,nan,0,nan,0
1597988302336254976,1597988302921999872,2020-08-21 13:38:22.922000,2296.0,2318.0,2284.0,2310.0,nan,2297.0,500091,11490988120.0,1156520,2297.0,1153,2296.0,1187,nan,0,nan,0,nan,0,nan,0,nan,0,nan,0,nan,0,nan,0
1597988302833573120,1597988303398000128,2020-08-21 13:38:23.398000,2297.0,2318.0,2284.0,2310.0,nan,2297.0,500092,11491011090.0,1156520,2297.0,1052,2296.0,1188,nan,0,nan,0,nan,0,nan,0,nan,0,nan,0,nan,0,nan,0
1597988303333026048,1597988303917999872,2020-08-21 13:38:23.918000,2297.0,2318.0,2284.0,2310.0,nan,2297.0,500092,11491011090.0,1156520,2297.0,1054,2296.0,1188,nan,0,nan,0,nan,0,nan,0,nan,0,nan,0,nan,0,nan,0
1597988303840539904,1597988304324999936,2020-08-21 13:38:24.325000,2297.0,2318.0,2284.0,2310.0,nan,2297.0,500097,11491125940.0,1156520,2297.0,1050,2296.0,1188,nan,0,nan,0,nan,0,nan,0,nan,0,nan,0,nan,0,nan,0
1597988304829026048,1597988305433000192,2020-08-21 13:38:25.433000,2297.0,2318.0,2284.0,2310.0,nan,2297.0,500097,11491125940.0,1156520,2297.0,1050,2296.0,1181,nan,0,nan,0,nan,0,nan,0,nan,0,nan,0,nan,0,nan,0
1597988305832944896,1597988306417999872,2020-08-21 13:38:26.418000,2297.0,2318.0,2284.0,2310.0,nan,2297.0,500097,11491125940.0,1156520,2297.0,1060,2296.0,1181,nan,0,nan,0,nan,0,nan,0,nan,0,nan,0,nan,0,nan,0
1597988306332105984,1597988306842000128,2020-08-21 13:38:26.842000,2297.0,2318.0,2284.0,2310.0,nan,2297.0,500097,11491125940.0,1156520,2297.0,1062,2296.0,1182,nan,0,nan,0,nan,0,nan,0,nan,0,nan,0,nan,0,nan,0
1597988306832717056,1597988307398000128,2020-08-21 13:38:27.398000,2296.0,2318.0,2284.0,2310.0,nan,2297.0,500107,11491355540.0,1156520,2297.0,1062,2296.0,1172,nan,0,nan,0,nan,0,nan,0,nan,0,nan,0,nan,0,nan,0
1597988307334158080,1597988307880000000,2020-08-21 13:38:27.880000,2296.0,2318.0,2284.0,2310.0,nan,2297.0,500107,11491355540.0,1156520,2297.0,1061,2296.0,1165,nan,0,nan,0,nan,0,nan,0,nan,0,nan,0,nan,0,nan,0
1597988307829657088,1597988308432000000,2020-08-21 13:38:28.432000,2296.0,2318.0,2284.0,2310.0,nan,2297.0,500107,11491355540.0,1156520,2297.0,1061,2296.0,1216,nan,0,nan,0,nan,0,nan,0,nan,0,nan,0,nan,0,nan,0
1597988308331793920,1597988308936999936,2020-08-21 13:38:28.937000,2297.0,2318.0,2284.0,2310.0,nan,2297.0,500113,11491493360.0,1156525,2297.0,1054,2296.0,1220,nan,0,nan,0,nan,0,nan,0,nan,0,nan,0,nan,0,nan,0
1597988308833658112,1597988309289999872,2020-08-21 13:38:29.290000,2296.0,2318.0,2284.0,2310.0,nan,2297.0,500191,11493285010.0,1156567,2297.0,977,2296.0,1213,nan,0,nan,0,nan,0,nan,0,nan,0,nan,0,nan,0,nan,0
1597988309338376960,1597988309913000192,2020-08-21 13:38:29.913000,2297.0,2318.0,2284.0,2310.0,nan,2297.0,500192,11493307980.0,1156567,2297.0,976,2296.0,1221,nan,0,nan,0,nan,0,nan,0,nan,0,nan,0,nan,0,nan,0
1597988309960872960,1597988310433000192,2020-08-21 13:38:30.433000,2297.0,2318.0,2284.0,2310.0,nan,2297.0,500193,11493330950.0,1156566,2297.0,966,2296.0,1221,nan,0,nan,0,nan,0,nan,0,nan,0,nan,0,nan,0,nan,0
1597988310413114880,1597988310903000064,2020-08-21 13:38:30.903000,2297.0,2318.0,2284.0,2310.0,nan,2297.0,500194,11493353920.0,1156566,2297.0,966,2296.0,1221,nan,0,nan,0,nan,0,nan,0,nan,0,nan,0,nan,0,nan,0
1597988310846723072,1597988311380999936,2020-08-21 13:38:31.381000,2297.0,2318.0,2284.0,2310.0,nan,2297.0,500194,11493353920.0,1156566,2297.0,966,2296.0,1222,nan,0,nan,0,nan,0,nan,0,nan,0,nan,0,nan,0,nan,0
1597988311331312896,1597988311936000000,2020-08-21 13:38:31.936000,2297.0,2318.0,2284.0,2310.0,nan,2297.0,500194,11493353920.0,1156566,2297.0,971,2296.0,1222,nan,0,nan,0,nan,0,nan,0,nan,0,nan,0,nan,0,nan,0
1597988311831773952,1597988312433000192,2020-08-21 13:38:32.433000,2297.0,2318.0,2284.0,2310.0,nan,2297.0,500197,11493422830.0,1156565,2297.0,969,2296.0,1221,nan,0,nan,0,nan,0,nan,0,nan,0,nan,0,nan,0,nan,0
1597988312335500032,1597988312916999936,2020-08-21 13:38:32.917000,2297.0,2318.0,2284.0,2310.0,nan,2297.0,500209,11493698360.0,1156565,2297.0,968,2296.0,1210,nan,0,nan,0,nan,0,nan,0,nan,0,nan,0,nan,0,nan,0
1597988312835621120,1597988313424000000,2020-08-21 13:38:33.424000,2297.0,2318.0,2284.0,2310.0,nan,2297.0,500209,11493698360.0,1156565,2297.0,979,2296.0,1210,nan,0,nan,0,nan,0,nan,0,nan,0,nan,0,nan,0,nan,0
1597988313333976064,1597988313927000064,2020-08-21 13:38:33.927000,2296.0,2318.0,2284.0,2310.0,nan,2297.0,500210,11493721320.0,1156565,2297.0,979,2296.0,1209,nan,0,nan,0,nan,0,nan,0,nan,0,nan,0,nan,0,nan,0
1597988314329431040,1597988314828999936,2020-08-21 13:38:34.829000,2296.0,2318.0,2284.0,2310.0,nan,2297.0,500210,11493721320.0,1156565,2297.0,979,2296.0,1208,nan,0,nan,0,nan,0,nan,0,nan,0,nan,0,nan,0,nan,0
1597988314832240128,1597988315326999808,2020-08-21 13:38:35.327000,2296.0,2318.0,2284.0,2310.0,nan,2297.0,500210,11493721320.0,1156565,2297.0,981,2296.0,1207,nan,0,nan,0,nan,0,nan,0,nan,0,nan,0,nan,0,nan,0
1597988315828653056,1597988316382999808,2020-08-21 13:38:36.383000,2297.0,2318.0,2284.0,2310.0,nan,2297.0,500211,11493744290.0,1156564,2297.0,982,2296.0,1207,nan,0,nan,0,nan,0,nan,0,nan,0,nan,0,nan,0,nan,0
1597988316331623936,1597988316920999936,2020-08-21 13:38:36.921000,2296.0,2318.0,2284.0,2310.0,nan,2297.0,500212,11493767250.0,1156564,2297.0,983,2296.0,1206,nan,0,nan,0,nan,0,nan,0,nan,0,nan,0,nan,0,nan,0
1597988316829699072,1597988317380999936,2020-08-21 13:38:37.381000,2296.0,2318.0,2284.0,2310.0,nan,2297.0,500213,11493790210.0,1156564,2297.0,983,2296.0,1205,nan,0,nan,0,nan,0,nan,0,nan,0,nan,0,nan,0,nan,0
1597988317939881984,1597988318420999936,2020-08-21 13:38:38.421000,2297.0,2318.0,2284.0,2310.0,nan,2297.0,500214,11493813180.0,1156564,2297.0,981,2296.0,1221,nan,0,nan,0,nan,0,nan,0,nan,0,nan,0,nan,0,nan,0
1597988318339994880,1597988318844999936,2020-08-21 13:38:38.845000,2297.0,2318.0,2284.0,2310.0,nan,2297.0,500217,11493882090.0,1156561,2297.0,978,2296.0,1221,nan,0,nan,0,nan,0,nan,0,nan,0,nan,0,nan,0,nan,0
1597988318840077056,1597988319398000128,2020-08-21 13:38:39.398000,2297.0,2318.0,2284.0,2310.0,nan,2297.0,500220,11493951000.0,1156561,2297.0,975,2296.0,1226,nan,0,nan,0,nan,0,nan,0,nan,0,nan,0,nan,0,nan,0
1597988319332760064,1597988319927000064,2020-08-21 13:38:39.927000,2297.0,2318.0,2284.0,2310.0,nan,2297.0,500220,11493951000.0,1156561,2297.0,976,2296.0,1211,nan,0,nan,0,nan,0,nan,0,nan,0,nan,0,nan,0,nan,0
1597988319834588928,1597988320407000064,2020-08-21 13:38:40.407000,2297.0,2318.0,2284.0,2310.0,nan,2297.0,500220,11493951000.0,1156561,2297.0,976,2296.0,1226,nan,0,nan,0,nan,0,nan,0,nan,0,nan,0,nan,0,nan,0
1597988320335918080,1597988320921999872,2020-08-21 13:38:40.922000,2296.0,2318.0,2284.0,2310.0,nan,2297.0,500221,11493973960.0,1156561,2297.0,976,2296.0,1225,nan,0,nan,0,nan,0,nan,0,nan,0,nan,0,nan,0,nan,0
1597988320832892928,1597988321404000000,2020-08-21 13:38:41.404000,2296.0,2318.0,2284.0,2310.0,nan,2297.0,500225,11494065800.0,1156557,2297.0,996,2296.0,1221,nan,0,nan,0,nan,0,nan,0,nan,0,nan,0,nan,0,nan,0
1597988321332962048,1597988321938999808,2020-08-21 13:38:41.939000,2296.0,2318.0,2284.0,2310.0,nan,2297.0,500225,11494065800.0,1156557,2297.0,997,2296.0,1221,nan,0,nan,0,nan,0,nan,0,nan,0,nan,0,nan,0,nan,0
1597988321830828032,1597988322233999872,2020-08-21 13:38:42.234000,2296.0,2318.0,2284.0,2310.0,nan,2297.0,500225,11494065800.0,1156557,2297.0,997,2296.0,1223,nan,0,nan,0,nan,0,nan,0,nan,0,nan,0,nan,0,nan,0
1597988322329477888,1597988322844999936,2020-08-21 13:38:42.845000,2296.0,2318.0,2284.0,2310.0,nan,2297.0,500225,11494065800.0,1156557,2297.0,998,2296.0,1223,nan,0,nan,0,nan,0,nan,0,nan,0,nan,0,nan,0,nan,0
1597988322832884992,1597988323428999936,2020-08-21 13:38:43.429000,2297.0,2318.0,2284.0,2310.0,nan,2297.0,500229,11494157680.0,1156557,2297.0,995,2296.0,1223,nan,0,nan,0,nan,0,nan,0,nan,0,nan,0,nan,0,nan,0
1597988323331439104,1597988323920000000,2020-08-21 13:38:43.920000,2297.0,2318.0,2284.0,2310.0,nan,2297.0,500229,11494157680.0,1156557,2297.0,995,2296.0,1218,nan,0,nan,0,nan,0,nan,0,nan,0,nan,0,nan,0,nan,0
1597988323830522880,1597988324356000000,2020-08-21 13:38:44.356000,2297.0,2318.0,2284.0,2310.0,nan,2297.0,500229,11494157680.0,1156557,2297.0,995,2296.0,1218,nan,0,nan,0,nan,0,nan,0,nan,0,nan,0,nan,0,nan,0
1597988324329620992,1597988324762000128,2020-08-21 13:38:44.762000,2297.0,2318.0,2284.0,2310.0,nan,2297.0,500229,11494157680.0,1156557,2297.0,995,2296.0,1219,nan,0,nan,0,nan,0,nan,0,nan,0,nan,0,nan,0,nan,0
1597988324846808064,1597988325355000064,2020-08-21 13:38:45.355000,2297.0,2318.0,2284.0,2310.0,nan,2297.0,500239,11494387380.0,1156557,2297.0,984,2296.0,1219,nan,0,nan,0,nan,0,nan,0,nan,0,nan,0,nan,0,nan,0
1597988325405093120,1597988325842999808,2020-08-21 13:38:45.843000,2297.0,2318.0,2284.0,2310.0,nan,2297.0,500239,11494387380.0,1156557,2297.0,987,2296.0,1219,nan,0,nan,0,nan,0,nan,0,nan,0,nan,0,nan,0,nan,0
1597988325911473920,1597988326380999936,2020-08-21 13:38:46.381000,2297.0,2318.0,2284.0,2310.0,nan,2297.0,500239,11494387380.0,1156557,2297.0,987,2296.0,1218,nan,0,nan,0,nan,0,nan,0,nan,0,nan,0,nan,0,nan,0
1597988326394558976,1597988326875000064,2020-08-21 13:38:46.875000,2297.0,2318.0,2284.0,2310.0,nan,2297.0,500270,11495099450.0,1156583,2297.0,956,2296.0,1218,nan,0,nan,0,nan,0,nan,0,nan,0,nan,0,nan,0,nan,0
1597988326878468096,1597988327355000064,2020-08-21 13:38:47.355000,2297.0,2318.0,2284.0,2310.0,nan,2297.0,500271,11495122420.0,1156583,2297.0,955,2296.0,1218,nan,0,nan,0,nan,0,nan,0,nan,0,nan,0,nan,0,nan,0
1597988327335928064,1597988327923000064,2020-08-21 13:38:47.923000,2296.0,2318.0,2284.0,2310.0,nan,2297.0,500274,11495191320.0,1156584,2297.0,953,2296.0,1217,nan,0,nan,0,nan,0,nan,0,nan,0,nan,0,nan,0,nan,0
1597988327840107008,1597988328431000064,2020-08-21 13:38:48.431000,2297.0,2318.0,2284.0,2310.0,nan,2297.0,500276,11495237260.0,1156586,2297.0,951,2296.0,1218,nan,0,nan,0,nan,0,nan,0,nan,0,nan,0,nan,0,nan,0
1597988328845012992,1597988329380999936,2020-08-21 13:38:49.381000,2297.0,2318.0,2284.0,2310.0,nan,2297.0,500278,11495283200.0,1156588,2297.0,949,2296.0,1218,nan,0,nan,0,nan,0,nan,0,nan,0,nan,0,nan,0,nan,0
1597988330335006976,1597988330931000064,2020-08-21 13:38:50.931000,2297.0,2318.0,2284.0,2310.0,nan,2297.0,500278,11495283200.0,1156588,2297.0,951,2296.0,1218,nan,0,nan,0,nan,0,nan,0,nan,0,nan,0,nan,0,nan,0
1597988330872828928,1597988331320000000,2020-08-21 13:38:51.320000,2297.0,2318.0,2284.0,2310.0,nan,2297.0,500278,11495283200.0,1156588,2297.0,953,2296.0,1218,nan,0,nan,0,nan,0,nan,0,nan,0,nan,0,nan,0,nan,0
1597988331335218944,1597988331869999872,2020-08-21 13:38:51.870000,2297.0,2318.0,2284.0,2310.0,nan,2297.0,500279,11495306170.0,1156589,2297.0,944,2296.0,1218,nan,0,nan,0,nan,0,nan,0,nan,0,nan,0,nan,0,nan,0
1597988331830629888,1597988332421999872,2020-08-21 13:38:52.422000,2297.0,2318.0,2284.0,2310.0,nan,2297.0,500280,11495329140.0,1156590,2297.0,943,2296.0,1217,nan,0,nan,0,nan,0,nan,0,nan,0,nan,0,nan,0,nan,0
1597988333345299968,1597988333879000064,2020-08-21 13:38:53.879000,2297.0,2318.0,2284.0,2310.0,nan,2297.0,500280,11495329140.0,1156590,2297.0,944,2296.0,1216,nan,0,nan,0,nan,0,nan,0,nan,0,nan,0,nan,0,nan,0
1597988334860420096,1597988335376000000,2020-08-21 13:38:55.376000,2297.0,2318.0,2284.0,2310.0,nan,2297.0,500280,11495329140.0,1156590,2297.0,944,2296.0,1217,nan,0,nan,0,nan,0,nan,0,nan,0,nan,0,nan,0,nan,0
1597988335830638080,1597988336357000192,2020-08-21 13:38:56.357000,2296.0,2318.0,2284.0,2310.0,nan,2297.0,500281,11495352100.0,1156591,2297.0,945,2296.0,1216,nan,0,nan,0,nan,0,nan,0,nan,0,nan,0,nan,0,nan,0
1597988336339433984,1597988336936000000,2020-08-21 13:38:56.936000,2297.0,2318.0,2284.0,2310.0,nan,2297.0,500283,11495398040.0,1156591,2297.0,943,2296.0,1216,nan,0,nan,0,nan,0,nan,0,nan,0,nan,0,nan,0,nan,0
1597988336850925056,1597988337336000000,2020-08-21 13:38:57.336000,2297.0,2318.0,2284.0,2310.0,nan,2297.0,500284,11495421010.0,1156592,2297.0,943,2296.0,1216,nan,0,nan,0,nan,0,nan,0,nan,0,nan,0,nan,0,nan,0
1597988339340123904,1597988339884000000,2020-08-21 13:38:59.884000,2297.0,2318.0,2284.0,2310.0,nan,2297.0,500285,11495443980.0,1156593,2297.0,943,2296.0,1216,nan,0,nan,0,nan,0,nan,0,nan,0,nan,0,nan,0,nan,0
1597988339831141120,1597988340432000000,2020-08-21 13:39:00.432000,2297.0,2318.0,2284.0,2310.0,nan,2297.0,500285,11495443980.0,1156593,2297.0,962,2296.0,1216,nan,0,nan,0,nan,0,nan,0,nan,0,nan,0,nan,0,nan,0
1597988340334002944,1597988340924000000,2020-08-21 13:39:00.924000,2297.0,2318.0,2284.0,2310.0,nan,2297.0,500285,11495443980.0,1156593,2297.0,963,2296.0,1216,nan,0,nan,0,nan,0,nan,0,nan,0,nan,0,nan,0,nan,0
1597988340853945088,1597988341415000064,2020-08-21 13:39:01.415000,2297.0,2318.0,2284.0,2310.0,nan,2297.0,500323,11496316840.0,1156593,2297.0,925,2296.0,1216,nan,0,nan,0,nan,0,nan,0,nan,0,nan,0,nan,0,nan,0
1597988341865584128,1597988342410000128,2020-08-21 13:39:02.410000,2297.0,2318.0,2284.0,2310.0,nan,2297.0,500324,11496339810.0,1156594,2297.0,924,2296.0,1216,nan,0,nan,0,nan,0,nan,0,nan,0,nan,0,nan,0,nan,0
1597988342336271872,1597988342924999936,2020-08-21 13:39:02.925000,2297.0,2318.0,2284.0,2310.0,nan,2297.0,500339,11496684360.0,1156594,2297.0,910,2296.0,1216,nan,0,nan,0,nan,0,nan,0,nan,0,nan,0,nan,0,nan,0
1597988342834607104,1597988343435000064,2020-08-21 13:39:03.435000,2297.0,2318.0,2284.0,2310.0,nan,2297.0,500339,11496684360.0,1156594,2297.0,907,2296.0,1216,nan,0,nan,0,nan,0,nan,0,nan,0,nan,0,nan,0,nan,0
1597988343336847104,1597988343846999808,2020-08-21 13:39:03.847000,2297.0,2318.0,2284.0,2310.0,nan,2297.0,500340,11496707330.0,1156595,2297.0,906,2296.0,1209,nan,0,nan,0,nan,0,nan,0,nan,0,nan,0,nan,0,nan,0
1597988344334898944,1597988344901999872,2020-08-21 13:39:04.902000,2297.0,2318.0,2284.0,2310.0,nan,2297.0,500340,11496707330.0,1156595,2297.0,907,2296.0,1209,nan,0,nan,0,nan,0,nan,0,nan,0,nan,0,nan,0,nan,0
1597988344860776960,1597988345416999936,2020-08-21 13:39:05.417000,2297.0,2318.0,2284.0,2310.0,nan,2297.0,500340,11496707330.0,1156595,2297.0,908,2296.0,1209,nan,0,nan,0,nan,0,nan,0,nan,0,nan,0,nan,0,nan,0
1597988345865231872,1597988346420999936,2020-08-21 13:39:06.421000,2296.0,2318.0,2284.0,2310.0,nan,2297.0,500348,11496891010.0,1156603,2297.0,908,2296.0,1201,nan,0,nan,0,nan,0,nan,0,nan,0,nan,0,nan,0,nan,0
1597988346368680960,1597988346857000192,2020-08-21 13:39:06.857000,2296.0,2318.0,2284.0,2310.0,nan,2297.0,500356,11497074690.0,1156603,2297.0,908,2296.0,1202,nan,0,nan,0,nan,0,nan,0,nan,0,nan,0,nan,0,nan,0
1597988347446804992,1597988347923000064,2020-08-21 13:39:07.923000,2296.0,2318.0,2284.0,2310.0,nan,2297.0,500368,11497350290.0,1156615,2297.0,901,2296.0,1193,nan,0,nan,0,nan,0,nan,0,nan,0,nan,0,nan,0,nan,0
1597988347830573056,1597988348233999872,2020-08-21 13:39:08.234000,2296.0,2318.0,2284.0,2310.0,nan,2297.0,500368,11497350290.0,1156615,2297.0,902,2296.0,1193,nan,0,nan,0,nan,0,nan,0,nan,0,nan,0,nan,0,nan,0
1597988348338560000,1597988348896000000,2020-08-21 13:39:08.896000,2297.0,2318.0,2284.0,2310.0,nan,2297.0,500373,11497465140.0,1156617,2297.0,897,2296.0,1193,nan,0,nan,0,nan,0,nan,0,nan,0,nan,0,nan,0,nan,0
1597988349355764992,1597988349898000128,2020-08-21 13:39:09.898000,2297.0,2318.0,2284.0,2310.0,nan,2297.0,500373,11497465140.0,1156617,2297.0,904,2296.0,1193,nan,0,nan,0,nan,0,nan,0,nan,0,nan,0,nan,0,nan,0
1597988349833965056,1597988350412000000,2020-08-21 13:39:10.412000,2297.0,2318.0,2284.0,2310.0,nan,2297.0,500373,11497465140.0,1156617,2297.0,906,2296.0,1193,nan,0,nan,0,nan,0,nan,0,nan,0,nan,0,nan,0,nan,0
1597988350416908032,1597988350888000000,2020-08-21 13:39:10.888000,2297.0,2318.0,2284.0,2310.0,nan,2297.0,500374,11497488110.0,1156617,2297.0,905,2296.0,1193,nan,0,nan,0,nan,0,nan,0,nan,0,nan,0,nan,0,nan,0
1597988350931064064,1597988351400000000,2020-08-21 13:39:11.400000,2297.0,2318.0,2284.0,2310.0,nan,2297.0,500376,11497534050.0,1156616,2297.0,903,2296.0,1193,nan,0,nan,0,nan,0,nan,0,nan,0,nan,0,nan,0,nan,0
1597988351340645120,1597988351935000064,2020-08-21 13:39:11.935000,2296.0,2318.0,2284.0,2310.0,nan,2297.0,500379,11497602940.0,1156616,2297.0,903,2296.0,1191,nan,0,nan,0,nan,0,nan,0,nan,0,nan,0,nan,0,nan,0
1597988351831277056,1597988352324999936,2020-08-21 13:39:12.325000,2296.0,2318.0,2284.0,2310.0,nan,2297.0,500380,11497625900.0,1156617,2297.0,903,2296.0,1190,nan,0,nan,0,nan,0,nan,0,nan,0,nan,0,nan,0,nan,0
1597988353333585920,1597988353865999872,2020-08-21 13:39:13.866000,2296.0,2318.0,2284.0,2310.0,nan,2297.0,500380,11497625900.0,1156617,2297.0,902,2296.0,1190,nan,0,nan,0,nan,0,nan,0,nan,0,nan,0,nan,0,nan,0
1597988353831798016,1597988354378000128,2020-08-21 13:39:14.378000,2296.0,2318.0,2284.0,2310.0,nan,2297.0,500380,11497625900.0,1156617,2297.0,902,2296.0,1191,nan,0,nan,0,nan,0,nan,0,nan,0,nan,0,nan,0,nan,0
1597988354332838912,1597988354903000064,2020-08-21 13:39:14.903000,2296.0,2318.0,2284.0,2310.0,nan,2297.0,500380,11497625900.0,1156617,2297.0,902,2296.0,1192,nan,0,nan,0,nan,0,nan,0,nan,0,nan,0,nan,0,nan,0
1597988355830768128,1597988356431000064,2020-08-21 13:39:16.431000,2296.0,2318.0,2284.0,2310.0,nan,2297.0,500380,11497625900.0,1156617,2297.0,902,2296.0,1194,nan,0,nan,0,nan,0,nan,0,nan,0,nan,0,nan,0,nan,0
1597988356335226112,1597988356920999936,2020-08-21 13:39:16.921000,2297.0,2318.0,2284.0,2310.0,nan,2297.0,500381,11497648870.0,1156617,2297.0,901,2296.0,1195,nan,0,nan,0,nan,0,nan,0,nan,0,nan,0,nan,0,nan,0
1597988356831332096,1597988357328999936,2020-08-21 13:39:17.329000,2297.0,2318.0,2284.0,2310.0,nan,2297.0,500383,11497694810.0,1156618,2297.0,899,2296.0,1196,nan,0,nan,0,nan,0,nan,0,nan,0,nan,0,nan,0,nan,0
1597988358333100032,1597988358892000000,2020-08-21 13:39:18.892000,2296.0,2318.0,2284.0,2310.0,nan,2297.0,500384,11497717770.0,1156619,2297.0,893,2296.0,1196,nan,0,nan,0,nan,0,nan,0,nan,0,nan,0,nan,0,nan,0
1597988358832482048,1597988359382999808,2020-08-21 13:39:19.383000,2296.0,2318.0,2284.0,2310.0,nan,2297.0,500385,11497740730.0,1156620,2297.0,900,2296.0,1194,nan,0,nan,0,nan,0,nan,0,nan,0,nan,0,nan,0,nan,0
1597988359337174016,1597988359920000000,2020-08-21 13:39:19.920000,2297.0,2318.0,2284.0,2310.0,nan,2297.0,500386,11497763700.0,1156620,2297.0,897,2296.0,1194,nan,0,nan,0,nan,0,nan,0,nan,0,nan,0,nan,0,nan,0
1597988359832992000,1597988360408999936,2020-08-21 13:39:20.409000,2297.0,2318.0,2284.0,2310.0,nan,2297.0,500386,11497763700.0,1156620,2297.0,899,2296.0,1194,nan,0,nan,0,nan,0,nan,0,nan,0,nan,0,nan,0,nan,0
1597988360331217920,1597988360824000000,2020-08-21 13:39:20.824000,2297.0,2318.0,2284.0,2310.0,nan,2297.0,500386,11497763700.0,1156620,2297.0,902,2296.0,1194,nan,0,nan,0,nan,0,nan,0,nan,0,nan,0,nan,0,nan,0
1597988360831241984,1597988361430000128,2020-08-21 13:39:21.430000,2297.0,2318.0,2284.0,2310.0,nan,2297.0,500386,11497763700.0,1156620,2297.0,912,2296.0,1194,nan,0,nan,0,nan,0,nan,0,nan,0,nan,0,nan,0,nan,0
1597988361333036032,1597988361864000000,2020-08-21 13:39:21.864000,2297.0,2318.0,2284.0,2310.0,nan,2297.0,500386,11497763700.0,1156620,2297.0,917,2296.0,1194,nan,0,nan,0,nan,0,nan,0,nan,0,nan,0,nan,0,nan,0
1597988361830849024,1597988362324000000,2020-08-21 13:39:22.324000,2296.0,2318.0,2284.0,2310.0,nan,2297.0,500388,11497809620.0,1156622,2297.0,917,2296.0,1192,nan,0,nan,0,nan,0,nan,0,nan,0,nan,0,nan,0,nan,0
1597988362389190912,1597988362900999936,2020-08-21 13:39:22.901000,2296.0,2318.0,2284.0,2310.0,nan,2297.0,500388,11497809620.0,1156622,2297.0,919,2296.0,1177,nan,0,nan,0,nan,0,nan,0,nan,0,nan,0,nan,0,nan,0
1597988362832299008,1597988363433000192,2020-08-21 13:39:23.433000,2296.0,2318.0,2284.0,2310.0,nan,2297.0,500388,11497809620.0,1156622,2297.0,919,2296.0,1192,nan,0,nan,0,nan,0,nan,0,nan,0,nan,0,nan,0,nan,0
1597988364336555008,1597988364881999872,2020-08-21 13:39:24.882000,2296.0,2318.0,2284.0,2310.0,nan,2297.0,500388,11497809620.0,1156622,2297.0,918,2296.0,1192,nan,0,nan,0,nan,0,nan,0,nan,0,nan,0,nan,0,nan,0
1597988364831280896,1597988365420000000,2020-08-21 13:39:25.420000,2297.0,2318.0,2284.0,2310.0,nan,2297.0,500389,11497832590.0,1156623,2297.0,917,2296.0,1191,nan,0,nan,0,nan,0,nan,0,nan,0,nan,0,nan,0,nan,0
1597988365335789056,1597988365927000064,2020-08-21 13:39:25.927000,2296.0,2318.0,2284.0,2310.0,nan,2297.0,500390,11497855550.0,1156624,2297.0,917,2296.0,1202,nan,0,nan,0,nan,0,nan,0,nan,0,nan,0,nan,0,nan,0
1597988366331666944,1597988366823000064,2020-08-21 13:39:26.823000,2297.0,2318.0,2284.0,2310.0,nan,2297.0,500392,11497901480.0,1156625,2297.0,916,2296.0,1201,nan,0,nan,0,nan,0,nan,0,nan,0,nan,0,nan,0,nan,0
1597988366833886976,1597988367323000064,2020-08-21 13:39:27.323000,2297.0,2318.0,2284.0,2310.0,nan,2297.0,500392,11497901480.0,1156625,2297.0,917,2296.0,1201,nan,0,nan,0,nan,0,nan,0,nan,0,nan,0,nan,0,nan,0
1597988367338164992,1597988367828999936,2020-08-21 13:39:27.829000,2297.0,2318.0,2284.0,2310.0,nan,2297.0,500392,11497901480.0,1156625,2297.0,905,2296.0,1211,nan,0,nan,0,nan,0,nan,0,nan,0,nan,0,nan,0,nan,0
1597988367833783040,1597988368416000000,2020-08-21 13:39:28.416000,2296.0,2318.0,2284.0,2310.0,nan,2297.0,500397,11498016280.0,1156630,2297.0,899,2296.0,1206,nan,0,nan,0,nan,0,nan,0,nan,0,nan,0,nan,0,nan,0
1597988369330653952,1597988369829999872,2020-08-21 13:39:29.830000,2297.0,2318.0,2284.0,2310.0,nan,2297.0,500398,11498039250.0,1156631,2297.0,901,2296.0,1206,nan,0,nan,0,nan,0,nan,0,nan,0,nan,0,nan,0,nan,0
1597988369831239936,1597988370369999872,2020-08-21 13:39:30.370000,2297.0,2318.0,2284.0,2310.0,nan,2297.0,500398,11498039250.0,1156631,2297.0,902,2296.0,1206,nan,0,nan,0,nan,0,nan,0,nan,0,nan,0,nan,0,nan,0
1597988370335225088,1597988370898999808,2020-08-21 13:39:30.899000,2297.0,2318.0,2284.0,2310.0,nan,2297.0,500398,11498039250.0,1156631,2297.0,902,2296.0,1203,nan,0,nan,0,nan,0,nan,0,nan,0,nan,0,nan,0,nan,0
1597988371831045120,1597988372376000000,2020-08-21 13:39:32.376000,2296.0,2318.0,2284.0,2310.0,nan,2297.0,500400,11498085170.0,1156632,2297.0,909,2296.0,1201,nan,0,nan,0,nan,0,nan,0,nan,0,nan,0,nan,0,nan,0
1597988372330131968,1597988372787000064,2020-08-21 13:39:32.787000,2296.0,2318.0,2284.0,2310.0,nan,2297.0,500401,11498108130.0,1156633,2297.0,911,2296.0,1200,nan,0,nan,0,nan,0,nan,0,nan,0,nan,0,nan,0,nan,0
1597988373329873920,1597988373927000064,2020-08-21 13:39:33.927000,2296.0,2318.0,2284.0,2310.0,nan,2297.0,500401,11498108130.0,1156633,2297.0,911,2296.0,1200,nan,0,nan,0,nan,0,nan,0,nan,0,nan,0,nan,0,nan,0
1597988373828491008,1597988374382999808,2020-08-21 13:39:34.383000,2296.0,2318.0,2284.0,2310.0,nan,2297.0,500401,11498108130.0,1156633,2297.0,913,2296.0,1198,nan,0,nan,0,nan,0,nan,0,nan,0,nan,0,nan,0,nan,0
1597988374331749120,1597988374829999872,2020-08-21 13:39:34.830000,2296.0,2318.0,2284.0,2310.0,nan,2297.0,500401,11498108130.0,1156633,2297.0,913,2296.0,1199,nan,0,nan,0,nan,0,nan,0,nan,0,nan,0,nan,0,nan,0
1597988374830897920,1597988375405999872,2020-08-21 13:39:35.406000,2297.0,2318.0,2284.0,2310.0,nan,2297.0,500403,11498154070.0,1156635,2297.0,911,2296.0,1199,nan,0,nan,0,nan,0,nan,0,nan,0,nan,0,nan,0,nan,0
1597988375331045120,1597988375732000000,2020-08-21 13:39:35.732000,2297.0,2318.0,2284.0,2310.0,nan,2297.0,500403,11498154070.0,1156635,2297.0,912,2296.0,1199,nan,0,nan,0,nan,0,nan,0,nan,0,nan,0,nan,0,nan,0
1597988375831386112,1597988376240000000,2020-08-21 13:39:36.240000,2297.0,2318.0,2284.0,2310.0,nan,2297.0,500423,11498613470.0,1156655,2297.0,892,2296.0,1199,nan,0,nan,0,nan,0,nan,0,nan,0,nan,0,nan,0,nan,0
1597988376334277888,1597988376935000064,2020-08-21 13:39:36.935000,2297.0,2318.0,2284.0,2310.0,nan,2297.0,500424,11498636440.0,1156656,2297.0,891,2296.0,1199,nan,0,nan,0,nan,0,nan,0,nan,0,nan,0,nan,0,nan,0
1597988376835575040,1597988377382999808,2020-08-21 13:39:37.383000,2297.0,2318.0,2284.0,2310.0,nan,2297.0,500424,11498636440.0,1156656,2297.0,891,2296.0,1198,nan,0,nan,0,nan,0,nan,0,nan,0,nan,0,nan,0,nan,0
1597988377333440000,1597988377936000000,2020-08-21 13:39:37.936000,2296.0,2318.0,2284.0,2310.0,nan,2297.0,500425,11498659400.0,1156657,2297.0,892,2296.0,1196,nan,0,nan,0,nan,0,nan,0,nan,0,nan,0,nan,0,nan,0
1597988377829054976,1597988378420000000,2020-08-21 13:39:38.420000,2296.0,2318.0,2284.0,2310.0,nan,2297.0,500425,11498659400.0,1156657,2297.0,893,2296.0,1196,nan,0,nan,0,nan,0,nan,0,nan,0,nan,0,nan,0,nan,0
1597988378365541888,1597988378920999936,2020-08-21 13:39:38.921000,2296.0,2318.0,2284.0,2310.0,nan,2297.0,500425,11498659400.0,1156657,2297.0,893,2296.0,1224,nan,0,nan,0,nan,0,nan,0,nan,0,nan,0,nan,0,nan,0
1597988379330169088,1597988379928000000,2020-08-21 13:39:39.928000,2296.0,2318.0,2284.0,2310.0,nan,2297.0,500432,11498820180.0,1156658,2297.0,887,2296.0,1223,nan,0,nan,0,nan,0,nan,0,nan,0,nan,0,nan,0,nan,0
1597988379836346112,1597988380382999808,2020-08-21 13:39:40.383000,2297.0,2318.0,2284.0,2310.0,nan,2297.0,500438,11498958000.0,1156658,2297.0,881,2296.0,1227,nan,0,nan,0,nan,0,nan,0,nan,0,nan,0,nan,0,nan,0
1597988381833285888,1597988382348999936,2020-08-21 13:39:42.349000,2297.0,2318.0,2284.0,2310.0,nan,2297.0,500443,11499072850.0,1156658,2297.0,895,2296.0,1227,nan,0,nan,0,nan,0,nan,0,nan,0,nan,0,nan,0,nan,0
1597988382833576960,1597988383381999872,2020-08-21 13:39:43.382000,2297.0,2318.0,2284.0,2310.0,nan,2297.0,500443,11499072850.0,1156658,2297.0,877,2296.0,1287,nan,0,nan,0,nan,0,nan,0,nan,0,nan,0,nan,0,nan,0
1597988383332891904,1597988383874000128,2020-08-21 13:39:43.874000,2296.0,2318.0,2284.0,2310.0,nan,2297.0,500444,11499095810.0,1156658,2297.0,879,2296.0,1227,nan,0,nan,0,nan,0,nan,0,nan,0,nan,0,nan,0,nan,0
1597988383829068032,1597988384392000000,2020-08-21 13:39:44.392000,2296.0,2318.0,2284.0,2310.0,nan,2297.0,500444,11499095810.0,1156658,2297.0,889,2296.0,1227,nan,0,nan,0,nan,0,nan,0,nan,0,nan,0,nan,0,nan,0
1597988384332262912,1597988384832999936,2020-08-21 13:39:44.833000,2296.0,2318.0,2284.0,2310.0,nan,2297.0,500444,11499095810.0,1156658,2297.0,889,2296.0,1232,nan,0,nan,0,nan,0,nan,0,nan,0,nan,0,nan,0,nan,0
1597988384829059072,1597988385332000000,2020-08-21 13:39:45.332000,2296.0,2318.0,2284.0,2310.0,nan,2297.0,500444,11499095810.0,1156658,2297.0,890,2296.0,1232,nan,0,nan,0,nan,0,nan,0,nan,0,nan,0,nan,0,nan,0
1597988386331068928,1597988386720999936,2020-08-21 13:39:46.721000,2296.0,2318.0,2284.0,2310.0,nan,2297.0,500444,11499095810.0,1156658,2297.0,888,2296.0,1231,nan,0,nan,0,nan,0,nan,0,nan,0,nan,0,nan,0,nan,0
1597988386828493056,1597988387396000000,2020-08-21 13:39:47.396000,2297.0,2318.0,2284.0,2310.0,nan,2297.0,500446,11499141750.0,1156660,2297.0,910,2296.0,1216,nan,0,nan,0,nan,0,nan,0,nan,0,nan,0,nan,0,nan,0
1597988387328567040,1597988387829999872,2020-08-21 13:39:47.830000,2297.0,2318.0,2284.0,2310.0,nan,2297.0,500446,11499141750.0,1156660,2297.0,910,2296.0,1231,nan,0,nan,0,nan,0,nan,0,nan,0,nan,0,nan,0,nan,0
1597988387828795904,1597988388401999872,2020-08-21 13:39:48.402000,2297.0,2318.0,2284.0,2310.0,nan,2297.0,500449,11499210660.0,1156660,2297.0,915,2296.0,1231,nan,0,nan,0,nan,0,nan,0,nan,0,nan,0,nan,0,nan,0
1597988388330728960,1597988388908999936,2020-08-21 13:39:48.909000,2296.0,2318.0,2284.0,2310.0,nan,2297.0,500452,11499279550.0,1156661,2297.0,914,2296.0,1228,nan,0,nan,0,nan,0,nan,0,nan,0,nan,0,nan,0,nan,0
1597988388829822976,1597988389374000128,2020-08-21 13:39:49.374000,2297.0,2318.0,2284.0,2310.0,nan,2297.0,500482,11499968650.0,1156691,2297.0,886,2296.0,1228,nan,0,nan,0,nan,0,nan,0,nan,0,nan,0,nan,0,nan,0
1597988389330491904,1597988389934000128,2020-08-21 13:39:49.934000,2297.0,2318.0,2284.0,2310.0,nan,2297.0,500482,11499968650.0,1156691,2297.0,886,2296.0,1229,nan,0,nan,0,nan,0,nan,0,nan,0,nan,0,nan,0,nan,0
1597988389829095936,1597988390432000000,2020-08-21 13:39:50.432000,2297.0,2318.0,2284.0,2310.0,nan,2297.0,500483,11499991620.0,1156692,2297.0,885,2296.0,1213,nan,0,nan,0,nan,0,nan,0,nan,0,nan,0,nan,0,nan,0
1597988390333240064,1597988390937999872,2020-08-21 13:39:50.938000,2297.0,2318.0,2284.0,2310.0,nan,2297.0,500486,11500060530.0,1156695,2297.0,882,2296.0,1227,nan,0,nan,0,nan,0,nan,0,nan,0,nan,0,nan,0,nan,0
1597988391829300992,1597988392382999808,2020-08-21 13:39:52.383000,2296.0,2318.0,2284.0,2310.0,nan,2297.0,500487,11500083490.0,1156695,2297.0,882,2296.0,1226,nan,0,nan,0,nan,0,nan,0,nan,0,nan,0,nan,0,nan,0
1597988392328651008,1597988392930000128,2020-08-21 13:39:52.930000,2296.0,2318.0,2284.0,2310.0,nan,2297.0,500487,11500083490.0,1156695,2297.0,883,2296.0,1226,nan,0,nan,0,nan,0,nan,0,nan,0,nan,0,nan,0,nan,0
1597988392852256000,1597988393432000000,2020-08-21 13:39:53.432000,2297.0,2318.0,2284.0,2310.0,nan,2297.0,500488,11500106460.0,1156696,2297.0,880,2296.0,1226,nan,0,nan,0,nan,0,nan,0,nan,0,nan,0,nan,0,nan,0
1597988393829731072,1597988394424999936,2020-08-21 13:39:54.425000,2297.0,2318.0,2284.0,2310.0,nan,2297.0,500488,11500106460.0,1156696,2297.0,880,2296.0,1227,nan,0,nan,0,nan,0,nan,0,nan,0,nan,0,nan,0,nan,0
1597988394832696064,1597988395382999808,2020-08-21 13:39:55.383000,2297.0,2318.0,2284.0,2310.0,nan,2297.0,500489,11500129430.0,1156697,2297.0,879,2296.0,1227,nan,0,nan,0,nan,0,nan,0,nan,0,nan,0,nan,0,nan,0
1597988395332699904,1597988395903000064,2020-08-21 13:39:55.903000,2297.0,2318.0,2284.0,2310.0,nan,2297.0,500489,11500129430.0,1156697,2297.0,878,2296.0,1227,nan,0,nan,0,nan,0,nan,0,nan,0,nan,0,nan,0,nan,0
1597988395832913920,1597988396436000000,2020-08-21 13:39:56.436000,2296.0,2318.0,2284.0,2310.0,nan,2297.0,500520,11500841490.0,1156720,2297.0,848,2296.0,1226,nan,0,nan,0,nan,0,nan,0,nan,0,nan,0,nan,0,nan,0
1597988396330810880,1597988396937999872,2020-08-21 13:39:56.938000,2296.0,2318.0,2284.0,2310.0,nan,2297.0,500520,11500841490.0,1156720,2297.0,847,2296.0,1226,nan,0,nan,0,nan,0,nan,0,nan,0,nan,0,nan,0,nan,0
1597988398830675968,1597988399408999936,2020-08-21 13:39:59.409000,2296.0,2318.0,2284.0,2310.0,nan,2297.0,500522,11500887410.0,1156722,2297.0,824,2296.0,1224,nan,0,nan,0,nan,0,nan,0,nan,0,nan,0,nan,0,nan,0
1597988399330309888,1597988399916000000,2020-08-21 13:39:59.916000,2297.0,2318.0,2284.0,2310.0,nan,2297.0,500523,11500910380.0,1156723,2297.0,815,2296.0,1228,nan,0,nan,0,nan,0,nan,0,nan,0,nan,0,nan,0,nan,0
1597988399853595904,1597988400368999936,2020-08-21 13:40:00.369000,2297.0,2318.0,2284.0,2310.0,nan,2297.0,500523,11500910380.0,1156723,2297.0,819,2296.0,1228,nan,0,nan,0,nan,0,nan,0,nan,0,nan,0,nan,0,nan,0
1597988400335066880,1597988400930000128,2020-08-21 13:40:00.930000,2296.0,2318.0,2284.0,2310.0,nan,2297.0,500526,11500979270.0,1156723,2297.0,820,2296.0,1226,nan,0,nan,0,nan,0,nan,0,nan,0,nan,0,nan,0,nan,0
1597988400832051968,1597988401224999936,2020-08-21 13:40:01.225000,2297.0,2318.0,2284.0,2310.0,nan,2297.0,500528,11501025210.0,1156722,2297.0,818,2296.0,1227,nan,0,nan,0,nan,0,nan,0,nan,0,nan,0,nan,0,nan,0
1597988401333841920,1597988401852000000,2020-08-21 13:40:01.852000,2297.0,2318.0,2284.0,2310.0,nan,2297.0,500528,11501025210.0,1156722,2297.0,818,2296.0,1229,nan,0,nan,0,nan,0,nan,0,nan,0,nan,0,nan,0,nan,0
1597988401827860992,1597988402352999936,2020-08-21 13:40:02.353000,2297.0,2318.0,2284.0,2310.0,nan,2297.0,500528,11501025210.0,1156722,2297.0,818,2296.0,1231,nan,0,nan,0,nan,0,nan,0,nan,0,nan,0,nan,0,nan,0
1597988402330572032,1597988402918999808,2020-08-21 13:40:02.919000,2297.0,2318.0,2284.0,2310.0,nan,2297.0,500528,11501025210.0,1156722,2297.0,819,2296.0,1231,nan,0,nan,0,nan,0,nan,0,nan,0,nan,0,nan,0,nan,0
1597988402829338112,1597988403311000064,2020-08-21 13:40:03.311000,2297.0,2318.0,2284.0,2310.0,nan,2297.0,500528,11501025210.0,1156722,2297.0,820,2296.0,1231,nan,0,nan,0,nan,0,nan,0,nan,0,nan,0,nan,0,nan,0
1597988403831607040,1597988404411000064,2020-08-21 13:40:04.411000,2296.0,2318.0,2284.0,2310.0,nan,2297.0,500530,11501071130.0,1156724,2297.0,822,2296.0,1230,nan,0,nan,0,nan,0,nan,0,nan,0,nan,0,nan,0,nan,0
1597988404332056064,1597988404903000064,2020-08-21 13:40:04.903000,2296.0,2318.0,2284.0,2310.0,nan,2297.0,500551,11501553490.0,1156741,2297.0,803,2296.0,1228,nan,0,nan,0,nan,0,nan,0,nan,0,nan,0,nan,0,nan,0
1597988404828346112,1597988405331000064,2020-08-21 13:40:05.331000,2296.0,2318.0,2284.0,2310.0,nan,2297.0,500551,11501553490.0,1156741,2297.0,806,2296.0,1229,nan,0,nan,0,nan,0,nan,0,nan,0,nan,0,nan,0,nan,0
1597988405330734080,1597988405897000192,2020-08-21 13:40:05.897000,2296.0,2318.0,2284.0,2310.0,nan,2297.0,500551,11501553490.0,1156741,2297.0,806,2296.0,1414,nan,0,nan,0,nan,0,nan,0,nan,0,nan,0,nan,0,nan,0
1597988405834780928,1597988406426000128,2020-08-21 13:40:06.426000,2296.0,2318.0,2284.0,2310.0,nan,2297.0,500551,11501553490.0,1156741,2297.0,806,2296.0,1419,nan,0,nan,0,nan,0,nan,0,nan,0,nan,0,nan,0,nan,0
1597988406334724096,1597988406897000192,2020-08-21 13:40:06.897000,2297.0,2318.0,2284.0,2310.0,nan,2297.0,500829,11507939150.0,1156756,2297.0,525,2296.0,1404,nan,0,nan,0,nan,0,nan,0,nan,0,nan,0,nan,0,nan,0
1597988406840498944,1597988407437999872,2020-08-21 13:40:07.438000,2297.0,2318.0,2284.0,2310.0,nan,2297.0,500830,11507962120.0,1156756,2297.0,534,2296.0,1406,nan,0,nan,0,nan,0,nan,0,nan,0,nan,0,nan,0,nan,0
1597988407830450944,1597988408329999872,2020-08-21 13:40:08.330000,2296.0,2318.0,2284.0,2310.0,nan,2297.0,500842,11508237640.0,1156756,2297.0,536,2296.0,1395,nan,0,nan,0,nan,0,nan,0,nan,0,nan,0,nan,0,nan,0
1597988408334682112,1597988408895000064,2020-08-21 13:40:08.895000,2297.0,2318.0,2284.0,2310.0,nan,2297.0,500843,11508260610.0,1156755,2297.0,535,2296.0,1410,nan,0,nan,0,nan,0,nan,0,nan,0,nan,0,nan,0,nan,0
1597988408867329024,1597988409408000000,2020-08-21 13:40:09.408000,2297.0,2318.0,2284.0,2310.0,nan,2297.0,500844,11508283580.0,1156755,2297.0,529,2296.0,1410,nan,0,nan,0,nan,0,nan,0,nan,0,nan,0,nan,0,nan,0
1597988409328804096,1597988409839000064,2020-08-21 13:40:09.839000,2297.0,2318.0,2284.0,2310.0,nan,2297.0,500844,11508283580.0,1156755,2297.0,530,2296.0,1420,nan,0,nan,0,nan,0,nan,0,nan,0,nan,0,nan,0,nan,0
1597988409830246912,1597988410403000064,2020-08-21 13:40:10.403000,2297.0,2318.0,2284.0,2310.0,nan,2297.0,500844,11508283580.0,1156755,2297.0,530,2296.0,1495,nan,0,nan,0,nan,0,nan,0,nan,0,nan,0,nan,0,nan,0
1597988410331333120,1597988410824999936,2020-08-21 13:40:10.825000,2297.0,2318.0,2284.0,2310.0,nan,2297.0,500844,11508283580.0,1156755,2297.0,530,2296.0,1496,nan,0,nan,0,nan,0,nan,0,nan,0,nan,0,nan,0,nan,0
1597988410832741120,1597988411436000000,2020-08-21 13:40:11.436000,2296.0,2318.0,2284.0,2310.0,nan,2297.0,500845,11508306540.0,1156756,2297.0,571,2296.0,1495,nan,0,nan,0,nan,0,nan,0,nan,0,nan,0,nan,0,nan,0
1597988411329125120,1597988411924999936,2020-08-21 13:40:11.925000,2296.0,2318.0,2284.0,2310.0,nan,2297.0,500850,11508421380.0,1156752,2297.0,569,2296.0,1479,nan,0,nan,0,nan,0,nan,0,nan,0,nan,0,nan,0,nan,0
1597988411829391872,1597988412364999936,2020-08-21 13:40:12.365000,2296.0,2318.0,2284.0,2310.0,nan,2297.0,500850,11508421380.0,1156752,2297.0,569,2296.0,1494,nan,0,nan,0,nan,0,nan,0,nan,0,nan,0,nan,0,nan,0
1597988412331971072,1597988412930000128,2020-08-21 13:40:12.930000,2296.0,2318.0,2284.0,2310.0,nan,2297.0,500853,11508490280.0,1156753,2297.0,585,2296.0,1493,nan,0,nan,0,nan,0,nan,0,nan,0,nan,0,nan,0,nan,0
1597988412847020032,1597988413384000000,2020-08-21 13:40:13.384000,2296.0,2318.0,2284.0,2310.0,nan,2297.0,500867,11508811720.0,1156767,2297.0,618,2296.0,1479,nan,0,nan,0,nan,0,nan,0,nan,0,nan,0,nan,0,nan,0
1597988413328116992,1597988413832999936,2020-08-21 13:40:13.833000,2297.0,2318.0,2284.0,2310.0,nan,2297.0,500882,11509156230.0,1156757,2297.0,607,2296.0,1474,nan,0,nan,0,nan,0,nan,0,nan,0,nan,0,nan,0,nan,0
1597988413835405056,1597988414356000000,2020-08-21 13:40:14.356000,2296.0,2318.0,2284.0,2310.0,nan,2297.0,500902,11509615530.0,1156758,2297.0,586,2296.0,1464,nan,0,nan,0,nan,0,nan,0,nan,0,nan,0,nan,0,nan,0
1597988414329737984,1597988414881999872,2020-08-21 13:40:14.882000,2297.0,2318.0,2284.0,2310.0,nan,2297.0,500922,11510074930.0,1156758,2297.0,566,2296.0,1464,nan,0,nan,0,nan,0,nan,0,nan,0,nan,0,nan,0,nan,0
1597988414829640960,1597988415323000064,2020-08-21 13:40:15.323000,2297.0,2318.0,2284.0,2310.0,nan,2297.0,500922,11510074930.0,1156758,2297.0,566,2296.0,1467,nan,0,nan,0,nan,0,nan,0,nan,0,nan,0,nan,0,nan,0
1597988415329305088,1597988415824999936,2020-08-21 13:40:15.825000,2297.0,2318.0,2284.0,2310.0,nan,2297.0,500923,11510097900.0,1156757,2297.0,566,2296.0,1467,nan,0,nan,0,nan,0,nan,0,nan,0,nan,0,nan,0,nan,0
1597988416828611072,1597988417420999936,2020-08-21 13:40:17.421000,2297.0,2318.0,2284.0,2310.0,nan,2297.0,500923,11510097900.0,1156757,2297.0,587,2296.0,1460,nan,0,nan,0,nan,0,nan,0,nan,0,nan,0,nan,0,nan,0
1597988417329645056,1597988417869999872,2020-08-21 13:40:17.870000,2297.0,2318.0,2284.0,2310.0,nan,2297.0,500923,11510097900.0,1156757,2297.0,589,2296.0,1461,nan,0,nan,0,nan,0,nan,0,nan,0,nan,0,nan,0,nan,0
1597988417857206016,1597988418362999808,2020-08-21 13:40:18.363000,2297.0,2318.0,2284.0,2310.0,nan,2297.0,500923,11510097900.0,1156757,2297.0,590,2296.0,1462,nan,0,nan,0,nan,0,nan,0,nan,0,nan,0,nan,0,nan,0
1597988418331543040,1597988418917999872,2020-08-21 13:40:18.918000,2297.0,2318.0,2284.0,2310.0,nan,2297.0,500923,11510097900.0,1156757,2297.0,591,2296.0,1456,nan,0,nan,0,nan,0,nan,0,nan,0,nan,0,nan,0,nan,0
1597988419330503936,1597988419924999936,2020-08-21 13:40:19.925000,2297.0,2318.0,2284.0,2310.0,nan,2297.0,500923,11510097900.0,1156757,2297.0,594,2296.0,1456,nan,0,nan,0,nan,0,nan,0,nan,0,nan,0,nan,0,nan,0
1597988420328583936,1597988420932000000,2020-08-21 13:40:20.932000,2296.0,2318.0,2284.0,2310.0,nan,2297.0,500925,11510143830.0,1156758,2297.0,594,2296.0,1455,nan,0,nan,0,nan,0,nan,0,nan,0,nan,0,nan,0,nan,0
1597988420840009984,1597988421364999936,2020-08-21 13:40:21.365000,2297.0,2318.0,2284.0,2310.0,nan,2297.0,500926,11510166800.0,1156758,2297.0,594,2296.0,1455,nan,0,nan,0,nan,0,nan,0,nan,0,nan,0,nan,0,nan,0
1597988421328743936,1597988421831000064,2020-08-21 13:40:21.831000,2297.0,2318.0,2284.0,2310.0,nan,2297.0,500926,11510166800.0,1156758,2297.0,593,2296.0,1455,nan,0,nan,0,nan,0,nan,0,nan,0,nan,0,nan,0,nan,0
1597988421831951872,1597988422318000128,2020-08-21 13:40:22.318000,2297.0,2318.0,2284.0,2310.0,nan,2297.0,500944,11510580260.0,1156758,2297.0,575,2296.0,1455,nan,0,nan,0,nan,0,nan,0,nan,0,nan,0,nan,0,nan,0
1597988422833404928,1597988423408999936,2020-08-21 13:40:23.409000,2297.0,2318.0,2284.0,2310.0,nan,2297.0,500946,11510626190.0,1156759,2297.0,579,2296.0,1454,nan,0,nan,0,nan,0,nan,0,nan,0,nan,0,nan,0,nan,0
1597988423332130048,1597988423823000064,2020-08-21 13:40:23.823000,2297.0,2318.0,2284.0,2310.0,nan,2297.0,500949,11510695100.0,1156759,2297.0,576,2296.0,1456,nan,0,nan,0,nan,0,nan,0,nan,0,nan,0,nan,0,nan,0
1597988423838757888,1597988424434000128,2020-08-21 13:40:24.434000,2296.0,2318.0,2284.0,2310.0,nan,2297.0,500951,11510741020.0,1156761,2297.0,576,2296.0,1454,nan,0,nan,0,nan,0,nan,0,nan,0,nan,0,nan,0,nan,0
1597988424328406016,1597988424828000000,2020-08-21 13:40:24.828000,2296.0,2318.0,2284.0,2310.0,nan,2297.0,500955,11510832860.0,1156761,2297.0,577,2296.0,1468,nan,0,nan,0,nan,0,nan,0,nan,0,nan,0,nan,0,nan,0
1597988424833886976,1597988425384000000,2020-08-21 13:40:25.384000,2296.0,2318.0,2284.0,2310.0,nan,2297.0,500955,11510832860.0,1156761,2297.0,577,2296.0,1469,nan,0,nan,0,nan,0,nan,0,nan,0,nan,0,nan,0,nan,0
1597988425331616000,1597988425864999936,2020-08-21 13:40:25.865000,2296.0,2318.0,2284.0,2310.0,nan,2297.0,500955,11510832860.0,1156761,2297.0,577,2296.0,1471,nan,0,nan,0,nan,0,nan,0,nan,0,nan,0,nan,0,nan,0
1597988425829296128,1597988426431000064,2020-08-21 13:40:26.431000,2296.0,2318.0,2284.0,2310.0,nan,2297.0,500980,11511407100.0,1156737,2297.0,553,2296.0,1472,nan,0,nan,0,nan,0,nan,0,nan,0,nan,0,nan,0,nan,0
1597988426337292032,1597988426860000000,2020-08-21 13:40:26.860000,2296.0,2318.0,2284.0,2310.0,nan,2297.0,500982,11511453020.0,1156737,2297.0,553,2296.0,1471,nan,0,nan,0,nan,0,nan,0,nan,0,nan,0,nan,0,nan,0
1597988426880109056,1597988427434000128,2020-08-21 13:40:27.434000,2297.0,2318.0,2284.0,2310.0,nan,2297.0,500983,11511475990.0,1156737,2297.0,551,2296.0,1471,nan,0,nan,0,nan,0,nan,0,nan,0,nan,0,nan,0,nan,0
1597988427833274112,1597988428364000000,2020-08-21 13:40:28.364000,2297.0,2318.0,2284.0,2310.0,nan,2297.0,500983,11511475990.0,1156737,2297.0,556,2296.0,1472,nan,0,nan,0,nan,0,nan,0,nan,0,nan,0,nan,0,nan,0
1597988428331610112,1597988428905999872,2020-08-21 13:40:28.906000,2297.0,2318.0,2284.0,2310.0,nan,2297.0,500983,11511475990.0,1156737,2297.0,556,2296.0,1473,nan,0,nan,0,nan,0,nan,0,nan,0,nan,0,nan,0,nan,0
1597988428830328064,1597988429418999808,2020-08-21 13:40:29.419000,2297.0,2318.0,2284.0,2310.0,nan,2297.0,500983,11511475990.0,1156737,2297.0,556,2296.0,1476,nan,0,nan,0,nan,0,nan,0,nan,0,nan,0,nan,0,nan,0
1597988429330480896,1597988429823000064,2020-08-21 13:40:29.823000,2297.0,2318.0,2284.0,2310.0,nan,2297.0,500993,11511705690.0,1156737,2297.0,546,2296.0,1476,nan,0,nan,0,nan,0,nan,0,nan,0,nan,0,nan,0,nan,0
1597988429830716928,1597988430434000128,2020-08-21 13:40:30.434000,2296.0,2318.0,2284.0,2310.0,nan,2297.0,500995,11511751620.0,1156737,2297.0,545,2296.0,1475,nan,0,nan,0,nan,0,nan,0,nan,0,nan,0,nan,0,nan,0
1597988430350351872,1597988430905999872,2020-08-21 13:40:30.906000,2297.0,2318.0,2284.0,2310.0,nan,2297.0,501007,11512027160.0,1156735,2297.0,478,2296.0,1465,nan,0,nan,0,nan,0,nan,0,nan,0,nan,0,nan,0,nan,0
1597988430830522880,1597988431395000064,2020-08-21 13:40:31.395000,2297.0,2318.0,2284.0,2310.0,nan,2297.0,501007,11512027160.0,1156735,2297.0,478,2296.0,1464,nan,0,nan,0,nan,0,nan,0,nan,0,nan,0,nan,0,nan,0
1597988431351316992,1597988431910000128,2020-08-21 13:40:31.910000,2297.0,2318.0,2284.0,2310.0,nan,2297.0,501008,11512050130.0,1156735,2297.0,478,2296.0,1464,nan,0,nan,0,nan,0,nan,0,nan,0,nan,0,nan,0,nan,0
1597988431831022080,1597988432302000128,2020-08-21 13:40:32.302000,2296.0,2318.0,2284.0,2310.0,nan,2297.0,501009,11512073090.0,1156736,2297.0,478,2296.0,1463,nan,0,nan,0,nan,0,nan,0,nan,0,nan,0,nan,0,nan,0
1597988432337691904,1597988432823000064,2020-08-21 13:40:32.823000,2297.0,2318.0,2284.0,2310.0,nan,2297.0,501010,11512096060.0,1156736,2297.0,477,2296.0,1463,nan,0,nan,0,nan,0,nan,0,nan,0,nan,0,nan,0,nan,0
1597988432833262080,1597988433432000000,2020-08-21 13:40:33.432000,2297.0,2318.0,2284.0,2310.0,nan,2297.0,501010,11512096060.0,1156736,2297.0,478,2296.0,1448,nan,0,nan,0,nan,0,nan,0,nan,0,nan,0,nan,0,nan,0
1597988433329039872,1597988433854000128,2020-08-21 13:40:33.854000,2297.0,2318.0,2284.0,2310.0,nan,2297.0,501010,11512096060.0,1156736,2297.0,483,2296.0,1463,nan,0,nan,0,nan,0,nan,0,nan,0,nan,0,nan,0,nan,0
1597988433863418112,1597988434384000000,2020-08-21 13:40:34.384000,2296.0,2318.0,2284.0,2310.0,nan,2297.0,501011,11512119020.0,1156737,2297.0,511,2296.0,1462,nan,0,nan,0,nan,0,nan,0,nan,0,nan,0,nan,0,nan,0
1597988434328399872,1597988434808999936,2020-08-21 13:40:34.809000,2296.0,2318.0,2284.0,2310.0,nan,2297.0,501011,11512119020.0,1156737,2297.0,512,2296.0,1462,nan,0,nan,0,nan,0,nan,0,nan,0,nan,0,nan,0,nan,0
1597988435346255104,1597988435910000128,2020-08-21 13:40:35.910000,2296.0,2318.0,2284.0,2310.0,nan,2297.0,501011,11512119020.0,1156737,2297.0,513,2296.0,1462,nan,0,nan,0,nan,0,nan,0,nan,0,nan,0,nan,0,nan,0
1597988436335304960,1597988436740000000,2020-08-21 13:40:36.740000,2297.0,2318.0,2284.0,2310.0,nan,2297.0,501012,11512141990.0,1156737,2297.0,512,2296.0,1462,nan,0,nan,0,nan,0,nan,0,nan,0,nan,0,nan,0,nan,0
1597988437332841984,1597988437935000064,2020-08-21 13:40:37.935000,2297.0,2318.0,2284.0,2310.0,nan,2297.0,501012,11512141990.0,1156737,2297.0,529,2296.0,1465,nan,0,nan,0,nan,0,nan,0,nan,0,nan,0,nan,0,nan,0
1597988438329473024,1597988438834000128,2020-08-21 13:40:38.834000,2296.0,2318.0,2284.0,2310.0,nan,2297.0,501013,11512164950.0,1156738,2297.0,530,2296.0,1464,nan,0,nan,0,nan,0,nan,0,nan,0,nan,0,nan,0,nan,0
1597988439830071040,1597988440400999936,2020-08-21 13:40:40.401000,2296.0,2318.0,2284.0,2310.0,nan,2297.0,501013,11512164950.0,1156738,2297.0,532,2296.0,1485,nan,0,nan,0,nan,0,nan,0,nan,0,nan,0,nan,0,nan,0
1597988440334371072,1597988440910000128,2020-08-21 13:40:40.910000,2296.0,2318.0,2284.0,2310.0,nan,2297.0,501079,11513680320.0,1156727,2297.0,496,2296.0,1424,nan,0,nan,0,nan,0,nan,0,nan,0,nan,0,nan,0,nan,0
1597988440839218944,1597988441420999936,2020-08-21 13:40:41.421000,2296.0,2318.0,2284.0,2310.0,nan,2297.0,501081,11513726240.0,1156725,2297.0,487,2296.0,1422,nan,0,nan,0,nan,0,nan,0,nan,0,nan,0,nan,0,nan,0
1597988441333047040,1597988441860999936,2020-08-21 13:40:41.861000,2297.0,2318.0,2284.0,2310.0,nan,2297.0,501082,11513749210.0,1156724,2297.0,486,2296.0,1423,nan,0,nan,0,nan,0,nan,0,nan,0,nan,0,nan,0,nan,0
1597988441829267968,1597988442424000000,2020-08-21 13:40:42.424000,2296.0,2318.0,2284.0,2310.0,nan,2297.0,501084,11513795130.0,1156724,2297.0,486,2296.0,1421,nan,0,nan,0,nan,0,nan,0,nan,0,nan,0,nan,0,nan,0
1597988442337851904,1597988442881999872,2020-08-21 13:40:42.882000,2296.0,2318.0,2284.0,2310.0,nan,2297.0,501084,11513795130.0,1156724,2297.0,485,2296.0,1421,nan,0,nan,0,nan,0,nan,0,nan,0,nan,0,nan,0,nan,0
1597988442828914944,1597988443434000128,2020-08-21 13:40:43.434000,2296.0,2318.0,2284.0,2310.0,nan,2297.0,501084,11513795130.0,1156724,2297.0,486,2296.0,1421,nan,0,nan,0,nan,0,nan,0,nan,0,nan,0,nan,0,nan,0
1597988443333972992,1597988443831000064,2020-08-21 13:40:43.831000,2296.0,2318.0,2284.0,2310.0,nan,2297.0,501084,11513795130.0,1156724,2297.0,486,2296.0,1422,nan,0,nan,0,nan,0,nan,0,nan,0,nan,0,nan,0,nan,0
1597988443827878912,1597988444390000128,2020-08-21 13:40:44.390000,2296.0,2318.0,2284.0,2310.0,nan,2297.0,501086,11513841050.0,1156725,2297.0,486,2296.0,1420,nan,0,nan,0,nan,0,nan,0,nan,0,nan,0,nan,0,nan,0
1597988444353376000,1597988444802000128,2020-08-21 13:40:44.802000,2296.0,2318.0,2284.0,2310.0,nan,2297.0,501086,11513841050.0,1156725,2297.0,486,2296.0,1421,nan,0,nan,0,nan,0,nan,0,nan,0,nan,0,nan,0,nan,0
1597988444832020992,1597988445427000064,2020-08-21 13:40:45.427000,2297.0,2318.0,2284.0,2310.0,nan,2297.0,501087,11513864020.0,1156725,2297.0,685,2296.0,1421,nan,0,nan,0,nan,0,nan,0,nan,0,nan,0,nan,0,nan,0
1597988445326312960,1597988445926000128,2020-08-21 13:40:45.926000,2297.0,2318.0,2284.0,2310.0,nan,2297.0,501088,11513886990.0,1156724,2297.0,685,2296.0,1421,nan,0,nan,0,nan,0,nan,0,nan,0,nan,0,nan,0,nan,0
1597988445829847040,1597988446384999936,2020-08-21 13:40:46.385000,2297.0,2318.0,2284.0,2310.0,nan,2297.0,501114,11514484210.0,1156724,2297.0,659,2296.0,1421,nan,0,nan,0,nan,0,nan,0,nan,0,nan,0,nan,0,nan,0
1597988446327154944,1597988446924999936,2020-08-21 13:40:46.925000,2296.0,2318.0,2284.0,2310.0,nan,2297.0,501117,11514553090.0,1156724,2297.0,659,2296.0,1418,nan,0,nan,0,nan,0,nan,0,nan,0,nan,0,nan,0,nan,0
1597988446839376896,1597988447360999936,2020-08-21 13:40:47.361000,2297.0,2318.0,2284.0,2310.0,nan,2297.0,501215,11516804150.0,1156724,2297.0,561,2296.0,1418,nan,0,nan,0,nan,0,nan,0,nan,0,nan,0,nan,0,nan,0
1597988447381268992,1597988447936000000,2020-08-21 13:40:47.936000,2296.0,2318.0,2284.0,2310.0,nan,2297.0,501216,11516827110.0,1156725,2297.0,562,2296.0,1417,nan,0,nan,0,nan,0,nan,0,nan,0,nan,0,nan,0,nan,0
1597988447828669952,1597988448256000000,2020-08-21 13:40:48.256000,2296.0,2318.0,2284.0,2310.0,nan,2297.0,501217,11516850070.0,1156726,2297.0,562,2296.0,1417,nan,0,nan,0,nan,0,nan,0,nan,0,nan,0,nan,0,nan,0
1597988449334081024,1597988449851000064,2020-08-21 13:40:49.851000,2296.0,2318.0,2284.0,2310.0,nan,2297.0,501220,11516918950.0,1156729,2297.0,564,2296.0,1412,nan,0,nan,0,nan,0,nan,0,nan,0,nan,0,nan,0,nan,0
1597988449829401088,1597988450360999936,2020-08-21 13:40:50.361000,2297.0,2318.0,2284.0,2310.0,nan,2297.0,501256,11517745870.0,1156729,2297.0,529,2296.0,1412,nan,0,nan,0,nan,0,nan,0,nan,0,nan,0,nan,0,nan,0
1597988450329121024,1597988450928000000,2020-08-21 13:40:50.928000,2296.0,2318.0,2284.0,2310.0,nan,2297.0,501301,11518779070.0,1156721,2297.0,529,2296.0,1423,nan,0,nan,0,nan,0,nan,0,nan,0,nan,0,nan,0,nan,0
1597988450830842112,1597988451323000064,2020-08-21 13:40:51.323000,2296.0,2318.0,2284.0,2310.0,nan,2297.0,501301,11518779070.0,1156721,2297.0,532,2296.0,1423,nan,0,nan,0,nan,0,nan,0,nan,0,nan,0,nan,0,nan,0
1597988451328364032,1597988451910000128,2020-08-21 13:40:51.910000,2296.0,2318.0,2284.0,2310.0,nan,2297.0,501301,11518779070.0,1156721,2297.0,533,2296.0,1423,nan,0,nan,0,nan,0,nan,0,nan,0,nan,0,nan,0,nan,0
1597988451828943872,1597988452424999936,2020-08-21 13:40:52.425000,2297.0,2318.0,2284.0,2310.0,nan,2297.0,501308,11518939860.0,1156721,2297.0,526,2296.0,1423,nan,0,nan,0,nan,0,nan,0,nan,0,nan,0,nan,0,nan,0
1597988452328345088,1597988452825999872,2020-08-21 13:40:52.826000,2297.0,2318.0,2284.0,2310.0,nan,2297.0,501308,11518939860.0,1156721,2297.0,527,2296.0,1423,nan,0,nan,0,nan,0,nan,0,nan,0,nan,0,nan,0,nan,0
1597988452832098048,1597988453372000000,2020-08-21 13:40:53.372000,2296.0,2318.0,2284.0,2310.0,nan,2297.0,501313,11519054660.0,1156721,2297.0,528,2296.0,1418,nan,0,nan,0,nan,0,nan,0,nan,0,nan,0,nan,0,nan,0
1597988453327586048,1597988453731000064,2020-08-21 13:40:53.731000,2296.0,2318.0,2284.0,2310.0,nan,2297.0,501313,11519054660.0,1156721,2297.0,528,2296.0,1427,nan,0,nan,0,nan,0,nan,0,nan,0,nan,0,nan,0,nan,0
1597988453827831040,1597988454413000192,2020-08-21 13:40:54.413000,2296.0,2318.0,2284.0,2310.0,nan,2297.0,501326,11519353200.0,1156723,2297.0,530,2296.0,1427,nan,0,nan,0,nan,0,nan,0,nan,0,nan,0,nan,0,nan,0
1597988454330324992,1597988454892999936,2020-08-21 13:40:54.893000,2296.0,2318.0,2284.0,2310.0,nan,2297.0,501332,11519490960.0,1156723,2297.0,530,2296.0,1404,nan,0,nan,0,nan,0,nan,0,nan,0,nan,0,nan,0,nan,0
1597988454829532928,1597988455384999936,2020-08-21 13:40:55.385000,2296.0,2318.0,2284.0,2310.0,nan,2297.0,501332,11519490960.0,1156723,2297.0,535,2296.0,1418,nan,0,nan,0,nan,0,nan,0,nan,0,nan,0,nan,0,nan,0
1597988455329338112,1597988455831000064,2020-08-21 13:40:55.831000,2297.0,2318.0,2284.0,2310.0,nan,2297.0,501347,11519835510.0,1156737,2297.0,525,2296.0,1418,nan,0,nan,0,nan,0,nan,0,nan,0,nan,0,nan,0,nan,0
1597988455829881088,1597988456220999936,2020-08-21 13:40:56.221000,2297.0,2318.0,2284.0,2310.0,nan,2297.0,501347,11519835510.0,1156737,2297.0,524,2296.0,1419,nan,0,nan,0,nan,0,nan,0,nan,0,nan,0,nan,0,nan,0
1597988456331333120,1597988456894000128,2020-08-21 13:40:56.894000,2297.0,2318.0,2284.0,2310.0,nan,2297.0,501350,11519904420.0,1156738,2297.0,521,2296.0,1419,nan,0,nan,0,nan,0,nan,0,nan,0,nan,0,nan,0,nan,0
1597988457331524096,1597988457931000064,2020-08-21 13:40:57.931000,2297.0,2318.0,2284.0,2310.0,nan,2297.0,501350,11519904420.0,1156738,2297.0,521,2296.0,1416,nan,0,nan,0,nan,0,nan,0,nan,0,nan,0,nan,0,nan,0
1597988458829778944,1597988459400999936,2020-08-21 13:40:59.401000,2297.0,2318.0,2284.0,2310.0,nan,2297.0,501356,11520042240.0,1156739,2297.0,515,2296.0,1416,nan,0,nan,0,nan,0,nan,0,nan,0,nan,0,nan,0,nan,0
1597988459328338944,1597988459824999936,2020-08-21 13:40:59.825000,2296.0,2318.0,2284.0,2310.0,nan,2297.0,501357,11520065200.0,1156739,2297.0,515,2296.0,1416,nan,0,nan,0,nan,0,nan,0,nan,0,nan,0,nan,0,nan,0
1597988459830721024,1597988460326999808,2020-08-21 13:41:00.327000,2296.0,2318.0,2284.0,2310.0,nan,2297.0,501357,11520065200.0,1156739,2297.0,553,2296.0,1416,nan,0,nan,0,nan,0,nan,0,nan,0,nan,0,nan,0,nan,0
1597988460327886080,1597988460836000000,2020-08-21 13:41:00.836000,2296.0,2318.0,2284.0,2310.0,nan,2297.0,501357,11520065200.0,1156739,2297.0,559,2296.0,1416,nan,0,nan,0,nan,0,nan,0,nan,0,nan,0,nan,0,nan,0
1597988460828839936,1597988461427000064,2020-08-21 13:41:01.427000,2296.0,2318.0,2284.0,2310.0,nan,2297.0,501359,11520111120.0,1156741,2297.0,559,2296.0,1414,nan,0,nan,0,nan,0,nan,0,nan,0,nan,0,nan,0,nan,0
1597988461380609024,1597988461832000000,2020-08-21 13:41:01.832000,2296.0,2318.0,2284.0,2310.0,nan,2297.0,501359,11520111120.0,1156741,2297.0,556,2296.0,1414,nan,0,nan,0,nan,0,nan,0,nan,0,nan,0,nan,0,nan,0
1597988461826499072,1597988462404000000,2020-08-21 13:41:02.404000,2296.0,2318.0,2284.0,2310.0,nan,2297.0,501359,11520111120.0,1156741,2297.0,557,2296.0,1414,nan,0,nan,0,nan,0,nan,0,nan,0,nan,0,nan,0,nan,0
1597988462348253952,1597988462901999872,2020-08-21 13:41:02.902000,2296.0,2318.0,2284.0,2310.0,nan,2297.0,501361,11520157040.0,1156742,2297.0,568,2296.0,1414,nan,0,nan,0,nan,0,nan,0,nan,0,nan,0,nan,0,nan,0
1597988462844196096,1597988463372000000,2020-08-21 13:41:03.372000,2296.0,2318.0,2284.0,2310.0,nan,2297.0,501413,11521350970.0,1156792,2297.0,516,2296.0,1363,nan,0,nan,0,nan,0,nan,0,nan,0,nan,0,nan,0,nan,0
1597988463331825920,1597988463920000000,2020-08-21 13:41:03.920000,2297.0,2318.0,2284.0,2310.0,nan,2297.0,501416,11521419860.0,1156791,2297.0,516,2296.0,1378,nan,0,nan,0,nan,0,nan,0,nan,0,nan,0,nan,0,nan,0
1597988463829201920,1597988464430000128,2020-08-21 13:41:04.430000,2296.0,2318.0,2284.0,2310.0,nan,2297.0,501420,11521511710.0,1156794,2297.0,514,2296.0,1375,nan,0,nan,0,nan,0,nan,0,nan,0,nan,0,nan,0,nan,0
1597988464328537088,1597988464920000000,2020-08-21 13:41:04.920000,2296.0,2318.0,2284.0,2310.0,nan,2297.0,501420,11521511710.0,1156794,2297.0,524,2296.0,1375,nan,0,nan,0,nan,0,nan,0,nan,0,nan,0,nan,0,nan,0
1597988464825875968,1597988465360999936,2020-08-21 13:41:05.361000,2296.0,2318.0,2284.0,2310.0,nan,2297.0,501420,11521511710.0,1156794,2297.0,527,2296.0,1375,nan,0,nan,0,nan,0,nan,0,nan,0,nan,0,nan,0,nan,0
1597988465328592896,1597988465825999872,2020-08-21 13:41:05.826000,2296.0,2318.0,2284.0,2310.0,nan,2297.0,501420,11521511710.0,1156794,2297.0,526,2296.0,1375,nan,0,nan,0,nan,0,nan,0,nan,0,nan,0,nan,0,nan,0
1597988465827034880,1597988466433000192,2020-08-21 13:41:06.433000,2296.0,2318.0,2284.0,2310.0,nan,2297.0,501420,11521511710.0,1156794,2297.0,517,2296.0,1375,nan,0,nan,0,nan,0,nan,0,nan,0,nan,0,nan,0,nan,0
1597988466349976064,1597988466864000000,2020-08-21 13:41:06.864000,2296.0,2318.0,2284.0,2310.0,nan,2297.0,501420,11521511710.0,1156794,2297.0,517,2296.0,1378,nan,0,nan,0,nan,0,nan,0,nan,0,nan,0,nan,0,nan,0
1597988466830832128,1597988467418999808,2020-08-21 13:41:07.419000,2296.0,2318.0,2284.0,2310.0,nan,2297.0,501420,11521511710.0,1156794,2297.0,517,2296.0,1377,nan,0,nan,0,nan,0,nan,0,nan,0,nan,0,nan,0,nan,0
1597988467330831104,1597988467824000000,2020-08-21 13:41:07.824000,2296.0,2318.0,2284.0,2310.0,nan,2297.0,501420,11521511710.0,1156794,2297.0,512,2296.0,1377,nan,0,nan,0,nan,0,nan,0,nan,0,nan,0,nan,0,nan,0
1597988467834480128,1597988468401999872,2020-08-21 13:41:08.402000,2296.0,2318.0,2284.0,2310.0,nan,2297.0,501420,11521511710.0,1156794,2297.0,511,2296.0,1397,nan,0,nan,0,nan,0,nan,0,nan,0,nan,0,nan,0,nan,0
1597988469331482880,1597988469910000128,2020-08-21 13:41:09.910000,2297.0,2318.0,2284.0,2310.0,nan,2297.0,501425,11521626560.0,1156794,2297.0,505,2296.0,1397,nan,0,nan,0,nan,0,nan,0,nan,0,nan,0,nan,0,nan,0
1597988469828201984,1597988470401999872,2020-08-21 13:41:10.402000,2297.0,2318.0,2284.0,2310.0,nan,2297.0,501436,11521879140.0,1156792,2297.0,506,2296.0,1387,nan,0,nan,0,nan,0,nan,0,nan,0,nan,0,nan,0,nan,0
1597988470332420096,1597988470924999936,2020-08-21 13:41:10.925000,2296.0,2318.0,2284.0,2310.0,nan,2297.0,501440,11521970980.0,1156792,2297.0,505,2296.0,1385,nan,0,nan,0,nan,0,nan,0,nan,0,nan,0,nan,0,nan,0
1597988472325046016,1597988472776999936,2020-08-21 13:41:12.777000,2296.0,2318.0,2284.0,2310.0,nan,2297.0,501442,11522016900.0,1156792,2297.0,505,2296.0,1383,nan,0,nan,0,nan,0,nan,0,nan,0,nan,0,nan,0,nan,0
1597988472825040896,1597988473368000000,2020-08-21 13:41:13.368000,2296.0,2318.0,2284.0,2310.0,nan,2297.0,501442,11522016900.0,1156792,2297.0,505,2296.0,1368,nan,0,nan,0,nan,0,nan,0,nan,0,nan,0,nan,0,nan,0
1597988473330857984,1597988473845999872,2020-08-21 13:41:13.846000,2296.0,2318.0,2284.0,2310.0,nan,2297.0,501442,11522016900.0,1156792,2297.0,506,2296.0,1383,nan,0,nan,0,nan,0,nan,0,nan,0,nan,0,nan,0,nan,0
1597988473827353088,1597988474324999936,2020-08-21 13:41:14.325000,2296.0,2318.0,2284.0,2310.0,nan,2297.0,501443,11522039860.0,1156793,2297.0,506,2296.0,1382,nan,0,nan,0,nan,0,nan,0,nan,0,nan,0,nan,0,nan,0
1597988474329029120,1597988474933000192,2020-08-21 13:41:14.933000,2296.0,2318.0,2284.0,2310.0,nan,2297.0,501443,11522039860.0,1156793,2297.0,527,2296.0,1382,nan,0,nan,0,nan,0,nan,0,nan,0,nan,0,nan,0,nan,0
1597988474837103104,1597988475428999936,2020-08-21 13:41:15.429000,2296.0,2318.0,2284.0,2310.0,nan,2297.0,501443,11522039860.0,1156793,2297.0,527,2296.0,1382,nan,0,nan,0,nan,0,nan,0,nan,0,nan,0,nan,0,nan,0
1597988475329560064,1597988475908000000,2020-08-21 13:41:15.908000,2296.0,2318.0,2284.0,2310.0,nan,2297.0,501443,11522039860.0,1156793,2297.0,528,2296.0,1382,nan,0,nan,0,nan,0,nan,0,nan,0,nan,0,nan,0,nan,0
1597988475827700992,1597988476432000000,2020-08-21 13:41:16.432000,2296.0,2318.0,2284.0,2310.0,nan,2297.0,501443,11522039860.0,1156793,2297.0,528,2296.0,1367,nan,0,nan,0,nan,0,nan,0,nan,0,nan,0,nan,0,nan,0
1597988476329595904,1597988476880000000,2020-08-21 13:41:16.880000,2296.0,2318.0,2284.0,2310.0,nan,2297.0,501443,11522039860.0,1156793,2297.0,528,2296.0,1382,nan,0,nan,0,nan,0,nan,0,nan,0,nan,0,nan,0,nan,0
1597988477329420032,1597988477860999936,2020-08-21 13:41:17.861000,2296.0,2318.0,2284.0,2310.0,nan,2297.0,501443,11522039860.0,1156793,2297.0,530,2296.0,1382,nan,0,nan,0,nan,0,nan,0,nan,0,nan,0,nan,0,nan,0
1597988477829848064,1597988478401999872,2020-08-21 13:41:18.402000,2296.0,2318.0,2284.0,2310.0,nan,2297.0,501443,11522039860.0,1156793,2297.0,531,2296.0,1382,nan,0,nan,0,nan,0,nan,0,nan,0,nan,0,nan,0,nan,0
1597988479333896960,1597988479924000000,2020-08-21 13:41:19.924000,2296.0,2318.0,2284.0,2310.0,nan,2297.0,501445,11522085780.0,1156793,2297.0,531,2296.0,1380,nan,0,nan,0,nan,0,nan,0,nan,0,nan,0,nan,0,nan,0
1597988479830582016,1597988480415000064,2020-08-21 13:41:20.415000,2296.0,2318.0,2284.0,2310.0,nan,2297.0,501445,11522085780.0,1156793,2297.0,531,2296.0,1383,nan,0,nan,0,nan,0,nan,0,nan,0,nan,0,nan,0,nan,0
1597988480337532928,1597988480903000064,2020-08-21 13:41:20.903000,2297.0,2318.0,2284.0,2310.0,nan,2297.0,501468,11522614090.0,1156795,2297.0,508,2296.0,1383,nan,0,nan,0,nan,0,nan,0,nan,0,nan,0,nan,0,nan,0
1597988480825585920,1597988481334000128,2020-08-21 13:41:21.334000,2296.0,2318.0,2284.0,2310.0,nan,2297.0,501472,11522705930.0,1156795,2297.0,508,2296.0,1383,nan,0,nan,0,nan,0,nan,0,nan,0,nan,0,nan,0,nan,0
1597988481329123072,1597988481932000000,2020-08-21 13:41:21.932000,2296.0,2318.0,2284.0,2310.0,nan,2297.0,501472,11522705930.0,1156795,2297.0,508,2296.0,1382,nan,0,nan,0,nan,0,nan,0,nan,0,nan,0,nan,0,nan,0
1597988482828947968,1597988483434000128,2020-08-21 13:41:23.434000,2297.0,2318.0,2284.0,2310.0,nan,2297.0,501473,11522728900.0,1156796,2297.0,507,2296.0,1382,nan,0,nan,0,nan,0,nan,0,nan,0,nan,0,nan,0,nan,0
1597988483826371072,1597988484434000128,2020-08-21 13:41:24.434000,2296.0,2318.0,2284.0,2310.0,nan,2297.0,501475,11522774820.0,1156798,2297.0,507,2296.0,1380,nan,0,nan,0,nan,0,nan,0,nan,0,nan,0,nan,0,nan,0
1597988484328057088,1597988484878000128,2020-08-21 13:41:24.878000,2296.0,2318.0,2284.0,2310.0,nan,2297.0,501475,11522774820.0,1156798,2297.0,508,2296.0,1380,nan,0,nan,0,nan,0,nan,0,nan,0,nan,0,nan,0,nan,0
1597988485329241088,1597988485936000000,2020-08-21 13:41:25.936000,2296.0,2318.0,2284.0,2310.0,nan,2297.0,501475,11522774820.0,1156798,2297.0,509,2296.0,1380,nan,0,nan,0,nan,0,nan,0,nan,0,nan,0,nan,0,nan,0
1597988486328545024,1597988486904000000,2020-08-21 13:41:26.904000,2296.0,2318.0,2284.0,2310.0,nan,2297.0,501475,11522774820.0,1156798,2297.0,513,2296.0,1380,nan,0,nan,0,nan,0,nan,0,nan,0,nan,0,nan,0,nan,0
1597988487330477056,1597988487926000128,2020-08-21 13:41:27.926000,2296.0,2318.0,2284.0,2310.0,nan,2297.0,501475,11522774820.0,1156798,2297.0,513,2296.0,1381,nan,0,nan,0,nan,0,nan,0,nan,0,nan,0,nan,0,nan,0
1597988487828998912,1597988488408000000,2020-08-21 13:41:28.408000,2296.0,2318.0,2284.0,2310.0,nan,2297.0,501475,11522774820.0,1156798,2297.0,517,2296.0,1381,nan,0,nan,0,nan,0,nan,0,nan,0,nan,0,nan,0,nan,0
1597988488334726912,1597988488935000064,2020-08-21 13:41:28.935000,2297.0,2318.0,2284.0,2310.0,nan,2297.0,501476,11522797790.0,1156798,2297.0,519,2296.0,1381,nan,0,nan,0,nan,0,nan,0,nan,0,nan,0,nan,0,nan,0
1597988489825007104,1597988490397000192,2020-08-21 13:41:30.397000,2297.0,2318.0,2284.0,2310.0,nan,2297.0,501477,11522820760.0,1156799,2297.0,538,2296.0,1381,nan,0,nan,0,nan,0,nan,0,nan,0,nan,0,nan,0,nan,0
1597988490326307072,1597988490935000064,2020-08-21 13:41:30.935000,2297.0,2318.0,2284.0,2310.0,nan,2297.0,501479,11522866700.0,1156800,2297.0,536,2296.0,1381,nan,0,nan,0,nan,0,nan,0,nan,0,nan,0,nan,0,nan,0
1597988491831779072,1597988492431000064,2020-08-21 13:41:32.431000,2297.0,2318.0,2284.0,2310.0,nan,2297.0,501479,11522866700.0,1156800,2297.0,539,2296.0,1382,nan,0,nan,0,nan,0,nan,0,nan,0,nan,0,nan,0,nan,0
1597988492340709888,1597988492879000064,2020-08-21 13:41:32.879000,2297.0,2318.0,2284.0,2310.0,nan,2297.0,501481,11522912630.0,1156800,2297.0,538,2296.0,1381,nan,0,nan,0,nan,0,nan,0,nan,0,nan,0,nan,0,nan,0
1597988492832570112,1597988493329999872,2020-08-21 13:41:33.330000,2297.0,2318.0,2284.0,2310.0,nan,2297.0,501482,11522935600.0,1156801,2297.0,537,2296.0,1381,nan,0,nan,0,nan,0,nan,0,nan,0,nan,0,nan,0,nan,0
1597988493327990016,1597988493920000000,2020-08-21 13:41:33.920000,2297.0,2318.0,2284.0,2310.0,nan,2297.0,501483,11522958570.0,1156801,2297.0,536,2296.0,1381,nan,0,nan,0,nan,0,nan,0,nan,0,nan,0,nan,0,nan,0
1597988493837282048,1597988494385999872,2020-08-21 13:41:34.386000,2296.0,2318.0,2284.0,2310.0,nan,2297.0,501484,11522981530.0,1156802,2297.0,536,2296.0,1379,nan,0,nan,0,nan,0,nan,0,nan,0,nan,0,nan,0,nan,0
1597988494326771968,1597988494912000000,2020-08-21 13:41:34.912000,2296.0,2318.0,2284.0,2310.0,nan,2297.0,501484,11522981530.0,1156802,2297.0,537,2296.0,1379,nan,0,nan,0,nan,0,nan,0,nan,0,nan,0,nan,0,nan,0
1597988495845673984,1597988496431000064,2020-08-21 13:41:36.431000,2296.0,2318.0,2284.0,2310.0,nan,2297.0,501484,11522981530.0,1156802,2297.0,538,2296.0,1379,nan,0,nan,0,nan,0,nan,0,nan,0,nan,0,nan,0,nan,0
1597988496826127104,1597988497420000000,2020-08-21 13:41:37.420000,2296.0,2318.0,2284.0,2310.0,nan,2297.0,501484,11522981530.0,1156802,2297.0,540,2296.0,1379,nan,0,nan,0,nan,0,nan,0,nan,0,nan,0,nan,0,nan,0
1597988497325810944,1597988497860999936,2020-08-21 13:41:37.861000,2297.0,2318.0,2284.0,2310.0,nan,2297.0,501488,11523073390.0,1156802,2297.0,539,2296.0,1377,nan,0,nan,0,nan,0,nan,0,nan,0,nan,0,nan,0,nan,0
1597988497847025920,1597988498323000064,2020-08-21 13:41:38.323000,2296.0,2318.0,2284.0,2310.0,nan,2297.0,501492,11523165230.0,1156802,2297.0,541,2296.0,1373,nan,0,nan,0,nan,0,nan,0,nan,0,nan,0,nan,0,nan,0
1597988498324867072,1597988498927000064,2020-08-21 13:41:38.927000,2296.0,2318.0,2284.0,2310.0,nan,2297.0,501492,11523165230.0,1156802,2297.0,542,2296.0,1373,nan,0,nan,0,nan,0,nan,0,nan,0,nan,0,nan,0,nan,0
1597988498829016064,1597988499357000192,2020-08-21 13:41:39.357000,2296.0,2318.0,2284.0,2310.0,nan,2297.0,501492,11523165230.0,1156802,2297.0,543,2296.0,1373,nan,0,nan,0,nan,0,nan,0,nan,0,nan,0,nan,0,nan,0
1597988499323056128,1597988499934000128,2020-08-21 13:41:39.934000,2296.0,2318.0,2284.0,2310.0,nan,2297.0,501492,11523165230.0,1156802,2297.0,543,2296.0,1384,nan,0,nan,0,nan,0,nan,0,nan,0,nan,0,nan,0,nan,0
1597988500331083008,1597988500898999808,2020-08-21 13:41:40.899000,2297.0,2318.0,2284.0,2310.0,nan,2297.0,501494,11523211170.0,1156802,2297.0,542,2296.0,1384,nan,0,nan,0,nan,0,nan,0,nan,0,nan,0,nan,0,nan,0
1597988500831337984,1597988501323000064,2020-08-21 13:41:41.323000,2297.0,2318.0,2284.0,2310.0,nan,2297.0,501495,11523234140.0,1156803,2297.0,541,2296.0,1385,nan,0,nan,0,nan,0,nan,0,nan,0,nan,0,nan,0,nan,0
1597988501324050944,1597988501934000128,2020-08-21 13:41:41.934000,2297.0,2318.0,2284.0,2310.0,nan,2297.0,501496,11523257110.0,1156804,2297.0,540,2296.0,1385,nan,0,nan,0,nan,0,nan,0,nan,0,nan,0,nan,0,nan,0
1597988501827473920,1597988502268999936,2020-08-21 13:41:42.269000,2297.0,2318.0,2284.0,2310.0,nan,2297.0,501496,11523257110.0,1156804,2297.0,545,2296.0,1385,nan,0,nan,0,nan,0,nan,0,nan,0,nan,0,nan,0,nan,0
1597988502328708096,1597988502904000000,2020-08-21 13:41:42.904000,2297.0,2318.0,2284.0,2310.0,nan,2297.0,501496,11523257110.0,1156804,2297.0,544,2296.0,1385,nan,0,nan,0,nan,0,nan,0,nan,0,nan,0,nan,0,nan,0
1597988503398850048,1597988503921999872,2020-08-21 13:41:43.922000,2297.0,2318.0,2284.0,2310.0,nan,2297.0,501496,11523257110.0,1156804,2297.0,544,2296.0,1386,nan,0,nan,0,nan,0,nan,0,nan,0,nan,0,nan,0,nan,0
1597988503853942016,1597988504418999808,2020-08-21 13:41:44.419000,2296.0,2318.0,2284.0,2310.0,nan,2297.0,501498,11523303030.0,1156806,2297.0,544,2296.0,1383,nan,0,nan,0,nan,0,nan,0,nan,0,nan,0,nan,0,nan,0
1597988504335568896,1597988504926000128,2020-08-21 13:41:44.926000,2296.0,2318.0,2284.0,2310.0,nan,2297.0,501498,11523303030.0,1156806,2297.0,543,2296.0,1383,nan,0,nan,0,nan,0,nan,0,nan,0,nan,0,nan,0,nan,0
1597988506336231936,1597988506926000128,2020-08-21 13:41:46.926000,2296.0,2318.0,2284.0,2310.0,nan,2297.0,501498,11523303030.0,1156806,2297.0,542,2296.0,1403,nan,0,nan,0,nan,0,nan,0,nan,0,nan,0,nan,0,nan,0
1597988507850693120,1597988508428999936,2020-08-21 13:41:48.429000,2296.0,2318.0,2284.0,2310.0,nan,2297.0,501498,11523303030.0,1156806,2297.0,543,2296.0,1403,nan,0,nan,0,nan,0,nan,0,nan,0,nan,0,nan,0,nan,0
1597988508334321920,1597988508914000128,2020-08-21 13:41:48.914000,2296.0,2318.0,2284.0,2310.0,nan,2297.0,501499,11523325990.0,1156806,2297.0,543,2296.0,1402,nan,0,nan,0,nan,0,nan,0,nan,0,nan,0,nan,0,nan,0
1597988508835831040,1597988509432000000,2020-08-21 13:41:49.432000,2296.0,2318.0,2284.0,2310.0,nan,2297.0,501500,11523348950.0,1156807,2297.0,543,2296.0,1386,nan,0,nan,0,nan,0,nan,0,nan,0,nan,0,nan,0,nan,0
1597988509332634880,1597988509888000000,2020-08-21 13:41:49.888000,2296.0,2318.0,2284.0,2310.0,nan,2297.0,501501,11523371910.0,1156807,2297.0,544,2296.0,1400,nan,0,nan,0,nan,0,nan,0,nan,0,nan,0,nan,0,nan,0
1597988510835164928,1597988511380999936,2020-08-21 13:41:51.381000,2296.0,2318.0,2284.0,2310.0,nan,2297.0,501501,11523371910.0,1156807,2297.0,545,2296.0,1400,nan,0,nan,0,nan,0,nan,0,nan,0,nan,0,nan,0,nan,0
1597988511335556096,1597988511806999808,2020-08-21 13:41:51.807000,2296.0,2318.0,2284.0,2310.0,nan,2297.0,501502,11523394870.0,1156808,2297.0,545,2296.0,1399,nan,0,nan,0,nan,0,nan,0,nan,0,nan,0,nan,0,nan,0
1597988511837053952,1597988512410000128,2020-08-21 13:41:52.410000,2297.0,2318.0,2284.0,2310.0,nan,2297.0,501513,11523647440.0,1156809,2297.0,545,2296.0,1399,nan,0,nan,0,nan,0,nan,0,nan,0,nan,0,nan,0,nan,0
1597988512330938880,1597988512914000128,2020-08-21 13:41:52.914000,2296.0,2318.0,2284.0,2310.0,nan,2297.0,501517,11523739290.0,1156810,2297.0,544,2296.0,1386,nan,0,nan,0,nan,0,nan,0,nan,0,nan,0,nan,0,nan,0
1597988512833308928,1597988513436999936,2020-08-21 13:41:53.437000,2297.0,2318.0,2284.0,2310.0,nan,2297.0,501518,11523762260.0,1156811,2297.0,543,2296.0,1386,nan,0,nan,0,nan,0,nan,0,nan,0,nan,0,nan,0,nan,0
1597988513329245952,1597988513936000000,2020-08-21 13:41:53.936000,2297.0,2318.0,2284.0,2310.0,nan,2297.0,501520,11523808200.0,1156813,2297.0,545,2296.0,1386,nan,0,nan,0,nan,0,nan,0,nan,0,nan,0,nan,0,nan,0
1597988513832017920,1597988514434000128,2020-08-21 13:41:54.434000,2296.0,2318.0,2284.0,2310.0,nan,2297.0,501521,11523831160.0,1156814,2297.0,545,2296.0,1427,nan,0,nan,0,nan,0,nan,0,nan,0,nan,0,nan,0,nan,0
1597988514334172928,1597988514838000128,2020-08-21 13:41:54.838000,2296.0,2318.0,2284.0,2310.0,nan,2297.0,501521,11523831160.0,1156814,2297.0,545,2296.0,1466,nan,0,nan,0,nan,0,nan,0,nan,0,nan,0,nan,0,nan,0
1597988514837050112,1597988515421999872,2020-08-21 13:41:55.422000,2296.0,2318.0,2284.0,2310.0,nan,2297.0,501522,11523854120.0,1156814,2297.0,543,2296.0,1467,nan,0,nan,0,nan,0,nan,0,nan,0,nan,0,nan,0,nan,0
1597988515328009984,1597988515826999808,2020-08-21 13:41:55.827000,2297.0,2318.0,2284.0,2310.0,nan,2297.0,501528,11523991940.0,1156816,2297.0,540,2296.0,2261,nan,0,nan,0,nan,0,nan,0,nan,0,nan,0,nan,0,nan,0
1597988515832832000,1597988516329999872,2020-08-21 13:41:56.330000,2296.0,2318.0,2284.0,2310.0,nan,2297.0,501533,11524106740.0,1156816,2297.0,540,2296.0,2257,nan,0,nan,0,nan,0,nan,0,nan,0,nan,0,nan,0,nan,0
1597988517329017088,1597988517905999872,2020-08-21 13:41:57.906000,2296.0,2318.0,2284.0,2310.0,nan,2297.0,501534,11524129700.0,1156816,2297.0,540,2296.0,2256,nan,0,nan,0,nan,0,nan,0,nan,0,nan,0,nan,0,nan,0
1597988517827083008,1597988518397000192,2020-08-21 13:41:58.397000,2296.0,2318.0,2284.0,2310.0,nan,2297.0,501535,11524152660.0,1156816,2297.0,546,2296.0,2255,nan,0,nan,0,nan,0,nan,0,nan,0,nan,0,nan,0,nan,0
1597988518328184064,1597988518928999936,2020-08-21 13:41:58.929000,2296.0,2318.0,2284.0,2310.0,nan,2297.0,501536,11524175620.0,1156816,2297.0,546,2296.0,2254,nan,0,nan,0,nan,0,nan,0,nan,0,nan,0,nan,0,nan,0
1597988518846172928,1597988519436000000,2020-08-21 13:41:59.436000,2296.0,2318.0,2284.0,2310.0,nan,2297.0,501537,11524198580.0,1156816,2297.0,546,2296.0,2253,nan,0,nan,0,nan,0,nan,0,nan,0,nan,0,nan,0,nan,0
1597988519331355904,1597988519936999936,2020-08-21 13:41:59.937000,2296.0,2318.0,2284.0,2310.0,nan,2297.0,501538,11524221540.0,1156816,2297.0,545,2296.0,2253,nan,0,nan,0,nan,0,nan,0,nan,0,nan,0,nan,0,nan,0
1597988519831792896,1597988520426000128,2020-08-21 13:42:00.426000,2297.0,2318.0,2284.0,2310.0,nan,2297.0,501539,11524244510.0,1156816,2297.0,544,2296.0,2254,nan,0,nan,0,nan,0,nan,0,nan,0,nan,0,nan,0,nan,0
1597988520339213056,1597988520897000192,2020-08-21 13:42:00.897000,2297.0,2318.0,2284.0,2310.0,nan,2297.0,501540,11524267480.0,1156817,2297.0,543,2296.0,2254,nan,0,nan,0,nan,0,nan,0,nan,0,nan,0,nan,0,nan,0
1597988521823185920,1597988522244000000,2020-08-21 13:42:02.244000,2297.0,2318.0,2284.0,2310.0,nan,2297.0,501541,11524290450.0,1156817,2297.0,542,2296.0,2254,nan,0,nan,0,nan,0,nan,0,nan,0,nan,0,nan,0,nan,0
1597988522340736000,1597988522928999936,2020-08-21 13:42:02.929000,2297.0,2318.0,2284.0,2310.0,nan,2297.0,501542,11524313420.0,1156817,2297.0,542,2296.0,2256,nan,0,nan,0,nan,0,nan,0,nan,0,nan,0,nan,0,nan,0
1597988522836400128,1597988523381999872,2020-08-21 13:42:03.382000,2297.0,2318.0,2284.0,2310.0,nan,2297.0,501544,11524359360.0,1156817,2297.0,544,2296.0,2254,nan,0,nan,0,nan,0,nan,0,nan,0,nan,0,nan,0,nan,0
1597988523340144896,1597988523891000064,2020-08-21 13:42:03.891000,2297.0,2318.0,2284.0,2310.0,nan,2297.0,501545,11524382330.0,1156817,2297.0,544,2296.0,2255,nan,0,nan,0,nan,0,nan,0,nan,0,nan,0,nan,0,nan,0
1597988523837788928,1597988524427000064,2020-08-21 13:42:04.427000,2296.0,2318.0,2284.0,2310.0,nan,2297.0,501548,11524451210.0,1156819,2297.0,544,2296.0,2255,nan,0,nan,0,nan,0,nan,0,nan,0,nan,0,nan,0,nan,0
1597988524340532992,1597988524908000000,2020-08-21 13:42:04.908000,2296.0,2318.0,2284.0,2310.0,nan,2297.0,501548,11524451210.0,1156819,2297.0,542,2296.0,2255,nan,0,nan,0,nan,0,nan,0,nan,0,nan,0,nan,0,nan,0
1597988524836172032,1597988525421999872,2020-08-21 13:42:05.422000,2297.0,2318.0,2284.0,2310.0,nan,2297.0,501550,11524497150.0,1156820,2297.0,541,2296.0,2255,nan,0,nan,0,nan,0,nan,0,nan,0,nan,0,nan,0,nan,0
1597988525345975040,1597988525935000064,2020-08-21 13:42:05.935000,2297.0,2318.0,2284.0,2310.0,nan,2297.0,501550,11524497150.0,1156820,2297.0,541,2296.0,2253,nan,0,nan,0,nan,0,nan,0,nan,0,nan,0,nan,0,nan,0
1597988525834982912,1597988526336999936,2020-08-21 13:42:06.337000,2296.0,2318.0,2284.0,2310.0,nan,2297.0,501552,11524543070.0,1156820,2297.0,541,2296.0,2251,nan,0,nan,0,nan,0,nan,0,nan,0,nan,0,nan,0,nan,0
1597988527839790080,1597988528432000000,2020-08-21 13:42:08.432000,2296.0,2318.0,2284.0,2310.0,nan,2297.0,501553,11524566030.0,1156821,2297.0,540,2296.0,2247,nan,0,nan,0,nan,0,nan,0,nan,0,nan,0,nan,0,nan,0
1597988528327074048,1597988528860000000,2020-08-21 13:42:08.860000,2297.0,2318.0,2284.0,2310.0,nan,2297.0,501555,11524611970.0,1156822,2297.0,538,2296.0,2247,nan,0,nan,0,nan,0,nan,0,nan,0,nan,0,nan,0,nan,0
1597988528829382912,1597988529335000064,2020-08-21 13:42:09.335000,2297.0,2318.0,2284.0,2310.0,nan,2297.0,501555,11524611970.0,1156822,2297.0,550,2296.0,2254,nan,0,nan,0,nan,0,nan,0,nan,0,nan,0,nan,0,nan,0
1597988529334728960,1597988529923000064,2020-08-21 13:42:09.923000,2297.0,2318.0,2284.0,2310.0,nan,2297.0,501555,11524611970.0,1156822,2297.0,549,2296.0,2250,nan,0,nan,0,nan,0,nan,0,nan,0,nan,0,nan,0,nan,0
1597988529828910080,1597988530427000064,2020-08-21 13:42:10.427000,2297.0,2318.0,2284.0,2310.0,nan,2297.0,501559,11524703850.0,1156825,2297.0,547,2296.0,2250,nan,0,nan,0,nan,0,nan,0,nan,0,nan,0,nan,0,nan,0
1597988530330248960,1597988530936999936,2020-08-21 13:42:10.937000,2297.0,2318.0,2284.0,2310.0,nan,2297.0,501559,11524703850.0,1156825,2297.0,547,2296.0,2238,nan,0,nan,0,nan,0,nan,0,nan,0,nan,0,nan,0,nan,0
1597988530834790912,1597988531384999936,2020-08-21 13:42:11.385000,2297.0,2318.0,2284.0,2310.0,nan,2297.0,501559,11524703850.0,1156825,2297.0,551,2296.0,2253,nan,0,nan,0,nan,0,nan,0,nan,0,nan,0,nan,0,nan,0
1597988533853718016,1597988534332000000,2020-08-21 13:42:14.332000,2296.0,2318.0,2284.0,2310.0,nan,2297.0,501560,11524726810.0,1156826,2297.0,551,2296.0,2252,nan,0,nan,0,nan,0,nan,0,nan,0,nan,0,nan,0,nan,0
1597988534832122112,1597988535426000128,2020-08-21 13:42:15.426000,2296.0,2318.0,2284.0,2310.0,nan,2297.0,501560,11524726810.0,1156826,2297.0,549,2296.0,2252,nan,0,nan,0,nan,0,nan,0,nan,0,nan,0,nan,0,nan,0
1597988536847038976,1597988537329999872,2020-08-21 13:42:17.330000,2296.0,2318.0,2284.0,2310.0,nan,2297.0,501560,11524726810.0,1156826,2297.0,548,2296.0,2252,nan,0,nan,0,nan,0,nan,0,nan,0,nan,0,nan,0,nan,0
1597988537340129024,1597988537928000000,2020-08-21 13:42:17.928000,2297.0,2318.0,2284.0,2310.0,nan,2297.0,501570,11524956450.0,1156827,2297.0,543,2296.0,2244,nan,0,nan,0,nan,0,nan,0,nan,0,nan,0,nan,0,nan,0
1597988537838168064,1597988538395000064,2020-08-21 13:42:18.395000,2297.0,2318.0,2284.0,2310.0,nan,2297.0,501570,11524956450.0,1156827,2297.0,543,2296.0,2224,nan,0,nan,0,nan,0,nan,0,nan,0,nan,0,nan,0,nan,0
1597988538330512896,1597988538887000064,2020-08-21 13:42:18.887000,2297.0,2318.0,2284.0,2310.0,nan,2297.0,501590,11525415850.0,1156837,2297.0,523,2296.0,2224,nan,0,nan,0,nan,0,nan,0,nan,0,nan,0,nan,0,nan,0
1597988538827057920,1597988539388000000,2020-08-21 13:42:19.388000,2297.0,2318.0,2284.0,2310.0,nan,2297.0,501590,11525415850.0,1156837,2297.0,523,2296.0,2225,nan,0,nan,0,nan,0,nan,0,nan,0,nan,0,nan,0,nan,0
1597988539327557888,1597988539898999808,2020-08-21 13:42:19.899000,2297.0,2318.0,2284.0,2310.0,nan,2297.0,501593,11525484760.0,1156837,2297.0,520,2296.0,2225,nan,0,nan,0,nan,0,nan,0,nan,0,nan,0,nan,0,nan,0
1597988539825757952,1597988540324000000,2020-08-21 13:42:20.324000,2297.0,2318.0,2284.0,2310.0,nan,2297.0,501593,11525484760.0,1156837,2297.0,522,2296.0,2225,nan,0,nan,0,nan,0,nan,0,nan,0,nan,0,nan,0,nan,0
