local_nano_time,quote_nano_time,datetime,last_price,highest,lowest,open,close,average,volume,amount,open_interest,ask_price1,ask_volume1,bid_price1,bid_volume1,ask_price2,ask_volume2,bid_price2,bid_volume2,ask_price3,ask_volume3,bid_price3,bid_volume3,ask_price4,ask_volume4,bid_price4,bid_volume4,ask_price5,ask_volume5,bid_price5,bid_volume5
1597988226610173952,1597988226500000000,2020-08-21 13:37:06.500000,286.3,289.3,284.3,289.0,nan,286.168,70388,20142817000.0,67632,286.4,68,286.3,27,286.5,71,286.2,43,286.6,62,286.1,39,286.7,47,286.0,45,286.8,99,285.9,16
1597988227102963968,1597988227000000000,2020-08-21 13:37:07.000000,286.3,289.3,284.3,289.0,nan,286.168,70389,20143103300.0,67631,286.4,67,286.3,30,286.5,71,286.2,43,286.6,62,286.1,39,286.7,47,286.0,45,286.8,99,285.9,16
1597988227609299968,1597988227500000000,2020-08-21 13:37:07.500000,286.3,289.3,284.3,289.0,nan,286.168,70389,20143103300.0,67631,286.4,68,286.3,30,286.5,71,286.2,43,286.6,62,286.1,39,286.7,47,286.0,45,286.8,99,285.9,16
1597988232112425984,1597988232000000000,2020-08-21 13:37:12.000000,286.4,289.3,284.3,289.0,nan,286.169,70439,20157423300.0,67626,286.4,18,286.3,32,286.5,71,286.2,43,286.6,62,286.1,39,286.7,47,286.0,45,286.8,99,285.9,16
1597988232619049984,1597988232500000000,2020-08-21 13:37:12.500000,286.4,289.3,284.3,289.0,nan,286.169,70454,20161719300.0,67622,286.5,72,286.4,3,286.6,60,286.3,33,286.7,48,286.2,40,286.8,99,286.1,37,286.9,32,286.0,43
1597988233118105088,1597988233000000000,2020-08-21 13:37:13.000000,286.4,289.3,284.3,289.0,nan,286.169,70459,20163151300.0,67621,286.5,66,286.4,7,286.6,57,286.3,30,286.7,56,286.2,49,286.8,101,286.1,28,286.9,35,286.0,42
1597988233616499968,1597988233500000000,2020-08-21 13:37:13.500000,286.4,289.3,284.3,289.0,nan,286.169,70467,20165442500.0,67615,286.5,66,286.4,1,286.6,59,286.3,35,286.7,56,286.2,47,286.8,101,286.1,28,286.9,36,286.0,42
1597988234126635008,1597988234000000000,2020-08-21 13:37:14.000000,286.4,289.3,284.3,289.0,nan,286.169,70468,20165728900.0,67616,286.4,1,286.3,35,286.5,66,286.2,50,286.6,59,286.1,28,286.7,59,286.0,42,286.8,101,285.9,16
1597988234621334016,1597988234500000000,2020-08-21 13:37:14.500000,286.4,289.3,284.3,289.0,nan,286.169,70468,20165728900.0,67616,286.4,2,286.3,39,286.5,69,286.2,45,286.6,61,286.1,34,286.7,53,286.0,43,286.8,100,285.9,16
1597988235128758016,1597988235000000000,2020-08-21 13:37:15.000000,286.4,289.3,284.3,289.0,nan,286.169,70470,20166301700.0,67614,286.5,72,286.3,40,286.6,65,286.2,47,286.7,53,286.1,38,286.8,100,286.0,43,286.9,36,285.9,16
1597988235622558976,1597988235500000000,2020-08-21 13:37:15.500000,286.4,289.3,284.3,289.0,nan,286.169,70470,20166301700.0,67614,286.5,72,286.3,46,286.6,61,286.2,46,286.7,57,286.1,32,286.8,100,286.0,43,286.9,36,285.9,16
1597988236112122112,1597988236000000000,2020-08-21 13:37:16.000000,286.4,289.3,284.3,289.0,nan,286.169,70470,20166301700.0,67614,286.5,73,286.3,48,286.6,61,286.2,46,286.7,57,286.1,32,286.8,101,286.0,43,286.9,36,285.9,16
1597988237625435904,1597988237500000000,2020-08-21 13:37:17.500000,286.4,289.3,284.3,289.0,nan,286.169,70470,20166301700.0,67614,286.5,73,286.3,48,286.6,61,286.2,47,286.7,57,286.1,32,286.8,101,286.0,43,286.9,36,285.9,16
1597988238111942912,1597988238000000000,2020-08-21 13:37:18.000000,286.4,289.3,284.3,289.0,nan,286.169,70470,20166301700.0,67614,286.5,72,286.4,1,286.6,61,286.3,49,286.7,57,286.2,47,286.8,101,286.1,32,286.9,36,286.0,43
1597988238632946944,1597988238500000000,2020-08-21 13:37:18.500000,286.4,289.3,284.3,289.0,nan,286.169,70471,20166588100.0,67614,286.5,68,286.4,1,286.6,58,286.3,46,286.7,59,286.2,52,286.8,102,286.1,28,286.9,36,286.0,42
1597988239128335872,1597988239000000000,2020-08-21 13:37:19.000000,286.4,289.3,284.3,289.0,nan,286.169,70474,20167447300.0,67612,286.5,70,286.3,46,286.6,59,286.2,54,286.7,61,286.1,28,286.8,101,286.0,42,286.9,36,285.9,16
1597988239611706880,1597988239500000000,2020-08-21 13:37:19.500000,286.4,289.3,284.3,289.0,nan,286.169,70474,20167447300.0,67612,286.5,72,286.3,47,286.6,59,286.2,50,286.7,59,286.1,30,286.8,100,286.0,43,286.9,36,285.9,16
1597988240122782976,1597988240000000000,2020-08-21 13:37:20.000000,286.4,289.3,284.3,289.0,nan,286.169,70474,20167447300.0,67612,286.5,73,286.3,47,286.6,61,286.2,49,286.7,57,286.1,32,286.8,100,286.0,43,286.9,36,285.9,16
1597988240607857920,1597988240500000000,2020-08-21 13:37:20.500000,286.4,289.3,284.3,289.0,nan,286.169,70474,20167447300.0,67612,286.5,73,286.3,47,286.6,61,286.2,50,286.7,58,286.1,32,286.8,100,286.0,43,286.9,36,285.9,16
1597988243116627968,1597988243000000000,2020-08-21 13:37:23.000000,286.5,289.3,284.3,289.0,nan,286.169,70476,20168020300.0,67614,286.5,71,286.3,47,286.6,61,286.2,50,286.7,58,286.1,32,286.8,100,286.0,43,286.9,36,285.9,16
1597988243609355008,1597988243500000000,2020-08-21 13:37:23.500000,286.3,289.3,284.3,289.0,nan,286.169,70477,20168306600.0,67613,286.5,71,286.3,46,286.6,61,286.2,50,286.7,58,286.1,32,286.8,100,286.0,43,286.9,36,285.9,16
1597988244108494080,1597988244000000000,2020-08-21 13:37:24.000000,286.3,289.3,284.3,289.0,nan,286.169,70477,20168306600.0,67613,286.5,71,286.3,46,286.6,61,286.2,47,286.7,58,286.1,32,286.8,100,286.0,43,286.9,36,285.9,16
1597988245623379968,1597988245500000000,2020-08-21 13:37:25.500000,286.3,289.3,284.3,289.0,nan,286.169,70477,20168306600.0,67613,286.5,71,286.3,46,286.6,61,286.2,47,286.7,58,286.1,35,286.8,100,286.0,43,286.9,36,285.9,16
1597988248140983040,1597988248000000000,2020-08-21 13:37:28.000000,286.3,289.3,284.3,289.0,nan,286.169,70477,20168306600.0,67613,286.5,71,286.3,53,286.6,61,286.2,47,286.7,58,286.1,35,286.8,100,286.0,43,286.9,36,285.9,16
1597988248632737024,1597988248500000000,2020-08-21 13:37:28.500000,286.3,289.3,284.3,289.0,nan,286.169,70477,20168306600.0,67613,286.5,71,286.3,53,286.6,61,286.2,46,286.7,57,286.1,35,286.8,100,286.0,43,286.9,36,285.9,16
1597988249111529984,1597988249000000000,2020-08-21 13:37:29.000000,286.3,289.3,284.3,289.0,nan,286.169,70477,20168306600.0,67613,286.5,71,286.3,54,286.6,61,286.2,46,286.7,57,286.1,35,286.8,101,286.0,43,286.9,36,285.9,16
1597988249610492928,1597988249500000000,2020-08-21 13:37:29.500000,286.3,289.3,284.3,289.0,nan,286.169,70477,20168306600.0,67613,286.5,71,286.3,55,286.6,61,286.2,45,286.7,55,286.1,35,286.8,101,286.0,43,286.9,36,285.9,16
1597988250623496960,1597988250500000000,2020-08-21 13:37:30.500000,286.3,289.3,284.3,289.0,nan,286.169,70477,20168306600.0,67613,286.5,71,286.3,55,286.6,61,286.2,45,286.7,55,286.1,35,286.8,101,286.0,41,286.9,36,285.9,16
1597988253109019904,1597988253000000000,2020-08-21 13:37:33.000000,286.3,289.3,284.3,289.0,nan,286.169,70477,20168306600.0,67613,286.5,72,286.3,56,286.6,61,286.2,45,286.7,55,286.1,36,286.8,101,286.0,41,286.9,36,285.9,16
1597988253609332992,1597988253500000000,2020-08-21 13:37:33.500000,286.3,289.3,284.3,289.0,nan,286.169,70477,20168306600.0,67613,286.5,72,286.3,56,286.6,61,286.2,45,286.7,55,286.1,36,286.8,101,286.0,39,286.9,36,285.9,16
1597988254618582016,1597988254500000000,2020-08-21 13:37:34.500000,286.3,289.3,284.3,289.0,nan,286.169,70477,20168306600.0,67613,286.5,72,286.3,56,286.6,61,286.2,45,286.7,55,286.1,36,286.8,101,286.0,38,286.9,36,285.9,16
1597988255102174976,1597988255000000000,2020-08-21 13:37:35.000000,286.3,289.3,284.3,289.0,nan,286.169,70477,20168306600.0,67613,286.4,1,286.3,56,286.5,72,286.2,45,286.6,61,286.1,36,286.7,55,286.0,38,286.8,101,285.9,16
1597988255614807040,1597988255500000000,2020-08-21 13:37:35.500000,286.3,289.3,284.3,289.0,nan,286.169,70477,20168306600.0,67613,286.4,1,286.3,53,286.5,74,286.2,42,286.6,64,286.1,41,286.7,51,286.0,38,286.8,100,285.9,16
1597988256109480960,1597988256000000000,2020-08-21 13:37:36.000000,286.3,289.3,284.3,289.0,nan,286.169,70477,20168306600.0,67613,286.4,2,286.3,53,286.5,74,286.2,42,286.6,65,286.1,42,286.7,51,286.0,38,286.8,100,285.9,16
1597988258109362944,1597988258000000000,2020-08-21 13:37:38.000000,286.3,289.3,284.3,289.0,nan,286.169,70479,20168879200.0,67613,286.4,3,286.3,53,286.5,75,286.2,41,286.6,67,286.1,44,286.7,51,286.0,38,286.8,100,285.9,16
1597988258604762880,1597988258500000000,2020-08-21 13:37:38.500000,286.3,289.3,284.3,289.0,nan,286.169,70479,20168879200.0,67613,286.4,7,286.3,53,286.5,75,286.2,41,286.6,65,286.1,42,286.7,51,286.0,38,286.8,100,285.9,16
1597988259121998080,1597988259000000000,2020-08-21 13:37:39.000000,286.3,289.3,284.3,289.0,nan,286.169,70479,20168879200.0,67613,286.4,9,286.3,53,286.5,75,286.2,40,286.6,64,286.1,42,286.7,51,286.0,38,286.8,100,285.9,16
1597988259622832896,1597988259500000000,2020-08-21 13:37:39.500000,286.3,289.3,284.3,289.0,nan,286.169,70479,20168879200.0,67613,286.4,9,286.3,53,286.5,75,286.2,40,286.6,64,286.1,42,286.7,46,286.0,38,286.8,98,285.9,16
1597988260119655936,1597988260000000000,2020-08-21 13:37:40.000000,286.3,289.3,284.3,289.0,nan,286.169,70479,20168879200.0,67613,286.4,12,286.3,52,286.5,75,286.2,40,286.6,63,286.1,41,286.7,46,286.0,38,286.8,98,285.9,16
1597988260603958016,1597988260500000000,2020-08-21 13:37:40.500000,286.3,289.3,284.3,289.0,nan,286.169,70479,20168879200.0,67613,286.4,18,286.3,45,286.5,74,286.2,40,286.6,62,286.1,40,286.7,46,286.0,38,286.8,98,285.9,16
1597988261126905088,1597988261000000000,2020-08-21 13:37:41.000000,286.4,289.3,284.3,289.0,nan,286.169,70481,20169452000.0,67613,286.4,17,286.3,45,286.5,75,286.2,39,286.6,63,286.1,41,286.7,46,286.0,38,286.8,98,285.9,16
1597988262113289984,1597988262000000000,2020-08-21 13:37:42.000000,286.4,289.3,284.3,289.0,nan,286.169,70481,20169452000.0,67613,286.4,18,286.3,45,286.5,75,286.2,39,286.6,63,286.1,41,286.7,46,286.0,38,286.8,98,285.9,16
1597988262625594112,1597988262500000000,2020-08-21 13:37:42.500000,286.4,289.3,284.3,289.0,nan,286.169,70481,20169452000.0,67613,286.4,18,286.3,45,286.5,75,286.2,39,286.6,63,286.1,41,286.7,46,286.0,38,286.8,99,285.9,16
1597988263105520896,1597988263000000000,2020-08-21 13:37:43.000000,286.4,289.3,284.3,289.0,nan,286.169,70481,20169452000.0,67613,286.4,19,286.3,51,286.5,75,286.2,39,286.6,63,286.1,41,286.7,46,286.0,38,286.8,99,285.9,16
1597988265131950080,1597988265000000000,2020-08-21 13:37:45.000000,286.4,289.3,284.3,289.0,nan,286.169,70481,20169452000.0,67613,286.4,19,286.3,49,286.5,75,286.2,41,286.6,63,286.1,41,286.7,46,286.0,38,286.8,99,285.9,16
1597988265609228032,1597988265500000000,2020-08-21 13:37:45.500000,286.4,289.3,284.3,289.0,nan,286.169,70481,20169452000.0,67613,286.4,19,286.3,50,286.5,75,286.2,41,286.6,63,286.1,41,286.7,46,286.0,38,286.8,99,285.9,16
1597988266609573120,1597988266500000000,2020-08-21 13:37:46.500000,286.4,289.3,284.3,289.0,nan,286.169,70481,20169452000.0,67613,286.4,19,286.3,51,286.5,75,286.2,41,286.6,63,286.1,41,286.7,46,286.0,38,286.8,99,285.9,16
1597988267135291904,1597988267000000000,2020-08-21 13:37:47.000000,286.4,289.3,284.3,289.0,nan,286.169,70481,20169452000.0,67613,286.4,19,286.3,50,286.5,75,286.2,41,286.6,63,286.1,41,286.7,46,286.0,38,286.8,99,285.9,16
1597988267604951040,1597988267500000000,2020-08-21 13:37:47.500000,286.3,289.3,284.3,289.0,nan,286.169,70485,20170597200.0,67615,286.4,20,286.3,46,286.5,75,286.2,41,286.6,63,286.1,41,286.7,46,286.0,38,286.8,99,285.9,16
1597988268131162112,1597988268000000000,2020-08-21 13:37:48.000000,286.3,289.3,284.3,289.0,nan,286.169,70485,20170597200.0,67615,286.4,21,286.3,46,286.5,75,286.2,41,286.6,63,286.1,41,286.7,46,286.0,38,286.8,99,285.9,16
1597988268613391872,1597988268500000000,2020-08-21 13:37:48.500000,286.3,289.3,284.3,289.0,nan,286.169,70485,20170597200.0,67615,286.4,22,286.3,46,286.5,74,286.2,41,286.6,63,286.1,41,286.7,46,286.0,38,286.8,99,285.9,16
1597988273104870912,1597988273000000000,2020-08-21 13:37:53.000000,286.3,289.3,284.3,289.0,nan,286.169,70485,20170597200.0,67615,286.4,22,286.3,46,286.5,75,286.2,42,286.6,65,286.1,43,286.7,46,286.0,38,286.8,99,285.9,16
1597988273604679936,1597988273500000000,2020-08-21 13:37:53.500000,286.3,289.3,284.3,289.0,nan,286.169,70485,20170597200.0,67615,286.4,22,286.3,46,286.5,74,286.2,41,286.6,63,286.1,41,286.7,46,286.0,38,286.8,99,285.9,16
1597988275127915008,1597988275000000000,2020-08-21 13:37:55.000000,286.3,289.3,284.3,289.0,nan,286.169,70485,20170597200.0,67615,286.4,22,286.3,46,286.5,74,286.2,42,286.6,63,286.1,41,286.7,46,286.0,38,286.8,99,285.9,16
1597988280117189120,1597988280000000000,2020-08-21 13:38:00.000000,286.3,289.3,284.3,289.0,nan,286.169,70485,20170597200.0,67615,286.4,22,286.3,46,286.5,74,286.2,42,286.6,65,286.1,43,286.7,46,286.0,38,286.8,99,285.9,16
1597988280612400128,1597988280500000000,2020-08-21 13:38:00.500000,286.3,289.3,284.3,289.0,nan,286.169,70485,20170597200.0,67615,286.4,22,286.3,46,286.5,74,286.2,42,286.6,63,286.1,41,286.7,46,286.0,38,286.8,99,285.9,16
1597988284126891008,1597988284000000000,2020-08-21 13:38:04.000000,286.3,289.3,284.3,289.0,nan,286.169,70485,20170597200.0,67615,286.4,22,286.3,46,286.5,74,286.2,42,286.6,63,286.1,41,286.7,46,286.0,37,286.8,99,285.9,17
1597988286620288000,1597988286500000000,2020-08-21 13:38:06.500000,286.3,289.3,284.3,289.0,nan,286.169,70485,20170597200.0,67615,286.4,23,286.3,46,286.5,74,286.2,42,286.6,63,286.1,41,286.7,46,286.0,37,286.8,99,285.9,17
1597988288104254976,1597988288000000000,2020-08-21 13:38:08.000000,286.3,289.3,284.3,289.0,nan,286.169,70485,20170597200.0,67615,286.4,23,286.3,46,286.5,75,286.2,43,286.6,65,286.1,43,286.7,46,286.0,37,286.8,99,285.9,17
1597988288612817920,1597988288500000000,2020-08-21 13:38:08.500000,286.3,289.3,284.3,289.0,nan,286.169,70485,20170597200.0,67615,286.4,23,286.3,46,286.5,75,286.2,43,286.6,63,286.1,41,286.7,46,286.0,37,286.8,99,285.9,17
1597988289106872064,1597988289000000000,2020-08-21 13:38:09.000000,286.3,289.3,284.3,289.0,nan,286.169,70485,20170597200.0,67615,286.4,23,286.3,46,286.5,74,286.2,42,286.6,63,286.1,41,286.7,46,286.0,37,286.8,99,285.9,17
1597988290118150912,1597988290000000000,2020-08-21 13:38:10.000000,286.3,289.3,284.3,289.0,nan,286.169,70485,20170597200.0,67615,286.4,23,286.3,46,286.5,74,286.2,42,286.6,64,286.1,41,286.7,46,286.0,37,286.8,99,285.9,17
1597988293597085952,1597988293500000000,2020-08-21 13:38:13.500000,286.4,289.3,284.3,289.0,nan,286.169,70487,20171170000.0,67615,286.4,22,286.3,46,286.5,74,286.2,42,286.6,64,286.1,41,286.7,46,286.0,37,286.8,99,285.9,17
1597988294126363904,1597988294000000000,2020-08-21 13:38:14.000000,286.4,289.3,284.3,289.0,nan,286.169,70487,20171170000.0,67615,286.4,18,286.3,46,286.5,74,286.2,40,286.6,64,286.1,41,286.7,46,286.0,37,286.8,99,285.9,17
1597988294605406976,1597988294500000000,2020-08-21 13:38:14.500000,286.4,289.3,284.3,289.0,nan,286.169,70487,20171170000.0,67615,286.4,16,286.3,46,286.5,75,286.2,40,286.6,64,286.1,41,286.7,46,286.0,37,286.8,99,285.9,17
1597988295138786048,1597988295000000000,2020-08-21 13:38:15.000000,286.4,289.3,284.3,289.0,nan,286.169,70487,20171170000.0,67615,286.4,15,286.3,46,286.5,75,286.2,40,286.6,64,286.1,41,286.7,46,286.0,37,286.8,99,285.9,17
1597988295622656000,1597988295500000000,2020-08-21 13:38:15.500000,286.4,289.3,284.3,289.0,nan,286.169,70487,20171170000.0,67615,286.4,14,286.3,46,286.5,76,286.2,40,286.6,64,286.1,41,286.7,46,286.0,37,286.8,99,285.9,17
1597988299117832960,1597988299000000000,2020-08-21 13:38:19.000000,286.4,289.3,284.3,289.0,nan,286.169,70487,20171170000.0,67615,286.4,13,286.3,46,286.5,77,286.2,41,286.6,64,286.1,41,286.7,46,286.0,37,286.8,99,285.9,17
1597988299629943040,1597988299500000000,2020-08-21 13:38:19.500000,286.4,289.3,284.3,289.0,nan,286.169,70487,20171170000.0,67615,286.4,11,286.3,46,286.5,76,286.2,40,286.6,64,286.1,41,286.7,46,286.0,37,286.8,99,285.9,17
1597988302640089088,1597988302500000000,2020-08-21 13:38:22.500000,286.4,289.3,284.3,289.0,nan,286.169,70488,20171456400.0,67615,286.4,10,286.3,46,286.5,76,286.2,40,286.6,64,286.1,41,286.7,46,286.0,37,286.8,99,285.9,17
1597988303110368000,1597988303000000000,2020-08-21 13:38:23.000000,286.4,289.3,284.3,289.0,nan,286.169,70488,20171456400.0,67615,286.4,10,286.3,49,286.5,76,286.2,38,286.6,64,286.1,41,286.7,46,286.0,37,286.8,99,285.9,17
1597988303803500032,1597988303500000000,2020-08-21 13:38:23.500000,286.4,289.3,284.3,289.0,nan,286.169,70488,20171456400.0,67615,286.4,10,286.3,51,286.5,76,286.2,38,286.6,64,286.1,41,286.7,46,286.0,37,286.8,99,285.9,17
1597988304123874048,1597988304000000000,2020-08-21 13:38:24.000000,286.4,289.3,284.3,289.0,nan,286.169,70494,20173174800.0,67617,286.4,4,286.3,51,286.5,76,286.2,38,286.6,64,286.1,41,286.7,46,286.0,37,286.8,99,285.9,17
1597988304626486016,1597988304500000000,2020-08-21 13:38:24.500000,286.4,289.3,284.3,289.0,nan,286.169,70494,20173174800.0,67617,286.4,3,286.3,53,286.5,75,286.2,37,286.6,65,286.1,41,286.7,46,286.0,37,286.8,99,285.9,17
1597988305109198080,1597988305000000000,2020-08-21 13:38:25.000000,286.4,289.3,284.3,289.0,nan,286.169,70494,20173174800.0,67617,286.4,3,286.3,53,286.5,76,286.2,38,286.6,65,286.1,41,286.7,46,286.0,37,286.8,99,285.9,17
1597988307109421056,1597988307000000000,2020-08-21 13:38:27.000000,286.3,289.3,284.3,289.0,nan,286.169,70495,20173461100.0,67617,286.4,3,286.3,52,286.5,76,286.2,38,286.6,65,286.1,41,286.7,46,286.0,37,286.8,99,285.9,17
1597988308124026112,1597988308000000000,2020-08-21 13:38:28.000000,286.4,289.3,284.3,289.0,nan,286.169,70497,20174033900.0,67618,286.4,1,286.3,55,286.5,76,286.2,38,286.6,65,286.1,41,286.7,46,286.0,37,286.8,99,285.9,17
1597988309125936896,1597988309000000000,2020-08-21 13:38:29.000000,286.4,289.3,284.3,289.0,nan,286.169,70497,20174033900.0,67618,286.4,2,286.3,55,286.5,76,286.2,38,286.6,65,286.1,41,286.7,46,286.0,37,286.8,99,285.9,17
1597988309812325888,1597988309500000000,2020-08-21 13:38:29.500000,286.3,289.3,284.3,289.0,nan,286.169,70498,20174320200.0,67618,286.4,2,286.3,54,286.5,76,286.2,38,286.6,65,286.1,41,286.7,46,286.0,37,286.8,99,285.9,17
1597988310215088128,1597988310000000000,2020-08-21 13:38:30.000000,286.3,289.3,284.3,289.0,nan,286.169,70498,20174320200.0,67618,286.4,4,286.3,54,286.5,76,286.2,38,286.6,65,286.1,41,286.7,46,286.0,37,286.8,99,285.9,17
1597988310621628928,1597988310500000000,2020-08-21 13:38:30.500000,286.3,289.3,284.3,289.0,nan,286.169,70498,20174320200.0,67618,286.4,4,286.3,55,286.5,76,286.2,38,286.6,65,286.1,41,286.7,46,286.0,37,286.8,99,285.9,17
1597988311121345024,1597988311000000000,2020-08-21 13:38:31.000000,286.5,289.3,284.3,289.0,nan,286.169,70506,20176611800.0,67623,286.5,72,286.3,55,286.6,65,286.2,38,286.7,46,286.1,41,286.8,99,286.0,38,286.9,34,285.9,17
1597988311614447104,1597988311500000000,2020-08-21 13:38:31.500000,286.5,289.3,284.3,289.0,nan,286.169,70506,20176611800.0,67623,286.5,70,286.3,57,286.6,61,286.2,42,286.7,50,286.1,35,286.8,100,286.0,38,286.9,34,285.9,17
1597988312118295040,1597988312000000000,2020-08-21 13:38:32.000000,286.5,289.3,284.3,289.0,nan,286.169,70506,20176611800.0,67623,286.5,70,286.3,58,286.6,61,286.2,42,286.7,50,286.1,36,286.8,101,286.0,38,286.9,34,285.9,17
1597988312631633920,1597988312500000000,2020-08-21 13:38:32.500000,286.5,289.3,284.3,289.0,nan,286.169,70506,20176611800.0,67623,286.5,70,286.3,58,286.6,61,286.2,42,286.7,50,286.1,36,286.8,101,286.0,38,286.9,36,285.9,17
1597988313117796096,1597988313000000000,2020-08-21 13:38:33.000000,286.5,289.3,284.3,289.0,nan,286.169,70506,20176611800.0,67623,286.5,71,286.3,59,286.6,61,286.2,42,286.7,50,286.1,36,286.8,101,286.0,38,286.9,36,285.9,17
1597988313615570944,1597988313500000000,2020-08-21 13:38:33.500000,286.3,289.3,284.3,289.0,nan,286.169,70508,20177184400.0,67622,286.5,71,286.3,57,286.6,61,286.2,42,286.7,50,286.1,36,286.8,101,286.0,38,286.9,36,285.9,17
1597988314127190016,1597988314000000000,2020-08-21 13:38:34.000000,286.3,289.3,284.3,289.0,nan,286.169,70508,20177184400.0,67622,286.5,71,286.4,1,286.6,61,286.3,57,286.7,50,286.2,41,286.8,101,286.1,35,286.9,36,286.0,38
1597988314613373952,1597988314500000000,2020-08-21 13:38:34.500000,286.4,289.3,284.3,289.0,nan,286.169,70529,20183198800.0,67606,286.5,67,286.3,37,286.6,58,286.2,43,286.7,52,286.1,31,286.8,102,286.0,37,286.9,36,285.9,17
1597988315110725120,1597988315000000000,2020-08-21 13:38:35.000000,286.4,289.3,284.3,289.0,nan,286.169,70529,20183198800.0,67606,286.5,69,286.3,36,286.6,59,286.2,41,286.7,50,286.1,33,286.8,100,286.0,38,286.9,36,285.9,17
1597988315679666944,1597988315500000000,2020-08-21 13:38:35.500000,286.4,289.3,284.3,289.0,nan,286.169,70529,20183198800.0,67606,286.4,1,286.3,37,286.5,70,286.2,43,286.6,61,286.1,35,286.7,52,286.0,38,286.8,100,285.9,17
1597988316127037952,1597988316000000000,2020-08-21 13:38:36.000000,286.4,289.3,284.3,289.0,nan,286.169,70529,20183198800.0,67606,286.4,2,286.3,36,286.5,72,286.2,40,286.6,64,286.1,39,286.7,46,286.0,38,286.8,100,285.9,17
1597988316611465984,1597988316500000000,2020-08-21 13:38:36.500000,286.4,289.3,284.3,289.0,nan,286.169,70532,20184058000.0,67608,286.5,72,286.3,36,286.6,65,286.2,40,286.7,46,286.1,40,286.8,100,286.0,38,286.9,36,285.9,17
1597988317126514944,1597988317000000000,2020-08-21 13:38:37.000000,286.4,289.3,284.3,289.0,nan,286.169,70532,20184058000.0,67608,286.5,72,286.4,1,286.6,61,286.3,39,286.7,50,286.2,41,286.8,100,286.1,35,286.9,36,286.0,38
1597988317613726976,1597988317500000000,2020-08-21 13:38:37.500000,286.4,289.3,284.3,289.0,nan,286.169,70534,20184630800.0,67606,286.5,69,286.4,1,286.6,58,286.3,39,286.7,54,286.2,44,286.8,101,286.1,31,286.9,36,286.0,37
1597988318132444928,1597988318000000000,2020-08-21 13:38:38.000000,286.4,289.3,284.3,289.0,nan,286.169,70540,20186349200.0,67603,286.5,69,286.3,41,286.6,60,286.2,44,286.7,54,286.1,31,286.8,101,286.0,37,286.9,36,285.9,17
1597988318604100096,1597988318500000000,2020-08-21 13:38:38.500000,286.5,289.3,284.3,289.0,nan,286.169,70542,20186922200.0,67605,286.5,68,286.3,40,286.6,59,286.2,40,286.7,52,286.1,33,286.8,100,286.0,38,286.9,36,285.9,17
1597988319112964096,1597988319000000000,2020-08-21 13:38:39.000000,286.5,289.3,284.3,289.0,nan,286.169,70542,20186922200.0,67605,286.5,70,286.4,2,286.6,61,286.3,41,286.7,50,286.2,39,286.8,100,286.1,35,286.9,36,286.0,38
1597988319626451968,1597988319500000000,2020-08-21 13:38:39.500000,286.4,289.3,284.3,289.0,nan,286.169,70544,20187495000.0,67605,286.5,66,286.3,41,286.6,58,286.2,42,286.7,52,286.1,31,286.8,103,286.0,37,286.9,36,285.9,17
1597988320125198080,1597988320000000000,2020-08-21 13:38:40.000000,286.4,289.3,284.3,289.0,nan,286.169,70544,20187495000.0,67605,286.5,70,286.3,41,286.6,61,286.2,41,286.7,50,286.1,35,286.8,100,286.0,38,286.9,36,285.9,17
1597988320615922944,1597988320500000000,2020-08-21 13:38:40.500000,286.4,289.3,284.3,289.0,nan,286.169,70544,20187495000.0,67605,286.5,70,286.3,42,286.6,61,286.2,41,286.7,50,286.1,35,286.8,101,286.0,38,286.9,36,285.9,17
1597988323128392960,1597988323000000000,2020-08-21 13:38:43.000000,286.4,289.3,284.3,289.0,nan,286.169,70544,20187495000.0,67605,286.5,70,286.3,44,286.6,61,286.2,41,286.7,50,286.1,35,286.8,101,286.0,38,286.9,36,285.9,17
1597988324105839104,1597988324000000000,2020-08-21 13:38:44.000000,286.4,289.3,284.3,289.0,nan,286.169,70544,20187495000.0,67605,286.5,70,286.3,44,286.6,61,286.2,41,286.7,50,286.1,34,286.8,101,286.0,38,286.9,36,285.9,17
1597988325633403904,1597988325500000000,2020-08-21 13:38:45.500000,286.4,289.3,284.3,289.0,nan,286.169,70544,20187495000.0,67605,286.5,71,286.3,44,286.6,63,286.2,41,286.7,50,286.1,34,286.8,101,286.0,38,286.9,36,285.9,17
1597988326133445120,1597988326000000000,2020-08-21 13:38:46.000000,286.5,289.3,284.3,289.0,nan,286.169,70545,20187781500.0,67606,286.5,71,286.3,44,286.6,63,286.2,41,286.7,50,286.1,34,286.8,101,286.0,38,286.9,36,285.9,17
1597988327120560896,1597988327000000000,2020-08-21 13:38:47.000000,286.5,289.3,284.3,289.0,nan,286.169,70545,20187781500.0,67606,286.5,71,286.3,44,286.6,64,286.2,41,286.7,50,286.1,34,286.8,101,286.0,38,286.9,36,285.9,17
1597988329237428992,1597988329000000000,2020-08-21 13:38:49.000000,286.5,289.3,284.3,289.0,nan,286.169,70546,20188068000.0,67607,286.5,70,286.3,44,286.6,64,286.2,41,286.7,50,286.1,34,286.8,101,286.0,38,286.9,36,285.9,17
1597988329624346880,1597988329500000000,2020-08-21 13:38:49.500000,286.5,289.3,284.3,289.0,nan,286.169,70546,20188068000.0,67607,286.5,70,286.4,1,286.6,64,286.3,44,286.7,50,286.2,39,286.8,101,286.1,34,286.9,36,286.0,38
1597988330115783936,1597988330000000000,2020-08-21 13:38:50.000000,286.3,289.3,284.3,289.0,nan,286.169,70553,20190072700.0,67605,286.4,3,286.3,39,286.5,66,286.2,41,286.6,63,286.1,30,286.7,52,286.0,37,286.8,102,285.9,17
1597988330647055872,1597988330500000000,2020-08-21 13:38:50.500000,286.3,289.3,284.3,289.0,nan,286.169,70553,20190072700.0,67605,286.4,6,286.3,36,286.5,68,286.2,38,286.6,69,286.1,38,286.7,46,286.0,38,286.8,100,285.9,17
1597988331129949952,1597988331000000000,2020-08-21 13:38:51.000000,286.3,289.3,284.3,289.0,nan,286.169,70553,20190072700.0,67605,286.4,7,286.3,36,286.5,70,286.2,38,286.6,70,286.1,40,286.7,46,286.0,38,286.8,100,285.9,17
1597988331615988992,1597988331500000000,2020-08-21 13:38:51.500000,286.3,289.3,284.3,289.0,nan,286.169,70553,20190072700.0,67605,286.4,9,286.3,36,286.5,71,286.2,38,286.6,68,286.1,38,286.7,46,286.0,38,286.8,100,285.9,17
1597988332169118976,1597988332000000000,2020-08-21 13:38:52.000000,286.3,289.3,284.3,289.0,nan,286.169,70553,20190072700.0,67605,286.4,9,286.3,35,286.5,72,286.2,38,286.6,69,286.1,41,286.7,46,286.0,38,286.8,100,285.9,17
1597988333609782016,1597988333500000000,2020-08-21 13:38:53.500000,286.4,289.3,284.3,289.0,nan,286.169,70554,20190359100.0,67605,286.4,8,286.3,35,286.5,72,286.2,38,286.6,69,286.1,41,286.7,46,286.0,38,286.8,100,285.9,17
1597988335126363904,1597988335000000000,2020-08-21 13:38:55.000000,286.4,289.3,284.3,289.0,nan,286.169,70554,20190359100.0,67605,286.4,6,286.3,35,286.5,72,286.2,38,286.6,69,286.1,41,286.7,46,286.0,38,286.8,100,285.9,17
1597988335641967104,1597988335500000000,2020-08-21 13:38:55.500000,286.4,289.3,284.3,289.0,nan,286.169,70554,20190359100.0,67605,286.4,8,286.3,36,286.5,71,286.2,38,286.6,69,286.1,42,286.7,46,286.0,38,286.8,100,285.9,17
1597988336145337088,1597988336000000000,2020-08-21 13:38:56.000000,286.4,289.3,284.3,289.0,nan,286.169,70554,20190359100.0,67605,286.4,8,286.3,36,286.5,71,286.2,38,286.6,69,286.1,41,286.7,46,286.0,38,286.8,100,285.9,17
1597988340133120000,1597988340000000000,2020-08-21 13:39:00.000000,286.4,289.3,284.3,289.0,nan,286.169,70554,20190359100.0,67605,286.4,8,286.3,37,286.5,71,286.2,38,286.6,69,286.1,41,286.7,46,286.0,38,286.8,100,285.9,17
1597988340630747904,1597988340500000000,2020-08-21 13:39:00.500000,286.4,289.3,284.3,289.0,nan,286.169,70554,20190359100.0,67605,286.4,8,286.3,39,286.5,71,286.2,38,286.6,69,286.1,41,286.7,46,286.0,38,286.8,100,285.9,17
1597988341116105984,1597988341000000000,2020-08-21 13:39:01.000000,286.4,289.3,284.3,289.0,nan,286.169,70556,20190931900.0,67606,286.4,6,286.3,39,286.5,71,286.2,38,286.6,69,286.1,41,286.7,46,286.0,38,286.8,100,285.9,17
1597988341653336064,1597988341500000000,2020-08-21 13:39:01.500000,286.4,289.3,284.3,289.0,nan,286.169,70556,20190931900.0,67606,286.4,4,286.3,39,286.5,71,286.2,38,286.6,69,286.1,41,286.7,46,286.0,38,286.8,100,285.9,17
1597988342136887040,1597988342000000000,2020-08-21 13:39:02.000000,286.4,289.3,284.3,289.0,nan,286.169,70557,20191218300.0,67606,286.4,3,286.3,39,286.5,70,286.2,38,286.6,70,286.1,41,286.7,46,286.0,38,286.8,100,285.9,17
1597988342710627072,1597988342500000000,2020-08-21 13:39:02.500000,286.4,289.3,284.3,289.0,nan,286.169,70560,20192077500.0,67607,286.5,70,286.4,1,286.6,70,286.3,40,286.7,46,286.2,37,286.8,100,286.1,41,286.9,36,286.0,38
1597988343135709952,1597988343000000000,2020-08-21 13:39:03.000000,286.4,289.3,284.3,289.0,nan,286.169,70560,20192077500.0,67607,286.5,65,286.4,10,286.6,63,286.3,38,286.7,52,286.2,41,286.8,101,286.1,31,286.9,36,286.0,37
1597988343663577088,1597988343500000000,2020-08-21 13:39:03.500000,286.4,289.3,284.3,289.0,nan,286.169,70560,20192077500.0,67607,286.5,64,286.4,14,286.6,65,286.3,41,286.7,56,286.2,44,286.8,101,286.1,31,286.9,36,286.0,37
1597988344134595072,1597988344000000000,2020-08-21 13:39:04.000000,286.4,289.3,284.3,289.0,nan,286.169,70560,20192077500.0,67607,286.5,63,286.4,14,286.6,66,286.3,41,286.7,54,286.2,42,286.8,101,286.1,31,286.9,36,286.0,37
1597988344616953088,1597988344500000000,2020-08-21 13:39:04.500000,286.4,289.3,284.3,289.0,nan,286.169,70560,20192077500.0,67607,286.5,64,286.4,14,286.6,66,286.3,42,286.7,55,286.2,43,286.8,101,286.1,31,286.9,36,286.0,37
1597988346644649984,1597988346500000000,2020-08-21 13:39:06.500000,286.4,289.3,284.3,289.0,nan,286.169,70561,20192363900.0,67607,286.5,64,286.4,13,286.6,66,286.3,42,286.7,55,286.2,43,286.8,101,286.1,31,286.9,36,286.0,37
1597988348137295872,1597988348000000000,2020-08-21 13:39:08.000000,286.4,289.3,284.3,289.0,nan,286.169,70561,20192363900.0,67607,286.5,65,286.4,17,286.6,68,286.3,42,286.7,55,286.2,44,286.8,101,286.1,33,286.9,36,286.0,37
1597988348633595904,1597988348500000000,2020-08-21 13:39:08.500000,286.4,289.3,284.3,289.0,nan,286.169,70561,20192363900.0,67607,286.5,64,286.4,17,286.6,66,286.3,41,286.7,55,286.2,44,286.8,101,286.1,31,286.9,36,286.0,37
1597988349117870080,1597988349000000000,2020-08-21 13:39:09.000000,286.4,289.3,284.3,289.0,nan,286.169,70561,20192363900.0,67607,286.5,63,286.4,17,286.6,66,286.3,41,286.7,55,286.2,43,286.8,101,286.1,31,286.9,36,286.0,37
1597988349620664064,1597988349500000000,2020-08-21 13:39:09.500000,286.4,289.3,284.3,289.0,nan,286.169,70564,20193223300.0,67608,286.5,62,286.4,17,286.6,66,286.3,41,286.7,55,286.2,43,286.8,101,286.1,31,286.9,36,286.0,37
1597988352681760000,1597988352500000000,2020-08-21 13:39:12.500000,286.4,289.3,284.3,289.0,nan,286.169,70564,20193223300.0,67608,286.5,62,286.4,17,286.6,66,286.3,41,286.7,55,286.2,43,286.8,101,286.1,31,286.9,34,286.0,37
1597988353166223872,1597988353000000000,2020-08-21 13:39:13.000000,286.4,289.3,284.3,289.0,nan,286.169,70564,20193223300.0,67608,286.5,62,286.4,20,286.6,66,286.3,41,286.7,55,286.2,43,286.8,101,286.1,31,286.9,34,286.0,37
1597988353606242048,1597988353500000000,2020-08-21 13:39:13.500000,286.4,289.3,284.3,289.0,nan,286.169,70564,20193223300.0,67608,286.5,62,286.4,21,286.6,66,286.3,41,286.7,55,286.2,43,286.8,101,286.1,31,286.9,34,286.0,37
1597988354126612992,1597988354000000000,2020-08-21 13:39:14.000000,286.4,289.3,284.3,289.0,nan,286.169,70564,20193223300.0,67608,286.5,62,286.4,22,286.6,66,286.3,40,286.7,55,286.2,43,286.8,101,286.1,31,286.9,34,286.0,37
1597988354631739904,1597988354500000000,2020-08-21 13:39:14.500000,286.4,289.3,284.3,289.0,nan,286.169,70564,20193223300.0,67608,286.5,62,286.4,22,286.6,65,286.3,39,286.7,55,286.2,43,286.8,101,286.1,31,286.9,34,286.0,37
1597988355120971008,1597988355000000000,2020-08-21 13:39:15.000000,286.4,289.3,284.3,289.0,nan,286.169,70564,20193223300.0,67608,286.5,62,286.4,22,286.6,65,286.3,39,286.7,54,286.2,42,286.8,101,286.1,31,286.9,34,286.0,37
1597988355627515904,1597988355500000000,2020-08-21 13:39:15.500000,286.4,289.3,284.3,289.0,nan,286.169,70564,20193223300.0,67608,286.5,62,286.4,23,286.6,66,286.3,39,286.7,56,286.2,44,286.8,101,286.1,31,286.9,34,286.0,37
1597988356120747008,1597988356000000000,2020-08-21 13:39:16.000000,286.4,289.3,284.3,289.0,nan,286.169,70564,20193223300.0,67608,286.5,62,286.4,23,286.6,66,286.3,39,286.7,54,286.2,42,286.8,101,286.1,31,286.9,34,286.0,37
1597988356609374976,1597988356500000000,2020-08-21 13:39:16.500000,286.4,289.3,284.3,289.0,nan,286.169,70564,20193223300.0,67608,286.5,62,286.4,23,286.6,66,286.3,39,286.7,55,286.2,43,286.8,101,286.1,31,286.9,34,286.0,37
1597988359124080128,1597988359000000000,2020-08-21 13:39:19.000000,286.4,289.3,284.3,289.0,nan,286.169,70564,20193223300.0,67608,286.5,63,286.4,24,286.6,66,286.3,39,286.7,55,286.2,43,286.8,101,286.1,31,286.9,34,286.0,37
1597988361108666112,1597988361000000000,2020-08-21 13:39:21.000000,286.4,289.3,284.3,289.0,nan,286.169,70564,20193223300.0,67608,286.5,62,286.4,24,286.6,63,286.3,38,286.7,53,286.2,43,286.8,101,286.1,29,286.9,34,286.0,37
1597988365627363072,1597988365500000000,2020-08-21 13:39:25.500000,286.4,289.3,284.3,289.0,nan,286.169,70564,20193223300.0,67608,286.5,63,286.4,24,286.6,63,286.3,38,286.7,53,286.2,43,286.8,101,286.1,29,286.9,34,286.0,37
1597988366128659968,1597988366000000000,2020-08-21 13:39:26.000000,286.4,289.3,284.3,289.0,nan,286.169,70564,20193223300.0,67608,286.5,63,286.4,24,286.6,64,286.3,38,286.7,53,286.2,43,286.8,101,286.1,29,286.9,34,286.0,37
1597988366640429056,1597988366500000000,2020-08-21 13:39:26.500000,286.4,289.3,284.3,289.0,nan,286.169,70564,20193223300.0,67608,286.5,64,286.4,24,286.6,64,286.3,38,286.7,53,286.2,43,286.8,101,286.1,29,286.9,34,286.0,37
1597988367649773056,1597988367500000000,2020-08-21 13:39:27.500000,286.4,289.3,284.3,289.0,nan,286.169,70564,20193223300.0,67608,286.5,65,286.4,24,286.6,64,286.3,38,286.7,53,286.2,43,286.8,101,286.1,29,286.9,34,286.0,37
1597988368124750080,1597988368000000000,2020-08-21 13:39:28.000000,286.4,289.3,284.3,289.0,nan,286.169,70564,20193223300.0,67608,286.5,65,286.4,29,286.6,64,286.3,38,286.7,53,286.2,43,286.8,101,286.1,29,286.9,34,286.0,37
1597988370632145920,1597988370500000000,2020-08-21 13:39:30.500000,286.4,289.3,284.3,289.0,nan,286.169,70564,20193223300.0,67608,286.5,66,286.4,29,286.6,64,286.3,38,286.7,53,286.2,43,286.8,101,286.1,29,286.9,34,286.0,37
1597988371128332032,1597988371000000000,2020-08-21 13:39:31.000000,286.4,289.3,284.3,289.0,nan,286.169,70564,20193223300.0,67608,286.5,66,286.4,30,286.6,64,286.3,38,286.7,53,286.2,43,286.8,101,286.1,29,286.9,34,286.0,37
1597988373611088896,1597988373500000000,2020-08-21 13:39:33.500000,286.4,289.3,284.3,289.0,nan,286.169,70564,20193223300.0,67608,286.5,66,286.4,30,286.6,67,286.3,39,286.7,53,286.2,43,286.8,101,286.1,31,286.9,34,286.0,37
1597988374117990912,1597988374000000000,2020-08-21 13:39:34.000000,286.4,289.3,284.3,289.0,nan,286.169,70564,20193223300.0,67608,286.5,66,286.4,30,286.6,64,286.3,38,286.7,53,286.2,43,286.8,101,286.1,29,286.9,34,286.0,37
1597988375112886016,1597988375000000000,2020-08-21 13:39:35.000000,286.5,289.3,284.3,289.0,nan,286.169,70566,20193796300.0,67610,286.5,64,286.4,30,286.6,64,286.3,38,286.7,53,286.2,43,286.8,101,286.1,29,286.9,34,286.0,37
1597988375615333120,1597988375500000000,2020-08-21 13:39:35.500000,286.5,289.3,284.3,289.0,nan,286.169,70566,20193796300.0,67610,286.5,64,286.4,32,286.6,64,286.3,32,286.7,53,286.2,42,286.8,101,286.1,29,286.9,34,286.0,37
1597988376106767104,1597988376000000000,2020-08-21 13:39:36.000000,286.4,289.3,284.3,289.0,nan,286.169,70567,20194082700.0,67610,286.5,64,286.4,31,286.6,64,286.3,32,286.7,53,286.2,42,286.8,101,286.1,29,286.9,34,286.0,37
1597988376621512960,1597988376500000000,2020-08-21 13:39:36.500000,286.5,289.3,284.3,289.0,nan,286.169,70568,20194369200.0,67611,286.5,63,286.4,37,286.6,64,286.3,32,286.7,53,286.2,42,286.8,101,286.1,29,286.9,34,286.0,37
1597988377104299008,1597988377000000000,2020-08-21 13:39:37.000000,286.5,289.3,284.3,289.0,nan,286.169,70570,20194942200.0,67613,286.5,61,286.4,37,286.6,64,286.3,32,286.7,53,286.2,42,286.8,101,286.1,29,286.9,34,286.0,37
1597988377624869120,1597988377500000000,2020-08-21 13:39:37.500000,286.5,289.3,284.3,289.0,nan,286.169,70570,20194942200.0,67613,286.5,60,286.4,37,286.6,64,286.3,31,286.7,53,286.2,42,286.8,101,286.1,29,286.9,34,286.0,37
1597988378122149888,1597988378000000000,2020-08-21 13:39:38.000000,286.5,289.3,284.3,289.0,nan,286.169,70570,20194942200.0,67613,286.5,60,286.4,38,286.6,64,286.3,31,286.7,53,286.2,42,286.8,101,286.1,29,286.9,34,286.0,37
1597988381130060032,1597988381000000000,2020-08-21 13:39:41.000000,286.5,289.3,284.3,289.0,nan,286.169,70575,20196374700.0,67618,286.5,56,286.4,38,286.6,65,286.3,32,286.7,53,286.2,42,286.8,101,286.1,29,286.9,34,286.0,37
1597988381618860032,1597988381500000000,2020-08-21 13:39:41.500000,286.5,289.3,284.3,289.0,nan,286.169,70580,20197807200.0,67623,286.5,51,286.4,38,286.6,64,286.3,31,286.7,53,286.2,42,286.8,101,286.1,29,286.9,34,286.0,37
1597988382622464000,1597988382500000000,2020-08-21 13:39:42.500000,286.5,289.3,284.3,289.0,nan,286.169,70582,20198380200.0,67625,286.5,49,286.4,38,286.6,63,286.3,31,286.7,53,286.2,42,286.8,101,286.1,29,286.9,34,286.0,37
1597988383104834048,1597988383000000000,2020-08-21 13:39:43.000000,286.5,289.3,284.3,289.0,nan,286.169,70582,20198380200.0,67625,286.5,49,286.4,40,286.6,63,286.3,31,286.7,53,286.2,42,286.8,101,286.1,29,286.9,34,286.0,37
1597988383619465984,1597988383500000000,2020-08-21 13:39:43.500000,286.5,289.3,284.3,289.0,nan,286.169,70582,20198380200.0,67625,286.5,49,286.4,43,286.6,64,286.3,29,286.7,53,286.2,42,286.8,101,286.1,29,286.9,34,286.0,37
1597988384126140928,1597988384000000000,2020-08-21 13:39:44.000000,286.5,289.3,284.3,289.0,nan,286.169,70582,20198380200.0,67625,286.5,48,286.4,43,286.6,64,286.3,29,286.7,53,286.2,42,286.8,101,286.1,29,286.9,34,286.0,37
1597988384616780032,1597988384500000000,2020-08-21 13:39:44.500000,286.5,289.3,284.3,289.0,nan,286.169,70583,20198666700.0,67625,286.5,47,286.4,43,286.6,64,286.3,29,286.7,53,286.2,42,286.8,101,286.1,29,286.9,34,286.0,37
1597988386127475968,1597988386000000000,2020-08-21 13:39:46.000000,286.5,289.3,284.3,289.0,nan,286.169,70584,20198953200.0,67626,286.5,46,286.4,43,286.6,64,286.3,29,286.7,53,286.2,42,286.8,101,286.1,29,286.9,34,286.0,37
1597988387120828928,1597988387000000000,2020-08-21 13:39:47.000000,286.5,289.3,284.3,289.0,nan,286.169,70584,20198953200.0,67626,286.5,46,286.4,43,286.6,64,286.3,29,286.7,54,286.2,42,286.8,101,286.1,29,286.9,34,286.0,37
1597988393129714944,1597988393000000000,2020-08-21 13:39:53.000000,286.5,289.3,284.3,289.0,nan,286.169,70586,20199526200.0,67628,286.5,44,286.4,43,286.6,64,286.3,29,286.7,54,286.2,42,286.8,101,286.1,29,286.9,34,286.0,37
1597988393619371008,1597988393500000000,2020-08-21 13:39:53.500000,286.5,289.3,284.3,289.0,nan,286.169,70586,20199526200.0,67628,286.5,43,286.4,43,286.6,65,286.3,31,286.7,56,286.2,42,286.8,101,286.1,29,286.9,34,286.0,37
1597988394113890048,1597988394000000000,2020-08-21 13:39:54.000000,286.5,289.3,284.3,289.0,nan,286.169,70586,20199526200.0,67628,286.5,42,286.4,45,286.6,65,286.3,32,286.7,57,286.2,41,286.8,102,286.1,28,286.9,34,286.0,37
1597988395615851008,1597988395500000000,2020-08-21 13:39:55.500000,286.5,289.3,284.3,289.0,nan,286.169,70587,20199812700.0,67629,286.5,43,286.4,45,286.6,65,286.3,32,286.7,57,286.2,41,286.8,103,286.1,28,286.9,34,286.0,37
1597988397621168896,1597988397500000000,2020-08-21 13:39:57.500000,286.5,289.3,284.3,289.0,nan,286.169,70592,20201245200.0,67629,286.5,38,286.4,46,286.6,65,286.3,32,286.7,57,286.2,41,286.8,103,286.1,28,286.9,34,286.0,37
1597988398143557120,1597988398000000000,2020-08-21 13:39:58.000000,286.5,289.3,284.3,289.0,nan,286.169,70592,20201245200.0,67629,286.5,36,286.4,46,286.6,67,286.3,32,286.7,57,286.2,41,286.8,103,286.1,28,286.9,34,286.0,37
1597988398611425024,1597988398500000000,2020-08-21 13:39:58.500000,286.5,289.3,284.3,289.0,nan,286.169,70592,20201245200.0,67629,286.5,36,286.4,46,286.6,67,286.3,32,286.7,57,286.2,41,286.8,103,286.1,30,286.9,34,286.0,37
1597988401611685888,1597988401500000000,2020-08-21 13:40:01.500000,286.5,289.3,284.3,289.0,nan,286.169,70592,20201245200.0,67629,286.5,36,286.4,46,286.6,65,286.3,32,286.7,57,286.2,41,286.8,103,286.1,30,286.9,34,286.0,37
1597988402128133888,1597988402000000000,2020-08-21 13:40:02.000000,286.5,289.3,284.3,289.0,nan,286.169,70592,20201245200.0,67629,286.5,36,286.4,46,286.6,65,286.3,32,286.7,57,286.2,41,286.8,103,286.1,30,286.9,38,286.0,37
1597988402601523968,1597988402500000000,2020-08-21 13:40:02.500000,286.5,289.3,284.3,289.0,nan,286.169,70594,20201818200.0,67629,286.5,34,286.4,47,286.6,65,286.3,32,286.7,57,286.2,41,286.8,103,286.1,30,286.9,38,286.0,37
1597988403115318016,1597988403000000000,2020-08-21 13:40:03.000000,286.4,289.3,284.3,289.0,nan,286.169,70596,20202391000.0,67631,286.5,35,286.4,47,286.6,65,286.3,32,286.7,57,286.2,41,286.8,103,286.1,30,286.9,38,286.0,37
1597988404135712000,1597988404000000000,2020-08-21 13:40:04.000000,286.5,289.3,284.3,289.0,nan,286.169,70597,20202677500.0,67630,286.5,34,286.4,47,286.6,65,286.3,32,286.7,57,286.2,41,286.8,103,286.1,30,286.9,38,286.0,37
1597988404623441920,1597988404500000000,2020-08-21 13:40:04.500000,286.5,289.3,284.3,289.0,nan,286.169,70597,20202677500.0,67630,286.5,34,286.4,47,286.6,65,286.3,32,286.7,57,286.2,42,286.8,103,286.1,30,286.9,38,286.0,37
1597988405132666880,1597988405000000000,2020-08-21 13:40:05.000000,286.5,289.3,284.3,289.0,nan,286.169,70597,20202677500.0,67630,286.5,34,286.4,48,286.6,65,286.3,32,286.7,57,286.2,42,286.8,103,286.1,30,286.9,38,286.0,37
1597988407615826944,1597988407500000000,2020-08-21 13:40:07.500000,286.5,289.3,284.3,289.0,nan,286.169,70597,20202677500.0,67630,286.5,34,286.4,49,286.6,65,286.3,32,286.7,57,286.2,42,286.8,103,286.1,30,286.9,38,286.0,37
1597988408640051968,1597988408500000000,2020-08-21 13:40:08.500000,286.5,289.3,284.3,289.0,nan,286.169,70598,20202964000.0,67630,286.5,33,286.4,49,286.6,65,286.3,32,286.7,57,286.2,42,286.8,103,286.1,30,286.9,38,286.0,37
1597988409126065920,1597988409000000000,2020-08-21 13:40:09.000000,286.5,289.3,284.3,289.0,nan,286.169,70599,20203250500.0,67630,286.5,32,286.4,50,286.6,65,286.3,32,286.7,57,286.2,42,286.8,103,286.1,30,286.9,38,286.0,37
1597988410111033088,1597988410000000000,2020-08-21 13:40:10.000000,286.5,289.3,284.3,289.0,nan,286.169,70600,20203537000.0,67630,286.5,31,286.4,50,286.6,65,286.3,32,286.7,57,286.2,42,286.8,103,286.1,30,286.9,38,286.0,37
1597988410634071040,1597988410500000000,2020-08-21 13:40:10.500000,286.5,289.3,284.3,289.0,nan,286.169,70603,20204396500.0,67630,286.5,28,286.4,51,286.6,65,286.3,32,286.7,57,286.2,42,286.8,103,286.1,30,286.9,38,286.0,37
1597988411121163008,1597988411000000000,2020-08-21 13:40:11.000000,286.5,289.3,284.3,289.0,nan,286.169,70609,20206115500.0,67630,286.5,22,286.4,51,286.6,65,286.3,32,286.7,57,286.2,42,286.8,103,286.1,30,286.9,38,286.0,37
1597988411623229952,1597988411500000000,2020-08-21 13:40:11.500000,286.4,289.3,284.3,289.0,nan,286.169,70611,20206688400.0,67631,286.5,20,286.4,50,286.6,65,286.3,31,286.7,57,286.2,42,286.8,103,286.1,30,286.9,38,286.0,37
1597988412115140096,1597988412000000000,2020-08-21 13:40:12.000000,286.4,289.3,284.3,289.0,nan,286.169,70611,20206688400.0,67631,286.5,19,286.4,52,286.6,66,286.3,31,286.7,57,286.2,42,286.8,103,286.1,30,286.9,38,286.0,37
1597988413125766912,1597988413000000000,2020-08-21 13:40:13.000000,286.5,289.3,284.3,289.0,nan,286.169,70612,20206974900.0,67631,286.5,18,286.4,53,286.6,66,286.3,31,286.7,57,286.2,42,286.8,103,286.1,30,286.9,38,286.0,37
1597988413627310080,1597988413500000000,2020-08-21 13:40:13.500000,286.5,289.3,284.3,289.0,nan,286.169,70612,20206974900.0,67631,286.5,18,286.4,53,286.6,67,286.3,31,286.7,57,286.2,42,286.8,103,286.1,30,286.9,38,286.0,37
1597988414124812032,1597988414000000000,2020-08-21 13:40:14.000000,286.5,289.3,284.3,289.0,nan,286.169,70617,20208407400.0,67633,286.5,13,286.4,53,286.6,67,286.3,31,286.7,57,286.2,42,286.8,103,286.1,30,286.9,38,286.0,37
1597988414629875968,1597988414500000000,2020-08-21 13:40:14.500000,286.5,289.3,284.3,289.0,nan,286.169,70621,20209553300.0,67637,286.5,9,286.4,52,286.6,68,286.3,31,286.7,57,286.2,42,286.8,103,286.1,30,286.9,38,286.0,37
1597988415140203008,1597988415000000000,2020-08-21 13:40:15.000000,286.5,289.3,284.3,289.0,nan,286.169,70624,20210412800.0,67639,286.5,7,286.4,52,286.6,68,286.3,31,286.7,57,286.2,42,286.8,103,286.1,30,286.9,38,286.0,37
1597988415707855104,1597988415500000000,2020-08-21 13:40:15.500000,286.4,289.3,284.3,289.0,nan,286.169,70626,20210985700.0,67640,286.5,7,286.4,51,286.6,68,286.3,31,286.7,57,286.2,42,286.8,103,286.1,30,286.9,38,286.0,37
1597988417129859072,1597988417000000000,2020-08-21 13:40:17.000000,286.5,289.3,284.3,289.0,nan,286.169,70627,20211272200.0,67641,286.5,12,286.4,51,286.6,68,286.3,31,286.7,57,286.2,42,286.8,103,286.1,30,286.9,38,286.0,37
1597988417642320896,1597988417500000000,2020-08-21 13:40:17.500000,286.5,289.3,284.3,289.0,nan,286.169,70627,20211272200.0,67641,286.5,15,286.4,50,286.6,68,286.3,31,286.7,57,286.2,42,286.8,103,286.1,30,286.9,38,286.0,37
1597988418139868928,1597988418000000000,2020-08-21 13:40:18.000000,286.5,289.3,284.3,289.0,nan,286.169,70629,20211845200.0,67643,286.5,14,286.4,50,286.6,68,286.3,31,286.7,57,286.2,42,286.8,103,286.1,30,286.9,38,286.0,37
1597988418607755008,1597988418500000000,2020-08-21 13:40:18.500000,286.4,289.3,284.3,289.0,nan,286.169,70630,20212131600.0,67642,286.5,14,286.4,49,286.6,68,286.3,33,286.7,57,286.2,42,286.8,103,286.1,30,286.9,38,286.0,37
1597988419117793024,1597988419000000000,2020-08-21 13:40:19.000000,286.4,289.3,284.3,289.0,nan,286.169,70630,20212131600.0,67642,286.5,16,286.4,49,286.6,68,286.3,33,286.7,57,286.2,42,286.8,103,286.1,30,286.9,38,286.0,37
1597988419619706880,1597988419500000000,2020-08-21 13:40:19.500000,286.5,289.3,284.3,289.0,nan,286.169,70635,20213564100.0,67645,286.5,16,286.4,49,286.6,67,286.3,32,286.7,57,286.2,42,286.8,103,286.1,30,286.9,38,286.0,37
1597988420115227904,1597988420000000000,2020-08-21 13:40:20.000000,286.5,289.3,284.3,289.0,nan,286.169,70638,20214423400.0,67646,286.5,16,286.4,46,286.6,67,286.3,32,286.7,57,286.2,42,286.8,103,286.1,30,286.9,38,286.0,37
1597988420680744960,1597988420500000000,2020-08-21 13:40:20.500000,286.5,289.3,284.3,289.0,nan,286.169,70638,20214423400.0,67646,286.5,17,286.4,47,286.6,67,286.3,32,286.7,57,286.2,42,286.8,103,286.1,30,286.9,38,286.0,37
1597988421115930112,1597988421000000000,2020-08-21 13:40:21.000000,286.5,289.3,284.3,289.0,nan,286.169,70639,20214709900.0,67646,286.5,16,286.4,47,286.6,67,286.3,32,286.7,57,286.2,42,286.8,103,286.1,30,286.9,38,286.0,37
1597988421616633088,1597988421500000000,2020-08-21 13:40:21.500000,286.5,289.3,284.3,289.0,nan,286.169,70641,20215282900.0,67646,286.5,20,286.4,47,286.6,67,286.3,33,286.7,57,286.2,42,286.8,103,286.1,30,286.9,38,286.0,37
1597988422116603904,1597988422000000000,2020-08-21 13:40:22.000000,286.5,289.3,284.3,289.0,nan,286.169,70641,20215282900.0,67646,286.5,21,286.4,47,286.6,67,286.3,33,286.7,57,286.2,42,286.8,103,286.1,30,286.9,38,286.0,37
1597988422645880064,1597988422500000000,2020-08-21 13:40:22.500000,286.5,289.3,284.3,289.0,nan,286.169,70641,20215282900.0,67646,286.5,22,286.4,47,286.6,66,286.3,33,286.7,57,286.2,42,286.8,103,286.1,30,286.9,38,286.0,37
1597988423614528000,1597988423500000000,2020-08-21 13:40:23.500000,286.5,289.3,284.3,289.0,nan,286.169,70642,20215569400.0,67646,286.5,21,286.4,47,286.6,66,286.3,33,286.7,57,286.2,42,286.8,103,286.1,30,286.9,38,286.0,37
1597988424618508032,1597988424500000000,2020-08-21 13:40:24.500000,286.5,289.3,284.3,289.0,nan,286.169,70642,20215569400.0,67646,286.5,20,286.4,47,286.6,66,286.3,33,286.7,57,286.2,42,286.8,103,286.1,30,286.9,38,286.0,37
1597988425117193984,1597988425000000000,2020-08-21 13:40:25.000000,286.5,289.3,284.3,289.0,nan,286.169,70642,20215569400.0,67646,286.5,19,286.4,47,286.6,67,286.3,33,286.7,57,286.2,42,286.8,103,286.1,30,286.9,38,286.0,37
1597988425618868992,1597988425500000000,2020-08-21 13:40:25.500000,286.4,289.3,284.3,289.0,nan,286.169,70657,20219865400.0,67634,286.5,20,286.4,32,286.6,65,286.3,33,286.7,55,286.2,40,286.8,103,286.1,30,286.9,38,286.0,37
1597988426144226048,1597988426000000000,2020-08-21 13:40:26.000000,286.4,289.3,284.3,289.0,nan,286.169,70659,20220438200.0,67633,286.5,19,286.4,29,286.6,66,286.3,35,286.7,55,286.2,40,286.8,103,286.1,30,286.9,38,286.0,37
1597988426783934976,1597988426500000000,2020-08-21 13:40:26.500000,286.4,289.3,284.3,289.0,nan,286.169,70659,20220438200.0,67633,286.5,19,286.4,31,286.6,67,286.3,35,286.7,57,286.2,42,286.8,103,286.1,30,286.9,38,286.0,37
1597988427118381056,1597988427000000000,2020-08-21 13:40:27.000000,286.4,289.3,284.3,289.0,nan,286.169,70659,20220438200.0,67633,286.5,23,286.4,32,286.6,67,286.3,35,286.7,57,286.2,42,286.8,103,286.1,30,286.9,38,286.0,37
1597988427620750080,1597988427500000000,2020-08-21 13:40:27.500000,286.4,289.3,284.3,289.0,nan,286.169,70659,20220438200.0,67633,286.5,23,286.4,31,286.6,65,286.3,35,286.7,58,286.2,42,286.8,103,286.1,30,286.9,38,286.0,37
1597988428120697088,1597988428000000000,2020-08-21 13:40:28.000000,286.4,289.3,284.3,289.0,nan,286.169,70659,20220438200.0,67633,286.5,23,286.4,34,286.6,65,286.3,35,286.7,57,286.2,41,286.8,103,286.1,30,286.9,38,286.0,37
1597988428608052992,1597988428500000000,2020-08-21 13:40:28.500000,286.4,289.3,284.3,289.0,nan,286.169,70659,20220438200.0,67633,286.5,25,286.4,35,286.6,65,286.3,35,286.7,59,286.2,43,286.8,103,286.1,30,286.9,38,286.0,37
1597988429124847104,1597988429000000000,2020-08-21 13:40:29.000000,286.5,289.3,284.3,289.0,nan,286.169,70661,20221011200.0,67633,286.5,24,286.4,35,286.6,65,286.3,35,286.7,57,286.2,41,286.8,103,286.1,30,286.9,38,286.0,37
1597988429606658048,1597988429500000000,2020-08-21 13:40:29.500000,286.5,289.3,284.3,289.0,nan,286.169,70661,20221011200.0,67633,286.5,25,286.4,36,286.6,65,286.3,35,286.7,58,286.2,42,286.8,103,286.1,30,286.9,38,286.0,38
1597988430632299008,1597988430500000000,2020-08-21 13:40:30.500000,286.4,289.3,284.3,289.0,nan,286.169,70662,20221297600.0,67634,286.5,25,286.4,34,286.6,65,286.3,35,286.7,58,286.2,42,286.8,103,286.1,30,286.9,38,286.0,38
1597988434117551104,1597988434000000000,2020-08-21 13:40:34.000000,286.4,289.3,284.3,289.0,nan,286.169,70662,20221297600.0,67634,286.5,25,286.4,34,286.6,66,286.3,36,286.7,58,286.2,42,286.8,103,286.1,30,286.9,38,286.0,38
1597988434603208960,1597988434500000000,2020-08-21 13:40:34.500000,286.4,289.3,284.3,289.0,nan,286.169,70662,20221297600.0,67634,286.5,25,286.4,34,286.6,64,286.3,35,286.7,58,286.2,42,286.8,103,286.1,30,286.9,38,286.0,38
1597988435112994048,1597988435000000000,2020-08-21 13:40:35.000000,286.4,289.3,284.3,289.0,nan,286.169,70662,20221297600.0,67634,286.5,26,286.4,34,286.6,64,286.3,35,286.7,58,286.2,42,286.8,103,286.1,30,286.9,38,286.0,38
1597988436134437120,1597988436000000000,2020-08-21 13:40:36.000000,286.4,289.3,284.3,289.0,nan,286.169,70662,20221297600.0,67634,286.5,28,286.4,34,286.6,64,286.3,35,286.7,58,286.2,42,286.8,103,286.1,30,286.9,38,286.0,38
1597988436605735936,1597988436500000000,2020-08-21 13:40:36.500000,286.5,289.3,284.3,289.0,nan,286.169,70663,20221584100.0,67635,286.5,27,286.4,34,286.6,64,286.3,35,286.7,58,286.2,42,286.8,103,286.1,30,286.9,38,286.0,38
1597988438124553984,1597988438000000000,2020-08-21 13:40:38.000000,286.4,289.3,284.3,289.0,nan,286.169,70664,20221870500.0,67634,286.5,27,286.4,33,286.6,64,286.3,35,286.7,58,286.2,42,286.8,103,286.1,30,286.9,38,286.0,38
1597988438621332992,1597988438500000000,2020-08-21 13:40:38.500000,286.4,289.3,284.3,289.0,nan,286.169,70666,20222443300.0,67632,286.5,27,286.4,30,286.6,64,286.3,35,286.7,58,286.2,42,286.8,103,286.1,30,286.9,38,286.0,38
1597988439119453952,1597988439000000000,2020-08-21 13:40:39.000000,286.4,289.3,284.3,289.0,nan,286.169,70666,20222443300.0,67632,286.5,27,286.4,30,286.6,64,286.3,37,286.7,58,286.2,42,286.8,103,286.1,30,286.9,38,286.0,38
1597988439622153984,1597988439500000000,2020-08-21 13:40:39.500000,286.4,289.3,284.3,289.0,nan,286.169,70666,20222443300.0,67632,286.5,28,286.4,30,286.6,64,286.3,37,286.7,58,286.2,42,286.8,103,286.1,30,286.9,38,286.0,38
1597988440638066944,1597988440500000000,2020-08-21 13:40:40.500000,286.4,289.3,284.3,289.0,nan,286.169,70667,20222729700.0,67632,286.5,28,286.4,29,286.6,64,286.3,37,286.7,58,286.2,42,286.8,103,286.1,30,286.9,38,286.0,38
1597988442125600000,1597988442000000000,2020-08-21 13:40:42.000000,286.4,289.3,284.3,289.0,nan,286.169,70667,20222729700.0,67632,286.5,28,286.4,30,286.6,64,286.3,37,286.7,58,286.2,42,286.8,103,286.1,30,286.9,38,286.0,38
1597988443117764096,1597988443000000000,2020-08-21 13:40:43.000000,286.4,289.3,284.3,289.0,nan,286.169,70667,20222729700.0,67632,286.5,28,286.4,31,286.6,64,286.3,37,286.7,58,286.2,42,286.8,103,286.1,30,286.9,38,286.0,38
1597988443643596032,1597988443500000000,2020-08-21 13:40:43.500000,286.4,289.3,284.3,289.0,nan,286.169,70667,20222729700.0,67632,286.5,28,286.4,31,286.6,64,286.3,37,286.7,57,286.2,42,286.8,103,286.1,30,286.9,38,286.0,38
1597988445108113920,1597988445000000000,2020-08-21 13:40:45.000000,286.5,289.3,284.3,289.0,nan,286.169,70668,20223016200.0,67631,286.5,28,286.4,31,286.6,64,286.3,37,286.7,57,286.2,42,286.8,103,286.1,30,286.9,38,286.0,38
1597988445611771904,1597988445500000000,2020-08-21 13:40:45.500000,286.5,289.3,284.3,289.0,nan,286.169,70670,20223589200.0,67631,286.5,26,286.4,34,286.6,64,286.3,37,286.7,57,286.2,42,286.8,103,286.1,30,286.9,38,286.0,38
1597988446133540096,1597988446000000000,2020-08-21 13:40:46.000000,286.5,289.3,284.3,289.0,nan,286.169,70670,20223589200.0,67631,286.5,26,286.4,36,286.6,64,286.3,37,286.7,57,286.2,42,286.8,103,286.1,30,286.9,38,286.0,43
1597988447107921920,1597988447000000000,2020-08-21 13:40:47.000000,286.5,289.3,284.3,289.0,nan,286.169,70670,20223589200.0,67631,286.5,26,286.4,36,286.6,64,286.3,37,286.7,57,286.2,42,286.8,103,286.1,33,286.9,38,286.0,43
1597988447605917952,1597988447500000000,2020-08-21 13:40:47.500000,286.5,289.3,284.3,289.0,nan,286.169,70670,20223589200.0,67631,286.5,27,286.4,36,286.6,65,286.3,37,286.7,57,286.2,42,286.8,103,286.1,33,286.9,38,286.0,43
1597988449617757952,1597988449500000000,2020-08-21 13:40:49.500000,286.5,289.3,284.3,289.0,nan,286.169,70670,20223589200.0,67631,286.5,28,286.4,36,286.6,65,286.3,37,286.7,57,286.2,42,286.8,103,286.1,33,286.9,38,286.0,43
1597988451109121024,1597988451000000000,2020-08-21 13:40:51.000000,286.4,289.3,284.3,289.0,nan,286.169,70672,20224162000.0,67629,286.5,28,286.4,34,286.6,65,286.3,37,286.7,57,286.2,42,286.8,103,286.1,33,286.9,38,286.0,43
1597988451613459968,1597988451500000000,2020-08-21 13:40:51.500000,286.4,289.3,284.3,289.0,nan,286.169,70672,20224162000.0,67629,286.5,28,286.4,34,286.6,65,286.3,32,286.7,57,286.2,42,286.8,103,286.1,33,286.9,38,286.0,43
1597988454113114880,1597988454000000000,2020-08-21 13:40:54.000000,286.4,289.3,284.3,289.0,nan,286.169,70672,20224162000.0,67629,286.5,29,286.4,34,286.6,64,286.3,32,286.7,57,286.2,42,286.8,103,286.1,33,286.9,38,286.0,43
1597988454636951040,1597988454500000000,2020-08-21 13:40:54.500000,286.5,289.3,284.3,289.0,nan,286.169,70675,20225021300.0,67628,286.5,28,286.4,31,286.6,64,286.3,32,286.7,57,286.2,42,286.8,103,286.1,33,286.9,38,286.0,43
1597988455135237888,1597988455000000000,2020-08-21 13:40:55.000000,286.5,289.3,284.3,289.0,nan,286.169,70675,20225021300.0,67628,286.5,28,286.4,36,286.6,64,286.3,32,286.7,57,286.2,42,286.8,103,286.1,33,286.9,38,286.0,43
1597988457603009024,1597988457500000000,2020-08-21 13:40:57.500000,286.5,289.3,284.3,289.0,nan,286.169,70675,20225021300.0,67628,286.5,29,286.4,36,286.6,64,286.3,32,286.7,57,286.2,42,286.8,103,286.1,33,286.9,38,286.0,43
1597988458113805056,1597988458000000000,2020-08-21 13:40:58.000000,286.5,289.3,284.3,289.0,nan,286.169,70675,20225021300.0,67628,286.5,30,286.4,36,286.6,64,286.3,32,286.7,57,286.2,42,286.8,103,286.1,33,286.9,38,286.0,43
1597988459119304960,1597988459000000000,2020-08-21 13:40:59.000000,286.5,289.3,284.3,289.0,nan,286.169,70675,20225021300.0,67628,286.5,31,286.4,37,286.6,64,286.3,32,286.7,57,286.2,42,286.8,103,286.1,33,286.9,38,286.0,43
1597988459625035008,1597988459500000000,2020-08-21 13:40:59.500000,286.5,289.3,284.3,289.0,nan,286.169,70675,20225021300.0,67628,286.5,31,286.4,36,286.6,64,286.3,32,286.7,57,286.2,42,286.8,103,286.1,33,286.9,38,286.0,43
1597988460131341056,1597988460000000000,2020-08-21 13:41:00.000000,286.5,289.3,284.3,289.0,nan,286.169,70675,20225021300.0,67628,286.5,31,286.4,37,286.6,64,286.3,32,286.7,57,286.2,42,286.8,103,286.1,33,286.9,38,286.0,43
1597988460606439936,1597988460500000000,2020-08-21 13:41:00.500000,286.4,289.3,284.3,289.0,nan,286.169,70682,20227026100.0,67625,286.5,31,286.4,29,286.6,62,286.3,32,286.7,56,286.2,41,286.8,103,286.1,33,286.9,38,286.0,43
1597988461265937920,1597988461000000000,2020-08-21 13:41:01.000000,286.3,289.3,284.3,289.0,nan,286.17,70716,20236763400.0,67616,286.4,2,286.3,27,286.5,35,286.2,41,286.6,64,286.1,34,286.7,54,286.0,43,286.8,102,285.9,16
1597988461624025088,1597988461500000000,2020-08-21 13:41:01.500000,286.3,289.3,284.3,289.0,nan,286.17,70718,20237336000.0,67615,286.4,21,286.3,20,286.5,35,286.2,36,286.6,62,286.1,40,286.7,46,286.0,44,286.8,101,285.9,16
1597988462139864064,1597988462000000000,2020-08-21 13:41:02.000000,286.3,289.3,284.3,289.0,nan,286.17,70718,20237336000.0,67615,286.4,26,286.3,18,286.5,36,286.2,37,286.6,64,286.1,43,286.7,45,286.0,45,286.8,101,285.9,16
1597988462630333952,1597988462500000000,2020-08-21 13:41:02.500000,286.3,289.3,284.3,289.0,nan,286.17,70718,20237336000.0,67615,286.4,28,286.3,18,286.5,38,286.2,37,286.6,63,286.1,46,286.7,45,286.0,45,286.8,101,285.9,16
1597988463122632960,1597988463000000000,2020-08-21 13:41:03.000000,286.3,289.3,284.3,289.0,nan,286.17,70718,20237336000.0,67615,286.4,30,286.3,18,286.5,38,286.2,37,286.6,62,286.1,45,286.7,45,286.0,45,286.8,101,285.9,16
1597988463610097920,1597988463500000000,2020-08-21 13:41:03.500000,286.3,289.3,284.3,289.0,nan,286.17,70718,20237336000.0,67615,286.4,31,286.3,18,286.5,38,286.2,38,286.6,66,286.1,49,286.7,45,286.0,45,286.8,101,285.9,16
1597988464122878976,1597988464000000000,2020-08-21 13:41:04.000000,286.3,289.3,284.3,289.0,nan,286.17,70718,20237336000.0,67615,286.4,31,286.3,18,286.5,38,286.2,38,286.6,64,286.1,47,286.7,45,286.0,45,286.8,101,285.9,16
1597988464624571904,1597988464500000000,2020-08-21 13:41:04.500000,286.3,289.3,284.3,289.0,nan,286.17,70718,20237336000.0,67615,286.4,31,286.3,19,286.5,38,286.2,38,286.6,65,286.1,48,286.7,45,286.0,45,286.8,101,285.9,16
1597988465122391040,1597988465000000000,2020-08-21 13:41:05.000000,286.3,289.3,284.3,289.0,nan,286.17,70718,20237336000.0,67615,286.4,31,286.3,19,286.5,37,286.2,38,286.6,65,286.1,48,286.7,45,286.0,45,286.8,101,285.9,16
1597988466614315008,1597988466500000000,2020-08-21 13:41:06.500000,286.3,289.3,284.3,289.0,nan,286.17,70718,20237336000.0,67615,286.4,32,286.3,19,286.5,36,286.2,38,286.6,65,286.1,48,286.7,45,286.0,45,286.8,101,285.9,16
1597988467111205888,1597988467000000000,2020-08-21 13:41:07.000000,286.3,289.3,284.3,289.0,nan,286.17,70718,20237336000.0,67615,286.4,32,286.3,20,286.5,36,286.2,38,286.6,65,286.1,49,286.7,45,286.0,45,286.8,101,285.9,16
1597988468128944128,1597988468000000000,2020-08-21 13:41:08.000000,286.3,289.3,284.3,289.0,nan,286.17,70718,20237336000.0,67615,286.4,31,286.3,20,286.5,36,286.2,38,286.6,65,286.1,49,286.7,45,286.0,45,286.8,101,285.9,16
1597988468605649920,1597988468500000000,2020-08-21 13:41:08.500000,286.3,289.3,284.3,289.0,nan,286.17,70718,20237336000.0,67615,286.4,31,286.3,21,286.5,36,286.2,38,286.6,64,286.1,49,286.7,45,286.0,45,286.8,101,285.9,16
1597988469110842112,1597988469000000000,2020-08-21 13:41:09.000000,286.3,289.3,284.3,289.0,nan,286.17,70718,20237336000.0,67615,286.4,31,286.3,22,286.5,36,286.2,38,286.6,64,286.1,48,286.7,45,286.0,45,286.8,101,285.9,16
1597988470107121920,1597988470000000000,2020-08-21 13:41:10.000000,286.3,289.3,284.3,289.0,nan,286.17,70718,20237336000.0,67615,286.4,31,286.3,22,286.5,36,286.2,38,286.6,64,286.1,49,286.7,45,286.0,45,286.8,101,285.9,16
1597988471110721024,1597988471000000000,2020-08-21 13:41:11.000000,286.4,289.3,284.3,289.0,nan,286.17,70719,20237622400.0,67615,286.4,30,286.3,22,286.5,36,286.2,38,286.6,64,286.1,49,286.7,45,286.0,45,286.8,101,285.9,16
1597988471608570880,1597988471500000000,2020-08-21 13:41:11.500000,286.4,289.3,284.3,289.0,nan,286.17,70719,20237622400.0,67615,286.4,31,286.3,22,286.5,36,286.2,38,286.6,64,286.1,49,286.7,45,286.0,45,286.8,101,285.9,16
1597988472113024000,1597988472000000000,2020-08-21 13:41:12.000000,286.4,289.3,284.3,289.0,nan,286.17,70719,20237622400.0,67615,286.4,31,286.3,22,286.5,36,286.2,38,286.6,64,286.1,49,286.7,43,286.0,45,286.8,101,285.9,16
1597988473108655104,1597988473000000000,2020-08-21 13:41:13.000000,286.3,289.3,284.3,289.0,nan,286.17,70720,20237908700.0,67614,286.4,32,286.3,21,286.5,36,286.2,38,286.6,64,286.1,50,286.7,43,286.0,45,286.8,101,285.9,16
1597988474124818944,1597988474000000000,2020-08-21 13:41:14.000000,286.3,289.3,284.3,289.0,nan,286.17,70721,20238195000.0,67614,286.4,32,286.3,20,286.5,36,286.2,38,286.6,64,286.1,50,286.7,43,286.0,45,286.8,101,285.9,16
1597988474682068992,1597988474500000000,2020-08-21 13:41:14.500000,286.3,289.3,284.3,289.0,nan,286.17,70721,20238195000.0,67614,286.4,32,286.3,18,286.5,36,286.2,38,286.6,64,286.1,51,286.7,43,286.0,45,286.8,101,285.9,16
1597988475110507008,1597988475000000000,2020-08-21 13:41:15.000000,286.3,289.3,284.3,289.0,nan,286.17,70739,20243348400.0,67626,286.3,1,286.2,37,286.4,32,286.1,51,286.5,36,286.0,45,286.6,64,285.9,16,286.7,43,285.8,19
1597988475618124032,1597988475500000000,2020-08-21 13:41:15.500000,286.2,289.3,284.3,289.0,nan,286.17,70740,20243634600.0,67626,286.3,13,286.2,30,286.4,28,286.1,45,286.5,36,286.0,51,286.6,56,285.9,17,286.7,42,285.8,19
1597988476130973952,1597988476000000000,2020-08-21 13:41:16.000000,286.2,289.3,284.3,289.0,nan,286.17,70740,20243634600.0,67626,286.3,16,286.2,30,286.4,33,286.1,45,286.5,35,286.0,53,286.6,55,285.9,17,286.7,42,285.8,19
1597988476634242048,1597988476500000000,2020-08-21 13:41:16.500000,286.2,289.3,284.3,289.0,nan,286.17,70740,20243634600.0,67626,286.3,16,286.2,30,286.4,34,286.1,46,286.5,37,286.0,55,286.6,55,285.9,17,286.7,42,285.8,19
1597988477116954112,1597988477000000000,2020-08-21 13:41:17.000000,286.2,289.3,284.3,289.0,nan,286.17,70741,20243920800.0,67625,286.3,16,286.2,28,286.4,34,286.1,46,286.5,35,286.0,53,286.6,55,285.9,17,286.7,42,285.8,19
1597988477628389120,1597988477500000000,2020-08-21 13:41:17.500000,286.2,289.3,284.3,289.0,nan,286.17,70741,20243920800.0,67625,286.3,16,286.2,29,286.4,31,286.1,47,286.5,36,286.0,54,286.6,55,285.9,17,286.7,42,285.8,19
1597988478130971904,1597988478000000000,2020-08-21 13:41:18.000000,286.3,289.3,284.3,289.0,nan,286.17,70759,20249074200.0,67641,286.4,32,286.3,2,286.5,35,286.2,31,286.6,55,286.1,47,286.7,42,286.0,54,286.8,101,285.9,17
1597988478642034944,1597988478500000000,2020-08-21 13:41:18.500000,286.3,289.3,284.3,289.0,nan,286.17,70762,20249933100.0,67641,286.3,5,286.2,36,286.4,26,286.1,48,286.5,31,286.0,45,286.6,61,285.9,16,286.7,43,285.8,19
1597988479135322112,1597988479000000000,2020-08-21 13:41:19.000000,286.3,289.3,284.3,289.0,nan,286.17,70763,20250219400.0,67641,286.3,5,286.2,33,286.4,33,286.1,49,286.5,32,286.0,51,286.6,57,285.9,17,286.7,42,285.8,19
1597988479626004992,1597988479500000000,2020-08-21 13:41:19.500000,286.3,289.3,284.3,289.0,nan,286.17,70769,20251937200.0,67644,286.4,33,286.3,5,286.5,34,286.2,33,286.6,55,286.1,46,286.7,42,286.0,53,286.8,101,285.9,17
1597988480118224896,1597988480000000000,2020-08-21 13:41:20.000000,286.3,289.3,284.3,289.0,nan,286.17,70776,20253941300.0,67647,286.4,24,286.2,37,286.5,31,286.1,49,286.6,63,286.0,45,286.7,43,285.9,16,286.8,101,285.8,19
1597988480641741056,1597988480500000000,2020-08-21 13:41:20.500000,286.3,289.3,284.3,289.0,nan,286.17,70776,20253941300.0,67647,286.4,26,286.2,37,286.5,37,286.1,49,286.6,59,286.0,49,286.7,42,285.9,17,286.8,101,285.8,19
1597988481106068992,1597988481000000000,2020-08-21 13:41:21.000000,286.3,289.3,284.3,289.0,nan,286.17,70776,20253941300.0,67647,286.4,26,286.2,37,286.5,40,286.1,50,286.6,60,286.0,49,286.7,42,285.9,17,286.8,101,285.8,19
1597988482114806016,1597988482000000000,2020-08-21 13:41:22.000000,286.3,289.3,284.3,289.0,nan,286.17,70776,20253941300.0,67647,286.4,27,286.2,37,286.5,39,286.1,51,286.6,60,286.0,49,286.7,42,285.9,17,286.8,101,285.8,19
1597988482630648064,1597988482500000000,2020-08-21 13:41:22.500000,286.2,289.3,284.3,289.0,nan,286.17,70785,20256517100.0,67652,286.3,3,286.2,28,286.4,27,286.1,51,286.5,39,286.0,49,286.6,60,285.9,17,286.7,42,285.8,19
1597988483112272896,1597988483000000000,2020-08-21 13:41:23.000000,286.2,289.3,284.3,289.0,nan,286.17,70785,20256517100.0,67652,286.3,5,286.2,27,286.4,29,286.1,47,286.5,37,286.0,52,286.6,56,285.9,17,286.7,42,285.8,19
1597988483611156992,1597988483500000000,2020-08-21 13:41:23.500000,286.2,289.3,284.3,289.0,nan,286.17,70785,20256517100.0,67652,286.3,7,286.2,27,286.4,30,286.1,46,286.5,40,286.0,54,286.6,55,285.9,17,286.7,42,285.8,19
1597988484119512064,1597988484000000000,2020-08-21 13:41:24.000000,286.2,289.3,284.3,289.0,nan,286.17,70785,20256517100.0,67652,286.3,7,286.2,27,286.4,31,286.1,47,286.5,43,286.0,56,286.6,55,285.9,17,286.7,42,285.8,19
1597988484614118912,1597988484500000000,2020-08-21 13:41:24.500000,286.3,289.3,284.3,289.0,nan,286.17,70792,20258521200.0,67655,286.4,31,286.3,1,286.5,41,286.2,29,286.6,55,286.1,46,286.7,42,286.0,54,286.8,101,285.9,17
1597988485122546944,1597988485000000000,2020-08-21 13:41:25.000000,286.3,289.3,284.3,289.0,nan,286.17,70794,20259093800.0,67655,286.4,26,286.3,2,286.5,38,286.2,30,286.6,62,286.1,51,286.7,43,286.0,45,286.8,101,285.9,16
1597988485638661888,1597988485500000000,2020-08-21 13:41:25.500000,286.3,289.3,284.3,289.0,nan,286.17,70794,20259093800.0,67655,286.4,25,286.3,4,286.5,38,286.2,31,286.6,65,286.1,53,286.7,43,286.0,45,286.8,101,285.9,16
1597988486120364032,1597988486000000000,2020-08-21 13:41:26.000000,286.3,289.3,284.3,289.0,nan,286.17,70794,20259093800.0,67655,286.4,24,286.3,8,286.5,39,286.2,31,286.6,65,286.1,52,286.7,43,286.0,45,286.8,101,285.9,16
1597988486629618944,1597988486500000000,2020-08-21 13:41:26.500000,286.3,289.3,284.3,289.0,nan,286.17,70795,20259380100.0,67656,286.4,25,286.3,7,286.5,41,286.2,32,286.6,63,286.1,50,286.7,43,286.0,45,286.8,101,285.9,16
1597988487118449920,1597988487000000000,2020-08-21 13:41:27.000000,286.3,289.3,284.3,289.0,nan,286.17,70795,20259380100.0,67656,286.4,27,286.3,7,286.5,41,286.2,34,286.6,65,286.1,52,286.7,43,286.0,45,286.8,101,285.9,16
1597988487613261056,1597988487500000000,2020-08-21 13:41:27.500000,286.3,289.3,284.3,289.0,nan,286.17,70795,20259380100.0,67656,286.4,27,286.3,4,286.5,41,286.2,35,286.6,63,286.1,50,286.7,43,286.0,45,286.8,101,285.9,16
1597988488120955904,1597988488000000000,2020-08-21 13:41:28.000000,286.3,289.3,284.3,289.0,nan,286.17,70799,20260525300.0,67654,286.3,6,286.2,34,286.4,27,286.1,52,286.5,41,286.0,46,286.6,64,285.9,16,286.7,43,285.8,19
1597988488611959040,1597988488500000000,2020-08-21 13:41:28.500000,286.3,289.3,284.3,289.0,nan,286.17,70799,20260525300.0,67654,286.3,9,286.2,28,286.4,33,286.1,46,286.5,40,286.0,52,286.6,56,285.9,17,286.7,42,285.8,19
1597988489144902912,1597988489000000000,2020-08-21 13:41:29.000000,286.3,289.3,284.3,289.0,nan,286.17,70799,20260525300.0,67654,286.3,10,286.2,28,286.4,36,286.1,46,286.5,42,286.0,54,286.6,55,285.9,17,286.7,42,285.8,19
1597988489625051904,1597988489500000000,2020-08-21 13:41:29.500000,286.3,289.3,284.3,289.0,nan,286.17,70800,20260811600.0,67654,286.3,11,286.2,28,286.4,37,286.1,47,286.5,44,286.0,56,286.6,55,285.9,17,286.7,42,285.8,19
1597988490126117120,1597988490000000000,2020-08-21 13:41:30.000000,286.3,289.3,284.3,289.0,nan,286.17,70803,20261670500.0,67654,286.3,8,286.2,28,286.4,37,286.1,47,286.5,43,286.0,54,286.6,55,285.9,17,286.7,42,285.8,19
1597988490636724992,1597988490500000000,2020-08-21 13:41:30.500000,286.3,289.3,284.3,289.0,nan,286.17,70806,20262529400.0,67654,286.3,3,286.2,28,286.4,37,286.1,47,286.5,44,286.0,55,286.6,55,285.9,17,286.7,42,285.8,19
1597988491125848064,1597988491000000000,2020-08-21 13:41:31.000000,286.3,289.3,284.3,289.0,nan,286.17,70809,20263388300.0,67655,286.4,36,286.3,1,286.5,45,286.2,28,286.6,55,286.1,46,286.7,42,286.0,55,286.8,101,285.9,17
1597988491615469056,1597988491500000000,2020-08-21 13:41:31.500000,286.3,289.3,284.3,289.0,nan,286.17,70809,20263388300.0,67655,286.4,30,286.3,5,286.5,40,286.2,31,286.6,60,286.1,49,286.7,43,286.0,46,286.8,101,285.9,16
1597988492108220928,1597988492000000000,2020-08-21 13:41:32.000000,286.3,289.3,284.3,289.0,nan,286.17,70809,20263388300.0,67655,286.4,28,286.3,7,286.5,41,286.2,33,286.6,64,286.1,51,286.7,43,286.0,46,286.8,101,285.9,16
1597988492649108992,1597988492500000000,2020-08-21 13:41:32.500000,286.3,289.3,284.3,289.0,nan,286.17,70809,20263388300.0,67655,286.4,29,286.3,8,286.5,42,286.2,34,286.6,62,286.1,49,286.7,43,286.0,46,286.8,101,285.9,16
1597988493111073024,1597988493000000000,2020-08-21 13:41:33.000000,286.3,289.3,284.3,289.0,nan,286.17,70809,20263388300.0,67655,286.4,29,286.3,8,286.5,42,286.2,34,286.6,63,286.1,50,286.7,43,286.0,46,286.8,101,285.9,16
1597988493617709056,1597988493500000000,2020-08-21 13:41:33.500000,286.3,289.3,284.3,289.0,nan,286.17,70809,20263388300.0,67655,286.4,32,286.3,9,286.5,41,286.2,35,286.6,63,286.1,51,286.7,43,286.0,46,286.8,101,285.9,16
1597988494630505984,1597988494500000000,2020-08-21 13:41:34.500000,286.3,289.3,284.3,289.0,nan,286.17,70809,20263388300.0,67655,286.4,31,286.3,9,286.5,41,286.2,35,286.6,63,286.1,51,286.7,43,286.0,46,286.8,101,285.9,16
1597988495126490112,1597988495000000000,2020-08-21 13:41:35.000000,286.3,289.3,284.3,289.0,nan,286.17,70810,20263674600.0,67654,286.4,31,286.3,8,286.5,41,286.2,35,286.6,63,286.1,51,286.7,43,286.0,46,286.8,101,285.9,16
1597988495619780096,1597988495500000000,2020-08-21 13:41:35.500000,286.3,289.3,284.3,289.0,nan,286.17,70810,20263674600.0,67654,286.4,31,286.3,8,286.5,41,286.2,36,286.6,62,286.1,51,286.7,43,286.0,46,286.8,101,285.9,16
1597988497110622976,1597988497000000000,2020-08-21 13:41:37.000000,286.3,289.3,284.3,289.0,nan,286.17,70810,20263674600.0,67654,286.4,31,286.3,8,286.5,41,286.2,37,286.6,62,286.1,51,286.7,43,286.0,46,286.8,101,285.9,16
1597988497616407040,1597988497500000000,2020-08-21 13:41:37.500000,286.3,289.3,284.3,289.0,nan,286.17,70810,20263674600.0,67654,286.4,30,286.3,8,286.5,41,286.2,38,286.6,62,286.1,51,286.7,43,286.0,46,286.8,101,285.9,16
1597988498129565952,1597988498000000000,2020-08-21 13:41:38.000000,286.3,289.3,284.3,289.0,nan,286.17,70810,20263674600.0,67654,286.4,29,286.3,9,286.5,41,286.2,38,286.6,62,286.1,51,286.7,43,286.0,46,286.8,101,285.9,16
1597988498607461120,1597988498500000000,2020-08-21 13:41:38.500000,286.3,289.3,284.3,289.0,nan,286.17,70810,20263674600.0,67654,286.4,29,286.3,10,286.5,41,286.2,38,286.6,62,286.1,51,286.7,43,286.0,46,286.8,101,285.9,16
1597988499130473984,1597988499000000000,2020-08-21 13:41:39.000000,286.3,289.3,284.3,289.0,nan,286.17,70810,20263674600.0,67654,286.4,29,286.3,12,286.5,41,286.2,38,286.6,62,286.1,51,286.7,43,286.0,46,286.8,101,285.9,16
1597988499614455040,1597988499500000000,2020-08-21 13:41:39.500000,286.3,289.3,284.3,289.0,nan,286.17,70810,20263674600.0,67654,286.4,29,286.3,12,286.5,41,286.2,38,286.6,62,286.1,51,286.7,43,286.0,46,286.8,100,285.9,16
1597988500615173120,1597988500500000000,2020-08-21 13:41:40.500000,286.3,289.3,284.3,289.0,nan,286.17,70810,20263674600.0,67654,286.4,30,286.3,12,286.5,41,286.2,38,286.6,62,286.1,51,286.7,43,286.0,46,286.8,100,285.9,16
1597988501622210048,1597988501500000000,2020-08-21 13:41:41.500000,286.3,289.3,284.3,289.0,nan,286.17,70810,20263674600.0,67654,286.4,30,286.3,13,286.5,41,286.2,38,286.6,62,286.1,51,286.7,43,286.0,46,286.8,100,285.9,16
1597988502131224064,1597988502000000000,2020-08-21 13:41:42.000000,286.3,289.3,284.3,289.0,nan,286.17,70810,20263674600.0,67654,286.4,30,286.3,21,286.5,41,286.2,38,286.6,62,286.1,51,286.7,43,286.0,46,286.8,100,285.9,16
1597988502612229120,1597988502500000000,2020-08-21 13:41:42.500000,286.3,289.3,284.3,289.0,nan,286.17,70810,20263674600.0,67654,286.4,30,286.3,24,286.5,41,286.2,36,286.6,61,286.1,51,286.7,43,286.0,46,286.8,100,285.9,16
1597988503121462016,1597988503000000000,2020-08-21 13:41:43.000000,286.3,289.3,284.3,289.0,nan,286.17,70810,20263674600.0,67654,286.4,28,286.3,25,286.5,41,286.2,36,286.6,62,286.1,52,286.7,43,286.0,46,286.8,100,285.9,16
1597988503684954880,1597988503500000000,2020-08-21 13:41:43.500000,286.3,289.3,284.3,289.0,nan,286.17,70810,20263674600.0,67654,286.4,27,286.3,25,286.5,41,286.2,36,286.6,62,286.1,52,286.7,43,286.0,46,286.8,100,285.9,16
1597988504116354048,1597988504000000000,2020-08-21 13:41:44.000000,286.3,289.3,284.3,289.0,nan,286.17,70811,20263960900.0,67655,286.4,27,286.3,24,286.5,41,286.2,36,286.6,63,286.1,52,286.7,43,286.0,46,286.8,100,285.9,16
1597988506123806976,1597988506000000000,2020-08-21 13:41:46.000000,286.3,289.3,284.3,289.0,nan,286.17,70811,20263960900.0,67655,286.4,29,286.3,24,286.5,41,286.2,36,286.6,63,286.1,52,286.7,43,286.0,46,286.8,100,285.9,16
1597988507107772928,1597988507000000000,2020-08-21 13:41:47.000000,286.3,289.3,284.3,289.0,nan,286.17,70811,20263960900.0,67655,286.4,29,286.3,24,286.5,41,286.2,36,286.6,64,286.1,52,286.7,43,286.0,46,286.8,100,285.9,16
1597988508617184000,1597988508500000000,2020-08-21 13:41:48.500000,286.3,289.3,284.3,289.0,nan,286.17,70811,20263960900.0,67655,286.4,30,286.3,24,286.5,41,286.2,36,286.6,64,286.1,52,286.7,43,286.0,46,286.8,100,285.9,16
1597988510106352896,1597988510000000000,2020-08-21 13:41:50.000000,286.3,289.3,284.3,289.0,nan,286.17,70811,20263960900.0,67655,286.4,30,286.3,24,286.5,41,286.2,36,286.6,64,286.1,53,286.7,43,286.0,46,286.8,100,285.9,16
1597988511120594944,1597988511000000000,2020-08-21 13:41:51.000000,286.3,289.3,284.3,289.0,nan,286.17,70811,20263960900.0,67655,286.4,30,286.3,24,286.5,40,286.2,36,286.6,64,286.1,53,286.7,43,286.0,46,286.8,100,285.9,16
1597988512112856064,1597988512000000000,2020-08-21 13:41:52.000000,286.3,289.3,284.3,289.0,nan,286.17,70811,20263960900.0,67655,286.4,31,286.3,25,286.5,40,286.2,36,286.6,64,286.1,53,286.7,43,286.0,46,286.8,100,285.9,16
1597988514620019968,1597988514500000000,2020-08-21 13:41:54.500000,286.3,289.3,284.3,289.0,nan,286.17,70821,20266823900.0,67652,286.4,31,286.3,15,286.5,40,286.2,36,286.6,64,286.1,53,286.7,43,286.0,46,286.8,100,285.9,16
1597988515118388992,1597988515000000000,2020-08-21 13:41:55.000000,286.3,289.3,284.3,289.0,nan,286.17,70821,20266823900.0,67652,286.4,31,286.3,8,286.5,40,286.2,38,286.6,64,286.1,53,286.7,43,286.0,46,286.8,100,285.9,16
1597988515623204096,1597988515500000000,2020-08-21 13:41:55.500000,286.3,289.3,284.3,289.0,nan,286.17,70821,20266823900.0,67652,286.4,31,286.3,7,286.5,40,286.2,38,286.6,64,286.1,53,286.7,43,286.0,46,286.8,100,285.9,16
1597988517120929024,1597988517000000000,2020-08-21 13:41:57.000000,286.4,289.3,284.3,289.0,nan,286.17,70822,20267110300.0,67652,286.4,30,286.3,9,286.5,40,286.2,38,286.6,64,286.1,53,286.7,43,286.0,46,286.8,100,285.9,16
1597988517617398016,1597988517500000000,2020-08-21 13:41:57.500000,286.4,289.3,284.3,289.0,nan,286.17,70822,20267110300.0,67652,286.4,32,286.3,10,286.5,40,286.2,38,286.6,64,286.1,53,286.7,43,286.0,46,286.8,100,285.9,16
1597988520619719936,1597988520500000000,2020-08-21 13:42:00.500000,286.4,289.3,284.3,289.0,nan,286.17,70822,20267110300.0,67652,286.4,42,286.3,10,286.5,40,286.2,38,286.6,64,286.1,53,286.7,43,286.0,46,286.8,100,285.9,16
1597988521120251904,1597988521000000000,2020-08-21 13:42:01.000000,286.4,289.3,284.3,289.0,nan,286.17,70822,20267110300.0,67652,286.4,44,286.3,9,286.5,38,286.2,38,286.6,64,286.1,53,286.7,43,286.0,46,286.8,100,285.9,16
1597988521615102976,1597988521500000000,2020-08-21 13:42:01.500000,286.4,289.3,284.3,289.0,nan,286.17,70822,20267110300.0,67652,286.4,44,286.3,5,286.5,38,286.2,38,286.6,64,286.1,53,286.7,43,286.0,46,286.8,100,285.9,16
1597988522116852992,1597988522000000000,2020-08-21 13:42:02.000000,286.4,289.3,284.3,289.0,nan,286.17,70822,20267110300.0,67652,286.4,44,286.3,6,286.5,38,286.2,38,286.6,64,286.1,53,286.7,43,286.0,46,286.8,100,285.9,16
1597988522647763968,1597988522500000000,2020-08-21 13:42:02.500000,286.4,289.3,284.3,289.0,nan,286.17,70822,20267110300.0,67652,286.4,44,286.3,6,286.5,38,286.2,39,286.6,64,286.1,53,286.7,43,286.0,46,286.8,100,285.9,16
1597988523142254080,1597988523000000000,2020-08-21 13:42:03.000000,286.4,289.3,284.3,289.0,nan,286.17,70823,20267396700.0,67653,286.4,43,286.3,7,286.5,38,286.2,39,286.6,64,286.1,53,286.7,43,286.0,46,286.8,100,285.9,16
1597988523617382912,1597988523500000000,2020-08-21 13:42:03.500000,286.4,289.3,284.3,289.0,nan,286.17,70836,20271119900.0,67648,286.4,30,286.3,13,286.5,38,286.2,38,286.6,63,286.1,52,286.7,43,286.0,46,286.8,100,285.9,16
1597988524128800000,1597988524000000000,2020-08-21 13:42:04.000000,286.3,289.3,284.3,289.0,nan,286.17,70838,20271692600.0,67649,286.4,25,286.3,23,286.5,40,286.2,36,286.6,63,286.1,52,286.7,43,286.0,46,286.8,100,285.9,16
1597988524630999040,1597988524500000000,2020-08-21 13:42:04.500000,286.3,289.3,284.3,289.0,nan,286.17,70838,20271692600.0,67649,286.4,25,286.3,26,286.5,38,286.2,35,286.6,66,286.1,53,286.7,43,286.0,46,286.8,100,285.9,16
1597988525114373120,1597988525000000000,2020-08-21 13:42:05.000000,286.3,289.3,284.3,289.0,nan,286.17,70838,20271692600.0,67649,286.4,24,286.3,28,286.5,36,286.2,35,286.6,67,286.1,52,286.7,44,286.0,45,286.8,100,285.9,16
1597988525612732928,1597988525500000000,2020-08-21 13:42:05.500000,286.3,289.3,284.3,289.0,nan,286.17,70838,20271692600.0,67649,286.4,25,286.3,30,286.5,37,286.2,35,286.6,67,286.1,52,286.7,44,286.0,45,286.8,100,285.9,16
1597988526102062080,1597988526000000000,2020-08-21 13:42:06.000000,286.3,289.3,284.3,289.0,nan,286.17,70838,20271692600.0,67649,286.4,25,286.3,31,286.5,38,286.2,35,286.6,67,286.1,52,286.7,44,286.0,45,286.8,100,285.9,16
1597988526619704064,1597988526500000000,2020-08-21 13:42:06.500000,286.3,289.3,284.3,289.0,nan,286.17,70838,20271692600.0,67649,286.4,15,286.3,31,286.5,38,286.2,35,286.6,67,286.1,52,286.7,44,286.0,45,286.8,100,285.9,16
1597988527114600960,1597988527000000000,2020-08-21 13:42:07.000000,286.3,289.3,284.3,289.0,nan,286.17,70838,20271692600.0,67649,286.4,11,286.3,31,286.5,39,286.2,34,286.6,68,286.1,52,286.7,44,286.0,45,286.8,100,285.9,16
1597988527622009088,1597988527500000000,2020-08-21 13:42:07.500000,286.3,289.3,284.3,289.0,nan,286.17,70838,20271692600.0,67649,286.4,11,286.3,32,286.5,39,286.2,34,286.6,67,286.1,51,286.7,44,286.0,45,286.8,100,285.9,16
1597988528106544128,1597988528000000000,2020-08-21 13:42:08.000000,286.3,289.3,284.3,289.0,nan,286.17,70839,20271978900.0,67650,286.4,11,286.3,31,286.5,40,286.2,35,286.6,69,286.1,53,286.7,44,286.0,45,286.8,100,285.9,16
1597988528617878016,1597988528500000000,2020-08-21 13:42:08.500000,286.4,289.3,284.3,289.0,nan,286.17,70841,20272551700.0,67650,286.4,9,286.3,31,286.5,40,286.2,35,286.6,67,286.1,51,286.7,44,286.0,45,286.8,100,285.9,16
1597988529109093888,1597988529000000000,2020-08-21 13:42:09.000000,286.4,289.3,284.3,289.0,nan,286.17,70841,20272551700.0,67650,286.4,9,286.3,31,286.5,40,286.2,35,286.6,68,286.1,52,286.7,44,286.0,45,286.8,100,285.9,16
1597988529622689024,1597988529500000000,2020-08-21 13:42:09.500000,286.4,289.3,284.3,289.0,nan,286.17,70843,20273124500.0,67651,286.4,7,286.3,31,286.5,40,286.2,35,286.6,68,286.1,52,286.7,44,286.0,45,286.8,100,285.9,16
1597988530123158016,1597988530000000000,2020-08-21 13:42:10.000000,286.3,289.3,284.3,289.0,nan,286.17,70844,20273410800.0,67651,286.4,7,286.3,30,286.5,40,286.2,35,286.6,68,286.1,52,286.7,47,286.0,45,286.8,100,285.9,16
1597988530636619008,1597988530500000000,2020-08-21 13:42:10.500000,286.3,289.3,284.3,289.0,nan,286.17,70844,20273410800.0,67651,286.4,7,286.3,30,286.5,40,286.2,35,286.6,68,286.1,51,286.7,47,286.0,45,286.8,100,285.9,16
1597988531129123072,1597988531000000000,2020-08-21 13:42:11.000000,286.3,289.3,284.3,289.0,nan,286.17,70844,20273410800.0,67651,286.4,7,286.3,30,286.5,40,286.2,35,286.6,68,286.1,51,286.7,47,286.0,44,286.8,100,285.9,16
1597988531624058880,1597988531500000000,2020-08-21 13:42:11.500000,286.3,289.3,284.3,289.0,nan,286.17,70844,20273410800.0,67651,286.4,7,286.3,30,286.5,40,286.2,35,286.6,68,286.1,51,286.7,47,286.0,43,286.8,100,285.9,16
1597988533602001920,1597988533500000000,2020-08-21 13:42:13.500000,286.3,289.3,284.3,289.0,nan,286.17,70844,20273410800.0,67651,286.4,7,286.3,32,286.5,40,286.2,35,286.6,68,286.1,51,286.7,47,286.0,43,286.8,100,285.9,16
1597988534617353984,1597988534500000000,2020-08-21 13:42:14.500000,286.4,289.3,284.3,289.0,nan,286.17,70845,20273697200.0,67652,286.4,6,286.3,32,286.5,41,286.2,35,286.6,68,286.1,51,286.7,47,286.0,43,286.8,100,285.9,16
1597988537103356928,1597988537000000000,2020-08-21 13:42:17.000000,286.4,289.3,284.3,289.0,nan,286.17,70845,20273697200.0,67652,286.4,6,286.3,32,286.5,41,286.2,37,286.6,68,286.1,51,286.7,49,286.0,43,286.8,100,285.9,16
1597988537600325120,1597988537500000000,2020-08-21 13:42:17.500000,286.4,289.3,284.3,289.0,nan,286.17,70845,20273697200.0,67652,286.4,6,286.3,32,286.5,41,286.2,35,286.6,68,286.1,51,286.7,47,286.0,43,286.8,100,285.9,16
1597988538162405888,1597988538000000000,2020-08-21 13:42:18.000000,286.4,289.3,284.3,289.0,nan,286.17,70845,20273697200.0,67652,286.4,7,286.3,32,286.5,41,286.2,35,286.6,68,286.1,51,286.7,47,286.0,43,286.8,100,285.9,16
1597988539117435904,1597988539000000000,2020-08-21 13:42:19.000000,286.4,289.3,284.3,289.0,nan,286.17,70845,20273697200.0,67652,286.4,7,286.3,32,286.5,41,286.2,35,286.6,68,286.1,51,286.7,47,286.0,43,286.8,100,285.9,15
1597988540116773888,1597988540000000000,2020-08-21 13:42:20.000000,286.4,289.3,284.3,289.0,nan,286.17,70845,20273697200.0,67652,286.4,8,286.3,32,286.5,41,286.2,36,286.6,68,286.1,51,286.7,47,286.0,43,286.8,100,285.9,15
1597988540617436928,1597988540500000000,2020-08-21 13:42:20.500000,286.4,289.3,284.3,289.0,nan,286.17,70851,20275415100.0,67650,286.4,8,286.3,27,286.5,41,286.2,36,286.6,68,286.1,51,286.7,47,286.0,43,286.8,100,285.9,15
1597988541123695104,1597988541000000000,2020-08-21 13:42:21.000000,286.4,289.3,284.3,289.0,nan,286.17,70851,20275415100.0,67650,286.4,11,286.3,27,286.5,41,286.2,37,286.6,68,286.1,50,286.7,47,286.0,43,286.8,100,285.9,15
1597988541609268992,1597988541500000000,2020-08-21 13:42:21.500000,286.4,289.3,284.3,289.0,nan,286.17,70852,20275701500.0,67651,286.4,10,286.3,27,286.5,41,286.2,37,286.6,67,286.1,50,286.7,47,286.0,43,286.8,100,285.9,15
1597988542116006912,1597988542000000000,2020-08-21 13:42:22.000000,286.4,289.3,284.3,289.0,nan,286.17,70852,20275701500.0,67651,286.4,11,286.3,27,286.5,40,286.2,37,286.6,67,286.1,50,286.7,47,286.0,43,286.8,100,285.9,15
1597988543622246912,1597988543500000000,2020-08-21 13:42:23.500000,286.4,289.3,284.3,289.0,nan,286.17,70852,20275701500.0,67651,286.4,12,286.3,27,286.5,40,286.2,37,286.6,67,286.1,50,286.7,47,286.0,43,286.8,100,285.9,15
1597988544623835904,1597988544500000000,2020-08-21 13:42:24.500000,286.4,289.3,284.3,289.0,nan,286.17,70852,20275701500.0,67651,286.4,12,286.3,26,286.5,40,286.2,37,286.6,67,286.1,50,286.7,47,286.0,43,286.8,100,285.9,15
1597988546603044096,1597988546500000000,2020-08-21 13:42:26.500000,286.4,289.3,284.3,289.0,nan,286.17,70852,20275701500.0,67651,286.4,12,286.3,26,286.5,41,286.2,38,286.6,69,286.1,52,286.7,47,286.0,43,286.8,100,285.9,15
1597988547155652096,1597988547000000000,2020-08-21 13:42:27.000000,286.4,289.3,284.3,289.0,nan,286.17,70852,20275701500.0,67651,286.4,12,286.3,27,286.5,41,286.2,37,286.6,67,286.1,50,286.7,47,286.0,43,286.8,100,285.9,15
1597988549122288896,1597988549000000000,2020-08-21 13:42:29.000000,286.4,289.3,284.3,289.0,nan,286.17,70852,20275701500.0,67651,286.4,11,286.3,27,286.5,41,286.2,37,286.6,67,286.1,50,286.7,47,286.0,43,286.8,100,285.9,15
1597988550151245056,1597988550000000000,2020-08-21 13:42:30.000000,286.4,289.3,284.3,289.0,nan,286.17,70852,20275701500.0,67651,286.4,11,286.3,28,286.5,41,286.2,37,286.6,67,286.1,50,286.7,47,286.0,43,286.8,100,285.9,15
1597988550610262016,1597988550500000000,2020-08-21 13:42:30.500000,286.4,289.3,284.3,289.0,nan,286.17,70852,20275701500.0,67651,286.4,12,286.3,28,286.5,41,286.2,37,286.6,67,286.1,50,286.7,47,286.0,43,286.8,100,285.9,15
1597988551624207872,1597988551500000000,2020-08-21 13:42:31.500000,286.3,289.3,284.3,289.0,nan,286.17,70853,20275987800.0,67650,286.4,12,286.3,27,286.5,41,286.2,37,286.6,67,286.1,50,286.7,47,286.0,43,286.8,100,285.9,15
1597988553109959936,1597988553000000000,2020-08-21 13:42:33.000000,286.3,289.3,284.3,289.0,nan,286.17,70853,20275987800.0,67650,286.4,12,286.3,27,286.5,41,286.2,37,286.6,68,286.1,50,286.7,47,286.0,43,286.8,100,285.9,15
1597988553620297984,1597988553500000000,2020-08-21 13:42:33.500000,286.4,289.3,284.3,289.0,nan,286.17,70854,20276274200.0,67651,286.4,11,286.3,27,286.5,41,286.2,37,286.6,68,286.1,50,286.7,47,286.0,43,286.8,100,285.9,15
1597988554602836992,1597988554500000000,2020-08-21 13:42:34.500000,286.4,289.3,284.3,289.0,nan,286.17,70854,20276274200.0,67651,286.4,11,286.3,28,286.5,41,286.2,37,286.6,68,286.1,50,286.7,47,286.0,43,286.8,100,285.9,15
1597988556605460992,1597988556500000000,2020-08-21 13:42:36.500000,286.4,289.3,284.3,289.0,nan,286.17,70854,20276274200.0,67651,286.4,11,286.3,28,286.5,41,286.2,37,286.6,68,286.1,50,286.7,47,286.0,44,286.8,100,285.9,15
1597988557611746048,1597988557500000000,2020-08-21 13:42:37.500000,286.4,289.3,284.3,289.0,nan,286.17,70854,20276274200.0,67651,286.4,11,286.3,28,286.5,41,286.2,37,286.6,68,286.1,50,286.7,48,286.0,44,286.8,100,285.9,15
1597988559116720896,1597988559000000000,2020-08-21 13:42:39.000000,286.3,289.3,284.3,289.0,nan,286.17,70855,20276560500.0,67650,286.4,12,286.3,27,286.5,41,286.2,37,286.6,68,286.1,50,286.7,48,286.0,44,286.8,100,285.9,15
1597988559638531072,1597988559500000000,2020-08-21 13:42:39.500000,286.3,289.3,284.3,289.0,nan,286.17,70855,20276560500.0,67650,286.4,13,286.3,20,286.5,41,286.2,37,286.6,68,286.1,50,286.7,48,286.0,44,286.8,100,285.9,15
1597988560148732928,1597988560000000000,2020-08-21 13:42:40.000000,286.3,289.3,284.3,289.0,nan,286.17,70874,20282000200.0,67646,286.3,5,286.2,38,286.4,14,286.1,49,286.5,39,286.0,44,286.6,67,285.9,15,286.7,48,285.8,19
1597988560616791040,1597988560500000000,2020-08-21 13:42:40.500000,286.3,289.3,284.3,289.0,nan,286.17,70876,20282572700.0,67647,286.3,8,286.2,28,286.4,20,286.1,44,286.5,38,286.0,50,286.6,56,285.9,16,286.7,46,285.8,19
1597988561121853952,1597988561000000000,2020-08-21 13:42:41.000000,286.3,289.3,284.3,289.0,nan,286.17,70876,20282572700.0,67647,286.3,11,286.2,30,286.4,26,286.1,46,286.5,42,286.0,53,286.6,55,285.9,16,286.7,46,285.8,19
1597988561613615104,1597988561500000000,2020-08-21 13:42:41.500000,286.3,289.3,284.3,289.0,nan,286.17,70876,20282572700.0,67647,286.3,12,286.2,30,286.4,27,286.1,47,286.5,44,286.0,55,286.6,55,285.9,16,286.7,46,285.8,19
1597988562124399104,1597988562000000000,2020-08-21 13:42:42.000000,286.3,289.3,284.3,289.0,nan,286.17,70876,20282572700.0,67647,286.3,12,286.2,30,286.4,29,286.1,47,286.5,42,286.0,53,286.6,55,285.9,16,286.7,46,285.8,19
1597988562645943040,1597988562500000000,2020-08-21 13:42:42.500000,286.3,289.3,284.3,289.0,nan,286.17,70879,20283431600.0,67647,286.3,9,286.2,30,286.4,29,286.1,47,286.5,43,286.0,54,286.6,55,285.9,16,286.7,46,285.8,19
1597988563121114112,1597988563000000000,2020-08-21 13:42:43.000000,286.3,289.3,284.3,289.0,nan,286.17,70880,20283717900.0,67647,286.3,8,286.2,30,286.4,29,286.1,47,286.5,43,286.0,54,286.6,55,285.9,16,286.7,46,285.8,19
1597988563619458048,1597988563500000000,2020-08-21 13:42:43.500000,286.3,289.3,284.3,289.0,nan,286.17,70881,20284004200.0,67647,286.3,6,286.2,32,286.4,30,286.1,47,286.5,43,286.0,54,286.6,55,285.9,16,286.7,46,285.8,19
1597988564119092992,1597988564000000000,2020-08-21 13:42:44.000000,286.3,289.3,284.3,289.0,nan,286.17,70882,20284290500.0,67648,286.3,3,286.2,32,286.4,30,286.1,47,286.5,43,286.0,54,286.6,55,285.9,16,286.7,46,285.8,19
1597988564623694080,1597988564500000000,2020-08-21 13:42:44.500000,286.3,289.3,284.3,289.0,nan,286.17,70882,20284290500.0,67648,286.3,2,286.2,32,286.4,29,286.1,46,286.5,44,286.0,54,286.6,55,285.9,16,286.7,46,285.8,19
1597988565132934912,1597988565000000000,2020-08-21 13:42:45.000000,286.3,289.3,284.3,289.0,nan,286.17,70884,20284863000.0,67649,286.3,1,286.2,32,286.4,30,286.1,47,286.5,44,286.0,54,286.6,55,285.9,16,286.7,46,285.8,19
1597988565635776000,1597988565500000000,2020-08-21 13:42:45.500000,286.3,289.3,284.3,289.0,nan,286.17,70884,20284863000.0,67649,286.3,1,286.2,33,286.4,30,286.1,47,286.5,44,286.0,55,286.6,55,285.9,16,286.7,46,285.8,19
1597988566129921024,1597988566000000000,2020-08-21 13:42:46.000000,286.3,289.3,284.3,289.0,nan,286.17,70885,20285149300.0,67650,286.4,30,286.2,34,286.5,44,286.1,47,286.6,55,286.0,55,286.7,46,285.9,16,286.8,100,285.8,19
1597988566623891968,1597988566500000000,2020-08-21 13:42:46.500000,286.3,289.3,284.3,289.0,nan,286.17,70885,20285149300.0,67650,286.4,27,286.2,35,286.5,43,286.1,48,286.6,57,286.0,50,286.7,46,285.9,16,286.8,100,285.8,19
1597988567124249088,1597988567000000000,2020-08-21 13:42:47.000000,286.3,289.3,284.3,289.0,nan,286.17,70885,20285149300.0,67650,286.4,33,286.2,35,286.5,42,286.1,50,286.6,59,286.0,49,286.7,46,285.9,16,286.8,100,285.8,19
1597988567625630976,1597988567500000000,2020-08-21 13:42:47.500000,286.3,289.3,284.3,289.0,nan,286.17,70885,20285149300.0,67650,286.3,2,286.2,36,286.4,34,286.1,52,286.5,42,286.0,49,286.6,61,285.9,16,286.7,46,285.8,19
1597988568116958976,1597988568000000000,2020-08-21 13:42:48.000000,286.3,289.3,284.3,289.0,nan,286.17,70885,20285149300.0,67650,286.3,6,286.2,35,286.4,36,286.1,46,286.5,41,286.0,52,286.6,55,285.9,16,286.7,46,285.8,19
1597988568611184128,1597988568500000000,2020-08-21 13:42:48.500000,286.3,289.3,284.3,289.0,nan,286.17,70886,20285435600.0,67651,286.3,4,286.2,34,286.4,36,286.1,46,286.5,44,286.0,56,286.6,55,285.9,16,286.7,46,285.8,19
1597988569121478912,1597988569000000000,2020-08-21 13:42:49.000000,286.3,289.3,284.3,289.0,nan,286.17,70886,20285435600.0,67651,286.3,3,286.2,34,286.4,36,286.1,47,286.5,43,286.0,54,286.6,55,285.9,16,286.7,46,285.8,19
1597988569618742016,1597988569500000000,2020-08-21 13:42:49.500000,286.3,289.3,284.3,289.0,nan,286.17,70886,20285435600.0,67651,286.3,4,286.2,34,286.4,37,286.1,47,286.5,44,286.0,55,286.6,55,285.9,16,286.7,46,285.8,19
1597988570120477952,1597988570000000000,2020-08-21 13:42:50.000000,286.3,289.3,284.3,289.0,nan,286.17,70886,20285435600.0,67651,286.3,5,286.2,34,286.4,37,286.1,47,286.5,44,286.0,55,286.6,55,285.9,16,286.7,46,285.8,19
1597988570615941120,1597988570500000000,2020-08-21 13:42:50.500000,286.3,289.3,284.3,289.0,nan,286.17,70886,20285435600.0,67651,286.3,5,286.2,34,286.4,39,286.1,47,286.5,43,286.0,55,286.6,55,285.9,16,286.7,46,285.8,19
1597988571125104128,1597988571000000000,2020-08-21 13:42:51.000000,286.3,289.3,284.3,289.0,nan,286.17,70886,20285435600.0,67651,286.3,7,286.2,34,286.4,39,286.1,47,286.5,43,286.0,55,286.6,55,285.9,16,286.7,46,285.8,19
1597988571609274880,1597988571500000000,2020-08-21 13:42:51.500000,286.3,289.3,284.3,289.0,nan,286.17,70886,20285435600.0,67651,286.3,8,286.2,34,286.4,39,286.1,47,286.5,43,286.0,55,286.6,55,285.9,16,286.7,46,285.8,19
1597988573114311936,1597988573000000000,2020-08-21 13:42:53.000000,286.3,289.3,284.3,289.0,nan,286.17,70886,20285435600.0,67651,286.3,8,286.2,34,286.4,39,286.1,47,286.5,42,286.0,55,286.6,55,285.9,16,286.7,46,285.8,19
1597988573619849984,1597988573500000000,2020-08-21 13:42:53.500000,286.3,289.3,284.3,289.0,nan,286.17,70886,20285435600.0,67651,286.3,8,286.2,34,286.4,40,286.1,47,286.5,43,286.0,55,286.6,55,285.9,16,286.7,46,285.8,19
1597988574133843968,1597988574000000000,2020-08-21 13:42:54.000000,286.3,289.3,284.3,289.0,nan,286.17,70886,20285435600.0,67651,286.3,8,286.2,35,286.4,43,286.1,47,286.5,43,286.0,55,286.6,55,285.9,16,286.7,46,285.8,19
1597988574602149888,1597988574500000000,2020-08-21 13:42:54.500000,286.3,289.3,284.3,289.0,nan,286.17,70887,20285721900.0,67652,286.3,7,286.2,35,286.4,43,286.1,47,286.5,43,286.0,55,286.6,55,285.9,16,286.7,46,285.8,19
1597988575114952960,1597988575000000000,2020-08-21 13:42:55.000000,286.3,289.3,284.3,289.0,nan,286.17,70887,20285721900.0,67652,286.3,6,286.2,35,286.4,43,286.1,47,286.5,43,286.0,55,286.6,55,285.9,16,286.7,46,285.8,19
1597988575617317888,1597988575500000000,2020-08-21 13:42:55.500000,286.3,289.3,284.3,289.0,nan,286.17,70887,20285721900.0,67652,286.3,6,286.2,35,286.4,43,286.1,47,286.5,44,286.0,55,286.6,55,285.9,16,286.7,46,285.8,19
1597988576113999104,1597988576000000000,2020-08-21 13:42:56.000000,286.3,289.3,284.3,289.0,nan,286.17,70887,20285721900.0,67652,286.3,7,286.2,35,286.4,43,286.1,47,286.5,44,286.0,55,286.6,55,285.9,16,286.7,46,285.8,19
1597988576608282880,1597988576500000000,2020-08-21 13:42:56.500000,286.3,289.3,284.3,289.0,nan,286.17,70887,20285721900.0,67652,286.3,7,286.2,35,286.4,43,286.1,48,286.5,44,286.0,55,286.6,54,285.9,16,286.7,46,285.8,19
1597988577626149120,1597988577500000000,2020-08-21 13:42:57.500000,286.3,289.3,284.3,289.0,nan,286.17,70887,20285721900.0,67652,286.3,7,286.2,35,286.4,43,286.1,48,286.5,44,286.0,55,286.6,55,285.9,16,286.7,46,285.8,19
1597988578604904960,1597988578500000000,2020-08-21 13:42:58.500000,286.3,289.3,284.3,289.0,nan,286.17,70887,20285721900.0,67652,286.3,7,286.2,35,286.4,43,286.1,50,286.5,44,286.0,55,286.6,57,285.9,16,286.7,46,285.8,19
1597988579124822016,1597988579000000000,2020-08-21 13:42:59.000000,286.3,289.3,284.3,289.0,nan,286.17,70889,20286294500.0,67653,286.3,5,286.2,35,286.4,43,286.1,48,286.5,43,286.0,55,286.6,55,285.9,16,286.7,46,285.8,19
1597988580109786880,1597988580000000000,2020-08-21 13:43:00.000000,286.3,289.3,284.3,289.0,nan,286.17,70889,20286294500.0,67653,286.3,5,286.2,35,286.4,43,286.1,47,286.5,43,286.0,55,286.6,55,285.9,16,286.7,46,285.8,19
1597988580619308032,1597988580500000000,2020-08-21 13:43:00.500000,286.3,289.3,284.3,289.0,nan,286.17,70889,20286294500.0,67653,286.3,6,286.2,35,286.4,43,286.1,47,286.5,43,286.0,55,286.6,55,285.9,16,286.7,46,285.8,19
1597988581107174912,1597988581000000000,2020-08-21 13:43:01.000000,286.3,289.3,284.3,289.0,nan,286.17,70889,20286294500.0,67653,286.3,7,286.2,35,286.4,43,286.1,47,286.5,43,286.0,55,286.6,55,285.9,16,286.7,46,285.8,19
1597988582662159872,1597988582500000000,2020-08-21 13:43:02.500000,286.3,289.3,284.3,289.0,nan,286.17,70889,20286294500.0,67653,286.3,8,286.2,35,286.4,43,286.1,47,286.5,43,286.0,55,286.6,55,285.9,16,286.7,46,285.8,19
1597988584621211904,1597988584500000000,2020-08-21 13:43:04.500000,286.3,289.3,284.3,289.0,nan,286.17,70890,20286580800.0,67654,286.3,7,286.2,36,286.4,43,286.1,47,286.5,44,286.0,55,286.6,55,285.9,16,286.7,46,285.8,19
1597988585113142016,1597988585000000000,2020-08-21 13:43:05.000000,286.3,289.3,284.3,289.0,nan,286.17,70890,20286580800.0,67654,286.3,8,286.2,35,286.4,43,286.1,47,286.5,43,286.0,55,286.6,55,285.9,16,286.7,46,285.8,19
1597988585635175936,1597988585500000000,2020-08-21 13:43:05.500000,286.3,289.3,284.3,289.0,nan,286.17,70891,20286867100.0,67655,286.3,8,286.2,40,286.4,43,286.1,47,286.5,43,286.0,55,286.6,55,285.9,16,286.7,46,285.8,19
1597988586142000128,1597988586000000000,2020-08-21 13:43:06.000000,286.3,289.3,284.3,289.0,nan,286.17,70891,20286867100.0,67655,286.3,7,286.2,42,286.4,42,286.1,45,286.5,43,286.0,55,286.6,55,285.9,16,286.7,46,285.8,19
1597988586620935936,1597988586500000000,2020-08-21 13:43:06.500000,286.3,289.3,284.3,289.0,nan,286.17,70891,20286867100.0,67655,286.3,8,286.2,42,286.4,42,286.1,45,286.5,43,286.0,55,286.6,55,285.9,16,286.7,46,285.8,19
1597988587609416960,1597988587500000000,2020-08-21 13:43:07.500000,286.3,289.3,284.3,289.0,nan,286.17,70891,20286867100.0,67655,286.3,8,286.2,42,286.4,43,286.1,45,286.5,43,286.0,55,286.6,55,285.9,16,286.7,46,285.8,19
1597988588657526016,1597988588500000000,2020-08-21 13:43:08.500000,286.3,289.3,284.3,289.0,nan,286.17,70891,20286867100.0,67655,286.3,8,286.2,42,286.4,43,286.1,45,286.5,43,286.0,55,286.6,56,285.9,16,286.7,46,285.8,19
1597988589605837056,1597988589500000000,2020-08-21 13:43:09.500000,286.2,289.3,284.3,289.0,nan,286.17,70892,20287153300.0,67655,286.3,8,286.2,41,286.4,43,286.1,45,286.5,43,286.0,55,286.6,56,285.9,16,286.7,46,285.8,19
1597988590117050112,1597988590000000000,2020-08-21 13:43:10.000000,286.3,289.3,284.3,289.0,nan,286.17,70893,20287439600.0,67656,286.3,8,286.2,41,286.4,43,286.1,45,286.5,43,286.0,55,286.6,56,285.9,16,286.7,46,285.8,19
1597988591130926080,1597988591000000000,2020-08-21 13:43:11.000000,286.3,289.3,284.3,289.0,nan,286.17,70893,20287439600.0,67656,286.3,9,286.2,41,286.4,43,286.1,45,286.5,43,286.0,55,286.6,56,285.9,16,286.7,46,285.8,19
1597988592134661120,1597988592000000000,2020-08-21 13:43:12.000000,286.3,289.3,284.3,289.0,nan,286.17,70893,20287439600.0,67656,286.3,11,286.2,41,286.4,43,286.1,45,286.5,43,286.0,55,286.6,56,285.9,16,286.7,46,285.8,19
1597988594138980096,1597988594000000000,2020-08-21 13:43:14.000000,286.3,289.3,284.3,289.0,nan,286.17,70893,20287439600.0,67656,286.3,12,286.2,46,286.4,43,286.1,45,286.5,43,286.0,55,286.6,56,285.9,16,286.7,46,285.8,19
1597988595134427904,1597988595000000000,2020-08-21 13:43:15.000000,286.3,289.3,284.3,289.0,nan,286.17,70906,20291161500.0,67660,286.4,43,286.2,46,286.5,43,286.1,44,286.6,56,286.0,55,286.7,46,285.9,16,286.8,100,285.8,19
1597988595629972992,1597988595500000000,2020-08-21 13:43:15.500000,286.3,289.3,284.3,289.0,nan,286.17,70907,20291447800.0,67659,286.4,42,286.3,2,286.5,41,286.2,47,286.6,58,286.1,45,286.7,46,286.0,50,286.8,100,285.9,16
1597988596134109952,1597988596000000000,2020-08-21 13:43:16.000000,286.3,289.3,284.3,289.0,nan,286.17,70913,20293165600.0,67659,286.3,2,286.2,49,286.4,39,286.1,51,286.5,37,286.0,45,286.6,64,285.9,15,286.7,47,285.8,19
1597988596645164032,1597988596500000000,2020-08-21 13:43:16.500000,286.2,289.3,284.3,289.0,nan,286.17,70915,20293738100.0,67659,286.3,2,286.2,48,286.4,36,286.1,46,286.5,41,286.0,51,286.6,58,285.9,16,286.7,46,285.8,19
1597988597137689088,1597988597000000000,2020-08-21 13:43:17.000000,286.3,289.3,284.3,289.0,nan,286.17,70916,20294024400.0,67659,286.3,1,286.2,48,286.4,36,286.1,44,286.5,43,286.0,53,286.6,56,285.9,16,286.7,46,285.8,19
1597988597648323072,1597988597500000000,2020-08-21 13:43:17.500000,286.3,289.3,284.3,289.0,nan,286.17,70916,20294024400.0,67659,286.3,1,286.2,48,286.4,37,286.1,45,286.5,44,286.0,54,286.6,56,285.9,16,286.7,46,285.8,19
1597988598612966912,1597988598500000000,2020-08-21 13:43:18.500000,286.3,289.3,284.3,289.0,nan,286.17,70917,20294310700.0,67659,286.4,37,286.2,48,286.5,44,286.1,45,286.6,56,286.0,54,286.7,46,285.9,16,286.8,100,285.8,19
1597988599107828992,1597988599000000000,2020-08-21 13:43:19.000000,286.3,289.3,284.3,289.0,nan,286.17,70917,20294310700.0,67659,286.4,34,286.2,50,286.5,43,286.1,44,286.6,58,286.0,50,286.7,46,285.9,16,286.8,100,285.8,19
1597988599606469120,1597988599500000000,2020-08-21 13:43:19.500000,286.3,289.3,284.3,289.0,nan,286.17,70917,20294310700.0,67659,286.4,33,286.2,50,286.5,42,286.1,46,286.6,60,286.0,48,286.7,46,285.9,16,286.8,100,285.8,20
1597988600116336128,1597988600000000000,2020-08-21 13:43:20.000000,286.3,289.3,284.3,289.0,nan,286.17,70917,20294310700.0,67659,286.4,34,286.2,51,286.5,45,286.1,46,286.6,60,286.0,50,286.7,46,285.9,16,286.8,100,285.8,20
1597988600604887040,1597988600500000000,2020-08-21 13:43:20.500000,286.3,289.3,284.3,289.0,nan,286.17,70917,20294310700.0,67659,286.4,34,286.2,51,286.5,43,286.1,46,286.6,60,286.0,48,286.7,46,285.9,16,286.8,100,285.8,20
1597988601123504128,1597988601000000000,2020-08-21 13:43:21.000000,286.3,289.3,284.3,289.0,nan,286.17,70917,20294310700.0,67659,286.4,34,286.2,51,286.5,44,286.1,46,286.6,60,286.0,49,286.7,46,285.9,16,286.8,100,285.8,20
1597988601612774912,1597988601500000000,2020-08-21 13:43:21.500000,286.3,289.3,284.3,289.0,nan,286.17,70917,20294310700.0,67659,286.4,34,286.2,51,286.5,44,286.1,48,286.6,60,286.0,49,286.7,46,285.9,16,286.8,100,285.8,20
1597988602606443008,1597988602500000000,2020-08-21 13:43:22.500000,286.3,289.3,284.3,289.0,nan,286.17,70917,20294310700.0,67659,286.4,34,286.3,1,286.5,44,286.2,51,286.6,60,286.1,48,286.7,46,286.0,49,286.8,100,285.9,16
1597988603104574976,1597988603000000000,2020-08-21 13:43:23.000000,286.3,289.3,284.3,289.0,nan,286.17,70919,20294883300.0,67661,286.4,31,286.2,51,286.5,39,286.1,51,286.6,64,286.0,44,286.7,47,285.9,15,286.8,100,285.8,20
1597988603617071104,1597988603500000000,2020-08-21 13:43:23.500000,286.3,289.3,284.3,289.0,nan,286.17,70919,20294883300.0,67661,286.4,34,286.2,51,286.5,44,286.1,46,286.6,60,286.0,49,286.7,46,285.9,16,286.8,100,285.8,20
1597988605126592000,1597988605000000000,2020-08-21 13:43:25.000000,286.3,289.3,284.3,289.0,nan,286.17,70919,20294883300.0,67661,286.4,34,286.2,53,286.5,44,286.1,46,286.6,60,286.0,49,286.7,46,285.9,16,286.8,100,285.8,20
