local_nano_time,quote_nano_time,datetime,last_price,highest,lowest,open,close,average,volume,amount,open_interest,ask_price1,ask_volume1,bid_price1,bid_volume1,ask_price2,ask_volume2,bid_price2,bid_volume2,ask_price3,ask_volume3,bid_price3,bid_volume3,ask_price4,ask_volume4,bid_price4,bid_volume4,ask_price5,ask_volume5,bid_price5,bid_volume5
1597988226357915904,1597988226913000192,2020-08-21 13:37:06.913000,6396.0,6420.0,6328.0,6400.0,nan,6376.0,417528,26628795160.0,600940,6398.0,262,6396.0,126,nan,0,nan,0,nan,0,nan,0,nan,0,nan,0,nan,0,nan,0
1597988226844601088,1597988227436000000,2020-08-21 13:37:07.436000,6396.0,6420.0,6328.0,6400.0,nan,6376.0,417528,26628795160.0,600940,6398.0,262,6396.0,127,nan,0,nan,0,nan,0,nan,0,nan,0,nan,0,nan,0,nan,0
1597988227349976064,1597988227936000000,2020-08-21 13:37:07.936000,6396.0,6420.0,6328.0,6400.0,nan,6376.0,417529,26628859120.0,600941,6398.0,260,6396.0,126,nan,0,nan,0,nan,0,nan,0,nan,0,nan,0,nan,0,nan,0
1597988227847118080,1597988228427000064,2020-08-21 13:37:08.427000,6396.0,6420.0,6328.0,6400.0,nan,6376.0,417531,26628987040.0,600941,6398.0,294,6396.0,112,nan,0,nan,0,nan,0,nan,0,nan,0,nan,0,nan,0,nan,0
1597988228343553024,1597988228901999872,2020-08-21 13:37:08.902000,6396.0,6420.0,6328.0,6400.0,nan,6376.0,417531,26628987040.0,600941,6398.0,297,6396.0,106,nan,0,nan,0,nan,0,nan,0,nan,0,nan,0,nan,0,nan,0
1597988228851316992,1597988229431000064,2020-08-21 13:37:09.431000,6396.0,6420.0,6328.0,6400.0,nan,6376.0,417531,26628987040.0,600941,6398.0,292,6396.0,107,nan,0,nan,0,nan,0,nan,0,nan,0,nan,0,nan,0,nan,0
1597988229342169088,1597988229932000000,2020-08-21 13:37:09.932000,6396.0,6420.0,6328.0,6400.0,nan,6376.0,417532,26629051000.0,600941,6398.0,292,6396.0,111,nan,0,nan,0,nan,0,nan,0,nan,0,nan,0,nan,0,nan,0
1597988229852699904,1597988230432000000,2020-08-21 13:37:10.432000,6398.0,6420.0,6328.0,6400.0,nan,6376.0,417533,26629114980.0,600942,6398.0,297,6396.0,106,nan,0,nan,0,nan,0,nan,0,nan,0,nan,0,nan,0,nan,0
1597988230350949120,1597988230935000064,2020-08-21 13:37:10.935000,6398.0,6420.0,6328.0,6400.0,nan,6376.0,417533,26629114980.0,600942,6398.0,297,6396.0,111,nan,0,nan,0,nan,0,nan,0,nan,0,nan,0,nan,0,nan,0
1597988230841765888,1597988231436999936,2020-08-21 13:37:11.437000,6398.0,6420.0,6328.0,6400.0,nan,6376.0,417533,26629114980.0,600942,6398.0,298,6396.0,112,nan,0,nan,0,nan,0,nan,0,nan,0,nan,0,nan,0,nan,0
1597988231344984064,1597988231910000128,2020-08-21 13:37:11.910000,6398.0,6420.0,6328.0,6400.0,nan,6376.0,417533,26629114980.0,600942,6398.0,300,6396.0,95,nan,0,nan,0,nan,0,nan,0,nan,0,nan,0,nan,0,nan,0
1597988231847617024,1597988232423000064,2020-08-21 13:37:12.423000,6398.0,6420.0,6328.0,6400.0,nan,6376.0,417533,26629114980.0,600942,6398.0,301,6396.0,95,nan,0,nan,0,nan,0,nan,0,nan,0,nan,0,nan,0,nan,0
1597988232342885120,1597988232932000000,2020-08-21 13:37:12.932000,6398.0,6420.0,6328.0,6400.0,nan,6376.0,417543,26629754780.0,600952,6398.0,292,6396.0,95,nan,0,nan,0,nan,0,nan,0,nan,0,nan,0,nan,0,nan,0
1597988232846384128,1597988233405999872,2020-08-21 13:37:13.406000,6396.0,6420.0,6328.0,6400.0,nan,6376.0,417545,26629882700.0,600952,6398.0,290,6396.0,93,nan,0,nan,0,nan,0,nan,0,nan,0,nan,0,nan,0,nan,0
1597988233349601024,1597988233912000000,2020-08-21 13:37:13.912000,6396.0,6420.0,6328.0,6400.0,nan,6376.0,417545,26629882700.0,600952,6398.0,290,6396.0,92,nan,0,nan,0,nan,0,nan,0,nan,0,nan,0,nan,0,nan,0
1597988233843991040,1597988234427000064,2020-08-21 13:37:14.427000,6396.0,6420.0,6328.0,6400.0,nan,6376.0,417638,26635830980.0,600910,6396.0,39,6394.0,213,nan,0,nan,0,nan,0,nan,0,nan,0,nan,0,nan,0,nan,0
1597988234345107968,1597988234937999872,2020-08-21 13:37:14.938000,6396.0,6420.0,6328.0,6400.0,nan,6376.0,417643,26636150780.0,600908,6396.0,101,6394.0,184,nan,0,nan,0,nan,0,nan,0,nan,0,nan,0,nan,0,nan,0
1597988234846353920,1597988235413000192,2020-08-21 13:37:15.413000,6396.0,6420.0,6328.0,6400.0,nan,6376.0,417643,26636150780.0,600908,6396.0,93,6394.0,189,nan,0,nan,0,nan,0,nan,0,nan,0,nan,0,nan,0,nan,0
1597988235357822976,1597988235905999872,2020-08-21 13:37:15.906000,6396.0,6420.0,6328.0,6400.0,nan,6376.0,417643,26636150780.0,600908,6396.0,96,6394.0,189,nan,0,nan,0,nan,0,nan,0,nan,0,nan,0,nan,0,nan,0
1597988235943842048,1597988236432000000,2020-08-21 13:37:16.432000,6396.0,6420.0,6328.0,6400.0,nan,6376.0,417643,26636150780.0,600908,6396.0,108,6394.0,189,nan,0,nan,0,nan,0,nan,0,nan,0,nan,0,nan,0,nan,0
1597988236338886912,1597988236918999808,2020-08-21 13:37:16.919000,6396.0,6420.0,6328.0,6400.0,nan,6376.0,417644,26636214740.0,600909,6396.0,108,6394.0,189,nan,0,nan,0,nan,0,nan,0,nan,0,nan,0,nan,0,nan,0
1597988236839312896,1597988237435000064,2020-08-21 13:37:17.435000,6396.0,6420.0,6328.0,6400.0,nan,6376.0,417647,26636406620.0,600911,6396.0,112,6394.0,187,nan,0,nan,0,nan,0,nan,0,nan,0,nan,0,nan,0,nan,0
1597988237344452096,1597988237934000128,2020-08-21 13:37:17.934000,6396.0,6420.0,6328.0,6400.0,nan,6376.0,417648,26636470580.0,600912,6396.0,118,6394.0,206,nan,0,nan,0,nan,0,nan,0,nan,0,nan,0,nan,0,nan,0
1597988237836786944,1597988238430000128,2020-08-21 13:37:18.430000,6396.0,6420.0,6328.0,6400.0,nan,6376.0,417648,26636470580.0,600912,6396.0,119,6394.0,208,nan,0,nan,0,nan,0,nan,0,nan,0,nan,0,nan,0,nan,0
1597988238377409024,1597988238932000000,2020-08-21 13:37:18.932000,6396.0,6420.0,6328.0,6400.0,nan,6376.0,417652,26636726420.0,600912,6396.0,115,6394.0,211,nan,0,nan,0,nan,0,nan,0,nan,0,nan,0,nan,0,nan,0
1597988239350683904,1597988239932000000,2020-08-21 13:37:19.932000,6396.0,6420.0,6328.0,6400.0,nan,6376.0,417653,26636790380.0,600912,6396.0,115,6394.0,211,nan,0,nan,0,nan,0,nan,0,nan,0,nan,0,nan,0,nan,0
1597988239846185984,1597988240416999936,2020-08-21 13:37:20.417000,6396.0,6420.0,6328.0,6400.0,nan,6376.0,417653,26636790380.0,600912,6396.0,115,6394.0,212,nan,0,nan,0,nan,0,nan,0,nan,0,nan,0,nan,0,nan,0
1597988240841475072,1597988241423000064,2020-08-21 13:37:21.423000,6396.0,6420.0,6328.0,6400.0,nan,6376.0,417653,26636790380.0,600912,6396.0,115,6394.0,213,nan,0,nan,0,nan,0,nan,0,nan,0,nan,0,nan,0,nan,0
1597988241348061952,1597988241936000000,2020-08-21 13:37:21.936000,6396.0,6420.0,6328.0,6400.0,nan,6376.0,417653,26636790380.0,600912,6396.0,115,6394.0,217,nan,0,nan,0,nan,0,nan,0,nan,0,nan,0,nan,0,nan,0
1597988241839856896,1597988242423000064,2020-08-21 13:37:22.423000,6396.0,6420.0,6328.0,6400.0,nan,6376.0,417654,26636854340.0,600912,6396.0,115,6394.0,219,nan,0,nan,0,nan,0,nan,0,nan,0,nan,0,nan,0,nan,0
1597988242352989952,1597988242935000064,2020-08-21 13:37:22.935000,6396.0,6420.0,6328.0,6400.0,nan,6376.0,417654,26636854340.0,600912,6396.0,116,6394.0,219,nan,0,nan,0,nan,0,nan,0,nan,0,nan,0,nan,0,nan,0
1597988242840890112,1597988243432000000,2020-08-21 13:37:23.432000,6396.0,6420.0,6328.0,6400.0,nan,6376.0,417654,26636854340.0,600912,6396.0,116,6394.0,217,nan,0,nan,0,nan,0,nan,0,nan,0,nan,0,nan,0,nan,0
1597988243339276032,1597988243917999872,2020-08-21 13:37:23.918000,6396.0,6420.0,6328.0,6400.0,nan,6376.0,417661,26637302060.0,600912,6396.0,120,6394.0,187,nan,0,nan,0,nan,0,nan,0,nan,0,nan,0,nan,0,nan,0
1597988243849014016,1597988244433000192,2020-08-21 13:37:24.433000,6394.0,6420.0,6328.0,6400.0,nan,6376.0,417727,26641522120.0,600862,6396.0,126,6394.0,119,nan,0,nan,0,nan,0,nan,0,nan,0,nan,0,nan,0,nan,0
1597988244346821888,1597988244932000000,2020-08-21 13:37:24.932000,6394.0,6420.0,6328.0,6400.0,nan,6376.0,417876,26651049180.0,600856,6396.0,193,6394.0,22,nan,0,nan,0,nan,0,nan,0,nan,0,nan,0,nan,0,nan,0
1597988244851163904,1597988245427000064,2020-08-21 13:37:25.427000,6394.0,6420.0,6328.0,6400.0,nan,6376.0,417884,26651560700.0,600864,6396.0,193,6394.0,45,nan,0,nan,0,nan,0,nan,0,nan,0,nan,0,nan,0,nan,0
1597988245351192064,1597988245882999808,2020-08-21 13:37:25.883000,6394.0,6420.0,6328.0,6400.0,nan,6376.0,417884,26651560700.0,600864,6396.0,194,6394.0,45,nan,0,nan,0,nan,0,nan,0,nan,0,nan,0,nan,0,nan,0
1597988245843194880,1597988246423000064,2020-08-21 13:37:26.423000,6394.0,6420.0,6328.0,6400.0,nan,6376.0,417886,26651688580.0,600864,6396.0,194,6394.0,43,nan,0,nan,0,nan,0,nan,0,nan,0,nan,0,nan,0,nan,0
1597988246343785984,1597988246932000000,2020-08-21 13:37:26.932000,6394.0,6420.0,6328.0,6400.0,nan,6376.0,417886,26651688580.0,600864,6396.0,196,6394.0,43,nan,0,nan,0,nan,0,nan,0,nan,0,nan,0,nan,0,nan,0
1597988246839805952,1597988247436999936,2020-08-21 13:37:27.437000,6396.0,6420.0,6328.0,6400.0,nan,6376.0,417887,26651752540.0,600863,6396.0,197,6394.0,46,nan,0,nan,0,nan,0,nan,0,nan,0,nan,0,nan,0,nan,0
1597988247341328896,1597988247912000000,2020-08-21 13:37:27.912000,6394.0,6420.0,6328.0,6400.0,nan,6376.0,417888,26651816480.0,600864,6396.0,197,6394.0,59,nan,0,nan,0,nan,0,nan,0,nan,0,nan,0,nan,0,nan,0
1597988247844235008,1597988248420999936,2020-08-21 13:37:28.421000,6394.0,6420.0,6328.0,6400.0,nan,6376.0,417889,26651880420.0,600865,6396.0,197,6394.0,59,nan,0,nan,0,nan,0,nan,0,nan,0,nan,0,nan,0,nan,0
1597988248354279936,1597988248938999808,2020-08-21 13:37:28.939000,6394.0,6420.0,6328.0,6400.0,nan,6376.0,417890,26651944360.0,600865,6396.0,197,6394.0,59,nan,0,nan,0,nan,0,nan,0,nan,0,nan,0,nan,0,nan,0
1597988248844226048,1597988249420000000,2020-08-21 13:37:29.420000,6394.0,6420.0,6328.0,6400.0,nan,6376.0,417890,26651944360.0,600865,6396.0,217,6394.0,59,nan,0,nan,0,nan,0,nan,0,nan,0,nan,0,nan,0,nan,0
1597988249872368896,1597988250435000064,2020-08-21 13:37:30.435000,6394.0,6420.0,6328.0,6400.0,nan,6376.0,417890,26651944360.0,600865,6396.0,218,6394.0,59,nan,0,nan,0,nan,0,nan,0,nan,0,nan,0,nan,0,nan,0
1597988250344731904,1597988250933000192,2020-08-21 13:37:30.933000,6394.0,6420.0,6328.0,6400.0,nan,6376.0,417892,26652072240.0,600864,6396.0,218,6394.0,62,nan,0,nan,0,nan,0,nan,0,nan,0,nan,0,nan,0,nan,0
1597988250867591936,1597988251436000000,2020-08-21 13:37:31.436000,6396.0,6420.0,6328.0,6400.0,nan,6376.0,417895,26652264120.0,600865,6396.0,215,6394.0,73,nan,0,nan,0,nan,0,nan,0,nan,0,nan,0,nan,0,nan,0
1597988251364111872,1597988251914000128,2020-08-21 13:37:31.914000,6394.0,6420.0,6328.0,6400.0,nan,6376.0,417896,26652328060.0,600865,6396.0,216,6394.0,72,nan,0,nan,0,nan,0,nan,0,nan,0,nan,0,nan,0,nan,0
1597988251857096960,1597988252421999872,2020-08-21 13:37:32.422000,6394.0,6420.0,6328.0,6400.0,nan,6376.0,417896,26652328060.0,600865,6396.0,217,6394.0,72,nan,0,nan,0,nan,0,nan,0,nan,0,nan,0,nan,0,nan,0
1597988252403102976,1597988252933000192,2020-08-21 13:37:32.933000,6394.0,6420.0,6328.0,6400.0,nan,6376.0,417896,26652328060.0,600865,6396.0,217,6394.0,73,nan,0,nan,0,nan,0,nan,0,nan,0,nan,0,nan,0,nan,0
1597988252845997056,1597988253424000000,2020-08-21 13:37:33.424000,6394.0,6420.0,6328.0,6400.0,nan,6376.0,417896,26652328060.0,600865,6396.0,217,6394.0,74,nan,0,nan,0,nan,0,nan,0,nan,0,nan,0,nan,0,nan,0
1597988253380491008,1597988253898999808,2020-08-21 13:37:33.899000,6394.0,6420.0,6328.0,6400.0,nan,6376.0,417897,26652392000.0,600864,6396.0,217,6394.0,74,nan,0,nan,0,nan,0,nan,0,nan,0,nan,0,nan,0,nan,0
1597988253858134016,1597988254438999808,2020-08-21 13:37:34.439000,6394.0,6420.0,6328.0,6400.0,nan,6376.0,417897,26652392000.0,600864,6396.0,218,6394.0,74,nan,0,nan,0,nan,0,nan,0,nan,0,nan,0,nan,0,nan,0
1597988254349329920,1597988254935000064,2020-08-21 13:37:34.935000,6394.0,6420.0,6328.0,6400.0,nan,6376.0,417897,26652392000.0,600864,6396.0,223,6394.0,74,nan,0,nan,0,nan,0,nan,0,nan,0,nan,0,nan,0,nan,0
1597988254873875968,1597988255433000192,2020-08-21 13:37:35.433000,6394.0,6420.0,6328.0,6400.0,nan,6376.0,417897,26652392000.0,600864,6396.0,226,6394.0,78,nan,0,nan,0,nan,0,nan,0,nan,0,nan,0,nan,0,nan,0
1597988255353634048,1597988255931000064,2020-08-21 13:37:35.931000,6396.0,6420.0,6328.0,6400.0,nan,6376.0,417899,26652519900.0,600863,6396.0,225,6394.0,77,nan,0,nan,0,nan,0,nan,0,nan,0,nan,0,nan,0,nan,0
1597988256348198912,1597988256924999936,2020-08-21 13:37:36.925000,6396.0,6420.0,6328.0,6400.0,nan,6376.0,417899,26652519900.0,600863,6396.0,225,6394.0,78,nan,0,nan,0,nan,0,nan,0,nan,0,nan,0,nan,0,nan,0
1597988256855851008,1597988257427000064,2020-08-21 13:37:37.427000,6396.0,6420.0,6328.0,6400.0,nan,6376.0,417900,26652583860.0,600863,6396.0,227,6394.0,84,nan,0,nan,0,nan,0,nan,0,nan,0,nan,0,nan,0,nan,0
1597988257351382016,1597988257933000192,2020-08-21 13:37:37.933000,6396.0,6420.0,6328.0,6400.0,nan,6376.0,417924,26654118900.0,600839,6396.0,203,6394.0,91,nan,0,nan,0,nan,0,nan,0,nan,0,nan,0,nan,0,nan,0
1597988257849506048,1597988258416999936,2020-08-21 13:37:38.417000,6396.0,6420.0,6328.0,6400.0,nan,6376.0,417973,26657252940.0,600809,6396.0,145,6394.0,112,nan,0,nan,0,nan,0,nan,0,nan,0,nan,0,nan,0,nan,0
1597988258845754112,1597988259405999872,2020-08-21 13:37:39.406000,6396.0,6420.0,6328.0,6400.0,nan,6376.0,417974,26657316900.0,600810,6396.0,144,6394.0,112,nan,0,nan,0,nan,0,nan,0,nan,0,nan,0,nan,0,nan,0
1597988259855782912,1597988260427000064,2020-08-21 13:37:40.427000,6394.0,6420.0,6328.0,6400.0,nan,6376.0,417994,26658595700.0,600790,6396.0,144,6394.0,88,nan,0,nan,0,nan,0,nan,0,nan,0,nan,0,nan,0,nan,0
1597988261343142912,1597988261931000064,2020-08-21 13:37:41.931000,6394.0,6420.0,6328.0,6400.0,nan,6376.0,417997,26658787520.0,600790,6396.0,149,6394.0,93,nan,0,nan,0,nan,0,nan,0,nan,0,nan,0,nan,0,nan,0
1597988261862842112,1597988262435000064,2020-08-21 13:37:42.435000,6394.0,6420.0,6328.0,6400.0,nan,6376.0,417998,26658851460.0,600789,6396.0,156,6394.0,84,nan,0,nan,0,nan,0,nan,0,nan,0,nan,0,nan,0,nan,0
1597988262843396096,1597988263379000064,2020-08-21 13:37:43.379000,6394.0,6420.0,6328.0,6400.0,nan,6376.0,417998,26658851460.0,600789,6396.0,155,6394.0,84,nan,0,nan,0,nan,0,nan,0,nan,0,nan,0,nan,0,nan,0
1597988263346664960,1597988263930000128,2020-08-21 13:37:43.930000,6394.0,6420.0,6328.0,6400.0,nan,6376.0,418008,26659490860.0,600789,6396.0,154,6394.0,74,nan,0,nan,0,nan,0,nan,0,nan,0,nan,0,nan,0,nan,0
1597988263842064896,1597988264433000192,2020-08-21 13:37:44.433000,6394.0,6420.0,6328.0,6400.0,nan,6376.0,418008,26659490860.0,600789,6396.0,154,6394.0,70,nan,0,nan,0,nan,0,nan,0,nan,0,nan,0,nan,0,nan,0
1597988266345587968,1597988266924000000,2020-08-21 13:37:46.924000,6394.0,6420.0,6328.0,6400.0,nan,6376.0,418008,26659490860.0,600789,6396.0,155,6394.0,70,nan,0,nan,0,nan,0,nan,0,nan,0,nan,0,nan,0,nan,0
1597988266845121024,1597988267416999936,2020-08-21 13:37:47.417000,6396.0,6420.0,6328.0,6400.0,nan,6376.0,418009,26659554820.0,600789,6396.0,155,6394.0,75,nan,0,nan,0,nan,0,nan,0,nan,0,nan,0,nan,0,nan,0
1597988267351123968,1597988267938999808,2020-08-21 13:37:47.939000,6396.0,6420.0,6328.0,6400.0,nan,6376.0,418009,26659554820.0,600789,6396.0,148,6394.0,82,nan,0,nan,0,nan,0,nan,0,nan,0,nan,0,nan,0,nan,0
1597988267844421888,1597988268428999936,2020-08-21 13:37:48.429000,6396.0,6420.0,6328.0,6400.0,nan,6376.0,418013,26659810660.0,600793,6396.0,77,6394.0,150,nan,0,nan,0,nan,0,nan,0,nan,0,nan,0,nan,0,nan,0
1597988268360739072,1597988268924999936,2020-08-21 13:37:48.925000,6396.0,6420.0,6328.0,6400.0,nan,6376.0,418013,26659810660.0,600793,6396.0,76,6394.0,150,nan,0,nan,0,nan,0,nan,0,nan,0,nan,0,nan,0,nan,0
1597988268841112064,1597988269407000064,2020-08-21 13:37:49.407000,6396.0,6420.0,6328.0,6400.0,nan,6376.0,418013,26659810660.0,600793,6396.0,80,6394.0,150,nan,0,nan,0,nan,0,nan,0,nan,0,nan,0,nan,0,nan,0
1597988269338656000,1597988269923000064,2020-08-21 13:37:49.923000,6396.0,6420.0,6328.0,6400.0,nan,6376.0,418013,26659810660.0,600793,6396.0,76,6394.0,150,nan,0,nan,0,nan,0,nan,0,nan,0,nan,0,nan,0,nan,0
1597988269837319936,1597988270424000000,2020-08-21 13:37:50.424000,6396.0,6420.0,6328.0,6400.0,nan,6376.0,418013,26659810660.0,600793,6396.0,78,6394.0,150,nan,0,nan,0,nan,0,nan,0,nan,0,nan,0,nan,0,nan,0
1597988270344417024,1597988270935000064,2020-08-21 13:37:50.935000,6396.0,6420.0,6328.0,6400.0,nan,6376.0,418013,26659810660.0,600793,6396.0,79,6394.0,150,nan,0,nan,0,nan,0,nan,0,nan,0,nan,0,nan,0,nan,0
1597988270850840064,1597988271434000128,2020-08-21 13:37:51.434000,6396.0,6420.0,6328.0,6400.0,nan,6376.0,418014,26659874620.0,600794,6396.0,78,6394.0,171,nan,0,nan,0,nan,0,nan,0,nan,0,nan,0,nan,0,nan,0
1597988271347991040,1597988271913000192,2020-08-21 13:37:51.913000,6396.0,6420.0,6328.0,6400.0,nan,6376.0,418014,26659874620.0,600794,6396.0,82,6394.0,171,nan,0,nan,0,nan,0,nan,0,nan,0,nan,0,nan,0,nan,0
1597988271837807104,1597988272432000000,2020-08-21 13:37:52.432000,6394.0,6420.0,6328.0,6400.0,nan,6376.0,418018,26660130380.0,600791,6396.0,84,6394.0,168,nan,0,nan,0,nan,0,nan,0,nan,0,nan,0,nan,0,nan,0
1597988272350245120,1597988272932000000,2020-08-21 13:37:52.932000,6396.0,6420.0,6328.0,6400.0,nan,6376.0,418019,26660194340.0,600791,6396.0,86,6394.0,168,nan,0,nan,0,nan,0,nan,0,nan,0,nan,0,nan,0,nan,0
1597988272850409984,1597988273434000128,2020-08-21 13:37:53.434000,6396.0,6420.0,6328.0,6400.0,nan,6376.0,418019,26660194340.0,600791,6396.0,86,6394.0,167,nan,0,nan,0,nan,0,nan,0,nan,0,nan,0,nan,0,nan,0
1597988273352180992,1597988273932000000,2020-08-21 13:37:53.932000,6396.0,6420.0,6328.0,6400.0,nan,6376.0,418020,26660258300.0,600790,6396.0,84,6394.0,167,nan,0,nan,0,nan,0,nan,0,nan,0,nan,0,nan,0,nan,0
1597988273838074112,1597988274432000000,2020-08-21 13:37:54.432000,6396.0,6420.0,6328.0,6400.0,nan,6376.0,418020,26660258300.0,600790,6396.0,84,6394.0,171,nan,0,nan,0,nan,0,nan,0,nan,0,nan,0,nan,0,nan,0
1597988274351412992,1597988274931000064,2020-08-21 13:37:54.931000,6396.0,6420.0,6328.0,6400.0,nan,6376.0,418020,26660258300.0,600790,6396.0,86,6394.0,171,nan,0,nan,0,nan,0,nan,0,nan,0,nan,0,nan,0,nan,0
1597988274849219072,1597988275411000064,2020-08-21 13:37:55.411000,6396.0,6420.0,6328.0,6400.0,nan,6376.0,418021,26660322260.0,600790,6396.0,84,6394.0,170,nan,0,nan,0,nan,0,nan,0,nan,0,nan,0,nan,0,nan,0
1597988275338856960,1597988275917999872,2020-08-21 13:37:55.918000,6396.0,6420.0,6328.0,6400.0,nan,6376.0,418024,26660514140.0,600793,6396.0,81,6394.0,170,nan,0,nan,0,nan,0,nan,0,nan,0,nan,0,nan,0,nan,0
1597988275838542080,1597988276423000064,2020-08-21 13:37:56.423000,6396.0,6420.0,6328.0,6400.0,nan,6376.0,418024,26660514140.0,600793,6396.0,82,6394.0,170,nan,0,nan,0,nan,0,nan,0,nan,0,nan,0,nan,0,nan,0
1597988277343766016,1597988277920000000,2020-08-21 13:37:57.920000,6396.0,6420.0,6328.0,6400.0,nan,6376.0,418024,26660514140.0,600793,6396.0,84,6394.0,169,nan,0,nan,0,nan,0,nan,0,nan,0,nan,0,nan,0,nan,0
1597988277836066048,1597988278436000000,2020-08-21 13:37:58.436000,6396.0,6420.0,6328.0,6400.0,nan,6376.0,418025,26660578100.0,600793,6396.0,83,6394.0,169,nan,0,nan,0,nan,0,nan,0,nan,0,nan,0,nan,0,nan,0
1597988278337840128,1597988278937999872,2020-08-21 13:37:58.938000,6396.0,6420.0,6328.0,6400.0,nan,6376.0,418026,26660642060.0,600793,6396.0,82,6394.0,168,nan,0,nan,0,nan,0,nan,0,nan,0,nan,0,nan,0,nan,0
1597988278845240064,1597988279436000000,2020-08-21 13:37:59.436000,6396.0,6420.0,6328.0,6400.0,nan,6376.0,418026,26660642060.0,600793,6396.0,82,6394.0,167,nan,0,nan,0,nan,0,nan,0,nan,0,nan,0,nan,0,nan,0
1597988279352750080,1597988279936999936,2020-08-21 13:37:59.937000,6396.0,6420.0,6328.0,6400.0,nan,6376.0,418026,26660642060.0,600793,6396.0,89,6394.0,167,nan,0,nan,0,nan,0,nan,0,nan,0,nan,0,nan,0,nan,0
1597988279846732032,1597988280436000000,2020-08-21 13:38:00.436000,6396.0,6420.0,6328.0,6400.0,nan,6376.0,418026,26660642060.0,600793,6396.0,96,6394.0,167,nan,0,nan,0,nan,0,nan,0,nan,0,nan,0,nan,0,nan,0
1597988280345094912,1597988280933000192,2020-08-21 13:38:00.933000,6396.0,6420.0,6328.0,6400.0,nan,6376.0,418026,26660642060.0,600793,6396.0,97,6394.0,167,nan,0,nan,0,nan,0,nan,0,nan,0,nan,0,nan,0,nan,0
1597988280844376064,1597988281405999872,2020-08-21 13:38:01.406000,6396.0,6420.0,6328.0,6400.0,nan,6376.0,418037,26661345620.0,600792,6396.0,95,6394.0,163,nan,0,nan,0,nan,0,nan,0,nan,0,nan,0,nan,0,nan,0
1597988281346404096,1597988281924999936,2020-08-21 13:38:01.925000,6396.0,6420.0,6328.0,6400.0,nan,6376.0,418037,26661345620.0,600792,6396.0,98,6394.0,163,nan,0,nan,0,nan,0,nan,0,nan,0,nan,0,nan,0,nan,0
1597988281843429120,1597988282423000064,2020-08-21 13:38:02.423000,6396.0,6420.0,6328.0,6400.0,nan,6376.0,418037,26661345620.0,600792,6396.0,99,6394.0,163,nan,0,nan,0,nan,0,nan,0,nan,0,nan,0,nan,0,nan,0
1597988282846492928,1597988283430000128,2020-08-21 13:38:03.430000,6396.0,6420.0,6328.0,6400.0,nan,6376.0,418037,26661345620.0,600792,6396.0,98,6394.0,163,nan,0,nan,0,nan,0,nan,0,nan,0,nan,0,nan,0,nan,0
1597988283848322048,1597988284435000064,2020-08-21 13:38:04.435000,6396.0,6420.0,6328.0,6400.0,nan,6376.0,418133,26667485780.0,600842,6398.0,306,6396.0,71,nan,0,nan,0,nan,0,nan,0,nan,0,nan,0,nan,0,nan,0
1597988284349722112,1597988284932000000,2020-08-21 13:38:04.932000,6396.0,6420.0,6328.0,6400.0,nan,6376.0,418133,26667485780.0,600842,6398.0,303,6396.0,78,nan,0,nan,0,nan,0,nan,0,nan,0,nan,0,nan,0,nan,0
1597988284845466880,1597988285413000192,2020-08-21 13:38:05.413000,6396.0,6420.0,6328.0,6400.0,nan,6376.0,418211,26672474660.0,600804,6396.0,53,6394.0,201,nan,0,nan,0,nan,0,nan,0,nan,0,nan,0,nan,0,nan,0
1597988285349655040,1597988285937999872,2020-08-21 13:38:05.938000,6396.0,6420.0,6328.0,6400.0,nan,6376.0,418213,26672602580.0,600804,6396.0,92,6394.0,189,nan,0,nan,0,nan,0,nan,0,nan,0,nan,0,nan,0,nan,0
1597988285844990976,1597988286428000000,2020-08-21 13:38:06.428000,6396.0,6420.0,6328.0,6400.0,nan,6376.0,418214,26672666540.0,600804,6396.0,91,6394.0,189,nan,0,nan,0,nan,0,nan,0,nan,0,nan,0,nan,0,nan,0
1597988286345314048,1597988286936000000,2020-08-21 13:38:06.936000,6396.0,6420.0,6328.0,6400.0,nan,6376.0,418214,26672666540.0,600804,6396.0,93,6394.0,191,nan,0,nan,0,nan,0,nan,0,nan,0,nan,0,nan,0,nan,0
1597988286845780992,1597988287435000064,2020-08-21 13:38:07.435000,6396.0,6420.0,6328.0,6400.0,nan,6376.0,418214,26672666540.0,600804,6396.0,95,6394.0,187,nan,0,nan,0,nan,0,nan,0,nan,0,nan,0,nan,0,nan,0
1597988287346885888,1597988287937999872,2020-08-21 13:38:07.938000,6396.0,6420.0,6328.0,6400.0,nan,6376.0,418214,26672666540.0,600804,6396.0,97,6394.0,187,nan,0,nan,0,nan,0,nan,0,nan,0,nan,0,nan,0,nan,0
1597988287844655104,1597988288436999936,2020-08-21 13:38:08.437000,6396.0,6420.0,6328.0,6400.0,nan,6376.0,418220,26673050300.0,600803,6396.0,91,6394.0,187,nan,0,nan,0,nan,0,nan,0,nan,0,nan,0,nan,0,nan,0
1597988288343531008,1597988288913000192,2020-08-21 13:38:08.913000,6396.0,6420.0,6328.0,6400.0,nan,6376.0,418224,26673306140.0,600803,6396.0,87,6394.0,187,nan,0,nan,0,nan,0,nan,0,nan,0,nan,0,nan,0,nan,0
1597988288847890944,1597988289432000000,2020-08-21 13:38:09.432000,6394.0,6420.0,6328.0,6400.0,nan,6376.0,418232,26673817780.0,600800,6396.0,81,6394.0,186,nan,0,nan,0,nan,0,nan,0,nan,0,nan,0,nan,0,nan,0
1597988290346283008,1597988290931000064,2020-08-21 13:38:10.931000,6394.0,6420.0,6328.0,6400.0,nan,6376.0,418233,26673881720.0,600801,6396.0,81,6394.0,185,nan,0,nan,0,nan,0,nan,0,nan,0,nan,0,nan,0,nan,0
1597988290845570048,1597988291432000000,2020-08-21 13:38:11.432000,6394.0,6420.0,6328.0,6400.0,nan,6376.0,418233,26673881720.0,600801,6396.0,82,6394.0,185,nan,0,nan,0,nan,0,nan,0,nan,0,nan,0,nan,0,nan,0
1597988291887448064,1597988292436999936,2020-08-21 13:38:12.437000,6394.0,6420.0,6328.0,6400.0,nan,6376.0,418234,26673945660.0,600802,6396.0,82,6394.0,184,nan,0,nan,0,nan,0,nan,0,nan,0,nan,0,nan,0,nan,0
1597988292352665088,1597988292936000000,2020-08-21 13:38:12.936000,6394.0,6420.0,6328.0,6400.0,nan,6376.0,418238,26674201420.0,600802,6396.0,86,6394.0,180,nan,0,nan,0,nan,0,nan,0,nan,0,nan,0,nan,0,nan,0
1597988292854531072,1597988293428000000,2020-08-21 13:38:13.428000,6394.0,6420.0,6328.0,6400.0,nan,6376.0,418238,26674201420.0,600802,6396.0,88,6394.0,179,nan,0,nan,0,nan,0,nan,0,nan,0,nan,0,nan,0,nan,0
1597988293349851904,1597988293931000064,2020-08-21 13:38:13.931000,6396.0,6420.0,6328.0,6400.0,nan,6376.0,418241,26674393300.0,600802,6396.0,85,6394.0,179,nan,0,nan,0,nan,0,nan,0,nan,0,nan,0,nan,0,nan,0
1597988293845969920,1597988294430000128,2020-08-21 13:38:14.430000,6396.0,6420.0,6328.0,6400.0,nan,6376.0,418241,26674393300.0,600802,6396.0,85,6394.0,180,nan,0,nan,0,nan,0,nan,0,nan,0,nan,0,nan,0,nan,0
1597988295850606080,1597988296431000064,2020-08-21 13:38:16.431000,6396.0,6420.0,6328.0,6400.0,nan,6376.0,418243,26674521220.0,600800,6396.0,81,6394.0,182,nan,0,nan,0,nan,0,nan,0,nan,0,nan,0,nan,0,nan,0
1597988296336698112,1597988296903000064,2020-08-21 13:38:16.903000,6396.0,6420.0,6328.0,6400.0,nan,6376.0,418243,26674521220.0,600800,6396.0,86,6394.0,182,nan,0,nan,0,nan,0,nan,0,nan,0,nan,0,nan,0,nan,0
1597988296841138944,1597988297424999936,2020-08-21 13:38:17.425000,6396.0,6420.0,6328.0,6400.0,nan,6376.0,418245,26674649140.0,600798,6396.0,84,6394.0,182,nan,0,nan,0,nan,0,nan,0,nan,0,nan,0,nan,0,nan,0
1597988297345769984,1597988297937999872,2020-08-21 13:38:17.938000,6396.0,6420.0,6328.0,6400.0,nan,6376.0,418250,26674968940.0,600798,6396.0,80,6394.0,182,nan,0,nan,0,nan,0,nan,0,nan,0,nan,0,nan,0,nan,0
1597988297839460096,1597988298433000192,2020-08-21 13:38:18.433000,6394.0,6420.0,6328.0,6400.0,nan,6376.0,418251,26675032880.0,600799,6396.0,80,6394.0,181,nan,0,nan,0,nan,0,nan,0,nan,0,nan,0,nan,0,nan,0
1597988298348443904,1597988298876000000,2020-08-21 13:38:18.876000,6394.0,6420.0,6328.0,6400.0,nan,6376.0,418251,26675032880.0,600799,6396.0,81,6394.0,181,nan,0,nan,0,nan,0,nan,0,nan,0,nan,0,nan,0,nan,0
1597988298836528128,1597988299417999872,2020-08-21 13:38:19.418000,6394.0,6420.0,6328.0,6400.0,nan,6376.0,418251,26675032880.0,600799,6396.0,82,6394.0,181,nan,0,nan,0,nan,0,nan,0,nan,0,nan,0,nan,0,nan,0
1597988299347877120,1597988299933000192,2020-08-21 13:38:19.933000,6394.0,6420.0,6328.0,6400.0,nan,6376.0,418256,26675352580.0,600798,6396.0,165,6394.0,156,nan,0,nan,0,nan,0,nan,0,nan,0,nan,0,nan,0,nan,0
1597988299845092096,1597988300418999808,2020-08-21 13:38:20.419000,6394.0,6420.0,6328.0,6400.0,nan,6376.0,418297,26677974120.0,600778,6396.0,178,6394.0,60,nan,0,nan,0,nan,0,nan,0,nan,0,nan,0,nan,0,nan,0
1597988300353334016,1597988300936999936,2020-08-21 13:38:20.937000,6394.0,6420.0,6328.0,6400.0,nan,6376.0,418359,26681938400.0,600777,6394.0,57,6392.0,201,nan,0,nan,0,nan,0,nan,0,nan,0,nan,0,nan,0,nan,0
1597988300869495040,1597988301433000192,2020-08-21 13:38:21.433000,6394.0,6420.0,6328.0,6400.0,nan,6376.0,418359,26681938400.0,600777,6394.0,70,6392.0,201,nan,0,nan,0,nan,0,nan,0,nan,0,nan,0,nan,0,nan,0
1597988302073018880,1597988302412000000,2020-08-21 13:38:22.412000,6394.0,6420.0,6328.0,6400.0,nan,6376.0,418360,26682002340.0,600777,6394.0,74,6392.0,222,nan,0,nan,0,nan,0,nan,0,nan,0,nan,0,nan,0,nan,0
1597988302359676928,1597988302926000128,2020-08-21 13:38:22.926000,6392.0,6420.0,6328.0,6400.0,nan,6376.0,418379,26683216900.0,600758,6394.0,66,6392.0,210,nan,0,nan,0,nan,0,nan,0,nan,0,nan,0,nan,0,nan,0
1597988302860544000,1597988303428000000,2020-08-21 13:38:23.428000,6394.0,6420.0,6328.0,6400.0,nan,6376.0,418380,26683280840.0,600758,6394.0,68,6392.0,209,nan,0,nan,0,nan,0,nan,0,nan,0,nan,0,nan,0,nan,0
1597988304350528000,1597988304928999936,2020-08-21 13:38:24.929000,6392.0,6420.0,6328.0,6400.0,nan,6376.0,418381,26683344760.0,600757,6394.0,68,6392.0,212,nan,0,nan,0,nan,0,nan,0,nan,0,nan,0,nan,0,nan,0
1597988304854319104,1597988305433000192,2020-08-21 13:38:25.433000,6392.0,6420.0,6328.0,6400.0,nan,6376.0,418381,26683344760.0,600757,6394.0,69,6392.0,212,nan,0,nan,0,nan,0,nan,0,nan,0,nan,0,nan,0,nan,0
1597988305340753920,1597988305936999936,2020-08-21 13:38:25.937000,6394.0,6420.0,6328.0,6400.0,nan,6376.0,418385,26683600480.0,600757,6394.0,67,6392.0,211,nan,0,nan,0,nan,0,nan,0,nan,0,nan,0,nan,0,nan,0
1597988305847309056,1597988306417999872,2020-08-21 13:38:26.418000,6394.0,6420.0,6328.0,6400.0,nan,6376.0,418385,26683600480.0,600757,6394.0,67,6392.0,212,nan,0,nan,0,nan,0,nan,0,nan,0,nan,0,nan,0,nan,0
1597988306344337920,1597988306932000000,2020-08-21 13:38:26.932000,6394.0,6420.0,6328.0,6400.0,nan,6376.0,418386,26683664420.0,600757,6394.0,71,6392.0,212,nan,0,nan,0,nan,0,nan,0,nan,0,nan,0,nan,0,nan,0
1597988307337794048,1597988307923000064,2020-08-21 13:38:27.923000,6394.0,6420.0,6328.0,6400.0,nan,6376.0,418393,26684112000.0,600764,6394.0,65,6392.0,213,nan,0,nan,0,nan,0,nan,0,nan,0,nan,0,nan,0,nan,0
1597988307841896960,1597988308432000000,2020-08-21 13:38:28.432000,6394.0,6420.0,6328.0,6400.0,nan,6376.0,418400,26684559580.0,600771,6394.0,63,6392.0,215,nan,0,nan,0,nan,0,nan,0,nan,0,nan,0,nan,0,nan,0
1597988308411173120,1597988308936999936,2020-08-21 13:38:28.937000,6394.0,6420.0,6328.0,6400.0,nan,6376.0,418400,26684559580.0,600771,6394.0,64,6392.0,215,nan,0,nan,0,nan,0,nan,0,nan,0,nan,0,nan,0,nan,0
1597988308846705920,1597988309437999872,2020-08-21 13:38:29.438000,6394.0,6420.0,6328.0,6400.0,nan,6376.0,418408,26685071100.0,600771,6394.0,62,6392.0,215,nan,0,nan,0,nan,0,nan,0,nan,0,nan,0,nan,0,nan,0
1597988309354724096,1597988309937999872,2020-08-21 13:38:29.938000,6392.0,6420.0,6328.0,6400.0,nan,6376.0,418409,26685135020.0,600771,6394.0,62,6392.0,214,nan,0,nan,0,nan,0,nan,0,nan,0,nan,0,nan,0,nan,0
1597988309977605888,1597988310433000192,2020-08-21 13:38:30.433000,6394.0,6420.0,6328.0,6400.0,nan,6376.0,418415,26685518660.0,600771,6394.0,65,6392.0,214,nan,0,nan,0,nan,0,nan,0,nan,0,nan,0,nan,0,nan,0
1597988310855937024,1597988311407000064,2020-08-21 13:38:31.407000,6394.0,6420.0,6328.0,6400.0,nan,6376.0,418415,26685518660.0,600771,6394.0,70,6392.0,214,nan,0,nan,0,nan,0,nan,0,nan,0,nan,0,nan,0,nan,0
1597988311343613952,1597988311936000000,2020-08-21 13:38:31.936000,6394.0,6420.0,6328.0,6400.0,nan,6376.0,418415,26685518660.0,600771,6394.0,80,6392.0,215,nan,0,nan,0,nan,0,nan,0,nan,0,nan,0,nan,0,nan,0
1597988312340332032,1597988312916999936,2020-08-21 13:38:32.917000,6394.0,6420.0,6328.0,6400.0,nan,6376.0,418415,26685518660.0,600771,6394.0,81,6392.0,220,nan,0,nan,0,nan,0,nan,0,nan,0,nan,0,nan,0,nan,0
1597988312852941056,1597988313424000000,2020-08-21 13:38:33.424000,6394.0,6420.0,6328.0,6400.0,nan,6376.0,418415,26685518660.0,600771,6394.0,84,6392.0,220,nan,0,nan,0,nan,0,nan,0,nan,0,nan,0,nan,0,nan,0
1597988313336847872,1597988313927000064,2020-08-21 13:38:33.927000,6394.0,6420.0,6328.0,6400.0,nan,6376.0,418415,26685518660.0,600771,6394.0,84,6392.0,221,nan,0,nan,0,nan,0,nan,0,nan,0,nan,0,nan,0,nan,0
1597988315842635008,1597988316420000000,2020-08-21 13:38:36.420000,6394.0,6420.0,6328.0,6400.0,nan,6376.0,418416,26685582600.0,600771,6394.0,84,6392.0,221,nan,0,nan,0,nan,0,nan,0,nan,0,nan,0,nan,0,nan,0
1597988316847335936,1597988317431000064,2020-08-21 13:38:37.431000,6394.0,6420.0,6328.0,6400.0,nan,6376.0,418417,26685646540.0,600770,6394.0,83,6392.0,221,nan,0,nan,0,nan,0,nan,0,nan,0,nan,0,nan,0,nan,0
1597988317346983936,1597988317900999936,2020-08-21 13:38:37.901000,6394.0,6420.0,6328.0,6400.0,nan,6376.0,418417,26685646540.0,600770,6394.0,83,6392.0,222,nan,0,nan,0,nan,0,nan,0,nan,0,nan,0,nan,0,nan,0
1597988317973058048,1597988318426000128,2020-08-21 13:38:38.426000,6394.0,6420.0,6328.0,6400.0,nan,6376.0,418418,26685710480.0,600770,6394.0,82,6392.0,222,nan,0,nan,0,nan,0,nan,0,nan,0,nan,0,nan,0,nan,0
1597988318847188992,1597988319404000000,2020-08-21 13:38:39.404000,6394.0,6420.0,6328.0,6400.0,nan,6376.0,418418,26685710480.0,600770,6394.0,78,6392.0,222,nan,0,nan,0,nan,0,nan,0,nan,0,nan,0,nan,0,nan,0
1597988319346468096,1597988319927000064,2020-08-21 13:38:39.927000,6394.0,6420.0,6328.0,6400.0,nan,6376.0,418426,26686222000.0,600774,6394.0,69,6392.0,222,nan,0,nan,0,nan,0,nan,0,nan,0,nan,0,nan,0,nan,0
1597988319839363072,1597988320428999936,2020-08-21 13:38:40.429000,6392.0,6420.0,6328.0,6400.0,nan,6376.0,418427,26686285920.0,600773,6394.0,69,6392.0,221,nan,0,nan,0,nan,0,nan,0,nan,0,nan,0,nan,0,nan,0
1597988320340439040,1597988320934000128,2020-08-21 13:38:40.934000,6392.0,6420.0,6328.0,6400.0,nan,6376.0,418427,26686285920.0,600773,6394.0,69,6392.0,220,nan,0,nan,0,nan,0,nan,0,nan,0,nan,0,nan,0,nan,0
1597988320849430016,1597988321436999936,2020-08-21 13:38:41.437000,6392.0,6420.0,6328.0,6400.0,nan,6376.0,418427,26686285920.0,600773,6394.0,69,6392.0,221,nan,0,nan,0,nan,0,nan,0,nan,0,nan,0,nan,0,nan,0
1597988321347664896,1597988321938999808,2020-08-21 13:38:41.939000,6394.0,6420.0,6328.0,6400.0,nan,6376.0,418432,26686605620.0,600777,6394.0,112,6392.0,220,nan,0,nan,0,nan,0,nan,0,nan,0,nan,0,nan,0,nan,0
1597988321835901952,1597988322426000128,2020-08-21 13:38:42.426000,6394.0,6420.0,6328.0,6400.0,nan,6376.0,418437,26686925320.0,600782,6394.0,110,6392.0,220,nan,0,nan,0,nan,0,nan,0,nan,0,nan,0,nan,0,nan,0
1597988322334785024,1597988322928999936,2020-08-21 13:38:42.929000,6394.0,6420.0,6328.0,6400.0,nan,6376.0,418471,26689099100.0,600797,6394.0,95,6392.0,212,nan,0,nan,0,nan,0,nan,0,nan,0,nan,0,nan,0,nan,0
1597988322837786880,1597988323428999936,2020-08-21 13:38:43.429000,6394.0,6420.0,6328.0,6400.0,nan,6376.0,418472,26689163040.0,600798,6394.0,89,6392.0,236,nan,0,nan,0,nan,0,nan,0,nan,0,nan,0,nan,0,nan,0
1597988323343769088,1597988323924999936,2020-08-21 13:38:43.925000,6392.0,6420.0,6328.0,6400.0,nan,6376.0,418487,26690121840.0,600796,6394.0,106,6392.0,188,nan,0,nan,0,nan,0,nan,0,nan,0,nan,0,nan,0,nan,0
1597988323862844928,1597988324424999936,2020-08-21 13:38:44.425000,6392.0,6420.0,6328.0,6400.0,nan,6376.0,418487,26690121840.0,600796,6394.0,97,6392.0,200,nan,0,nan,0,nan,0,nan,0,nan,0,nan,0,nan,0,nan,0
1597988324371315968,1597988324895000064,2020-08-21 13:38:44.895000,6392.0,6420.0,6328.0,6400.0,nan,6376.0,418487,26690121840.0,600796,6394.0,81,6392.0,200,nan,0,nan,0,nan,0,nan,0,nan,0,nan,0,nan,0,nan,0
1597988324852212992,1597988325424000000,2020-08-21 13:38:45.424000,6392.0,6420.0,6328.0,6400.0,nan,6376.0,418488,26690185760.0,600797,6394.0,79,6392.0,206,nan,0,nan,0,nan,0,nan,0,nan,0,nan,0,nan,0,nan,0
1597988325408833024,1597988325935000064,2020-08-21 13:38:45.935000,6392.0,6420.0,6328.0,6400.0,nan,6376.0,418488,26690185760.0,600797,6394.0,82,6392.0,206,nan,0,nan,0,nan,0,nan,0,nan,0,nan,0,nan,0,nan,0
1597988325916391936,1597988326413000192,2020-08-21 13:38:46.413000,6392.0,6420.0,6328.0,6400.0,nan,6376.0,418488,26690185760.0,600797,6394.0,91,6392.0,189,nan,0,nan,0,nan,0,nan,0,nan,0,nan,0,nan,0,nan,0
1597988326401051904,1597988326921999872,2020-08-21 13:38:46.922000,6392.0,6420.0,6328.0,6400.0,nan,6376.0,418489,26690249680.0,600797,6394.0,87,6392.0,198,nan,0,nan,0,nan,0,nan,0,nan,0,nan,0,nan,0,nan,0
1597988326882814976,1597988327434000128,2020-08-21 13:38:47.434000,6392.0,6420.0,6328.0,6400.0,nan,6376.0,418489,26690249680.0,600797,6394.0,90,6392.0,198,nan,0,nan,0,nan,0,nan,0,nan,0,nan,0,nan,0,nan,0
1597988327858868992,1597988328431000064,2020-08-21 13:38:48.431000,6392.0,6420.0,6328.0,6400.0,nan,6376.0,418489,26690249680.0,600797,6394.0,90,6392.0,197,nan,0,nan,0,nan,0,nan,0,nan,0,nan,0,nan,0,nan,0
1597988328852317952,1597988329400000000,2020-08-21 13:38:49.400000,6392.0,6420.0,6328.0,6400.0,nan,6376.0,418489,26690249680.0,600797,6394.0,101,6392.0,197,nan,0,nan,0,nan,0,nan,0,nan,0,nan,0,nan,0,nan,0
1597988329492744960,1597988329930000128,2020-08-21 13:38:49.930000,6392.0,6420.0,6328.0,6400.0,nan,6376.0,418489,26690249680.0,600797,6394.0,156,6392.0,188,nan,0,nan,0,nan,0,nan,0,nan,0,nan,0,nan,0,nan,0
1597988329881787904,1597988330434000128,2020-08-21 13:38:50.434000,6392.0,6420.0,6328.0,6400.0,nan,6376.0,418489,26690249680.0,600797,6394.0,159,6392.0,140,nan,0,nan,0,nan,0,nan,0,nan,0,nan,0,nan,0,nan,0
1597988330878618880,1597988331408000000,2020-08-21 13:38:51.408000,6392.0,6420.0,6328.0,6400.0,nan,6376.0,418489,26690249680.0,600797,6394.0,159,6392.0,143,nan,0,nan,0,nan,0,nan,0,nan,0,nan,0,nan,0,nan,0
1597988331342110976,1597988331923000064,2020-08-21 13:38:51.923000,6392.0,6420.0,6328.0,6400.0,nan,6376.0,418494,26690569380.0,600792,6394.0,154,6392.0,143,nan,0,nan,0,nan,0,nan,0,nan,0,nan,0,nan,0,nan,0
1597988331835160064,1597988332427000064,2020-08-21 13:38:52.427000,6392.0,6420.0,6328.0,6400.0,nan,6376.0,418495,26690633300.0,600792,6394.0,155,6392.0,142,nan,0,nan,0,nan,0,nan,0,nan,0,nan,0,nan,0,nan,0
1597988332836302080,1597988333436000000,2020-08-21 13:38:53.436000,6392.0,6420.0,6328.0,6400.0,nan,6376.0,418504,26691208580.0,600797,6394.0,155,6392.0,138,nan,0,nan,0,nan,0,nan,0,nan,0,nan,0,nan,0,nan,0
1597988333881256960,1597988334436000000,2020-08-21 13:38:54.436000,6392.0,6420.0,6328.0,6400.0,nan,6376.0,418508,26691464260.0,600799,6394.0,159,6392.0,134,nan,0,nan,0,nan,0,nan,0,nan,0,nan,0,nan,0,nan,0
1597988334343064064,1597988334927000064,2020-08-21 13:38:54.927000,6392.0,6420.0,6328.0,6400.0,nan,6376.0,418521,26692295240.0,600795,6394.0,162,6392.0,124,nan,0,nan,0,nan,0,nan,0,nan,0,nan,0,nan,0,nan,0
1597988334867592960,1597988335376000000,2020-08-21 13:38:55.376000,6392.0,6420.0,6328.0,6400.0,nan,6376.0,418523,26692423080.0,600794,6394.0,167,6392.0,123,nan,0,nan,0,nan,0,nan,0,nan,0,nan,0,nan,0,nan,0
1597988335346017024,1597988335924999936,2020-08-21 13:38:55.925000,6392.0,6420.0,6328.0,6400.0,nan,6376.0,418532,26692998380.0,600791,6394.0,166,6392.0,115,nan,0,nan,0,nan,0,nan,0,nan,0,nan,0,nan,0,nan,0
1597988335843395072,1597988336403000064,2020-08-21 13:38:56.403000,6394.0,6420.0,6328.0,6400.0,nan,6376.0,418535,26693190200.0,600794,6394.0,164,6392.0,115,nan,0,nan,0,nan,0,nan,0,nan,0,nan,0,nan,0,nan,0
1597988336351739904,1597988336936999936,2020-08-21 13:38:56.937000,6392.0,6420.0,6328.0,6400.0,nan,6376.0,418551,26694212920.0,600793,6394.0,165,6392.0,99,nan,0,nan,0,nan,0,nan,0,nan,0,nan,0,nan,0,nan,0
1597988336858095104,1597988337416999936,2020-08-21 13:38:57.417000,6392.0,6420.0,6328.0,6400.0,nan,6376.0,418564,26695043880.0,600780,6394.0,165,6392.0,86,nan,0,nan,0,nan,0,nan,0,nan,0,nan,0,nan,0,nan,0
1597988337334907904,1597988337934000128,2020-08-21 13:38:57.934000,6392.0,6420.0,6328.0,6400.0,nan,6376.0,418567,26695235640.0,600778,6394.0,165,6392.0,83,nan,0,nan,0,nan,0,nan,0,nan,0,nan,0,nan,0,nan,0
1597988337949117952,1597988338428000000,2020-08-21 13:38:58.428000,6394.0,6420.0,6328.0,6400.0,nan,6376.0,418570,26695427420.0,600778,6394.0,164,6392.0,83,nan,0,nan,0,nan,0,nan,0,nan,0,nan,0,nan,0,nan,0
1597988338337320960,1597988338928999936,2020-08-21 13:38:58.929000,6392.0,6420.0,6328.0,6400.0,nan,6376.0,418573,26695619180.0,600777,6394.0,164,6392.0,80,nan,0,nan,0,nan,0,nan,0,nan,0,nan,0,nan,0,nan,0
1597988338847725056,1597988339424000000,2020-08-21 13:38:59.424000,6392.0,6420.0,6328.0,6400.0,nan,6376.0,418573,26695619180.0,600777,6394.0,166,6392.0,80,nan,0,nan,0,nan,0,nan,0,nan,0,nan,0,nan,0,nan,0
1597988339366049024,1597988339934000128,2020-08-21 13:38:59.934000,6392.0,6420.0,6328.0,6400.0,nan,6376.0,418575,26695747020.0,600775,6394.0,112,6392.0,91,nan,0,nan,0,nan,0,nan,0,nan,0,nan,0,nan,0,nan,0
1597988339844156928,1597988340432000000,2020-08-21 13:39:00.432000,6392.0,6420.0,6328.0,6400.0,nan,6376.0,418610,26697984740.0,600773,6394.0,74,6392.0,120,nan,0,nan,0,nan,0,nan,0,nan,0,nan,0,nan,0,nan,0
1597988340338461952,1597988340924000000,2020-08-21 13:39:00.924000,6392.0,6420.0,6328.0,6400.0,nan,6376.0,418610,26697984740.0,600773,6394.0,75,6392.0,124,nan,0,nan,0,nan,0,nan,0,nan,0,nan,0,nan,0,nan,0
1597988341351261952,1597988341936999936,2020-08-21 13:39:01.937000,6392.0,6420.0,6328.0,6400.0,nan,6376.0,418610,26697984740.0,600773,6394.0,75,6392.0,125,nan,0,nan,0,nan,0,nan,0,nan,0,nan,0,nan,0,nan,0
1597988342838276096,1597988343435000064,2020-08-21 13:39:03.435000,6392.0,6420.0,6328.0,6400.0,nan,6376.0,418610,26697984740.0,600773,6394.0,76,6392.0,125,nan,0,nan,0,nan,0,nan,0,nan,0,nan,0,nan,0,nan,0
1597988343341265920,1597988343936999936,2020-08-21 13:39:03.937000,6392.0,6420.0,6328.0,6400.0,nan,6376.0,418610,26697984740.0,600773,6394.0,75,6392.0,133,nan,0,nan,0,nan,0,nan,0,nan,0,nan,0,nan,0,nan,0
1597988343873245952,1597988344374000128,2020-08-21 13:39:04.374000,6392.0,6420.0,6328.0,6400.0,nan,6376.0,418610,26697984740.0,600773,6394.0,75,6392.0,134,nan,0,nan,0,nan,0,nan,0,nan,0,nan,0,nan,0,nan,0
1597988344964201984,1597988345416999936,2020-08-21 13:39:05.417000,6394.0,6420.0,6328.0,6400.0,nan,6376.0,418613,26698176560.0,600773,6394.0,72,6392.0,134,nan,0,nan,0,nan,0,nan,0,nan,0,nan,0,nan,0,nan,0
1597988345423419904,1597988345923000064,2020-08-21 13:39:05.923000,6392.0,6420.0,6328.0,6400.0,nan,6376.0,418623,26698815760.0,600763,6394.0,71,6392.0,126,nan,0,nan,0,nan,0,nan,0,nan,0,nan,0,nan,0,nan,0
1597988345886235904,1597988346420999936,2020-08-21 13:39:06.421000,6392.0,6420.0,6328.0,6400.0,nan,6376.0,418623,26698815760.0,600763,6394.0,71,6392.0,127,nan,0,nan,0,nan,0,nan,0,nan,0,nan,0,nan,0,nan,0
1597988346980684032,1597988347420999936,2020-08-21 13:39:07.421000,6392.0,6420.0,6328.0,6400.0,nan,6376.0,418624,26698879680.0,600763,6394.0,72,6392.0,153,nan,0,nan,0,nan,0,nan,0,nan,0,nan,0,nan,0,nan,0
1597988347475589120,1597988347923000064,2020-08-21 13:39:07.923000,6392.0,6420.0,6328.0,6400.0,nan,6376.0,418624,26698879680.0,600763,6394.0,75,6392.0,153,nan,0,nan,0,nan,0,nan,0,nan,0,nan,0,nan,0,nan,0
1597988347846985984,1597988348430000128,2020-08-21 13:39:08.430000,6392.0,6420.0,6328.0,6400.0,nan,6376.0,418624,26698879680.0,600763,6394.0,76,6392.0,149,nan,0,nan,0,nan,0,nan,0,nan,0,nan,0,nan,0,nan,0
1597988349362710016,1597988349898000128,2020-08-21 13:39:09.898000,6392.0,6420.0,6328.0,6400.0,nan,6376.0,418624,26698879680.0,600763,6394.0,78,6392.0,150,nan,0,nan,0,nan,0,nan,0,nan,0,nan,0,nan,0,nan,0
1597988349852907008,1597988350412000000,2020-08-21 13:39:10.412000,6392.0,6420.0,6328.0,6400.0,nan,6376.0,418625,26698943600.0,600763,6394.0,78,6392.0,149,nan,0,nan,0,nan,0,nan,0,nan,0,nan,0,nan,0,nan,0
1597988350421552896,1597988350888000000,2020-08-21 13:39:10.888000,6392.0,6420.0,6328.0,6400.0,nan,6376.0,418629,26699199320.0,600763,6394.0,76,6392.0,147,nan,0,nan,0,nan,0,nan,0,nan,0,nan,0,nan,0,nan,0
1597988350938510080,1597988351423000064,2020-08-21 13:39:11.423000,6392.0,6420.0,6328.0,6400.0,nan,6376.0,418630,26699263240.0,600762,6394.0,76,6392.0,146,nan,0,nan,0,nan,0,nan,0,nan,0,nan,0,nan,0,nan,0
1597988351344155904,1597988351935000064,2020-08-21 13:39:11.935000,6392.0,6420.0,6328.0,6400.0,nan,6376.0,418631,26699327160.0,600761,6394.0,75,6392.0,145,nan,0,nan,0,nan,0,nan,0,nan,0,nan,0,nan,0,nan,0
1597988351861188096,1597988352436999936,2020-08-21 13:39:12.437000,6392.0,6420.0,6328.0,6400.0,nan,6376.0,418631,26699327160.0,600761,6394.0,77,6392.0,145,nan,0,nan,0,nan,0,nan,0,nan,0,nan,0,nan,0,nan,0
1597988352406360064,1597988352927000064,2020-08-21 13:39:12.927000,6392.0,6420.0,6328.0,6400.0,nan,6376.0,418632,26699391080.0,600762,6394.0,77,6392.0,144,nan,0,nan,0,nan,0,nan,0,nan,0,nan,0,nan,0,nan,0
1597988352865883904,1597988353404999936,2020-08-21 13:39:13.405000,6392.0,6420.0,6328.0,6400.0,nan,6376.0,418632,26699391080.0,600762,6394.0,77,6392.0,162,nan,0,nan,0,nan,0,nan,0,nan,0,nan,0,nan,0,nan,0
1597988353350127104,1597988353924999936,2020-08-21 13:39:13.925000,6392.0,6420.0,6328.0,6400.0,nan,6376.0,418634,26699518920.0,600762,6394.0,77,6392.0,163,nan,0,nan,0,nan,0,nan,0,nan,0,nan,0,nan,0,nan,0
1597988353845737984,1597988354382999808,2020-08-21 13:39:14.383000,6392.0,6420.0,6328.0,6400.0,nan,6376.0,418639,26699838520.0,600762,6394.0,77,6392.0,159,nan,0,nan,0,nan,0,nan,0,nan,0,nan,0,nan,0,nan,0
1597988354837587968,1597988355434000128,2020-08-21 13:39:15.434000,6392.0,6420.0,6328.0,6400.0,nan,6376.0,418647,26700349880.0,600762,6394.0,77,6392.0,151,nan,0,nan,0,nan,0,nan,0,nan,0,nan,0,nan,0,nan,0
1597988355344886016,1597988355934000128,2020-08-21 13:39:15.934000,6392.0,6420.0,6328.0,6400.0,nan,6376.0,418647,26700349880.0,600762,6394.0,80,6392.0,151,nan,0,nan,0,nan,0,nan,0,nan,0,nan,0,nan,0,nan,0
1597988355844748032,1597988356436000000,2020-08-21 13:39:16.436000,6394.0,6420.0,6328.0,6400.0,nan,6376.0,418648,26700413820.0,600762,6394.0,91,6392.0,151,nan,0,nan,0,nan,0,nan,0,nan,0,nan,0,nan,0,nan,0
1597988356348742912,1597988356924999936,2020-08-21 13:39:16.925000,6392.0,6420.0,6328.0,6400.0,nan,6376.0,418658,26701053020.0,600762,6394.0,104,6392.0,141,nan,0,nan,0,nan,0,nan,0,nan,0,nan,0,nan,0,nan,0
1597988356834270976,1597988357430000128,2020-08-21 13:39:17.430000,6392.0,6420.0,6328.0,6400.0,nan,6376.0,418658,26701053020.0,600762,6394.0,106,6392.0,142,nan,0,nan,0,nan,0,nan,0,nan,0,nan,0,nan,0,nan,0
1597988357366288896,1597988357931000064,2020-08-21 13:39:17.931000,6392.0,6420.0,6328.0,6400.0,nan,6376.0,418658,26701053020.0,600762,6394.0,106,6392.0,130,nan,0,nan,0,nan,0,nan,0,nan,0,nan,0,nan,0,nan,0
1597988357841558016,1597988358344000000,2020-08-21 13:39:18.344000,6392.0,6420.0,6328.0,6400.0,nan,6376.0,418660,26701180860.0,600762,6394.0,106,6392.0,128,nan,0,nan,0,nan,0,nan,0,nan,0,nan,0,nan,0,nan,0
1597988358359109120,1597988358920000000,2020-08-21 13:39:18.920000,6392.0,6420.0,6328.0,6400.0,nan,6376.0,418660,26701180860.0,600762,6394.0,106,6392.0,127,nan,0,nan,0,nan,0,nan,0,nan,0,nan,0,nan,0,nan,0
1597988358846854912,1597988359424999936,2020-08-21 13:39:19.425000,6392.0,6420.0,6328.0,6400.0,nan,6376.0,418661,26701244780.0,600762,6394.0,106,6392.0,124,nan,0,nan,0,nan,0,nan,0,nan,0,nan,0,nan,0,nan,0
1597988359368733952,1597988359923000064,2020-08-21 13:39:19.923000,6392.0,6420.0,6328.0,6400.0,nan,6376.0,418662,26701308700.0,600763,6394.0,106,6392.0,123,nan,0,nan,0,nan,0,nan,0,nan,0,nan,0,nan,0,nan,0
1597988359850577920,1597988360408999936,2020-08-21 13:39:20.409000,6392.0,6420.0,6328.0,6400.0,nan,6376.0,418662,26701308700.0,600763,6394.0,106,6392.0,118,nan,0,nan,0,nan,0,nan,0,nan,0,nan,0,nan,0,nan,0
1597988360346736128,1597988360845999872,2020-08-21 13:39:20.846000,6392.0,6420.0,6328.0,6400.0,nan,6376.0,418666,26701564380.0,600760,6394.0,106,6392.0,107,nan,0,nan,0,nan,0,nan,0,nan,0,nan,0,nan,0,nan,0
1597988361843920896,1597988362424999936,2020-08-21 13:39:22.425000,6392.0,6420.0,6328.0,6400.0,nan,6376.0,418666,26701564380.0,600760,6394.0,109,6392.0,107,nan,0,nan,0,nan,0,nan,0,nan,0,nan,0,nan,0,nan,0
1597988363343664128,1597988363923000064,2020-08-21 13:39:23.923000,6392.0,6420.0,6328.0,6400.0,nan,6376.0,418666,26701564380.0,600760,6394.0,109,6392.0,108,nan,0,nan,0,nan,0,nan,0,nan,0,nan,0,nan,0,nan,0
1597988363845841920,1597988364416000000,2020-08-21 13:39:24.416000,6392.0,6420.0,6328.0,6400.0,nan,6376.0,418666,26701564380.0,600760,6394.0,111,6392.0,108,nan,0,nan,0,nan,0,nan,0,nan,0,nan,0,nan,0,nan,0
1597988364339651072,1597988364924999936,2020-08-21 13:39:24.925000,6392.0,6420.0,6328.0,6400.0,nan,6376.0,418666,26701564380.0,600760,6394.0,114,6392.0,111,nan,0,nan,0,nan,0,nan,0,nan,0,nan,0,nan,0,nan,0
1597988364843367936,1597988365427000064,2020-08-21 13:39:25.427000,6392.0,6420.0,6328.0,6400.0,nan,6376.0,418686,26702842780.0,600755,6394.0,122,6392.0,92,nan,0,nan,0,nan,0,nan,0,nan,0,nan,0,nan,0,nan,0
1597988365339834112,1597988365927000064,2020-08-21 13:39:25.927000,6392.0,6420.0,6328.0,6400.0,nan,6376.0,418686,26702842780.0,600755,6394.0,120,6392.0,90,nan,0,nan,0,nan,0,nan,0,nan,0,nan,0,nan,0,nan,0
1597988365832997120,1597988366421999872,2020-08-21 13:39:26.422000,6392.0,6420.0,6328.0,6400.0,nan,6376.0,418686,26702842780.0,600755,6394.0,121,6392.0,90,nan,0,nan,0,nan,0,nan,0,nan,0,nan,0,nan,0,nan,0
1597988366351446016,1597988366920000000,2020-08-21 13:39:26.920000,6392.0,6420.0,6328.0,6400.0,nan,6376.0,418687,26702906700.0,600754,6394.0,121,6392.0,89,nan,0,nan,0,nan,0,nan,0,nan,0,nan,0,nan,0,nan,0
1597988366851909888,1597988367416000000,2020-08-21 13:39:27.416000,6392.0,6420.0,6328.0,6400.0,nan,6376.0,418687,26702906700.0,600754,6394.0,125,6392.0,89,nan,0,nan,0,nan,0,nan,0,nan,0,nan,0,nan,0,nan,0
1597988367347411968,1597988367901999872,2020-08-21 13:39:27.902000,6392.0,6420.0,6328.0,6400.0,nan,6376.0,418719,26704952140.0,600743,6394.0,128,6392.0,56,nan,0,nan,0,nan,0,nan,0,nan,0,nan,0,nan,0,nan,0
1597988367837142016,1597988368420999936,2020-08-21 13:39:28.421000,6392.0,6420.0,6328.0,6400.0,nan,6376.0,418728,26705527420.0,600734,6394.0,128,6392.0,47,nan,0,nan,0,nan,0,nan,0,nan,0,nan,0,nan,0,nan,0
1597988368872445952,1597988369394000128,2020-08-21 13:39:29.394000,6392.0,6420.0,6328.0,6400.0,nan,6376.0,418728,26705527420.0,600734,6394.0,128,6392.0,48,nan,0,nan,0,nan,0,nan,0,nan,0,nan,0,nan,0,nan,0
1597988369343305984,1597988369829999872,2020-08-21 13:39:29.830000,6392.0,6420.0,6328.0,6400.0,nan,6376.0,418728,26705527420.0,600734,6394.0,129,6392.0,69,nan,0,nan,0,nan,0,nan,0,nan,0,nan,0,nan,0,nan,0
1597988369834589952,1597988370428999936,2020-08-21 13:39:30.429000,6392.0,6420.0,6328.0,6400.0,nan,6376.0,418730,26705655260.0,600732,6394.0,129,6392.0,67,nan,0,nan,0,nan,0,nan,0,nan,0,nan,0,nan,0,nan,0
1597988370351591936,1597988370926000128,2020-08-21 13:39:30.926000,6392.0,6420.0,6328.0,6400.0,nan,6376.0,418731,26705719180.0,600732,6394.0,129,6392.0,68,nan,0,nan,0,nan,0,nan,0,nan,0,nan,0,nan,0,nan,0
1597988372343117056,1597988372927000064,2020-08-21 13:39:32.927000,6392.0,6420.0,6328.0,6400.0,nan,6376.0,418732,26705783100.0,600732,6394.0,129,6392.0,67,nan,0,nan,0,nan,0,nan,0,nan,0,nan,0,nan,0,nan,0
1597988372855120896,1597988373426000128,2020-08-21 13:39:33.426000,6392.0,6420.0,6328.0,6400.0,nan,6376.0,418732,26705783100.0,600732,6394.0,129,6392.0,68,nan,0,nan,0,nan,0,nan,0,nan,0,nan,0,nan,0,nan,0
1597988373333705984,1597988373934000128,2020-08-21 13:39:33.934000,6392.0,6420.0,6328.0,6400.0,nan,6376.0,418733,26705847020.0,600732,6394.0,129,6392.0,68,nan,0,nan,0,nan,0,nan,0,nan,0,nan,0,nan,0,nan,0
1597988374343854080,1597988374936999936,2020-08-21 13:39:34.937000,6392.0,6420.0,6328.0,6400.0,nan,6376.0,418733,26705847020.0,600732,6394.0,129,6392.0,71,nan,0,nan,0,nan,0,nan,0,nan,0,nan,0,nan,0,nan,0
1597988374847680000,1597988375430000128,2020-08-21 13:39:35.430000,6392.0,6420.0,6328.0,6400.0,nan,6376.0,418734,26705910940.0,600732,6394.0,129,6392.0,71,nan,0,nan,0,nan,0,nan,0,nan,0,nan,0,nan,0,nan,0
1597988375343316992,1597988375897000192,2020-08-21 13:39:35.897000,6392.0,6420.0,6328.0,6400.0,nan,6376.0,418736,26706038780.0,600732,6394.0,129,6392.0,69,nan,0,nan,0,nan,0,nan,0,nan,0,nan,0,nan,0,nan,0
1597988376337797888,1597988376935000064,2020-08-21 13:39:36.935000,6392.0,6420.0,6328.0,6400.0,nan,6376.0,418736,26706038780.0,600732,6394.0,128,6392.0,69,nan,0,nan,0,nan,0,nan,0,nan,0,nan,0,nan,0,nan,0
1597988377843228928,1597988378437999872,2020-08-21 13:39:38.438000,6392.0,6420.0,6328.0,6400.0,nan,6376.0,418737,26706102700.0,600731,6394.0,130,6392.0,68,nan,0,nan,0,nan,0,nan,0,nan,0,nan,0,nan,0,nan,0
1597988378842851072,1597988379394000128,2020-08-21 13:39:39.394000,6392.0,6420.0,6328.0,6400.0,nan,6376.0,418738,26706166620.0,600730,6394.0,131,6392.0,68,nan,0,nan,0,nan,0,nan,0,nan,0,nan,0,nan,0,nan,0
1597988379333746944,1597988379928000000,2020-08-21 13:39:39.928000,6392.0,6420.0,6328.0,6400.0,nan,6376.0,418738,26706166620.0,600730,6394.0,133,6392.0,68,nan,0,nan,0,nan,0,nan,0,nan,0,nan,0,nan,0,nan,0
1597988380836999936,1597988381404000000,2020-08-21 13:39:41.404000,6392.0,6420.0,6328.0,6400.0,nan,6376.0,418739,26706230540.0,600730,6394.0,133,6392.0,67,nan,0,nan,0,nan,0,nan,0,nan,0,nan,0,nan,0,nan,0
1597988381356335104,1597988381904999936,2020-08-21 13:39:41.905000,6392.0,6420.0,6328.0,6400.0,nan,6376.0,418739,26706230540.0,600730,6394.0,137,6392.0,67,nan,0,nan,0,nan,0,nan,0,nan,0,nan,0,nan,0,nan,0
1597988381837280000,1597988382435000064,2020-08-21 13:39:42.435000,6392.0,6420.0,6328.0,6400.0,nan,6376.0,418739,26706230540.0,600730,6394.0,137,6392.0,68,nan,0,nan,0,nan,0,nan,0,nan,0,nan,0,nan,0,nan,0
1597988382341093888,1597988382921999872,2020-08-21 13:39:42.922000,6392.0,6420.0,6328.0,6400.0,nan,6376.0,418739,26706230540.0,600730,6394.0,136,6392.0,68,nan,0,nan,0,nan,0,nan,0,nan,0,nan,0,nan,0,nan,0
1597988382845861120,1597988383423000064,2020-08-21 13:39:43.423000,6392.0,6420.0,6328.0,6400.0,nan,6376.0,418739,26706230540.0,600730,6394.0,137,6392.0,109,nan,0,nan,0,nan,0,nan,0,nan,0,nan,0,nan,0,nan,0
1597988383336983040,1597988383916000000,2020-08-21 13:39:43.916000,6392.0,6420.0,6328.0,6400.0,nan,6376.0,418739,26706230540.0,600730,6394.0,137,6392.0,119,nan,0,nan,0,nan,0,nan,0,nan,0,nan,0,nan,0,nan,0
1597988383835049984,1597988384434000128,2020-08-21 13:39:44.434000,6392.0,6420.0,6328.0,6400.0,nan,6376.0,418739,26706230540.0,600730,6394.0,135,6392.0,119,nan,0,nan,0,nan,0,nan,0,nan,0,nan,0,nan,0,nan,0
1597988384336060928,1597988384924000000,2020-08-21 13:39:44.924000,6392.0,6420.0,6328.0,6400.0,nan,6376.0,418739,26706230540.0,600730,6394.0,137,6392.0,119,nan,0,nan,0,nan,0,nan,0,nan,0,nan,0,nan,0,nan,0
1597988384832976896,1597988385400999936,2020-08-21 13:39:45.401000,6392.0,6420.0,6328.0,6400.0,nan,6376.0,418739,26706230540.0,600730,6394.0,139,6392.0,127,nan,0,nan,0,nan,0,nan,0,nan,0,nan,0,nan,0,nan,0
1597988387331847936,1597988387872000000,2020-08-21 13:39:47.872000,6394.0,6420.0,6328.0,6400.0,nan,6376.0,418749,26706869940.0,600730,6394.0,118,6392.0,138,nan,0,nan,0,nan,0,nan,0,nan,0,nan,0,nan,0,nan,0
1597988387841413888,1597988388436999936,2020-08-21 13:39:48.437000,6392.0,6420.0,6328.0,6400.0,nan,6376.0,418757,26707381300.0,600723,6394.0,151,6392.0,132,nan,0,nan,0,nan,0,nan,0,nan,0,nan,0,nan,0,nan,0
1597988388342720000,1597988388936000000,2020-08-21 13:39:48.936000,6392.0,6420.0,6328.0,6400.0,nan,6376.0,418757,26707381300.0,600723,6394.0,156,6392.0,128,nan,0,nan,0,nan,0,nan,0,nan,0,nan,0,nan,0,nan,0
1597988388833556992,1597988389374000128,2020-08-21 13:39:49.374000,6392.0,6420.0,6328.0,6400.0,nan,6376.0,418758,26707445220.0,600722,6394.0,156,6392.0,126,nan,0,nan,0,nan,0,nan,0,nan,0,nan,0,nan,0,nan,0
1597988389348852992,1597988389934000128,2020-08-21 13:39:49.934000,6394.0,6420.0,6328.0,6400.0,nan,6376.0,418768,26708084620.0,600724,6394.0,146,6392.0,126,nan,0,nan,0,nan,0,nan,0,nan,0,nan,0,nan,0,nan,0
1597988390346014976,1597988390937999872,2020-08-21 13:39:50.938000,6394.0,6420.0,6328.0,6400.0,nan,6376.0,418768,26708084620.0,600724,6394.0,138,6392.0,130,nan,0,nan,0,nan,0,nan,0,nan,0,nan,0,nan,0,nan,0
1597988390845155072,1597988391348000000,2020-08-21 13:39:51.348000,6394.0,6420.0,6328.0,6400.0,nan,6376.0,418768,26708084620.0,600724,6394.0,138,6392.0,132,nan,0,nan,0,nan,0,nan,0,nan,0,nan,0,nan,0,nan,0
1597988391841776896,1597988392435000064,2020-08-21 13:39:52.435000,6394.0,6420.0,6328.0,6400.0,nan,6376.0,418768,26708084620.0,600724,6394.0,138,6392.0,133,nan,0,nan,0,nan,0,nan,0,nan,0,nan,0,nan,0,nan,0
1597988392342382080,1597988392937999872,2020-08-21 13:39:52.938000,6392.0,6420.0,6328.0,6400.0,nan,6376.0,418770,26708212460.0,600722,6394.0,142,6392.0,131,nan,0,nan,0,nan,0,nan,0,nan,0,nan,0,nan,0,nan,0
1597988392888659968,1597988393432000000,2020-08-21 13:39:53.432000,6392.0,6420.0,6328.0,6400.0,nan,6376.0,418770,26708212460.0,600722,6394.0,147,6392.0,127,nan,0,nan,0,nan,0,nan,0,nan,0,nan,0,nan,0,nan,0
1597988393334654976,1597988393904999936,2020-08-21 13:39:53.905000,6392.0,6420.0,6328.0,6400.0,nan,6376.0,418770,26708212460.0,600722,6394.0,148,6392.0,106,nan,0,nan,0,nan,0,nan,0,nan,0,nan,0,nan,0,nan,0
1597988393842426880,1597988394424999936,2020-08-21 13:39:54.425000,6392.0,6420.0,6328.0,6400.0,nan,6376.0,418770,26708212460.0,600722,6394.0,150,6392.0,106,nan,0,nan,0,nan,0,nan,0,nan,0,nan,0,nan,0,nan,0
1597988394334213888,1597988394903000064,2020-08-21 13:39:54.903000,6394.0,6420.0,6328.0,6400.0,nan,6376.0,418778,26708723980.0,600730,6394.0,137,6392.0,108,nan,0,nan,0,nan,0,nan,0,nan,0,nan,0,nan,0,nan,0
1597988394847621120,1597988395416000000,2020-08-21 13:39:55.416000,6394.0,6420.0,6328.0,6400.0,nan,6376.0,418778,26708723980.0,600730,6394.0,137,6392.0,110,nan,0,nan,0,nan,0,nan,0,nan,0,nan,0,nan,0,nan,0
1597988395336214016,1597988395937999872,2020-08-21 13:39:55.938000,6394.0,6420.0,6328.0,6400.0,nan,6376.0,418778,26708723980.0,600730,6394.0,139,6392.0,110,nan,0,nan,0,nan,0,nan,0,nan,0,nan,0,nan,0,nan,0
1597988395837637120,1597988396436000000,2020-08-21 13:39:56.436000,6394.0,6420.0,6328.0,6400.0,nan,6376.0,418778,26708723980.0,600730,6394.0,139,6392.0,112,nan,0,nan,0,nan,0,nan,0,nan,0,nan,0,nan,0,nan,0
1597988396842148096,1597988397437999872,2020-08-21 13:39:57.438000,6394.0,6420.0,6328.0,6400.0,nan,6376.0,418780,26708851860.0,600731,6394.0,137,6392.0,112,nan,0,nan,0,nan,0,nan,0,nan,0,nan,0,nan,0,nan,0
1597988397868015104,1597988398421999872,2020-08-21 13:39:58.422000,6394.0,6420.0,6328.0,6400.0,nan,6376.0,418780,26708851860.0,600731,6394.0,133,6392.0,112,nan,0,nan,0,nan,0,nan,0,nan,0,nan,0,nan,0,nan,0
1597988398833138944,1597988399408999936,2020-08-21 13:39:59.409000,6394.0,6420.0,6328.0,6400.0,nan,6376.0,418790,26709491260.0,600737,6394.0,124,6392.0,112,nan,0,nan,0,nan,0,nan,0,nan,0,nan,0,nan,0,nan,0
1597988399342244096,1597988399924999936,2020-08-21 13:39:59.925000,6394.0,6420.0,6328.0,6400.0,nan,6376.0,418790,26709491260.0,600737,6394.0,125,6392.0,114,nan,0,nan,0,nan,0,nan,0,nan,0,nan,0,nan,0,nan,0
1597988400352197120,1597988400937999872,2020-08-21 13:40:00.938000,6394.0,6420.0,6328.0,6400.0,nan,6376.0,418790,26709491260.0,600737,6394.0,125,6392.0,112,nan,0,nan,0,nan,0,nan,0,nan,0,nan,0,nan,0,nan,0
1597988400843931904,1597988401428999936,2020-08-21 13:40:01.429000,6392.0,6420.0,6328.0,6400.0,nan,6376.0,418791,26709555180.0,600736,6394.0,129,6392.0,115,nan,0,nan,0,nan,0,nan,0,nan,0,nan,0,nan,0,nan,0
1597988401346575872,1597988401930000128,2020-08-21 13:40:01.930000,6392.0,6420.0,6328.0,6400.0,nan,6376.0,418792,26709619100.0,600735,6394.0,131,6392.0,114,nan,0,nan,0,nan,0,nan,0,nan,0,nan,0,nan,0,nan,0
1597988401843325952,1597988402413000192,2020-08-21 13:40:02.413000,6392.0,6420.0,6328.0,6400.0,nan,6376.0,418792,26709619100.0,600735,6394.0,131,6392.0,115,nan,0,nan,0,nan,0,nan,0,nan,0,nan,0,nan,0,nan,0
1597988402334156032,1597988402918999808,2020-08-21 13:40:02.919000,6392.0,6420.0,6328.0,6400.0,nan,6376.0,418792,26709619100.0,600735,6394.0,131,6392.0,111,nan,0,nan,0,nan,0,nan,0,nan,0,nan,0,nan,0,nan,0
1597988402841858048,1597988403432000000,2020-08-21 13:40:03.432000,6394.0,6420.0,6328.0,6400.0,nan,6376.0,418802,26710258500.0,600742,6394.0,122,6392.0,116,nan,0,nan,0,nan,0,nan,0,nan,0,nan,0,nan,0,nan,0
1597988403342508032,1597988403924000000,2020-08-21 13:40:03.924000,6392.0,6420.0,6328.0,6400.0,nan,6376.0,418805,26710450260.0,600739,6394.0,117,6392.0,115,nan,0,nan,0,nan,0,nan,0,nan,0,nan,0,nan,0,nan,0
1597988403849282048,1597988404411000064,2020-08-21 13:40:04.411000,6392.0,6420.0,6328.0,6400.0,nan,6376.0,418809,26710705940.0,600737,6394.0,128,6392.0,110,nan,0,nan,0,nan,0,nan,0,nan,0,nan,0,nan,0,nan,0
1597988404344340992,1597988404903000064,2020-08-21 13:40:04.903000,6394.0,6420.0,6328.0,6400.0,nan,6376.0,418823,26711601040.0,600736,6394.0,125,6392.0,102,nan,0,nan,0,nan,0,nan,0,nan,0,nan,0,nan,0,nan,0
1597988404840524032,1597988405420000000,2020-08-21 13:40:05.420000,6394.0,6420.0,6328.0,6400.0,nan,6376.0,418824,26711664980.0,600736,6394.0,125,6392.0,103,nan,0,nan,0,nan,0,nan,0,nan,0,nan,0,nan,0,nan,0
1597988405343056896,1597988405897000192,2020-08-21 13:40:05.897000,6394.0,6420.0,6328.0,6400.0,nan,6376.0,418824,26711664980.0,600736,6394.0,124,6392.0,124,nan,0,nan,0,nan,0,nan,0,nan,0,nan,0,nan,0,nan,0
1597988405846159104,1597988406427000064,2020-08-21 13:40:06.427000,6394.0,6420.0,6328.0,6400.0,nan,6376.0,418824,26711664980.0,600736,6394.0,114,6392.0,124,nan,0,nan,0,nan,0,nan,0,nan,0,nan,0,nan,0,nan,0
1597988406350001920,1597988406927000064,2020-08-21 13:40:06.927000,6394.0,6420.0,6328.0,6400.0,nan,6376.0,418824,26711664980.0,600736,6394.0,115,6392.0,124,nan,0,nan,0,nan,0,nan,0,nan,0,nan,0,nan,0,nan,0
1597988406859748096,1597988407437999872,2020-08-21 13:40:07.438000,6394.0,6420.0,6328.0,6400.0,nan,6376.0,418824,26711664980.0,600736,6394.0,115,6392.0,130,nan,0,nan,0,nan,0,nan,0,nan,0,nan,0,nan,0,nan,0
1597988407843237120,1597988408431000064,2020-08-21 13:40:08.431000,6392.0,6420.0,6328.0,6400.0,nan,6376.0,418825,26711728900.0,600737,6394.0,115,6392.0,129,nan,0,nan,0,nan,0,nan,0,nan,0,nan,0,nan,0,nan,0
1597988408352256000,1597988408918999808,2020-08-21 13:40:08.919000,6392.0,6420.0,6328.0,6400.0,nan,6376.0,418825,26711728900.0,600737,6394.0,116,6392.0,129,nan,0,nan,0,nan,0,nan,0,nan,0,nan,0,nan,0,nan,0
1597988408875355904,1597988409415000064,2020-08-21 13:40:09.415000,6392.0,6420.0,6328.0,6400.0,nan,6376.0,418825,26711728900.0,600737,6394.0,120,6392.0,130,nan,0,nan,0,nan,0,nan,0,nan,0,nan,0,nan,0,nan,0
1597988409341562112,1597988409904999936,2020-08-21 13:40:09.905000,6394.0,6420.0,6328.0,6400.0,nan,6376.0,418826,26711792840.0,600738,6394.0,115,6392.0,146,nan,0,nan,0,nan,0,nan,0,nan,0,nan,0,nan,0,nan,0
1597988410837467904,1597988411436000000,2020-08-21 13:40:11.436000,6394.0,6420.0,6328.0,6400.0,nan,6376.0,418826,26711792840.0,600738,6394.0,111,6392.0,146,nan,0,nan,0,nan,0,nan,0,nan,0,nan,0,nan,0,nan,0
1597988411332169984,1597988411924999936,2020-08-21 13:40:11.925000,6394.0,6420.0,6328.0,6400.0,nan,6376.0,418829,26711984640.0,600739,6394.0,110,6392.0,146,nan,0,nan,0,nan,0,nan,0,nan,0,nan,0,nan,0,nan,0
1597988411843633920,1597988412411000064,2020-08-21 13:40:12.411000,6394.0,6420.0,6328.0,6400.0,nan,6376.0,418831,26712112500.0,600738,6394.0,111,6392.0,145,nan,0,nan,0,nan,0,nan,0,nan,0,nan,0,nan,0,nan,0
1597988412336462080,1597988412930000128,2020-08-21 13:40:12.930000,6394.0,6420.0,6328.0,6400.0,nan,6376.0,418831,26712112500.0,600738,6394.0,112,6392.0,145,nan,0,nan,0,nan,0,nan,0,nan,0,nan,0,nan,0,nan,0
1597988412869577984,1597988413426000128,2020-08-21 13:40:13.426000,6394.0,6420.0,6328.0,6400.0,nan,6376.0,418831,26712112500.0,600738,6394.0,112,6392.0,159,nan,0,nan,0,nan,0,nan,0,nan,0,nan,0,nan,0,nan,0
1597988413343924992,1597988413916000000,2020-08-21 13:40:13.916000,6394.0,6420.0,6328.0,6400.0,nan,6376.0,418833,26712240380.0,600736,6394.0,111,6392.0,166,nan,0,nan,0,nan,0,nan,0,nan,0,nan,0,nan,0,nan,0
1597988413843555072,1597988414356000000,2020-08-21 13:40:14.356000,6392.0,6420.0,6328.0,6400.0,nan,6376.0,418834,26712304300.0,600737,6394.0,110,6392.0,165,nan,0,nan,0,nan,0,nan,0,nan,0,nan,0,nan,0,nan,0
1597988414344273920,1597988414920999936,2020-08-21 13:40:14.921000,6394.0,6420.0,6328.0,6400.0,nan,6376.0,418868,26714478260.0,600718,6394.0,78,6392.0,168,nan,0,nan,0,nan,0,nan,0,nan,0,nan,0,nan,0,nan,0
1597988414846009088,1597988415437999872,2020-08-21 13:40:15.438000,6392.0,6420.0,6328.0,6400.0,nan,6376.0,418870,26714606100.0,600718,6394.0,78,6392.0,174,nan,0,nan,0,nan,0,nan,0,nan,0,nan,0,nan,0,nan,0
1597988415343378944,1597988415935000064,2020-08-21 13:40:15.935000,6394.0,6420.0,6328.0,6400.0,nan,6376.0,418873,26714797920.0,600718,6394.0,76,6392.0,176,nan,0,nan,0,nan,0,nan,0,nan,0,nan,0,nan,0,nan,0
1597988415845530112,1597988416325999872,2020-08-21 13:40:16.326000,6392.0,6420.0,6328.0,6400.0,nan,6376.0,418874,26714861840.0,600717,6394.0,76,6392.0,175,nan,0,nan,0,nan,0,nan,0,nan,0,nan,0,nan,0,nan,0
1597988416833715968,1597988417420999936,2020-08-21 13:40:17.421000,6392.0,6420.0,6328.0,6400.0,nan,6376.0,418874,26714861840.0,600717,6394.0,76,6392.0,176,nan,0,nan,0,nan,0,nan,0,nan,0,nan,0,nan,0,nan,0
1597988417862970880,1597988418427000064,2020-08-21 13:40:18.427000,6394.0,6420.0,6328.0,6400.0,nan,6376.0,418875,26714925780.0,600717,6394.0,75,6392.0,176,nan,0,nan,0,nan,0,nan,0,nan,0,nan,0,nan,0,nan,0
1597988418831091968,1597988419430000128,2020-08-21 13:40:19.430000,6394.0,6420.0,6328.0,6400.0,nan,6376.0,418877,26715053660.0,600715,6394.0,73,6392.0,177,nan,0,nan,0,nan,0,nan,0,nan,0,nan,0,nan,0,nan,0
1597988419357690112,1597988419924999936,2020-08-21 13:40:19.925000,6394.0,6420.0,6328.0,6400.0,nan,6376.0,418910,26717163680.0,600696,6396.0,265,6394.0,18,nan,0,nan,0,nan,0,nan,0,nan,0,nan,0,nan,0,nan,0
1597988419846823936,1597988420433000192,2020-08-21 13:40:20.433000,6394.0,6420.0,6328.0,6400.0,nan,6376.0,418911,26717227620.0,600695,6396.0,198,6394.0,77,nan,0,nan,0,nan,0,nan,0,nan,0,nan,0,nan,0,nan,0
1597988420341483008,1597988420932000000,2020-08-21 13:40:20.932000,6394.0,6420.0,6328.0,6400.0,nan,6376.0,418911,26717227620.0,600695,6396.0,189,6394.0,77,nan,0,nan,0,nan,0,nan,0,nan,0,nan,0,nan,0,nan,0
1597988420844679936,1597988421390000128,2020-08-21 13:40:21.390000,6394.0,6420.0,6328.0,6400.0,nan,6376.0,418911,26717227620.0,600695,6396.0,189,6394.0,73,nan,0,nan,0,nan,0,nan,0,nan,0,nan,0,nan,0,nan,0
1597988421332781056,1597988421928000000,2020-08-21 13:40:21.928000,6394.0,6420.0,6328.0,6400.0,nan,6376.0,418911,26717227620.0,600695,6396.0,191,6394.0,78,nan,0,nan,0,nan,0,nan,0,nan,0,nan,0,nan,0,nan,0
1597988422342885120,1597988422921999872,2020-08-21 13:40:22.922000,6394.0,6420.0,6328.0,6400.0,nan,6376.0,418914,26717419440.0,600695,6396.0,193,6394.0,76,nan,0,nan,0,nan,0,nan,0,nan,0,nan,0,nan,0,nan,0
1597988423339309056,1597988423857000192,2020-08-21 13:40:23.857000,6394.0,6420.0,6328.0,6400.0,nan,6376.0,418915,26717483380.0,600694,6396.0,193,6394.0,75,nan,0,nan,0,nan,0,nan,0,nan,0,nan,0,nan,0,nan,0
1597988423851932928,1597988424434000128,2020-08-21 13:40:24.434000,6394.0,6420.0,6328.0,6400.0,nan,6376.0,418916,26717547320.0,600694,6396.0,193,6394.0,75,nan,0,nan,0,nan,0,nan,0,nan,0,nan,0,nan,0,nan,0
1597988424346509056,1597988424924000000,2020-08-21 13:40:24.924000,6394.0,6420.0,6328.0,6400.0,nan,6376.0,418918,26717675200.0,600692,6396.0,195,6394.0,74,nan,0,nan,0,nan,0,nan,0,nan,0,nan,0,nan,0,nan,0
1597988424856198912,1597988425424999936,2020-08-21 13:40:25.425000,6394.0,6420.0,6328.0,6400.0,nan,6376.0,418918,26717675200.0,600692,6396.0,192,6394.0,81,nan,0,nan,0,nan,0,nan,0,nan,0,nan,0,nan,0,nan,0
1597988425335480064,1597988425930000128,2020-08-21 13:40:25.930000,6394.0,6420.0,6328.0,6400.0,nan,6376.0,418918,26717675200.0,600692,6396.0,195,6394.0,93,nan,0,nan,0,nan,0,nan,0,nan,0,nan,0,nan,0,nan,0
1597988425833016064,1597988426431000064,2020-08-21 13:40:26.431000,6394.0,6420.0,6328.0,6400.0,nan,6376.0,418938,26718954060.0,600704,6396.0,197,6394.0,82,nan,0,nan,0,nan,0,nan,0,nan,0,nan,0,nan,0,nan,0
1597988426352451072,1597988426934000128,2020-08-21 13:40:26.934000,6394.0,6420.0,6328.0,6400.0,nan,6376.0,418938,26718954060.0,600704,6396.0,196,6394.0,77,nan,0,nan,0,nan,0,nan,0,nan,0,nan,0,nan,0,nan,0
1597988426890336000,1597988427434000128,2020-08-21 13:40:27.434000,6394.0,6420.0,6328.0,6400.0,nan,6376.0,418939,26719018000.0,600704,6396.0,198,6394.0,71,nan,0,nan,0,nan,0,nan,0,nan,0,nan,0,nan,0,nan,0
1597988427837103104,1597988428412000000,2020-08-21 13:40:28.412000,6394.0,6420.0,6328.0,6400.0,nan,6376.0,418939,26719018000.0,600704,6396.0,198,6394.0,74,nan,0,nan,0,nan,0,nan,0,nan,0,nan,0,nan,0,nan,0
1597988428343694080,1597988428924999936,2020-08-21 13:40:28.925000,6394.0,6420.0,6328.0,6400.0,nan,6376.0,418939,26719018000.0,600704,6396.0,196,6394.0,94,nan,0,nan,0,nan,0,nan,0,nan,0,nan,0,nan,0,nan,0
1597988428843112960,1597988429424999936,2020-08-21 13:40:29.425000,6396.0,6420.0,6328.0,6400.0,nan,6376.0,418940,26719081960.0,600704,6396.0,191,6394.0,116,nan,0,nan,0,nan,0,nan,0,nan,0,nan,0,nan,0,nan,0
1597988430390297088,1597988430927000064,2020-08-21 13:40:30.927000,6396.0,6420.0,6328.0,6400.0,nan,6376.0,418950,26719721560.0,600708,6396.0,176,6394.0,117,nan,0,nan,0,nan,0,nan,0,nan,0,nan,0,nan,0,nan,0
1597988430834010880,1597988431431000064,2020-08-21 13:40:31.431000,6394.0,6420.0,6328.0,6400.0,nan,6376.0,418951,26719785500.0,600708,6396.0,167,6394.0,117,nan,0,nan,0,nan,0,nan,0,nan,0,nan,0,nan,0,nan,0
1597988431381556992,1597988431912000000,2020-08-21 13:40:31.912000,6394.0,6420.0,6328.0,6400.0,nan,6376.0,418951,26719785500.0,600708,6396.0,171,6394.0,118,nan,0,nan,0,nan,0,nan,0,nan,0,nan,0,nan,0,nan,0
1597988431833905920,1597988432428000000,2020-08-21 13:40:32.428000,6394.0,6420.0,6328.0,6400.0,nan,6376.0,418951,26719785500.0,600708,6396.0,172,6394.0,118,nan,0,nan,0,nan,0,nan,0,nan,0,nan,0,nan,0,nan,0
1597988432351612928,1597988432936999936,2020-08-21 13:40:32.937000,6394.0,6420.0,6328.0,6400.0,nan,6376.0,418952,26719849440.0,600708,6396.0,228,6394.0,113,nan,0,nan,0,nan,0,nan,0,nan,0,nan,0,nan,0,nan,0
1597988432836901888,1597988433437999872,2020-08-21 13:40:33.438000,6394.0,6420.0,6328.0,6400.0,nan,6376.0,419039,26725412220.0,600710,6394.0,28,6392.0,169,nan,0,nan,0,nan,0,nan,0,nan,0,nan,0,nan,0,nan,0
1597988433341068032,1597988433934000128,2020-08-21 13:40:33.934000,6392.0,6420.0,6328.0,6400.0,nan,6376.0,419040,26725476140.0,600709,6394.0,86,6392.0,157,nan,0,nan,0,nan,0,nan,0,nan,0,nan,0,nan,0,nan,0
1597988433869298944,1597988434405999872,2020-08-21 13:40:34.406000,6392.0,6420.0,6328.0,6400.0,nan,6376.0,419041,26725540060.0,600709,6394.0,94,6392.0,156,nan,0,nan,0,nan,0,nan,0,nan,0,nan,0,nan,0,nan,0
1597988434853306880,1597988435428999936,2020-08-21 13:40:35.429000,6392.0,6420.0,6328.0,6400.0,nan,6376.0,419041,26725540060.0,600709,6394.0,95,6392.0,158,nan,0,nan,0,nan,0,nan,0,nan,0,nan,0,nan,0,nan,0
1597988435354044928,1597988435910000128,2020-08-21 13:40:35.910000,6392.0,6420.0,6328.0,6400.0,nan,6376.0,419041,26725540060.0,600709,6394.0,97,6392.0,158,nan,0,nan,0,nan,0,nan,0,nan,0,nan,0,nan,0,nan,0
1597988435840375040,1597988436435000064,2020-08-21 13:40:36.435000,6392.0,6420.0,6328.0,6400.0,nan,6376.0,419041,26725540060.0,600709,6394.0,99,6392.0,157,nan,0,nan,0,nan,0,nan,0,nan,0,nan,0,nan,0,nan,0
1597988436343326976,1597988436894000128,2020-08-21 13:40:36.894000,6392.0,6420.0,6328.0,6400.0,nan,6376.0,419041,26725540060.0,600709,6394.0,99,6392.0,151,nan,0,nan,0,nan,0,nan,0,nan,0,nan,0,nan,0,nan,0
1597988436848790016,1597988437357000192,2020-08-21 13:40:37.357000,6392.0,6420.0,6328.0,6400.0,nan,6376.0,419041,26725540060.0,600709,6394.0,99,6392.0,152,nan,0,nan,0,nan,0,nan,0,nan,0,nan,0,nan,0,nan,0
1597988437348730880,1597988437937999872,2020-08-21 13:40:37.938000,6392.0,6420.0,6328.0,6400.0,nan,6376.0,419041,26725540060.0,600709,6394.0,163,6392.0,128,nan,0,nan,0,nan,0,nan,0,nan,0,nan,0,nan,0,nan,0
1597988437838827008,1597988438430000128,2020-08-21 13:40:38.430000,6392.0,6420.0,6328.0,6400.0,nan,6376.0,419041,26725540060.0,600709,6394.0,180,6392.0,106,nan,0,nan,0,nan,0,nan,0,nan,0,nan,0,nan,0,nan,0
1597988438341757952,1597988438938999808,2020-08-21 13:40:38.939000,6392.0,6420.0,6328.0,6400.0,nan,6376.0,419043,26725667920.0,600709,6394.0,180,6392.0,105,nan,0,nan,0,nan,0,nan,0,nan,0,nan,0,nan,0,nan,0
1597988439339607040,1597988439926000128,2020-08-21 13:40:39.926000,6392.0,6420.0,6328.0,6400.0,nan,6376.0,419052,26726243200.0,600705,6394.0,181,6392.0,94,nan,0,nan,0,nan,0,nan,0,nan,0,nan,0,nan,0,nan,0
1597988439834565888,1597988440408000000,2020-08-21 13:40:40.408000,6392.0,6420.0,6328.0,6400.0,nan,6376.0,419054,26726371040.0,600703,6394.0,181,6392.0,92,nan,0,nan,0,nan,0,nan,0,nan,0,nan,0,nan,0,nan,0
1597988440347474944,1597988440938999808,2020-08-21 13:40:40.939000,6394.0,6420.0,6328.0,6400.0,nan,6376.0,419055,26726434980.0,600704,6394.0,126,6392.0,97,nan,0,nan,0,nan,0,nan,0,nan,0,nan,0,nan,0,nan,0
1597988440857596928,1597988441420999936,2020-08-21 13:40:41.421000,6394.0,6420.0,6328.0,6400.0,nan,6376.0,419055,26726434980.0,600704,6394.0,85,6392.0,143,nan,0,nan,0,nan,0,nan,0,nan,0,nan,0,nan,0,nan,0
1597988441833042944,1597988442428000000,2020-08-21 13:40:42.428000,6394.0,6420.0,6328.0,6400.0,nan,6376.0,419055,26726434980.0,600704,6394.0,87,6392.0,143,nan,0,nan,0,nan,0,nan,0,nan,0,nan,0,nan,0,nan,0
1597988442842332928,1597988443434000128,2020-08-21 13:40:43.434000,6394.0,6420.0,6328.0,6400.0,nan,6376.0,419055,26726434980.0,600704,6394.0,87,6392.0,154,nan,0,nan,0,nan,0,nan,0,nan,0,nan,0,nan,0,nan,0
1597988443354220032,1597988443938999808,2020-08-21 13:40:43.939000,6394.0,6420.0,6328.0,6400.0,nan,6376.0,419142,26731997760.0,600666,6396.0,215,6394.0,89,nan,0,nan,0,nan,0,nan,0,nan,0,nan,0,nan,0,nan,0
1597988443843354880,1597988444435000064,2020-08-21 13:40:44.435000,6394.0,6420.0,6328.0,6400.0,nan,6376.0,419145,26732189580.0,600668,6396.0,219,6394.0,98,nan,0,nan,0,nan,0,nan,0,nan,0,nan,0,nan,0,nan,0
1597988444362636032,1597988444905999872,2020-08-21 13:40:44.906000,6394.0,6420.0,6328.0,6400.0,nan,6376.0,419146,26732253520.0,600668,6396.0,194,6394.0,95,nan,0,nan,0,nan,0,nan,0,nan,0,nan,0,nan,0,nan,0
1597988444857349888,1597988445427000064,2020-08-21 13:40:45.427000,6394.0,6420.0,6328.0,6400.0,nan,6376.0,419214,26736601440.0,600705,6396.0,226,6394.0,26,nan,0,nan,0,nan,0,nan,0,nan,0,nan,0,nan,0,nan,0
1597988445339311104,1597988445926000128,2020-08-21 13:40:45.926000,6392.0,6420.0,6328.0,6400.0,nan,6376.0,419241,26738327800.0,600701,6394.0,42,6392.0,157,nan,0,nan,0,nan,0,nan,0,nan,0,nan,0,nan,0,nan,0
1597988445844513024,1597988446435000064,2020-08-21 13:40:46.435000,6392.0,6420.0,6328.0,6400.0,nan,6376.0,419242,26738391720.0,600700,6394.0,69,6392.0,152,nan,0,nan,0,nan,0,nan,0,nan,0,nan,0,nan,0,nan,0
1597988446853947904,1597988447360999936,2020-08-21 13:40:47.361000,6392.0,6420.0,6328.0,6400.0,nan,6376.0,419242,26738391720.0,600700,6394.0,73,6392.0,155,nan,0,nan,0,nan,0,nan,0,nan,0,nan,0,nan,0,nan,0
1597988447385238016,1597988447936999936,2020-08-21 13:40:47.937000,6392.0,6420.0,6328.0,6400.0,nan,6376.0,419242,26738391720.0,600700,6394.0,71,6392.0,155,nan,0,nan,0,nan,0,nan,0,nan,0,nan,0,nan,0,nan,0
1597988447841990912,1597988448424999936,2020-08-21 13:40:48.425000,6392.0,6420.0,6328.0,6400.0,nan,6376.0,419243,26738455640.0,600699,6394.0,72,6392.0,154,nan,0,nan,0,nan,0,nan,0,nan,0,nan,0,nan,0,nan,0
1597988448342155008,1597988448924999936,2020-08-21 13:40:48.925000,6392.0,6420.0,6328.0,6400.0,nan,6376.0,419243,26738455640.0,600699,6394.0,73,6392.0,153,nan,0,nan,0,nan,0,nan,0,nan,0,nan,0,nan,0,nan,0
1597988448862678016,1597988449431000064,2020-08-21 13:40:49.431000,6392.0,6420.0,6328.0,6400.0,nan,6376.0,419243,26738455640.0,600699,6394.0,83,6392.0,156,nan,0,nan,0,nan,0,nan,0,nan,0,nan,0,nan,0,nan,0
1597988449352392960,1597988449894000128,2020-08-21 13:40:49.894000,6392.0,6420.0,6328.0,6400.0,nan,6376.0,419245,26738583500.0,600698,6394.0,97,6392.0,147,nan,0,nan,0,nan,0,nan,0,nan,0,nan,0,nan,0,nan,0
1597988450360749056,1597988450928000000,2020-08-21 13:40:50.928000,6392.0,6420.0,6328.0,6400.0,nan,6376.0,419246,26738647420.0,600697,6394.0,99,6392.0,146,nan,0,nan,0,nan,0,nan,0,nan,0,nan,0,nan,0,nan,0
1597988450850539008,1597988451423000064,2020-08-21 13:40:51.423000,6392.0,6420.0,6328.0,6400.0,nan,6376.0,419246,26738647420.0,600697,6394.0,96,6392.0,146,nan,0,nan,0,nan,0,nan,0,nan,0,nan,0,nan,0,nan,0
1597988451343944960,1597988451933000192,2020-08-21 13:40:51.933000,6392.0,6420.0,6328.0,6400.0,nan,6376.0,419363,26746126060.0,600729,6392.0,76,6390.0,178,nan,0,nan,0,nan,0,nan,0,nan,0,nan,0,nan,0,nan,0
1597988451845272064,1597988452424999936,2020-08-21 13:40:52.425000,6392.0,6420.0,6328.0,6400.0,nan,6376.0,419373,26746765240.0,600729,6392.0,90,6390.0,180,nan,0,nan,0,nan,0,nan,0,nan,0,nan,0,nan,0,nan,0
1597988452343655936,1597988452930000128,2020-08-21 13:40:52.930000,6392.0,6420.0,6328.0,6400.0,nan,6376.0,419373,26746765240.0,600729,6392.0,87,6390.0,180,nan,0,nan,0,nan,0,nan,0,nan,0,nan,0,nan,0,nan,0
1597988452836872960,1597988453424999936,2020-08-21 13:40:53.425000,6392.0,6420.0,6328.0,6400.0,nan,6376.0,419373,26746765240.0,600729,6392.0,88,6390.0,193,nan,0,nan,0,nan,0,nan,0,nan,0,nan,0,nan,0,nan,0
1597988453345579008,1597988453932000000,2020-08-21 13:40:53.932000,6392.0,6420.0,6328.0,6400.0,nan,6376.0,419373,26746765240.0,600729,6392.0,83,6390.0,197,nan,0,nan,0,nan,0,nan,0,nan,0,nan,0,nan,0,nan,0
1597988453849456896,1597988454428000000,2020-08-21 13:40:54.428000,6390.0,6420.0,6328.0,6400.0,nan,6376.0,419374,26746829140.0,600730,6392.0,84,6390.0,196,nan,0,nan,0,nan,0,nan,0,nan,0,nan,0,nan,0,nan,0
1597988454347396096,1597988454931000064,2020-08-21 13:40:54.931000,6392.0,6420.0,6328.0,6400.0,nan,6376.0,419379,26747148660.0,600730,6392.0,83,6390.0,192,nan,0,nan,0,nan,0,nan,0,nan,0,nan,0,nan,0,nan,0
1597988454842489088,1597988455435000064,2020-08-21 13:40:55.435000,6390.0,6420.0,6328.0,6400.0,nan,6376.0,419380,26747212560.0,600730,6392.0,83,6390.0,191,nan,0,nan,0,nan,0,nan,0,nan,0,nan,0,nan,0,nan,0
1597988455833000960,1597988456432000000,2020-08-21 13:40:56.432000,6390.0,6420.0,6328.0,6400.0,nan,6376.0,419380,26747212560.0,600730,6392.0,84,6390.0,191,nan,0,nan,0,nan,0,nan,0,nan,0,nan,0,nan,0,nan,0
1597988456336030976,1597988456905999872,2020-08-21 13:40:56.906000,6390.0,6420.0,6328.0,6400.0,nan,6376.0,419380,26747212560.0,600730,6392.0,84,6390.0,192,nan,0,nan,0,nan,0,nan,0,nan,0,nan,0,nan,0,nan,0
1597988456843787008,1597988457434000128,2020-08-21 13:40:57.434000,6392.0,6420.0,6328.0,6400.0,nan,6376.0,419381,26747276480.0,600731,6392.0,83,6390.0,193,nan,0,nan,0,nan,0,nan,0,nan,0,nan,0,nan,0,nan,0
1597988457349608960,1597988457931000064,2020-08-21 13:40:57.931000,6392.0,6420.0,6328.0,6400.0,nan,6376.0,419382,26747340400.0,600731,6392.0,92,6390.0,193,nan,0,nan,0,nan,0,nan,0,nan,0,nan,0,nan,0,nan,0
1597988457865641984,1597988458434000128,2020-08-21 13:40:58.434000,6390.0,6420.0,6328.0,6400.0,nan,6376.0,419388,26747723800.0,600735,6392.0,93,6390.0,186,nan,0,nan,0,nan,0,nan,0,nan,0,nan,0,nan,0,nan,0
1597988458345216000,1597988458926000128,2020-08-21 13:40:58.926000,6390.0,6420.0,6328.0,6400.0,nan,6376.0,419393,26748043300.0,600738,6392.0,97,6390.0,180,nan,0,nan,0,nan,0,nan,0,nan,0,nan,0,nan,0,nan,0
1597988458845291008,1597988459404000000,2020-08-21 13:40:59.404000,6390.0,6420.0,6328.0,6400.0,nan,6376.0,419400,26748490600.0,600740,6392.0,97,6390.0,170,nan,0,nan,0,nan,0,nan,0,nan,0,nan,0,nan,0,nan,0
1597988459344427008,1597988459904000000,2020-08-21 13:40:59.904000,6390.0,6420.0,6328.0,6400.0,nan,6376.0,419400,26748490600.0,600740,6392.0,97,6390.0,171,nan,0,nan,0,nan,0,nan,0,nan,0,nan,0,nan,0,nan,0
1597988459848619008,1597988460424999936,2020-08-21 13:41:00.425000,6392.0,6420.0,6328.0,6400.0,nan,6376.0,419410,26749129800.0,600748,6392.0,82,6390.0,172,nan,0,nan,0,nan,0,nan,0,nan,0,nan,0,nan,0,nan,0
1597988460342671872,1597988460937999872,2020-08-21 13:41:00.938000,6390.0,6420.0,6328.0,6400.0,nan,6376.0,419412,26749257600.0,600750,6392.0,94,6390.0,172,nan,0,nan,0,nan,0,nan,0,nan,0,nan,0,nan,0,nan,0
1597988460842738944,1597988461427000064,2020-08-21 13:41:01.427000,6390.0,6420.0,6328.0,6400.0,nan,6376.0,419413,26749321500.0,600750,6392.0,163,6390.0,145,nan,0,nan,0,nan,0,nan,0,nan,0,nan,0,nan,0,nan,0
1597988461388754944,1597988461891000064,2020-08-21 13:41:01.891000,6390.0,6420.0,6328.0,6400.0,nan,6376.0,419432,26750535600.0,600769,6392.0,185,6390.0,126,nan,0,nan,0,nan,0,nan,0,nan,0,nan,0,nan,0,nan,0
1597988461838644992,1597988462420999936,2020-08-21 13:41:02.421000,6392.0,6420.0,6328.0,6400.0,nan,6376.0,419433,26750599520.0,600769,6392.0,194,6390.0,126,nan,0,nan,0,nan,0,nan,0,nan,0,nan,0,nan,0,nan,0
1597988463853747968,1597988464432000000,2020-08-21 13:41:04.432000,6390.0,6420.0,6328.0,6400.0,nan,6376.0,419434,26750663420.0,600770,6392.0,196,6390.0,125,nan,0,nan,0,nan,0,nan,0,nan,0,nan,0,nan,0,nan,0
1597988464345132032,1597988464926000128,2020-08-21 13:41:04.926000,6390.0,6420.0,6328.0,6400.0,nan,6376.0,419434,26750663420.0,600770,6392.0,197,6390.0,128,nan,0,nan,0,nan,0,nan,0,nan,0,nan,0,nan,0,nan,0
1597988464839531008,1597988465426000128,2020-08-21 13:41:05.426000,6390.0,6420.0,6328.0,6400.0,nan,6376.0,419564,26758970420.0,600835,6390.0,134,6388.0,206,nan,0,nan,0,nan,0,nan,0,nan,0,nan,0,nan,0,nan,0
1597988465357861888,1597988465921999872,2020-08-21 13:41:05.922000,6390.0,6420.0,6328.0,6400.0,nan,6376.0,419668,26765615900.0,600833,6392.0,270,6388.0,209,nan,0,nan,0,nan,0,nan,0,nan,0,nan,0,nan,0,nan,0
1597988465840605952,1597988466433000192,2020-08-21 13:41:06.433000,6390.0,6420.0,6328.0,6400.0,nan,6376.0,419671,26765807600.0,600831,6392.0,157,6390.0,109,nan,0,nan,0,nan,0,nan,0,nan,0,nan,0,nan,0,nan,0
1597988466366745088,1597988466938999808,2020-08-21 13:41:06.939000,6390.0,6420.0,6328.0,6400.0,nan,6376.0,419671,26765807600.0,600831,6392.0,129,6390.0,139,nan,0,nan,0,nan,0,nan,0,nan,0,nan,0,nan,0,nan,0
1597988466846269952,1597988467434000128,2020-08-21 13:41:07.434000,6390.0,6420.0,6328.0,6400.0,nan,6376.0,419683,26766574400.0,600821,6392.0,114,6390.0,124,nan,0,nan,0,nan,0,nan,0,nan,0,nan,0,nan,0,nan,0
1597988467335675904,1597988467888999936,2020-08-21 13:41:07.889000,6392.0,6420.0,6328.0,6400.0,nan,6376.0,419686,26766766120.0,600821,6392.0,118,6390.0,122,nan,0,nan,0,nan,0,nan,0,nan,0,nan,0,nan,0,nan,0
1597988467837462016,1597988468428000000,2020-08-21 13:41:08.428000,6392.0,6420.0,6328.0,6400.0,nan,6376.0,419686,26766766120.0,600821,6392.0,200,6390.0,125,nan,0,nan,0,nan,0,nan,0,nan,0,nan,0,nan,0,nan,0
1597988468343624960,1597988468913000192,2020-08-21 13:41:08.913000,6392.0,6420.0,6328.0,6400.0,nan,6376.0,419686,26766766120.0,600821,6392.0,241,6390.0,91,nan,0,nan,0,nan,0,nan,0,nan,0,nan,0,nan,0,nan,0
1597988468857692928,1597988469435000064,2020-08-21 13:41:09.435000,6388.0,6420.0,6328.0,6400.0,nan,6376.0,419779,26772708800.0,600823,6390.0,173,6388.0,212,nan,0,nan,0,nan,0,nan,0,nan,0,nan,0,nan,0,nan,0
1597988469356933888,1597988469934000128,2020-08-21 13:41:09.934000,6388.0,6420.0,6328.0,6400.0,nan,6376.0,419798,26773922520.0,600816,6390.0,228,6388.0,169,nan,0,nan,0,nan,0,nan,0,nan,0,nan,0,nan,0,nan,0
1597988469840668928,1597988470438999808,2020-08-21 13:41:10.439000,6388.0,6420.0,6328.0,6400.0,nan,6376.0,419798,26773922520.0,600816,6390.0,231,6388.0,169,nan,0,nan,0,nan,0,nan,0,nan,0,nan,0,nan,0,nan,0
1597988470375971072,1597988470926000128,2020-08-21 13:41:10.926000,6388.0,6420.0,6328.0,6400.0,nan,6376.0,419798,26773922520.0,600816,6390.0,231,6388.0,170,nan,0,nan,0,nan,0,nan,0,nan,0,nan,0,nan,0,nan,0
1597988470863065088,1597988471436000000,2020-08-21 13:41:11.436000,6388.0,6420.0,6328.0,6400.0,nan,6376.0,419798,26773922520.0,600816,6390.0,239,6388.0,175,nan,0,nan,0,nan,0,nan,0,nan,0,nan,0,nan,0,nan,0
1597988471342425088,1597988471927000064,2020-08-21 13:41:11.927000,6388.0,6420.0,6328.0,6400.0,nan,6376.0,419798,26773922520.0,600816,6390.0,240,6388.0,175,nan,0,nan,0,nan,0,nan,0,nan,0,nan,0,nan,0,nan,0
1597988471844834048,1597988472436999936,2020-08-21 13:41:12.437000,6388.0,6420.0,6328.0,6400.0,nan,6376.0,419798,26773922520.0,600816,6390.0,242,6388.0,175,nan,0,nan,0,nan,0,nan,0,nan,0,nan,0,nan,0,nan,0
1597988472340578048,1597988472932000000,2020-08-21 13:41:12.932000,6388.0,6420.0,6328.0,6400.0,nan,6376.0,419799,26773986400.0,600816,6390.0,243,6388.0,174,nan,0,nan,0,nan,0,nan,0,nan,0,nan,0,nan,0,nan,0
1597988472836989952,1597988473436000000,2020-08-21 13:41:13.436000,6388.0,6420.0,6328.0,6400.0,nan,6376.0,419800,26774050280.0,600816,6390.0,244,6388.0,173,nan,0,nan,0,nan,0,nan,0,nan,0,nan,0,nan,0,nan,0
1597988473344372992,1597988473928999936,2020-08-21 13:41:13.929000,6388.0,6420.0,6328.0,6400.0,nan,6376.0,419972,26785037640.0,600912,6388.0,110,6386.0,186,nan,0,nan,0,nan,0,nan,0,nan,0,nan,0,nan,0,nan,0
1597988473839675904,1597988474404000000,2020-08-21 13:41:14.404000,6388.0,6420.0,6328.0,6400.0,nan,6376.0,420102,26793342040.0,600842,6390.0,214,6388.0,9,nan,0,nan,0,nan,0,nan,0,nan,0,nan,0,nan,0,nan,0
1597988474375284992,1597988474933000192,2020-08-21 13:41:14.933000,6388.0,6420.0,6328.0,6400.0,nan,6376.0,420105,26793533680.0,600839,6390.0,216,6388.0,8,nan,0,nan,0,nan,0,nan,0,nan,0,nan,0,nan,0,nan,0
1597988474864286976,1597988475437999872,2020-08-21 13:41:15.438000,6388.0,6420.0,6328.0,6400.0,nan,6376.0,420114,26794108600.0,600831,6388.0,68,6386.0,199,nan,0,nan,0,nan,0,nan,0,nan,0,nan,0,nan,0,nan,0
1597988475364954112,1597988475930000128,2020-08-21 13:41:15.930000,6388.0,6420.0,6328.0,6400.0,nan,6376.0,420202,26799730040.0,600803,6390.0,214,6388.0,11,nan,0,nan,0,nan,0,nan,0,nan,0,nan,0,nan,0,nan,0
1597988475851420928,1597988476435000064,2020-08-21 13:41:16.435000,6388.0,6420.0,6328.0,6400.0,nan,6376.0,420212,26800368840.0,600803,6390.0,198,6388.0,25,nan,0,nan,0,nan,0,nan,0,nan,0,nan,0,nan,0,nan,0
1597988476343048960,1597988476928000000,2020-08-21 13:41:16.928000,6390.0,6420.0,6328.0,6400.0,nan,6376.0,420221,26800943900.0,600803,6390.0,196,6388.0,77,nan,0,nan,0,nan,0,nan,0,nan,0,nan,0,nan,0,nan,0
1597988476846077952,1597988477436000000,2020-08-21 13:41:17.436000,6388.0,6420.0,6328.0,6400.0,nan,6376.0,420222,26801007780.0,600803,6390.0,111,6388.0,96,nan,0,nan,0,nan,0,nan,0,nan,0,nan,0,nan,0,nan,0
1597988477342483968,1597988477934000128,2020-08-21 13:41:17.934000,6388.0,6420.0,6328.0,6400.0,nan,6376.0,420222,26801007780.0,600803,6390.0,87,6388.0,108,nan,0,nan,0,nan,0,nan,0,nan,0,nan,0,nan,0,nan,0
1597988477844292096,1597988478432000000,2020-08-21 13:41:18.432000,6388.0,6420.0,6328.0,6400.0,nan,6376.0,420226,26801263300.0,600802,6390.0,89,6388.0,106,nan,0,nan,0,nan,0,nan,0,nan,0,nan,0,nan,0,nan,0
1597988478355364096,1597988478927000064,2020-08-21 13:41:18.927000,6388.0,6420.0,6328.0,6400.0,nan,6376.0,420231,26801582700.0,600797,6390.0,90,6388.0,97,nan,0,nan,0,nan,0,nan,0,nan,0,nan,0,nan,0,nan,0
1597988478853118976,1597988479433000192,2020-08-21 13:41:19.433000,6388.0,6420.0,6328.0,6400.0,nan,6376.0,420232,26801646580.0,600797,6390.0,101,6388.0,97,nan,0,nan,0,nan,0,nan,0,nan,0,nan,0,nan,0,nan,0
1597988479352572928,1597988479936000000,2020-08-21 13:41:19.936000,6388.0,6420.0,6328.0,6400.0,nan,6376.0,420235,26801838220.0,600795,6390.0,103,6388.0,98,nan,0,nan,0,nan,0,nan,0,nan,0,nan,0,nan,0,nan,0
1597988479845115904,1597988480416999936,2020-08-21 13:41:20.417000,6390.0,6420.0,6328.0,6400.0,nan,6376.0,420237,26801966020.0,600795,6390.0,98,6388.0,98,nan,0,nan,0,nan,0,nan,0,nan,0,nan,0,nan,0,nan,0
1597988480341168128,1597988480903000064,2020-08-21 13:41:20.903000,6388.0,6420.0,6328.0,6400.0,nan,6376.0,420241,26802221560.0,600796,6390.0,98,6388.0,97,nan,0,nan,0,nan,0,nan,0,nan,0,nan,0,nan,0,nan,0
1597988480838994944,1597988481438999808,2020-08-21 13:41:21.439000,6388.0,6420.0,6328.0,6400.0,nan,6376.0,420242,26802285440.0,600796,6390.0,106,6388.0,85,nan,0,nan,0,nan,0,nan,0,nan,0,nan,0,nan,0,nan,0
1597988481344038912,1597988481937999872,2020-08-21 13:41:21.938000,6388.0,6420.0,6328.0,6400.0,nan,6376.0,420242,26802285440.0,600796,6390.0,167,6388.0,68,nan,0,nan,0,nan,0,nan,0,nan,0,nan,0,nan,0,nan,0
1597988481855965952,1597988482430000128,2020-08-21 13:41:22.430000,6388.0,6420.0,6328.0,6400.0,nan,6376.0,420246,26802540980.0,600796,6390.0,166,6388.0,59,nan,0,nan,0,nan,0,nan,0,nan,0,nan,0,nan,0,nan,0
1597988482333764096,1597988482936000000,2020-08-21 13:41:22.936000,6388.0,6420.0,6328.0,6400.0,nan,6376.0,420253,26802988140.0,600794,6390.0,166,6388.0,39,nan,0,nan,0,nan,0,nan,0,nan,0,nan,0,nan,0,nan,0
1597988482842894080,1597988483434000128,2020-08-21 13:41:23.434000,6388.0,6420.0,6328.0,6400.0,nan,6376.0,420253,26802988140.0,600794,6390.0,166,6388.0,44,nan,0,nan,0,nan,0,nan,0,nan,0,nan,0,nan,0,nan,0
1597988483347899904,1597988483932000000,2020-08-21 13:41:23.932000,6388.0,6420.0,6328.0,6400.0,nan,6376.0,420254,26803052020.0,600793,6390.0,109,6388.0,64,nan,0,nan,0,nan,0,nan,0,nan,0,nan,0,nan,0,nan,0
1597988483839949056,1597988484434000128,2020-08-21 13:41:24.434000,6388.0,6420.0,6328.0,6400.0,nan,6376.0,420255,26803115900.0,600793,6390.0,93,6388.0,141,nan,0,nan,0,nan,0,nan,0,nan,0,nan,0,nan,0,nan,0
1597988484342967040,1597988484915000064,2020-08-21 13:41:24.915000,6388.0,6420.0,6328.0,6400.0,nan,6376.0,420257,26803243660.0,600792,6390.0,94,6388.0,139,nan,0,nan,0,nan,0,nan,0,nan,0,nan,0,nan,0,nan,0
1597988485333485056,1597988485936000000,2020-08-21 13:41:25.936000,6388.0,6420.0,6328.0,6400.0,nan,6376.0,420257,26803243660.0,600792,6390.0,94,6388.0,141,nan,0,nan,0,nan,0,nan,0,nan,0,nan,0,nan,0,nan,0
1597988485841417984,1597988486437999872,2020-08-21 13:41:26.438000,6390.0,6420.0,6328.0,6400.0,nan,6376.0,420258,26803307560.0,600792,6390.0,95,6388.0,141,nan,0,nan,0,nan,0,nan,0,nan,0,nan,0,nan,0,nan,0
1597988486841242112,1597988487435000064,2020-08-21 13:41:27.435000,6390.0,6420.0,6328.0,6400.0,nan,6376.0,420258,26803307560.0,600792,6390.0,104,6388.0,149,nan,0,nan,0,nan,0,nan,0,nan,0,nan,0,nan,0,nan,0
1597988487334843904,1597988487936999936,2020-08-21 13:41:27.937000,6388.0,6420.0,6328.0,6400.0,nan,6376.0,420262,26803563080.0,600792,6390.0,104,6388.0,147,nan,0,nan,0,nan,0,nan,0,nan,0,nan,0,nan,0,nan,0
1597988487841443072,1597988488431000064,2020-08-21 13:41:28.431000,6388.0,6420.0,6328.0,6400.0,nan,6376.0,420262,26803563080.0,600792,6390.0,109,6388.0,148,nan,0,nan,0,nan,0,nan,0,nan,0,nan,0,nan,0,nan,0
1597988488339401984,1597988488936999936,2020-08-21 13:41:28.937000,6390.0,6420.0,6328.0,6400.0,nan,6376.0,420267,26803882580.0,600793,6390.0,101,6388.0,148,nan,0,nan,0,nan,0,nan,0,nan,0,nan,0,nan,0,nan,0
1597988488952449024,1597988489436000000,2020-08-21 13:41:29.436000,6388.0,6420.0,6328.0,6400.0,nan,6376.0,420280,26804713020.0,600787,6390.0,105,6388.0,137,nan,0,nan,0,nan,0,nan,0,nan,0,nan,0,nan,0,nan,0
1597988489344107008,1597988489936999936,2020-08-21 13:41:29.937000,6388.0,6420.0,6328.0,6400.0,nan,6376.0,420280,26804713020.0,600787,6390.0,101,6388.0,152,nan,0,nan,0,nan,0,nan,0,nan,0,nan,0,nan,0,nan,0
1597988489838426112,1597988490401999872,2020-08-21 13:41:30.402000,6388.0,6420.0,6328.0,6400.0,nan,6376.0,420296,26805735400.0,600802,6390.0,86,6388.0,151,nan,0,nan,0,nan,0,nan,0,nan,0,nan,0,nan,0,nan,0
1597988490347097088,1597988490935000064,2020-08-21 13:41:30.935000,6388.0,6420.0,6328.0,6400.0,nan,6376.0,420296,26805735400.0,600802,6390.0,86,6388.0,152,nan,0,nan,0,nan,0,nan,0,nan,0,nan,0,nan,0,nan,0
1597988490836579072,1597988491427000064,2020-08-21 13:41:31.427000,6388.0,6420.0,6328.0,6400.0,nan,6376.0,420296,26805735400.0,600802,6390.0,86,6388.0,153,nan,0,nan,0,nan,0,nan,0,nan,0,nan,0,nan,0,nan,0
1597988491334658048,1597988491914000128,2020-08-21 13:41:31.914000,6388.0,6420.0,6328.0,6400.0,nan,6376.0,420296,26805735400.0,600802,6390.0,86,6388.0,155,nan,0,nan,0,nan,0,nan,0,nan,0,nan,0,nan,0,nan,0
1597988491836178944,1597988492431000064,2020-08-21 13:41:32.431000,6388.0,6420.0,6328.0,6400.0,nan,6376.0,420296,26805735400.0,600802,6390.0,86,6388.0,156,nan,0,nan,0,nan,0,nan,0,nan,0,nan,0,nan,0,nan,0
1597988492346127104,1597988492917999872,2020-08-21 13:41:32.918000,6388.0,6420.0,6328.0,6400.0,nan,6376.0,420296,26805735400.0,600802,6390.0,140,6388.0,156,nan,0,nan,0,nan,0,nan,0,nan,0,nan,0,nan,0,nan,0
1597988492844733952,1597988493436999936,2020-08-21 13:41:33.437000,6388.0,6420.0,6328.0,6400.0,nan,6376.0,420296,26805735400.0,600802,6390.0,163,6388.0,139,nan,0,nan,0,nan,0,nan,0,nan,0,nan,0,nan,0,nan,0
1597988493342106880,1597988493933000192,2020-08-21 13:41:33.933000,6388.0,6420.0,6328.0,6400.0,nan,6376.0,420303,26806182560.0,600797,6390.0,164,6388.0,133,nan,0,nan,0,nan,0,nan,0,nan,0,nan,0,nan,0,nan,0
1597988493841945088,1597988494396000000,2020-08-21 13:41:34.396000,6388.0,6420.0,6328.0,6400.0,nan,6376.0,420306,26806374200.0,600799,6390.0,164,6388.0,131,nan,0,nan,0,nan,0,nan,0,nan,0,nan,0,nan,0,nan,0
1597988494339675904,1597988494912000000,2020-08-21 13:41:34.912000,6388.0,6420.0,6328.0,6400.0,nan,6376.0,420306,26806374200.0,600799,6390.0,166,6388.0,131,nan,0,nan,0,nan,0,nan,0,nan,0,nan,0,nan,0,nan,0
1597988494832710912,1597988495416000000,2020-08-21 13:41:35.416000,6388.0,6420.0,6328.0,6400.0,nan,6376.0,420306,26806374200.0,600799,6390.0,167,6388.0,131,nan,0,nan,0,nan,0,nan,0,nan,0,nan,0,nan,0,nan,0
1597988495334665984,1597988495935000064,2020-08-21 13:41:35.935000,6390.0,6420.0,6328.0,6400.0,nan,6376.0,420394,26811997400.0,600793,6392.0,197,6390.0,67,nan,0,nan,0,nan,0,nan,0,nan,0,nan,0,nan,0,nan,0
1597988495849460992,1597988496431000064,2020-08-21 13:41:36.431000,6390.0,6420.0,6328.0,6400.0,nan,6376.0,420397,26812189100.0,600792,6392.0,127,6390.0,98,nan,0,nan,0,nan,0,nan,0,nan,0,nan,0,nan,0,nan,0
1597988496339588096,1597988496937999872,2020-08-21 13:41:36.938000,6390.0,6420.0,6328.0,6400.0,nan,6376.0,420399,26812316900.0,600791,6392.0,119,6390.0,109,nan,0,nan,0,nan,0,nan,0,nan,0,nan,0,nan,0,nan,0
1597988496840532992,1597988497436000000,2020-08-21 13:41:37.436000,6390.0,6420.0,6328.0,6400.0,nan,6376.0,420400,26812380800.0,600791,6392.0,113,6390.0,108,nan,0,nan,0,nan,0,nan,0,nan,0,nan,0,nan,0,nan,0
1597988497340803072,1597988497903000064,2020-08-21 13:41:37.903000,6390.0,6420.0,6328.0,6400.0,nan,6376.0,420400,26812380800.0,600791,6392.0,114,6390.0,108,nan,0,nan,0,nan,0,nan,0,nan,0,nan,0,nan,0,nan,0
1597988497870245888,1597988498437999872,2020-08-21 13:41:38.438000,6390.0,6420.0,6328.0,6400.0,nan,6376.0,420401,26812444700.0,600791,6392.0,137,6390.0,103,nan,0,nan,0,nan,0,nan,0,nan,0,nan,0,nan,0,nan,0
1597988498340096000,1597988498930000128,2020-08-21 13:41:38.930000,6390.0,6420.0,6328.0,6400.0,nan,6376.0,420403,26812572500.0,600789,6392.0,137,6390.0,101,nan,0,nan,0,nan,0,nan,0,nan,0,nan,0,nan,0,nan,0
1597988498832364032,1597988499424000000,2020-08-21 13:41:39.424000,6390.0,6420.0,6328.0,6400.0,nan,6376.0,420408,26812892000.0,600786,6392.0,153,6390.0,93,nan,0,nan,0,nan,0,nan,0,nan,0,nan,0,nan,0,nan,0
1597988499336870912,1597988499934000128,2020-08-21 13:41:39.934000,6392.0,6420.0,6328.0,6400.0,nan,6376.0,420411,26813083760.0,600786,6392.0,140,6390.0,107,nan,0,nan,0,nan,0,nan,0,nan,0,nan,0,nan,0,nan,0
1597988499833861120,1597988500435000064,2020-08-21 13:41:40.435000,6392.0,6420.0,6328.0,6400.0,nan,6376.0,420411,26813083760.0,600786,6392.0,139,6390.0,107,nan,0,nan,0,nan,0,nan,0,nan,0,nan,0,nan,0,nan,0
1597988500335314944,1597988500921999872,2020-08-21 13:41:40.922000,6390.0,6420.0,6328.0,6400.0,nan,6376.0,420413,26813211560.0,600788,6392.0,147,6390.0,106,nan,0,nan,0,nan,0,nan,0,nan,0,nan,0,nan,0,nan,0
1597988500834161920,1597988501435000064,2020-08-21 13:41:41.435000,6390.0,6420.0,6328.0,6400.0,nan,6376.0,420428,26814170060.0,600798,6392.0,139,6390.0,90,nan,0,nan,0,nan,0,nan,0,nan,0,nan,0,nan,0,nan,0
1597988501337396992,1597988501934000128,2020-08-21 13:41:41.934000,6390.0,6420.0,6328.0,6400.0,nan,6376.0,420438,26814809060.0,600808,6392.0,180,6390.0,74,nan,0,nan,0,nan,0,nan,0,nan,0,nan,0,nan,0,nan,0
1597988501839834880,1597988502404999936,2020-08-21 13:41:42.405000,6390.0,6420.0,6328.0,6400.0,nan,6376.0,420439,26814872960.0,600809,6392.0,180,6390.0,78,nan,0,nan,0,nan,0,nan,0,nan,0,nan,0,nan,0,nan,0
1597988502339698944,1597988502908999936,2020-08-21 13:41:42.909000,6390.0,6420.0,6328.0,6400.0,nan,6376.0,420439,26814872960.0,600809,6392.0,180,6390.0,79,nan,0,nan,0,nan,0,nan,0,nan,0,nan,0,nan,0,nan,0
1597988502833997056,1597988503397000192,2020-08-21 13:41:43.397000,6390.0,6420.0,6328.0,6400.0,nan,6376.0,420439,26814872960.0,600809,6392.0,176,6390.0,79,nan,0,nan,0,nan,0,nan,0,nan,0,nan,0,nan,0,nan,0
1597988503405257984,1597988503921999872,2020-08-21 13:41:43.922000,6392.0,6420.0,6328.0,6400.0,nan,6376.0,420440,26814936880.0,600808,6392.0,181,6390.0,82,nan,0,nan,0,nan,0,nan,0,nan,0,nan,0,nan,0,nan,0
1597988503857687040,1597988504430000128,2020-08-21 13:41:44.430000,6390.0,6420.0,6328.0,6400.0,nan,6376.0,420443,26815128580.0,600806,6392.0,111,6390.0,111,nan,0,nan,0,nan,0,nan,0,nan,0,nan,0,nan,0,nan,0
1597988504340683008,1597988504926000128,2020-08-21 13:41:44.926000,6390.0,6420.0,6328.0,6400.0,nan,6376.0,420448,26815448080.0,600801,6392.0,112,6390.0,111,nan,0,nan,0,nan,0,nan,0,nan,0,nan,0,nan,0,nan,0
1597988504836626944,1597988505408999936,2020-08-21 13:41:45.409000,6390.0,6420.0,6328.0,6400.0,nan,6376.0,420448,26815448080.0,600801,6392.0,117,6390.0,116,nan,0,nan,0,nan,0,nan,0,nan,0,nan,0,nan,0,nan,0
1597988505332723968,1597988505936999936,2020-08-21 13:41:45.937000,6390.0,6420.0,6328.0,6400.0,nan,6376.0,420449,26815511980.0,600800,6392.0,118,6390.0,117,nan,0,nan,0,nan,0,nan,0,nan,0,nan,0,nan,0,nan,0
1597988506339973888,1597988506926000128,2020-08-21 13:41:46.926000,6390.0,6420.0,6328.0,6400.0,nan,6376.0,420449,26815511980.0,600800,6392.0,175,6390.0,120,nan,0,nan,0,nan,0,nan,0,nan,0,nan,0,nan,0,nan,0
1597988506840120064,1597988507423000064,2020-08-21 13:41:47.423000,6390.0,6420.0,6328.0,6400.0,nan,6376.0,420449,26815511980.0,600800,6392.0,181,6390.0,96,nan,0,nan,0,nan,0,nan,0,nan,0,nan,0,nan,0,nan,0
1597988507333296128,1597988507912000000,2020-08-21 13:41:47.912000,6390.0,6420.0,6328.0,6400.0,nan,6376.0,420449,26815511980.0,600800,6392.0,182,6390.0,88,nan,0,nan,0,nan,0,nan,0,nan,0,nan,0,nan,0,nan,0
1597988507853406976,1597988508430000128,2020-08-21 13:41:48.430000,6390.0,6420.0,6328.0,6400.0,nan,6376.0,420452,26815703680.0,600798,6392.0,182,6390.0,85,nan,0,nan,0,nan,0,nan,0,nan,0,nan,0,nan,0,nan,0
1597988508337529088,1597988508938999808,2020-08-21 13:41:48.939000,6390.0,6420.0,6328.0,6400.0,nan,6376.0,420452,26815703680.0,600798,6392.0,183,6390.0,86,nan,0,nan,0,nan,0,nan,0,nan,0,nan,0,nan,0,nan,0
1597988508839292928,1597988509432000000,2020-08-21 13:41:49.432000,6390.0,6420.0,6328.0,6400.0,nan,6376.0,420452,26815703680.0,600798,6392.0,184,6390.0,86,nan,0,nan,0,nan,0,nan,0,nan,0,nan,0,nan,0,nan,0
1597988509337347072,1597988509934000128,2020-08-21 13:41:49.934000,6390.0,6420.0,6328.0,6400.0,nan,6376.0,420456,26815959280.0,600794,6392.0,186,6390.0,78,nan,0,nan,0,nan,0,nan,0,nan,0,nan,0,nan,0,nan,0
1597988509837517056,1597988510437999872,2020-08-21 13:41:50.438000,6392.0,6420.0,6328.0,6400.0,nan,6376.0,420461,26816278800.0,600791,6392.0,184,6390.0,70,nan,0,nan,0,nan,0,nan,0,nan,0,nan,0,nan,0,nan,0
1597988510332538880,1597988510936999936,2020-08-21 13:41:50.937000,6390.0,6420.0,6328.0,6400.0,nan,6376.0,420465,26816534400.0,600787,6392.0,184,6390.0,68,nan,0,nan,0,nan,0,nan,0,nan,0,nan,0,nan,0,nan,0
1597988510838995968,1597988511416999936,2020-08-21 13:41:51.417000,6390.0,6420.0,6328.0,6400.0,nan,6376.0,420465,26816534400.0,600787,6392.0,183,6390.0,68,nan,0,nan,0,nan,0,nan,0,nan,0,nan,0,nan,0,nan,0
1597988511339480064,1597988511924999936,2020-08-21 13:41:51.925000,6390.0,6420.0,6328.0,6400.0,nan,6376.0,420467,26816662220.0,600786,6392.0,182,6390.0,67,nan,0,nan,0,nan,0,nan,0,nan,0,nan,0,nan,0,nan,0
1597988511842618112,1597988512430000128,2020-08-21 13:41:52.430000,6392.0,6420.0,6328.0,6400.0,nan,6376.0,420469,26816790040.0,600787,6392.0,181,6390.0,67,nan,0,nan,0,nan,0,nan,0,nan,0,nan,0,nan,0,nan,0
1597988512345710080,1597988512914000128,2020-08-21 13:41:52.914000,6392.0,6420.0,6328.0,6400.0,nan,6376.0,420469,26816790040.0,600787,6392.0,184,6390.0,67,nan,0,nan,0,nan,0,nan,0,nan,0,nan,0,nan,0,nan,0
1597988513334242048,1597988513936000000,2020-08-21 13:41:53.936000,6390.0,6420.0,6328.0,6400.0,nan,6376.0,420471,26816917840.0,600787,6392.0,184,6390.0,64,nan,0,nan,0,nan,0,nan,0,nan,0,nan,0,nan,0,nan,0
1597988513837936896,1597988514434000128,2020-08-21 13:41:54.434000,6390.0,6420.0,6328.0,6400.0,nan,6376.0,420472,26816981740.0,600787,6392.0,184,6390.0,64,nan,0,nan,0,nan,0,nan,0,nan,0,nan,0,nan,0,nan,0
1597988514338626048,1597988514895000064,2020-08-21 13:41:54.895000,6390.0,6420.0,6328.0,6400.0,nan,6376.0,420472,26816981740.0,600787,6392.0,182,6390.0,64,nan,0,nan,0,nan,0,nan,0,nan,0,nan,0,nan,0,nan,0
1597988515343651072,1597988515927000064,2020-08-21 13:41:55.927000,6390.0,6420.0,6328.0,6400.0,nan,6376.0,420472,26816981740.0,600787,6392.0,183,6390.0,65,nan,0,nan,0,nan,0,nan,0,nan,0,nan,0,nan,0,nan,0
1597988515836389888,1597988516435000064,2020-08-21 13:41:56.435000,6390.0,6420.0,6328.0,6400.0,nan,6376.0,420476,26817237340.0,600787,6392.0,183,6390.0,61,nan,0,nan,0,nan,0,nan,0,nan,0,nan,0,nan,0,nan,0
1597988516346958080,1597988516936000000,2020-08-21 13:41:56.936000,6390.0,6420.0,6328.0,6400.0,nan,6376.0,420477,26817301240.0,600788,6392.0,184,6390.0,61,nan,0,nan,0,nan,0,nan,0,nan,0,nan,0,nan,0,nan,0
1597988517347932928,1597988517930000128,2020-08-21 13:41:57.930000,6390.0,6420.0,6328.0,6400.0,nan,6376.0,420481,26817556860.0,600790,6392.0,122,6390.0,64,nan,0,nan,0,nan,0,nan,0,nan,0,nan,0,nan,0,nan,0
1597988517845657088,1597988518431000064,2020-08-21 13:41:58.431000,6390.0,6420.0,6328.0,6400.0,nan,6376.0,420481,26817556860.0,600790,6392.0,122,6390.0,105,nan,0,nan,0,nan,0,nan,0,nan,0,nan,0,nan,0,nan,0
1597988518349090048,1597988518930000128,2020-08-21 13:41:58.930000,6390.0,6420.0,6328.0,6400.0,nan,6376.0,420482,26817620760.0,600789,6392.0,125,6390.0,109,nan,0,nan,0,nan,0,nan,0,nan,0,nan,0,nan,0,nan,0
1597988518852421120,1597988519436000000,2020-08-21 13:41:59.436000,6392.0,6420.0,6328.0,6400.0,nan,6376.0,420483,26817684680.0,600790,6392.0,145,6390.0,107,nan,0,nan,0,nan,0,nan,0,nan,0,nan,0,nan,0,nan,0
1597988519361718016,1597988519936999936,2020-08-21 13:41:59.937000,6392.0,6420.0,6328.0,6400.0,nan,6376.0,420486,26817876440.0,600790,6392.0,150,6390.0,107,nan,0,nan,0,nan,0,nan,0,nan,0,nan,0,nan,0,nan,0
