local_nano_time,quote_nano_time,datetime,last_price,highest,lowest,open,close,average,volume,amount,open_interest,ask_price1,ask_volume1,bid_price1,bid_volume1,ask_price2,ask_volume2,bid_price2,bid_volume2,ask_price3,ask_volume3,bid_price3,bid_volume3,ask_price4,ask_volume4,bid_price4,bid_volume4,ask_price5,ask_volume5,bid_price5,bid_volume5
1597988232114221056,1597988232423000064,2020-08-21 13:37:12.423000,286.4,289.3,284.3,289.0,nan,286.2,70439,20157423300.0,67626,286.4,18,286.3,32,286.5,71,286.2,43,286.6,62,286.1,39,286.7,47,286.0,45,286.8,99,285.9,16
1597988232609700096,1597988232932000000,2020-08-21 13:37:12.932000,286.4,289.3,284.3,289.0,nan,286.2,70454,20161719300.0,67622,286.5,72,286.4,3,286.6,60,286.3,33,286.7,48,286.2,40,286.8,99,286.1,37,286.9,32,286.0,43
1597988233120954880,1597988233405999872,2020-08-21 13:37:13.406000,286.4,289.3,284.3,289.0,nan,286.2,70459,20163151300.0,67621,286.5,66,286.4,7,286.6,57,286.3,30,286.7,56,286.2,49,286.8,101,286.1,28,286.9,35,286.0,42
1597988233617359872,1597988233912000000,2020-08-21 13:37:13.912000,286.4,289.3,284.3,289.0,nan,286.2,70467,20165442500.0,67615,286.5,66,286.4,1,286.6,59,286.3,35,286.7,56,286.2,47,286.8,101,286.1,28,286.9,36,286.0,42
1597988234133714944,1597988234427000064,2020-08-21 13:37:14.427000,286.4,289.3,284.3,289.0,nan,286.2,70468,20165728900.0,67616,286.4,1,286.3,35,286.5,66,286.2,50,286.6,59,286.1,28,286.7,59,286.0,42,286.8,101,285.9,16
1597988234620670976,1597988234937999872,2020-08-21 13:37:14.938000,286.4,289.3,284.3,289.0,nan,286.2,70468,20165728900.0,67616,286.4,2,286.3,39,286.5,69,286.2,45,286.6,61,286.1,34,286.7,53,286.0,43,286.8,100,285.9,16
1597988235135217920,1597988235413000192,2020-08-21 13:37:15.413000,286.4,289.3,284.3,289.0,nan,286.2,70470,20166301700.0,67614,286.5,72,286.3,40,286.6,65,286.2,47,286.7,53,286.1,38,286.8,100,286.0,43,286.9,36,285.9,16
1597988235627328000,1597988235905999872,2020-08-21 13:37:15.906000,286.4,289.3,284.3,289.0,nan,286.2,70470,20166301700.0,67614,286.5,72,286.3,46,286.6,61,286.2,46,286.7,57,286.1,32,286.8,100,286.0,43,286.9,36,285.9,16
1597988236118789888,1597988236432000000,2020-08-21 13:37:16.432000,286.4,289.3,284.3,289.0,nan,286.2,70470,20166301700.0,67614,286.5,73,286.3,48,286.6,61,286.2,46,286.7,57,286.1,32,286.8,101,286.0,43,286.9,36,285.9,16
1597988237626158080,1597988237934000128,2020-08-21 13:37:17.934000,286.4,289.3,284.3,289.0,nan,286.2,70470,20166301700.0,67614,286.5,73,286.3,48,286.6,61,286.2,47,286.7,57,286.1,32,286.8,101,286.0,43,286.9,36,285.9,16
1597988238151709952,1597988238430000128,2020-08-21 13:37:18.430000,286.4,289.3,284.3,289.0,nan,286.2,70470,20166301700.0,67614,286.5,72,286.4,1,286.6,61,286.3,49,286.7,57,286.2,47,286.8,101,286.1,32,286.9,36,286.0,43
1597988238625165056,1597988238932000000,2020-08-21 13:37:18.932000,286.4,289.3,284.3,289.0,nan,286.2,70471,20166588100.0,67614,286.5,68,286.4,1,286.6,58,286.3,46,286.7,59,286.2,52,286.8,102,286.1,28,286.9,36,286.0,42
1597988239130067968,1597988239420999936,2020-08-21 13:37:19.421000,286.4,289.3,284.3,289.0,nan,286.2,70474,20167447300.0,67612,286.5,70,286.3,46,286.6,59,286.2,54,286.7,61,286.1,28,286.8,101,286.0,42,286.9,36,285.9,16
1597988239624364032,1597988239932000000,2020-08-21 13:37:19.932000,286.4,289.3,284.3,289.0,nan,286.2,70474,20167447300.0,67612,286.5,72,286.3,47,286.6,59,286.2,50,286.7,59,286.1,30,286.8,100,286.0,43,286.9,36,285.9,16
1597988240158067968,1597988240416999936,2020-08-21 13:37:20.417000,286.4,289.3,284.3,289.0,nan,286.2,70474,20167447300.0,67612,286.5,73,286.3,47,286.6,61,286.2,49,286.7,57,286.1,32,286.8,100,286.0,43,286.9,36,285.9,16
1597988240632972032,1597988240916000000,2020-08-21 13:37:20.916000,286.4,289.3,284.3,289.0,nan,286.2,70474,20167447300.0,67612,286.5,73,286.3,47,286.6,61,286.2,50,286.7,58,286.1,32,286.8,100,286.0,43,286.9,36,285.9,16
1597988243122456064,1597988243432000000,2020-08-21 13:37:23.432000,286.5,289.3,284.3,289.0,nan,286.2,70476,20168020300.0,67614,286.5,71,286.3,47,286.6,61,286.2,50,286.7,58,286.1,32,286.8,100,286.0,43,286.9,36,285.9,16
1597988243608443904,1597988243917999872,2020-08-21 13:37:23.918000,286.3,289.3,284.3,289.0,nan,286.2,70477,20168306600.0,67613,286.5,71,286.3,46,286.6,61,286.2,50,286.7,58,286.1,32,286.8,100,286.0,43,286.9,36,285.9,16
1597988244119460096,1597988244433000192,2020-08-21 13:37:24.433000,286.3,289.3,284.3,289.0,nan,286.2,70477,20168306600.0,67613,286.5,71,286.3,46,286.6,61,286.2,47,286.7,58,286.1,32,286.8,100,286.0,43,286.9,36,285.9,16
1597988245626825984,1597988245882999808,2020-08-21 13:37:25.883000,286.3,289.3,284.3,289.0,nan,286.2,70477,20168306600.0,67613,286.5,71,286.3,46,286.6,61,286.2,47,286.7,58,286.1,35,286.8,100,286.0,43,286.9,36,285.9,16
1597988248156265984,1597988248420999936,2020-08-21 13:37:28.421000,286.3,289.3,284.3,289.0,nan,286.2,70477,20168306600.0,67613,286.5,71,286.3,53,286.6,61,286.2,47,286.7,58,286.1,35,286.8,100,286.0,43,286.9,36,285.9,16
1597988248634689024,1597988248938999808,2020-08-21 13:37:28.939000,286.3,289.3,284.3,289.0,nan,286.2,70477,20168306600.0,67613,286.5,71,286.3,53,286.6,61,286.2,46,286.7,57,286.1,35,286.8,100,286.0,43,286.9,36,285.9,16
1597988249147697920,1597988249420000000,2020-08-21 13:37:29.420000,286.3,289.3,284.3,289.0,nan,286.2,70477,20168306600.0,67613,286.5,71,286.3,54,286.6,61,286.2,46,286.7,57,286.1,35,286.8,101,286.0,43,286.9,36,285.9,16
1597988249615729920,1597988249930000128,2020-08-21 13:37:29.930000,286.3,289.3,284.3,289.0,nan,286.2,70477,20168306600.0,67613,286.5,71,286.3,55,286.6,61,286.2,45,286.7,55,286.1,35,286.8,101,286.0,43,286.9,36,285.9,16
1597988250629764096,1597988250933000192,2020-08-21 13:37:30.933000,286.3,289.3,284.3,289.0,nan,286.2,70477,20168306600.0,67613,286.5,71,286.3,55,286.6,61,286.2,45,286.7,55,286.1,35,286.8,101,286.0,41,286.9,36,285.9,16
1597988253133997056,1597988253424000000,2020-08-21 13:37:33.424000,286.3,289.3,284.3,289.0,nan,286.2,70477,20168306600.0,67613,286.5,72,286.3,56,286.6,61,286.2,45,286.7,55,286.1,36,286.8,101,286.0,41,286.9,36,285.9,16
1597988253613999104,1597988253898999808,2020-08-21 13:37:33.899000,286.3,289.3,284.3,289.0,nan,286.2,70477,20168306600.0,67613,286.5,72,286.3,56,286.6,61,286.2,45,286.7,55,286.1,36,286.8,101,286.0,39,286.9,36,285.9,16
1597988254622690048,1597988254935000064,2020-08-21 13:37:34.935000,286.3,289.3,284.3,289.0,nan,286.2,70477,20168306600.0,67613,286.5,72,286.3,56,286.6,61,286.2,45,286.7,55,286.1,36,286.8,101,286.0,38,286.9,36,285.9,16
1597988255111998976,1597988255433000192,2020-08-21 13:37:35.433000,286.3,289.3,284.3,289.0,nan,286.2,70477,20168306600.0,67613,286.4,1,286.3,56,286.5,72,286.2,45,286.6,61,286.1,36,286.7,55,286.0,38,286.8,101,285.9,16
1597988255617463040,1597988255931000064,2020-08-21 13:37:35.931000,286.3,289.3,284.3,289.0,nan,286.2,70477,20168306600.0,67613,286.4,1,286.3,53,286.5,74,286.2,42,286.6,64,286.1,41,286.7,51,286.0,38,286.8,100,285.9,16
1597988256147886080,1597988256426000128,2020-08-21 13:37:36.426000,286.3,289.3,284.3,289.0,nan,286.2,70477,20168306600.0,67613,286.4,2,286.3,53,286.5,74,286.2,42,286.6,65,286.1,42,286.7,51,286.0,38,286.8,100,285.9,16
1597988258115453952,1597988258416999936,2020-08-21 13:37:38.417000,286.3,289.3,284.3,289.0,nan,286.2,70479,20168879200.0,67613,286.4,3,286.3,53,286.5,75,286.2,41,286.6,67,286.1,44,286.7,51,286.0,38,286.8,100,285.9,16
1597988258605808128,1597988258935000064,2020-08-21 13:37:38.935000,286.3,289.3,284.3,289.0,nan,286.2,70479,20168879200.0,67613,286.4,7,286.3,53,286.5,75,286.2,41,286.6,65,286.1,42,286.7,51,286.0,38,286.8,100,285.9,16
1597988259140382976,1597988259405999872,2020-08-21 13:37:39.406000,286.3,289.3,284.3,289.0,nan,286.2,70479,20168879200.0,67613,286.4,9,286.3,53,286.5,75,286.2,40,286.6,64,286.1,42,286.7,51,286.0,38,286.8,100,285.9,16
1597988259624482048,1597988259921999872,2020-08-21 13:37:39.922000,286.3,289.3,284.3,289.0,nan,286.2,70479,20168879200.0,67613,286.4,9,286.3,53,286.5,75,286.2,40,286.6,64,286.1,42,286.7,46,286.0,38,286.8,98,285.9,16
1597988260123073024,1597988260427000064,2020-08-21 13:37:40.427000,286.3,289.3,284.3,289.0,nan,286.2,70479,20168879200.0,67613,286.4,12,286.3,52,286.5,75,286.2,40,286.6,63,286.1,41,286.7,46,286.0,38,286.8,98,285.9,16
1597988260626878976,1597988260932000000,2020-08-21 13:37:40.932000,286.3,289.3,284.3,289.0,nan,286.2,70479,20168879200.0,67613,286.4,18,286.3,45,286.5,74,286.2,40,286.6,62,286.1,40,286.7,46,286.0,38,286.8,98,285.9,16
1597988261152038912,1597988261436000000,2020-08-21 13:37:41.436000,286.4,289.3,284.3,289.0,nan,286.2,70481,20169452000.0,67613,286.4,17,286.3,45,286.5,75,286.2,39,286.6,63,286.1,41,286.7,46,286.0,38,286.8,98,285.9,16
1597988262126976000,1597988262435000064,2020-08-21 13:37:42.435000,286.4,289.3,284.3,289.0,nan,286.2,70481,20169452000.0,67613,286.4,18,286.3,45,286.5,75,286.2,39,286.6,63,286.1,41,286.7,46,286.0,38,286.8,98,285.9,16
1597988262620425984,1597988262910000128,2020-08-21 13:37:42.910000,286.4,289.3,284.3,289.0,nan,286.2,70481,20169452000.0,67613,286.4,18,286.3,45,286.5,75,286.2,39,286.6,63,286.1,41,286.7,46,286.0,38,286.8,99,285.9,16
1597988263112717056,1597988263379000064,2020-08-21 13:37:43.379000,286.4,289.3,284.3,289.0,nan,286.2,70481,20169452000.0,67613,286.4,19,286.3,51,286.5,75,286.2,39,286.6,63,286.1,41,286.7,46,286.0,38,286.8,99,285.9,16
1597988265143033088,1597988265413000192,2020-08-21 13:37:45.413000,286.4,289.3,284.3,289.0,nan,286.2,70481,20169452000.0,67613,286.4,19,286.3,49,286.5,75,286.2,41,286.6,63,286.1,41,286.7,46,286.0,38,286.8,99,285.9,16
1597988265628221952,1597988265935000064,2020-08-21 13:37:45.935000,286.4,289.3,284.3,289.0,nan,286.2,70481,20169452000.0,67613,286.4,19,286.3,50,286.5,75,286.2,41,286.6,63,286.1,41,286.7,46,286.0,38,286.8,99,285.9,16
1597988266605372928,1597988266924000000,2020-08-21 13:37:46.924000,286.4,289.3,284.3,289.0,nan,286.2,70481,20169452000.0,67613,286.4,19,286.3,51,286.5,75,286.2,41,286.6,63,286.1,41,286.7,46,286.0,38,286.8,99,285.9,16
1597988267149844992,1597988267416999936,2020-08-21 13:37:47.417000,286.4,289.3,284.3,289.0,nan,286.2,70481,20169452000.0,67613,286.4,19,286.3,50,286.5,75,286.2,41,286.6,63,286.1,41,286.7,46,286.0,38,286.8,99,285.9,16
1597988267618265088,1597988267938999808,2020-08-21 13:37:47.939000,286.3,289.3,284.3,289.0,nan,286.2,70485,20170597200.0,67615,286.4,20,286.3,46,286.5,75,286.2,41,286.6,63,286.1,41,286.7,46,286.0,38,286.8,99,285.9,16
1597988268153614080,1597988268428999936,2020-08-21 13:37:48.429000,286.3,289.3,284.3,289.0,nan,286.2,70485,20170597200.0,67615,286.4,21,286.3,46,286.5,75,286.2,41,286.6,63,286.1,41,286.7,46,286.0,38,286.8,99,285.9,16
1597988268604858880,1597988268924999936,2020-08-21 13:37:48.925000,286.3,289.3,284.3,289.0,nan,286.2,70485,20170597200.0,67615,286.4,22,286.3,46,286.5,74,286.2,41,286.6,63,286.1,41,286.7,46,286.0,38,286.8,99,285.9,16
1597988273112914944,1597988273434000128,2020-08-21 13:37:53.434000,286.3,289.3,284.3,289.0,nan,286.2,70485,20170597200.0,67615,286.4,22,286.3,46,286.5,75,286.2,42,286.6,65,286.1,43,286.7,46,286.0,38,286.8,99,285.9,16
1597988273604956928,1597988273932000000,2020-08-21 13:37:53.932000,286.3,289.3,284.3,289.0,nan,286.2,70485,20170597200.0,67615,286.4,22,286.3,46,286.5,74,286.2,41,286.6,63,286.1,41,286.7,46,286.0,38,286.8,99,285.9,16
1597988275135130880,1597988275411000064,2020-08-21 13:37:55.411000,286.3,289.3,284.3,289.0,nan,286.2,70485,20170597200.0,67615,286.4,22,286.3,46,286.5,74,286.2,42,286.6,63,286.1,41,286.7,46,286.0,38,286.8,99,285.9,16
1597988280126141952,1597988280436000000,2020-08-21 13:38:00.436000,286.3,289.3,284.3,289.0,nan,286.2,70485,20170597200.0,67615,286.4,22,286.3,46,286.5,74,286.2,42,286.6,65,286.1,43,286.7,46,286.0,38,286.8,99,285.9,16
1597988280622363904,1597988280933000192,2020-08-21 13:38:00.933000,286.3,289.3,284.3,289.0,nan,286.2,70485,20170597200.0,67615,286.4,22,286.3,46,286.5,74,286.2,42,286.6,63,286.1,41,286.7,46,286.0,38,286.8,99,285.9,16
1597988284131865088,1597988284435000064,2020-08-21 13:38:04.435000,286.3,289.3,284.3,289.0,nan,286.2,70485,20170597200.0,67615,286.4,22,286.3,46,286.5,74,286.2,42,286.6,63,286.1,41,286.7,46,286.0,37,286.8,99,285.9,17
1597988286617684992,1597988286936000000,2020-08-21 13:38:06.936000,286.3,289.3,284.3,289.0,nan,286.2,70485,20170597200.0,67615,286.4,23,286.3,46,286.5,74,286.2,42,286.6,63,286.1,41,286.7,46,286.0,37,286.8,99,285.9,17
1597988288152868096,1597988288436999936,2020-08-21 13:38:08.437000,286.3,289.3,284.3,289.0,nan,286.2,70485,20170597200.0,67615,286.4,23,286.3,46,286.5,75,286.2,43,286.6,65,286.1,43,286.7,46,286.0,37,286.8,99,285.9,17
1597988288610291968,1597988288913000192,2020-08-21 13:38:08.913000,286.3,289.3,284.3,289.0,nan,286.2,70485,20170597200.0,67615,286.4,23,286.3,46,286.5,75,286.2,43,286.6,63,286.1,41,286.7,46,286.0,37,286.8,99,285.9,17
1597988289134574080,1597988289432000000,2020-08-21 13:38:09.432000,286.3,289.3,284.3,289.0,nan,286.2,70485,20170597200.0,67615,286.4,23,286.3,46,286.5,74,286.2,42,286.6,63,286.1,41,286.7,46,286.0,37,286.8,99,285.9,17
1597988290121647104,1597988290417999872,2020-08-21 13:38:10.418000,286.3,289.3,284.3,289.0,nan,286.2,70485,20170597200.0,67615,286.4,23,286.3,46,286.5,74,286.2,42,286.6,64,286.1,41,286.7,46,286.0,37,286.8,99,285.9,17
1597988293605818880,1597988293931000064,2020-08-21 13:38:13.931000,286.4,289.3,284.3,289.0,nan,286.2,70487,20171170000.0,67615,286.4,22,286.3,46,286.5,74,286.2,42,286.6,64,286.1,41,286.7,46,286.0,37,286.8,99,285.9,17
1597988294147966976,1597988294430000128,2020-08-21 13:38:14.430000,286.4,289.3,284.3,289.0,nan,286.2,70487,20171170000.0,67615,286.4,18,286.3,46,286.5,74,286.2,40,286.6,64,286.1,41,286.7,46,286.0,37,286.8,99,285.9,17
1597988294614167040,1597988294933000192,2020-08-21 13:38:14.933000,286.4,289.3,284.3,289.0,nan,286.2,70487,20171170000.0,67615,286.4,16,286.3,46,286.5,75,286.2,40,286.6,64,286.1,41,286.7,46,286.0,37,286.8,99,285.9,17
1597988295178636032,1597988295438999808,2020-08-21 13:38:15.439000,286.4,289.3,284.3,289.0,nan,286.2,70487,20171170000.0,67615,286.4,15,286.3,46,286.5,75,286.2,40,286.6,64,286.1,41,286.7,46,286.0,37,286.8,99,285.9,17
1597988295623446016,1597988295937999872,2020-08-21 13:38:15.938000,286.4,289.3,284.3,289.0,nan,286.2,70487,20171170000.0,67615,286.4,14,286.3,46,286.5,76,286.2,40,286.6,64,286.1,41,286.7,46,286.0,37,286.8,99,285.9,17
1597988299115465984,1597988299417999872,2020-08-21 13:38:19.418000,286.4,289.3,284.3,289.0,nan,286.2,70487,20171170000.0,67615,286.4,13,286.3,46,286.5,77,286.2,41,286.6,64,286.1,41,286.7,46,286.0,37,286.8,99,285.9,17
1597988299629422080,1597988299933000192,2020-08-21 13:38:19.933000,286.4,289.3,284.3,289.0,nan,286.2,70487,20171170000.0,67615,286.4,11,286.3,46,286.5,76,286.2,40,286.6,64,286.1,41,286.7,46,286.0,37,286.8,99,285.9,17
1597988302645479936,1597988302926000128,2020-08-21 13:38:22.926000,286.4,289.3,284.3,289.0,nan,286.2,70488,20171456400.0,67615,286.4,10,286.3,46,286.5,76,286.2,40,286.6,64,286.1,41,286.7,46,286.0,37,286.8,99,285.9,17
1597988303125914112,1597988303428000000,2020-08-21 13:38:23.428000,286.4,289.3,284.3,289.0,nan,286.2,70488,20171456400.0,67615,286.4,10,286.3,49,286.5,76,286.2,38,286.6,64,286.1,41,286.7,46,286.0,37,286.8,99,285.9,17
1597988303627190016,1597988303917999872,2020-08-21 13:38:23.918000,286.4,289.3,284.3,289.0,nan,286.2,70488,20171456400.0,67615,286.4,10,286.3,51,286.5,76,286.2,38,286.6,64,286.1,41,286.7,46,286.0,37,286.8,99,285.9,17
1597988304169939968,1597988304435000064,2020-08-21 13:38:24.435000,286.4,289.3,284.3,289.0,nan,286.2,70494,20173174800.0,67617,286.4,4,286.3,51,286.5,76,286.2,38,286.6,64,286.1,41,286.7,46,286.0,37,286.8,99,285.9,17
1597988304657108992,1597988304928999936,2020-08-21 13:38:24.929000,286.4,289.3,284.3,289.0,nan,286.2,70494,20173174800.0,67617,286.4,3,286.3,53,286.5,75,286.2,37,286.6,65,286.1,41,286.7,46,286.0,37,286.8,99,285.9,17
1597988305118258944,1597988305433000192,2020-08-21 13:38:25.433000,286.4,289.3,284.3,289.0,nan,286.2,70494,20173174800.0,67617,286.4,3,286.3,53,286.5,76,286.2,38,286.6,65,286.1,41,286.7,46,286.0,37,286.8,99,285.9,17
1597988307117861120,1597988307413000192,2020-08-21 13:38:27.413000,286.3,289.3,284.3,289.0,nan,286.2,70495,20173461100.0,67617,286.4,3,286.3,52,286.5,76,286.2,38,286.6,65,286.1,41,286.7,46,286.0,37,286.8,99,285.9,17
1597988308127788032,1597988308432000000,2020-08-21 13:38:28.432000,286.4,289.3,284.3,289.0,nan,286.2,70497,20174033900.0,67618,286.4,1,286.3,55,286.5,76,286.2,38,286.6,65,286.1,41,286.7,46,286.0,37,286.8,99,285.9,17
1597988309127705088,1597988309437999872,2020-08-21 13:38:29.438000,286.4,289.3,284.3,289.0,nan,286.2,70497,20174033900.0,67618,286.4,2,286.3,55,286.5,76,286.2,38,286.6,65,286.1,41,286.7,46,286.0,37,286.8,99,285.9,17
1597988309715036928,1597988309937999872,2020-08-21 13:38:29.938000,286.3,289.3,284.3,289.0,nan,286.2,70498,20174320200.0,67618,286.4,2,286.3,54,286.5,76,286.2,38,286.6,65,286.1,41,286.7,46,286.0,37,286.8,99,285.9,17
1597988310217192960,1597988310433000192,2020-08-21 13:38:30.433000,286.3,289.3,284.3,289.0,nan,286.2,70498,20174320200.0,67618,286.4,4,286.3,54,286.5,76,286.2,38,286.6,65,286.1,41,286.7,46,286.0,37,286.8,99,285.9,17
1597988310625795072,1597988310916000000,2020-08-21 13:38:30.916000,286.3,289.3,284.3,289.0,nan,286.2,70498,20174320200.0,67618,286.4,4,286.3,55,286.5,76,286.2,38,286.6,65,286.1,41,286.7,46,286.0,37,286.8,99,285.9,17
1597988311117990912,1597988311407000064,2020-08-21 13:38:31.407000,286.5,289.3,284.3,289.0,nan,286.2,70506,20176611800.0,67623,286.5,72,286.3,55,286.6,65,286.2,38,286.7,46,286.1,41,286.8,99,286.0,38,286.9,34,285.9,17
1597988311612069120,1597988311936000000,2020-08-21 13:38:31.936000,286.5,289.3,284.3,289.0,nan,286.2,70506,20176611800.0,67623,286.5,70,286.3,57,286.6,61,286.2,42,286.7,50,286.1,35,286.8,100,286.0,38,286.9,34,285.9,17
1597988312151281920,1597988312436999936,2020-08-21 13:38:32.437000,286.5,289.3,284.3,289.0,nan,286.2,70506,20176611800.0,67623,286.5,70,286.3,58,286.6,61,286.2,42,286.7,50,286.1,36,286.8,101,286.0,38,286.9,34,285.9,17
1597988312633332992,1597988312916999936,2020-08-21 13:38:32.917000,286.5,289.3,284.3,289.0,nan,286.2,70506,20176611800.0,67623,286.5,70,286.3,58,286.6,61,286.2,42,286.7,50,286.1,36,286.8,101,286.0,38,286.9,36,285.9,17
1597988313131099904,1597988313424000000,2020-08-21 13:38:33.424000,286.5,289.3,284.3,289.0,nan,286.2,70506,20176611800.0,67623,286.5,71,286.3,59,286.6,61,286.2,42,286.7,50,286.1,36,286.8,101,286.0,38,286.9,36,285.9,17
1597988313609709056,1597988313927000064,2020-08-21 13:38:33.927000,286.3,289.3,284.3,289.0,nan,286.2,70508,20177184400.0,67622,286.5,71,286.3,57,286.6,61,286.2,42,286.7,50,286.1,36,286.8,101,286.0,38,286.9,36,285.9,17
1597988314141214976,1597988314420999936,2020-08-21 13:38:34.421000,286.3,289.3,284.3,289.0,nan,286.2,70508,20177184400.0,67622,286.5,71,286.4,1,286.6,61,286.3,57,286.7,50,286.2,41,286.8,101,286.1,35,286.9,36,286.0,38
1597988314606374912,1597988314897000192,2020-08-21 13:38:34.897000,286.4,289.3,284.3,289.0,nan,286.2,70529,20183198800.0,67606,286.5,67,286.3,37,286.6,58,286.2,43,286.7,52,286.1,31,286.8,102,286.0,37,286.9,36,285.9,17
1597988315124779008,1597988315403000064,2020-08-21 13:38:35.403000,286.4,289.3,284.3,289.0,nan,286.2,70529,20183198800.0,67606,286.5,69,286.3,36,286.6,59,286.2,41,286.7,50,286.1,33,286.8,100,286.0,38,286.9,36,285.9,17
1597988315711832064,1597988315878000128,2020-08-21 13:38:35.878000,286.4,289.3,284.3,289.0,nan,286.2,70529,20183198800.0,67606,286.4,1,286.3,37,286.5,70,286.2,43,286.6,61,286.1,35,286.7,52,286.0,38,286.8,100,285.9,17
1597988316146620928,1597988316420000000,2020-08-21 13:38:36.420000,286.4,289.3,284.3,289.0,nan,286.2,70529,20183198800.0,67606,286.4,2,286.3,36,286.5,72,286.2,40,286.6,64,286.1,39,286.7,46,286.0,38,286.8,100,285.9,17
1597988316624670976,1597988316920999936,2020-08-21 13:38:36.921000,286.4,289.3,284.3,289.0,nan,286.2,70532,20184058000.0,67608,286.5,72,286.3,36,286.6,65,286.2,40,286.7,46,286.1,40,286.8,100,286.0,38,286.9,36,285.9,17
1597988317127683072,1597988317431000064,2020-08-21 13:38:37.431000,286.4,289.3,284.3,289.0,nan,286.2,70532,20184058000.0,67608,286.5,72,286.4,1,286.6,61,286.3,39,286.7,50,286.2,41,286.8,100,286.1,35,286.9,36,286.0,38
1597988317609858048,1597988317900999936,2020-08-21 13:38:37.901000,286.4,289.3,284.3,289.0,nan,286.2,70534,20184630800.0,67606,286.5,69,286.4,1,286.6,58,286.3,39,286.7,54,286.2,44,286.8,101,286.1,31,286.9,36,286.0,37
1597988318154867968,1597988318426000128,2020-08-21 13:38:38.426000,286.4,289.3,284.3,289.0,nan,286.2,70540,20186349200.0,67603,286.5,69,286.3,41,286.6,60,286.2,44,286.7,54,286.1,31,286.8,101,286.0,37,286.9,36,285.9,17
1597988318617253888,1597988318931000064,2020-08-21 13:38:38.931000,286.5,289.3,284.3,289.0,nan,286.2,70542,20186922200.0,67605,286.5,68,286.3,40,286.6,59,286.2,40,286.7,52,286.1,33,286.8,100,286.0,38,286.9,36,285.9,17
1597988319141510912,1597988319404000000,2020-08-21 13:38:39.404000,286.5,289.3,284.3,289.0,nan,286.2,70542,20186922200.0,67605,286.5,70,286.4,2,286.6,61,286.3,41,286.7,50,286.2,39,286.8,100,286.1,35,286.9,36,286.0,38
1597988319629966080,1597988319927000064,2020-08-21 13:38:39.927000,286.4,289.3,284.3,289.0,nan,286.2,70544,20187495000.0,67605,286.5,66,286.3,41,286.6,58,286.2,42,286.7,52,286.1,31,286.8,103,286.0,37,286.9,36,285.9,17
1597988320141728000,1597988320428999936,2020-08-21 13:38:40.429000,286.4,289.3,284.3,289.0,nan,286.2,70544,20187495000.0,67605,286.5,70,286.3,41,286.6,61,286.2,41,286.7,50,286.1,35,286.8,100,286.0,38,286.9,36,285.9,17
1597988320613650944,1597988320934000128,2020-08-21 13:38:40.934000,286.4,289.3,284.3,289.0,nan,286.2,70544,20187495000.0,67605,286.5,70,286.3,42,286.6,61,286.2,41,286.7,50,286.1,35,286.8,101,286.0,38,286.9,36,285.9,17
1597988323141005056,1597988323428999936,2020-08-21 13:38:43.429000,286.4,289.3,284.3,289.0,nan,286.2,70544,20187495000.0,67605,286.5,70,286.3,44,286.6,61,286.2,41,286.7,50,286.1,35,286.8,101,286.0,38,286.9,36,285.9,17
1597988324140964096,1597988324424999936,2020-08-21 13:38:44.425000,286.4,289.3,284.3,289.0,nan,286.2,70544,20187495000.0,67605,286.5,70,286.3,44,286.6,61,286.2,41,286.7,50,286.1,34,286.8,101,286.0,38,286.9,36,285.9,17
1597988325651000064,1597988325935000064,2020-08-21 13:38:45.935000,286.4,289.3,284.3,289.0,nan,286.2,70544,20187495000.0,67605,286.5,71,286.3,44,286.6,63,286.2,41,286.7,50,286.1,34,286.8,101,286.0,38,286.9,36,285.9,17
1597988326156779008,1597988326413000192,2020-08-21 13:38:46.413000,286.5,289.3,284.3,289.0,nan,286.2,70545,20187781500.0,67606,286.5,71,286.3,44,286.6,63,286.2,41,286.7,50,286.1,34,286.8,101,286.0,38,286.9,36,285.9,17
1597988327336623104,1597988327434000128,2020-08-21 13:38:47.434000,286.5,289.3,284.3,289.0,nan,286.2,70545,20187781500.0,67606,286.5,71,286.3,44,286.6,64,286.2,41,286.7,50,286.1,34,286.8,101,286.0,38,286.9,36,285.9,17
1597988329271938048,1597988329400000000,2020-08-21 13:38:49.400000,286.5,289.3,284.3,289.0,nan,286.2,70546,20188068000.0,67607,286.5,70,286.3,44,286.6,64,286.2,41,286.7,50,286.1,34,286.8,101,286.0,38,286.9,36,285.9,17
1597988329619197952,1597988329930000128,2020-08-21 13:38:49.930000,286.5,289.3,284.3,289.0,nan,286.2,70546,20188068000.0,67607,286.5,70,286.4,1,286.6,64,286.3,44,286.7,50,286.2,39,286.8,101,286.1,34,286.9,36,286.0,38
1597988330141853952,1597988330434000128,2020-08-21 13:38:50.434000,286.3,289.3,284.3,289.0,nan,286.2,70553,20190072700.0,67605,286.4,3,286.3,39,286.5,66,286.2,41,286.6,63,286.1,30,286.7,52,286.0,37,286.8,102,285.9,17
1597988330656009984,1597988330931000064,2020-08-21 13:38:50.931000,286.3,289.3,284.3,289.0,nan,286.2,70553,20190072700.0,67605,286.4,6,286.3,36,286.5,68,286.2,38,286.6,69,286.1,38,286.7,46,286.0,38,286.8,100,285.9,17
1597988331138126080,1597988331408000000,2020-08-21 13:38:51.408000,286.3,289.3,284.3,289.0,nan,286.2,70553,20190072700.0,67605,286.4,7,286.3,36,286.5,70,286.2,38,286.6,70,286.1,40,286.7,46,286.0,38,286.8,100,285.9,17
1597988331651198976,1597988331923000064,2020-08-21 13:38:51.923000,286.3,289.3,284.3,289.0,nan,286.2,70553,20190072700.0,67605,286.4,9,286.3,36,286.5,71,286.2,38,286.6,68,286.1,38,286.7,46,286.0,38,286.8,100,285.9,17
1597988332194032128,1597988332427000064,2020-08-21 13:38:52.427000,286.3,289.3,284.3,289.0,nan,286.2,70553,20190072700.0,67605,286.4,9,286.3,35,286.5,72,286.2,38,286.6,69,286.1,41,286.7,46,286.0,38,286.8,100,285.9,17
1597988333678543104,1597988333913000192,2020-08-21 13:38:53.913000,286.4,289.3,284.3,289.0,nan,286.2,70554,20190359100.0,67605,286.4,8,286.3,35,286.5,72,286.2,38,286.6,69,286.1,41,286.7,46,286.0,38,286.8,100,285.9,17
1597988335147041024,1597988335376000000,2020-08-21 13:38:55.376000,286.4,289.3,284.3,289.0,nan,286.2,70554,20190359100.0,67605,286.4,6,286.3,35,286.5,72,286.2,38,286.6,69,286.1,41,286.7,46,286.0,38,286.8,100,285.9,17
1597988335681969920,1597988335924999936,2020-08-21 13:38:55.925000,286.4,289.3,284.3,289.0,nan,286.2,70554,20190359100.0,67605,286.4,8,286.3,36,286.5,71,286.2,38,286.6,69,286.1,42,286.7,46,286.0,38,286.8,100,285.9,17
1597988336199357952,1597988336403000064,2020-08-21 13:38:56.403000,286.4,289.3,284.3,289.0,nan,286.2,70554,20190359100.0,67605,286.4,8,286.3,36,286.5,71,286.2,38,286.6,69,286.1,41,286.7,46,286.0,38,286.8,100,285.9,17
1597988340154461952,1597988340432000000,2020-08-21 13:39:00.432000,286.4,289.3,284.3,289.0,nan,286.2,70554,20190359100.0,67605,286.4,8,286.3,37,286.5,71,286.2,38,286.6,69,286.1,41,286.7,46,286.0,38,286.8,100,285.9,17
1597988340670503936,1597988340924000000,2020-08-21 13:39:00.924000,286.4,289.3,284.3,289.0,nan,286.2,70554,20190359100.0,67605,286.4,8,286.3,39,286.5,71,286.2,38,286.6,69,286.1,41,286.7,46,286.0,38,286.8,100,285.9,17
1597988341131293952,1597988341415000064,2020-08-21 13:39:01.415000,286.4,289.3,284.3,289.0,nan,286.2,70556,20190931900.0,67606,286.4,6,286.3,39,286.5,71,286.2,38,286.6,69,286.1,41,286.7,46,286.0,38,286.8,100,285.9,17
1597988341654172928,1597988341936999936,2020-08-21 13:39:01.937000,286.4,289.3,284.3,289.0,nan,286.2,70556,20190931900.0,67606,286.4,4,286.3,39,286.5,71,286.2,38,286.6,69,286.1,41,286.7,46,286.0,38,286.8,100,285.9,17
1597988342167796992,1597988342410000128,2020-08-21 13:39:02.410000,286.4,289.3,284.3,289.0,nan,286.2,70557,20191218300.0,67606,286.4,3,286.3,39,286.5,70,286.2,38,286.6,70,286.1,41,286.7,46,286.0,38,286.8,100,285.9,17
1597988342721160960,1597988342924999936,2020-08-21 13:39:02.925000,286.4,289.3,284.3,289.0,nan,286.2,70560,20192077500.0,67607,286.5,70,286.4,1,286.6,70,286.3,40,286.7,46,286.2,37,286.8,100,286.1,41,286.9,36,286.0,38
1597988343166422016,1597988343435000064,2020-08-21 13:39:03.435000,286.4,289.3,284.3,289.0,nan,286.2,70560,20192077500.0,67607,286.5,65,286.4,10,286.6,63,286.3,38,286.7,52,286.2,41,286.8,101,286.1,31,286.9,36,286.0,37
1597988343661984000,1597988343936999936,2020-08-21 13:39:03.937000,286.4,289.3,284.3,289.0,nan,286.2,70560,20192077500.0,67607,286.5,64,286.4,14,286.6,65,286.3,41,286.7,56,286.2,44,286.8,101,286.1,31,286.9,36,286.0,37
1597988344136237056,1597988344374000128,2020-08-21 13:39:04.374000,286.4,289.3,284.3,289.0,nan,286.2,70560,20192077500.0,67607,286.5,63,286.4,14,286.6,66,286.3,41,286.7,54,286.2,42,286.8,101,286.1,31,286.9,36,286.0,37
1597988344621060096,1597988344918999808,2020-08-21 13:39:04.919000,286.4,289.3,284.3,289.0,nan,286.2,70560,20192077500.0,67607,286.5,64,286.4,14,286.6,66,286.3,42,286.7,55,286.2,43,286.8,101,286.1,31,286.9,36,286.0,37
1597988346644753920,1597988346920000000,2020-08-21 13:39:06.920000,286.4,289.3,284.3,289.0,nan,286.2,70561,20192363900.0,67607,286.5,64,286.4,13,286.6,66,286.3,42,286.7,55,286.2,43,286.8,101,286.1,31,286.9,36,286.0,37
1597988348170678016,1597988348430000128,2020-08-21 13:39:08.430000,286.4,289.3,284.3,289.0,nan,286.2,70561,20192363900.0,67607,286.5,65,286.4,17,286.6,68,286.3,42,286.7,55,286.2,44,286.8,101,286.1,33,286.9,36,286.0,37
1597988348636538880,1597988348932000000,2020-08-21 13:39:08.932000,286.4,289.3,284.3,289.0,nan,286.2,70561,20192363900.0,67607,286.5,64,286.4,17,286.6,66,286.3,41,286.7,55,286.2,44,286.8,101,286.1,31,286.9,36,286.0,37
1597988349185095936,1597988349437999872,2020-08-21 13:39:09.438000,286.4,289.3,284.3,289.0,nan,286.2,70561,20192363900.0,67607,286.5,63,286.4,17,286.6,66,286.3,41,286.7,55,286.2,43,286.8,101,286.1,31,286.9,36,286.0,37
1597988349616131072,1597988349898000128,2020-08-21 13:39:09.898000,286.4,289.3,284.3,289.0,nan,286.2,70564,20193223300.0,67608,286.5,62,286.4,17,286.6,66,286.3,41,286.7,55,286.2,43,286.8,101,286.1,31,286.9,36,286.0,37
1597988352693260032,1597988352927000064,2020-08-21 13:39:12.927000,286.4,289.3,284.3,289.0,nan,286.2,70564,20193223300.0,67608,286.5,62,286.4,17,286.6,66,286.3,41,286.7,55,286.2,43,286.8,101,286.1,31,286.9,34,286.0,37
1597988353162611968,1597988353404999936,2020-08-21 13:39:13.405000,286.4,289.3,284.3,289.0,nan,286.2,70564,20193223300.0,67608,286.5,62,286.4,20,286.6,66,286.3,41,286.7,55,286.2,43,286.8,101,286.1,31,286.9,34,286.0,37
1597988353622297088,1597988353924999936,2020-08-21 13:39:13.925000,286.4,289.3,284.3,289.0,nan,286.2,70564,20193223300.0,67608,286.5,62,286.4,21,286.6,66,286.3,41,286.7,55,286.2,43,286.8,101,286.1,31,286.9,34,286.0,37
1597988354148366080,1597988354382999808,2020-08-21 13:39:14.383000,286.4,289.3,284.3,289.0,nan,286.2,70564,20193223300.0,67608,286.5,62,286.4,22,286.6,66,286.3,40,286.7,55,286.2,43,286.8,101,286.1,31,286.9,34,286.0,37
1597988354611013120,1597988354903000064,2020-08-21 13:39:14.903000,286.4,289.3,284.3,289.0,nan,286.2,70564,20193223300.0,67608,286.5,62,286.4,22,286.6,65,286.3,39,286.7,55,286.2,43,286.8,101,286.1,31,286.9,34,286.0,37
1597988355137389056,1597988355434000128,2020-08-21 13:39:15.434000,286.4,289.3,284.3,289.0,nan,286.2,70564,20193223300.0,67608,286.5,62,286.4,22,286.6,65,286.3,39,286.7,54,286.2,42,286.8,101,286.1,31,286.9,34,286.0,37
1597988355620345088,1597988355934000128,2020-08-21 13:39:15.934000,286.4,289.3,284.3,289.0,nan,286.2,70564,20193223300.0,67608,286.5,62,286.4,23,286.6,66,286.3,39,286.7,56,286.2,44,286.8,101,286.1,31,286.9,34,286.0,37
1597988356127536896,1597988356436000000,2020-08-21 13:39:16.436000,286.4,289.3,284.3,289.0,nan,286.2,70564,20193223300.0,67608,286.5,62,286.4,23,286.6,66,286.3,39,286.7,54,286.2,42,286.8,101,286.1,31,286.9,34,286.0,37
1597988356615318016,1597988356924999936,2020-08-21 13:39:16.925000,286.4,289.3,284.3,289.0,nan,286.2,70564,20193223300.0,67608,286.5,62,286.4,23,286.6,66,286.3,39,286.7,55,286.2,43,286.8,101,286.1,31,286.9,34,286.0,37
1597988359128163072,1597988359424999936,2020-08-21 13:39:19.425000,286.4,289.3,284.3,289.0,nan,286.2,70564,20193223300.0,67608,286.5,63,286.4,24,286.6,66,286.3,39,286.7,55,286.2,43,286.8,101,286.1,31,286.9,34,286.0,37
1597988361134772992,1597988361430000128,2020-08-21 13:39:21.430000,286.4,289.3,284.3,289.0,nan,286.2,70564,20193223300.0,67608,286.5,62,286.4,24,286.6,63,286.3,38,286.7,53,286.2,43,286.8,101,286.1,29,286.9,34,286.0,37
1597988365618994944,1597988365927000064,2020-08-21 13:39:25.927000,286.4,289.3,284.3,289.0,nan,286.2,70564,20193223300.0,67608,286.5,63,286.4,24,286.6,63,286.3,38,286.7,53,286.2,43,286.8,101,286.1,29,286.9,34,286.0,37
1597988366171251968,1597988366421999872,2020-08-21 13:39:26.422000,286.4,289.3,284.3,289.0,nan,286.2,70564,20193223300.0,67608,286.5,63,286.4,24,286.6,64,286.3,38,286.7,53,286.2,43,286.8,101,286.1,29,286.9,34,286.0,37
1597988366651495936,1597988366920000000,2020-08-21 13:39:26.920000,286.4,289.3,284.3,289.0,nan,286.2,70564,20193223300.0,67608,286.5,64,286.4,24,286.6,64,286.3,38,286.7,53,286.2,43,286.8,101,286.1,29,286.9,34,286.0,37
1597988367636073984,1597988367901999872,2020-08-21 13:39:27.902000,286.4,289.3,284.3,289.0,nan,286.2,70564,20193223300.0,67608,286.5,65,286.4,24,286.6,64,286.3,38,286.7,53,286.2,43,286.8,101,286.1,29,286.9,34,286.0,37
1597988368127468032,1597988368420999936,2020-08-21 13:39:28.421000,286.4,289.3,284.3,289.0,nan,286.2,70564,20193223300.0,67608,286.5,65,286.4,29,286.6,64,286.3,38,286.7,53,286.2,43,286.8,101,286.1,29,286.9,34,286.0,37
1597988370643941888,1597988370926000128,2020-08-21 13:39:30.926000,286.4,289.3,284.3,289.0,nan,286.2,70564,20193223300.0,67608,286.5,66,286.4,29,286.6,64,286.3,38,286.7,53,286.2,43,286.8,101,286.1,29,286.9,34,286.0,37
1597988371136503040,1597988371364000000,2020-08-21 13:39:31.364000,286.4,289.3,284.3,289.0,nan,286.2,70564,20193223300.0,67608,286.5,66,286.4,30,286.6,64,286.3,38,286.7,53,286.2,43,286.8,101,286.1,29,286.9,34,286.0,37
1597988373615134976,1597988373934000128,2020-08-21 13:39:33.934000,286.4,289.3,284.3,289.0,nan,286.2,70564,20193223300.0,67608,286.5,66,286.4,30,286.6,67,286.3,39,286.7,53,286.2,43,286.8,101,286.1,31,286.9,34,286.0,37
1597988374114949120,1597988374433000192,2020-08-21 13:39:34.433000,286.4,289.3,284.3,289.0,nan,286.2,70564,20193223300.0,67608,286.5,66,286.4,30,286.6,64,286.3,38,286.7,53,286.2,43,286.8,101,286.1,29,286.9,34,286.0,37
1597988375132500992,1597988375430000128,2020-08-21 13:39:35.430000,286.5,289.3,284.3,289.0,nan,286.2,70566,20193796300.0,67610,286.5,64,286.4,30,286.6,64,286.3,38,286.7,53,286.2,43,286.8,101,286.1,29,286.9,34,286.0,37
1597988375624884992,1597988375897000192,2020-08-21 13:39:35.897000,286.5,289.3,284.3,289.0,nan,286.2,70566,20193796300.0,67610,286.5,64,286.4,32,286.6,64,286.3,32,286.7,53,286.2,42,286.8,101,286.1,29,286.9,34,286.0,37
1597988376132247040,1597988376411000064,2020-08-21 13:39:36.411000,286.4,289.3,284.3,289.0,nan,286.2,70567,20194082700.0,67610,286.5,64,286.4,31,286.6,64,286.3,32,286.7,53,286.2,42,286.8,101,286.1,29,286.9,34,286.0,37
1597988376630690048,1597988376935000064,2020-08-21 13:39:36.935000,286.5,289.3,284.3,289.0,nan,286.2,70568,20194369200.0,67611,286.5,63,286.4,37,286.6,64,286.3,32,286.7,53,286.2,42,286.8,101,286.1,29,286.9,34,286.0,37
1597988377108018944,1597988377420999936,2020-08-21 13:39:37.421000,286.5,289.3,284.3,289.0,nan,286.2,70570,20194942200.0,67613,286.5,61,286.4,37,286.6,64,286.3,32,286.7,53,286.2,42,286.8,101,286.1,29,286.9,34,286.0,37
1597988377623124992,1597988377936000000,2020-08-21 13:39:37.936000,286.5,289.3,284.3,289.0,nan,286.2,70570,20194942200.0,67613,286.5,60,286.4,37,286.6,64,286.3,31,286.7,53,286.2,42,286.8,101,286.1,29,286.9,34,286.0,37
1597988378126206976,1597988378437999872,2020-08-21 13:39:38.438000,286.5,289.3,284.3,289.0,nan,286.2,70570,20194942200.0,67613,286.5,60,286.4,38,286.6,64,286.3,31,286.7,53,286.2,42,286.8,101,286.1,29,286.9,34,286.0,37
1597988381167312896,1597988381404000000,2020-08-21 13:39:41.404000,286.5,289.3,284.3,289.0,nan,286.2,70575,20196374700.0,67618,286.5,56,286.4,38,286.6,65,286.3,32,286.7,53,286.2,42,286.8,101,286.1,29,286.9,34,286.0,37
1597988381620179968,1597988381904999936,2020-08-21 13:39:41.905000,286.5,289.3,284.3,289.0,nan,286.2,70580,20197807200.0,67623,286.5,51,286.4,38,286.6,64,286.3,31,286.7,53,286.2,42,286.8,101,286.1,29,286.9,34,286.0,37
1597988382627907072,1597988382921999872,2020-08-21 13:39:42.922000,286.5,289.3,284.3,289.0,nan,286.2,70582,20198380200.0,67625,286.5,49,286.4,38,286.6,63,286.3,31,286.7,53,286.2,42,286.8,101,286.1,29,286.9,34,286.0,37
1597988383100156928,1597988383423000064,2020-08-21 13:39:43.423000,286.5,289.3,284.3,289.0,nan,286.2,70582,20198380200.0,67625,286.5,49,286.4,40,286.6,63,286.3,31,286.7,53,286.2,42,286.8,101,286.1,29,286.9,34,286.0,37
1597988383638073088,1597988383916000000,2020-08-21 13:39:43.916000,286.5,289.3,284.3,289.0,nan,286.2,70582,20198380200.0,67625,286.5,49,286.4,43,286.6,64,286.3,29,286.7,53,286.2,42,286.8,101,286.1,29,286.9,34,286.0,37
1597988384144968960,1597988384434000128,2020-08-21 13:39:44.434000,286.5,289.3,284.3,289.0,nan,286.2,70582,20198380200.0,67625,286.5,48,286.4,43,286.6,64,286.3,29,286.7,53,286.2,42,286.8,101,286.1,29,286.9,34,286.0,37
1597988384618616064,1597988384924000000,2020-08-21 13:39:44.924000,286.5,289.3,284.3,289.0,nan,286.2,70583,20198666700.0,67625,286.5,47,286.4,43,286.6,64,286.3,29,286.7,53,286.2,42,286.8,101,286.1,29,286.9,34,286.0,37
1597988386148388096,1597988386428999936,2020-08-21 13:39:46.429000,286.5,289.3,284.3,289.0,nan,286.2,70584,20198953200.0,67626,286.5,46,286.4,43,286.6,64,286.3,29,286.7,53,286.2,42,286.8,101,286.1,29,286.9,34,286.0,37
1597988387156115968,1597988387426000128,2020-08-21 13:39:47.426000,286.5,289.3,284.3,289.0,nan,286.2,70584,20198953200.0,67626,286.5,46,286.4,43,286.6,64,286.3,29,286.7,54,286.2,42,286.8,101,286.1,29,286.9,34,286.0,37
1597988393163502080,1597988393432000000,2020-08-21 13:39:53.432000,286.5,289.3,284.3,289.0,nan,286.2,70586,20199526200.0,67628,286.5,44,286.4,43,286.6,64,286.3,29,286.7,54,286.2,42,286.8,101,286.1,29,286.9,34,286.0,37
1597988393612836096,1597988393904999936,2020-08-21 13:39:53.905000,286.5,289.3,284.3,289.0,nan,286.2,70586,20199526200.0,67628,286.5,43,286.4,43,286.6,65,286.3,31,286.7,56,286.2,42,286.8,101,286.1,29,286.9,34,286.0,37
1597988394117615104,1597988394424999936,2020-08-21 13:39:54.425000,286.5,289.3,284.3,289.0,nan,286.2,70586,20199526200.0,67628,286.5,42,286.4,45,286.6,65,286.3,32,286.7,57,286.2,41,286.8,102,286.1,28,286.9,34,286.0,37
1597988395631348992,1597988395937999872,2020-08-21 13:39:55.938000,286.5,289.3,284.3,289.0,nan,286.2,70587,20199812700.0,67629,286.5,43,286.4,45,286.6,65,286.3,32,286.7,57,286.2,41,286.8,103,286.1,28,286.9,34,286.0,37
1597988397658594048,1597988397901999872,2020-08-21 13:39:57.902000,286.5,289.3,284.3,289.0,nan,286.2,70592,20201245200.0,67629,286.5,38,286.4,46,286.6,65,286.3,32,286.7,57,286.2,41,286.8,103,286.1,28,286.9,34,286.0,37
1597988398176652032,1597988398421999872,2020-08-21 13:39:58.422000,286.5,289.3,284.3,289.0,nan,286.2,70592,20201245200.0,67629,286.5,36,286.4,46,286.6,67,286.3,32,286.7,57,286.2,41,286.8,103,286.1,28,286.9,34,286.0,37
1597988398598407936,1597988398860999936,2020-08-21 13:39:58.861000,286.5,289.3,284.3,289.0,nan,286.2,70592,20201245200.0,67629,286.5,36,286.4,46,286.6,67,286.3,32,286.7,57,286.2,41,286.8,103,286.1,30,286.9,34,286.0,37
1597988401616388096,1597988401930000128,2020-08-21 13:40:01.930000,286.5,289.3,284.3,289.0,nan,286.2,70592,20201245200.0,67629,286.5,36,286.4,46,286.6,65,286.3,32,286.7,57,286.2,41,286.8,103,286.1,30,286.9,34,286.0,37
1597988402163408896,1597988402413000192,2020-08-21 13:40:02.413000,286.5,289.3,284.3,289.0,nan,286.2,70592,20201245200.0,67629,286.5,36,286.4,46,286.6,65,286.3,32,286.7,57,286.2,41,286.8,103,286.1,30,286.9,38,286.0,37
1597988402618964992,1597988402918999808,2020-08-21 13:40:02.919000,286.5,289.3,284.3,289.0,nan,286.2,70594,20201818200.0,67629,286.5,34,286.4,47,286.6,65,286.3,32,286.7,57,286.2,41,286.8,103,286.1,30,286.9,38,286.0,37
1597988403153591040,1597988403432000000,2020-08-21 13:40:03.432000,286.4,289.3,284.3,289.0,nan,286.2,70596,20202391000.0,67631,286.5,35,286.4,47,286.6,65,286.3,32,286.7,57,286.2,41,286.8,103,286.1,30,286.9,38,286.0,37
1597988404171525120,1597988404411000064,2020-08-21 13:40:04.411000,286.5,289.3,284.3,289.0,nan,286.2,70597,20202677500.0,67630,286.5,34,286.4,47,286.6,65,286.3,32,286.7,57,286.2,41,286.8,103,286.1,30,286.9,38,286.0,37
1597988404626593024,1597988404903000064,2020-08-21 13:40:04.903000,286.5,289.3,284.3,289.0,nan,286.2,70597,20202677500.0,67630,286.5,34,286.4,47,286.6,65,286.3,32,286.7,57,286.2,42,286.8,103,286.1,30,286.9,38,286.0,37
1597988405169358080,1597988405420000000,2020-08-21 13:40:05.420000,286.5,289.3,284.3,289.0,nan,286.2,70597,20202677500.0,67630,286.5,34,286.4,48,286.6,65,286.3,32,286.7,57,286.2,42,286.8,103,286.1,30,286.9,38,286.0,37
1597988407615265024,1597988407897000192,2020-08-21 13:40:07.897000,286.5,289.3,284.3,289.0,nan,286.2,70597,20202677500.0,67630,286.5,34,286.4,49,286.6,65,286.3,32,286.7,57,286.2,42,286.8,103,286.1,30,286.9,38,286.0,37
1597988408634798080,1597988408918999808,2020-08-21 13:40:08.919000,286.5,289.3,284.3,289.0,nan,286.2,70598,20202964000.0,67630,286.5,33,286.4,49,286.6,65,286.3,32,286.7,57,286.2,42,286.8,103,286.1,30,286.9,38,286.0,37
1597988409145318912,1597988409415000064,2020-08-21 13:40:09.415000,286.5,289.3,284.3,289.0,nan,286.2,70599,20203250500.0,67630,286.5,32,286.4,50,286.6,65,286.3,32,286.7,57,286.2,42,286.8,103,286.1,30,286.9,38,286.0,37
1597988410117163008,1597988410403000064,2020-08-21 13:40:10.403000,286.5,289.3,284.3,289.0,nan,286.2,70600,20203537000.0,67630,286.5,31,286.4,50,286.6,65,286.3,32,286.7,57,286.2,42,286.8,103,286.1,30,286.9,38,286.0,37
1597988410632996096,1597988410931000064,2020-08-21 13:40:10.931000,286.5,289.3,284.3,289.0,nan,286.2,70603,20204396500.0,67630,286.5,28,286.4,51,286.6,65,286.3,32,286.7,57,286.2,42,286.8,103,286.1,30,286.9,38,286.0,37
1597988411148923904,1597988411436000000,2020-08-21 13:40:11.436000,286.5,289.3,284.3,289.0,nan,286.2,70609,20206115500.0,67630,286.5,22,286.4,51,286.6,65,286.3,32,286.7,57,286.2,42,286.8,103,286.1,30,286.9,38,286.0,37
1597988411636640000,1597988411924999936,2020-08-21 13:40:11.925000,286.4,289.3,284.3,289.0,nan,286.2,70611,20206688400.0,67631,286.5,20,286.4,50,286.6,65,286.3,31,286.7,57,286.2,42,286.8,103,286.1,30,286.9,38,286.0,37
1597988412140782080,1597988412411000064,2020-08-21 13:40:12.411000,286.4,289.3,284.3,289.0,nan,286.2,70611,20206688400.0,67631,286.5,19,286.4,52,286.6,66,286.3,31,286.7,57,286.2,42,286.8,103,286.1,30,286.9,38,286.0,37
1597988413123374080,1597988413426000128,2020-08-21 13:40:13.426000,286.5,289.3,284.3,289.0,nan,286.2,70612,20206974900.0,67631,286.5,18,286.4,53,286.6,66,286.3,31,286.7,57,286.2,42,286.8,103,286.1,30,286.9,38,286.0,37
1597988413659892992,1597988413916000000,2020-08-21 13:40:13.916000,286.5,289.3,284.3,289.0,nan,286.2,70612,20206974900.0,67631,286.5,18,286.4,53,286.6,67,286.3,31,286.7,57,286.2,42,286.8,103,286.1,30,286.9,38,286.0,37
1597988414162156032,1597988414356000000,2020-08-21 13:40:14.356000,286.5,289.3,284.3,289.0,nan,286.2,70617,20208407400.0,67633,286.5,13,286.4,53,286.6,67,286.3,31,286.7,57,286.2,42,286.8,103,286.1,30,286.9,38,286.0,37
1597988414654697984,1597988414920999936,2020-08-21 13:40:14.921000,286.5,289.3,284.3,289.0,nan,286.2,70621,20209553300.0,67637,286.5,9,286.4,52,286.6,68,286.3,31,286.7,57,286.2,42,286.8,103,286.1,30,286.9,38,286.0,37
1597988415144456960,1597988415437999872,2020-08-21 13:40:15.438000,286.5,289.3,284.3,289.0,nan,286.2,70624,20210412800.0,67639,286.5,7,286.4,52,286.6,68,286.3,31,286.7,57,286.2,42,286.8,103,286.1,30,286.9,38,286.0,37
1597988415663002880,1597988415935000064,2020-08-21 13:40:15.935000,286.4,289.3,284.3,289.0,nan,286.2,70626,20210985700.0,67640,286.5,7,286.4,51,286.6,68,286.3,31,286.7,57,286.2,42,286.8,103,286.1,30,286.9,38,286.0,37
1597988417192435968,1597988417420999936,2020-08-21 13:40:17.421000,286.5,289.3,284.3,289.0,nan,286.2,70627,20211272200.0,67641,286.5,12,286.4,51,286.6,68,286.3,31,286.7,57,286.2,42,286.8,103,286.1,30,286.9,38,286.0,37
1597988417652510976,1597988417892999936,2020-08-21 13:40:17.893000,286.5,289.3,284.3,289.0,nan,286.2,70627,20211272200.0,67641,286.5,15,286.4,50,286.6,68,286.3,31,286.7,57,286.2,42,286.8,103,286.1,30,286.9,38,286.0,37
1597988418157639936,1597988418427000064,2020-08-21 13:40:18.427000,286.5,289.3,284.3,289.0,nan,286.2,70629,20211845200.0,67643,286.5,14,286.4,50,286.6,68,286.3,31,286.7,57,286.2,42,286.8,103,286.1,30,286.9,38,286.0,37
1597988418636463104,1597988418917999872,2020-08-21 13:40:18.918000,286.4,289.3,284.3,289.0,nan,286.2,70630,20212131600.0,67642,286.5,14,286.4,49,286.6,68,286.3,33,286.7,57,286.2,42,286.8,103,286.1,30,286.9,38,286.0,37
1597988419127846912,1597988419430000128,2020-08-21 13:40:19.430000,286.4,289.3,284.3,289.0,nan,286.2,70630,20212131600.0,67642,286.5,16,286.4,49,286.6,68,286.3,33,286.7,57,286.2,42,286.8,103,286.1,30,286.9,38,286.0,37
1597988419620485120,1597988419924999936,2020-08-21 13:40:19.925000,286.5,289.3,284.3,289.0,nan,286.2,70635,20213564100.0,67645,286.5,16,286.4,49,286.6,67,286.3,32,286.7,57,286.2,42,286.8,103,286.1,30,286.9,38,286.0,37
1597988420110277888,1597988420433000192,2020-08-21 13:40:20.433000,286.5,289.3,284.3,289.0,nan,286.2,70638,20214423400.0,67646,286.5,16,286.4,46,286.6,67,286.3,32,286.7,57,286.2,42,286.8,103,286.1,30,286.9,38,286.0,37
1597988420620681984,1597988420932000000,2020-08-21 13:40:20.932000,286.5,289.3,284.3,289.0,nan,286.2,70638,20214423400.0,67646,286.5,17,286.4,47,286.6,67,286.3,32,286.7,57,286.2,42,286.8,103,286.1,30,286.9,38,286.0,37
1597988421153218048,1597988421390000128,2020-08-21 13:40:21.390000,286.5,289.3,284.3,289.0,nan,286.2,70639,20214709900.0,67646,286.5,16,286.4,47,286.6,67,286.3,32,286.7,57,286.2,42,286.8,103,286.1,30,286.9,38,286.0,37
1597988421633359872,1597988421928000000,2020-08-21 13:40:21.928000,286.5,289.3,284.3,289.0,nan,286.2,70641,20215282900.0,67646,286.5,20,286.4,47,286.6,67,286.3,33,286.7,57,286.2,42,286.8,103,286.1,30,286.9,38,286.0,37
1597988422121202944,1597988422401999872,2020-08-21 13:40:22.402000,286.5,289.3,284.3,289.0,nan,286.2,70641,20215282900.0,67646,286.5,21,286.4,47,286.6,67,286.3,33,286.7,57,286.2,42,286.8,103,286.1,30,286.9,38,286.0,37
1597988422644410880,1597988422921999872,2020-08-21 13:40:22.922000,286.5,289.3,284.3,289.0,nan,286.2,70641,20215282900.0,67646,286.5,22,286.4,47,286.6,66,286.3,33,286.7,57,286.2,42,286.8,103,286.1,30,286.9,38,286.0,37
1597988423631426048,1597988423857000192,2020-08-21 13:40:23.857000,286.5,289.3,284.3,289.0,nan,286.2,70642,20215569400.0,67646,286.5,21,286.4,47,286.6,66,286.3,33,286.7,57,286.2,42,286.8,103,286.1,30,286.9,38,286.0,37
1597988424657869056,1597988424924000000,2020-08-21 13:40:24.924000,286.5,289.3,284.3,289.0,nan,286.2,70642,20215569400.0,67646,286.5,20,286.4,47,286.6,66,286.3,33,286.7,57,286.2,42,286.8,103,286.1,30,286.9,38,286.0,37
1597988425120416000,1597988425424999936,2020-08-21 13:40:25.425000,286.5,289.3,284.3,289.0,nan,286.2,70642,20215569400.0,67646,286.5,19,286.4,47,286.6,67,286.3,33,286.7,57,286.2,42,286.8,103,286.1,30,286.9,38,286.0,37
1597988425625193984,1597988425930000128,2020-08-21 13:40:25.930000,286.4,289.3,284.3,289.0,nan,286.2,70657,20219865400.0,67634,286.5,20,286.4,32,286.6,65,286.3,33,286.7,55,286.2,40,286.8,103,286.1,30,286.9,38,286.0,37
1597988426269968896,1597988426431000064,2020-08-21 13:40:26.431000,286.4,289.3,284.3,289.0,nan,286.2,70659,20220438200.0,67633,286.5,19,286.4,29,286.6,66,286.3,35,286.7,55,286.2,40,286.8,103,286.1,30,286.9,38,286.0,37
1597988426777566976,1597988426934000128,2020-08-21 13:40:26.934000,286.4,289.3,284.3,289.0,nan,286.2,70659,20220438200.0,67633,286.5,19,286.4,31,286.6,67,286.3,35,286.7,57,286.2,42,286.8,103,286.1,30,286.9,38,286.0,37
1597988427144936960,1597988427434000128,2020-08-21 13:40:27.434000,286.4,289.3,284.3,289.0,nan,286.2,70659,20220438200.0,67633,286.5,23,286.4,32,286.6,67,286.3,35,286.7,57,286.2,42,286.8,103,286.1,30,286.9,38,286.0,37
1597988427624430080,1597988427918999808,2020-08-21 13:40:27.919000,286.4,289.3,284.3,289.0,nan,286.2,70659,20220438200.0,67633,286.5,23,286.4,31,286.6,65,286.3,35,286.7,58,286.2,42,286.8,103,286.1,30,286.9,38,286.0,37
1597988428124869888,1597988428412000000,2020-08-21 13:40:28.412000,286.4,289.3,284.3,289.0,nan,286.2,70659,20220438200.0,67633,286.5,23,286.4,34,286.6,65,286.3,35,286.7,57,286.2,41,286.8,103,286.1,30,286.9,38,286.0,37
1597988428603143936,1597988428924999936,2020-08-21 13:40:28.925000,286.4,289.3,284.3,289.0,nan,286.2,70659,20220438200.0,67633,286.5,25,286.4,35,286.6,65,286.3,35,286.7,59,286.2,43,286.8,103,286.1,30,286.9,38,286.0,37
1597988429134106880,1597988429424999936,2020-08-21 13:40:29.425000,286.5,289.3,284.3,289.0,nan,286.2,70661,20221011200.0,67633,286.5,24,286.4,35,286.6,65,286.3,35,286.7,57,286.2,41,286.8,103,286.1,30,286.9,38,286.0,37
1597988429610227968,1597988429936999936,2020-08-21 13:40:29.937000,286.5,289.3,284.3,289.0,nan,286.2,70661,20221011200.0,67633,286.5,25,286.4,36,286.6,65,286.3,35,286.7,58,286.2,42,286.8,103,286.1,30,286.9,38,286.0,38
1597988430630327040,1597988430927000064,2020-08-21 13:40:30.927000,286.4,289.3,284.3,289.0,nan,286.2,70662,20221297600.0,67634,286.5,25,286.4,34,286.6,65,286.3,35,286.7,58,286.2,42,286.8,103,286.1,30,286.9,38,286.0,38
1597988434114183936,1597988434405999872,2020-08-21 13:40:34.406000,286.4,289.3,284.3,289.0,nan,286.2,70662,20221297600.0,67634,286.5,25,286.4,34,286.6,66,286.3,36,286.7,58,286.2,42,286.8,103,286.1,30,286.9,38,286.0,38
1597988434629069056,1597988434923000064,2020-08-21 13:40:34.923000,286.4,289.3,284.3,289.0,nan,286.2,70662,20221297600.0,67634,286.5,25,286.4,34,286.6,64,286.3,35,286.7,58,286.2,42,286.8,103,286.1,30,286.9,38,286.0,38
1597988435130853120,1597988435428999936,2020-08-21 13:40:35.429000,286.4,289.3,284.3,289.0,nan,286.2,70662,20221297600.0,67634,286.5,26,286.4,34,286.6,64,286.3,35,286.7,58,286.2,42,286.8,103,286.1,30,286.9,38,286.0,38
1597988436172928000,1597988436435000064,2020-08-21 13:40:36.435000,286.4,289.3,284.3,289.0,nan,286.2,70662,20221297600.0,67634,286.5,28,286.4,34,286.6,64,286.3,35,286.7,58,286.2,42,286.8,103,286.1,30,286.9,38,286.0,38
1597988436596641024,1597988436894000128,2020-08-21 13:40:36.894000,286.5,289.3,284.3,289.0,nan,286.2,70663,20221584100.0,67635,286.5,27,286.4,34,286.6,64,286.3,35,286.7,58,286.2,42,286.8,103,286.1,30,286.9,38,286.0,38
1597988438155478016,1597988438430000128,2020-08-21 13:40:38.430000,286.4,289.3,284.3,289.0,nan,286.2,70664,20221870500.0,67634,286.5,27,286.4,33,286.6,64,286.3,35,286.7,58,286.2,42,286.8,103,286.1,30,286.9,38,286.0,38
1597988438629073920,1597988438938999808,2020-08-21 13:40:38.939000,286.4,289.3,284.3,289.0,nan,286.2,70666,20222443300.0,67632,286.5,27,286.4,30,286.6,64,286.3,35,286.7,58,286.2,42,286.8,103,286.1,30,286.9,38,286.0,38
1597988439142938112,1597988439433000192,2020-08-21 13:40:39.433000,286.4,289.3,284.3,289.0,nan,286.2,70666,20222443300.0,67632,286.5,27,286.4,30,286.6,64,286.3,37,286.7,58,286.2,42,286.8,103,286.1,30,286.9,38,286.0,38
1597988439640363008,1597988439926000128,2020-08-21 13:40:39.926000,286.4,289.3,284.3,289.0,nan,286.2,70666,20222443300.0,67632,286.5,28,286.4,30,286.6,64,286.3,37,286.7,58,286.2,42,286.8,103,286.1,30,286.9,38,286.0,38
1597988440615951872,1597988440938999808,2020-08-21 13:40:40.939000,286.4,289.3,284.3,289.0,nan,286.2,70667,20222729700.0,67632,286.5,28,286.4,29,286.6,64,286.3,37,286.7,58,286.2,42,286.8,103,286.1,30,286.9,38,286.0,38
1597988442153913088,1597988442428000000,2020-08-21 13:40:42.428000,286.4,289.3,284.3,289.0,nan,286.2,70667,20222729700.0,67632,286.5,28,286.4,30,286.6,64,286.3,37,286.7,58,286.2,42,286.8,103,286.1,30,286.9,38,286.0,38
1597988443119812096,1597988443434000128,2020-08-21 13:40:43.434000,286.4,289.3,284.3,289.0,nan,286.2,70667,20222729700.0,67632,286.5,28,286.4,31,286.6,64,286.3,37,286.7,58,286.2,42,286.8,103,286.1,30,286.9,38,286.0,38
1597988443648173056,1597988443938999808,2020-08-21 13:40:43.939000,286.4,289.3,284.3,289.0,nan,286.2,70667,20222729700.0,67632,286.5,28,286.4,31,286.6,64,286.3,37,286.7,57,286.2,42,286.8,103,286.1,30,286.9,38,286.0,38
1597988445149073920,1597988445427000064,2020-08-21 13:40:45.427000,286.5,289.3,284.3,289.0,nan,286.2,70668,20223016200.0,67631,286.5,28,286.4,31,286.6,64,286.3,37,286.7,57,286.2,42,286.8,103,286.1,30,286.9,38,286.0,38
1597988445621690112,1597988445926000128,2020-08-21 13:40:45.926000,286.5,289.3,284.3,289.0,nan,286.2,70670,20223589200.0,67631,286.5,26,286.4,34,286.6,64,286.3,37,286.7,57,286.2,42,286.8,103,286.1,30,286.9,38,286.0,38
1597988446141050112,1597988446435000064,2020-08-21 13:40:46.435000,286.5,289.3,284.3,289.0,nan,286.2,70670,20223589200.0,67631,286.5,26,286.4,36,286.6,64,286.3,37,286.7,57,286.2,42,286.8,103,286.1,30,286.9,38,286.0,43
1597988447114883072,1597988447360999936,2020-08-21 13:40:47.361000,286.5,289.3,284.3,289.0,nan,286.2,70670,20223589200.0,67631,286.5,26,286.4,36,286.6,64,286.3,37,286.7,57,286.2,42,286.8,103,286.1,33,286.9,38,286.0,43
1597988447611270912,1597988447936999936,2020-08-21 13:40:47.937000,286.5,289.3,284.3,289.0,nan,286.2,70670,20223589200.0,67631,286.5,27,286.4,36,286.6,65,286.3,37,286.7,57,286.2,42,286.8,103,286.1,33,286.9,38,286.0,43
1597988449620303104,1597988449894000128,2020-08-21 13:40:49.894000,286.5,289.3,284.3,289.0,nan,286.2,70670,20223589200.0,67631,286.5,28,286.4,36,286.6,65,286.3,37,286.7,57,286.2,42,286.8,103,286.1,33,286.9,38,286.0,43
1597988451110481920,1597988451423000064,2020-08-21 13:40:51.423000,286.4,289.3,284.3,289.0,nan,286.2,70672,20224162000.0,67629,286.5,28,286.4,34,286.6,65,286.3,37,286.7,57,286.2,42,286.8,103,286.1,33,286.9,38,286.0,43
1597988451617702912,1597988451933000192,2020-08-21 13:40:51.933000,286.4,289.3,284.3,289.0,nan,286.2,70672,20224162000.0,67629,286.5,28,286.4,34,286.6,65,286.3,32,286.7,57,286.2,42,286.8,103,286.1,33,286.9,38,286.0,43
1597988454128856064,1597988454428000000,2020-08-21 13:40:54.428000,286.4,289.3,284.3,289.0,nan,286.2,70672,20224162000.0,67629,286.5,29,286.4,34,286.6,64,286.3,32,286.7,57,286.2,42,286.8,103,286.1,33,286.9,38,286.0,43
1597988454635744000,1597988454931000064,2020-08-21 13:40:54.931000,286.5,289.3,284.3,289.0,nan,286.2,70675,20225021300.0,67628,286.5,28,286.4,31,286.6,64,286.3,32,286.7,57,286.2,42,286.8,103,286.1,33,286.9,38,286.0,43
1597988455123307008,1597988455435000064,2020-08-21 13:40:55.435000,286.5,289.3,284.3,289.0,nan,286.2,70675,20225021300.0,67628,286.5,28,286.4,36,286.6,64,286.3,32,286.7,57,286.2,42,286.8,103,286.1,33,286.9,38,286.0,43
1597988457607354880,1597988457931000064,2020-08-21 13:40:57.931000,286.5,289.3,284.3,289.0,nan,286.2,70675,20225021300.0,67628,286.5,29,286.4,36,286.6,64,286.3,32,286.7,57,286.2,42,286.8,103,286.1,33,286.9,38,286.0,43
1597988458116957952,1597988458434000128,2020-08-21 13:40:58.434000,286.5,289.3,284.3,289.0,nan,286.2,70675,20225021300.0,67628,286.5,30,286.4,36,286.6,64,286.3,32,286.7,57,286.2,42,286.8,103,286.1,33,286.9,38,286.0,43
1597988459127072000,1597988459404000000,2020-08-21 13:40:59.404000,286.5,289.3,284.3,289.0,nan,286.2,70675,20225021300.0,67628,286.5,31,286.4,37,286.6,64,286.3,32,286.7,57,286.2,42,286.8,103,286.1,33,286.9,38,286.0,43
1597988459622476032,1597988459904000000,2020-08-21 13:40:59.904000,286.5,289.3,284.3,289.0,nan,286.2,70675,20225021300.0,67628,286.5,31,286.4,36,286.6,64,286.3,32,286.7,57,286.2,42,286.8,103,286.1,33,286.9,38,286.0,43
1597988460148487936,1597988460424999936,2020-08-21 13:41:00.425000,286.5,289.3,284.3,289.0,nan,286.2,70675,20225021300.0,67628,286.5,31,286.4,37,286.6,64,286.3,32,286.7,57,286.2,42,286.8,103,286.1,33,286.9,38,286.0,43
1597988460614259968,1597988460937999872,2020-08-21 13:41:00.938000,286.4,289.3,284.3,289.0,nan,286.2,70682,20227026100.0,67625,286.5,31,286.4,29,286.6,62,286.3,32,286.7,56,286.2,41,286.8,103,286.1,33,286.9,38,286.0,43
1597988461116233984,1597988461427000064,2020-08-21 13:41:01.427000,286.3,289.3,284.3,289.0,nan,286.2,70716,20236763400.0,67616,286.4,2,286.3,27,286.5,35,286.2,41,286.6,64,286.1,34,286.7,54,286.0,43,286.8,102,285.9,16
1597988461628300032,1597988461891000064,2020-08-21 13:41:01.891000,286.3,289.3,284.3,289.0,nan,286.2,70718,20237336000.0,67615,286.4,21,286.3,20,286.5,35,286.2,36,286.6,62,286.1,40,286.7,46,286.0,44,286.8,101,285.9,16
1597988462174546944,1597988462420999936,2020-08-21 13:41:02.421000,286.3,289.3,284.3,289.0,nan,286.2,70718,20237336000.0,67615,286.4,26,286.3,18,286.5,36,286.2,37,286.6,64,286.1,43,286.7,45,286.0,45,286.8,101,285.9,16
1597988462632670976,1597988462911000064,2020-08-21 13:41:02.911000,286.3,289.3,284.3,289.0,nan,286.2,70718,20237336000.0,67615,286.4,28,286.3,18,286.5,38,286.2,37,286.6,63,286.1,46,286.7,45,286.0,45,286.8,101,285.9,16
1597988463131781120,1597988463430000128,2020-08-21 13:41:03.430000,286.3,289.3,284.3,289.0,nan,286.2,70718,20237336000.0,67615,286.4,30,286.3,18,286.5,38,286.2,37,286.6,62,286.1,45,286.7,45,286.0,45,286.8,101,285.9,16
1597988463614558976,1597988463935000064,2020-08-21 13:41:03.935000,286.3,289.3,284.3,289.0,nan,286.2,70718,20237336000.0,67615,286.4,31,286.3,18,286.5,38,286.2,38,286.6,66,286.1,49,286.7,45,286.0,45,286.8,101,285.9,16
1597988464144702976,1597988464432000000,2020-08-21 13:41:04.432000,286.3,289.3,284.3,289.0,nan,286.2,70718,20237336000.0,67615,286.4,31,286.3,18,286.5,38,286.2,38,286.6,64,286.1,47,286.7,45,286.0,45,286.8,101,285.9,16
1597988464626556928,1597988464926000128,2020-08-21 13:41:04.926000,286.3,289.3,284.3,289.0,nan,286.2,70718,20237336000.0,67615,286.4,31,286.3,19,286.5,38,286.2,38,286.6,65,286.1,48,286.7,45,286.0,45,286.8,101,285.9,16
1597988465154096896,1597988465426000128,2020-08-21 13:41:05.426000,286.3,289.3,284.3,289.0,nan,286.2,70718,20237336000.0,67615,286.4,31,286.3,19,286.5,37,286.2,38,286.6,65,286.1,48,286.7,45,286.0,45,286.8,101,285.9,16
1597988466622770944,1597988466938999808,2020-08-21 13:41:06.939000,286.3,289.3,284.3,289.0,nan,286.2,70718,20237336000.0,67615,286.4,32,286.3,19,286.5,36,286.2,38,286.6,65,286.1,48,286.7,45,286.0,45,286.8,101,285.9,16
1597988467112262912,1597988467434000128,2020-08-21 13:41:07.434000,286.3,289.3,284.3,289.0,nan,286.2,70718,20237336000.0,67615,286.4,32,286.3,20,286.5,36,286.2,38,286.6,65,286.1,49,286.7,45,286.0,45,286.8,101,285.9,16
1597988468156733952,1597988468428000000,2020-08-21 13:41:08.428000,286.3,289.3,284.3,289.0,nan,286.2,70718,20237336000.0,67615,286.4,31,286.3,20,286.5,36,286.2,38,286.6,65,286.1,49,286.7,45,286.0,45,286.8,101,285.9,16
1597988468611862016,1597988468913000192,2020-08-21 13:41:08.913000,286.3,289.3,284.3,289.0,nan,286.2,70718,20237336000.0,67615,286.4,31,286.3,21,286.5,36,286.2,38,286.6,64,286.1,49,286.7,45,286.0,45,286.8,101,285.9,16
1597988469153384960,1597988469435000064,2020-08-21 13:41:09.435000,286.3,289.3,284.3,289.0,nan,286.2,70718,20237336000.0,67615,286.4,31,286.3,22,286.5,36,286.2,38,286.6,64,286.1,48,286.7,45,286.0,45,286.8,101,285.9,16
1597988470108369920,1597988470438999808,2020-08-21 13:41:10.439000,286.3,289.3,284.3,289.0,nan,286.2,70718,20237336000.0,67615,286.4,31,286.3,22,286.5,36,286.2,38,286.6,64,286.1,49,286.7,45,286.0,45,286.8,101,285.9,16
1597988471157277952,1597988471436000000,2020-08-21 13:41:11.436000,286.4,289.3,284.3,289.0,nan,286.2,70719,20237622400.0,67615,286.4,30,286.3,22,286.5,36,286.2,38,286.6,64,286.1,49,286.7,45,286.0,45,286.8,101,285.9,16
1597988471606994944,1597988471927000064,2020-08-21 13:41:11.927000,286.4,289.3,284.3,289.0,nan,286.2,70719,20237622400.0,67615,286.4,31,286.3,22,286.5,36,286.2,38,286.6,64,286.1,49,286.7,45,286.0,45,286.8,101,285.9,16
1597988472125967872,1597988472436999936,2020-08-21 13:41:12.437000,286.4,289.3,284.3,289.0,nan,286.2,70719,20237622400.0,67615,286.4,31,286.3,22,286.5,36,286.2,38,286.6,64,286.1,49,286.7,43,286.0,45,286.8,101,285.9,16
1597988473111634944,1597988473436000000,2020-08-21 13:41:13.436000,286.3,289.3,284.3,289.0,nan,286.2,70720,20237908700.0,67614,286.4,32,286.3,21,286.5,36,286.2,38,286.6,64,286.1,50,286.7,43,286.0,45,286.8,101,285.9,16
1597988474152510976,1597988474404000000,2020-08-21 13:41:14.404000,286.3,289.3,284.3,289.0,nan,286.2,70721,20238195000.0,67614,286.4,32,286.3,20,286.5,36,286.2,38,286.6,64,286.1,50,286.7,43,286.0,45,286.8,101,285.9,16
1597988474604518912,1597988474933000192,2020-08-21 13:41:14.933000,286.3,289.3,284.3,289.0,nan,286.2,70721,20238195000.0,67614,286.4,32,286.3,18,286.5,36,286.2,38,286.6,64,286.1,51,286.7,43,286.0,45,286.8,101,285.9,16
1597988475136824064,1597988475437999872,2020-08-21 13:41:15.438000,286.3,289.3,284.3,289.0,nan,286.2,70739,20243348400.0,67626,286.3,1,286.2,37,286.4,32,286.1,51,286.5,36,286.0,45,286.6,64,285.9,16,286.7,43,285.8,19
1597988475622046976,1597988475930000128,2020-08-21 13:41:15.930000,286.2,289.3,284.3,289.0,nan,286.2,70740,20243634600.0,67626,286.3,13,286.2,30,286.4,28,286.1,45,286.5,36,286.0,51,286.6,56,285.9,17,286.7,42,285.8,19
1597988476133158912,1597988476435000064,2020-08-21 13:41:16.435000,286.2,289.3,284.3,289.0,nan,286.2,70740,20243634600.0,67626,286.3,16,286.2,30,286.4,33,286.1,45,286.5,35,286.0,53,286.6,55,285.9,17,286.7,42,285.8,19
1597988476617403904,1597988476928000000,2020-08-21 13:41:16.928000,286.2,289.3,284.3,289.0,nan,286.2,70740,20243634600.0,67626,286.3,16,286.2,30,286.4,34,286.1,46,286.5,37,286.0,55,286.6,55,285.9,17,286.7,42,285.8,19
1597988477139195904,1597988477436000000,2020-08-21 13:41:17.436000,286.2,289.3,284.3,289.0,nan,286.2,70741,20243920800.0,67625,286.3,16,286.2,28,286.4,34,286.1,46,286.5,35,286.0,53,286.6,55,285.9,17,286.7,42,285.8,19
1597988477641615104,1597988477934000128,2020-08-21 13:41:17.934000,286.2,289.3,284.3,289.0,nan,286.2,70741,20243920800.0,67625,286.3,16,286.2,29,286.4,31,286.1,47,286.5,36,286.0,54,286.6,55,285.9,17,286.7,42,285.8,19
1597988478164705024,1597988478432000000,2020-08-21 13:41:18.432000,286.3,289.3,284.3,289.0,nan,286.2,70759,20249074200.0,67641,286.4,32,286.3,2,286.5,35,286.2,31,286.6,55,286.1,47,286.7,42,286.0,54,286.8,101,285.9,17
1597988478636293888,1597988478927000064,2020-08-21 13:41:18.927000,286.3,289.3,284.3,289.0,nan,286.2,70762,20249933100.0,67641,286.3,5,286.2,36,286.4,26,286.1,48,286.5,31,286.0,45,286.6,61,285.9,16,286.7,43,285.8,19
1597988479141664000,1597988479433000192,2020-08-21 13:41:19.433000,286.3,289.3,284.3,289.0,nan,286.2,70763,20250219400.0,67641,286.3,5,286.2,33,286.4,33,286.1,49,286.5,32,286.0,51,286.6,57,285.9,17,286.7,42,285.8,19
1597988479637018112,1597988479936000000,2020-08-21 13:41:19.936000,286.3,289.3,284.3,289.0,nan,286.2,70769,20251937200.0,67644,286.4,33,286.3,5,286.5,34,286.2,33,286.6,55,286.1,46,286.7,42,286.0,53,286.8,101,285.9,17
1597988480133221888,1597988480416999936,2020-08-21 13:41:20.417000,286.3,289.3,284.3,289.0,nan,286.2,70776,20253941300.0,67647,286.4,24,286.2,37,286.5,31,286.1,49,286.6,63,286.0,45,286.7,43,285.9,16,286.8,101,285.8,19
1597988480627470080,1597988480903000064,2020-08-21 13:41:20.903000,286.3,289.3,284.3,289.0,nan,286.2,70776,20253941300.0,67647,286.4,26,286.2,37,286.5,37,286.1,49,286.6,59,286.0,49,286.7,42,285.9,17,286.8,101,285.8,19
1597988481137760000,1597988481438999808,2020-08-21 13:41:21.439000,286.3,289.3,284.3,289.0,nan,286.2,70776,20253941300.0,67647,286.4,26,286.2,37,286.5,40,286.1,50,286.6,60,286.0,49,286.7,42,285.9,17,286.8,101,285.8,19
1597988482118278912,1597988482430000128,2020-08-21 13:41:22.430000,286.3,289.3,284.3,289.0,nan,286.2,70776,20253941300.0,67647,286.4,27,286.2,37,286.5,39,286.1,51,286.6,60,286.0,49,286.7,42,285.9,17,286.8,101,285.8,19
1597988482633491968,1597988482936000000,2020-08-21 13:41:22.936000,286.2,289.3,284.3,289.0,nan,286.2,70785,20256517100.0,67652,286.3,3,286.2,28,286.4,27,286.1,51,286.5,39,286.0,49,286.6,60,285.9,17,286.7,42,285.8,19
1597988483127930112,1597988483434000128,2020-08-21 13:41:23.434000,286.2,289.3,284.3,289.0,nan,286.2,70785,20256517100.0,67652,286.3,5,286.2,27,286.4,29,286.1,47,286.5,37,286.0,52,286.6,56,285.9,17,286.7,42,285.8,19
1597988483619595008,1597988483932000000,2020-08-21 13:41:23.932000,286.2,289.3,284.3,289.0,nan,286.2,70785,20256517100.0,67652,286.3,7,286.2,27,286.4,30,286.1,46,286.5,40,286.0,54,286.6,55,285.9,17,286.7,42,285.8,19
1597988484131655936,1597988484434000128,2020-08-21 13:41:24.434000,286.2,289.3,284.3,289.0,nan,286.2,70785,20256517100.0,67652,286.3,7,286.2,27,286.4,31,286.1,47,286.5,43,286.0,56,286.6,55,285.9,17,286.7,42,285.8,19
1597988484611837952,1597988484915000064,2020-08-21 13:41:24.915000,286.3,289.3,284.3,289.0,nan,286.2,70792,20258521200.0,67655,286.4,31,286.3,1,286.5,41,286.2,29,286.6,55,286.1,46,286.7,42,286.0,54,286.8,101,285.9,17
1597988485139503104,1597988485431000064,2020-08-21 13:41:25.431000,286.3,289.3,284.3,289.0,nan,286.2,70794,20259093800.0,67655,286.4,26,286.3,2,286.5,38,286.2,30,286.6,62,286.1,51,286.7,43,286.0,45,286.8,101,285.9,16
1597988485640513024,1597988486210000128,2020-08-21 13:41:26.210000,286.3,289.3,284.3,289.0,nan,286.2,70794,20259093800.0,67655,286.4,25,286.3,4,286.5,38,286.2,31,286.6,65,286.1,53,286.7,43,286.0,45,286.8,101,285.9,16
1597988486158223872,1597988486437999872,2020-08-21 13:41:26.438000,286.3,289.3,284.3,289.0,nan,286.2,70794,20259093800.0,67655,286.4,24,286.3,8,286.5,39,286.2,31,286.6,65,286.1,52,286.7,43,286.0,45,286.8,101,285.9,16
1597988486627237120,1597988486928000000,2020-08-21 13:41:26.928000,286.3,289.3,284.3,289.0,nan,286.2,70795,20259380100.0,67656,286.4,25,286.3,7,286.5,41,286.2,32,286.6,63,286.1,50,286.7,43,286.0,45,286.8,101,285.9,16
1597988487134260992,1597988487435000064,2020-08-21 13:41:27.435000,286.3,289.3,284.3,289.0,nan,286.2,70795,20259380100.0,67656,286.4,27,286.3,7,286.5,41,286.2,34,286.6,65,286.1,52,286.7,43,286.0,45,286.8,101,285.9,16
1597988487610302976,1597988487936999936,2020-08-21 13:41:27.937000,286.3,289.3,284.3,289.0,nan,286.2,70795,20259380100.0,67656,286.4,27,286.3,4,286.5,41,286.2,35,286.6,63,286.1,50,286.7,43,286.0,45,286.8,101,285.9,16
1597988488125178880,1597988488431000064,2020-08-21 13:41:28.431000,286.3,289.3,284.3,289.0,nan,286.2,70799,20260525300.0,67654,286.3,6,286.2,34,286.4,27,286.1,52,286.5,41,286.0,46,286.6,64,285.9,16,286.7,43,285.8,19
1597988488657543936,1597988488936999936,2020-08-21 13:41:28.937000,286.3,289.3,284.3,289.0,nan,286.2,70799,20260525300.0,67654,286.3,9,286.2,28,286.4,33,286.1,46,286.5,40,286.0,52,286.6,56,285.9,17,286.7,42,285.8,19
1597988489168568064,1597988489436000000,2020-08-21 13:41:29.436000,286.3,289.3,284.3,289.0,nan,286.2,70799,20260525300.0,67654,286.3,10,286.2,28,286.4,36,286.1,46,286.5,42,286.0,54,286.6,55,285.9,17,286.7,42,285.8,19
1597988489624454912,1597988489936999936,2020-08-21 13:41:29.937000,286.3,289.3,284.3,289.0,nan,286.2,70800,20260811600.0,67654,286.3,11,286.2,28,286.4,37,286.1,47,286.5,44,286.0,56,286.6,55,285.9,17,286.7,42,285.8,19
1597988490156836096,1597988490401999872,2020-08-21 13:41:30.402000,286.3,289.3,284.3,289.0,nan,286.2,70803,20261670500.0,67654,286.3,8,286.2,28,286.4,37,286.1,47,286.5,43,286.0,54,286.6,55,285.9,17,286.7,42,285.8,19
1597988490641180928,1597988490935000064,2020-08-21 13:41:30.935000,286.3,289.3,284.3,289.0,nan,286.2,70806,20262529400.0,67654,286.3,3,286.2,28,286.4,37,286.1,47,286.5,44,286.0,55,286.6,55,285.9,17,286.7,42,285.8,19
1597988491122825984,1597988491427000064,2020-08-21 13:41:31.427000,286.3,289.3,284.3,289.0,nan,286.2,70809,20263388300.0,67655,286.4,36,286.3,1,286.5,45,286.2,28,286.6,55,286.1,46,286.7,42,286.0,55,286.8,101,285.9,17
1597988491624417024,1597988491914000128,2020-08-21 13:41:31.914000,286.3,289.3,284.3,289.0,nan,286.2,70809,20263388300.0,67655,286.4,30,286.3,5,286.5,40,286.2,31,286.6,60,286.1,49,286.7,43,286.0,46,286.8,101,285.9,16
1597988492126042880,1597988492431000064,2020-08-21 13:41:32.431000,286.3,289.3,284.3,289.0,nan,286.2,70809,20263388300.0,67655,286.4,28,286.3,7,286.5,41,286.2,33,286.6,64,286.1,51,286.7,43,286.0,46,286.8,101,285.9,16
1597988492641828096,1597988492917999872,2020-08-21 13:41:32.918000,286.3,289.3,284.3,289.0,nan,286.2,70809,20263388300.0,67655,286.4,29,286.3,8,286.5,42,286.2,34,286.6,62,286.1,49,286.7,43,286.0,46,286.8,101,285.9,16
1597988493159884032,1597988493436999936,2020-08-21 13:41:33.437000,286.3,289.3,284.3,289.0,nan,286.2,70809,20263388300.0,67655,286.4,29,286.3,8,286.5,42,286.2,34,286.6,63,286.1,50,286.7,43,286.0,46,286.8,101,285.9,16
1597988493651561984,1597988493933000192,2020-08-21 13:41:33.933000,286.3,289.3,284.3,289.0,nan,286.2,70809,20263388300.0,67655,286.4,32,286.3,9,286.5,41,286.2,35,286.6,63,286.1,51,286.7,43,286.0,46,286.8,101,285.9,16
1597988494626365952,1597988494912000000,2020-08-21 13:41:34.912000,286.3,289.3,284.3,289.0,nan,286.2,70809,20263388300.0,67655,286.4,31,286.3,9,286.5,41,286.2,35,286.6,63,286.1,51,286.7,43,286.0,46,286.8,101,285.9,16
1597988495142667008,1597988495416000000,2020-08-21 13:41:35.416000,286.3,289.3,284.3,289.0,nan,286.2,70810,20263674600.0,67654,286.4,31,286.3,8,286.5,41,286.2,35,286.6,63,286.1,51,286.7,43,286.0,46,286.8,101,285.9,16
1597988495626672896,1597988495935000064,2020-08-21 13:41:35.935000,286.3,289.3,284.3,289.0,nan,286.2,70810,20263674600.0,67654,286.4,31,286.3,8,286.5,41,286.2,36,286.6,62,286.1,51,286.7,43,286.0,46,286.8,101,285.9,16
1597988497115474944,1597988497436000000,2020-08-21 13:41:37.436000,286.3,289.3,284.3,289.0,nan,286.2,70810,20263674600.0,67654,286.4,31,286.3,8,286.5,41,286.2,37,286.6,62,286.1,51,286.7,43,286.0,46,286.8,101,285.9,16
1597988497617549056,1597988497903000064,2020-08-21 13:41:37.903000,286.3,289.3,284.3,289.0,nan,286.2,70810,20263674600.0,67654,286.4,30,286.3,8,286.5,41,286.2,38,286.6,62,286.1,51,286.7,43,286.0,46,286.8,101,285.9,16
1597988498151480064,1597988498437999872,2020-08-21 13:41:38.438000,286.3,289.3,284.3,289.0,nan,286.2,70810,20263674600.0,67654,286.4,29,286.3,9,286.5,41,286.2,38,286.6,62,286.1,51,286.7,43,286.0,46,286.8,101,285.9,16
1597988498616687104,1597988498930000128,2020-08-21 13:41:38.930000,286.3,289.3,284.3,289.0,nan,286.2,70810,20263674600.0,67654,286.4,29,286.3,10,286.5,41,286.2,38,286.6,62,286.1,51,286.7,43,286.0,46,286.8,101,285.9,16
1597988499152709120,1597988499424000000,2020-08-21 13:41:39.424000,286.3,289.3,284.3,289.0,nan,286.2,70810,20263674600.0,67654,286.4,29,286.3,12,286.5,41,286.2,38,286.6,62,286.1,51,286.7,43,286.0,46,286.8,101,285.9,16
1597988499619663104,1597988499934000128,2020-08-21 13:41:39.934000,286.3,289.3,284.3,289.0,nan,286.2,70810,20263674600.0,67654,286.4,29,286.3,12,286.5,41,286.2,38,286.6,62,286.1,51,286.7,43,286.0,46,286.8,100,285.9,16
1597988500616157952,1597988500921999872,2020-08-21 13:41:40.922000,286.3,289.3,284.3,289.0,nan,286.2,70810,20263674600.0,67654,286.4,30,286.3,12,286.5,41,286.2,38,286.6,62,286.1,51,286.7,43,286.0,46,286.8,100,285.9,16
1597988501623057920,1597988501934000128,2020-08-21 13:41:41.934000,286.3,289.3,284.3,289.0,nan,286.2,70810,20263674600.0,67654,286.4,30,286.3,13,286.5,41,286.2,38,286.6,62,286.1,51,286.7,43,286.0,46,286.8,100,285.9,16
1597988502160240896,1597988502404999936,2020-08-21 13:41:42.405000,286.3,289.3,284.3,289.0,nan,286.2,70810,20263674600.0,67654,286.4,30,286.3,21,286.5,41,286.2,38,286.6,62,286.1,51,286.7,43,286.0,46,286.8,100,285.9,16
1597988502626270976,1597988502908999936,2020-08-21 13:41:42.909000,286.3,289.3,284.3,289.0,nan,286.2,70810,20263674600.0,67654,286.4,30,286.3,24,286.5,41,286.2,36,286.6,61,286.1,51,286.7,43,286.0,46,286.8,100,285.9,16
1597988503130838016,1597988503397000192,2020-08-21 13:41:43.397000,286.3,289.3,284.3,289.0,nan,286.2,70810,20263674600.0,67654,286.4,28,286.3,25,286.5,41,286.2,36,286.6,62,286.1,52,286.7,43,286.0,46,286.8,100,285.9,16
1597988503635111936,1597988503921999872,2020-08-21 13:41:43.922000,286.3,289.3,284.3,289.0,nan,286.2,70810,20263674600.0,67654,286.4,27,286.3,25,286.5,41,286.2,36,286.6,62,286.1,52,286.7,43,286.0,46,286.8,100,285.9,16
1597988504127996928,1597988504430000128,2020-08-21 13:41:44.430000,286.3,289.3,284.3,289.0,nan,286.2,70811,20263960900.0,67655,286.4,27,286.3,24,286.5,41,286.2,36,286.6,63,286.1,52,286.7,43,286.0,46,286.8,100,285.9,16
1597988506125639936,1597988506427000064,2020-08-21 13:41:46.427000,286.3,289.3,284.3,289.0,nan,286.2,70811,20263960900.0,67655,286.4,29,286.3,24,286.5,41,286.2,36,286.6,63,286.1,52,286.7,43,286.0,46,286.8,100,285.9,16
1597988507125078016,1597988507423000064,2020-08-21 13:41:47.423000,286.3,289.3,284.3,289.0,nan,286.2,70811,20263960900.0,67655,286.4,29,286.3,24,286.5,41,286.2,36,286.6,64,286.1,52,286.7,43,286.0,46,286.8,100,285.9,16
1597988508628247040,1597988508938999808,2020-08-21 13:41:48.939000,286.3,289.3,284.3,289.0,nan,286.2,70811,20263960900.0,67655,286.4,30,286.3,24,286.5,41,286.2,36,286.6,64,286.1,52,286.7,43,286.0,46,286.8,100,285.9,16
1597988510125658112,1597988510437999872,2020-08-21 13:41:50.438000,286.3,289.3,284.3,289.0,nan,286.2,70811,20263960900.0,67655,286.4,30,286.3,24,286.5,41,286.2,36,286.6,64,286.1,53,286.7,43,286.0,46,286.8,100,285.9,16
1597988511155046912,1597988511416999936,2020-08-21 13:41:51.417000,286.3,289.3,284.3,289.0,nan,286.2,70811,20263960900.0,67655,286.4,30,286.3,24,286.5,40,286.2,36,286.6,64,286.1,53,286.7,43,286.0,46,286.8,100,285.9,16
1597988512113245952,1597988512430000128,2020-08-21 13:41:52.430000,286.3,289.3,284.3,289.0,nan,286.2,70811,20263960900.0,67655,286.4,31,286.3,25,286.5,40,286.2,36,286.6,64,286.1,53,286.7,43,286.0,46,286.8,100,285.9,16
1597988514620306944,1597988514895000064,2020-08-21 13:41:54.895000,286.3,289.3,284.3,289.0,nan,286.2,70821,20266823900.0,67652,286.4,31,286.3,15,286.5,40,286.2,36,286.6,64,286.1,53,286.7,43,286.0,46,286.8,100,285.9,16
1597988515115312128,1597988515438999808,2020-08-21 13:41:55.439000,286.3,289.3,284.3,289.0,nan,286.2,70821,20266823900.0,67652,286.4,31,286.3,8,286.5,40,286.2,38,286.6,64,286.1,53,286.7,43,286.0,46,286.8,100,285.9,16
1597988515627557120,1597988515927000064,2020-08-21 13:41:55.927000,286.3,289.3,284.3,289.0,nan,286.2,70821,20266823900.0,67652,286.4,31,286.3,7,286.5,40,286.2,38,286.6,64,286.1,53,286.7,43,286.0,46,286.8,100,285.9,16
1597988517151026944,1597988517398999808,2020-08-21 13:41:57.399000,286.4,289.3,284.3,289.0,nan,286.2,70822,20267110300.0,67652,286.4,30,286.3,9,286.5,40,286.2,38,286.6,64,286.1,53,286.7,43,286.0,46,286.8,100,285.9,16
1597988517628083968,1597988517930000128,2020-08-21 13:41:57.930000,286.4,289.3,284.3,289.0,nan,286.2,70822,20267110300.0,67652,286.4,32,286.3,10,286.5,40,286.2,38,286.6,64,286.1,53,286.7,43,286.0,46,286.8,100,285.9,16
1597988520628180992,1597988520937999872,2020-08-21 13:42:00.938000,286.4,289.3,284.3,289.0,nan,286.2,70822,20267110300.0,67652,286.4,42,286.3,10,286.5,40,286.2,38,286.6,64,286.1,53,286.7,43,286.0,46,286.8,100,285.9,16
1597988521120265984,1597988521368000000,2020-08-21 13:42:01.368000,286.4,289.3,284.3,289.0,nan,286.2,70822,20267110300.0,67652,286.4,44,286.3,9,286.5,38,286.2,38,286.6,64,286.1,53,286.7,43,286.0,46,286.8,100,285.9,16
1597988521631579904,1597988521926000128,2020-08-21 13:42:01.926000,286.4,289.3,284.3,289.0,nan,286.2,70822,20267110300.0,67652,286.4,44,286.3,5,286.5,38,286.2,38,286.6,64,286.1,53,286.7,43,286.0,46,286.8,100,285.9,16
1597988522135683072,1597988522437999872,2020-08-21 13:42:02.438000,286.4,289.3,284.3,289.0,nan,286.2,70822,20267110300.0,67652,286.4,44,286.3,6,286.5,38,286.2,38,286.6,64,286.1,53,286.7,43,286.0,46,286.8,100,285.9,16
1597988522647662080,1597988522936000000,2020-08-21 13:42:02.936000,286.4,289.3,284.3,289.0,nan,286.2,70822,20267110300.0,67652,286.4,44,286.3,6,286.5,38,286.2,39,286.6,64,286.1,53,286.7,43,286.0,46,286.8,100,285.9,16
1597988523154172928,1597988523721999872,2020-08-21 13:42:03.722000,286.4,289.3,284.3,289.0,nan,286.2,70823,20267396700.0,67653,286.4,43,286.3,7,286.5,38,286.2,39,286.6,64,286.1,53,286.7,43,286.0,46,286.8,100,285.9,16
1597988523620656128,1597988523927000064,2020-08-21 13:42:03.927000,286.4,289.3,284.3,289.0,nan,286.2,70836,20271119900.0,67648,286.4,30,286.3,13,286.5,38,286.2,38,286.6,63,286.1,52,286.7,43,286.0,46,286.8,100,285.9,16
1597988524128003072,1597988524427000064,2020-08-21 13:42:04.427000,286.3,289.3,284.3,289.0,nan,286.2,70838,20271692600.0,67649,286.4,25,286.3,23,286.5,40,286.2,36,286.6,63,286.1,52,286.7,43,286.0,46,286.8,100,285.9,16
1597988524616674048,1597988524913000192,2020-08-21 13:42:04.913000,286.3,289.3,284.3,289.0,nan,286.2,70838,20271692600.0,67649,286.4,25,286.3,26,286.5,38,286.2,35,286.6,66,286.1,53,286.7,43,286.0,46,286.8,100,285.9,16
1597988525121833984,1597988525421999872,2020-08-21 13:42:05.422000,286.3,289.3,284.3,289.0,nan,286.2,70838,20271692600.0,67649,286.4,24,286.3,28,286.5,36,286.2,35,286.6,67,286.1,52,286.7,44,286.0,45,286.8,100,285.9,16
1597988525624805120,1597988525935000064,2020-08-21 13:42:05.935000,286.3,289.3,284.3,289.0,nan,286.2,70838,20271692600.0,67649,286.4,25,286.3,30,286.5,37,286.2,35,286.6,67,286.1,52,286.7,44,286.0,45,286.8,100,285.9,16
1597988526134230016,1597988526364000000,2020-08-21 13:42:06.364000,286.3,289.3,284.3,289.0,nan,286.2,70838,20271692600.0,67649,286.4,25,286.3,31,286.5,38,286.2,35,286.6,67,286.1,52,286.7,44,286.0,45,286.8,100,285.9,16
1597988526622269952,1597988526920000000,2020-08-21 13:42:06.920000,286.3,289.3,284.3,289.0,nan,286.2,70838,20271692600.0,67649,286.4,15,286.3,31,286.5,38,286.2,35,286.6,67,286.1,52,286.7,44,286.0,45,286.8,100,285.9,16
1597988527125645056,1597988527437999872,2020-08-21 13:42:07.438000,286.3,289.3,284.3,289.0,nan,286.2,70838,20271692600.0,67649,286.4,11,286.3,31,286.5,39,286.2,34,286.6,68,286.1,52,286.7,44,286.0,45,286.8,100,285.9,16
1597988527622082048,1597988527927000064,2020-08-21 13:42:07.927000,286.3,289.3,284.3,289.0,nan,286.2,70838,20271692600.0,67649,286.4,11,286.3,32,286.5,39,286.2,34,286.6,67,286.1,51,286.7,44,286.0,45,286.8,100,285.9,16
1597988528133924096,1597988528432000000,2020-08-21 13:42:08.432000,286.3,289.3,284.3,289.0,nan,286.2,70839,20271978900.0,67650,286.4,11,286.3,31,286.5,40,286.2,35,286.6,69,286.1,53,286.7,44,286.0,45,286.8,100,285.9,16
1597988528621446912,1597988528936999936,2020-08-21 13:42:08.937000,286.4,289.3,284.3,289.0,nan,286.2,70841,20272551700.0,67650,286.4,9,286.3,31,286.5,40,286.2,35,286.6,67,286.1,51,286.7,44,286.0,45,286.8,100,285.9,16
1597988529146693888,1597988529418999808,2020-08-21 13:42:09.419000,286.4,289.3,284.3,289.0,nan,286.2,70841,20272551700.0,67650,286.4,9,286.3,31,286.5,40,286.2,35,286.6,68,286.1,52,286.7,44,286.0,45,286.8,100,285.9,16
1597988529607536128,1597988529934000128,2020-08-21 13:42:09.934000,286.4,289.3,284.3,289.0,nan,286.2,70843,20273124500.0,67651,286.4,7,286.3,31,286.5,40,286.2,35,286.6,68,286.1,52,286.7,44,286.0,45,286.8,100,285.9,16
1597988530131724032,1597988530427000064,2020-08-21 13:42:10.427000,286.3,289.3,284.3,289.0,nan,286.2,70844,20273410800.0,67651,286.4,7,286.3,30,286.5,40,286.2,35,286.6,68,286.1,52,286.7,47,286.0,45,286.8,100,285.9,16
1597988530639461120,1597988530936999936,2020-08-21 13:42:10.937000,286.3,289.3,284.3,289.0,nan,286.2,70844,20273410800.0,67651,286.4,7,286.3,30,286.5,40,286.2,35,286.6,68,286.1,51,286.7,47,286.0,45,286.8,100,285.9,16
1597988531127216896,1597988531428999936,2020-08-21 13:42:11.429000,286.3,289.3,284.3,289.0,nan,286.2,70844,20273410800.0,67651,286.4,7,286.3,30,286.5,40,286.2,35,286.6,68,286.1,51,286.7,47,286.0,44,286.8,100,285.9,16
1597988531648388096,1597988531934000128,2020-08-21 13:42:11.934000,286.3,289.3,284.3,289.0,nan,286.2,70844,20273410800.0,67651,286.4,7,286.3,30,286.5,40,286.2,35,286.6,68,286.1,51,286.7,47,286.0,43,286.8,100,285.9,16
1597988533620535040,1597988533936999936,2020-08-21 13:42:13.937000,286.3,289.3,284.3,289.0,nan,286.2,70844,20273410800.0,67651,286.4,7,286.3,32,286.5,40,286.2,35,286.6,68,286.1,51,286.7,47,286.0,43,286.8,100,285.9,16
1597988534617644032,1597988534926000128,2020-08-21 13:42:14.926000,286.4,289.3,284.3,289.0,nan,286.2,70845,20273697200.0,67652,286.4,6,286.3,32,286.5,41,286.2,35,286.6,68,286.1,51,286.7,47,286.0,43,286.8,100,285.9,16
1597988537162029056,1597988537436999936,2020-08-21 13:42:17.437000,286.4,289.3,284.3,289.0,nan,286.2,70845,20273697200.0,67652,286.4,6,286.3,32,286.5,41,286.2,37,286.6,68,286.1,51,286.7,49,286.0,43,286.8,100,285.9,16
1597988537607398912,1597988537928000000,2020-08-21 13:42:17.928000,286.4,289.3,284.3,289.0,nan,286.2,70845,20273697200.0,67652,286.4,6,286.3,32,286.5,41,286.2,35,286.6,68,286.1,51,286.7,47,286.0,43,286.8,100,285.9,16
1597988538177858048,1597988538427000064,2020-08-21 13:42:18.427000,286.4,289.3,284.3,289.0,nan,286.2,70845,20273697200.0,67652,286.4,7,286.3,32,286.5,41,286.2,35,286.6,68,286.1,51,286.7,47,286.0,43,286.8,100,285.9,16
1597988539145250048,1597988539407000064,2020-08-21 13:42:19.407000,286.4,289.3,284.3,289.0,nan,286.2,70845,20273697200.0,67652,286.4,7,286.3,32,286.5,41,286.2,35,286.6,68,286.1,51,286.7,47,286.0,43,286.8,100,285.9,15
1597988540136019968,1597988540433000192,2020-08-21 13:42:20.433000,286.4,289.3,284.3,289.0,nan,286.2,70845,20273697200.0,67652,286.4,8,286.3,32,286.5,41,286.2,36,286.6,68,286.1,51,286.7,47,286.0,43,286.8,100,285.9,15
1597988540625410048,1597988540915000064,2020-08-21 13:42:20.915000,286.4,289.3,284.3,289.0,nan,286.2,70851,20275415100.0,67650,286.4,8,286.3,27,286.5,41,286.2,36,286.6,68,286.1,51,286.7,47,286.0,43,286.8,100,285.9,15
1597988541161115904,1597988541416999936,2020-08-21 13:42:21.417000,286.4,289.3,284.3,289.0,nan,286.2,70851,20275415100.0,67650,286.4,11,286.3,27,286.5,41,286.2,37,286.6,68,286.1,50,286.7,47,286.0,43,286.8,100,285.9,15
1597988541620679936,1597988541936000000,2020-08-21 13:42:21.936000,286.4,289.3,284.3,289.0,nan,286.2,70852,20275701500.0,67651,286.4,10,286.3,27,286.5,41,286.2,37,286.6,67,286.1,50,286.7,47,286.0,43,286.8,100,285.9,15
1597988542124550912,1597988542404999936,2020-08-21 13:42:22.405000,286.4,289.3,284.3,289.0,nan,286.2,70852,20275701500.0,67651,286.4,11,286.3,27,286.5,40,286.2,37,286.6,67,286.1,50,286.7,47,286.0,43,286.8,100,285.9,15
1597988543624616960,1597988543901999872,2020-08-21 13:42:23.902000,286.4,289.3,284.3,289.0,nan,286.2,70852,20275701500.0,67651,286.4,12,286.3,27,286.5,40,286.2,37,286.6,67,286.1,50,286.7,47,286.0,43,286.8,100,285.9,15
1597988544626816000,1597988544898000128,2020-08-21 13:42:24.898000,286.4,289.3,284.3,289.0,nan,286.2,70852,20275701500.0,67651,286.4,12,286.3,26,286.5,40,286.2,37,286.6,67,286.1,50,286.7,47,286.0,43,286.8,100,285.9,15
1597988546618383872,1597988546937999872,2020-08-21 13:42:26.938000,286.4,289.3,284.3,289.0,nan,286.2,70852,20275701500.0,67651,286.4,12,286.3,26,286.5,41,286.2,38,286.6,69,286.1,52,286.7,47,286.0,43,286.8,100,285.9,15
1597988547166292992,1597988547426000128,2020-08-21 13:42:27.426000,286.4,289.3,284.3,289.0,nan,286.2,70852,20275701500.0,67651,286.4,12,286.3,27,286.5,41,286.2,37,286.6,67,286.1,50,286.7,47,286.0,43,286.8,100,285.9,15
1597988549177929984,1597988549428999936,2020-08-21 13:42:29.429000,286.4,289.3,284.3,289.0,nan,286.2,70852,20275701500.0,67651,286.4,11,286.3,27,286.5,41,286.2,37,286.6,67,286.1,50,286.7,47,286.0,43,286.8,100,285.9,15
1597988550174995968,1597988550432000000,2020-08-21 13:42:30.432000,286.4,289.3,284.3,289.0,nan,286.2,70852,20275701500.0,67651,286.4,11,286.3,28,286.5,41,286.2,37,286.6,67,286.1,50,286.7,47,286.0,43,286.8,100,285.9,15
1597988550619194112,1597988550926000128,2020-08-21 13:42:30.926000,286.4,289.3,284.3,289.0,nan,286.2,70852,20275701500.0,67651,286.4,12,286.3,28,286.5,41,286.2,37,286.6,67,286.1,50,286.7,47,286.0,43,286.8,100,285.9,15
1597988551613775872,1597988551920999936,2020-08-21 13:42:31.921000,286.3,289.3,284.3,289.0,nan,286.2,70853,20275987800.0,67650,286.4,12,286.3,27,286.5,41,286.2,37,286.6,67,286.1,50,286.7,47,286.0,43,286.8,100,285.9,15
1597988553137529088,1597988553437999872,2020-08-21 13:42:33.438000,286.3,289.3,284.3,289.0,nan,286.2,70853,20275987800.0,67650,286.4,12,286.3,27,286.5,41,286.2,37,286.6,68,286.1,50,286.7,47,286.0,43,286.8,100,285.9,15
1597988553638066944,1597988553920999936,2020-08-21 13:42:33.921000,286.4,289.3,284.3,289.0,nan,286.2,70854,20276274200.0,67651,286.4,11,286.3,27,286.5,41,286.2,37,286.6,68,286.1,50,286.7,47,286.0,43,286.8,100,285.9,15
1597988554602676992,1597988554935000064,2020-08-21 13:42:34.935000,286.4,289.3,284.3,289.0,nan,286.2,70854,20276274200.0,67651,286.4,11,286.3,28,286.5,41,286.2,37,286.6,68,286.1,50,286.7,47,286.0,43,286.8,100,285.9,15
1597988556613520896,1597988556924000000,2020-08-21 13:42:36.924000,286.4,289.3,284.3,289.0,nan,286.2,70854,20276274200.0,67651,286.4,11,286.3,28,286.5,41,286.2,37,286.6,68,286.1,50,286.7,47,286.0,44,286.8,100,285.9,15
1597988557614721024,1597988557924999936,2020-08-21 13:42:37.925000,286.4,289.3,284.3,289.0,nan,286.2,70854,20276274200.0,67651,286.4,11,286.3,28,286.5,41,286.2,37,286.6,68,286.1,50,286.7,48,286.0,44,286.8,100,285.9,15
1597988559148406016,1597988559437999872,2020-08-21 13:42:39.438000,286.3,289.3,284.3,289.0,nan,286.2,70855,20276560500.0,67650,286.4,12,286.3,27,286.5,41,286.2,37,286.6,68,286.1,50,286.7,48,286.0,44,286.8,100,285.9,15
1597988559665046016,1597988559936999936,2020-08-21 13:42:39.937000,286.3,289.3,284.3,289.0,nan,286.2,70855,20276560500.0,67650,286.4,13,286.3,20,286.5,41,286.2,37,286.6,68,286.1,50,286.7,48,286.0,44,286.8,100,285.9,15
1597988560152869120,1597988560430000128,2020-08-21 13:42:40.430000,286.3,289.3,284.3,289.0,nan,286.2,70874,20282000200.0,67646,286.3,5,286.2,38,286.4,14,286.1,49,286.5,39,286.0,44,286.6,67,285.9,15,286.7,48,285.8,19
1597988560625666048,1597988560904999936,2020-08-21 13:42:40.905000,286.3,289.3,284.3,289.0,nan,286.2,70876,20282572700.0,67647,286.3,8,286.2,28,286.4,20,286.1,44,286.5,38,286.0,50,286.6,56,285.9,16,286.7,46,285.8,19
1597988561163259904,1597988561426000128,2020-08-21 13:42:41.426000,286.3,289.3,284.3,289.0,nan,286.2,70876,20282572700.0,67647,286.3,11,286.2,30,286.4,26,286.1,46,286.5,42,286.0,53,286.6,55,285.9,16,286.7,46,285.8,19
1597988561637306880,1597988561931000064,2020-08-21 13:42:41.931000,286.3,289.3,284.3,289.0,nan,286.2,70876,20282572700.0,67647,286.3,12,286.2,30,286.4,27,286.1,47,286.5,44,286.0,55,286.6,55,285.9,16,286.7,46,285.8,19
1597988562146888960,1597988562428000000,2020-08-21 13:42:42.428000,286.3,289.3,284.3,289.0,nan,286.2,70876,20282572700.0,67647,286.3,12,286.2,30,286.4,29,286.1,47,286.5,42,286.0,53,286.6,55,285.9,16,286.7,46,285.8,19
1597988562632009984,1597988562928000000,2020-08-21 13:42:42.928000,286.3,289.3,284.3,289.0,nan,286.2,70879,20283431600.0,67647,286.3,9,286.2,30,286.4,29,286.1,47,286.5,43,286.0,54,286.6,55,285.9,16,286.7,46,285.8,19
1597988563111220992,1597988563430000128,2020-08-21 13:42:43.430000,286.3,289.3,284.3,289.0,nan,286.2,70880,20283717900.0,67647,286.3,8,286.2,30,286.4,29,286.1,47,286.5,43,286.0,54,286.6,55,285.9,16,286.7,46,285.8,19
1597988563645846016,1597988563936999936,2020-08-21 13:42:43.937000,286.3,289.3,284.3,289.0,nan,286.2,70881,20284004200.0,67647,286.3,6,286.2,32,286.4,30,286.1,47,286.5,43,286.0,54,286.6,55,285.9,16,286.7,46,285.8,19
1597988564169473024,1597988564436000000,2020-08-21 13:42:44.436000,286.3,289.3,284.3,289.0,nan,286.2,70882,20284290500.0,67648,286.3,3,286.2,32,286.4,30,286.1,47,286.5,43,286.0,54,286.6,55,285.9,16,286.7,46,285.8,19
1597988564623151104,1597988564935000064,2020-08-21 13:42:44.935000,286.3,289.3,284.3,289.0,nan,286.2,70882,20284290500.0,67648,286.3,2,286.2,32,286.4,29,286.1,46,286.5,44,286.0,54,286.6,55,285.9,16,286.7,46,285.8,19
1597988565145718016,1597988565430000128,2020-08-21 13:42:45.430000,286.3,289.3,284.3,289.0,nan,286.2,70884,20284863000.0,67649,286.3,1,286.2,32,286.4,30,286.1,47,286.5,44,286.0,54,286.6,55,285.9,16,286.7,46,285.8,19
1597988565617415936,1597988565936999936,2020-08-21 13:42:45.937000,286.3,289.3,284.3,289.0,nan,286.2,70884,20284863000.0,67649,286.3,1,286.2,33,286.4,30,286.1,47,286.5,44,286.0,55,286.6,55,285.9,16,286.7,46,285.8,19
1597988566142938112,1597988566436999936,2020-08-21 13:42:46.437000,286.3,289.3,284.3,289.0,nan,286.2,70885,20285149300.0,67650,286.4,30,286.2,34,286.5,44,286.1,47,286.6,55,286.0,55,286.7,46,285.9,16,286.8,100,285.8,19
1597988566643073024,1597988566917999872,2020-08-21 13:42:46.918000,286.3,289.3,284.3,289.0,nan,286.2,70885,20285149300.0,67650,286.4,27,286.2,35,286.5,43,286.1,48,286.6,57,286.0,50,286.7,46,285.9,16,286.8,100,285.8,19
1597988567161061888,1597988567430000128,2020-08-21 13:42:47.430000,286.3,289.3,284.3,289.0,nan,286.2,70885,20285149300.0,67650,286.4,33,286.2,35,286.5,42,286.1,50,286.6,59,286.0,49,286.7,46,285.9,16,286.8,100,285.8,19
1597988567620583936,1597988567912000000,2020-08-21 13:42:47.912000,286.3,289.3,284.3,289.0,nan,286.2,70885,20285149300.0,67650,286.3,2,286.2,36,286.4,34,286.1,52,286.5,42,286.0,49,286.6,61,285.9,16,286.7,46,285.8,19
1597988568163610880,1597988568436999936,2020-08-21 13:42:48.437000,286.3,289.3,284.3,289.0,nan,286.2,70885,20285149300.0,67650,286.3,6,286.2,35,286.4,36,286.1,46,286.5,41,286.0,52,286.6,55,285.9,16,286.7,46,285.8,19
1597988568610385920,1597988568924999936,2020-08-21 13:42:48.925000,286.3,289.3,284.3,289.0,nan,286.2,70886,20285435600.0,67651,286.3,4,286.2,34,286.4,36,286.1,46,286.5,44,286.0,56,286.6,55,285.9,16,286.7,46,285.8,19
1597988569134912000,1597988569435000064,2020-08-21 13:42:49.435000,286.3,289.3,284.3,289.0,nan,286.2,70886,20285435600.0,67651,286.3,3,286.2,34,286.4,36,286.1,47,286.5,43,286.0,54,286.6,55,285.9,16,286.7,46,285.8,19
1597988569619897088,1597988569936000000,2020-08-21 13:42:49.936000,286.3,289.3,284.3,289.0,nan,286.2,70886,20285435600.0,67651,286.3,4,286.2,34,286.4,37,286.1,47,286.5,44,286.0,55,286.6,55,285.9,16,286.7,46,285.8,19
1597988570166451968,1597988570428999936,2020-08-21 13:42:50.429000,286.3,289.3,284.3,289.0,nan,286.2,70886,20285435600.0,67651,286.3,5,286.2,34,286.4,37,286.1,47,286.5,44,286.0,55,286.6,55,285.9,16,286.7,46,285.8,19
1597988570615439104,1597988570931000064,2020-08-21 13:42:50.931000,286.3,289.3,284.3,289.0,nan,286.2,70886,20285435600.0,67651,286.3,5,286.2,34,286.4,39,286.1,47,286.5,43,286.0,55,286.6,55,285.9,16,286.7,46,285.8,19
1597988571163378944,1597988571435000064,2020-08-21 13:42:51.435000,286.3,289.3,284.3,289.0,nan,286.2,70886,20285435600.0,67651,286.3,7,286.2,34,286.4,39,286.1,47,286.5,43,286.0,55,286.6,55,285.9,16,286.7,46,285.8,19
1597988571607646976,1597988571936999936,2020-08-21 13:42:51.937000,286.3,289.3,284.3,289.0,nan,286.2,70886,20285435600.0,67651,286.3,8,286.2,34,286.4,39,286.1,47,286.5,43,286.0,55,286.6,55,285.9,16,286.7,46,285.8,19
1597988573157592064,1597988573428999936,2020-08-21 13:42:53.429000,286.3,289.3,284.3,289.0,nan,286.2,70886,20285435600.0,67651,286.3,8,286.2,34,286.4,39,286.1,47,286.5,42,286.0,55,286.6,55,285.9,16,286.7,46,285.8,19
1597988573620683008,1597988573935000064,2020-08-21 13:42:53.935000,286.3,289.3,284.3,289.0,nan,286.2,70886,20285435600.0,67651,286.3,8,286.2,34,286.4,40,286.1,47,286.5,43,286.0,55,286.6,55,285.9,16,286.7,46,285.8,19
1597988574138856960,1597988574424999936,2020-08-21 13:42:54.425000,286.3,289.3,284.3,289.0,nan,286.2,70886,20285435600.0,67651,286.3,8,286.2,35,286.4,43,286.1,47,286.5,43,286.0,55,286.6,55,285.9,16,286.7,46,285.8,19
1597988574609209088,1597988574927000064,2020-08-21 13:42:54.927000,286.3,289.3,284.3,289.0,nan,286.2,70887,20285721900.0,67652,286.3,7,286.2,35,286.4,43,286.1,47,286.5,43,286.0,55,286.6,55,285.9,16,286.7,46,285.8,19
1597988575117211904,1597988575414000128,2020-08-21 13:42:55.414000,286.3,289.3,284.3,289.0,nan,286.2,70887,20285721900.0,67652,286.3,6,286.2,35,286.4,43,286.1,47,286.5,43,286.0,55,286.6,55,285.9,16,286.7,46,285.8,19
1597988575618354944,1597988575937999872,2020-08-21 13:42:55.938000,286.3,289.3,284.3,289.0,nan,286.2,70887,20285721900.0,67652,286.3,6,286.2,35,286.4,43,286.1,47,286.5,44,286.0,55,286.6,55,285.9,16,286.7,46,285.8,19
1597988576170927104,1597988576433000192,2020-08-21 13:42:56.433000,286.3,289.3,284.3,289.0,nan,286.2,70887,20285721900.0,67652,286.3,7,286.2,35,286.4,43,286.1,47,286.5,44,286.0,55,286.6,55,285.9,16,286.7,46,285.8,19
1597988576601382912,1597988576927000064,2020-08-21 13:42:56.927000,286.3,289.3,284.3,289.0,nan,286.2,70887,20285721900.0,67652,286.3,7,286.2,35,286.4,43,286.1,48,286.5,44,286.0,55,286.6,54,285.9,16,286.7,46,285.8,19
1597988577628943872,1597988577927000064,2020-08-21 13:42:57.927000,286.3,289.3,284.3,289.0,nan,286.2,70887,20285721900.0,67652,286.3,7,286.2,35,286.4,43,286.1,48,286.5,44,286.0,55,286.6,55,285.9,16,286.7,46,285.8,19
1597988578613768960,1597988578933000192,2020-08-21 13:42:58.933000,286.3,289.3,284.3,289.0,nan,286.2,70887,20285721900.0,67652,286.3,7,286.2,35,286.4,43,286.1,50,286.5,44,286.0,55,286.6,57,285.9,16,286.7,46,285.8,19
1597988579172809984,1597988579436000000,2020-08-21 13:42:59.436000,286.3,289.3,284.3,289.0,nan,286.2,70889,20286294500.0,67653,286.3,5,286.2,35,286.4,43,286.1,48,286.5,43,286.0,55,286.6,55,285.9,16,286.7,46,285.8,19
1597988580134053888,1597988580437999872,2020-08-21 13:43:00.438000,286.3,289.3,284.3,289.0,nan,286.2,70889,20286294500.0,67653,286.3,5,286.2,35,286.4,43,286.1,47,286.5,43,286.0,55,286.6,55,285.9,16,286.7,46,285.8,19
1597988580621576960,1597988580936999936,2020-08-21 13:43:00.937000,286.3,289.3,284.3,289.0,nan,286.2,70889,20286294500.0,67653,286.3,6,286.2,35,286.4,43,286.1,47,286.5,43,286.0,55,286.6,55,285.9,16,286.7,46,285.8,19
1597988581109112064,1597988581411000064,2020-08-21 13:43:01.411000,286.3,289.3,284.3,289.0,nan,286.2,70889,20286294500.0,67653,286.3,7,286.2,35,286.4,43,286.1,47,286.5,43,286.0,55,286.6,55,285.9,16,286.7,46,285.8,19
1597988582673974016,1597988582932000000,2020-08-21 13:43:02.932000,286.3,289.3,284.3,289.0,nan,286.2,70889,20286294500.0,67653,286.3,8,286.2,35,286.4,43,286.1,47,286.5,43,286.0,55,286.6,55,285.9,16,286.7,46,285.8,19
1597988584628359936,1597988584900000000,2020-08-21 13:43:04.900000,286.3,289.3,284.3,289.0,nan,286.2,70890,20286580800.0,67654,286.3,7,286.2,36,286.4,43,286.1,47,286.5,44,286.0,55,286.6,55,285.9,16,286.7,46,285.8,19
1597988585160708096,1597988585420999936,2020-08-21 13:43:05.421000,286.3,289.3,284.3,289.0,nan,286.2,70890,20286580800.0,67654,286.3,8,286.2,35,286.4,43,286.1,47,286.5,43,286.0,55,286.6,55,285.9,16,286.7,46,285.8,19
1597988585662249984,1597988585908000000,2020-08-21 13:43:05.908000,286.3,289.3,284.3,289.0,nan,286.2,70891,20286867100.0,67655,286.3,8,286.2,40,286.4,43,286.1,47,286.5,43,286.0,55,286.6,55,285.9,16,286.7,46,285.8,19
1597988586173216000,1597988586426000128,2020-08-21 13:43:06.426000,286.3,289.3,284.3,289.0,nan,286.2,70891,20286867100.0,67655,286.3,7,286.2,42,286.4,42,286.1,45,286.5,43,286.0,55,286.6,55,285.9,16,286.7,46,285.8,19
1597988586607087104,1597988586936000000,2020-08-21 13:43:06.936000,286.3,289.3,284.3,289.0,nan,286.2,70891,20286867100.0,67655,286.3,8,286.2,42,286.4,42,286.1,45,286.5,43,286.0,55,286.6,55,285.9,16,286.7,46,285.8,19
1597988587612003072,1597988587937999872,2020-08-21 13:43:07.938000,286.3,289.3,284.3,289.0,nan,286.2,70891,20286867100.0,67655,286.3,8,286.2,42,286.4,43,286.1,45,286.5,43,286.0,55,286.6,55,285.9,16,286.7,46,285.8,19
1597988588682540032,1597988588916000000,2020-08-21 13:43:08.916000,286.3,289.3,284.3,289.0,nan,286.2,70891,20286867100.0,67655,286.3,8,286.2,42,286.4,43,286.1,45,286.5,43,286.0,55,286.6,56,285.9,16,286.7,46,285.8,19
1597988589620250880,1597988589932000000,2020-08-21 13:43:09.932000,286.2,289.3,284.3,289.0,nan,286.2,70892,20287153300.0,67655,286.3,8,286.2,41,286.4,43,286.1,45,286.5,43,286.0,55,286.6,56,285.9,16,286.7,46,285.8,19
1597988590119363072,1597988590431000064,2020-08-21 13:43:10.431000,286.3,289.3,284.3,289.0,nan,286.2,70893,20287439600.0,67656,286.3,8,286.2,41,286.4,43,286.1,45,286.5,43,286.0,55,286.6,56,285.9,16,286.7,46,285.8,19
1597988591168299008,1597988591432000000,2020-08-21 13:43:11.432000,286.3,289.3,284.3,289.0,nan,286.2,70893,20287439600.0,67656,286.3,9,286.2,41,286.4,43,286.1,45,286.5,43,286.0,55,286.6,56,285.9,16,286.7,46,285.8,19
1597988592179369984,1597988592588000000,2020-08-21 13:43:12.588000,286.3,289.3,284.3,289.0,nan,286.2,70893,20287439600.0,67656,286.3,11,286.2,41,286.4,43,286.1,45,286.5,43,286.0,55,286.6,56,285.9,16,286.7,46,285.8,19
1597988594208664064,1597988594724000000,2020-08-21 13:43:14.724000,286.3,289.3,284.3,289.0,nan,286.2,70893,20287439600.0,67656,286.3,12,286.2,46,286.4,43,286.1,45,286.5,43,286.0,55,286.6,56,285.9,16,286.7,46,285.8,19
1597988595173626880,1597988595428000000,2020-08-21 13:43:15.428000,286.3,289.3,284.3,289.0,nan,286.2,70906,20291161500.0,67660,286.4,43,286.2,46,286.5,43,286.1,44,286.6,56,286.0,55,286.7,46,285.9,16,286.8,100,285.8,19
1597988595634067968,1597988596000000000,2020-08-21 13:43:16.000000,286.3,289.3,284.3,289.0,nan,286.2,70907,20291447800.0,67659,286.4,42,286.3,2,286.5,41,286.2,47,286.6,58,286.1,45,286.7,46,286.0,50,286.8,100,285.9,16
1597988596142563072,1597988596436999936,2020-08-21 13:43:16.437000,286.3,289.3,284.3,289.0,nan,286.2,70913,20293165600.0,67659,286.3,2,286.2,49,286.4,39,286.1,51,286.5,37,286.0,45,286.6,64,285.9,15,286.7,47,285.8,19
1597988596646147072,1597988596928999936,2020-08-21 13:43:16.929000,286.2,289.3,284.3,289.0,nan,286.2,70915,20293738100.0,67659,286.3,2,286.2,48,286.4,36,286.1,46,286.5,41,286.0,51,286.6,58,285.9,16,286.7,46,285.8,19
1597988597175214080,1597988597434000128,2020-08-21 13:43:17.434000,286.3,289.3,284.3,289.0,nan,286.2,70916,20294024400.0,67659,286.3,1,286.2,48,286.4,36,286.1,44,286.5,43,286.0,53,286.6,56,285.9,16,286.7,46,285.8,19
1597988597659019008,1597988598000000000,2020-08-21 13:43:18.000000,286.3,289.3,284.3,289.0,nan,286.2,70916,20294024400.0,67659,286.3,1,286.2,48,286.4,37,286.1,45,286.5,44,286.0,54,286.6,56,285.9,16,286.7,46,285.8,19
1597988598618792960,1597988598928000000,2020-08-21 13:43:18.928000,286.3,289.3,284.3,289.0,nan,286.2,70917,20294310700.0,67659,286.4,37,286.2,48,286.5,44,286.1,45,286.6,56,286.0,54,286.7,46,285.9,16,286.8,100,285.8,19
1597988599107537920,1597988599436000000,2020-08-21 13:43:19.436000,286.3,289.3,284.3,289.0,nan,286.2,70917,20294310700.0,67659,286.4,34,286.2,50,286.5,43,286.1,44,286.6,58,286.0,50,286.7,46,285.9,16,286.8,100,285.8,19
1597988599620400896,1597988599933000192,2020-08-21 13:43:19.933000,286.3,289.3,284.3,289.0,nan,286.2,70917,20294310700.0,67659,286.4,33,286.2,50,286.5,42,286.1,46,286.6,60,286.0,48,286.7,46,285.9,16,286.8,100,285.8,20
1597988600157317120,1597988600435000064,2020-08-21 13:43:20.435000,286.3,289.3,284.3,289.0,nan,286.2,70917,20294310700.0,67659,286.4,34,286.2,51,286.5,45,286.1,46,286.6,60,286.0,50,286.7,46,285.9,16,286.8,100,285.8,20
1597988600618048000,1597988600936999936,2020-08-21 13:43:20.937000,286.3,289.3,284.3,289.0,nan,286.2,70917,20294310700.0,67659,286.4,34,286.2,51,286.5,43,286.1,46,286.6,60,286.0,48,286.7,46,285.9,16,286.8,100,285.8,20
1597988601152862976,1597988601432000000,2020-08-21 13:43:21.432000,286.3,289.3,284.3,289.0,nan,286.2,70917,20294310700.0,67659,286.4,34,286.2,51,286.5,44,286.1,46,286.6,60,286.0,49,286.7,46,285.9,16,286.8,100,285.8,20
1597988601616806912,1597988602000000000,2020-08-21 13:43:22.000000,286.3,289.3,284.3,289.0,nan,286.2,70917,20294310700.0,67659,286.4,34,286.2,51,286.5,44,286.1,48,286.6,60,286.0,49,286.7,46,285.9,16,286.8,100,285.8,20
1597988602605723904,1597988602934000128,2020-08-21 13:43:22.934000,286.3,289.3,284.3,289.0,nan,286.2,70917,20294310700.0,67659,286.4,34,286.3,1,286.5,44,286.2,51,286.6,60,286.1,48,286.7,46,286.0,49,286.8,100,285.9,16
1597988603141745920,1597988603435000064,2020-08-21 13:43:23.435000,286.3,289.3,284.3,289.0,nan,286.2,70919,20294883300.0,67661,286.4,31,286.2,51,286.5,39,286.1,51,286.6,64,286.0,44,286.7,47,285.9,15,286.8,100,285.8,20
1597988603618089984,1597988603930000128,2020-08-21 13:43:23.930000,286.3,289.3,284.3,289.0,nan,286.2,70919,20294883300.0,67661,286.4,34,286.2,51,286.5,44,286.1,46,286.6,60,286.0,49,286.7,46,285.9,16,286.8,100,285.8,20
1597988605126635008,1597988605435000064,2020-08-21 13:43:25.435000,286.3,289.3,284.3,289.0,nan,286.2,70919,20294883300.0,67661,286.4,34,286.2,53,286.5,44,286.1,46,286.6,60,286.0,49,286.7,46,285.9,16,286.8,100,285.8,20
1597988606155717888,1597988606436999936,2020-08-21 13:43:26.437000,286.3,289.3,284.3,289.0,nan,286.2,70919,20294883300.0,67661,286.3,2,286.2,53,286.4,34,286.1,46,286.5,44,286.0,49,286.6,60,285.9,16,286.7,46,285.8,20
1597988606613661952,1597988606938999808,2020-08-21 13:43:26.939000,286.3,289.3,284.3,289.0,nan,286.2,70977,20311483000.0,67693,286.3,10,286.1,42,286.4,30,286.0,48,286.5,38,285.9,16,286.6,56,285.8,20,286.7,46,285.7,40
1597988607155855872,1597988607428999936,2020-08-21 13:43:27.429000,286.2,289.3,284.3,289.0,nan,286.2,70979,20312055400.0,67692,286.3,15,286.2,1,286.4,29,286.1,40,286.5,35,286.0,47,286.6,53,285.9,17,286.7,46,285.8,21
1597988607620360960,1597988607935000064,2020-08-21 13:43:27.935000,286.2,289.3,284.3,289.0,nan,286.2,70980,20312341600.0,67692,286.2,3,286.1,40,286.3,17,286.0,54,286.4,34,285.9,19,286.5,38,285.8,21,286.6,55,285.7,40
1597988608116144896,1597988608414000128,2020-08-21 13:43:28.414000,286.2,289.3,284.3,289.0,nan,286.2,70980,20312341600.0,67692,286.2,4,286.1,37,286.3,21,286.0,48,286.4,34,285.9,21,286.5,31,285.8,22,286.6,52,285.7,40
1597988608609990912,1597988608931000064,2020-08-21 13:43:28.931000,286.2,289.3,284.3,289.0,nan,286.2,70980,20312341600.0,67692,286.2,5,286.1,38,286.3,23,286.0,48,286.4,39,285.9,28,286.5,31,285.8,22,286.6,52,285.7,40
