local_nano_time,quote_nano_time,datetime,last_price,highest,lowest,open,close,average,volume,amount,open_interest,ask_price1,ask_volume1,bid_price1,bid_volume1,ask_price2,ask_volume2,bid_price2,bid_volume2,ask_price3,ask_volume3,bid_price3,bid_volume3,ask_price4,ask_volume4,bid_price4,bid_volume4,ask_price5,ask_volume5,bid_price5,bid_volume5
1597988233033559040,1597988233405999872,2020-08-21 13:37:13.406000,100.015,100.03,99.885,99.935,nan,99.963,9862,9858344000.0,30627,100.015,22,100.01,10,nan,0,nan,0,nan,0,nan,0,nan,0,nan,0,nan,0,nan,0
1597988237044389888,1597988237435000064,2020-08-21 13:37:17.435000,100.015,100.03,99.885,99.935,nan,99.963,9863,9859344150.0,30627,100.015,21,100.01,10,nan,0,nan,0,nan,0,nan,0,nan,0,nan,0,nan,0,nan,0
1597988237544860928,1597988237934000128,2020-08-21 13:37:17.934000,100.015,100.03,99.885,99.935,nan,99.963,9863,9859344150.0,30627,100.015,21,100.01,11,nan,0,nan,0,nan,0,nan,0,nan,0,nan,0,nan,0,nan,0
1597988238043378944,1597988238430000128,2020-08-21 13:37:18.430000,100.015,100.03,99.885,99.935,nan,99.963,9863,9859344150.0,30627,100.015,21,100.01,11,nan,0,nan,0,nan,0,nan,0,nan,0,nan,0,nan,0,nan,0
1597988241553368064,1597988241936000000,2020-08-21 13:37:21.936000,100.015,100.03,99.885,99.935,nan,99.963,9863,9859344150.0,30627,100.015,21,100.01,11,nan,0,nan,0,nan,0,nan,0,nan,0,nan,0,nan,0,nan,0
1597988246077494016,1597988246423000064,2020-08-21 13:37:26.423000,100.015,100.03,99.885,99.935,nan,99.963,9863,9859344150.0,30627,100.015,41,100.01,11,nan,0,nan,0,nan,0,nan,0,nan,0,nan,0,nan,0,nan,0
1597988246562052096,1597988246932000000,2020-08-21 13:37:26.932000,100.015,100.03,99.885,99.935,nan,99.963,9863,9859344150.0,30627,100.015,41,100.01,11,nan,0,nan,0,nan,0,nan,0,nan,0,nan,0,nan,0,nan,0
1597988249044544000,1597988249420000000,2020-08-21 13:37:29.420000,100.015,100.03,99.885,99.935,nan,99.963,9863,9859344150.0,30627,100.015,41,100.01,11,nan,0,nan,0,nan,0,nan,0,nan,0,nan,0,nan,0,nan,0
1597988249545733120,1597988249930000128,2020-08-21 13:37:29.930000,100.015,100.03,99.885,99.935,nan,99.963,9863,9859344150.0,30627,100.015,41,100.01,11,nan,0,nan,0,nan,0,nan,0,nan,0,nan,0,nan,0,nan,0
1597988250566127104,1597988250933000192,2020-08-21 13:37:30.933000,100.015,100.03,99.885,99.935,nan,99.963,9863,9859344150.0,30627,100.015,41,100.01,11,nan,0,nan,0,nan,0,nan,0,nan,0,nan,0,nan,0,nan,0
1597988251052837120,1597988251436000000,2020-08-21 13:37:31.436000,100.015,100.03,99.885,99.935,nan,99.963,9863,9859344150.0,30627,100.015,41,100.01,11,nan,0,nan,0,nan,0,nan,0,nan,0,nan,0,nan,0,nan,0
1597988252557014016,1597988252933000192,2020-08-21 13:37:32.933000,100.01,100.03,99.885,99.935,nan,99.963,9864,9860344250.0,30628,100.015,41,100.01,10,nan,0,nan,0,nan,0,nan,0,nan,0,nan,0,nan,0,nan,0
1597988253080773120,1597988253424000000,2020-08-21 13:37:33.424000,100.01,100.03,99.885,99.935,nan,99.963,9865,9861344350.0,30629,100.015,42,100.01,10,nan,0,nan,0,nan,0,nan,0,nan,0,nan,0,nan,0,nan,0
1597988253554850048,1597988253898999808,2020-08-21 13:37:33.899000,100.01,100.03,99.885,99.935,nan,99.963,9866,9862344450.0,30630,100.015,42,100.01,9,nan,0,nan,0,nan,0,nan,0,nan,0,nan,0,nan,0,nan,0
1597988256562449920,1597988256924999936,2020-08-21 13:37:36.925000,100.01,100.03,99.885,99.935,nan,99.963,9875,9871345350.0,30636,100.015,42,100.01,4,nan,0,nan,0,nan,0,nan,0,nan,0,nan,0,nan,0,nan,0
1597988257069998080,1597988257427000064,2020-08-21 13:37:37.427000,100.01,100.03,99.885,99.935,nan,99.963,9880,9876345850.0,30634,100.015,42,100.005,19,nan,0,nan,0,nan,0,nan,0,nan,0,nan,0,nan,0,nan,0
1597988257556175104,1597988257933000192,2020-08-21 13:37:37.933000,100.01,100.03,99.885,99.935,nan,99.963,9880,9876345850.0,30634,100.01,5,100.005,18,nan,0,nan,0,nan,0,nan,0,nan,0,nan,0,nan,0,nan,0
1597988258079388928,1597988258416999936,2020-08-21 13:37:38.417000,100.01,100.03,99.885,99.935,nan,99.963,9880,9876345850.0,30634,100.01,7,100.005,15,nan,0,nan,0,nan,0,nan,0,nan,0,nan,0,nan,0,nan,0
1597988258558909952,1597988258935000064,2020-08-21 13:37:38.935000,100.01,100.03,99.885,99.935,nan,99.963,9880,9876345850.0,30634,100.01,11,100.005,15,nan,0,nan,0,nan,0,nan,0,nan,0,nan,0,nan,0,nan,0
1597988259073476096,1597988259405999872,2020-08-21 13:37:39.406000,100.01,100.03,99.885,99.935,nan,99.963,9880,9876345850.0,30634,100.01,11,100.005,15,nan,0,nan,0,nan,0,nan,0,nan,0,nan,0,nan,0,nan,0
1597988259564108032,1597988259921999872,2020-08-21 13:37:39.922000,100.01,100.03,99.885,99.935,nan,99.963,9880,9876345850.0,30634,100.01,13,100.005,15,nan,0,nan,0,nan,0,nan,0,nan,0,nan,0,nan,0,nan,0
1597988260065249024,1597988260427000064,2020-08-21 13:37:40.427000,100.01,100.03,99.885,99.935,nan,99.963,9880,9876345850.0,30634,100.01,13,100.005,15,nan,0,nan,0,nan,0,nan,0,nan,0,nan,0,nan,0,nan,0
1597988260559310080,1597988260932000000,2020-08-21 13:37:40.932000,100.01,100.03,99.885,99.935,nan,99.963,9880,9876345850.0,30634,100.01,14,100.005,14,nan,0,nan,0,nan,0,nan,0,nan,0,nan,0,nan,0,nan,0
1597988261077788928,1597988261436000000,2020-08-21 13:37:41.436000,100.01,100.03,99.885,99.935,nan,99.963,9880,9876345850.0,30634,100.01,14,100.005,12,nan,0,nan,0,nan,0,nan,0,nan,0,nan,0,nan,0,nan,0
1597988265051450880,1597988265413000192,2020-08-21 13:37:45.413000,100.005,100.03,99.885,99.935,nan,99.963,9891,9887346400.0,30643,100.01,14,100.005,1,nan,0,nan,0,nan,0,nan,0,nan,0,nan,0,nan,0,nan,0
1597988265550839040,1597988265935000064,2020-08-21 13:37:45.935000,100.005,100.03,99.885,99.935,nan,99.963,9892,9888346450.0,30642,100.005,5,100.0,12,nan,0,nan,0,nan,0,nan,0,nan,0,nan,0,nan,0,nan,0
1597988266055596032,1597988266424999936,2020-08-21 13:37:46.425000,100.005,100.03,99.885,99.935,nan,99.963,9892,9888346450.0,30642,100.005,7,100.0,12,nan,0,nan,0,nan,0,nan,0,nan,0,nan,0,nan,0,nan,0
1597988266551945984,1597988266924000000,2020-08-21 13:37:46.924000,100.005,100.03,99.885,99.935,nan,99.963,9892,9888346450.0,30642,100.005,7,100.0,9,nan,0,nan,0,nan,0,nan,0,nan,0,nan,0,nan,0,nan,0
1597988267107280896,1597988267416999936,2020-08-21 13:37:47.417000,100.005,100.03,99.885,99.935,nan,99.963,9892,9888346450.0,30642,100.005,7,100.0,9,nan,0,nan,0,nan,0,nan,0,nan,0,nan,0,nan,0,nan,0
1597988267561357056,1597988267938999808,2020-08-21 13:37:47.939000,100.005,100.03,99.885,99.935,nan,99.963,9892,9888346450.0,30642,100.005,7,100.0,9,nan,0,nan,0,nan,0,nan,0,nan,0,nan,0,nan,0,nan,0
1597988268085296896,1597988268428999936,2020-08-21 13:37:48.429000,100.005,100.03,99.885,99.935,nan,99.963,9892,9888346450.0,30642,100.005,7,100.0,9,nan,0,nan,0,nan,0,nan,0,nan,0,nan,0,nan,0,nan,0
1597988268568459008,1597988268924999936,2020-08-21 13:37:48.925000,100.005,100.03,99.885,99.935,nan,99.963,9892,9888346450.0,30642,100.005,8,100.0,8,nan,0,nan,0,nan,0,nan,0,nan,0,nan,0,nan,0,nan,0
1597988269070693888,1597988269407000064,2020-08-21 13:37:49.407000,100.005,100.03,99.885,99.935,nan,99.963,9895,9891346600.0,30642,100.005,5,100.0,8,nan,0,nan,0,nan,0,nan,0,nan,0,nan,0,nan,0,nan,0
1597988269566635008,1597988269923000064,2020-08-21 13:37:49.923000,100.005,100.03,99.885,99.935,nan,99.963,9895,9891346600.0,30642,100.005,5,100.0,8,nan,0,nan,0,nan,0,nan,0,nan,0,nan,0,nan,0,nan,0
1597988270081782016,1597988270424000000,2020-08-21 13:37:50.424000,100.005,100.03,99.885,99.935,nan,99.963,9895,9891346600.0,30642,100.005,5,100.0,8,nan,0,nan,0,nan,0,nan,0,nan,0,nan,0,nan,0,nan,0
1597988270557795072,1597988270935000064,2020-08-21 13:37:50.935000,100.005,100.03,99.885,99.935,nan,99.963,9895,9891346600.0,30642,100.005,5,100.0,8,nan,0,nan,0,nan,0,nan,0,nan,0,nan,0,nan,0,nan,0
1597988271078832128,1597988271434000128,2020-08-21 13:37:51.434000,100.005,100.03,99.885,99.935,nan,99.963,9900,9896346850.0,30640,100.005,1,100.0,9,nan,0,nan,0,nan,0,nan,0,nan,0,nan,0,nan,0,nan,0
1597988271556183040,1597988271913000192,2020-08-21 13:37:51.913000,100.005,100.03,99.885,99.935,nan,99.963,9901,9897346900.0,30640,100.01,14,100.005,2,nan,0,nan,0,nan,0,nan,0,nan,0,nan,0,nan,0,nan,0
1597988272054385920,1597988272432000000,2020-08-21 13:37:52.432000,100.005,100.03,99.885,99.935,nan,99.963,9902,9898346950.0,30640,100.01,14,100.005,2,nan,0,nan,0,nan,0,nan,0,nan,0,nan,0,nan,0,nan,0
1597988272555493120,1597988272932000000,2020-08-21 13:37:52.932000,100.005,100.03,99.885,99.935,nan,99.963,9902,9898346950.0,30640,100.01,13,100.0,11,nan,0,nan,0,nan,0,nan,0,nan,0,nan,0,nan,0,nan,0
1597988273082608896,1597988273434000128,2020-08-21 13:37:53.434000,100.005,100.03,99.885,99.935,nan,99.963,9902,9898346950.0,30640,100.01,12,100.0,11,nan,0,nan,0,nan,0,nan,0,nan,0,nan,0,nan,0,nan,0
1597988273562539008,1597988273932000000,2020-08-21 13:37:53.932000,100.0,100.03,99.885,99.935,nan,99.963,9906,9902346950.0,30639,100.01,12,100.0,7,nan,0,nan,0,nan,0,nan,0,nan,0,nan,0,nan,0,nan,0
1597988274077614080,1597988274432000000,2020-08-21 13:37:54.432000,100.0,100.03,99.885,99.935,nan,99.963,9906,9902346950.0,30639,100.01,12,100.0,7,nan,0,nan,0,nan,0,nan,0,nan,0,nan,0,nan,0,nan,0
1597988275567364096,1597988275917999872,2020-08-21 13:37:55.918000,100.0,100.03,99.885,99.935,nan,99.963,9906,9902346950.0,30639,100.005,1,100.0,7,nan,0,nan,0,nan,0,nan,0,nan,0,nan,0,nan,0,nan,0
1597988276089139968,1597988276423000064,2020-08-21 13:37:56.423000,100.0,100.03,99.885,99.935,nan,99.963,9906,9902346950.0,30639,100.005,1,100.0,7,nan,0,nan,0,nan,0,nan,0,nan,0,nan,0,nan,0,nan,0
1597988276700635904,1597988276926000128,2020-08-21 13:37:56.926000,100.0,100.03,99.885,99.935,nan,99.963,9906,9902346950.0,30639,100.005,2,100.0,7,nan,0,nan,0,nan,0,nan,0,nan,0,nan,0,nan,0,nan,0
1597988277230203904,1597988277428999936,2020-08-21 13:37:57.429000,100.0,100.03,99.885,99.935,nan,99.963,9906,9902346950.0,30639,100.005,3,100.0,7,nan,0,nan,0,nan,0,nan,0,nan,0,nan,0,nan,0,nan,0
1597988277563772928,1597988277920000000,2020-08-21 13:37:57.920000,100.0,100.03,99.885,99.935,nan,99.963,9906,9902346950.0,30639,100.005,3,100.0,7,nan,0,nan,0,nan,0,nan,0,nan,0,nan,0,nan,0,nan,0
1597988278062126080,1597988278436000000,2020-08-21 13:37:58.436000,100.0,100.03,99.885,99.935,nan,99.963,9906,9902346950.0,30639,100.005,3,100.0,7,nan,0,nan,0,nan,0,nan,0,nan,0,nan,0,nan,0,nan,0
1597988282080000000,1597988282423000064,2020-08-21 13:38:02.423000,100.0,100.03,99.885,99.935,nan,99.963,9906,9902346950.0,30639,100.005,3,100.0,8,nan,0,nan,0,nan,0,nan,0,nan,0,nan,0,nan,0,nan,0
1597988283559705088,1597988283913000192,2020-08-21 13:38:03.913000,100.0,100.03,99.885,99.935,nan,99.963,9906,9902346950.0,30639,100.005,4,100.0,8,nan,0,nan,0,nan,0,nan,0,nan,0,nan,0,nan,0,nan,0
1597988284071305984,1597988284435000064,2020-08-21 13:38:04.435000,100.005,100.03,99.885,99.935,nan,99.963,9910,9906347150.0,30636,100.01,13,100.0,8,nan,0,nan,0,nan,0,nan,0,nan,0,nan,0,nan,0,nan,0
1597988284562381056,1597988284932000000,2020-08-21 13:38:04.932000,100.005,100.03,99.885,99.935,nan,99.963,9910,9906347150.0,30636,100.01,13,100.005,3,nan,0,nan,0,nan,0,nan,0,nan,0,nan,0,nan,0,nan,0
1597988285078821120,1597988285413000192,2020-08-21 13:38:05.413000,100.005,100.03,99.885,99.935,nan,99.963,9910,9906347150.0,30636,100.01,12,100.005,7,nan,0,nan,0,nan,0,nan,0,nan,0,nan,0,nan,0,nan,0
1597988285568408064,1597988285937999872,2020-08-21 13:38:05.938000,100.005,100.03,99.885,99.935,nan,99.963,9910,9906347150.0,30636,100.01,12,100.005,7,nan,0,nan,0,nan,0,nan,0,nan,0,nan,0,nan,0,nan,0
1597988286083160064,1597988286428000000,2020-08-21 13:38:06.428000,100.005,100.03,99.885,99.935,nan,99.963,9910,9906347150.0,30636,100.01,10,100.005,7,nan,0,nan,0,nan,0,nan,0,nan,0,nan,0,nan,0,nan,0
1597988286571689984,1597988286936000000,2020-08-21 13:38:06.936000,100.005,100.03,99.885,99.935,nan,99.963,9911,9907347200.0,30635,100.01,10,100.005,7,nan,0,nan,0,nan,0,nan,0,nan,0,nan,0,nan,0,nan,0
1597988287080322048,1597988287435000064,2020-08-21 13:38:07.435000,100.005,100.03,99.885,99.935,nan,99.963,9912,9908347250.0,30635,100.01,9,100.005,7,nan,0,nan,0,nan,0,nan,0,nan,0,nan,0,nan,0,nan,0
1597988289088493056,1597988289432000000,2020-08-21 13:38:09.432000,100.005,100.03,99.885,99.935,nan,99.963,9912,9908347250.0,30635,100.01,9,100.005,17,nan,0,nan,0,nan,0,nan,0,nan,0,nan,0,nan,0,nan,0
1597988289567403008,1597988289911000064,2020-08-21 13:38:09.911000,100.005,100.03,99.885,99.935,nan,99.963,9912,9908347250.0,30635,100.01,9,100.005,17,nan,0,nan,0,nan,0,nan,0,nan,0,nan,0,nan,0,nan,0
1597988290068284928,1597988290417999872,2020-08-21 13:38:10.418000,100.005,100.03,99.885,99.935,nan,99.963,9912,9908347250.0,30635,100.01,9,100.005,17,nan,0,nan,0,nan,0,nan,0,nan,0,nan,0,nan,0,nan,0
1597988290572382976,1597988290931000064,2020-08-21 13:38:10.931000,100.005,100.03,99.885,99.935,nan,99.963,9912,9908347250.0,30635,100.01,9,100.005,17,nan,0,nan,0,nan,0,nan,0,nan,0,nan,0,nan,0,nan,0
1597988291082556928,1597988291432000000,2020-08-21 13:38:11.432000,100.005,100.03,99.885,99.935,nan,99.963,9912,9908347250.0,30635,100.01,9,100.005,17,nan,0,nan,0,nan,0,nan,0,nan,0,nan,0,nan,0,nan,0
1597988291570501888,1597988291936000000,2020-08-21 13:38:11.936000,100.005,100.03,99.885,99.935,nan,99.963,9912,9908347250.0,30635,100.01,9,100.005,17,nan,0,nan,0,nan,0,nan,0,nan,0,nan,0,nan,0,nan,0
1597988292575417088,1597988292936000000,2020-08-21 13:38:12.936000,100.005,100.03,99.885,99.935,nan,99.963,9912,9908347250.0,30635,100.01,8,100.005,17,nan,0,nan,0,nan,0,nan,0,nan,0,nan,0,nan,0,nan,0
1597988295101971968,1597988295438999808,2020-08-21 13:38:15.439000,100.01,100.03,99.885,99.935,nan,99.963,9913,9909347350.0,30634,100.01,7,100.005,17,nan,0,nan,0,nan,0,nan,0,nan,0,nan,0,nan,0,nan,0
1597988295573527040,1597988295937999872,2020-08-21 13:38:15.938000,100.01,100.03,99.885,99.935,nan,99.963,9913,9909347350.0,30634,100.01,5,100.005,17,nan,0,nan,0,nan,0,nan,0,nan,0,nan,0,nan,0,nan,0
1597988296066991104,1597988296431000064,2020-08-21 13:38:16.431000,100.01,100.03,99.885,99.935,nan,99.963,9913,9909347350.0,30634,100.01,5,100.005,17,nan,0,nan,0,nan,0,nan,0,nan,0,nan,0,nan,0,nan,0
1597988296582227968,1597988296903000064,2020-08-21 13:38:16.903000,100.01,100.03,99.885,99.935,nan,99.963,9913,9909347350.0,30634,100.01,5,100.005,17,nan,0,nan,0,nan,0,nan,0,nan,0,nan,0,nan,0,nan,0
1597988300569348096,1597988300936999936,2020-08-21 13:38:20.937000,100.01,100.03,99.885,99.935,nan,99.963,9918,9914347850.0,30630,100.015,53,100.005,17,nan,0,nan,0,nan,0,nan,0,nan,0,nan,0,nan,0,nan,0
1597988301684367104,1597988301433000192,2020-08-21 13:38:21.433000,100.01,100.03,99.885,99.935,nan,99.963,9918,9914347850.0,30630,100.015,42,100.005,17,nan,0,nan,0,nan,0,nan,0,nan,0,nan,0,nan,0,nan,0
1597988302025804032,1597988301933000192,2020-08-21 13:38:21.933000,100.01,100.03,99.885,99.935,nan,99.963,9918,9914347850.0,30630,100.015,41,100.005,17,nan,0,nan,0,nan,0,nan,0,nan,0,nan,0,nan,0,nan,0
1597988302093605888,1597988302412000000,2020-08-21 13:38:22.412000,100.01,100.03,99.885,99.935,nan,99.963,9918,9914347850.0,30630,100.015,41,100.005,17,nan,0,nan,0,nan,0,nan,0,nan,0,nan,0,nan,0,nan,0
1597988303591277056,1597988303917999872,2020-08-21 13:38:23.918000,100.01,100.03,99.885,99.935,nan,99.963,9918,9914347850.0,30630,100.015,41,100.005,17,nan,0,nan,0,nan,0,nan,0,nan,0,nan,0,nan,0,nan,0
1597988305588779008,1597988305936999936,2020-08-21 13:38:25.937000,100.01,100.03,99.885,99.935,nan,99.963,9918,9914347850.0,30630,100.01,1,100.005,17,nan,0,nan,0,nan,0,nan,0,nan,0,nan,0,nan,0,nan,0
1597988306083525120,1597988306417999872,2020-08-21 13:38:26.418000,100.01,100.03,99.885,99.935,nan,99.963,9918,9914347850.0,30630,100.01,4,100.005,17,nan,0,nan,0,nan,0,nan,0,nan,0,nan,0,nan,0,nan,0
1597988307079736064,1597988307413000192,2020-08-21 13:38:27.413000,100.005,100.03,99.885,99.935,nan,99.963,9925,9921348200.0,30633,100.01,6,100.005,13,nan,0,nan,0,nan,0,nan,0,nan,0,nan,0,nan,0,nan,0
1597988307574533120,1597988307923000064,2020-08-21 13:38:27.923000,100.005,100.03,99.885,99.935,nan,99.963,9925,9921348200.0,30633,100.01,12,100.005,13,nan,0,nan,0,nan,0,nan,0,nan,0,nan,0,nan,0,nan,0
1597988310575922944,1597988310916000000,2020-08-21 13:38:30.916000,100.005,100.03,99.885,99.935,nan,99.963,9925,9921348200.0,30633,100.01,12,100.005,14,nan,0,nan,0,nan,0,nan,0,nan,0,nan,0,nan,0,nan,0
1597988312599144960,1597988312916999936,2020-08-21 13:38:32.917000,100.005,100.03,99.885,99.935,nan,99.963,9926,9922348250.0,30633,100.01,12,100.005,13,nan,0,nan,0,nan,0,nan,0,nan,0,nan,0,nan,0,nan,0
1597988313075859968,1597988313424000000,2020-08-21 13:38:33.424000,100.005,100.03,99.885,99.935,nan,99.963,9927,9923348300.0,30632,100.01,12,100.005,12,nan,0,nan,0,nan,0,nan,0,nan,0,nan,0,nan,0,nan,0
1597988317581074944,1597988317900999936,2020-08-21 13:38:37.901000,100.005,100.03,99.885,99.935,nan,99.963,9927,9923348300.0,30632,100.01,12,100.005,12,nan,0,nan,0,nan,0,nan,0,nan,0,nan,0,nan,0,nan,0
1597988318089743872,1597988318426000128,2020-08-21 13:38:38.426000,100.005,100.03,99.885,99.935,nan,99.963,9927,9923348300.0,30632,100.01,10,100.005,12,nan,0,nan,0,nan,0,nan,0,nan,0,nan,0,nan,0,nan,0
1597988318583748096,1597988318931000064,2020-08-21 13:38:38.931000,100.005,100.03,99.885,99.935,nan,99.963,9927,9923348300.0,30632,100.01,6,100.005,12,nan,0,nan,0,nan,0,nan,0,nan,0,nan,0,nan,0,nan,0
1597988337116770048,1597988337416999936,2020-08-21 13:38:57.417000,100.005,100.03,99.885,99.935,nan,99.963,9927,9923348300.0,30632,100.01,6,100.005,12,nan,0,nan,0,nan,0,nan,0,nan,0,nan,0,nan,0,nan,0
1597988339589456896,1597988339934000128,2020-08-21 13:38:59.934000,100.005,100.03,99.885,99.935,nan,99.963,9927,9923348300.0,30632,100.01,6,100.005,12,nan,0,nan,0,nan,0,nan,0,nan,0,nan,0,nan,0,nan,0
1597988340099048960,1597988340432000000,2020-08-21 13:39:00.432000,100.005,100.03,99.885,99.935,nan,99.963,9927,9923348300.0,30632,100.01,6,100.005,13,nan,0,nan,0,nan,0,nan,0,nan,0,nan,0,nan,0,nan,0
1597988341607361024,1597988341936999936,2020-08-21 13:39:01.937000,100.005,100.03,99.885,99.935,nan,99.963,9927,9923348300.0,30632,100.01,6,100.005,13,nan,0,nan,0,nan,0,nan,0,nan,0,nan,0,nan,0,nan,0
1597988342117213952,1597988342410000128,2020-08-21 13:39:02.410000,100.005,100.03,99.885,99.935,nan,99.963,9927,9923348300.0,30632,100.01,6,100.005,13,nan,0,nan,0,nan,0,nan,0,nan,0,nan,0,nan,0,nan,0
1597988342593452032,1597988342924999936,2020-08-21 13:39:02.925000,100.005,100.03,99.885,99.935,nan,99.963,9927,9923348300.0,30632,100.01,6,100.005,15,nan,0,nan,0,nan,0,nan,0,nan,0,nan,0,nan,0,nan,0
1597988345117246976,1597988345416999936,2020-08-21 13:39:05.417000,100.005,100.03,99.885,99.935,nan,99.963,9927,9923348300.0,30632,100.01,6,100.005,15,nan,0,nan,0,nan,0,nan,0,nan,0,nan,0,nan,0,nan,0
1597988348605441024,1597988348932000000,2020-08-21 13:39:08.932000,100.005,100.03,99.885,99.935,nan,99.963,9927,9923348300.0,30632,100.01,6,100.005,7,nan,0,nan,0,nan,0,nan,0,nan,0,nan,0,nan,0,nan,0
1597988349601515008,1597988349898000128,2020-08-21 13:39:09.898000,100.005,100.03,99.885,99.935,nan,99.963,9927,9923348300.0,30632,100.01,6,100.005,7,nan,0,nan,0,nan,0,nan,0,nan,0,nan,0,nan,0,nan,0
1597988350605761024,1597988350888000000,2020-08-21 13:39:10.888000,100.005,100.03,99.885,99.935,nan,99.963,9927,9923348300.0,30632,100.01,6,100.005,8,nan,0,nan,0,nan,0,nan,0,nan,0,nan,0,nan,0,nan,0
1597988353107953920,1597988353404999936,2020-08-21 13:39:13.405000,100.005,100.03,99.885,99.935,nan,99.963,9927,9923348300.0,30632,100.01,9,100.005,8,nan,0,nan,0,nan,0,nan,0,nan,0,nan,0,nan,0,nan,0
1597988353598023936,1597988353924999936,2020-08-21 13:39:13.925000,100.005,100.03,99.885,99.935,nan,99.963,9929,9925348400.0,30634,100.01,9,100.005,7,nan,0,nan,0,nan,0,nan,0,nan,0,nan,0,nan,0,nan,0
1597988355597235968,1597988355934000128,2020-08-21 13:39:15.934000,100.005,100.03,99.885,99.935,nan,99.963,9935,9931348700.0,30633,100.01,9,100.005,3,nan,0,nan,0,nan,0,nan,0,nan,0,nan,0,nan,0,nan,0
1597988356101628928,1597988356436000000,2020-08-21 13:39:16.436000,100.005,100.03,99.885,99.935,nan,99.963,9939,9935348900.0,30636,100.005,1,100.0,7,nan,0,nan,0,nan,0,nan,0,nan,0,nan,0,nan,0,nan,0
1597988356610617088,1597988356924999936,2020-08-21 13:39:16.925000,100.005,100.03,99.885,99.935,nan,99.963,9939,9935348900.0,30636,100.005,4,100.0,7,nan,0,nan,0,nan,0,nan,0,nan,0,nan,0,nan,0,nan,0
1597988357110502912,1597988357430000128,2020-08-21 13:39:17.430000,100.005,100.03,99.885,99.935,nan,99.963,9944,9940349150.0,30634,100.005,1,100.0,9,nan,0,nan,0,nan,0,nan,0,nan,0,nan,0,nan,0,nan,0
1597988357628410880,1597988357931000064,2020-08-21 13:39:17.931000,100.005,100.03,99.885,99.935,nan,99.963,9945,9941349200.0,30633,100.01,10,100.005,1,nan,0,nan,0,nan,0,nan,0,nan,0,nan,0,nan,0,nan,0
1597988358110780928,1597988358344000000,2020-08-21 13:39:18.344000,100.005,100.03,99.885,99.935,nan,99.963,9945,9941349200.0,30633,100.01,10,100.005,3,nan,0,nan,0,nan,0,nan,0,nan,0,nan,0,nan,0,nan,0
1597988358602443008,1597988358920000000,2020-08-21 13:39:18.920000,100.005,100.03,99.885,99.935,nan,99.963,9947,9943349300.0,30632,100.01,10,100.005,2,nan,0,nan,0,nan,0,nan,0,nan,0,nan,0,nan,0,nan,0
1597988359101560064,1597988359424999936,2020-08-21 13:39:19.425000,100.005,100.03,99.885,99.935,nan,99.963,9947,9943349300.0,30632,100.01,9,100.005,3,nan,0,nan,0,nan,0,nan,0,nan,0,nan,0,nan,0,nan,0
1597988359601526016,1597988359923000064,2020-08-21 13:39:19.923000,100.005,100.03,99.885,99.935,nan,99.963,9950,9946349450.0,30632,100.01,7,100.005,1,nan,0,nan,0,nan,0,nan,0,nan,0,nan,0,nan,0,nan,0
1597988360106554880,1597988360408999936,2020-08-21 13:39:20.409000,100.005,100.03,99.885,99.935,nan,99.963,9950,9946349450.0,30632,100.01,7,100.005,1,nan,0,nan,0,nan,0,nan,0,nan,0,nan,0,nan,0,nan,0
1597988360608873984,1597988360845999872,2020-08-21 13:39:20.846000,100.005,100.03,99.885,99.935,nan,99.963,9950,9946349450.0,30632,100.01,7,100.005,2,nan,0,nan,0,nan,0,nan,0,nan,0,nan,0,nan,0,nan,0
1597988361599727104,1597988361904000000,2020-08-21 13:39:21.904000,100.005,100.03,99.885,99.935,nan,99.963,9950,9946349450.0,30632,100.01,7,100.005,3,nan,0,nan,0,nan,0,nan,0,nan,0,nan,0,nan,0,nan,0
1597988364142036992,1597988364416000000,2020-08-21 13:39:24.416000,100.005,100.03,99.885,99.935,nan,99.963,9950,9946349450.0,30632,100.01,7,100.005,3,nan,0,nan,0,nan,0,nan,0,nan,0,nan,0,nan,0,nan,0
1597988372606081024,1597988372927000064,2020-08-21 13:39:32.927000,100.005,100.03,99.885,99.935,nan,99.963,9952,9948349550.0,30633,100.01,7,100.005,2,nan,0,nan,0,nan,0,nan,0,nan,0,nan,0,nan,0,nan,0
1597988377621114880,1597988377936000000,2020-08-21 13:39:37.936000,100.005,100.03,99.885,99.935,nan,99.963,9952,9948349550.0,30633,100.01,7,100.005,3,nan,0,nan,0,nan,0,nan,0,nan,0,nan,0,nan,0,nan,0
1597988382149601024,1597988382435000064,2020-08-21 13:39:42.435000,100.005,100.03,99.885,99.935,nan,99.963,9952,9948349550.0,30633,100.01,7,100.005,3,nan,0,nan,0,nan,0,nan,0,nan,0,nan,0,nan,0,nan,0
1597988386129165056,1597988386428999936,2020-08-21 13:39:46.429000,100.005,100.03,99.885,99.935,nan,99.963,9952,9948349550.0,30633,100.01,7,100.005,3,nan,0,nan,0,nan,0,nan,0,nan,0,nan,0,nan,0,nan,0
1597988389134874880,1597988389374000128,2020-08-21 13:39:49.374000,100.005,100.03,99.885,99.935,nan,99.963,9952,9948349550.0,30633,100.01,7,100.005,2,nan,0,nan,0,nan,0,nan,0,nan,0,nan,0,nan,0,nan,0
1597988392622809088,1597988392937999872,2020-08-21 13:39:52.938000,100.005,100.03,99.885,99.935,nan,99.963,9954,9950349650.0,30634,100.005,2,100.0,9,nan,0,nan,0,nan,0,nan,0,nan,0,nan,0,nan,0,nan,0
1597988393159102976,1597988393432000000,2020-08-21 13:39:53.432000,100.005,100.03,99.885,99.935,nan,99.963,9956,9952349750.0,30633,100.01,8,100.005,5,nan,0,nan,0,nan,0,nan,0,nan,0,nan,0,nan,0,nan,0
1597988393624870912,1597988393904999936,2020-08-21 13:39:53.905000,100.005,100.03,99.885,99.935,nan,99.963,9960,9956349950.0,30632,100.01,8,100.005,1,nan,0,nan,0,nan,0,nan,0,nan,0,nan,0,nan,0,nan,0
1597988394162594048,1597988394424999936,2020-08-21 13:39:54.425000,100.005,100.03,99.885,99.935,nan,99.963,9961,9957350000.0,30633,100.005,1,100.0,7,nan,0,nan,0,nan,0,nan,0,nan,0,nan,0,nan,0,nan,0
1597988394648570880,1597988394903000064,2020-08-21 13:39:54.903000,100.005,100.03,99.885,99.935,nan,99.963,9961,9957350000.0,30633,100.005,1,100.0,7,nan,0,nan,0,nan,0,nan,0,nan,0,nan,0,nan,0,nan,0
1597988395143347968,1597988395416000000,2020-08-21 13:39:55.416000,100.005,100.03,99.885,99.935,nan,99.963,9961,9957350000.0,30633,100.005,2,100.0,6,nan,0,nan,0,nan,0,nan,0,nan,0,nan,0,nan,0,nan,0
1597988395645424128,1597988395937999872,2020-08-21 13:39:55.938000,100.005,100.03,99.885,99.935,nan,99.963,9961,9957350000.0,30633,100.005,2,100.0,6,nan,0,nan,0,nan,0,nan,0,nan,0,nan,0,nan,0,nan,0
1597988396161179904,1597988396436000000,2020-08-21 13:39:56.436000,100.005,100.03,99.885,99.935,nan,99.963,9961,9957350000.0,30633,100.005,2,100.0,6,nan,0,nan,0,nan,0,nan,0,nan,0,nan,0,nan,0,nan,0
1597988401123665920,1597988401428999936,2020-08-21 13:40:01.429000,100.005,100.03,99.885,99.935,nan,99.963,9964,9960350150.0,30631,100.01,10,100.0,6,nan,0,nan,0,nan,0,nan,0,nan,0,nan,0,nan,0,nan,0
1597988401646760960,1597988402176000000,2020-08-21 13:40:02.176000,100.005,100.03,99.885,99.935,nan,99.963,9965,9961350200.0,30630,100.01,10,100.005,4,nan,0,nan,0,nan,0,nan,0,nan,0,nan,0,nan,0,nan,0
1597988402156837120,1597988402413000192,2020-08-21 13:40:02.413000,100.005,100.03,99.885,99.935,nan,99.963,9965,9961350200.0,30630,100.01,10,100.005,4,nan,0,nan,0,nan,0,nan,0,nan,0,nan,0,nan,0,nan,0
1597988402639772928,1597988403240999936,2020-08-21 13:40:03.241000,100.005,100.03,99.885,99.935,nan,99.963,9965,9961350200.0,30630,100.01,8,100.005,4,nan,0,nan,0,nan,0,nan,0,nan,0,nan,0,nan,0,nan,0
1597988403149113088,1597988403432000000,2020-08-21 13:40:03.432000,100.005,100.03,99.885,99.935,nan,99.963,9965,9961350200.0,30630,100.01,6,100.005,4,nan,0,nan,0,nan,0,nan,0,nan,0,nan,0,nan,0,nan,0
1597988403631520000,1597988403924000000,2020-08-21 13:40:03.924000,100.005,100.03,99.885,99.935,nan,99.963,9965,9961350200.0,30630,100.01,7,100.005,5,nan,0,nan,0,nan,0,nan,0,nan,0,nan,0,nan,0,nan,0
1597988404026882048,1597988404411000064,2020-08-21 13:40:04.411000,100.01,100.03,99.885,99.935,nan,99.963,9966,9962350300.0,30630,100.01,6,100.005,5,nan,0,nan,0,nan,0,nan,0,nan,0,nan,0,nan,0,nan,0
1597988404540281088,1597988404903000064,2020-08-21 13:40:04.903000,100.01,100.03,99.885,99.935,nan,99.963,9966,9962350300.0,30630,100.01,3,100.005,6,nan,0,nan,0,nan,0,nan,0,nan,0,nan,0,nan,0,nan,0
1597988405030721024,1597988405420000000,2020-08-21 13:40:05.420000,100.01,100.03,99.885,99.935,nan,99.963,9966,9962350300.0,30630,100.01,3,100.005,6,nan,0,nan,0,nan,0,nan,0,nan,0,nan,0,nan,0,nan,0
1597988405533263104,1597988405897000192,2020-08-21 13:40:05.897000,100.01,100.03,99.885,99.935,nan,99.963,9966,9962350300.0,30630,100.01,3,100.005,6,nan,0,nan,0,nan,0,nan,0,nan,0,nan,0,nan,0,nan,0
1597988407043107072,1597988407437999872,2020-08-21 13:40:07.438000,100.01,100.03,99.885,99.935,nan,99.963,9966,9962350300.0,30630,100.01,3,100.005,6,nan,0,nan,0,nan,0,nan,0,nan,0,nan,0,nan,0,nan,0
1597988408093635072,1597988408431000064,2020-08-21 13:40:08.431000,100.01,100.03,99.885,99.935,nan,99.963,9966,9962350300.0,30630,100.01,3,100.005,6,nan,0,nan,0,nan,0,nan,0,nan,0,nan,0,nan,0,nan,0
1597988411545999104,1597988411924999936,2020-08-21 13:40:11.925000,100.01,100.03,99.885,99.935,nan,99.963,9966,9962350300.0,30630,100.01,3,100.005,6,nan,0,nan,0,nan,0,nan,0,nan,0,nan,0,nan,0,nan,0
1597988414100710912,1597988414356000000,2020-08-21 13:40:14.356000,100.01,100.03,99.885,99.935,nan,99.963,9967,9963350400.0,30630,100.01,2,100.005,6,nan,0,nan,0,nan,0,nan,0,nan,0,nan,0,nan,0,nan,0
1597988417081209088,1597988417420999936,2020-08-21 13:40:17.421000,100.005,100.03,99.885,99.935,nan,99.963,9975,9971350800.0,30636,100.005,1,100.0,9,nan,0,nan,0,nan,0,nan,0,nan,0,nan,0,nan,0,nan,0
1597988417561715968,1597988417892999936,2020-08-21 13:40:17.893000,100.005,100.03,99.885,99.935,nan,99.963,9983,9979350900.0,30638,100.005,2,100.0,4,nan,0,nan,0,nan,0,nan,0,nan,0,nan,0,nan,0,nan,0
1597988418079388928,1597988418427000064,2020-08-21 13:40:18.427000,100.005,100.03,99.885,99.935,nan,99.963,9987,9983351100.0,30638,100.01,7,100.005,2,nan,0,nan,0,nan,0,nan,0,nan,0,nan,0,nan,0,nan,0
1597988418556238080,1597988418917999872,2020-08-21 13:40:18.918000,100.005,100.03,99.885,99.935,nan,99.963,9987,9983351100.0,30638,100.01,7,100.005,2,nan,0,nan,0,nan,0,nan,0,nan,0,nan,0,nan,0,nan,0
1597988419552237056,1597988419924999936,2020-08-21 13:40:19.925000,100.005,100.03,99.885,99.935,nan,99.963,9987,9983351100.0,30638,100.01,6,100.005,3,nan,0,nan,0,nan,0,nan,0,nan,0,nan,0,nan,0,nan,0
1597988420083060992,1597988420433000192,2020-08-21 13:40:20.433000,100.005,100.03,99.885,99.935,nan,99.963,9987,9983351100.0,30638,100.01,6,100.005,3,nan,0,nan,0,nan,0,nan,0,nan,0,nan,0,nan,0,nan,0
1597988420563345920,1597988420932000000,2020-08-21 13:40:20.932000,100.005,100.03,99.885,99.935,nan,99.963,9987,9983351100.0,30638,100.01,4,100.005,4,nan,0,nan,0,nan,0,nan,0,nan,0,nan,0,nan,0,nan,0
1597988421081453056,1597988421390000128,2020-08-21 13:40:21.390000,100.005,100.03,99.885,99.935,nan,99.963,9987,9983351100.0,30638,100.01,4,100.005,3,nan,0,nan,0,nan,0,nan,0,nan,0,nan,0,nan,0,nan,0
1597988421565784064,1597988421928000000,2020-08-21 13:40:21.928000,100.005,100.03,99.885,99.935,nan,99.963,9987,9983351100.0,30638,100.01,6,100.005,3,nan,0,nan,0,nan,0,nan,0,nan,0,nan,0,nan,0,nan,0
1597988422056816128,1597988422401999872,2020-08-21 13:40:22.402000,100.005,100.03,99.885,99.935,nan,99.963,9987,9983351100.0,30638,100.01,6,100.005,3,nan,0,nan,0,nan,0,nan,0,nan,0,nan,0,nan,0,nan,0
1597988424175168000,1597988424434000128,2020-08-21 13:40:24.434000,100.01,100.03,99.885,99.935,nan,99.963,9988,9984351200.0,30638,100.01,5,100.005,3,nan,0,nan,0,nan,0,nan,0,nan,0,nan,0,nan,0,nan,0
1597988425053509120,1597988425424999936,2020-08-21 13:40:25.425000,100.01,100.03,99.885,99.935,nan,99.963,9988,9984351200.0,30638,100.01,4,100.005,3,nan,0,nan,0,nan,0,nan,0,nan,0,nan,0,nan,0,nan,0
1597988425561940992,1597988425930000128,2020-08-21 13:40:25.930000,100.005,100.03,99.885,99.935,nan,99.963,9991,9987351350.0,30636,100.01,4,100.005,1,nan,0,nan,0,nan,0,nan,0,nan,0,nan,0,nan,0,nan,0
1597988426117830912,1597988426431000064,2020-08-21 13:40:26.431000,100.005,100.03,99.885,99.935,nan,99.963,9991,9987351350.0,30636,100.01,4,100.005,1,nan,0,nan,0,nan,0,nan,0,nan,0,nan,0,nan,0,nan,0
1597988426559561984,1597988426934000128,2020-08-21 13:40:26.934000,100.005,100.03,99.885,99.935,nan,99.963,9992,9988351400.0,30636,100.005,2,100.0,6,nan,0,nan,0,nan,0,nan,0,nan,0,nan,0,nan,0,nan,0
1597988427042862080,1597988427434000128,2020-08-21 13:40:27.434000,100.005,100.03,99.885,99.935,nan,99.963,9995,9991351550.0,30635,100.01,5,100.005,6,nan,0,nan,0,nan,0,nan,0,nan,0,nan,0,nan,0,nan,0
1597988427543374080,1597988427918999808,2020-08-21 13:40:27.919000,100.005,100.03,99.885,99.935,nan,99.964,9996,9992351600.0,30634,100.01,6,100.005,7,nan,0,nan,0,nan,0,nan,0,nan,0,nan,0,nan,0,nan,0
1597988428041615872,1597988428412000000,2020-08-21 13:40:28.412000,100.005,100.03,99.885,99.935,nan,99.964,9996,9992351600.0,30634,100.01,6,100.005,7,nan,0,nan,0,nan,0,nan,0,nan,0,nan,0,nan,0,nan,0
1597988428560396032,1597988428924999936,2020-08-21 13:40:28.925000,100.005,100.03,99.885,99.935,nan,99.964,9996,9992351600.0,30634,100.01,4,100.005,7,nan,0,nan,0,nan,0,nan,0,nan,0,nan,0,nan,0,nan,0
1597988430044812032,1597988430434000128,2020-08-21 13:40:30.434000,100.005,100.03,99.885,99.935,nan,99.964,9996,9992351600.0,30634,100.01,4,100.005,5,nan,0,nan,0,nan,0,nan,0,nan,0,nan,0,nan,0,nan,0
1597988432551671040,1597988432936999936,2020-08-21 13:40:32.937000,100.005,100.03,99.885,99.935,nan,99.964,9996,9992351600.0,30634,100.01,4,100.005,5,nan,0,nan,0,nan,0,nan,0,nan,0,nan,0,nan,0,nan,0
1597988433561840128,1597988433934000128,2020-08-21 13:40:33.934000,100.005,100.03,99.885,99.935,nan,99.964,9998,9994351700.0,30634,100.01,4,100.005,2,nan,0,nan,0,nan,0,nan,0,nan,0,nan,0,nan,0,nan,0
1597988434059741952,1597988434405999872,2020-08-21 13:40:34.406000,100.01,100.03,99.885,99.935,nan,99.964,9999,9995351800.0,30633,100.01,3,100.005,2,nan,0,nan,0,nan,0,nan,0,nan,0,nan,0,nan,0,nan,0
1597988434570339072,1597988434923000064,2020-08-21 13:40:34.923000,100.01,100.03,99.885,99.935,nan,99.964,9999,9995351800.0,30633,100.01,4,100.005,2,nan,0,nan,0,nan,0,nan,0,nan,0,nan,0,nan,0,nan,0
1597988435078878976,1597988435428999936,2020-08-21 13:40:35.429000,100.01,100.03,99.885,99.935,nan,99.964,9999,9995351800.0,30633,100.01,3,100.005,2,nan,0,nan,0,nan,0,nan,0,nan,0,nan,0,nan,0,nan,0
1597988435556098048,1597988435910000128,2020-08-21 13:40:35.910000,100.01,100.03,99.885,99.935,nan,99.964,9999,9995351800.0,30633,100.01,3,100.005,3,nan,0,nan,0,nan,0,nan,0,nan,0,nan,0,nan,0,nan,0
1597988436104961024,1597988436435000064,2020-08-21 13:40:36.435000,100.01,100.03,99.885,99.935,nan,99.964,9999,9995351800.0,30633,100.01,3,100.005,4,nan,0,nan,0,nan,0,nan,0,nan,0,nan,0,nan,0,nan,0
1597988436572224000,1597988436894000128,2020-08-21 13:40:36.894000,100.005,100.03,99.885,99.935,nan,99.964,10003,9999352000.0,30634,100.005,1,100.0,12,nan,0,nan,0,nan,0,nan,0,nan,0,nan,0,nan,0,nan,0
1597988437078583040,1597988437357000192,2020-08-21 13:40:37.357000,100.005,100.03,99.885,99.935,nan,99.964,10003,9999352000.0,30634,100.005,1,100.0,12,nan,0,nan,0,nan,0,nan,0,nan,0,nan,0,nan,0,nan,0
1597988437564475904,1597988437937999872,2020-08-21 13:40:37.938000,100.005,100.03,99.885,99.935,nan,99.964,10005,10001352100.0,30635,100.005,1,100.0,10,nan,0,nan,0,nan,0,nan,0,nan,0,nan,0,nan,0,nan,0
1597988438084260096,1597988438430000128,2020-08-21 13:40:38.430000,100.005,100.03,99.885,99.935,nan,99.964,10006,10002352150.0,30635,100.01,9,100.005,1,nan,0,nan,0,nan,0,nan,0,nan,0,nan,0,nan,0,nan,0
1597988438571303936,1597988438938999808,2020-08-21 13:40:38.939000,100.005,100.03,99.885,99.935,nan,99.964,10007,10003352200.0,30635,100.005,2,100.0,6,nan,0,nan,0,nan,0,nan,0,nan,0,nan,0,nan,0,nan,0
1597988439073939968,1597988439433000192,2020-08-21 13:40:39.433000,100.005,100.03,99.885,99.935,nan,99.964,10007,10003352200.0,30635,100.005,1,100.0,6,nan,0,nan,0,nan,0,nan,0,nan,0,nan,0,nan,0,nan,0
1597988439567565056,1597988439926000128,2020-08-21 13:40:39.926000,100.005,100.03,99.885,99.935,nan,99.964,10007,10003352200.0,30635,100.005,2,100.0,6,nan,0,nan,0,nan,0,nan,0,nan,0,nan,0,nan,0,nan,0
1597988440068241920,1597988440408000000,2020-08-21 13:40:40.408000,100.0,100.03,99.885,99.935,nan,99.964,10009,10005352200.0,30633,100.005,4,100.0,4,nan,0,nan,0,nan,0,nan,0,nan,0,nan,0,nan,0,nan,0
1597988440583352064,1597988440938999808,2020-08-21 13:40:40.939000,100.0,100.03,99.885,99.935,nan,99.964,10009,10005352200.0,30633,100.005,4,100.0,4,nan,0,nan,0,nan,0,nan,0,nan,0,nan,0,nan,0,nan,0
1597988441075983104,1597988441420999936,2020-08-21 13:40:41.421000,100.0,100.03,99.885,99.935,nan,99.964,10009,10005352200.0,30633,100.005,4,100.0,4,nan,0,nan,0,nan,0,nan,0,nan,0,nan,0,nan,0,nan,0
1597988442567698944,1597988442924000000,2020-08-21 13:40:42.924000,100.0,100.03,99.885,99.935,nan,99.964,10009,10005352200.0,30633,100.005,5,100.0,4,nan,0,nan,0,nan,0,nan,0,nan,0,nan,0,nan,0,nan,0
1597988444089662976,1597988444435000064,2020-08-21 13:40:44.435000,100.005,100.03,99.885,99.935,nan,99.964,10011,10007352300.0,30632,100.005,7,100.0,3,nan,0,nan,0,nan,0,nan,0,nan,0,nan,0,nan,0,nan,0
1597988444569431040,1597988444905999872,2020-08-21 13:40:44.906000,100.005,100.03,99.885,99.935,nan,99.964,10011,10007352300.0,30632,100.005,7,100.0,3,nan,0,nan,0,nan,0,nan,0,nan,0,nan,0,nan,0,nan,0
1597988445076828928,1597988445427000064,2020-08-21 13:40:45.427000,100.0,100.03,99.885,99.935,nan,99.964,10014,10010352300.0,30633,100.005,7,99.995,4,nan,0,nan,0,nan,0,nan,0,nan,0,nan,0,nan,0,nan,0
1597988445583176960,1597988445926000128,2020-08-21 13:40:45.926000,100.0,100.03,99.885,99.935,nan,99.964,10014,10010352300.0,30633,100.005,8,99.995,3,nan,0,nan,0,nan,0,nan,0,nan,0,nan,0,nan,0,nan,0
1597988446099077888,1597988446435000064,2020-08-21 13:40:46.435000,100.0,100.03,99.885,99.935,nan,99.964,10014,10010352300.0,30633,100.005,8,99.995,3,nan,0,nan,0,nan,0,nan,0,nan,0,nan,0,nan,0,nan,0
1597988446560803072,1597988446924999936,2020-08-21 13:40:46.925000,100.0,100.03,99.885,99.935,nan,99.964,10014,10010352300.0,30633,100.005,8,99.995,3,nan,0,nan,0,nan,0,nan,0,nan,0,nan,0,nan,0,nan,0
1597988447079266048,1597988447360999936,2020-08-21 13:40:47.361000,100.0,100.03,99.885,99.935,nan,99.964,10014,10010352300.0,30633,100.005,9,99.995,3,nan,0,nan,0,nan,0,nan,0,nan,0,nan,0,nan,0,nan,0
1597988453079728128,1597988453424999936,2020-08-21 13:40:53.425000,100.0,100.03,99.885,99.935,nan,99.964,10014,10010352300.0,30633,100.005,9,99.995,6,nan,0,nan,0,nan,0,nan,0,nan,0,nan,0,nan,0,nan,0
1597988454079254016,1597988454428000000,2020-08-21 13:40:54.428000,100.005,100.03,99.885,99.935,nan,99.964,10015,10011352350.0,30633,100.005,8,100.0,2,nan,0,nan,0,nan,0,nan,0,nan,0,nan,0,nan,0,nan,0
1597988454560957952,1597988454931000064,2020-08-21 13:40:54.931000,100.005,100.03,99.885,99.935,nan,99.964,10015,10011352350.0,30633,100.005,7,100.0,2,nan,0,nan,0,nan,0,nan,0,nan,0,nan,0,nan,0,nan,0
1597988455060638976,1597988455435000064,2020-08-21 13:40:55.435000,100.005,100.03,99.885,99.935,nan,99.964,10015,10011352350.0,30633,100.005,7,100.0,3,nan,0,nan,0,nan,0,nan,0,nan,0,nan,0,nan,0,nan,0
1597988455558672896,1597988455936999936,2020-08-21 13:40:55.937000,100.005,100.03,99.885,99.935,nan,99.964,10015,10011352350.0,30633,100.005,7,100.0,4,nan,0,nan,0,nan,0,nan,0,nan,0,nan,0,nan,0,nan,0
1597988456079504896,1597988456432000000,2020-08-21 13:40:56.432000,100.005,100.03,99.885,99.935,nan,99.964,10015,10011352350.0,30633,100.005,7,100.0,4,nan,0,nan,0,nan,0,nan,0,nan,0,nan,0,nan,0,nan,0
1597988460561280000,1597988460937999872,2020-08-21 13:41:00.938000,100.005,100.03,99.885,99.935,nan,99.964,10015,10011352350.0,30633,100.005,6,100.0,4,nan,0,nan,0,nan,0,nan,0,nan,0,nan,0,nan,0,nan,0
1597988462083598080,1597988462420999936,2020-08-21 13:41:02.421000,100.005,100.03,99.885,99.935,nan,99.964,10015,10011352350.0,30633,100.005,5,100.0,4,nan,0,nan,0,nan,0,nan,0,nan,0,nan,0,nan,0,nan,0
1597988463081743104,1597988463430000128,2020-08-21 13:41:03.430000,100.0,100.03,99.885,99.935,nan,99.964,10017,10013352350.0,30632,100.005,5,100.0,2,nan,0,nan,0,nan,0,nan,0,nan,0,nan,0,nan,0,nan,0
1597988463579122944,1597988463935000064,2020-08-21 13:41:03.935000,100.0,100.03,99.885,99.935,nan,99.964,10018,10014352350.0,30632,100.005,10,100.0,1,nan,0,nan,0,nan,0,nan,0,nan,0,nan,0,nan,0,nan,0
1597988464074891008,1597988464432000000,2020-08-21 13:41:04.432000,100.0,100.03,99.885,99.935,nan,99.964,10019,10015352350.0,30632,100.005,10,99.995,7,nan,0,nan,0,nan,0,nan,0,nan,0,nan,0,nan,0,nan,0
1597988464563734016,1597988464926000128,2020-08-21 13:41:04.926000,100.0,100.03,99.885,99.935,nan,99.964,10019,10015352350.0,30632,100.005,10,100.0,3,nan,0,nan,0,nan,0,nan,0,nan,0,nan,0,nan,0,nan,0
1597988465090394112,1597988465426000128,2020-08-21 13:41:05.426000,100.0,100.03,99.885,99.935,nan,99.964,10019,10015352350.0,30632,100.005,10,100.0,3,nan,0,nan,0,nan,0,nan,0,nan,0,nan,0,nan,0,nan,0
1597988465575854080,1597988465921999872,2020-08-21 13:41:05.922000,100.0,100.03,99.885,99.935,nan,99.964,10019,10015352350.0,30632,100.005,10,100.0,4,nan,0,nan,0,nan,0,nan,0,nan,0,nan,0,nan,0,nan,0
1597988469573647104,1597988469934000128,2020-08-21 13:41:09.934000,100.0,100.03,99.885,99.935,nan,99.964,10019,10015352350.0,30632,100.005,10,100.0,4,nan,0,nan,0,nan,0,nan,0,nan,0,nan,0,nan,0,nan,0
1597988470071408896,1597988470438999808,2020-08-21 13:41:10.439000,100.0,100.03,99.885,99.935,nan,99.964,10023,10019352350.0,30634,100.005,10,100.0,2,nan,0,nan,0,nan,0,nan,0,nan,0,nan,0,nan,0,nan,0
1597988471581918976,1597988471927000064,2020-08-21 13:41:11.927000,100.0,100.03,99.885,99.935,nan,99.964,10023,10019352350.0,30634,100.005,10,100.0,3,nan,0,nan,0,nan,0,nan,0,nan,0,nan,0,nan,0,nan,0
1597988474564190976,1597988474933000192,2020-08-21 13:41:14.933000,100.0,100.03,99.885,99.935,nan,99.964,10024,10020352350.0,30633,100.005,10,100.0,2,nan,0,nan,0,nan,0,nan,0,nan,0,nan,0,nan,0,nan,0
1597988478576231936,1597988478927000064,2020-08-21 13:41:18.927000,100.0,100.03,99.885,99.935,nan,99.964,10026,10022352350.0,30634,100.0,3,99.995,7,nan,0,nan,0,nan,0,nan,0,nan,0,nan,0,nan,0,nan,0
1597988479076901888,1597988479433000192,2020-08-21 13:41:19.433000,100.0,100.03,99.885,99.935,nan,99.964,10031,10027352350.0,30635,100.0,2,99.995,7,nan,0,nan,0,nan,0,nan,0,nan,0,nan,0,nan,0,nan,0
1597988479575635968,1597988479936000000,2020-08-21 13:41:19.936000,100.0,100.03,99.885,99.935,nan,99.964,10033,10029352350.0,30633,100.0,2,99.995,7,nan,0,nan,0,nan,0,nan,0,nan,0,nan,0,nan,0,nan,0
1597988480078306048,1597988480416999936,2020-08-21 13:41:20.417000,100.0,100.03,99.885,99.935,nan,99.964,10035,10031352350.0,30633,100.005,8,99.995,8,nan,0,nan,0,nan,0,nan,0,nan,0,nan,0,nan,0,nan,0
1597988480572754944,1597988480903000064,2020-08-21 13:41:20.903000,100.0,100.03,99.885,99.935,nan,99.964,10035,10031352350.0,30633,100.005,8,99.995,8,nan,0,nan,0,nan,0,nan,0,nan,0,nan,0,nan,0,nan,0
1597988481086784000,1597988481438999808,2020-08-21 13:41:21.439000,100.0,100.03,99.885,99.935,nan,99.964,10035,10031352350.0,30633,100.005,8,99.995,8,nan,0,nan,0,nan,0,nan,0,nan,0,nan,0,nan,0,nan,0
1597988481573214976,1597988481937999872,2020-08-21 13:41:21.938000,100.0,100.03,99.885,99.935,nan,99.964,10035,10031352350.0,30633,100.0,1,99.995,8,nan,0,nan,0,nan,0,nan,0,nan,0,nan,0,nan,0,nan,0
1597988482067204096,1597988482430000128,2020-08-21 13:41:22.430000,100.0,100.03,99.885,99.935,nan,99.964,10035,10031352350.0,30633,100.0,1,99.995,8,nan,0,nan,0,nan,0,nan,0,nan,0,nan,0,nan,0,nan,0
1597988482581224960,1597988482936000000,2020-08-21 13:41:22.936000,100.0,100.03,99.885,99.935,nan,99.964,10035,10031352350.0,30633,100.0,1,99.995,8,nan,0,nan,0,nan,0,nan,0,nan,0,nan,0,nan,0,nan,0
1597988483569861888,1597988483932000000,2020-08-21 13:41:23.932000,100.0,100.03,99.885,99.935,nan,99.964,10035,10031352350.0,30633,100.0,2,99.995,8,nan,0,nan,0,nan,0,nan,0,nan,0,nan,0,nan,0,nan,0
1597988484086994944,1597988484434000128,2020-08-21 13:41:24.434000,100.0,100.03,99.885,99.935,nan,99.964,10035,10031352350.0,30633,100.0,2,99.995,8,nan,0,nan,0,nan,0,nan,0,nan,0,nan,0,nan,0,nan,0
1597988484570622976,1597988484915000064,2020-08-21 13:41:24.915000,100.0,100.03,99.885,99.935,nan,99.964,10035,10031352350.0,30633,100.0,2,99.995,5,nan,0,nan,0,nan,0,nan,0,nan,0,nan,0,nan,0,nan,0
1597988485071664896,1597988485431000064,2020-08-21 13:41:25.431000,100.0,100.03,99.885,99.935,nan,99.964,10035,10031352350.0,30633,100.0,2,99.995,5,nan,0,nan,0,nan,0,nan,0,nan,0,nan,0,nan,0,nan,0
1597988494583610112,1597988494912000000,2020-08-21 13:41:34.912000,100.0,100.03,99.885,99.935,nan,99.964,10035,10031352350.0,30633,100.0,2,99.995,5,nan,0,nan,0,nan,0,nan,0,nan,0,nan,0,nan,0,nan,0
1597988499078657024,1597988499424000000,2020-08-21 13:41:39.424000,100.0,100.03,99.885,99.935,nan,99.964,10035,10031352350.0,30633,100.0,2,99.995,5,nan,0,nan,0,nan,0,nan,0,nan,0,nan,0,nan,0,nan,0
1597988499579266048,1597988499934000128,2020-08-21 13:41:39.934000,100.0,100.03,99.885,99.935,nan,99.964,10035,10031352350.0,30633,100.0,2,99.995,4,nan,0,nan,0,nan,0,nan,0,nan,0,nan,0,nan,0,nan,0
1597988502585522944,1597988502908999936,2020-08-21 13:41:42.909000,99.995,100.03,99.885,99.935,nan,99.964,10039,10035352150.0,30633,99.995,16,99.99,15,nan,0,nan,0,nan,0,nan,0,nan,0,nan,0,nan,0,nan,0
1597988503085424896,1597988503397000192,2020-08-21 13:41:43.397000,99.99,100.03,99.885,99.935,nan,99.964,10040,10036352050.0,30632,99.995,17,99.99,9,nan,0,nan,0,nan,0,nan,0,nan,0,nan,0,nan,0,nan,0
1597988503582278912,1597988503921999872,2020-08-21 13:41:43.922000,99.99,100.03,99.885,99.935,nan,99.964,10040,10036352050.0,30632,99.995,19,99.99,8,nan,0,nan,0,nan,0,nan,0,nan,0,nan,0,nan,0,nan,0
1597988504122221056,1597988504430000128,2020-08-21 13:41:44.430000,99.99,100.03,99.885,99.935,nan,99.964,10040,10036352050.0,30632,99.995,19,99.99,8,nan,0,nan,0,nan,0,nan,0,nan,0,nan,0,nan,0,nan,0
1597988505102222080,1597988505408999936,2020-08-21 13:41:45.409000,99.99,100.03,99.885,99.935,nan,99.964,10040,10036352050.0,30632,99.995,19,99.99,8,nan,0,nan,0,nan,0,nan,0,nan,0,nan,0,nan,0,nan,0
1597988505579067904,1597988505936999936,2020-08-21 13:41:45.937000,99.99,100.03,99.885,99.935,nan,99.964,10040,10036352050.0,30632,99.995,19,99.99,8,nan,0,nan,0,nan,0,nan,0,nan,0,nan,0,nan,0,nan,0
1597988506089071104,1597988506427000064,2020-08-21 13:41:46.427000,99.99,100.03,99.885,99.935,nan,99.964,10043,10039351750.0,30632,99.995,19,99.99,5,nan,0,nan,0,nan,0,nan,0,nan,0,nan,0,nan,0,nan,0
1597988506584247040,1597988506926000128,2020-08-21 13:41:46.926000,99.99,100.03,99.885,99.935,nan,99.964,10044,10040351650.0,30633,99.995,19,99.99,3,nan,0,nan,0,nan,0,nan,0,nan,0,nan,0,nan,0,nan,0
1597988513581996032,1597988513936000000,2020-08-21 13:41:53.936000,99.99,100.03,99.885,99.935,nan,99.964,10044,10040351650.0,30633,99.995,19,99.99,3,nan,0,nan,0,nan,0,nan,0,nan,0,nan,0,nan,0,nan,0
1597988515086183936,1597988515438999808,2020-08-21 13:41:55.439000,99.99,100.03,99.885,99.935,nan,99.964,10045,10041351550.0,30633,99.995,19,99.99,2,nan,0,nan,0,nan,0,nan,0,nan,0,nan,0,nan,0,nan,0
1597988518098651904,1597988518431000064,2020-08-21 13:41:58.431000,99.99,100.03,99.885,99.935,nan,99.964,10047,10043351350.0,30634,99.99,8,99.985,8,nan,0,nan,0,nan,0,nan,0,nan,0,nan,0,nan,0,nan,0
1597988518615899904,1597988518930000128,2020-08-21 13:41:58.930000,99.99,100.03,99.885,99.935,nan,99.964,10055,10051350550.0,30634,99.99,1,99.985,8,nan,0,nan,0,nan,0,nan,0,nan,0,nan,0,nan,0,nan,0
1597988519085232128,1597988519436000000,2020-08-21 13:41:59.436000,99.99,100.03,99.885,99.935,nan,99.964,10058,10054350250.0,30634,99.995,17,99.985,8,nan,0,nan,0,nan,0,nan,0,nan,0,nan,0,nan,0,nan,0
1597988519587358976,1597988519936999936,2020-08-21 13:41:59.937000,99.99,100.03,99.885,99.935,nan,99.964,10058,10054350250.0,30634,99.995,17,99.985,9,nan,0,nan,0,nan,0,nan,0,nan,0,nan,0,nan,0,nan,0
1597988520097554944,1597988520426000128,2020-08-21 13:42:00.426000,99.99,100.03,99.885,99.935,nan,99.964,10058,10054350250.0,30634,99.995,17,99.985,9,nan,0,nan,0,nan,0,nan,0,nan,0,nan,0,nan,0,nan,0
1597988520587243008,1597988520937999872,2020-08-21 13:42:00.938000,99.99,100.03,99.885,99.935,nan,99.964,10058,10054350250.0,30634,99.995,17,99.99,1,nan,0,nan,0,nan,0,nan,0,nan,0,nan,0,nan,0,nan,0
1597988521094082048,1597988521368000000,2020-08-21 13:42:01.368000,99.99,100.03,99.885,99.935,nan,99.964,10059,10055350150.0,30634,99.995,17,99.99,1,nan,0,nan,0,nan,0,nan,0,nan,0,nan,0,nan,0,nan,0
1597988521587506944,1597988521926000128,2020-08-21 13:42:01.926000,99.99,100.03,99.885,99.935,nan,99.964,10059,10055350150.0,30634,99.995,17,99.99,2,nan,0,nan,0,nan,0,nan,0,nan,0,nan,0,nan,0,nan,0
1597988522108250112,1597988522437999872,2020-08-21 13:42:02.438000,99.99,100.03,99.885,99.935,nan,99.964,10063,10059349750.0,30634,99.99,6,99.985,8,nan,0,nan,0,nan,0,nan,0,nan,0,nan,0,nan,0,nan,0
1597988522608324096,1597988522936000000,2020-08-21 13:42:02.936000,99.985,100.03,99.885,99.935,nan,99.964,10064,10060349600.0,30634,99.99,6,99.985,7,nan,0,nan,0,nan,0,nan,0,nan,0,nan,0,nan,0,nan,0
1597988523113342976,1597988523433000192,2020-08-21 13:42:03.433000,99.985,100.03,99.885,99.935,nan,99.964,10064,10060349600.0,30634,99.99,7,99.985,9,nan,0,nan,0,nan,0,nan,0,nan,0,nan,0,nan,0,nan,0
1597988523591539968,1597988523927000064,2020-08-21 13:42:03.927000,99.985,100.03,99.885,99.935,nan,99.964,10064,10060349600.0,30634,99.99,8,99.985,8,nan,0,nan,0,nan,0,nan,0,nan,0,nan,0,nan,0,nan,0
1597988524110747904,1597988524427000064,2020-08-21 13:42:04.427000,99.985,100.03,99.885,99.935,nan,99.964,10064,10060349600.0,30634,99.99,8,99.985,8,nan,0,nan,0,nan,0,nan,0,nan,0,nan,0,nan,0,nan,0
1597988524598764032,1597988524913000192,2020-08-21 13:42:04.913000,99.985,100.03,99.885,99.935,nan,99.964,10064,10060349600.0,30634,99.99,8,99.985,8,nan,0,nan,0,nan,0,nan,0,nan,0,nan,0,nan,0,nan,0
1597988529597113088,1597988529934000128,2020-08-21 13:42:09.934000,99.99,100.03,99.885,99.935,nan,99.964,10066,10062349400.0,30634,99.99,6,99.985,8,nan,0,nan,0,nan,0,nan,0,nan,0,nan,0,nan,0,nan,0
1597988530090673920,1597988530427000064,2020-08-21 13:42:10.427000,99.99,100.03,99.885,99.935,nan,99.964,10072,10068348800.0,30639,99.995,19,99.985,8,nan,0,nan,0,nan,0,nan,0,nan,0,nan,0,nan,0,nan,0
1597988530608066048,1597988530936999936,2020-08-21 13:42:10.937000,99.99,100.03,99.885,99.935,nan,99.964,10072,10068348800.0,30639,99.995,19,99.985,12,nan,0,nan,0,nan,0,nan,0,nan,0,nan,0,nan,0,nan,0
1597988531123397888,1597988531428999936,2020-08-21 13:42:11.429000,99.99,100.03,99.885,99.935,nan,99.964,10072,10068348800.0,30639,99.995,19,99.985,12,nan,0,nan,0,nan,0,nan,0,nan,0,nan,0,nan,0,nan,0
1597988531610746880,1597988531934000128,2020-08-21 13:42:11.934000,99.99,100.03,99.885,99.935,nan,99.964,10072,10068348800.0,30639,99.995,18,99.985,12,nan,0,nan,0,nan,0,nan,0,nan,0,nan,0,nan,0,nan,0
1597988532109093120,1597988532436000000,2020-08-21 13:42:12.436000,99.99,100.03,99.885,99.935,nan,99.964,10072,10068348800.0,30639,99.995,18,99.985,12,nan,0,nan,0,nan,0,nan,0,nan,0,nan,0,nan,0,nan,0
1597988532599976960,1597988532935000064,2020-08-21 13:42:12.935000,99.99,100.03,99.885,99.935,nan,99.964,10072,10068348800.0,30639,99.995,18,99.985,12,nan,0,nan,0,nan,0,nan,0,nan,0,nan,0,nan,0,nan,0
1597988536105165056,1597988536403000064,2020-08-21 13:42:16.403000,99.99,100.03,99.885,99.935,nan,99.964,10072,10068348800.0,30639,99.995,18,99.985,12,nan,0,nan,0,nan,0,nan,0,nan,0,nan,0,nan,0,nan,0
1597988536610665984,1597988536931000064,2020-08-21 13:42:16.931000,99.99,100.03,99.885,99.935,nan,99.964,10072,10068348800.0,30639,99.995,18,99.985,12,nan,0,nan,0,nan,0,nan,0,nan,0,nan,0,nan,0,nan,0
1597988537099853056,1597988537436999936,2020-08-21 13:42:17.437000,99.99,100.03,99.885,99.935,nan,99.964,10072,10068348800.0,30639,99.995,18,99.985,12,nan,0,nan,0,nan,0,nan,0,nan,0,nan,0,nan,0,nan,0
1597988539103569920,1597988539407000064,2020-08-21 13:42:19.407000,99.99,100.03,99.885,99.935,nan,99.964,10072,10068348800.0,30639,99.99,10,99.985,12,nan,0,nan,0,nan,0,nan,0,nan,0,nan,0,nan,0,nan,0
1597988539620995072,1597988539931000064,2020-08-21 13:42:19.931000,99.99,100.03,99.885,99.935,nan,99.964,10072,10068348800.0,30639,99.99,11,99.985,12,nan,0,nan,0,nan,0,nan,0,nan,0,nan,0,nan,0,nan,0
1597988540165342976,1597988540433000192,2020-08-21 13:42:20.433000,99.99,100.03,99.885,99.935,nan,99.964,10072,10068348800.0,30639,99.99,11,99.985,12,nan,0,nan,0,nan,0,nan,0,nan,0,nan,0,nan,0,nan,0
1597988548104236032,1597988548418999808,2020-08-21 13:42:28.419000,99.99,100.03,99.885,99.935,nan,99.964,10083,10079347700.0,30650,99.995,19,99.985,12,nan,0,nan,0,nan,0,nan,0,nan,0,nan,0,nan,0,nan,0
1597988548656187904,1597988548936999936,2020-08-21 13:42:28.937000,99.99,100.03,99.885,99.935,nan,99.964,10083,10079347700.0,30650,99.995,19,99.985,12,nan,0,nan,0,nan,0,nan,0,nan,0,nan,0,nan,0,nan,0
1597988549119403008,1597988549428999936,2020-08-21 13:42:29.429000,99.99,100.03,99.885,99.935,nan,99.964,10083,10079347700.0,30650,99.995,19,99.985,12,nan,0,nan,0,nan,0,nan,0,nan,0,nan,0,nan,0,nan,0
1597988549608104960,1597988549914000128,2020-08-21 13:42:29.914000,99.99,100.03,99.885,99.935,nan,99.964,10083,10079347700.0,30650,99.995,18,99.985,22,nan,0,nan,0,nan,0,nan,0,nan,0,nan,0,nan,0,nan,0
1597988550155632128,1597988550432000000,2020-08-21 13:42:30.432000,99.99,100.03,99.885,99.935,nan,99.964,10083,10079347700.0,30650,99.995,18,99.985,22,nan,0,nan,0,nan,0,nan,0,nan,0,nan,0,nan,0,nan,0
1597988550665285120,1597988550926000128,2020-08-21 13:42:30.926000,99.99,100.03,99.885,99.935,nan,99.964,10083,10079347700.0,30650,99.995,18,99.985,22,nan,0,nan,0,nan,0,nan,0,nan,0,nan,0,nan,0,nan,0
1597988551109000960,1597988551437999872,2020-08-21 13:42:31.438000,99.99,100.03,99.885,99.935,nan,99.964,10083,10079347700.0,30650,99.995,20,99.985,22,nan,0,nan,0,nan,0,nan,0,nan,0,nan,0,nan,0,nan,0
1597988551628224000,1597988551920999936,2020-08-21 13:42:31.921000,99.99,100.03,99.885,99.935,nan,99.964,10083,10079347700.0,30650,99.995,20,99.985,22,nan,0,nan,0,nan,0,nan,0,nan,0,nan,0,nan,0,nan,0
1597988561655895040,1597988561931000064,2020-08-21 13:42:41.931000,99.99,100.03,99.885,99.935,nan,99.964,10083,10079347700.0,30650,99.995,20,99.985,22,nan,0,nan,0,nan,0,nan,0,nan,0,nan,0,nan,0,nan,0
1597988564635517952,1597988564935000064,2020-08-21 13:42:44.935000,99.99,100.03,99.885,99.935,nan,99.964,10083,10079347700.0,30650,99.995,20,99.985,22,nan,0,nan,0,nan,0,nan,0,nan,0,nan,0,nan,0,nan,0
1597988565141579008,1597988565430000128,2020-08-21 13:42:45.430000,99.995,100.03,99.885,99.935,nan,99.964,10084,10080347650.0,30650,99.995,19,99.985,22,nan,0,nan,0,nan,0,nan,0,nan,0,nan,0,nan,0,nan,0
1597988565635768064,1597988565936999936,2020-08-21 13:42:45.937000,99.995,100.03,99.885,99.935,nan,99.964,10084,10080347650.0,30650,99.995,19,99.99,1,nan,0,nan,0,nan,0,nan,0,nan,0,nan,0,nan,0,nan,0
1597988566122833920,1597988566436999936,2020-08-21 13:42:46.437000,99.995,100.03,99.885,99.935,nan,99.964,10084,10080347650.0,30650,99.995,19,99.99,4,nan,0,nan,0,nan,0,nan,0,nan,0,nan,0,nan,0,nan,0
1597988566622490112,1597988566917999872,2020-08-21 13:42:46.918000,99.995,100.03,99.885,99.935,nan,99.964,10085,10081347600.0,30651,99.995,18,99.99,6,nan,0,nan,0,nan,0,nan,0,nan,0,nan,0,nan,0,nan,0
1597988567633786880,1597988567912000000,2020-08-21 13:42:47.912000,99.995,100.03,99.885,99.935,nan,99.964,10085,10081347600.0,30651,99.995,18,99.99,7,nan,0,nan,0,nan,0,nan,0,nan,0,nan,0,nan,0,nan,0
1597988568160015872,1597988568436999936,2020-08-21 13:42:48.437000,99.995,100.03,99.885,99.935,nan,99.964,10085,10081347600.0,30651,99.995,18,99.99,7,nan,0,nan,0,nan,0,nan,0,nan,0,nan,0,nan,0,nan,0
1597988569637106944,1597988569936000000,2020-08-21 13:42:49.936000,99.995,100.03,99.885,99.935,nan,99.964,10085,10081347600.0,30651,99.995,18,99.99,7,nan,0,nan,0,nan,0,nan,0,nan,0,nan,0,nan,0,nan,0
1597988570649383936,1597988571240000000,2020-08-21 13:42:51.240000,99.995,100.03,99.885,99.935,nan,99.964,10103,10099346700.0,30667,100.0,6,99.99,7,nan,0,nan,0,nan,0,nan,0,nan,0,nan,0,nan,0,nan,0
1597988571160323072,1597988571743000064,2020-08-21 13:42:51.743000,99.995,100.03,99.885,99.935,nan,99.964,10103,10099346700.0,30667,100.0,5,99.995,2,nan,0,nan,0,nan,0,nan,0,nan,0,nan,0,nan,0,nan,0
1597988571644135936,1597988572233999872,2020-08-21 13:42:52.234000,99.995,100.03,99.885,99.935,nan,99.964,10103,10099346700.0,30667,100.0,4,99.995,4,nan,0,nan,0,nan,0,nan,0,nan,0,nan,0,nan,0,nan,0
1597988572150405120,1597988572732999936,2020-08-21 13:42:52.733000,99.995,100.03,99.885,99.935,nan,99.964,10103,10099346700.0,30667,100.0,2,99.995,4,nan,0,nan,0,nan,0,nan,0,nan,0,nan,0,nan,0,nan,0
1597988572629340928,1597988572923000064,2020-08-21 13:42:52.923000,99.995,100.03,99.885,99.935,nan,99.964,10103,10099346700.0,30667,100.0,2,99.995,6,nan,0,nan,0,nan,0,nan,0,nan,0,nan,0,nan,0,nan,0
1597988573153922048,1597988573730000128,2020-08-21 13:42:53.730000,100.0,100.03,99.885,99.935,nan,99.964,10105,10101346700.0,30666,100.005,10,99.995,6,nan,0,nan,0,nan,0,nan,0,nan,0,nan,0,nan,0,nan,0
1597988573653104896,1597988574224999936,2020-08-21 13:42:54.225000,100.0,100.03,99.885,99.935,nan,99.964,10105,10101346700.0,30666,100.005,9,99.995,6,nan,0,nan,0,nan,0,nan,0,nan,0,nan,0,nan,0,nan,0
1597988574174181888,1597988574424999936,2020-08-21 13:42:54.425000,100.005,100.03,99.885,99.935,nan,99.964,10106,10102346750.0,30666,100.005,8,100.0,1,nan,0,nan,0,nan,0,nan,0,nan,0,nan,0,nan,0,nan,0
1597988574620526080,1597988574927000064,2020-08-21 13:42:54.927000,100.0,100.03,99.885,99.935,nan,99.964,10107,10103346750.0,30665,100.005,8,100.0,1,nan,0,nan,0,nan,0,nan,0,nan,0,nan,0,nan,0,nan,0
1597988575132299008,1597988575414000128,2020-08-21 13:42:55.414000,100.0,100.03,99.885,99.935,nan,99.964,10110,10106346750.0,30665,100.005,7,99.995,3,nan,0,nan,0,nan,0,nan,0,nan,0,nan,0,nan,0,nan,0
1597988575641140992,1597988575937999872,2020-08-21 13:42:55.938000,100.0,100.03,99.885,99.935,nan,99.964,10110,10106346750.0,30665,100.005,7,99.995,3,nan,0,nan,0,nan,0,nan,0,nan,0,nan,0,nan,0,nan,0
1597988576166359040,1597988576433000192,2020-08-21 13:42:56.433000,100.0,100.03,99.885,99.935,nan,99.964,10110,10106346750.0,30665,100.005,8,99.995,4,nan,0,nan,0,nan,0,nan,0,nan,0,nan,0,nan,0,nan,0
1597988580166743040,1597988580746000128,2020-08-21 13:43:00.746000,100.0,100.03,99.885,99.935,nan,99.964,10110,10106346750.0,30665,100.0,3,99.995,4,nan,0,nan,0,nan,0,nan,0,nan,0,nan,0,nan,0,nan,0
1597988580639109120,1597988580936999936,2020-08-21 13:43:00.937000,99.995,100.03,99.885,99.935,nan,99.964,10114,10110346550.0,30661,100.0,6,99.99,17,nan,0,nan,0,nan,0,nan,0,nan,0,nan,0,nan,0,nan,0
1597988581141029888,1597988581732999936,2020-08-21 13:43:01.733000,99.995,100.03,99.885,99.935,nan,99.964,10114,10110346550.0,30661,100.0,6,99.995,3,nan,0,nan,0,nan,0,nan,0,nan,0,nan,0,nan,0,nan,0
1597988581648386048,1597988582232999936,2020-08-21 13:43:02.233000,99.995,100.03,99.885,99.935,nan,99.964,10117,10113346400.0,30660,100.0,9,99.995,2,nan,0,nan,0,nan,0,nan,0,nan,0,nan,0,nan,0,nan,0
1597988582175841024,1597988582670000128,2020-08-21 13:43:02.670000,99.995,100.03,99.885,99.935,nan,99.964,10119,10115346300.0,30658,100.0,9,99.99,18,nan,0,nan,0,nan,0,nan,0,nan,0,nan,0,nan,0,nan,0
1597988582668302080,1597988582932000000,2020-08-21 13:43:02.932000,99.99,100.03,99.885,99.935,nan,99.964,10120,10116346200.0,30659,100.0,10,99.99,19,nan,0,nan,0,nan,0,nan,0,nan,0,nan,0,nan,0,nan,0
1597988583180347904,1597988583432000000,2020-08-21 13:43:03.432000,99.99,100.03,99.885,99.935,nan,99.964,10120,10116346200.0,30659,99.995,1,99.99,19,nan,0,nan,0,nan,0,nan,0,nan,0,nan,0,nan,0,nan,0
1597988583647213056,1597988584118000128,2020-08-21 13:43:04.118000,99.995,100.03,99.885,99.935,nan,99.964,10121,10117346150.0,30658,99.995,1,99.99,18,nan,0,nan,0,nan,0,nan,0,nan,0,nan,0,nan,0,nan,0
1597988584153530880,1597988584733999872,2020-08-21 13:43:04.734000,99.995,100.03,99.885,99.935,nan,99.964,10122,10118346100.0,30658,100.0,10,99.99,18,nan,0,nan,0,nan,0,nan,0,nan,0,nan,0,nan,0,nan,0
1597988584641822976,1597988585226000128,2020-08-21 13:43:05.226000,99.995,100.03,99.885,99.935,nan,99.964,10122,10118346100.0,30658,100.0,10,99.995,1,nan,0,nan,0,nan,0,nan,0,nan,0,nan,0,nan,0,nan,0
1597988585156532992,1597988585732999936,2020-08-21 13:43:05.733000,99.995,100.03,99.885,99.935,nan,99.964,10122,10118346100.0,30658,100.0,10,99.995,1,nan,0,nan,0,nan,0,nan,0,nan,0,nan,0,nan,0,nan,0
1597988585659546880,1597988586244000000,2020-08-21 13:43:06.244000,99.995,100.03,99.885,99.935,nan,99.964,10122,10118346100.0,30658,100.0,9,99.995,3,nan,0,nan,0,nan,0,nan,0,nan,0,nan,0,nan,0,nan,0
1597988586166711040,1597988586712000000,2020-08-21 13:43:06.712000,99.995,100.03,99.885,99.935,nan,99.964,10122,10118346100.0,30658,100.0,9,99.995,3,nan,0,nan,0,nan,0,nan,0,nan,0,nan,0,nan,0,nan,0
1597988586642624000,1597988586936000000,2020-08-21 13:43:06.936000,99.995,100.03,99.885,99.935,nan,99.964,10123,10119346050.0,30657,100.0,9,99.995,2,nan,0,nan,0,nan,0,nan,0,nan,0,nan,0,nan,0,nan,0
1597988588701701120,1597988589125999872,2020-08-21 13:43:09.126000,99.995,100.03,99.885,99.935,nan,99.964,10123,10119346050.0,30657,100.0,9,99.995,2,nan,0,nan,0,nan,0,nan,0,nan,0,nan,0,nan,0,nan,0
1597988589161475072,1597988589328000000,2020-08-21 13:43:09.328000,99.995,100.03,99.885,99.935,nan,99.964,10125,10121345950.0,30658,100.0,10,99.995,1,nan,0,nan,0,nan,0,nan,0,nan,0,nan,0,nan,0,nan,0
1597988589635388928,1597988589932000000,2020-08-21 13:43:09.932000,99.995,100.03,99.885,99.935,nan,99.964,10126,10122345900.0,30658,100.0,11,99.995,2,nan,0,nan,0,nan,0,nan,0,nan,0,nan,0,nan,0,nan,0
1597988590157719040,1597988590431000064,2020-08-21 13:43:10.431000,99.995,100.03,99.885,99.935,nan,99.964,10127,10123345850.0,30657,100.0,11,99.995,1,nan,0,nan,0,nan,0,nan,0,nan,0,nan,0,nan,0,nan,0
1597988591640852992,1597988591928000000,2020-08-21 13:43:11.928000,99.995,100.03,99.885,99.935,nan,99.964,10127,10123345850.0,30657,100.0,11,99.995,2,nan,0,nan,0,nan,0,nan,0,nan,0,nan,0,nan,0,nan,0
1597988594645879040,1597988595000000000,2020-08-21 13:43:15.000000,99.995,100.03,99.885,99.935,nan,99.964,10127,10123345850.0,30657,100.0,11,99.995,2,nan,0,nan,0,nan,0,nan,0,nan,0,nan,0,nan,0,nan,0
1597988597170408960,1597988597434000128,2020-08-21 13:43:17.434000,99.995,100.03,99.885,99.935,nan,99.964,10128,10124345800.0,30657,100.0,12,99.995,1,nan,0,nan,0,nan,0,nan,0,nan,0,nan,0,nan,0,nan,0
1597988598035988992,1597988598423000064,2020-08-21 13:43:18.423000,99.995,100.03,99.885,99.935,nan,99.964,10129,10125345750.0,30657,100.0,12,99.99,19,nan,0,nan,0,nan,0,nan,0,nan,0,nan,0,nan,0,nan,0
1597988598532099072,1597988598928000000,2020-08-21 13:43:18.928000,99.995,100.03,99.885,99.935,nan,99.964,10129,10125345750.0,30657,100.0,12,99.99,19,nan,0,nan,0,nan,0,nan,0,nan,0,nan,0,nan,0,nan,0
1597988599033751040,1597988599436000000,2020-08-21 13:43:19.436000,99.995,100.03,99.885,99.935,nan,99.964,10129,10125345750.0,30657,100.0,13,99.99,19,nan,0,nan,0,nan,0,nan,0,nan,0,nan,0,nan,0,nan,0
1597988599544702976,1597988599933000192,2020-08-21 13:43:19.933000,99.995,100.03,99.885,99.935,nan,99.964,10129,10125345750.0,30657,100.0,13,99.99,18,nan,0,nan,0,nan,0,nan,0,nan,0,nan,0,nan,0,nan,0
1597988600031403008,1597988600435000064,2020-08-21 13:43:20.435000,99.995,100.03,99.885,99.935,nan,99.964,10129,10125345750.0,30657,100.0,13,99.99,18,nan,0,nan,0,nan,0,nan,0,nan,0,nan,0,nan,0,nan,0
1597988600535613952,1597988600936999936,2020-08-21 13:43:20.937000,99.995,100.03,99.885,99.935,nan,99.964,10129,10125345750.0,30657,100.0,13,99.99,18,nan,0,nan,0,nan,0,nan,0,nan,0,nan,0,nan,0,nan,0
1597988601070560000,1597988601432000000,2020-08-21 13:43:21.432000,99.995,100.03,99.885,99.935,nan,99.964,10129,10125345750.0,30657,100.0,13,99.99,18,nan,0,nan,0,nan,0,nan,0,nan,0,nan,0,nan,0,nan,0
1597988602536048896,1597988602934000128,2020-08-21 13:43:22.934000,99.995,100.03,99.885,99.935,nan,99.964,10129,10125345750.0,30657,100.0,13,99.99,18,nan,0,nan,0,nan,0,nan,0,nan,0,nan,0,nan,0,nan,0
1597988603038627072,1597988603435000064,2020-08-21 13:43:23.435000,99.995,100.03,99.885,99.935,nan,99.964,10129,10125345750.0,30657,100.0,13,99.99,19,nan,0,nan,0,nan,0,nan,0,nan,0,nan,0,nan,0,nan,0
1597988608533061120,1597988608931000064,2020-08-21 13:43:28.931000,99.995,100.03,99.885,99.935,nan,99.964,10129,10125345750.0,30657,99.995,1,99.99,19,nan,0,nan,0,nan,0,nan,0,nan,0,nan,0,nan,0,nan,0
1597988609032892928,1597988609418999808,2020-08-21 13:43:29.419000,99.995,100.03,99.885,99.935,nan,99.964,10129,10125345750.0,30657,99.995,4,99.99,19,nan,0,nan,0,nan,0,nan,0,nan,0,nan,0,nan,0,nan,0
1597988609531293952,1597988609928999936,2020-08-21 13:43:29.929000,99.995,100.03,99.885,99.935,nan,99.964,10129,10125345750.0,30657,99.995,5,99.99,19,nan,0,nan,0,nan,0,nan,0,nan,0,nan,0,nan,0,nan,0
1597988610032065024,1597988610436999936,2020-08-21 13:43:30.437000,99.995,100.03,99.885,99.935,nan,99.964,10129,10125345750.0,30657,99.995,5,99.99,19,nan,0,nan,0,nan,0,nan,0,nan,0,nan,0,nan,0,nan,0
1597988614551802112,1597988614844000000,2020-08-21 13:43:34.844000,99.995,100.03,99.885,99.935,nan,99.964,10129,10125345750.0,30657,99.995,15,99.99,19,nan,0,nan,0,nan,0,nan,0,nan,0,nan,0,nan,0,nan,0
1597988615043275008,1597988615423000064,2020-08-21 13:43:35.423000,99.99,100.03,99.885,99.935,nan,99.964,10146,10142344050.0,30668,99.995,15,99.985,19,nan,0,nan,0,nan,0,nan,0,nan,0,nan,0,nan,0,nan,0
1597988615555956992,1597988616000000000,2020-08-21 13:43:36.000000,99.99,100.03,99.885,99.935,nan,99.964,10146,10142344050.0,30668,99.99,2,99.985,18,nan,0,nan,0,nan,0,nan,0,nan,0,nan,0,nan,0,nan,0
1597988616078746880,1597988616423000064,2020-08-21 13:43:36.423000,99.99,100.03,99.885,99.935,nan,99.964,10146,10142344050.0,30668,99.99,2,99.985,18,nan,0,nan,0,nan,0,nan,0,nan,0,nan,0,nan,0,nan,0
1597988616550311936,1597988617000000000,2020-08-21 13:43:37.000000,99.99,100.03,99.885,99.935,nan,99.964,10146,10142344050.0,30668,99.99,3,99.985,16,nan,0,nan,0,nan,0,nan,0,nan,0,nan,0,nan,0,nan,0
1597988617097843968,1597988617436999936,2020-08-21 13:43:37.437000,99.99,100.03,99.885,99.935,nan,99.964,10146,10142344050.0,30668,99.99,4,99.985,16,nan,0,nan,0,nan,0,nan,0,nan,0,nan,0,nan,0,nan,0
1597988617588948992,1597988617926000128,2020-08-21 13:43:37.926000,99.99,100.03,99.885,99.935,nan,99.964,10146,10142344050.0,30668,99.99,5,99.985,16,nan,0,nan,0,nan,0,nan,0,nan,0,nan,0,nan,0,nan,0
1597988618098598912,1597988618381999872,2020-08-21 13:43:38.382000,99.99,100.03,99.885,99.935,nan,99.964,10146,10142344050.0,30668,99.99,5,99.985,16,nan,0,nan,0,nan,0,nan,0,nan,0,nan,0,nan,0,nan,0
1597988618542501120,1597988618912000000,2020-08-21 13:43:38.912000,99.99,100.03,99.885,99.935,nan,99.964,10146,10142344050.0,30668,99.99,5,99.985,16,nan,0,nan,0,nan,0,nan,0,nan,0,nan,0,nan,0,nan,0
1597988619078130944,1597988619435000064,2020-08-21 13:43:39.435000,99.99,100.03,99.885,99.935,nan,99.964,10146,10142344050.0,30668,99.99,6,99.985,16,nan,0,nan,0,nan,0,nan,0,nan,0,nan,0,nan,0,nan,0
1597988619574222080,1597988619932000000,2020-08-21 13:43:39.932000,99.99,100.03,99.885,99.935,nan,99.964,10146,10142344050.0,30668,99.99,9,99.985,16,nan,0,nan,0,nan,0,nan,0,nan,0,nan,0,nan,0,nan,0
1597988620044378880,1597988620438999808,2020-08-21 13:43:40.439000,99.99,100.03,99.885,99.935,nan,99.964,10146,10142344050.0,30668,99.99,9,99.985,16,nan,0,nan,0,nan,0,nan,0,nan,0,nan,0,nan,0,nan,0
1597988623544463104,1597988624000000000,2020-08-21 13:43:44.000000,99.99,100.03,99.885,99.935,nan,99.964,10155,10151343150.0,30661,99.99,1,99.985,17,nan,0,nan,0,nan,0,nan,0,nan,0,nan,0,nan,0,nan,0
1597988624038309120,1597988624427000064,2020-08-21 13:43:44.427000,99.99,100.03,99.885,99.935,nan,99.964,10157,10153342950.0,30661,99.995,14,99.99,3,nan,0,nan,0,nan,0,nan,0,nan,0,nan,0,nan,0,nan,0
1597988624547232000,1597988625000000000,2020-08-21 13:43:45.000000,99.99,100.03,99.885,99.935,nan,99.964,10160,10156342650.0,30659,99.995,14,99.99,2,nan,0,nan,0,nan,0,nan,0,nan,0,nan,0,nan,0,nan,0
1597988625041692928,1597988625427000064,2020-08-21 13:43:45.427000,99.99,100.03,99.885,99.935,nan,99.964,10163,10159342350.0,30659,99.995,15,99.985,17,nan,0,nan,0,nan,0,nan,0,nan,0,nan,0,nan,0,nan,0
1597988625546274048,1597988626000000000,2020-08-21 13:43:46.000000,99.99,100.03,99.885,99.935,nan,99.964,10163,10159342350.0,30659,99.995,14,99.985,17,nan,0,nan,0,nan,0,nan,0,nan,0,nan,0,nan,0,nan,0
1597988626040880896,1597988626420999936,2020-08-21 13:43:46.421000,99.99,100.03,99.885,99.935,nan,99.964,10163,10159342350.0,30659,99.995,14,99.985,17,nan,0,nan,0,nan,0,nan,0,nan,0,nan,0,nan,0,nan,0
1597988626535550976,1597988627000000000,2020-08-21 13:43:47.000000,99.99,100.03,99.885,99.935,nan,99.964,10163,10159342350.0,30659,99.995,14,99.985,17,nan,0,nan,0,nan,0,nan,0,nan,0,nan,0,nan,0,nan,0
1597988627098096128,1597988627378000128,2020-08-21 13:43:47.378000,99.99,100.03,99.885,99.935,nan,99.964,10163,10159342350.0,30659,99.995,12,99.985,17,nan,0,nan,0,nan,0,nan,0,nan,0,nan,0,nan,0,nan,0
1597988629037654016,1597988629436999936,2020-08-21 13:43:49.437000,99.985,100.03,99.885,99.935,nan,99.964,10173,10169340850.0,30655,99.99,2,99.985,7,nan,0,nan,0,nan,0,nan,0,nan,0,nan,0,nan,0,nan,0
1597988629534972928,1597988630000000000,2020-08-21 13:43:50.000000,99.985,100.03,99.885,99.935,nan,99.964,10173,10169340850.0,30655,99.99,4,99.985,8,nan,0,nan,0,nan,0,nan,0,nan,0,nan,0,nan,0,nan,0
1597988630040182016,1597988630428000000,2020-08-21 13:43:50.428000,99.985,100.03,99.885,99.935,nan,99.964,10173,10169340850.0,30655,99.99,4,99.985,7,nan,0,nan,0,nan,0,nan,0,nan,0,nan,0,nan,0,nan,0
1597988631038003968,1597988631376000000,2020-08-21 13:43:51.376000,99.99,100.03,99.885,99.935,nan,99.964,10174,10170340750.0,30654,99.99,3,99.985,8,nan,0,nan,0,nan,0,nan,0,nan,0,nan,0,nan,0,nan,0
1597988631535333120,1597988632000000000,2020-08-21 13:43:52.000000,99.99,100.03,99.885,99.935,nan,99.964,10174,10170340750.0,30654,99.99,2,99.985,8,nan,0,nan,0,nan,0,nan,0,nan,0,nan,0,nan,0,nan,0
1597988632037776896,1597988632417999872,2020-08-21 13:43:52.418000,99.99,100.03,99.885,99.935,nan,99.964,10174,10170340750.0,30654,99.99,2,99.985,8,nan,0,nan,0,nan,0,nan,0,nan,0,nan,0,nan,0,nan,0
1597988636539877888,1597988637000000000,2020-08-21 13:43:57.000000,99.99,100.03,99.885,99.935,nan,99.964,10174,10170340750.0,30654,99.99,2,99.985,8,nan,0,nan,0,nan,0,nan,0,nan,0,nan,0,nan,0,nan,0
1597988637041520896,1597988637401999872,2020-08-21 13:43:57.402000,99.99,100.03,99.885,99.935,nan,99.964,10174,10170340750.0,30654,99.99,2,99.985,7,nan,0,nan,0,nan,0,nan,0,nan,0,nan,0,nan,0,nan,0
1597988637543266048,1597988638000000000,2020-08-21 13:43:58.000000,99.99,100.03,99.885,99.935,nan,99.964,10174,10170340750.0,30654,99.99,2,99.985,8,nan,0,nan,0,nan,0,nan,0,nan,0,nan,0,nan,0,nan,0
1597988639572705024,1597988639911000064,2020-08-21 13:43:59.911000,99.99,100.03,99.885,99.935,nan,99.964,10174,10170340750.0,30654,99.99,2,99.985,3,nan,0,nan,0,nan,0,nan,0,nan,0,nan,0,nan,0,nan,0
1597988643045319936,1597988643428000000,2020-08-21 13:44:03.428000,99.985,100.03,99.885,99.935,nan,99.964,10175,10171340600.0,30654,99.99,2,99.985,2,nan,0,nan,0,nan,0,nan,0,nan,0,nan,0,nan,0,nan,0
1597988643542034944,1597988644000000000,2020-08-21 13:44:04.000000,99.985,100.03,99.885,99.935,nan,99.964,10175,10171340600.0,30654,99.99,2,99.985,1,nan,0,nan,0,nan,0,nan,0,nan,0,nan,0,nan,0,nan,0
1597988644042639104,1597988644421999872,2020-08-21 13:44:04.422000,99.985,100.03,99.885,99.935,nan,99.964,10175,10171340600.0,30654,99.99,3,99.985,1,nan,0,nan,0,nan,0,nan,0,nan,0,nan,0,nan,0,nan,0
1597988644555777024,1597988645000000000,2020-08-21 13:44:05.000000,99.985,100.03,99.885,99.935,nan,99.964,10175,10171340600.0,30654,99.99,3,99.985,2,nan,0,nan,0,nan,0,nan,0,nan,0,nan,0,nan,0,nan,0
1597988650548109056,1597988651000000000,2020-08-21 13:44:11.000000,99.985,100.03,99.885,99.935,nan,99.964,10175,10171340600.0,30654,99.99,3,99.985,3,nan,0,nan,0,nan,0,nan,0,nan,0,nan,0,nan,0,nan,0
1597988651045401088,1597988651421999872,2020-08-21 13:44:11.422000,99.985,100.03,99.885,99.935,nan,99.964,10175,10171340600.0,30654,99.99,3,99.985,4,nan,0,nan,0,nan,0,nan,0,nan,0,nan,0,nan,0,nan,0
1597988656049852928,1597988656424000000,2020-08-21 13:44:16.424000,99.985,100.03,99.885,99.935,nan,99.964,10175,10171340600.0,30654,99.99,3,99.985,4,nan,0,nan,0,nan,0,nan,0,nan,0,nan,0,nan,0,nan,0
1597988660077190912,1597988660434000128,2020-08-21 13:44:20.434000,99.99,100.03,99.885,99.935,nan,99.964,10178,10174340300.0,30652,99.995,14,99.985,6,nan,0,nan,0,nan,0,nan,0,nan,0,nan,0,nan,0,nan,0
1597988660565591040,1597988661000000000,2020-08-21 13:44:21.000000,99.99,100.03,99.885,99.935,nan,99.964,10178,10174340300.0,30652,99.995,11,99.99,1,nan,0,nan,0,nan,0,nan,0,nan,0,nan,0,nan,0,nan,0
1597988661080723968,1597988661413000192,2020-08-21 13:44:21.413000,99.99,100.03,99.885,99.935,nan,99.964,10178,10174340300.0,30652,99.995,11,99.99,2,nan,0,nan,0,nan,0,nan,0,nan,0,nan,0,nan,0,nan,0
1597988661569445888,1597988662000000000,2020-08-21 13:44:22.000000,99.99,100.03,99.885,99.935,nan,99.964,10178,10174340300.0,30652,99.995,11,99.99,4,nan,0,nan,0,nan,0,nan,0,nan,0,nan,0,nan,0,nan,0
1597988662064017920,1597988662435000064,2020-08-21 13:44:22.435000,99.99,100.03,99.885,99.935,nan,99.964,10178,10174340300.0,30652,99.995,11,99.99,5,nan,0,nan,0,nan,0,nan,0,nan,0,nan,0,nan,0,nan,0
1597988662562882048,1597988663000000000,2020-08-21 13:44:23.000000,99.99,100.03,99.885,99.935,nan,99.964,10178,10174340300.0,30652,99.995,11,99.99,6,nan,0,nan,0,nan,0,nan,0,nan,0,nan,0,nan,0,nan,0
1597988663086704128,1597988663438999808,2020-08-21 13:44:23.439000,99.99,100.03,99.885,99.935,nan,99.964,10178,10174340300.0,30652,99.995,11,99.99,6,nan,0,nan,0,nan,0,nan,0,nan,0,nan,0,nan,0,nan,0
1597988664557479936,1597988665000000000,2020-08-21 13:44:25.000000,99.995,100.03,99.885,99.935,nan,99.964,10179,10175340250.0,30652,99.995,10,99.99,6,nan,0,nan,0,nan,0,nan,0,nan,0,nan,0,nan,0,nan,0
1597988665058030080,1597988665433000192,2020-08-21 13:44:25.433000,99.995,100.03,99.885,99.935,nan,99.964,10179,10175340250.0,30652,99.995,10,99.99,6,nan,0,nan,0,nan,0,nan,0,nan,0,nan,0,nan,0,nan,0
1597988665558776064,1597988666000000000,2020-08-21 13:44:26.000000,99.995,100.03,99.885,99.935,nan,99.964,10179,10175340250.0,30652,99.995,10,99.99,6,nan,0,nan,0,nan,0,nan,0,nan,0,nan,0,nan,0,nan,0
1597988666560061952,1597988667000000000,2020-08-21 13:44:27.000000,99.995,100.03,99.885,99.935,nan,99.964,10180,10176340200.0,30651,99.995,9,99.99,6,nan,0,nan,0,nan,0,nan,0,nan,0,nan,0,nan,0,nan,0
1597988668566466048,1597988669000000000,2020-08-21 13:44:29.000000,99.995,100.03,99.885,99.935,nan,99.964,10189,10185339750.0,30651,99.995,1,99.99,6,nan,0,nan,0,nan,0,nan,0,nan,0,nan,0,nan,0,nan,0
1597988669086077952,1597988669420999936,2020-08-21 13:44:29.421000,99.995,100.03,99.885,99.935,nan,99.964,10190,10186339700.0,30651,100.0,12,99.995,1,nan,0,nan,0,nan,0,nan,0,nan,0,nan,0,nan,0,nan,0
1597988669557379072,1597988670000000000,2020-08-21 13:44:30.000000,99.995,100.03,99.885,99.935,nan,99.964,10192,10188339600.0,30649,100.0,12,99.995,4,nan,0,nan,0,nan,0,nan,0,nan,0,nan,0,nan,0,nan,0
1597988670060022016,1597988670390000128,2020-08-21 13:44:30.390000,99.995,100.03,99.885,99.935,nan,99.964,10196,10192339400.0,30647,100.0,13,99.995,1,nan,0,nan,0,nan,0,nan,0,nan,0,nan,0,nan,0,nan,0
1597988670560273920,1597988671000000000,2020-08-21 13:44:31.000000,99.995,100.03,99.885,99.935,nan,99.964,10197,10193339350.0,30647,100.0,12,99.995,1,nan,0,nan,0,nan,0,nan,0,nan,0,nan,0,nan,0,nan,0
1597988671064792064,1597988671421999872,2020-08-21 13:44:31.422000,99.995,100.03,99.885,99.935,nan,99.964,10198,10194339300.0,30647,100.0,14,99.995,1,nan,0,nan,0,nan,0,nan,0,nan,0,nan,0,nan,0,nan,0
1597988671589433088,1597988672000000000,2020-08-21 13:44:32.000000,99.995,100.03,99.885,99.935,nan,99.964,10199,10195339250.0,30646,100.0,14,99.99,6,nan,0,nan,0,nan,0,nan,0,nan,0,nan,0,nan,0,nan,0
1597988672078387968,1597988672433000192,2020-08-21 13:44:32.433000,99.995,100.03,99.885,99.935,nan,99.964,10199,10195339250.0,30646,100.0,14,99.99,6,nan,0,nan,0,nan,0,nan,0,nan,0,nan,0,nan,0,nan,0
1597988672565209088,1597988673000000000,2020-08-21 13:44:33.000000,99.995,100.03,99.885,99.935,nan,99.964,10199,10195339250.0,30646,100.0,14,99.99,8,nan,0,nan,0,nan,0,nan,0,nan,0,nan,0,nan,0,nan,0
1597988673075117056,1597988673420000000,2020-08-21 13:44:33.420000,99.995,100.03,99.885,99.935,nan,99.964,10199,10195339250.0,30646,100.0,14,99.99,8,nan,0,nan,0,nan,0,nan,0,nan,0,nan,0,nan,0,nan,0
1597988674060622080,1597988674438999808,2020-08-21 13:44:34.439000,99.995,100.03,99.885,99.935,nan,99.964,10199,10195339250.0,30646,100.0,14,99.99,8,nan,0,nan,0,nan,0,nan,0,nan,0,nan,0,nan,0,nan,0
1597988674561125120,1597988675000000000,2020-08-21 13:44:35.000000,99.995,100.03,99.885,99.935,nan,99.964,10199,10195339250.0,30646,100.0,14,99.99,8,nan,0,nan,0,nan,0,nan,0,nan,0,nan,0,nan,0,nan,0
1597988678565137920,1597988679000000000,2020-08-21 13:44:39.000000,99.99,100.03,99.885,99.935,nan,99.964,10202,10198338950.0,30646,99.995,2,99.99,5,nan,0,nan,0,nan,0,nan,0,nan,0,nan,0,nan,0,nan,0
1597988679076119040,1597988679434000128,2020-08-21 13:44:39.434000,99.99,100.03,99.885,99.935,nan,99.964,10202,10198338950.0,30646,99.995,6,99.99,5,nan,0,nan,0,nan,0,nan,0,nan,0,nan,0,nan,0,nan,0
1597988679564090880,1597988680000000000,2020-08-21 13:44:40.000000,99.99,100.03,99.885,99.935,nan,99.964,10202,10198338950.0,30646,99.995,6,99.99,4,nan,0,nan,0,nan,0,nan,0,nan,0,nan,0,nan,0,nan,0
1597988680057942016,1597988680432000000,2020-08-21 13:44:40.432000,99.99,100.03,99.885,99.935,nan,99.964,10202,10198338950.0,30646,99.995,6,99.99,2,nan,0,nan,0,nan,0,nan,0,nan,0,nan,0,nan,0,nan,0
1597988680559748096,1597988681000000000,2020-08-21 13:44:41.000000,99.99,100.03,99.885,99.935,nan,99.964,10202,10198338950.0,30646,99.995,6,99.99,2,nan,0,nan,0,nan,0,nan,0,nan,0,nan,0,nan,0,nan,0
1597988681095548928,1597988681424999936,2020-08-21 13:44:41.425000,99.99,100.03,99.885,99.935,nan,99.964,10202,10198338950.0,30646,99.995,7,99.99,2,nan,0,nan,0,nan,0,nan,0,nan,0,nan,0,nan,0,nan,0
1597988681558236928,1597988682000000000,2020-08-21 13:44:42.000000,99.99,100.03,99.885,99.935,nan,99.964,10202,10198338950.0,30646,99.995,7,99.99,2,nan,0,nan,0,nan,0,nan,0,nan,0,nan,0,nan,0,nan,0
1597988687574752000,1597988688000000000,2020-08-21 13:44:48.000000,99.995,100.03,99.885,99.935,nan,99.964,10203,10199338900.0,30646,99.995,6,99.99,3,nan,0,nan,0,nan,0,nan,0,nan,0,nan,0,nan,0,nan,0
1597988688079725056,1597988688427000064,2020-08-21 13:44:48.427000,99.995,100.03,99.885,99.935,nan,99.964,10203,10199338900.0,30646,99.995,5,99.99,2,nan,0,nan,0,nan,0,nan,0,nan,0,nan,0,nan,0,nan,0
1597988689569634048,1597988690000000000,2020-08-21 13:44:50.000000,99.995,100.03,99.885,99.935,nan,99.964,10203,10199338900.0,30646,99.995,5,99.99,2,nan,0,nan,0,nan,0,nan,0,nan,0,nan,0,nan,0,nan,0
1597988693575406080,1597988694000000000,2020-08-21 13:44:54.000000,99.995,100.03,99.885,99.935,nan,99.964,10203,10199338900.0,30646,99.995,5,99.99,2,nan,0,nan,0,nan,0,nan,0,nan,0,nan,0,nan,0,nan,0
1597988696094161920,1597988696431000064,2020-08-21 13:44:56.431000,99.995,100.03,99.885,99.935,nan,99.964,10208,10204338650.0,30641,100.0,12,99.99,4,nan,0,nan,0,nan,0,nan,0,nan,0,nan,0,nan,0,nan,0
1597988696585448960,1597988697000000000,2020-08-21 13:44:57.000000,99.995,100.03,99.885,99.935,nan,99.964,10208,10204338650.0,30641,100.0,11,99.995,1,nan,0,nan,0,nan,0,nan,0,nan,0,nan,0,nan,0,nan,0
1597988697084094976,1597988697436999936,2020-08-21 13:44:57.437000,99.995,100.03,99.885,99.935,nan,99.964,10208,10204338650.0,30641,100.0,11,99.995,4,nan,0,nan,0,nan,0,nan,0,nan,0,nan,0,nan,0,nan,0
1597988697578437888,1597988698000000000,2020-08-21 13:44:58.000000,99.995,100.03,99.885,99.935,nan,99.964,10208,10204338650.0,30641,100.0,9,99.995,4,nan,0,nan,0,nan,0,nan,0,nan,0,nan,0,nan,0,nan,0
1597988698076397056,1597988698437999872,2020-08-21 13:44:58.438000,99.995,100.03,99.885,99.935,nan,99.964,10208,10204338650.0,30641,100.0,9,99.995,4,nan,0,nan,0,nan,0,nan,0,nan,0,nan,0,nan,0,nan,0
1597988698582465024,1597988699000000000,2020-08-21 13:44:59.000000,99.995,100.03,99.885,99.935,nan,99.964,10208,10204338650.0,30641,100.0,9,99.995,4,nan,0,nan,0,nan,0,nan,0,nan,0,nan,0,nan,0,nan,0
1597988699115969024,1597988699426000128,2020-08-21 13:44:59.426000,99.995,100.03,99.885,99.935,nan,99.964,10208,10204338650.0,30641,100.0,9,99.995,5,nan,0,nan,0,nan,0,nan,0,nan,0,nan,0,nan,0,nan,0
1597988699575544064,1597988700000000000,2020-08-21 13:45:00.000000,99.995,100.03,99.885,99.935,nan,99.964,10208,10204338650.0,30641,100.0,9,99.995,5,nan,0,nan,0,nan,0,nan,0,nan,0,nan,0,nan,0,nan,0
1597988701581381888,1597988702000000000,2020-08-21 13:45:02.000000,99.995,100.03,99.885,99.935,nan,99.964,10208,10204338650.0,30641,100.0,6,99.995,5,nan,0,nan,0,nan,0,nan,0,nan,0,nan,0,nan,0,nan,0
1597988702097602048,1597988702436999936,2020-08-21 13:45:02.437000,99.995,100.03,99.885,99.935,nan,99.964,10208,10204338650.0,30641,100.0,6,99.995,6,nan,0,nan,0,nan,0,nan,0,nan,0,nan,0,nan,0,nan,0
1597988702577986048,1597988703000000000,2020-08-21 13:45:03.000000,99.995,100.03,99.885,99.935,nan,99.964,10210,10206338600.0,30640,100.0,4,99.995,5,nan,0,nan,0,nan,0,nan,0,nan,0,nan,0,nan,0,nan,0
1597988703589805056,1597988704000000000,2020-08-21 13:45:04.000000,100.0,100.03,99.885,99.935,nan,99.964,10211,10207338600.0,30640,100.0,3,99.995,8,nan,0,nan,0,nan,0,nan,0,nan,0,nan,0,nan,0,nan,0
1597988704082466048,1597988704437999872,2020-08-21 13:45:04.438000,100.0,100.03,99.885,99.935,nan,99.964,10214,10210338600.0,30637,100.005,13,100.0,3,nan,0,nan,0,nan,0,nan,0,nan,0,nan,0,nan,0,nan,0
1597988704583142912,1597988705000000000,2020-08-21 13:45:05.000000,100.0,100.03,99.885,99.935,nan,99.964,10214,10210338600.0,30637,100.005,11,100.0,6,nan,0,nan,0,nan,0,nan,0,nan,0,nan,0,nan,0,nan,0
1597988705108231936,1597988705412000000,2020-08-21 13:45:05.412000,100.0,100.03,99.885,99.935,nan,99.964,10214,10210338600.0,30637,100.005,8,100.0,6,nan,0,nan,0,nan,0,nan,0,nan,0,nan,0,nan,0,nan,0
1597988705584083968,1597988706000000000,2020-08-21 13:45:06.000000,100.0,100.03,99.885,99.935,nan,99.964,10214,10210338600.0,30637,100.005,6,100.0,7,nan,0,nan,0,nan,0,nan,0,nan,0,nan,0,nan,0,nan,0
1597988706104709888,1597988706432000000,2020-08-21 13:45:06.432000,100.0,100.03,99.885,99.935,nan,99.964,10214,10210338600.0,30637,100.005,6,100.0,7,nan,0,nan,0,nan,0,nan,0,nan,0,nan,0,nan,0,nan,0
1597988707080227072,1597988707427000064,2020-08-21 13:45:07.427000,100.0,100.03,99.885,99.935,nan,99.964,10215,10211338600.0,30637,100.005,6,100.0,6,nan,0,nan,0,nan,0,nan,0,nan,0,nan,0,nan,0,nan,0
1597988708583503104,1597988709000000000,2020-08-21 13:45:09.000000,100.0,100.03,99.885,99.935,nan,99.964,10221,10217338600.0,30633,100.005,7,100.0,2,nan,0,nan,0,nan,0,nan,0,nan,0,nan,0,nan,0,nan,0
1597988709117419008,1597988709436000000,2020-08-21 13:45:09.436000,100.0,100.03,99.885,99.935,nan,99.964,10224,10220338600.0,30632,100.0,1,99.995,8,nan,0,nan,0,nan,0,nan,0,nan,0,nan,0,nan,0,nan,0
1597988709581164032,1597988710000000000,2020-08-21 13:45:10.000000,100.0,100.03,99.885,99.935,nan,99.964,10224,10220338600.0,30632,100.0,3,99.995,9,nan,0,nan,0,nan,0,nan,0,nan,0,nan,0,nan,0,nan,0
1597988710084103936,1597988710424000000,2020-08-21 13:45:10.424000,100.0,100.03,99.885,99.935,nan,99.964,10224,10220338600.0,30632,100.0,3,99.995,6,nan,0,nan,0,nan,0,nan,0,nan,0,nan,0,nan,0,nan,0
1597988710583280896,1597988711000000000,2020-08-21 13:45:11.000000,100.0,100.03,99.885,99.935,nan,99.964,10224,10220338600.0,30632,100.0,3,99.995,6,nan,0,nan,0,nan,0,nan,0,nan,0,nan,0,nan,0,nan,0
1597988711113860096,1597988711435000064,2020-08-21 13:45:11.435000,100.0,100.03,99.885,99.935,nan,99.964,10224,10220338600.0,30632,100.0,4,99.995,5,nan,0,nan,0,nan,0,nan,0,nan,0,nan,0,nan,0,nan,0
1597988711594950912,1597988712000000000,2020-08-21 13:45:12.000000,100.0,100.03,99.885,99.935,nan,99.964,10224,10220338600.0,30632,100.0,4,99.995,5,nan,0,nan,0,nan,0,nan,0,nan,0,nan,0,nan,0,nan,0
1597988727120456960,1597988727437999872,2020-08-21 13:45:27.438000,100.0,100.03,99.885,99.935,nan,99.964,10224,10220338600.0,30632,100.0,4,99.995,10,nan,0,nan,0,nan,0,nan,0,nan,0,nan,0,nan,0,nan,0
1597988731105586944,1597988731428000000,2020-08-21 13:45:31.428000,99.995,100.03,99.885,99.935,nan,99.964,10229,10225338350.0,30636,100.0,7,99.995,5,nan,0,nan,0,nan,0,nan,0,nan,0,nan,0,nan,0,nan,0
1597988731592398080,1597988732000000000,2020-08-21 13:45:32.000000,99.995,100.03,99.885,99.935,nan,99.964,10229,10225338350.0,30636,100.0,8,99.995,5,nan,0,nan,0,nan,0,nan,0,nan,0,nan,0,nan,0,nan,0
1597988732106545920,1597988732424000000,2020-08-21 13:45:32.424000,99.995,100.03,99.885,99.935,nan,99.964,10234,10230338100.0,30636,100.0,8,99.99,11,nan,0,nan,0,nan,0,nan,0,nan,0,nan,0,nan,0,nan,0
1597988732601328896,1597988733000000000,2020-08-21 13:45:33.000000,99.995,100.03,99.885,99.935,nan,99.964,10234,10230338100.0,30636,100.0,8,99.995,1,nan,0,nan,0,nan,0,nan,0,nan,0,nan,0,nan,0,nan,0
1597988733114964992,1597988733438999808,2020-08-21 13:45:33.439000,99.995,100.03,99.885,99.935,nan,99.964,10235,10231338050.0,30636,99.995,5,99.99,12,nan,0,nan,0,nan,0,nan,0,nan,0,nan,0,nan,0,nan,0
1597988733604666880,1597988734000000000,2020-08-21 13:45:34.000000,99.995,100.03,99.885,99.935,nan,99.964,10235,10231338050.0,30636,99.995,7,99.99,12,nan,0,nan,0,nan,0,nan,0,nan,0,nan,0,nan,0,nan,0
1597988734098330112,1597988734407000064,2020-08-21 13:45:34.407000,99.995,100.03,99.885,99.935,nan,99.964,10235,10231338050.0,30636,99.995,9,99.99,12,nan,0,nan,0,nan,0,nan,0,nan,0,nan,0,nan,0,nan,0
1597988734597729024,1597988735000000000,2020-08-21 13:45:35.000000,99.99,100.03,99.885,99.935,nan,99.964,10240,10236337550.0,30640,99.995,10,99.99,5,nan,0,nan,0,nan,0,nan,0,nan,0,nan,0,nan,0,nan,0
1597988735135171072,1597988735436999936,2020-08-21 13:45:35.437000,99.99,100.03,99.885,99.935,nan,99.964,10240,10236337550.0,30640,99.995,12,99.99,5,nan,0,nan,0,nan,0,nan,0,nan,0,nan,0,nan,0,nan,0
1597988735591469056,1597988736000000000,2020-08-21 13:45:36.000000,99.99,100.03,99.885,99.935,nan,99.964,10240,10236337550.0,30640,99.995,12,99.99,4,nan,0,nan,0,nan,0,nan,0,nan,0,nan,0,nan,0,nan,0
1597988740600552960,1597988741000000000,2020-08-21 13:45:41.000000,99.99,100.03,99.885,99.935,nan,99.964,10240,10236337550.0,30640,99.995,12,99.99,4,nan,0,nan,0,nan,0,nan,0,nan,0,nan,0,nan,0,nan,0
1597988745128732928,1597988745437999872,2020-08-21 13:45:45.438000,99.99,100.03,99.885,99.935,nan,99.964,10240,10236337550.0,30640,99.995,12,99.99,5,nan,0,nan,0,nan,0,nan,0,nan,0,nan,0,nan,0,nan,0
1597988745602572032,1597988746000000000,2020-08-21 13:45:46.000000,99.99,100.03,99.885,99.935,nan,99.964,10240,10236337550.0,30640,99.995,11,99.99,5,nan,0,nan,0,nan,0,nan,0,nan,0,nan,0,nan,0,nan,0
1597988748135472128,1597988748438999808,2020-08-21 13:45:48.439000,99.99,100.03,99.885,99.935,nan,99.964,10240,10236337550.0,30640,99.995,11,99.99,5,nan,0,nan,0,nan,0,nan,0,nan,0,nan,0,nan,0,nan,0
1597988754608527104,1597988755000000000,2020-08-21 13:45:55.000000,99.99,100.03,99.885,99.935,nan,99.964,10240,10236337550.0,30640,99.995,11,99.99,5,nan,0,nan,0,nan,0,nan,0,nan,0,nan,0,nan,0,nan,0
1597988757618252032,1597988758000000000,2020-08-21 13:45:58.000000,99.99,100.03,99.885,99.935,nan,99.964,10240,10236337550.0,30640,99.995,11,99.99,5,nan,0,nan,0,nan,0,nan,0,nan,0,nan,0,nan,0,nan,0
1597988760627742976,1597988761000000000,2020-08-21 13:46:01.000000,99.99,100.03,99.885,99.935,nan,99.964,10240,10236337550.0,30640,99.995,11,99.99,5,nan,0,nan,0,nan,0,nan,0,nan,0,nan,0,nan,0,nan,0
1597988763122938880,1597988763435000064,2020-08-21 13:46:03.435000,99.99,100.03,99.885,99.935,nan,99.964,10241,10237337450.0,30641,99.995,11,99.99,4,nan,0,nan,0,nan,0,nan,0,nan,0,nan,0,nan,0,nan,0
1597988770627200000,1597988771000000000,2020-08-21 13:46:11.000000,99.99,100.03,99.885,99.935,nan,99.964,10241,10237337450.0,30641,99.995,11,99.99,5,nan,0,nan,0,nan,0,nan,0,nan,0,nan,0,nan,0,nan,0
1597988771643478016,1597988772000000000,2020-08-21 13:46:12.000000,99.99,100.03,99.885,99.935,nan,99.964,10241,10237337450.0,30641,99.995,11,99.99,6,nan,0,nan,0,nan,0,nan,0,nan,0,nan,0,nan,0,nan,0
1597988775637329920,1597988776000000000,2020-08-21 13:46:16.000000,99.995,100.03,99.885,99.935,nan,99.964,10252,10248336900.0,30648,100.0,8,99.99,7,nan,0,nan,0,nan,0,nan,0,nan,0,nan,0,nan,0,nan,0
1597988776119814912,1597988776411000064,2020-08-21 13:46:16.411000,99.995,100.03,99.885,99.935,nan,99.964,10252,10248336900.0,30648,100.0,7,99.99,11,nan,0,nan,0,nan,0,nan,0,nan,0,nan,0,nan,0,nan,0
1597988776631111936,1597988777000000000,2020-08-21 13:46:17.000000,99.995,100.03,99.885,99.935,nan,99.964,10252,10248336900.0,30648,100.0,7,99.99,11,nan,0,nan,0,nan,0,nan,0,nan,0,nan,0,nan,0,nan,0
1597988777150232064,1597988777431000064,2020-08-21 13:46:17.431000,99.995,100.03,99.885,99.935,nan,99.964,10252,10248336900.0,30648,100.0,6,99.99,11,nan,0,nan,0,nan,0,nan,0,nan,0,nan,0,nan,0,nan,0
1597988777632104960,1597988778000000000,2020-08-21 13:46:18.000000,99.995,100.03,99.885,99.935,nan,99.964,10252,10248336900.0,30648,100.0,6,99.99,9,nan,0,nan,0,nan,0,nan,0,nan,0,nan,0,nan,0,nan,0
1597988778153605888,1597988778438999808,2020-08-21 13:46:18.439000,99.995,100.03,99.885,99.935,nan,99.964,10252,10248336900.0,30648,100.0,6,99.99,9,nan,0,nan,0,nan,0,nan,0,nan,0,nan,0,nan,0,nan,0
1597988778672968960,1597988779000000000,2020-08-21 13:46:19.000000,99.995,100.03,99.885,99.935,nan,99.964,10252,10248336900.0,30648,100.0,9,99.99,9,nan,0,nan,0,nan,0,nan,0,nan,0,nan,0,nan,0,nan,0
1597988784029157120,1597988784421999872,2020-08-21 13:46:24.422000,99.995,100.03,99.885,99.935,nan,99.964,10252,10248336900.0,30648,100.0,9,99.99,10,nan,0,nan,0,nan,0,nan,0,nan,0,nan,0,nan,0,nan,0
1597988787551341056,1597988788000000000,2020-08-21 13:46:28.000000,99.995,100.03,99.885,99.935,nan,99.964,10252,10248336900.0,30648,100.0,9,99.99,10,nan,0,nan,0,nan,0,nan,0,nan,0,nan,0,nan,0,nan,0
1597988789036443904,1597988789437999872,2020-08-21 13:46:29.438000,99.995,100.03,99.885,99.935,nan,99.964,10252,10248336900.0,30648,100.0,9,99.99,11,nan,0,nan,0,nan,0,nan,0,nan,0,nan,0,nan,0,nan,0
1597988799029591040,1597988799436999936,2020-08-21 13:46:39.437000,99.995,100.03,99.885,99.935,nan,99.964,10252,10248336900.0,30648,100.0,9,99.995,10,nan,0,nan,0,nan,0,nan,0,nan,0,nan,0,nan,0,nan,0
1597988799529896960,1597988800000000000,2020-08-21 13:46:40.000000,99.995,100.03,99.885,99.935,nan,99.964,10252,10248336900.0,30648,100.0,6,99.995,14,nan,0,nan,0,nan,0,nan,0,nan,0,nan,0,nan,0,nan,0
1597988800029836032,1597988800437999872,2020-08-21 13:46:40.438000,99.995,100.03,99.885,99.935,nan,99.964,10252,10248336900.0,30648,100.0,6,99.995,14,nan,0,nan,0,nan,0,nan,0,nan,0,nan,0,nan,0,nan,0
1597988800533249024,1597988801000000000,2020-08-21 13:46:41.000000,99.995,100.03,99.885,99.935,nan,99.964,10252,10248336900.0,30648,100.0,3,99.995,14,nan,0,nan,0,nan,0,nan,0,nan,0,nan,0,nan,0,nan,0
1597988801033028096,1597988801430000128,2020-08-21 13:46:41.430000,99.995,100.03,99.885,99.935,nan,99.964,10252,10248336900.0,30648,100.0,4,99.995,15,nan,0,nan,0,nan,0,nan,0,nan,0,nan,0,nan,0,nan,0
1597988802533466880,1597988803000000000,2020-08-21 13:46:43.000000,99.995,100.03,99.885,99.935,nan,99.964,10252,10248336900.0,30648,100.0,4,99.995,15,nan,0,nan,0,nan,0,nan,0,nan,0,nan,0,nan,0,nan,0
1597988811039782912,1597988811437999872,2020-08-21 13:46:51.438000,99.995,100.03,99.885,99.935,nan,99.964,10252,10248336900.0,30648,100.0,3,99.995,15,nan,0,nan,0,nan,0,nan,0,nan,0,nan,0,nan,0,nan,0
1597988822049865984,1597988822423000064,2020-08-21 13:47:02.423000,99.995,100.03,99.885,99.935,nan,99.964,10252,10248336900.0,30648,100.0,3,99.995,15,nan,0,nan,0,nan,0,nan,0,nan,0,nan,0,nan,0,nan,0
1597988831552020992,1597988832000000000,2020-08-21 13:47:12.000000,99.995,100.03,99.885,99.935,nan,99.964,10267,10263336150.0,30635,100.0,4,99.995,1,nan,0,nan,0,nan,0,nan,0,nan,0,nan,0,nan,0,nan,0
1597988832068674048,1597988832433000192,2020-08-21 13:47:12.433000,99.995,100.03,99.885,99.935,nan,99.964,10271,10267335950.0,30635,99.995,1,99.99,7,nan,0,nan,0,nan,0,nan,0,nan,0,nan,0,nan,0,nan,0
1597988832560217088,1597988833000000000,2020-08-21 13:47:13.000000,99.995,100.03,99.885,99.935,nan,99.964,10271,10267335950.0,30635,99.995,4,99.99,8,nan,0,nan,0,nan,0,nan,0,nan,0,nan,0,nan,0,nan,0
1597988833060855040,1597988833432000000,2020-08-21 13:47:13.432000,99.995,100.03,99.885,99.935,nan,99.964,10271,10267335950.0,30635,99.995,5,99.99,6,nan,0,nan,0,nan,0,nan,0,nan,0,nan,0,nan,0,nan,0
1597988833562547968,1597988834000000000,2020-08-21 13:47:14.000000,99.995,100.03,99.885,99.935,nan,99.964,10276,10272335700.0,30633,100.0,12,99.99,8,nan,0,nan,0,nan,0,nan,0,nan,0,nan,0,nan,0,nan,0
1597988834069810944,1597988834405999872,2020-08-21 13:47:14.406000,99.995,100.03,99.885,99.935,nan,99.964,10276,10272335700.0,30633,100.0,10,99.99,8,nan,0,nan,0,nan,0,nan,0,nan,0,nan,0,nan,0,nan,0
1597988834557684992,1597988835000000000,2020-08-21 13:47:15.000000,99.995,100.03,99.885,99.935,nan,99.964,10276,10272335700.0,30633,100.0,10,99.99,8,nan,0,nan,0,nan,0,nan,0,nan,0,nan,0,nan,0,nan,0
1597988835054310912,1597988835437999872,2020-08-21 13:47:15.438000,99.995,100.03,99.885,99.935,nan,99.964,10276,10272335700.0,30633,100.0,9,99.99,8,nan,0,nan,0,nan,0,nan,0,nan,0,nan,0,nan,0,nan,0
1597988835567318016,1597988836000000000,2020-08-21 13:47:16.000000,99.995,100.03,99.885,99.935,nan,99.964,10276,10272335700.0,30633,99.995,10,99.99,8,nan,0,nan,0,nan,0,nan,0,nan,0,nan,0,nan,0,nan,0
1597988836059266048,1597988836438999808,2020-08-21 13:47:16.439000,99.995,100.03,99.885,99.935,nan,99.964,10276,10272335700.0,30633,99.995,10,99.99,6,nan,0,nan,0,nan,0,nan,0,nan,0,nan,0,nan,0,nan,0
1597988836564539904,1597988837000000000,2020-08-21 13:47:17.000000,99.995,100.03,99.885,99.935,nan,99.964,10276,10272335700.0,30633,99.995,10,99.99,6,nan,0,nan,0,nan,0,nan,0,nan,0,nan,0,nan,0,nan,0
1597988837052389120,1597988837424000000,2020-08-21 13:47:17.424000,99.995,100.03,99.885,99.935,nan,99.964,10276,10272335700.0,30633,99.995,11,99.99,6,nan,0,nan,0,nan,0,nan,0,nan,0,nan,0,nan,0,nan,0
1597988837556124928,1597988838000000000,2020-08-21 13:47:18.000000,99.995,100.03,99.885,99.935,nan,99.964,10276,10272335700.0,30633,99.995,11,99.99,6,nan,0,nan,0,nan,0,nan,0,nan,0,nan,0,nan,0,nan,0
1597988838076420096,1597988838435000064,2020-08-21 13:47:18.435000,99.995,100.03,99.885,99.935,nan,99.964,10276,10272335700.0,30633,99.995,11,99.99,6,nan,0,nan,0,nan,0,nan,0,nan,0,nan,0,nan,0,nan,0
1597988848568337920,1597988849000000000,2020-08-21 13:47:29.000000,99.995,100.03,99.885,99.935,nan,99.964,10276,10272335700.0,30633,99.995,11,99.99,4,nan,0,nan,0,nan,0,nan,0,nan,0,nan,0,nan,0,nan,0
1597988850562861056,1597988851000000000,2020-08-21 13:47:31.000000,99.995,100.03,99.885,99.935,nan,99.964,10276,10272335700.0,30633,99.995,11,99.99,4,nan,0,nan,0,nan,0,nan,0,nan,0,nan,0,nan,0,nan,0
1597988852090674944,1597988852424999936,2020-08-21 13:47:32.425000,99.99,100.03,99.885,99.935,nan,99.964,10280,10276335300.0,30635,99.995,12,99.985,19,nan,0,nan,0,nan,0,nan,0,nan,0,nan,0,nan,0,nan,0
1597988852568211968,1597988853000000000,2020-08-21 13:47:33.000000,99.99,100.03,99.885,99.935,nan,99.964,10280,10276335300.0,30635,99.995,13,99.99,1,nan,0,nan,0,nan,0,nan,0,nan,0,nan,0,nan,0,nan,0
1597988853080583936,1597988853433000192,2020-08-21 13:47:33.433000,99.99,100.03,99.885,99.935,nan,99.964,10281,10277335200.0,30635,99.995,13,99.99,1,nan,0,nan,0,nan,0,nan,0,nan,0,nan,0,nan,0,nan,0
1597988853585659904,1597988854000000000,2020-08-21 13:47:34.000000,99.99,100.03,99.885,99.935,nan,99.964,10282,10278335100.0,30635,99.995,13,99.985,19,nan,0,nan,0,nan,0,nan,0,nan,0,nan,0,nan,0,nan,0
1597988854087985920,1597988854436999936,2020-08-21 13:47:34.437000,99.99,100.03,99.885,99.935,nan,99.964,10282,10278335100.0,30635,99.995,13,99.985,19,nan,0,nan,0,nan,0,nan,0,nan,0,nan,0,nan,0,nan,0
1597988854584320000,1597988855000000000,2020-08-21 13:47:35.000000,99.99,100.03,99.885,99.935,nan,99.964,10282,10278335100.0,30635,99.995,13,99.985,19,nan,0,nan,0,nan,0,nan,0,nan,0,nan,0,nan,0,nan,0
1597988855084274944,1597988855423000064,2020-08-21 13:47:35.423000,99.99,100.03,99.885,99.935,nan,99.964,10282,10278335100.0,30635,99.99,4,99.985,18,nan,0,nan,0,nan,0,nan,0,nan,0,nan,0,nan,0,nan,0
1597988855580852992,1597988856000000000,2020-08-21 13:47:36.000000,99.99,100.03,99.885,99.935,nan,99.964,10282,10278335100.0,30635,99.99,4,99.985,15,nan,0,nan,0,nan,0,nan,0,nan,0,nan,0,nan,0,nan,0
1597988856080456960,1597988856434000128,2020-08-21 13:47:36.434000,99.99,100.03,99.885,99.935,nan,99.964,10282,10278335100.0,30635,99.99,5,99.985,15,nan,0,nan,0,nan,0,nan,0,nan,0,nan,0,nan,0,nan,0
1597988856587183104,1597988857000000000,2020-08-21 13:47:37.000000,99.99,100.03,99.885,99.935,nan,99.964,10282,10278335100.0,30635,99.99,10,99.985,14,nan,0,nan,0,nan,0,nan,0,nan,0,nan,0,nan,0,nan,0
1597988857076039936,1597988857437999872,2020-08-21 13:47:37.438000,99.99,100.03,99.885,99.935,nan,99.964,10282,10278335100.0,30635,99.99,14,99.985,14,nan,0,nan,0,nan,0,nan,0,nan,0,nan,0,nan,0,nan,0
1597988857567672064,1597988858000000000,2020-08-21 13:47:38.000000,99.99,100.03,99.885,99.935,nan,99.964,10282,10278335100.0,30635,99.99,14,99.985,14,nan,0,nan,0,nan,0,nan,0,nan,0,nan,0,nan,0,nan,0
1597988868588279040,1597988869000000000,2020-08-21 13:47:49.000000,99.99,100.03,99.885,99.935,nan,99.964,10282,10278335100.0,30635,99.99,13,99.985,14,nan,0,nan,0,nan,0,nan,0,nan,0,nan,0,nan,0,nan,0
1597988869091288064,1597988869434000128,2020-08-21 13:47:49.434000,99.99,100.03,99.885,99.935,nan,99.964,10282,10278335100.0,30635,99.99,7,99.985,13,nan,0,nan,0,nan,0,nan,0,nan,0,nan,0,nan,0,nan,0
1597988878573314048,1597988879000000000,2020-08-21 13:47:59.000000,99.99,100.03,99.885,99.935,nan,99.964,10282,10278335100.0,30635,99.99,47,99.985,13,nan,0,nan,0,nan,0,nan,0,nan,0,nan,0,nan,0,nan,0
1597988879083625984,1597988879424999936,2020-08-21 13:47:59.425000,99.985,100.03,99.885,99.935,nan,99.964,10295,10291333150.0,30629,99.99,52,99.985,1,nan,0,nan,0,nan,0,nan,0,nan,0,nan,0,nan,0,nan,0
1597988879569580032,1597988880000000000,2020-08-21 13:48:00.000000,99.985,100.03,99.885,99.935,nan,99.964,10296,10292333000.0,30629,99.985,5,99.98,20,nan,0,nan,0,nan,0,nan,0,nan,0,nan,0,nan,0,nan,0
1597988880096666880,1597988880436999936,2020-08-21 13:48:00.437000,99.985,100.03,99.885,99.935,nan,99.964,10296,10292333000.0,30629,99.985,7,99.98,18,nan,0,nan,0,nan,0,nan,0,nan,0,nan,0,nan,0,nan,0
1597988880573966080,1597988881000000000,2020-08-21 13:48:01.000000,99.985,100.03,99.885,99.935,nan,99.964,10298,10294332700.0,30630,99.985,5,99.98,20,nan,0,nan,0,nan,0,nan,0,nan,0,nan,0,nan,0,nan,0
1597988881072581120,1597988881436999936,2020-08-21 13:48:01.437000,99.985,100.03,99.885,99.935,nan,99.964,10298,10294332700.0,30630,99.985,6,99.98,17,nan,0,nan,0,nan,0,nan,0,nan,0,nan,0,nan,0,nan,0
1597988881620993024,1597988882000000000,2020-08-21 13:48:02.000000,99.985,100.03,99.885,99.935,nan,99.964,10298,10294332700.0,30630,99.985,6,99.98,17,nan,0,nan,0,nan,0,nan,0,nan,0,nan,0,nan,0,nan,0
1597988882278407936,1597988882430000128,2020-08-21 13:48:02.430000,99.985,100.03,99.885,99.935,nan,99.964,10298,10294332700.0,30630,99.985,6,99.98,17,nan,0,nan,0,nan,0,nan,0,nan,0,nan,0,nan,0,nan,0
1597988883137483008,1597988883424999936,2020-08-21 13:48:03.425000,99.98,100.03,99.885,99.935,nan,99.964,10300,10296332300.0,30632,99.985,6,99.98,15,nan,0,nan,0,nan,0,nan,0,nan,0,nan,0,nan,0,nan,0
1597988883579449088,1597988884000000000,2020-08-21 13:48:04.000000,99.98,100.03,99.885,99.935,nan,99.964,10302,10298331900.0,30633,99.985,6,99.98,14,nan,0,nan,0,nan,0,nan,0,nan,0,nan,0,nan,0,nan,0
1597988884086605056,1597988884430000128,2020-08-21 13:48:04.430000,99.98,100.03,99.885,99.935,nan,99.964,10302,10298331900.0,30633,99.985,6,99.98,15,nan,0,nan,0,nan,0,nan,0,nan,0,nan,0,nan,0,nan,0
1597988888585318912,1597988889000000000,2020-08-21 13:48:09.000000,99.98,100.03,99.885,99.935,nan,99.964,10302,10298331900.0,30633,99.985,6,99.98,15,nan,0,nan,0,nan,0,nan,0,nan,0,nan,0,nan,0,nan,0
1597988889093031936,1597988889430000128,2020-08-21 13:48:09.430000,99.98,100.03,99.885,99.935,nan,99.964,10302,10298331900.0,30633,99.985,6,99.98,15,nan,0,nan,0,nan,0,nan,0,nan,0,nan,0,nan,0,nan,0
1597988889580894976,1597988890000000000,2020-08-21 13:48:10.000000,99.98,100.03,99.885,99.935,nan,99.964,10302,10298331900.0,30633,99.985,4,99.98,15,nan,0,nan,0,nan,0,nan,0,nan,0,nan,0,nan,0,nan,0
1597988890076046080,1597988890438999808,2020-08-21 13:48:10.439000,99.98,100.03,99.885,99.935,nan,99.964,10302,10298331900.0,30633,99.985,4,99.98,15,nan,0,nan,0,nan,0,nan,0,nan,0,nan,0,nan,0,nan,0
1597988890601543936,1597988891000000000,2020-08-21 13:48:11.000000,99.98,100.03,99.885,99.935,nan,99.964,10302,10298331900.0,30633,99.985,4,99.98,16,nan,0,nan,0,nan,0,nan,0,nan,0,nan,0,nan,0,nan,0
1597988896577776128,1597988897000000000,2020-08-21 13:48:17.000000,99.98,100.03,99.885,99.935,nan,99.964,10302,10298331900.0,30633,99.985,4,99.98,16,nan,0,nan,0,nan,0,nan,0,nan,0,nan,0,nan,0,nan,0
1597988897116385024,1597988897438999808,2020-08-21 13:48:17.439000,99.98,100.03,99.885,99.935,nan,99.964,10302,10298331900.0,30633,99.985,4,99.98,16,nan,0,nan,0,nan,0,nan,0,nan,0,nan,0,nan,0,nan,0
1597988899582429952,1597988900000000000,2020-08-21 13:48:20.000000,99.985,100.03,99.885,99.935,nan,99.964,10306,10302331300.0,30636,99.99,56,99.985,2,nan,0,nan,0,nan,0,nan,0,nan,0,nan,0,nan,0,nan,0
1597988900107554048,1597988900437999872,2020-08-21 13:48:20.438000,99.985,100.03,99.885,99.935,nan,99.964,10311,10307330550.0,30636,99.99,49,99.985,1,nan,0,nan,0,nan,0,nan,0,nan,0,nan,0,nan,0,nan,0
1597988900589960960,1597988901000000000,2020-08-21 13:48:21.000000,99.985,100.03,99.885,99.935,nan,99.964,10312,10308330400.0,30635,99.99,49,99.985,1,nan,0,nan,0,nan,0,nan,0,nan,0,nan,0,nan,0,nan,0
