local_nano_time,quote_nano_time,datetime,last_price,highest,lowest,open,close,average,volume,amount,open_interest,ask_price1,ask_volume1,bid_price1,bid_volume1,ask_price2,ask_volume2,bid_price2,bid_volume2,ask_price3,ask_volume3,bid_price3,bid_volume3,ask_price4,ask_volume4,bid_price4,bid_volume4,ask_price5,ask_volume5,bid_price5,bid_volume5
1597988226609618944,1597988226500000000,2020-08-21 13:37:06.500000,115930.0,116920.0,114770.0,116850.0,nan,115706.616,181476,20997973880.0,107032,115940.0,7,115920.0,1,115950.0,11,115910.0,9,115960.0,5,115900.0,15,115970.0,6,115890.0,6,115980.0,6,115880.0,23
1597988227120026112,1597988227000000000,2020-08-21 13:37:07.000000,115940.0,116920.0,114770.0,116850.0,nan,115706.635,181491,20999712900.0,107037,115950.0,11,115940.0,7,115960.0,5,115930.0,1,115970.0,6,115920.0,3,115980.0,6,115910.0,9,115990.0,42,115900.0,15
1597988227624124928,1597988227500000000,2020-08-21 13:37:07.500000,115930.0,116920.0,114770.0,116850.0,nan,115706.645,181499,21000640410.0,107038,115940.0,21,115920.0,3,115950.0,11,115910.0,9,115960.0,5,115900.0,15,115970.0,6,115890.0,7,115980.0,5,115880.0,23
1597988228617612032,1597988228500000000,2020-08-21 13:37:08.500000,115940.0,116920.0,114770.0,116850.0,nan,115706.648,181501,21000872290.0,107038,115940.0,19,115920.0,3,115950.0,11,115910.0,9,115960.0,5,115900.0,15,115970.0,6,115890.0,7,115980.0,5,115880.0,23
1597988229115630080,1597988229000000000,2020-08-21 13:37:09.000000,115940.0,116920.0,114770.0,116850.0,nan,115706.648,181501,21000872290.0,107038,115940.0,19,115930.0,2,115950.0,11,115920.0,3,115960.0,5,115910.0,9,115970.0,6,115900.0,15,115980.0,5,115890.0,7
1597988229616848896,1597988229500000000,2020-08-21 13:37:09.500000,115930.0,116920.0,114770.0,116850.0,nan,115706.65,181503,21001104150.0,107038,115930.0,1,115920.0,3,115940.0,19,115910.0,9,115950.0,11,115900.0,15,115960.0,5,115890.0,7,115970.0,6,115880.0,22
1597988230133928960,1597988230000000000,2020-08-21 13:37:10.000000,115930.0,116920.0,114770.0,116850.0,nan,115706.65,181503,21001104150.0,107038,115930.0,2,115920.0,4,115940.0,19,115910.0,9,115950.0,11,115900.0,15,115960.0,5,115890.0,7,115970.0,6,115880.0,22
1597988230613937920,1597988230500000000,2020-08-21 13:37:10.500000,115930.0,116920.0,114770.0,116850.0,nan,115706.652,181504,21001220080.0,107039,115930.0,1,115920.0,4,115940.0,19,115910.0,9,115950.0,11,115900.0,15,115960.0,5,115890.0,7,115970.0,6,115880.0,22
1597988231123251968,1597988231000000000,2020-08-21 13:37:11.000000,115930.0,116920.0,114770.0,116850.0,nan,115706.654,181506,21001451940.0,107040,115940.0,19,115930.0,1,115950.0,11,115920.0,4,115960.0,5,115910.0,9,115970.0,5,115900.0,15,115980.0,5,115890.0,3
1597988231618552064,1597988231500000000,2020-08-21 13:37:11.500000,115930.0,116920.0,114770.0,116850.0,nan,115706.655,181507,21001567870.0,107041,115940.0,19,115930.0,1,115950.0,11,115920.0,4,115960.0,5,115910.0,9,115970.0,5,115900.0,15,115980.0,5,115890.0,3
1597988232125615104,1597988232000000000,2020-08-21 13:37:12.000000,115930.0,116920.0,114770.0,116850.0,nan,115706.658,181509,21001799730.0,107040,115930.0,4,115920.0,4,115940.0,19,115910.0,9,115950.0,11,115900.0,15,115960.0,5,115890.0,3,115970.0,5,115880.0,22
1597988232618411008,1597988232500000000,2020-08-21 13:37:12.500000,115920.0,116920.0,114770.0,116850.0,nan,115706.662,181513,21002263410.0,107040,115930.0,4,115910.0,9,115940.0,19,115900.0,15,115950.0,11,115890.0,3,115960.0,5,115880.0,22,115970.0,5,115870.0,8
1597988233117766912,1597988233000000000,2020-08-21 13:37:13.000000,115920.0,116920.0,114770.0,116850.0,nan,115706.662,181513,21002263410.0,107040,115920.0,7,115910.0,10,115930.0,9,115900.0,15,115940.0,19,115890.0,2,115950.0,11,115880.0,22,115960.0,5,115870.0,8
1597988233616036096,1597988233500000000,2020-08-21 13:37:13.500000,115930.0,116920.0,114770.0,116850.0,nan,115706.686,181533,21004581740.0,107046,115930.0,3,115900.0,15,115940.0,19,115890.0,2,115950.0,11,115880.0,22,115960.0,5,115870.0,8,115970.0,5,115860.0,8
1597988234126201088,1597988234000000000,2020-08-21 13:37:14.000000,115930.0,116920.0,114770.0,116850.0,nan,115706.7,181545,21005972900.0,107049,115940.0,19,115930.0,8,115950.0,11,115910.0,8,115960.0,5,115900.0,15,115970.0,5,115890.0,2,115980.0,5,115880.0,22
1597988234620527104,1597988234500000000,2020-08-21 13:37:14.500000,115930.0,116920.0,114770.0,116850.0,nan,115706.71,181553,21006900340.0,107049,115930.0,1,115910.0,8,115940.0,20,115900.0,15,115950.0,11,115890.0,2,115960.0,5,115880.0,22,115970.0,5,115870.0,8
1597988235127974912,1597988235000000000,2020-08-21 13:37:15.000000,115930.0,116920.0,114770.0,116850.0,nan,115706.71,181553,21006900340.0,107049,115930.0,2,115910.0,8,115940.0,17,115900.0,15,115950.0,11,115890.0,2,115960.0,5,115880.0,22,115970.0,5,115870.0,8
1597988235621776896,1597988235500000000,2020-08-21 13:37:15.500000,115930.0,116920.0,114770.0,116850.0,nan,115706.711,181554,21007016270.0,107050,115930.0,2,115910.0,8,115940.0,17,115900.0,15,115950.0,11,115890.0,2,115960.0,5,115880.0,22,115970.0,5,115870.0,8
1597988236616122112,1597988236500000000,2020-08-21 13:37:16.500000,115910.0,116920.0,114770.0,116850.0,nan,115706.712,181555,21007132180.0,107049,115930.0,2,115910.0,7,115940.0,17,115900.0,15,115950.0,11,115890.0,2,115960.0,5,115880.0,22,115970.0,5,115870.0,8
1597988237109483008,1597988237000000000,2020-08-21 13:37:17.000000,115930.0,116920.0,114770.0,116850.0,nan,115706.715,181557,21007364040.0,107050,115940.0,17,115920.0,1,115950.0,11,115910.0,7,115960.0,5,115900.0,15,115970.0,5,115890.0,2,115980.0,5,115880.0,22
1597988237624773120,1597988237500000000,2020-08-21 13:37:17.500000,115930.0,116920.0,114770.0,116850.0,nan,115706.715,181557,21007364040.0,107050,115930.0,1,115920.0,3,115940.0,17,115910.0,7,115950.0,12,115900.0,16,115960.0,5,115890.0,2,115970.0,5,115880.0,22
1597988238111275008,1597988238000000000,2020-08-21 13:37:18.000000,115920.0,116920.0,114770.0,116850.0,nan,115706.718,181560,21007711800.0,107052,115930.0,1,115910.0,7,115940.0,17,115900.0,16,115950.0,12,115890.0,2,115960.0,5,115880.0,22,115970.0,5,115870.0,8
1597988238620051968,1597988238500000000,2020-08-21 13:37:18.500000,115920.0,116920.0,114770.0,116850.0,nan,115706.718,181560,21007711800.0,107052,115930.0,5,115920.0,1,115940.0,17,115910.0,7,115950.0,12,115900.0,16,115960.0,5,115890.0,2,115970.0,5,115880.0,22
1597988239113334016,1597988239000000000,2020-08-21 13:37:19.000000,115910.0,116920.0,114770.0,116850.0,nan,115706.727,181568,21008639090.0,107046,115920.0,3,115900.0,16,115930.0,8,115890.0,2,115940.0,17,115880.0,22,115950.0,12,115870.0,7,115960.0,5,115860.0,8
1597988239627578112,1597988239500000000,2020-08-21 13:37:19.500000,115910.0,116920.0,114770.0,116850.0,nan,115706.727,181568,21008639090.0,107046,115920.0,3,115900.0,15,115930.0,8,115890.0,2,115940.0,14,115880.0,22,115950.0,12,115870.0,7,115960.0,5,115860.0,8
1597988240122160896,1597988240000000000,2020-08-21 13:37:20.000000,115910.0,116920.0,114770.0,116850.0,nan,115706.727,181568,21008639090.0,107046,115920.0,4,115900.0,15,115930.0,5,115890.0,2,115940.0,14,115880.0,22,115950.0,12,115870.0,7,115960.0,5,115860.0,8
1597988240625419008,1597988240500000000,2020-08-21 13:37:20.500000,115910.0,116920.0,114770.0,116850.0,nan,115706.727,181568,21008639090.0,107046,115920.0,3,115900.0,16,115930.0,5,115890.0,2,115940.0,14,115880.0,22,115950.0,12,115870.0,7,115960.0,5,115860.0,8
1597988241622688000,1597988241500000000,2020-08-21 13:37:21.500000,115900.0,116920.0,114770.0,116850.0,nan,115706.729,181569,21008754990.0,107046,115920.0,3,115900.0,15,115930.0,5,115890.0,2,115940.0,14,115880.0,22,115950.0,12,115870.0,7,115960.0,5,115860.0,8
1597988242123346944,1597988242000000000,2020-08-21 13:37:22.000000,115900.0,116920.0,114770.0,116850.0,nan,115706.729,181569,21008754990.0,107046,115910.0,8,115900.0,14,115920.0,6,115890.0,2,115930.0,5,115880.0,22,115940.0,14,115870.0,7,115950.0,12,115860.0,8
1597988242641316096,1597988242500000000,2020-08-21 13:37:22.500000,115900.0,116920.0,114770.0,116850.0,nan,115706.733,181573,21009218590.0,107044,115910.0,8,115900.0,10,115920.0,6,115890.0,2,115930.0,5,115880.0,22,115940.0,14,115870.0,7,115950.0,12,115860.0,8
1597988243115352064,1597988243000000000,2020-08-21 13:37:23.000000,115900.0,116920.0,114770.0,116850.0,nan,115706.744,181584,21010493490.0,107047,115910.0,8,115890.0,2,115920.0,6,115880.0,21,115930.0,5,115870.0,7,115940.0,14,115860.0,8,115950.0,13,115850.0,13
1597988243627686912,1597988243500000000,2020-08-21 13:37:23.500000,115900.0,116920.0,114770.0,116850.0,nan,115706.744,181584,21010493490.0,107047,115910.0,8,115890.0,2,115920.0,6,115880.0,22,115930.0,5,115870.0,7,115940.0,14,115860.0,8,115950.0,14,115850.0,13
1597988244624738048,1597988244500000000,2020-08-21 13:37:24.500000,115900.0,116920.0,114770.0,116850.0,nan,115706.744,181584,21010493490.0,107047,115900.0,5,115890.0,2,115910.0,8,115880.0,22,115920.0,6,115870.0,7,115930.0,5,115860.0,8,115940.0,14,115850.0,13
1597988245119631872,1597988245000000000,2020-08-21 13:37:25.000000,115900.0,116920.0,114770.0,116850.0,nan,115706.747,181586,21010725290.0,107045,115900.0,3,115890.0,2,115910.0,8,115880.0,22,115920.0,6,115870.0,7,115930.0,5,115860.0,8,115940.0,14,115850.0,13
1597988245622582016,1597988245500000000,2020-08-21 13:37:25.500000,115900.0,116920.0,114770.0,116850.0,nan,115706.749,181588,21010957090.0,107043,115900.0,1,115890.0,2,115910.0,8,115880.0,21,115920.0,6,115870.0,7,115930.0,5,115860.0,8,115940.0,14,115850.0,13
1597988246140161024,1597988246000000000,2020-08-21 13:37:26.000000,115890.0,116920.0,114770.0,116850.0,nan,115706.752,181591,21011304760.0,107041,115900.0,1,115880.0,21,115910.0,8,115870.0,7,115920.0,6,115860.0,8,115930.0,5,115850.0,13,115940.0,14,115840.0,7
1597988246644247040,1597988246500000000,2020-08-21 13:37:26.500000,115880.0,116920.0,114770.0,116850.0,nan,115706.753,181592,21011420640.0,107041,115890.0,4,115880.0,20,115900.0,1,115870.0,7,115910.0,9,115860.0,7,115920.0,5,115850.0,12,115930.0,5,115840.0,8
1597988247122526976,1597988247000000000,2020-08-21 13:37:27.000000,115890.0,116920.0,114770.0,116850.0,nan,115706.778,181618,21014433580.0,107026,115900.0,2,115890.0,4,115910.0,9,115880.0,1,115920.0,5,115870.0,7,115930.0,5,115860.0,7,115940.0,15,115850.0,11
1597988247610034944,1597988247500000000,2020-08-21 13:37:27.500000,115860.0,116920.0,114770.0,116850.0,nan,115706.79,181631,21015939970.0,107018,115880.0,5,115860.0,6,115890.0,40,115850.0,11,115900.0,6,115840.0,7,115910.0,9,115830.0,13,115920.0,2,115820.0,4
1597988248136367104,1597988248000000000,2020-08-21 13:37:28.000000,115820.0,116920.0,114770.0,116850.0,nan,115706.82,181671,21020573700.0,106999,115870.0,3,115830.0,1,115880.0,5,115820.0,3,115890.0,40,115810.0,10,115900.0,4,115800.0,6,115910.0,9,115780.0,4
1597988248630683904,1597988248500000000,2020-08-21 13:37:28.500000,115840.0,116920.0,114770.0,116850.0,nan,115706.83,181684,21022079700.0,106999,115870.0,2,115850.0,3,115880.0,1,115840.0,38,115890.0,17,115830.0,12,115900.0,3,115820.0,3,115910.0,10,115810.0,9
1597988249110904064,1597988249000000000,2020-08-21 13:37:29.000000,115880.0,116920.0,114770.0,116850.0,nan,115706.833,181687,21022427320.0,107000,115890.0,17,115870.0,2,115900.0,3,115860.0,34,115910.0,9,115850.0,5,115920.0,4,115840.0,35,115940.0,13,115830.0,11
1597988249609616896,1597988249500000000,2020-08-21 13:37:29.500000,115880.0,116920.0,114770.0,116850.0,nan,115706.836,181690,21022774970.0,106998,115870.0,16,115860.0,21,115890.0,16,115850.0,1,115900.0,2,115840.0,23,115910.0,9,115830.0,11,115920.0,4,115820.0,3
1597988250169843968,1597988250000000000,2020-08-21 13:37:30.000000,115890.0,116920.0,114770.0,116850.0,nan,115706.851,181707,21024744780.0,106985,115890.0,15,115870.0,6,115900.0,2,115860.0,23,115910.0,9,115850.0,1,115920.0,4,115840.0,23,115940.0,13,115830.0,11
1597988250622743040,1597988250500000000,2020-08-21 13:37:30.500000,115890.0,116920.0,114770.0,116850.0,nan,115706.851,181707,21024744780.0,106985,115890.0,15,115870.0,10,115900.0,2,115860.0,23,115910.0,9,115850.0,1,115920.0,4,115840.0,23,115940.0,13,115830.0,11
1597988251121697024,1597988251000000000,2020-08-21 13:37:31.000000,115870.0,116920.0,114770.0,116850.0,nan,115706.852,181708,21024860650.0,106985,115890.0,15,115870.0,3,115900.0,2,115860.0,20,115910.0,9,115850.0,1,115920.0,4,115840.0,23,115940.0,13,115830.0,11
1597988251640004096,1597988251500000000,2020-08-21 13:37:31.500000,115870.0,116920.0,114770.0,116850.0,nan,115706.852,181708,21024860650.0,106985,115890.0,15,115870.0,3,115900.0,2,115860.0,20,115910.0,9,115850.0,1,115920.0,4,115840.0,27,115940.0,13,115830.0,11
1597988252128986112,1597988252000000000,2020-08-21 13:37:32.000000,115870.0,116920.0,114770.0,116850.0,nan,115706.853,181709,21024976520.0,106984,115890.0,15,115870.0,6,115900.0,2,115860.0,20,115910.0,9,115850.0,1,115920.0,4,115840.0,27,115940.0,13,115830.0,11
1597988252630822912,1597988252500000000,2020-08-21 13:37:32.500000,115890.0,116920.0,114770.0,116850.0,nan,115706.857,181713,21025440080.0,106988,115890.0,11,115870.0,6,115900.0,1,115860.0,20,115910.0,9,115850.0,1,115920.0,4,115840.0,27,115940.0,13,115830.0,11
1597988253126786048,1597988253000000000,2020-08-21 13:37:33.000000,115870.0,116920.0,114770.0,116850.0,nan,115706.862,181719,21026135300.0,106983,115870.0,8,115860.0,20,115890.0,10,115850.0,1,115900.0,1,115840.0,27,115910.0,9,115830.0,11,115920.0,4,115820.0,3
1597988253623047936,1597988253500000000,2020-08-21 13:37:33.500000,115870.0,116920.0,114770.0,116850.0,nan,115706.869,181727,21027062260.0,106981,115890.0,10,115870.0,4,115900.0,1,115860.0,23,115910.0,9,115850.0,1,115920.0,5,115840.0,27,115940.0,13,115830.0,11
1597988254114163968,1597988254000000000,2020-08-21 13:37:34.000000,115870.0,116920.0,114770.0,116850.0,nan,115706.869,181727,21027062260.0,106981,115890.0,10,115860.0,20,115900.0,1,115850.0,1,115910.0,9,115840.0,27,115920.0,5,115830.0,11,115940.0,13,115820.0,3
1597988254618195968,1597988254500000000,2020-08-21 13:37:34.500000,115860.0,116920.0,114770.0,116850.0,nan,115706.87,181728,21027178120.0,106981,115880.0,2,115860.0,17,115890.0,10,115850.0,1,115900.0,1,115840.0,27,115910.0,9,115830.0,11,115920.0,5,115820.0,3
1597988255614095872,1597988255500000000,2020-08-21 13:37:35.500000,115860.0,116920.0,114770.0,116850.0,nan,115706.87,181728,21027178120.0,106981,115880.0,3,115860.0,17,115890.0,10,115850.0,1,115900.0,1,115840.0,28,115910.0,9,115830.0,11,115920.0,5,115820.0,3
1597988256108875008,1597988256000000000,2020-08-21 13:37:36.000000,115880.0,116920.0,114770.0,116850.0,nan,115706.899,181765,21031464510.0,106969,115880.0,2,115840.0,6,115890.0,10,115830.0,11,115900.0,1,115820.0,3,115910.0,9,115810.0,9,115920.0,5,115800.0,6
1597988256635159040,1597988256500000000,2020-08-21 13:37:36.500000,115880.0,116920.0,114770.0,116850.0,nan,115706.899,181765,21031464510.0,106969,115870.0,10,115850.0,6,115880.0,3,115840.0,9,115890.0,10,115830.0,10,115900.0,1,115820.0,3,115910.0,9,115810.0,9
1597988257114833920,1597988257000000000,2020-08-21 13:37:37.000000,115880.0,116920.0,114770.0,116850.0,nan,115706.901,181767,21031696270.0,106967,115870.0,9,115860.0,1,115880.0,3,115850.0,6,115890.0,10,115840.0,9,115900.0,1,115830.0,10,115910.0,9,115820.0,3
1597988257610920960,1597988257500000000,2020-08-21 13:37:37.500000,115860.0,116920.0,114770.0,116850.0,nan,115706.902,181768,21031812130.0,106968,115870.0,8,115860.0,1,115880.0,3,115850.0,7,115890.0,10,115840.0,9,115900.0,1,115830.0,10,115910.0,10,115820.0,3
1597988258108500992,1597988258000000000,2020-08-21 13:37:38.000000,115870.0,116920.0,114770.0,116850.0,nan,115706.905,181772,21032275600.0,106965,115870.0,5,115850.0,7,115880.0,3,115840.0,9,115890.0,8,115830.0,10,115900.0,1,115820.0,3,115910.0,10,115810.0,9
1597988258604036096,1597988258500000000,2020-08-21 13:37:38.500000,115840.0,116920.0,114770.0,116850.0,nan,115706.912,181780,21033202380.0,106970,115870.0,5,115840.0,2,115880.0,3,115830.0,4,115890.0,8,115820.0,4,115900.0,1,115810.0,9,115910.0,10,115800.0,6
1597988259121318912,1597988259000000000,2020-08-21 13:37:39.000000,115840.0,116920.0,114770.0,116850.0,nan,115706.912,181780,21033202380.0,106970,115860.0,4,115850.0,12,115870.0,5,115840.0,6,115880.0,3,115830.0,4,115890.0,8,115820.0,4,115900.0,1,115810.0,9
1597988259620695040,1597988259500000000,2020-08-21 13:37:39.500000,115840.0,116920.0,114770.0,116850.0,nan,115706.912,181780,21033202380.0,106970,115860.0,4,115850.0,4,115870.0,5,115840.0,2,115880.0,2,115830.0,4,115890.0,8,115820.0,4,115900.0,1,115810.0,9
1597988260118876928,1597988260000000000,2020-08-21 13:37:40.000000,115850.0,116920.0,114770.0,116850.0,nan,115706.914,181783,21033549930.0,106968,115860.0,4,115850.0,1,115870.0,5,115840.0,3,115880.0,2,115830.0,4,115890.0,8,115820.0,4,115900.0,1,115810.0,9
1597988260603612928,1597988260500000000,2020-08-21 13:37:40.500000,115850.0,116920.0,114770.0,116850.0,nan,115706.915,181784,21033665780.0,106967,115860.0,5,115850.0,1,115870.0,7,115840.0,4,115880.0,2,115830.0,4,115890.0,8,115820.0,4,115900.0,1,115810.0,9
1597988261145332992,1597988261000000000,2020-08-21 13:37:41.000000,115860.0,116920.0,114770.0,116850.0,nan,115706.916,181785,21033781640.0,106968,115860.0,4,115850.0,6,115870.0,7,115840.0,5,115880.0,2,115830.0,4,115890.0,8,115820.0,4,115900.0,1,115810.0,9
1597988261603104000,1597988261500000000,2020-08-21 13:37:41.500000,115860.0,116920.0,114770.0,116850.0,nan,115706.919,181789,21034245080.0,106968,115870.0,7,115860.0,2,115880.0,2,115850.0,7,115890.0,8,115840.0,4,115900.0,1,115830.0,4,115910.0,10,115820.0,4
1597988262111862016,1597988262000000000,2020-08-21 13:37:42.000000,115860.0,116920.0,114770.0,116850.0,nan,115706.919,181789,21034245080.0,106968,115870.0,6,115860.0,4,115880.0,2,115850.0,7,115890.0,8,115840.0,5,115900.0,1,115830.0,4,115910.0,10,115820.0,5
1597988263104389120,1597988263000000000,2020-08-21 13:37:43.000000,115860.0,116920.0,114770.0,116850.0,nan,115706.919,181789,21034245080.0,106968,115870.0,5,115860.0,6,115880.0,2,115850.0,7,115890.0,3,115840.0,5,115900.0,1,115830.0,4,115910.0,10,115820.0,7
1597988263621562112,1597988263500000000,2020-08-21 13:37:43.500000,115870.0,116920.0,114770.0,116850.0,nan,115706.92,181790,21034360950.0,106968,115870.0,4,115860.0,6,115880.0,2,115850.0,7,115890.0,3,115840.0,5,115900.0,1,115830.0,4,115910.0,10,115820.0,7
1597988264118330880,1597988264000000000,2020-08-21 13:37:44.000000,115870.0,116920.0,114770.0,116850.0,nan,115706.924,181795,21034940300.0,106970,115880.0,2,115870.0,7,115890.0,3,115860.0,9,115900.0,1,115850.0,7,115910.0,10,115840.0,5,115920.0,7,115830.0,4
1597988264620375040,1597988264500000000,2020-08-21 13:37:44.500000,115870.0,116920.0,114770.0,116850.0,nan,115706.928,181799,21035403820.0,106972,115890.0,2,115870.0,8,115900.0,1,115860.0,7,115910.0,10,115850.0,7,115920.0,7,115840.0,4,115940.0,12,115830.0,4
1597988265131248896,1597988265000000000,2020-08-21 13:37:45.000000,115870.0,116920.0,114770.0,116850.0,nan,115706.928,181799,21035403820.0,106972,115890.0,2,115870.0,10,115900.0,1,115860.0,7,115910.0,10,115850.0,7,115920.0,7,115840.0,4,115940.0,12,115830.0,5
1597988265623964928,1597988265500000000,2020-08-21 13:37:45.500000,115870.0,116920.0,114770.0,116850.0,nan,115706.93,181801,21035635560.0,106972,115890.0,2,115870.0,9,115900.0,1,115860.0,8,115910.0,10,115850.0,7,115920.0,7,115840.0,4,115940.0,12,115830.0,5
1597988266141993984,1597988266000000000,2020-08-21 13:37:46.000000,115870.0,116920.0,114770.0,116850.0,nan,115706.934,181806,21036214910.0,106977,115890.0,2,115870.0,4,115900.0,1,115860.0,8,115910.0,10,115850.0,7,115920.0,6,115840.0,4,115930.0,1,115830.0,5
1597988267134648064,1597988267000000000,2020-08-21 13:37:47.000000,115870.0,116920.0,114770.0,116850.0,nan,115706.934,181806,21036214910.0,106977,115890.0,2,115880.0,2,115900.0,1,115870.0,4,115910.0,9,115860.0,5,115920.0,6,115850.0,7,115930.0,1,115840.0,4
1597988267618119936,1597988267500000000,2020-08-21 13:37:47.500000,115890.0,116920.0,114770.0,116850.0,nan,115706.938,181810,21036678450.0,106978,115890.0,1,115880.0,1,115900.0,1,115870.0,3,115910.0,9,115860.0,5,115920.0,6,115850.0,7,115930.0,2,115840.0,4
1597988268130494976,1597988268000000000,2020-08-21 13:37:48.000000,115870.0,116920.0,114770.0,116850.0,nan,115706.942,181814,21037141940.0,106981,115880.0,10,115860.0,5,115890.0,6,115850.0,7,115900.0,1,115840.0,4,115910.0,9,115830.0,5,115920.0,6,115820.0,8
1597988268633779968,1597988268500000000,2020-08-21 13:37:48.500000,115870.0,116920.0,114770.0,116850.0,nan,115706.942,181814,21037141940.0,106981,115870.0,2,115860.0,4,115880.0,9,115850.0,7,115890.0,1,115840.0,4,115900.0,1,115830.0,5,115910.0,9,115820.0,8
1597988269124363008,1597988269000000000,2020-08-21 13:37:49.000000,115870.0,116920.0,114770.0,116850.0,nan,115706.942,181814,21037141940.0,106981,115870.0,3,115860.0,4,115880.0,9,115850.0,7,115900.0,1,115840.0,4,115910.0,9,115830.0,5,115920.0,6,115820.0,8
1597988270117740032,1597988270000000000,2020-08-21 13:37:50.000000,115870.0,116920.0,114770.0,116850.0,nan,115706.942,181814,21037141940.0,106981,115870.0,3,115860.0,4,115880.0,9,115850.0,7,115890.0,5,115840.0,4,115900.0,1,115830.0,5,115910.0,9,115820.0,8
1597988270607474944,1597988270500000000,2020-08-21 13:37:50.500000,115860.0,116920.0,114770.0,116850.0,nan,115706.945,181818,21037605380.0,106979,115860.0,2,115850.0,7,115870.0,3,115840.0,4,115880.0,9,115830.0,6,115890.0,5,115820.0,8,115900.0,1,115810.0,9
1597988271603692032,1597988271500000000,2020-08-21 13:37:51.500000,115860.0,116920.0,114770.0,116850.0,nan,115706.946,181819,21037721240.0,106978,115860.0,1,115850.0,6,115870.0,3,115840.0,3,115880.0,9,115830.0,6,115890.0,5,115820.0,7,115900.0,1,115810.0,9
1597988272116837120,1597988272000000000,2020-08-21 13:37:52.000000,115860.0,116920.0,114770.0,116850.0,nan,115706.947,181820,21037837100.0,106978,115870.0,3,115850.0,6,115880.0,10,115840.0,3,115890.0,5,115830.0,6,115900.0,1,115820.0,6,115910.0,9,115810.0,9
1597988272617346048,1597988272500000000,2020-08-21 13:37:52.500000,115870.0,116920.0,114770.0,116850.0,nan,115706.948,181821,21037952970.0,106978,115870.0,2,115860.0,1,115880.0,10,115850.0,7,115890.0,5,115840.0,3,115900.0,1,115830.0,6,115910.0,9,115820.0,6
1597988273103500032,1597988273000000000,2020-08-21 13:37:53.000000,115850.0,116920.0,114770.0,116850.0,nan,115706.95,181824,21038300530.0,106975,115870.0,2,115850.0,5,115880.0,10,115840.0,4,115890.0,5,115830.0,6,115900.0,1,115820.0,6,115910.0,9,115810.0,9
1597988273603741952,1597988273500000000,2020-08-21 13:37:53.500000,115850.0,116920.0,114770.0,116850.0,nan,115706.95,181824,21038300530.0,106975,115870.0,2,115850.0,7,115880.0,10,115840.0,4,115890.0,5,115830.0,6,115900.0,1,115820.0,6,115910.0,9,115810.0,9
1597988274119223040,1597988274000000000,2020-08-21 13:37:54.000000,115850.0,116920.0,114770.0,116850.0,nan,115706.951,181825,21038416380.0,106976,115870.0,2,115850.0,7,115880.0,10,115840.0,4,115890.0,5,115830.0,6,115900.0,1,115820.0,7,115910.0,9,115810.0,9
1597988274641615104,1597988274500000000,2020-08-21 13:37:54.500000,115850.0,116920.0,114770.0,116850.0,nan,115706.951,181825,21038416380.0,106976,115870.0,2,115850.0,7,115880.0,10,115840.0,4,115890.0,5,115830.0,5,115900.0,1,115820.0,7,115910.0,9,115810.0,9
1597988275127276032,1597988275000000000,2020-08-21 13:37:55.000000,115870.0,116920.0,114770.0,116850.0,nan,115706.953,181827,21038648120.0,106976,115880.0,10,115850.0,7,115890.0,5,115840.0,4,115900.0,1,115830.0,5,115910.0,9,115820.0,7,115920.0,6,115810.0,9
1597988275645908992,1597988275500000000,2020-08-21 13:37:55.500000,115870.0,116920.0,114770.0,116850.0,nan,115706.953,181827,21038648120.0,106976,115870.0,1,115860.0,4,115880.0,10,115850.0,7,115890.0,5,115840.0,4,115900.0,1,115830.0,5,115910.0,10,115820.0,7
1597988276122294016,1597988276000000000,2020-08-21 13:37:56.000000,115850.0,116920.0,114770.0,116850.0,nan,115706.965,181842,21040385930.0,106969,115850.0,107,115840.0,4,115880.0,10,115830.0,5,115890.0,5,115820.0,8,115900.0,1,115810.0,9,115910.0,10,115800.0,10
1597988276636153088,1597988276500000000,2020-08-21 13:37:56.500000,115850.0,116920.0,114770.0,116850.0,nan,115707.0,181887,21045599080.0,106970,115850.0,73,115830.0,5,115880.0,10,115820.0,8,115890.0,5,115810.0,9,115900.0,1,115800.0,10,115910.0,10,115780.0,5
1597988277216923904,1597988277000000000,2020-08-21 13:37:57.000000,115820.0,116920.0,114770.0,116850.0,nan,115707.009,181901,21047220670.0,106981,115840.0,8,115810.0,10,115850.0,121,115800.0,10,115880.0,10,115790.0,1,115890.0,6,115780.0,5,115900.0,1,115760.0,8
1597988277624526080,1597988277500000000,2020-08-21 13:37:57.500000,115830.0,116920.0,114770.0,116850.0,nan,115707.022,181925,21050000020.0,106974,115830.0,9,115790.0,1,115840.0,10,115780.0,5,115850.0,121,115760.0,7,115860.0,1,115750.0,3,115870.0,1,115740.0,1
1597988278132176896,1597988278000000000,2020-08-21 13:37:58.000000,115830.0,116920.0,114770.0,116850.0,nan,115707.022,181925,21050000020.0,106974,115820.0,13,115810.0,1,115830.0,11,115790.0,1,115840.0,11,115780.0,4,115850.0,121,115760.0,7,115860.0,1,115750.0,3
1597988278629993984,1597988278500000000,2020-08-21 13:37:58.500000,115810.0,116920.0,114770.0,116850.0,nan,115707.026,181932,21050810690.0,106979,115800.0,1,115790.0,1,115810.0,8,115780.0,4,115820.0,26,115760.0,7,115830.0,6,115750.0,3,115840.0,11,115740.0,2
1597988279136270080,1597988279000000000,2020-08-21 13:37:59.000000,115800.0,116920.0,114770.0,116850.0,nan,115707.052,181984,21056832130.0,106982,115810.0,6,115760.0,6,115820.0,17,115750.0,3,115830.0,6,115740.0,2,115840.0,11,115730.0,3,115850.0,121,115720.0,2
1597988279640186880,1597988279500000000,2020-08-21 13:37:59.500000,115780.0,116920.0,114770.0,116850.0,nan,115707.062,182003,21059032420.0,106982,115820.0,7,115790.0,3,115830.0,5,115780.0,10,115840.0,11,115770.0,39,115850.0,121,115760.0,21,115860.0,2,115750.0,3
1597988280129948928,1597988280000000000,2020-08-21 13:38:00.000000,115800.0,116920.0,114770.0,116850.0,nan,115707.071,182019,21060885380.0,106984,115830.0,2,115800.0,16,115840.0,10,115790.0,4,115850.0,121,115780.0,5,115860.0,2,115770.0,36,115870.0,2,115760.0,19
1597988280612055040,1597988280500000000,2020-08-21 13:38:00.500000,115820.0,116920.0,114770.0,116850.0,nan,115707.072,182020,21061001200.0,106984,115820.0,4,115810.0,3,115830.0,2,115800.0,22,115840.0,11,115790.0,3,115850.0,121,115780.0,1,115860.0,2,115770.0,15
1597988281125221120,1597988281000000000,2020-08-21 13:38:01.000000,115790.0,116920.0,114770.0,116850.0,nan,115707.088,182052,21064706830.0,106973,115790.0,13,115770.0,15,115820.0,3,115760.0,27,115830.0,2,115750.0,3,115840.0,11,115740.0,1,115850.0,121,115730.0,2
1597988281616020992,1597988281500000000,2020-08-21 13:38:01.500000,115800.0,116920.0,114770.0,116850.0,nan,115707.096,182068,21066559490.0,106965,115800.0,1,115790.0,22,115810.0,72,115780.0,38,115820.0,3,115770.0,12,115830.0,2,115760.0,25,115840.0,9,115750.0,3
1597988282128201984,1597988282000000000,2020-08-21 13:38:02.000000,115790.0,116920.0,114770.0,116850.0,nan,115707.102,182081,21068064810.0,106963,115810.0,73,115790.0,22,115820.0,4,115780.0,34,115830.0,2,115770.0,12,115840.0,9,115760.0,25,115850.0,49,115750.0,3
1597988282631111936,1597988282500000000,2020-08-21 13:38:02.500000,115800.0,116920.0,114770.0,116850.0,nan,115707.112,182104,21070727990.0,106976,115800.0,22,115780.0,10,115810.0,73,115770.0,11,115820.0,4,115760.0,24,115830.0,2,115750.0,3,115840.0,9,115740.0,1
1597988283115500032,1597988283000000000,2020-08-21 13:38:03.000000,115780.0,116920.0,114770.0,116850.0,nan,115707.12,182122,21072812130.0,106972,115800.0,21,115780.0,4,115810.0,73,115770.0,12,115820.0,4,115760.0,24,115830.0,2,115750.0,4,115840.0,8,115740.0,1
1597988283621934080,1597988283500000000,2020-08-21 13:38:03.500000,115790.0,116920.0,114770.0,116850.0,nan,115707.121,182124,21073043710.0,106972,115800.0,22,115790.0,5,115810.0,73,115780.0,6,115820.0,4,115770.0,8,115830.0,2,115760.0,24,115840.0,8,115750.0,4
1597988284141793024,1597988284000000000,2020-08-21 13:38:04.000000,115790.0,116920.0,114770.0,116850.0,nan,115707.131,182145,21075475450.0,106988,115800.0,9,115780.0,10,115810.0,73,115770.0,7,115820.0,4,115760.0,24,115830.0,2,115750.0,4,115840.0,8,115740.0,1
1597988284617329920,1597988284500000000,2020-08-21 13:38:04.500000,115790.0,116920.0,114770.0,116850.0,nan,115707.139,182162,21077443880.0,106989,115790.0,57,115780.0,9,115800.0,9,115770.0,8,115810.0,1,115760.0,24,115820.0,4,115750.0,4,115830.0,2,115740.0,1
1597988285119613952,1597988285000000000,2020-08-21 13:38:05.000000,115790.0,116920.0,114770.0,116850.0,nan,115707.143,182171,21078485970.0,106990,115790.0,51,115780.0,8,115800.0,9,115770.0,8,115810.0,1,115760.0,24,115820.0,4,115750.0,4,115830.0,2,115740.0,1
1597988285627806976,1597988285500000000,2020-08-21 13:38:05.500000,115790.0,116920.0,114770.0,116850.0,nan,115707.146,182177,21079180710.0,106989,115790.0,45,115780.0,8,115800.0,9,115770.0,8,115810.0,1,115760.0,16,115820.0,4,115750.0,4,115830.0,2,115740.0,1
1597988286136046080,1597988286000000000,2020-08-21 13:38:06.000000,115790.0,116920.0,114770.0,116850.0,nan,115707.161,182211,21083117560.0,106985,115790.0,12,115780.0,7,115800.0,9,115770.0,8,115810.0,1,115760.0,16,115820.0,4,115750.0,4,115830.0,2,115740.0,1
1597988286634622976,1597988286500000000,2020-08-21 13:38:06.500000,115780.0,116920.0,114770.0,116850.0,nan,115707.168,182226,21084854330.0,106975,115780.0,2,115770.0,8,115790.0,5,115760.0,16,115800.0,9,115750.0,4,115810.0,1,115740.0,1,115820.0,4,115730.0,2
1597988287127924992,1597988287000000000,2020-08-21 13:38:07.000000,115780.0,116920.0,114770.0,116850.0,nan,115707.174,182240,21086475300.0,106974,115800.0,9,115790.0,1,115810.0,1,115780.0,5,115820.0,4,115770.0,8,115830.0,2,115760.0,16,115840.0,8,115750.0,4
1597988287620537088,1597988287500000000,2020-08-21 13:38:07.500000,115760.0,116920.0,114770.0,116850.0,nan,115707.179,182254,21088096120.0,106977,115790.0,1,115770.0,1,115800.0,9,115760.0,11,115810.0,1,115750.0,4,115820.0,4,115740.0,1,115830.0,2,115730.0,2
1597988288118496000,1597988288000000000,2020-08-21 13:38:08.000000,115790.0,116920.0,114770.0,116850.0,nan,115707.186,182272,21090180220.0,106978,115800.0,9,115780.0,2,115810.0,1,115770.0,7,115820.0,4,115760.0,11,115830.0,2,115750.0,5,115840.0,8,115740.0,1
1597988288612231936,1597988288500000000,2020-08-21 13:38:08.500000,115790.0,116920.0,114770.0,116850.0,nan,115707.187,182273,21090296010.0,106979,115790.0,6,115780.0,2,115800.0,10,115760.0,9,115810.0,1,115750.0,6,115820.0,4,115740.0,1,115830.0,2,115730.0,3
1597988289106135040,1597988289000000000,2020-08-21 13:38:09.000000,115790.0,116920.0,114770.0,116850.0,nan,115707.187,182273,21090296010.0,106979,115790.0,3,115780.0,2,115800.0,10,115770.0,2,115810.0,1,115760.0,10,115820.0,4,115750.0,6,115830.0,2,115740.0,1
1597988289633327104,1597988289500000000,2020-08-21 13:38:09.500000,115790.0,116920.0,114770.0,116850.0,nan,115707.189,182279,21090990760.0,106981,115800.0,9,115780.0,7,115810.0,2,115770.0,1,115820.0,4,115760.0,10,115830.0,2,115750.0,7,115840.0,8,115740.0,1
1597988290117473024,1597988290000000000,2020-08-21 13:38:10.000000,115800.0,116920.0,114770.0,116850.0,nan,115707.19,182280,21091106560.0,106981,115800.0,9,115790.0,12,115810.0,2,115780.0,6,115820.0,4,115770.0,2,115830.0,2,115760.0,10,115840.0,8,115750.0,7
1597988290604389120,1597988290500000000,2020-08-21 13:38:10.500000,115790.0,116920.0,114770.0,116850.0,nan,115707.195,182291,21092380350.0,106986,115810.0,2,115790.0,11,115820.0,4,115780.0,7,115830.0,2,115770.0,1,115840.0,8,115760.0,10,115850.0,51,115750.0,7
1597988291113101056,1597988291000000000,2020-08-21 13:38:11.000000,115790.0,116920.0,114770.0,116850.0,nan,115707.195,182291,21092380350.0,106986,115810.0,2,115800.0,2,115820.0,4,115790.0,13,115830.0,2,115780.0,2,115840.0,8,115770.0,1,115850.0,51,115760.0,10
1597988291622757888,1597988291500000000,2020-08-21 13:38:11.500000,115810.0,116920.0,114770.0,116850.0,nan,115707.198,182297,21093075110.0,106985,115810.0,1,115790.0,9,115820.0,4,115780.0,3,115830.0,2,115770.0,1,115840.0,8,115760.0,10,115850.0,51,115750.0,6
1597988292128819968,1597988292000000000,2020-08-21 13:38:12.000000,115810.0,116920.0,114770.0,116850.0,nan,115707.198,182297,21093075110.0,106985,115810.0,3,115800.0,1,115820.0,4,115790.0,9,115830.0,2,115780.0,3,115840.0,8,115770.0,4,115850.0,51,115760.0,10
1597988292613306112,1597988292500000000,2020-08-21 13:38:12.500000,115810.0,116920.0,114770.0,116850.0,nan,115707.2,182300,21093422540.0,106987,115820.0,4,115800.0,2,115830.0,2,115790.0,10,115840.0,8,115780.0,2,115850.0,51,115770.0,4,115860.0,2,115760.0,10
1597988293112752896,1597988293000000000,2020-08-21 13:38:13.000000,115810.0,116920.0,114770.0,116850.0,nan,115707.2,182300,21093422540.0,106987,115810.0,2,115800.0,2,115820.0,4,115790.0,10,115830.0,2,115780.0,5,115840.0,8,115770.0,4,115850.0,51,115760.0,10
1597988293610908928,1597988293500000000,2020-08-21 13:38:13.500000,115810.0,116920.0,114770.0,116850.0,nan,115707.202,182303,21093769970.0,106985,115820.0,6,115800.0,4,115830.0,2,115790.0,10,115840.0,8,115780.0,8,115850.0,51,115770.0,4,115860.0,2,115760.0,10
1597988294125626880,1597988294000000000,2020-08-21 13:38:14.000000,115800.0,116920.0,114770.0,116850.0,nan,115707.203,182305,21094001570.0,106985,115820.0,6,115800.0,2,115830.0,2,115790.0,10,115840.0,8,115780.0,23,115850.0,51,115770.0,4,115860.0,2,115760.0,10
1597988294618731008,1597988294500000000,2020-08-21 13:38:14.500000,115800.0,116920.0,114770.0,116850.0,nan,115707.203,182306,21094117370.0,106985,115820.0,6,115810.0,1,115830.0,2,115800.0,7,115840.0,8,115790.0,9,115850.0,51,115780.0,23,115860.0,2,115770.0,5
1597988295135586048,1597988295000000000,2020-08-21 13:38:15.000000,115800.0,116920.0,114770.0,116850.0,nan,115707.204,182308,21094348970.0,106986,115820.0,8,115800.0,5,115830.0,2,115790.0,11,115840.0,8,115780.0,23,115850.0,51,115770.0,5,115860.0,2,115760.0,10
1597988295622001920,1597988295500000000,2020-08-21 13:38:15.500000,115800.0,116920.0,114770.0,116850.0,nan,115707.21,182320,21095738560.0,106984,115800.0,32,115790.0,10,115810.0,1,115780.0,23,115820.0,8,115770.0,5,115830.0,2,115760.0,10,115840.0,8,115750.0,6
1597988296125987072,1597988296000000000,2020-08-21 13:38:16.000000,115800.0,116920.0,114770.0,116850.0,nan,115707.219,182338,21097822960.0,106979,115800.0,14,115790.0,14,115810.0,1,115780.0,23,115820.0,10,115770.0,5,115830.0,2,115760.0,10,115840.0,8,115750.0,5
1597988296632950016,1597988296500000000,2020-08-21 13:38:16.500000,115800.0,116920.0,114770.0,116850.0,nan,115707.221,182341,21098170360.0,106977,115800.0,17,115790.0,10,115810.0,1,115780.0,24,115820.0,10,115770.0,5,115830.0,2,115760.0,10,115840.0,8,115750.0,5
1597988297135556096,1597988297000000000,2020-08-21 13:38:17.000000,115800.0,116920.0,114770.0,116850.0,nan,115707.223,182345,21098633550.0,106974,115800.0,14,115790.0,9,115810.0,1,115780.0,23,115820.0,10,115770.0,6,115830.0,2,115760.0,10,115840.0,8,115750.0,5
1597988297628252928,1597988297500000000,2020-08-21 13:38:17.500000,115800.0,116920.0,114770.0,116850.0,nan,115707.224,182348,21098980950.0,106974,115800.0,11,115790.0,10,115810.0,1,115780.0,23,115820.0,10,115770.0,6,115830.0,2,115760.0,10,115840.0,8,115750.0,5
1597988298116756992,1597988298000000000,2020-08-21 13:38:18.000000,115800.0,116920.0,114770.0,116850.0,nan,115707.225,182350,21099212550.0,106972,115800.0,9,115790.0,10,115810.0,1,115780.0,24,115820.0,10,115770.0,5,115830.0,3,115760.0,10,115840.0,8,115750.0,5
1597988298613637120,1597988298500000000,2020-08-21 13:38:18.500000,115800.0,116920.0,114770.0,116850.0,nan,115707.23,182360,21100370550.0,106963,115810.0,1,115790.0,16,115820.0,10,115780.0,23,115830.0,3,115770.0,5,115840.0,8,115760.0,10,115850.0,52,115750.0,5
1597988299117229056,1597988299000000000,2020-08-21 13:38:19.000000,115800.0,116920.0,114770.0,116850.0,nan,115707.238,182374,21101991770.0,106953,115820.0,10,115800.0,1,115830.0,3,115790.0,11,115840.0,8,115780.0,24,115850.0,53,115770.0,5,115860.0,3,115760.0,10
1597988299628964096,1597988299500000000,2020-08-21 13:38:19.500000,115800.0,116920.0,114770.0,116850.0,nan,115707.238,182374,21101991770.0,106953,115820.0,10,115810.0,3,115830.0,3,115800.0,2,115840.0,8,115790.0,11,115850.0,53,115780.0,24,115860.0,3,115770.0,6
1597988300137136896,1597988300000000000,2020-08-21 13:38:20.000000,115820.0,116920.0,114770.0,116850.0,nan,115707.242,182381,21102802500.0,106956,115820.0,4,115810.0,2,115830.0,3,115800.0,2,115840.0,8,115790.0,52,115850.0,53,115780.0,33,115860.0,3,115770.0,6
1597988300619866112,1597988300500000000,2020-08-21 13:38:20.500000,115790.0,116920.0,114770.0,116850.0,nan,115707.251,182401,21105118360.0,106944,115820.0,4,115810.0,1,115830.0,3,115790.0,38,115840.0,8,115780.0,33,115850.0,53,115770.0,6,115860.0,3,115760.0,10
1597988301502814976,1597988301000000000,2020-08-21 13:38:21.000000,115810.0,116920.0,114770.0,116850.0,nan,115707.252,182402,21105234170.0,106944,115820.0,5,115790.0,38,115830.0,3,115780.0,33,115840.0,8,115770.0,6,115850.0,53,115760.0,10,115860.0,3,115750.0,5
1597988301842349056,1597988301500000000,2020-08-21 13:38:21.500000,115810.0,116920.0,114770.0,116850.0,nan,115707.252,182402,21105234170.0,106944,115820.0,5,115800.0,6,115830.0,3,115790.0,38,115840.0,8,115780.0,34,115850.0,53,115770.0,6,115860.0,2,115760.0,10
1597988302136975104,1597988302000000000,2020-08-21 13:38:22.000000,115810.0,116920.0,114770.0,116850.0,nan,115707.252,182402,21105234170.0,106944,115820.0,6,115800.0,6,115830.0,3,115790.0,38,115840.0,8,115780.0,34,115850.0,53,115770.0,6,115860.0,2,115760.0,10
1597988302610605056,1597988302500000000,2020-08-21 13:38:22.500000,115810.0,116920.0,114770.0,116850.0,nan,115707.252,182402,21105234170.0,106944,115810.0,1,115800.0,6,115820.0,6,115790.0,38,115830.0,3,115780.0,34,115840.0,8,115770.0,6,115850.0,53,115760.0,10
1597988303109662976,1597988303000000000,2020-08-21 13:38:23.000000,115820.0,116920.0,114770.0,116850.0,nan,115707.253,182404,21105465800.0,106944,115820.0,5,115800.0,6,115830.0,3,115790.0,38,115840.0,8,115780.0,35,115850.0,53,115770.0,6,115860.0,2,115760.0,10
1597988303800502016,1597988303500000000,2020-08-21 13:38:23.500000,115820.0,116920.0,114770.0,116850.0,nan,115707.254,182405,21105581620.0,106944,115820.0,4,115800.0,7,115830.0,3,115790.0,38,115840.0,8,115780.0,35,115850.0,53,115770.0,6,115860.0,2,115760.0,10
1597988304122610944,1597988304000000000,2020-08-21 13:38:24.000000,115820.0,116920.0,114770.0,116850.0,nan,115707.254,182405,21105581620.0,106944,115820.0,5,115800.0,7,115830.0,3,115790.0,38,115840.0,8,115780.0,35,115850.0,53,115770.0,6,115860.0,2,115760.0,10
1597988305108701952,1597988305000000000,2020-08-21 13:38:25.000000,115820.0,116920.0,114770.0,116850.0,nan,115707.254,182406,21105697440.0,106944,115820.0,4,115800.0,7,115830.0,3,115790.0,38,115840.0,8,115780.0,35,115850.0,52,115770.0,6,115860.0,2,115760.0,10
1597988305626671104,1597988305500000000,2020-08-21 13:38:25.500000,115820.0,116920.0,114770.0,116850.0,nan,115707.257,182410,21106160660.0,106942,115820.0,3,115800.0,8,115830.0,3,115790.0,38,115840.0,8,115780.0,35,115850.0,52,115770.0,6,115860.0,2,115760.0,10
1597988306119629056,1597988306000000000,2020-08-21 13:38:26.000000,115800.0,116920.0,114770.0,116850.0,nan,115707.257,182411,21106276460.0,106941,115820.0,3,115800.0,7,115830.0,3,115790.0,38,115840.0,8,115780.0,35,115850.0,52,115770.0,6,115860.0,2,115760.0,10
1597988306622354944,1597988306500000000,2020-08-21 13:38:26.500000,115800.0,116920.0,114770.0,116850.0,nan,115707.257,182411,21106276460.0,106941,115820.0,3,115800.0,7,115830.0,3,115790.0,39,115840.0,8,115780.0,37,115850.0,52,115770.0,6,115860.0,2,115760.0,10
1597988307109048064,1597988307000000000,2020-08-21 13:38:27.000000,115800.0,116920.0,114770.0,116850.0,nan,115707.257,182411,21106276460.0,106941,115820.0,3,115810.0,1,115830.0,3,115800.0,3,115840.0,8,115790.0,39,115850.0,52,115780.0,37,115860.0,2,115770.0,6
1597988307616550912,1597988307500000000,2020-08-21 13:38:27.500000,115820.0,116920.0,114770.0,116850.0,nan,115707.258,182412,21106392280.0,106941,115820.0,2,115810.0,1,115830.0,3,115800.0,3,115840.0,8,115790.0,39,115850.0,52,115780.0,37,115860.0,2,115770.0,6
1597988308123579904,1597988308000000000,2020-08-21 13:38:28.000000,115820.0,116920.0,114770.0,116850.0,nan,115707.258,182412,21106392280.0,106941,115820.0,2,115810.0,1,115830.0,3,115800.0,5,115840.0,8,115790.0,39,115850.0,52,115780.0,37,115860.0,2,115770.0,6
1597988308631004928,1597988308500000000,2020-08-21 13:38:28.500000,115820.0,116920.0,114770.0,116850.0,nan,115707.258,182413,21106508100.0,106940,115820.0,1,115810.0,1,115830.0,3,115800.0,5,115840.0,8,115790.0,39,115850.0,52,115780.0,37,115860.0,2,115770.0,6
1597988309808873984,1597988309500000000,2020-08-21 13:38:29.500000,115810.0,116920.0,114770.0,116850.0,nan,115707.259,182414,21106623910.0,106940,115810.0,1,115800.0,5,115820.0,3,115790.0,39,115830.0,3,115780.0,37,115840.0,8,115770.0,5,115850.0,52,115760.0,10
1597988310214403072,1597988310000000000,2020-08-21 13:38:30.000000,115800.0,116920.0,114770.0,116850.0,nan,115707.264,182423,21107666150.0,106940,115820.0,2,115800.0,4,115830.0,3,115790.0,39,115840.0,8,115780.0,37,115850.0,53,115770.0,5,115860.0,2,115760.0,10
1597988310620625920,1597988310500000000,2020-08-21 13:38:30.500000,115820.0,116920.0,114770.0,116850.0,nan,115707.264,182424,21107781970.0,106940,115820.0,1,115800.0,9,115830.0,3,115790.0,39,115840.0,8,115780.0,37,115850.0,53,115770.0,5,115860.0,2,115760.0,10
1597988311120496128,1597988311000000000,2020-08-21 13:38:31.000000,115820.0,116920.0,114770.0,116850.0,nan,115707.264,182424,21107781970.0,106940,115820.0,1,115800.0,10,115830.0,3,115790.0,40,115840.0,8,115780.0,37,115850.0,53,115770.0,5,115860.0,2,115760.0,10
1597988312117641984,1597988312000000000,2020-08-21 13:38:32.000000,115820.0,116920.0,114770.0,116850.0,nan,115707.264,182424,21107781970.0,106940,115820.0,1,115800.0,11,115830.0,3,115790.0,40,115840.0,8,115780.0,37,115850.0,53,115770.0,5,115860.0,2,115760.0,10
1597988312630633984,1597988312500000000,2020-08-21 13:38:32.500000,115820.0,116920.0,114770.0,116850.0,nan,115707.266,182427,21108129410.0,106940,115830.0,3,115820.0,1,115840.0,8,115800.0,10,115850.0,53,115790.0,40,115860.0,2,115780.0,37,115870.0,2,115770.0,5
1597988313115958016,1597988313000000000,2020-08-21 13:38:33.000000,115800.0,116920.0,114770.0,116850.0,nan,115707.272,182438,21109403270.0,106933,115820.0,1,115790.0,40,115830.0,3,115780.0,37,115840.0,8,115770.0,6,115850.0,53,115760.0,10,115860.0,2,115750.0,5
1597988313614862080,1597988313500000000,2020-08-21 13:38:33.500000,115800.0,116920.0,114770.0,116850.0,nan,115707.272,182439,21109519070.0,106934,115810.0,2,115800.0,7,115820.0,1,115790.0,57,115830.0,3,115780.0,37,115840.0,8,115770.0,5,115850.0,53,115760.0,10
1597988314126855936,1597988314000000000,2020-08-21 13:38:34.000000,115810.0,116920.0,114770.0,116850.0,nan,115707.273,182440,21109634880.0,106934,115820.0,1,115810.0,2,115830.0,3,115800.0,7,115840.0,8,115790.0,58,115850.0,53,115780.0,37,115860.0,2,115770.0,5
1597988314613068032,1597988314500000000,2020-08-21 13:38:34.500000,115810.0,116920.0,114770.0,116850.0,nan,115707.273,182440,21109634880.0,106934,115820.0,1,115810.0,2,115830.0,3,115800.0,8,115840.0,8,115790.0,58,115850.0,63,115780.0,37,115860.0,2,115770.0,5
1597988315124273920,1597988315000000000,2020-08-21 13:38:35.000000,115810.0,116920.0,114770.0,116850.0,nan,115707.274,182442,21109866500.0,106935,115820.0,1,115800.0,9,115830.0,3,115790.0,57,115840.0,8,115780.0,37,115850.0,63,115770.0,5,115860.0,2,115760.0,10
1597988315679152128,1597988315500000000,2020-08-21 13:38:35.500000,115810.0,116920.0,114770.0,116850.0,nan,115707.274,182442,21109866500.0,106935,115820.0,1,115800.0,16,115830.0,3,115790.0,57,115840.0,8,115780.0,34,115850.0,63,115770.0,5,115860.0,2,115760.0,10
1597988316126692096,1597988316000000000,2020-08-21 13:38:36.000000,115820.0,116920.0,114770.0,116850.0,nan,115707.275,182443,21109982320.0,106936,115830.0,3,115800.0,16,115840.0,8,115790.0,57,115850.0,63,115780.0,34,115860.0,2,115770.0,5,115870.0,2,115760.0,10
1597988316629982976,1597988316500000000,2020-08-21 13:38:36.500000,115820.0,116920.0,114770.0,116850.0,nan,115707.275,182443,21109982320.0,106936,115830.0,3,115820.0,1,115840.0,8,115800.0,16,115850.0,63,115790.0,57,115860.0,2,115780.0,34,115870.0,2,115770.0,5
1597988317125716992,1597988317000000000,2020-08-21 13:38:37.000000,115820.0,116920.0,114770.0,116850.0,nan,115707.275,182444,21110098140.0,106937,115820.0,5,115800.0,16,115830.0,3,115790.0,57,115840.0,8,115780.0,34,115850.0,63,115770.0,5,115860.0,2,115760.0,10
1597988317613149952,1597988317500000000,2020-08-21 13:38:37.500000,115800.0,116920.0,114770.0,116850.0,nan,115707.276,182445,21110213940.0,106938,115820.0,5,115800.0,16,115830.0,3,115790.0,58,115840.0,8,115780.0,34,115850.0,63,115770.0,5,115860.0,2,115760.0,10
1597988318162035968,1597988318000000000,2020-08-21 13:38:38.000000,115800.0,116920.0,114770.0,116850.0,nan,115707.276,182445,21110213940.0,106938,115820.0,5,115810.0,1,115830.0,3,115800.0,19,115840.0,8,115790.0,58,115850.0,63,115780.0,34,115860.0,2,115770.0,5
1597988318603778048,1597988318500000000,2020-08-21 13:38:38.500000,115810.0,116920.0,114770.0,116850.0,nan,115707.278,182448,21110561380.0,106937,115810.0,5,115800.0,20,115820.0,4,115790.0,52,115830.0,3,115780.0,34,115840.0,7,115770.0,5,115850.0,63,115760.0,10
1597988319111782912,1597988319000000000,2020-08-21 13:38:39.000000,115810.0,116920.0,114770.0,116850.0,nan,115707.284,182460,21111951110.0,106940,115820.0,3,115810.0,3,115830.0,3,115800.0,25,115840.0,8,115790.0,52,115850.0,63,115780.0,34,115860.0,2,115770.0,5
1597988319626009088,1597988319500000000,2020-08-21 13:38:39.500000,115820.0,116920.0,114770.0,116850.0,nan,115707.285,182461,21112066930.0,106940,115820.0,2,115810.0,1,115830.0,3,115800.0,20,115840.0,8,115790.0,52,115850.0,63,115780.0,34,115860.0,2,115770.0,5
1597988320124828928,1597988320000000000,2020-08-21 13:38:40.000000,115820.0,116920.0,114770.0,116850.0,nan,115707.285,182461,21112066930.0,106940,115820.0,2,115810.0,1,115830.0,3,115800.0,19,115840.0,8,115790.0,53,115850.0,63,115780.0,34,115860.0,2,115770.0,5
1597988320615130112,1597988320500000000,2020-08-21 13:38:40.500000,115810.0,116920.0,114770.0,116850.0,nan,115707.286,182462,21112182740.0,106940,115820.0,2,115800.0,19,115830.0,3,115790.0,53,115840.0,8,115780.0,34,115850.0,63,115770.0,5,115860.0,2,115760.0,10
1597988321623055104,1597988321500000000,2020-08-21 13:38:41.500000,115810.0,116920.0,114770.0,116850.0,nan,115707.286,182462,21112182740.0,106940,115810.0,1,115800.0,21,115820.0,2,115790.0,52,115830.0,3,115780.0,34,115840.0,8,115770.0,5,115850.0,63,115760.0,10
1597988322116111872,1597988322000000000,2020-08-21 13:38:42.000000,115810.0,116920.0,114770.0,116850.0,nan,115707.286,182463,21112298550.0,106940,115820.0,2,115800.0,21,115830.0,3,115790.0,52,115840.0,8,115780.0,34,115850.0,63,115770.0,5,115860.0,2,115760.0,10
1597988322632805888,1597988322500000000,2020-08-21 13:38:42.500000,115810.0,116920.0,114770.0,116850.0,nan,115707.286,182463,21112298550.0,106940,115820.0,2,115810.0,7,115830.0,3,115800.0,21,115840.0,8,115790.0,52,115850.0,63,115780.0,34,115860.0,2,115770.0,5
1597988323128048128,1597988323000000000,2020-08-21 13:38:43.000000,115810.0,116920.0,114770.0,116850.0,nan,115707.288,182466,21112646000.0,106940,115830.0,3,115810.0,6,115840.0,8,115800.0,21,115850.0,63,115790.0,52,115860.0,2,115780.0,34,115870.0,2,115770.0,5
1597988324622734080,1597988324500000000,2020-08-21 13:38:44.500000,115810.0,116920.0,114770.0,116850.0,nan,115707.288,182466,21112646000.0,106940,115830.0,3,115810.0,6,115840.0,8,115800.0,31,115850.0,63,115790.0,51,115860.0,2,115780.0,34,115870.0,2,115770.0,5
1597988325132239104,1597988325000000000,2020-08-21 13:38:45.000000,115810.0,116920.0,114770.0,116850.0,nan,115707.288,182466,21112646000.0,106940,115820.0,4,115810.0,6,115830.0,3,115800.0,31,115840.0,8,115790.0,51,115850.0,63,115780.0,34,115860.0,2,115770.0,5
1597988325632877056,1597988325500000000,2020-08-21 13:38:45.500000,115830.0,116920.0,114770.0,116850.0,nan,115707.289,182468,21112877640.0,106940,115830.0,2,115810.0,5,115840.0,7,115800.0,31,115850.0,63,115790.0,51,115860.0,2,115780.0,34,115870.0,2,115770.0,5
1597988326132918016,1597988326000000000,2020-08-21 13:38:46.000000,115830.0,116920.0,114770.0,116850.0,nan,115707.289,182468,21112877640.0,106940,115830.0,2,115810.0,5,115840.0,8,115800.0,31,115850.0,63,115790.0,51,115860.0,2,115780.0,34,115870.0,2,115770.0,5
1597988326650009088,1597988326500000000,2020-08-21 13:38:46.500000,115810.0,116920.0,114770.0,116850.0,nan,115707.29,182469,21112993450.0,106940,115830.0,2,115810.0,4,115840.0,8,115800.0,31,115850.0,63,115790.0,51,115860.0,2,115780.0,34,115870.0,2,115770.0,5
1597988327119972096,1597988327000000000,2020-08-21 13:38:47.000000,115810.0,116920.0,114770.0,116850.0,nan,115707.29,182469,21112993450.0,106940,115830.0,2,115820.0,1,115840.0,8,115810.0,5,115850.0,63,115800.0,32,115860.0,2,115790.0,51,115870.0,2,115780.0,34
1597988328632428032,1597988328500000000,2020-08-21 13:38:48.500000,115810.0,116920.0,114770.0,116850.0,nan,115707.29,182469,21112993450.0,106940,115830.0,2,115820.0,1,115840.0,7,115810.0,6,115850.0,63,115800.0,31,115860.0,2,115790.0,51,115870.0,2,115780.0,34
1597988329160780032,1597988329000000000,2020-08-21 13:38:49.000000,115830.0,116920.0,114770.0,116850.0,nan,115707.291,182471,21113225110.0,106941,115840.0,7,115830.0,2,115850.0,63,115820.0,1,115860.0,2,115810.0,6,115870.0,2,115800.0,31,115880.0,10,115790.0,51
1597988329623642112,1597988329500000000,2020-08-21 13:38:49.500000,115830.0,116920.0,114770.0,116850.0,nan,115707.292,182473,21113456770.0,106940,115840.0,7,115820.0,1,115850.0,63,115810.0,7,115860.0,2,115800.0,25,115870.0,2,115790.0,51,115880.0,20,115780.0,34
1597988330645893888,1597988330500000000,2020-08-21 13:38:50.500000,115820.0,116920.0,114770.0,116850.0,nan,115707.293,182474,21113572590.0,106941,115840.0,7,115810.0,7,115850.0,63,115800.0,26,115860.0,2,115790.0,51,115870.0,2,115780.0,34,115880.0,20,115770.0,5
1597988331128752896,1597988331000000000,2020-08-21 13:38:51.000000,115820.0,116920.0,114770.0,116850.0,nan,115707.293,182474,21113572590.0,106941,115830.0,1,115820.0,5,115840.0,7,115810.0,7,115850.0,63,115800.0,22,115860.0,2,115790.0,51,115870.0,2,115780.0,34
1597988331615417088,1597988331500000000,2020-08-21 13:38:51.500000,115820.0,116920.0,114770.0,116850.0,nan,115707.294,182475,21113688410.0,106942,115830.0,1,115820.0,4,115840.0,7,115810.0,7,115850.0,63,115800.0,22,115860.0,2,115790.0,51,115870.0,2,115780.0,34
1597988332684901120,1597988332500000000,2020-08-21 13:38:52.500000,115820.0,116920.0,114770.0,116850.0,nan,115707.294,182475,21113688410.0,106942,115830.0,1,115820.0,4,115840.0,7,115810.0,7,115850.0,16,115800.0,22,115860.0,2,115790.0,51,115870.0,2,115780.0,33
1597988333138937088,1597988333000000000,2020-08-21 13:38:53.000000,115830.0,116920.0,114770.0,116850.0,nan,115707.294,182476,21113804240.0,106942,115840.0,7,115820.0,5,115850.0,16,115810.0,7,115860.0,3,115800.0,22,115870.0,2,115790.0,51,115880.0,20,115780.0,33
1597988333667663872,1597988333500000000,2020-08-21 13:38:53.500000,115820.0,116920.0,114770.0,116850.0,nan,115707.296,182478,21114035890.0,106943,115840.0,7,115820.0,9,115850.0,16,115810.0,7,115860.0,3,115800.0,22,115870.0,2,115790.0,51,115880.0,20,115780.0,33
1597988334143809024,1597988334000000000,2020-08-21 13:38:54.000000,115820.0,116920.0,114770.0,116850.0,nan,115707.296,182479,21114151710.0,106944,115840.0,7,115820.0,7,115850.0,16,115810.0,6,115860.0,3,115800.0,23,115870.0,2,115790.0,51,115880.0,20,115780.0,33
1597988334638545920,1597988334500000000,2020-08-21 13:38:54.500000,115820.0,116920.0,114770.0,116850.0,nan,115707.296,182479,21114151710.0,106944,115840.0,7,115820.0,8,115850.0,16,115810.0,7,115860.0,3,115800.0,22,115870.0,2,115790.0,51,115880.0,20,115780.0,33
1597988335122134016,1597988335000000000,2020-08-21 13:38:55.000000,115840.0,116920.0,114770.0,116850.0,nan,115707.3,182484,21114730870.0,106943,115840.0,4,115820.0,6,115850.0,16,115810.0,7,115860.0,3,115800.0,22,115870.0,2,115790.0,51,115880.0,20,115780.0,33
1597988335640890880,1597988335500000000,2020-08-21 13:38:55.500000,115820.0,116920.0,114770.0,116850.0,nan,115707.303,182490,21115425790.0,106939,115840.0,4,115810.0,7,115850.0,16,115800.0,22,115860.0,3,115790.0,51,115870.0,2,115780.0,33,115880.0,20,115770.0,5
1597988336143693056,1597988336000000000,2020-08-21 13:38:56.000000,115820.0,116920.0,114770.0,116850.0,nan,115707.303,182490,21115425790.0,106939,115840.0,4,115820.0,6,115850.0,16,115810.0,7,115860.0,2,115800.0,25,115870.0,1,115790.0,51,115880.0,19,115780.0,33
1597988336611587072,1597988336500000000,2020-08-21 13:38:56.500000,115820.0,116920.0,114770.0,116850.0,nan,115707.303,182490,21115425790.0,106939,115840.0,4,115830.0,2,115850.0,6,115820.0,6,115860.0,2,115810.0,7,115870.0,1,115800.0,25,115880.0,19,115790.0,51
1597988337135340032,1597988337000000000,2020-08-21 13:38:57.000000,115830.0,116920.0,114770.0,116850.0,nan,115707.304,182491,21115541620.0,106940,115840.0,4,115830.0,1,115850.0,6,115820.0,6,115860.0,2,115810.0,7,115870.0,1,115800.0,25,115880.0,19,115790.0,51
1597988337638312960,1597988337500000000,2020-08-21 13:38:57.500000,115840.0,116920.0,114770.0,116850.0,nan,115707.305,182492,21115657460.0,106940,115840.0,3,115830.0,3,115850.0,6,115820.0,6,115860.0,2,115810.0,7,115870.0,1,115800.0,25,115880.0,19,115790.0,51
1597988338135143936,1597988338000000000,2020-08-21 13:38:58.000000,115830.0,116920.0,114770.0,116850.0,nan,115707.305,182493,21115773290.0,106941,115850.0,6,115830.0,3,115860.0,2,115820.0,7,115870.0,1,115810.0,6,115880.0,19,115800.0,25,115890.0,6,115790.0,51
1597988338628581888,1597988338500000000,2020-08-21 13:38:58.500000,115830.0,116920.0,114770.0,116850.0,nan,115707.305,182493,21115773290.0,106941,115850.0,6,115840.0,2,115860.0,2,115830.0,2,115870.0,1,115820.0,7,115880.0,18,115810.0,7,115890.0,6,115800.0,25
1597988339207779072,1597988339000000000,2020-08-21 13:38:59.000000,115830.0,116920.0,114770.0,116850.0,nan,115707.308,182496,21116120800.0,106944,115850.0,6,115830.0,1,115860.0,2,115820.0,7,115870.0,1,115810.0,7,115880.0,18,115800.0,25,115890.0,6,115790.0,51
1597988339634080000,1597988339500000000,2020-08-21 13:38:59.500000,115840.0,116920.0,114770.0,116850.0,nan,115707.308,182497,21116236640.0,106944,115850.0,6,115840.0,1,115860.0,2,115830.0,2,115870.0,1,115820.0,7,115880.0,18,115810.0,7,115890.0,6,115800.0,25
1597988340111016960,1597988340000000000,2020-08-21 13:39:00.000000,115840.0,116920.0,114770.0,116850.0,nan,115707.309,182498,21116352480.0,106945,115850.0,6,115830.0,2,115860.0,2,115820.0,7,115870.0,11,115810.0,7,115880.0,18,115800.0,25,115890.0,6,115790.0,51
1597988340630230016,1597988340500000000,2020-08-21 13:39:00.500000,115850.0,116920.0,114770.0,116850.0,nan,115707.315,182506,21117279240.0,106942,115860.0,2,115850.0,2,115870.0,11,115830.0,4,115880.0,18,115820.0,7,115890.0,6,115810.0,7,115900.0,5,115800.0,25
1597988341137084928,1597988341000000000,2020-08-21 13:39:01.000000,115850.0,116920.0,114770.0,116850.0,nan,115707.32,182512,21117974340.0,106938,115860.0,2,115820.0,7,115870.0,12,115810.0,7,115880.0,18,115800.0,26,115890.0,6,115790.0,51,115900.0,5,115780.0,35
1597988341652243968,1597988341500000000,2020-08-21 13:39:01.500000,115830.0,116920.0,114770.0,116850.0,nan,115707.32,182513,21118090170.0,106938,115850.0,5,115830.0,9,115860.0,2,115820.0,12,115870.0,12,115810.0,7,115880.0,18,115800.0,25,115890.0,5,115790.0,51
1597988342160299008,1597988342000000000,2020-08-21 13:39:02.000000,115830.0,116920.0,114770.0,116850.0,nan,115707.321,182514,21118206000.0,106938,115850.0,1,115840.0,4,115860.0,2,115830.0,10,115870.0,12,115820.0,11,115880.0,18,115810.0,7,115890.0,5,115800.0,25
1597988342709410048,1597988342500000000,2020-08-21 13:39:02.500000,115860.0,116920.0,114770.0,116850.0,nan,115707.324,182518,21118669420.0,106939,115870.0,12,115860.0,1,115880.0,18,115840.0,5,115890.0,5,115830.0,9,115900.0,6,115820.0,11,115910.0,4,115810.0,7
1597988343135085056,1597988343000000000,2020-08-21 13:39:03.000000,115860.0,116920.0,114770.0,116850.0,nan,115707.327,182521,21119017000.0,106939,115850.0,3,115840.0,5,115860.0,45,115830.0,2,115870.0,12,115820.0,6,115880.0,18,115810.0,8,115890.0,5,115800.0,25
1597988343634217984,1597988343500000000,2020-08-21 13:39:03.500000,115850.0,116920.0,114770.0,116850.0,nan,115707.328,182522,21119132850.0,106939,115850.0,9,115840.0,5,115860.0,45,115830.0,2,115870.0,13,115820.0,7,115880.0,18,115810.0,7,115890.0,5,115800.0,25
1597988344133916928,1597988344000000000,2020-08-21 13:39:04.000000,115850.0,116920.0,114770.0,116850.0,nan,115707.328,182523,21119248700.0,106940,115850.0,6,115840.0,6,115860.0,33,115830.0,3,115870.0,3,115820.0,6,115880.0,18,115810.0,7,115890.0,5,115800.0,20
1597988344616119040,1597988344500000000,2020-08-21 13:39:04.500000,115850.0,116920.0,114770.0,116850.0,nan,115707.329,182524,21119364550.0,106940,115850.0,5,115840.0,6,115860.0,15,115830.0,2,115870.0,4,115820.0,7,115880.0,18,115810.0,7,115890.0,5,115800.0,20
1597988345136113920,1597988345000000000,2020-08-21 13:39:05.000000,115850.0,116920.0,114770.0,116850.0,nan,115707.329,182524,21119364550.0,106940,115850.0,6,115840.0,6,115860.0,15,115830.0,2,115870.0,4,115820.0,7,115880.0,18,115810.0,7,115890.0,5,115800.0,17
1597988345636440064,1597988345500000000,2020-08-21 13:39:05.500000,115840.0,116920.0,114770.0,116850.0,nan,115707.334,182530,21120059590.0,106937,115840.0,4,115830.0,2,115850.0,6,115820.0,8,115860.0,15,115810.0,7,115870.0,4,115800.0,17,115880.0,18,115790.0,51
1597988346150822912,1597988346000000000,2020-08-21 13:39:06.000000,115850.0,116920.0,114770.0,116850.0,nan,115707.34,182538,21120986350.0,106934,115850.0,2,115840.0,1,115860.0,15,115830.0,2,115870.0,4,115820.0,8,115880.0,18,115810.0,7,115890.0,6,115800.0,17
1597988346643617024,1597988346500000000,2020-08-21 13:39:06.500000,115850.0,116920.0,114770.0,116850.0,nan,115707.34,182538,21120986350.0,106934,115850.0,2,115830.0,2,115860.0,15,115820.0,8,115870.0,4,115810.0,8,115880.0,18,115800.0,17,115890.0,6,115790.0,51
1597988347356336128,1597988347000000000,2020-08-21 13:39:07.000000,115850.0,116920.0,114770.0,116850.0,nan,115707.34,182538,21120986350.0,106934,115850.0,2,115820.0,7,115860.0,15,115810.0,9,115870.0,4,115800.0,17,115880.0,18,115790.0,50,115890.0,6,115780.0,35
1597988347642490112,1597988347500000000,2020-08-21 13:39:07.500000,115820.0,116920.0,114770.0,116850.0,nan,115707.34,182539,21121102170.0,106935,115840.0,2,115820.0,7,115850.0,2,115810.0,9,115860.0,14,115800.0,17,115870.0,4,115790.0,50,115880.0,18,115780.0,35
1597988348118436096,1597988348000000000,2020-08-21 13:39:08.000000,115820.0,116920.0,114770.0,116850.0,nan,115707.34,182539,21121102170.0,106935,115840.0,2,115820.0,8,115850.0,2,115810.0,9,115860.0,14,115800.0,17,115870.0,4,115790.0,50,115880.0,19,115780.0,35
1597988348629702912,1597988348500000000,2020-08-21 13:39:08.500000,115840.0,116920.0,114770.0,116850.0,nan,115707.341,182540,21121218010.0,106934,115840.0,2,115820.0,8,115850.0,2,115810.0,9,115860.0,14,115800.0,17,115870.0,4,115790.0,50,115880.0,19,115780.0,35
1597988349117326080,1597988349000000000,2020-08-21 13:39:09.000000,115840.0,116920.0,114770.0,116850.0,nan,115707.341,182540,21121218010.0,106934,115830.0,2,115820.0,8,115840.0,2,115810.0,8,115850.0,2,115800.0,18,115860.0,14,115790.0,50,115870.0,5,115780.0,35
1597988349606483968,1597988349500000000,2020-08-21 13:39:09.500000,115840.0,116920.0,114770.0,116850.0,nan,115707.341,182540,21121218010.0,106934,115830.0,2,115820.0,8,115840.0,2,115810.0,8,115850.0,3,115800.0,18,115860.0,10,115790.0,50,115870.0,6,115780.0,35
1597988350110923008,1597988350000000000,2020-08-21 13:39:10.000000,115820.0,116920.0,114770.0,116850.0,nan,115707.342,182542,21121449650.0,106935,115830.0,2,115820.0,6,115840.0,2,115810.0,8,115850.0,3,115800.0,17,115860.0,10,115790.0,51,115870.0,6,115780.0,35
1597988350654497024,1597988350500000000,2020-08-21 13:39:10.500000,115820.0,116920.0,114770.0,116850.0,nan,115707.343,182544,21121681290.0,106935,115830.0,2,115820.0,4,115840.0,3,115810.0,8,115850.0,3,115800.0,17,115860.0,10,115790.0,51,115870.0,6,115780.0,35
1597988351141178112,1597988351000000000,2020-08-21 13:39:11.000000,115820.0,116920.0,114770.0,116850.0,nan,115707.345,182546,21121912930.0,106935,115830.0,2,115820.0,2,115840.0,2,115810.0,8,115850.0,3,115800.0,18,115860.0,10,115790.0,50,115870.0,6,115780.0,35
1597988351749936128,1597988351500000000,2020-08-21 13:39:11.500000,115820.0,116920.0,114770.0,116850.0,nan,115707.345,182547,21122028750.0,106936,115830.0,2,115820.0,1,115840.0,2,115810.0,8,115850.0,3,115800.0,17,115860.0,10,115790.0,51,115870.0,6,115780.0,35
1597988352121879040,1597988352000000000,2020-08-21 13:39:12.000000,115820.0,116920.0,114770.0,116850.0,nan,115707.345,182547,21122028750.0,106936,115830.0,2,115820.0,1,115840.0,2,115810.0,8,115850.0,3,115800.0,18,115860.0,10,115790.0,50,115870.0,6,115780.0,35
1597988352680589056,1597988352500000000,2020-08-21 13:39:12.500000,115830.0,116920.0,114770.0,116850.0,nan,115707.347,182550,21122376240.0,106937,115840.0,2,115820.0,1,115850.0,4,115810.0,8,115860.0,10,115800.0,18,115870.0,6,115790.0,50,115880.0,19,115780.0,35
1597988353165587968,1597988353000000000,2020-08-21 13:39:13.000000,115830.0,116920.0,114770.0,116850.0,nan,115707.347,182550,21122376240.0,106937,115840.0,2,115820.0,2,115850.0,4,115810.0,8,115860.0,10,115800.0,18,115870.0,6,115790.0,50,115880.0,19,115780.0,35
1597988353628216064,1597988353500000000,2020-08-21 13:39:13.500000,115830.0,116920.0,114770.0,116850.0,nan,115707.347,182550,21122376240.0,106937,115840.0,2,115820.0,6,115850.0,4,115810.0,5,115860.0,11,115800.0,17,115870.0,6,115790.0,50,115880.0,19,115780.0,35
1597988354125492992,1597988354000000000,2020-08-21 13:39:14.000000,115840.0,116920.0,114770.0,116850.0,nan,115707.349,182552,21122607920.0,106936,115850.0,4,115840.0,8,115860.0,11,115820.0,6,115870.0,6,115810.0,4,115880.0,19,115800.0,17,115890.0,5,115790.0,50
1597988354630848000,1597988354500000000,2020-08-21 13:39:14.500000,115840.0,116920.0,114770.0,116850.0,nan,115707.356,182562,21123766320.0,106931,115840.0,24,115820.0,6,115850.0,8,115810.0,9,115860.0,11,115800.0,17,115870.0,6,115790.0,53,115880.0,19,115780.0,35
1597988355109406976,1597988355000000000,2020-08-21 13:39:15.000000,115840.0,116920.0,114770.0,116850.0,nan,115707.356,182562,21123766320.0,106931,115830.0,2,115820.0,6,115840.0,9,115810.0,9,115850.0,5,115800.0,17,115860.0,11,115790.0,53,115870.0,6,115780.0,35
1597988355626651904,1597988355500000000,2020-08-21 13:39:15.500000,115840.0,116920.0,114770.0,116850.0,nan,115707.356,182562,21123766320.0,106931,115830.0,2,115820.0,6,115840.0,26,115810.0,9,115850.0,5,115800.0,17,115860.0,11,115790.0,53,115870.0,6,115780.0,35
1597988356120069120,1597988356000000000,2020-08-21 13:39:16.000000,115840.0,116920.0,114770.0,116850.0,nan,115707.356,182562,21123766320.0,106931,115830.0,2,115820.0,6,115840.0,26,115810.0,9,115850.0,5,115800.0,16,115860.0,11,115790.0,54,115870.0,6,115780.0,35
1597988356609031936,1597988356500000000,2020-08-21 13:39:16.500000,115840.0,116920.0,114770.0,116850.0,nan,115707.356,182562,21123766320.0,106931,115830.0,2,115820.0,7,115840.0,27,115810.0,9,115850.0,5,115800.0,16,115860.0,11,115790.0,53,115870.0,6,115780.0,35
1597988357114160896,1597988357000000000,2020-08-21 13:39:17.000000,115820.0,116920.0,114770.0,116850.0,nan,115707.357,182564,21123997960.0,106930,115830.0,2,115820.0,5,115840.0,27,115810.0,9,115850.0,6,115800.0,16,115860.0,11,115790.0,53,115870.0,6,115780.0,35
1597988357608387072,1597988357500000000,2020-08-21 13:39:17.500000,115820.0,116920.0,114770.0,116850.0,nan,115707.361,182570,21124692880.0,106927,115830.0,2,115810.0,10,115840.0,27,115800.0,16,115850.0,6,115790.0,53,115860.0,11,115780.0,35,115870.0,6,115770.0,15
1597988358128477952,1597988358000000000,2020-08-21 13:39:18.000000,115820.0,116920.0,114770.0,116850.0,nan,115707.361,182570,21124692880.0,106927,115820.0,15,115810.0,10,115830.0,2,115800.0,16,115840.0,27,115790.0,53,115850.0,6,115780.0,35,115860.0,11,115770.0,15
1597988358627675904,1597988358500000000,2020-08-21 13:39:18.500000,115810.0,116920.0,114770.0,116850.0,nan,115707.367,182581,21125966790.0,106932,115820.0,15,115800.0,16,115830.0,2,115790.0,53,115840.0,27,115780.0,35,115850.0,6,115770.0,15,115860.0,11,115760.0,8
1597988359123301888,1597988359000000000,2020-08-21 13:39:19.000000,115800.0,116920.0,114770.0,116850.0,nan,115707.386,182612,21129557150.0,106911,115830.0,2,115800.0,16,115840.0,26,115790.0,53,115850.0,7,115780.0,34,115860.0,11,115770.0,11,115870.0,6,115760.0,11
1597988359616134912,1597988359500000000,2020-08-21 13:39:19.500000,115810.0,116920.0,114770.0,116850.0,nan,115707.388,182615,21129904580.0,106911,115820.0,8,115810.0,1,115830.0,4,115800.0,16,115840.0,26,115790.0,53,115850.0,7,115780.0,34,115860.0,11,115770.0,11
1597988360121565952,1597988360000000000,2020-08-21 13:39:20.000000,115810.0,116920.0,114770.0,116850.0,nan,115707.388,182616,21130020390.0,106912,115820.0,2,115800.0,16,115830.0,4,115790.0,53,115840.0,26,115780.0,34,115850.0,7,115770.0,11,115860.0,11,115760.0,11
1597988360615811072,1597988360500000000,2020-08-21 13:39:20.500000,115810.0,116920.0,114770.0,116850.0,nan,115707.388,182616,21130020390.0,106912,115810.0,19,115800.0,16,115820.0,2,115790.0,53,115830.0,4,115780.0,34,115840.0,26,115770.0,11,115850.0,7,115760.0,11
1597988361125587968,1597988361000000000,2020-08-21 13:39:21.000000,115810.0,116920.0,114770.0,116850.0,nan,115707.388,182616,21130020390.0,106912,115820.0,7,115810.0,1,115830.0,4,115800.0,15,115840.0,26,115790.0,53,115850.0,7,115780.0,34,115860.0,11,115770.0,11
1597988361621146880,1597988361500000000,2020-08-21 13:39:21.500000,115810.0,116920.0,114770.0,116850.0,nan,115707.389,182617,21130136200.0,106911,115810.0,14,115800.0,15,115820.0,11,115790.0,53,115830.0,4,115780.0,34,115840.0,26,115770.0,11,115850.0,7,115760.0,11
1597988362124039936,1597988362000000000,2020-08-21 13:39:22.000000,115810.0,116920.0,114770.0,116850.0,nan,115707.389,182617,21130136200.0,106911,115810.0,15,115800.0,16,115820.0,11,115790.0,53,115830.0,4,115780.0,34,115840.0,26,115770.0,11,115850.0,7,115760.0,11
1597988362643319040,1597988362500000000,2020-08-21 13:39:22.500000,115810.0,116920.0,114770.0,116850.0,nan,115707.389,182618,21130252010.0,106911,115810.0,17,115800.0,16,115820.0,11,115790.0,53,115830.0,4,115780.0,34,115840.0,26,115770.0,11,115850.0,7,115760.0,11
1597988363137360896,1597988363000000000,2020-08-21 13:39:23.000000,115800.0,116920.0,114770.0,116850.0,nan,115707.391,182621,21130599410.0,106911,115810.0,18,115800.0,13,115820.0,11,115790.0,53,115830.0,4,115780.0,34,115840.0,26,115770.0,11,115850.0,7,115760.0,11
1597988363624822016,1597988363500000000,2020-08-21 13:39:23.500000,115800.0,116920.0,114770.0,116850.0,nan,115707.391,182621,21130599410.0,106911,115810.0,18,115800.0,14,115820.0,11,115790.0,53,115830.0,4,115780.0,34,115840.0,36,115770.0,11,115850.0,7,115760.0,11
1597988364114967040,1597988364000000000,2020-08-21 13:39:24.000000,115800.0,116920.0,114770.0,116850.0,nan,115707.393,182625,21131062640.0,106909,115810.0,15,115800.0,13,115820.0,11,115790.0,53,115830.0,4,115780.0,34,115840.0,36,115770.0,11,115850.0,6,115760.0,11
1597988364616523008,1597988364500000000,2020-08-21 13:39:24.500000,115810.0,116920.0,114770.0,116850.0,nan,115707.396,182630,21131641690.0,106911,115810.0,10,115800.0,13,115820.0,12,115790.0,53,115830.0,4,115780.0,34,115840.0,36,115770.0,11,115850.0,6,115760.0,11
1597988365117735936,1597988365000000000,2020-08-21 13:39:25.000000,115810.0,116920.0,114770.0,116850.0,nan,115707.401,182640,21132799790.0,106905,115820.0,8,115810.0,3,115830.0,4,115800.0,13,115840.0,36,115790.0,53,115850.0,6,115780.0,34,115860.0,11,115770.0,11
1597988365609896960,1597988365500000000,2020-08-21 13:39:25.500000,115820.0,116920.0,114770.0,116850.0,nan,115707.402,182641,21132915610.0,106904,115820.0,7,115810.0,3,115830.0,4,115800.0,13,115840.0,35,115790.0,53,115850.0,6,115780.0,34,115860.0,11,115770.0,11
1597988366125882880,1597988366000000000,2020-08-21 13:39:26.000000,115810.0,116920.0,114770.0,116850.0,nan,115707.403,182643,21133147230.0,106904,115820.0,7,115810.0,1,115830.0,4,115800.0,13,115840.0,36,115790.0,53,115850.0,6,115780.0,34,115860.0,11,115770.0,11
1597988366636890880,1597988366500000000,2020-08-21 13:39:26.500000,115810.0,116920.0,114770.0,116850.0,nan,115707.403,182643,21133147230.0,106904,115820.0,7,115810.0,1,115830.0,4,115800.0,15,115840.0,37,115790.0,53,115850.0,6,115780.0,35,115860.0,11,115770.0,11
1597988367618973952,1597988367500000000,2020-08-21 13:39:27.500000,115810.0,116920.0,114770.0,116850.0,nan,115707.404,182644,21133263040.0,106904,115810.0,5,115800.0,15,115820.0,7,115790.0,53,115830.0,4,115780.0,35,115840.0,37,115770.0,11,115850.0,6,115760.0,11
1597988368124038912,1597988368000000000,2020-08-21 13:39:28.000000,115810.0,116920.0,114770.0,116850.0,nan,115707.407,182649,21133842090.0,106909,115820.0,7,115800.0,15,115830.0,4,115790.0,53,115840.0,37,115780.0,35,115850.0,6,115770.0,11,115860.0,11,115760.0,11
1597988368615616000,1597988368500000000,2020-08-21 13:39:28.500000,115820.0,116920.0,114770.0,116850.0,nan,115707.407,182650,21133957910.0,106909,115820.0,6,115800.0,15,115830.0,4,115790.0,53,115840.0,37,115780.0,35,115850.0,6,115770.0,11,115860.0,11,115760.0,11
1597988369115510016,1597988369000000000,2020-08-21 13:39:29.000000,115800.0,116920.0,114770.0,116850.0,nan,115707.409,182653,21134305330.0,106911,115820.0,5,115800.0,13,115830.0,4,115790.0,53,115840.0,37,115780.0,35,115850.0,6,115770.0,11,115860.0,11,115760.0,11
1597988369606721024,1597988369500000000,2020-08-21 13:39:29.500000,115800.0,116920.0,114770.0,116850.0,nan,115707.409,182653,21134305330.0,106911,115820.0,5,115810.0,1,115830.0,4,115800.0,13,115840.0,37,115790.0,53,115850.0,6,115780.0,35,115860.0,11,115770.0,11
1597988370136378880,1597988370000000000,2020-08-21 13:39:30.000000,115800.0,116920.0,114770.0,116850.0,nan,115707.409,182653,21134305330.0,106911,115820.0,6,115810.0,1,115830.0,4,115800.0,13,115840.0,37,115790.0,53,115850.0,6,115780.0,35,115860.0,11,115770.0,11
1597988370631844096,1597988370500000000,2020-08-21 13:39:30.500000,115800.0,116920.0,114770.0,116850.0,nan,115707.415,182666,21135810740.0,106916,115810.0,40,115790.0,53,115820.0,10,115780.0,35,115830.0,4,115770.0,11,115840.0,37,115760.0,11,115850.0,6,115750.0,5
1597988371127747072,1597988371000000000,2020-08-21 13:39:31.000000,115800.0,116920.0,114770.0,116850.0,nan,115707.415,182666,21135810740.0,106916,115800.0,2,115790.0,65,115810.0,40,115780.0,35,115820.0,10,115770.0,11,115830.0,4,115760.0,11,115840.0,37,115750.0,5
1597988371631664128,1597988371500000000,2020-08-21 13:39:31.500000,115800.0,116920.0,114770.0,116850.0,nan,115707.415,182666,21135810740.0,106916,115800.0,2,115790.0,66,115810.0,41,115780.0,35,115820.0,10,115770.0,11,115830.0,4,115760.0,11,115840.0,37,115750.0,5
1597988372126484992,1597988372000000000,2020-08-21 13:39:32.000000,115800.0,116920.0,114770.0,116850.0,nan,115707.415,182666,21135810740.0,106916,115800.0,2,115790.0,66,115810.0,41,115780.0,35,115820.0,10,115770.0,11,115830.0,4,115760.0,12,115840.0,37,115750.0,5
1597988372632570112,1597988372500000000,2020-08-21 13:39:32.500000,115800.0,116920.0,114770.0,116850.0,nan,115707.416,182668,21136042340.0,106916,115800.0,239,115790.0,66,115810.0,23,115780.0,35,115820.0,10,115770.0,11,115830.0,4,115760.0,12,115840.0,37,115750.0,5
1597988373130089984,1597988373000000000,2020-08-21 13:39:33.000000,115780.0,116920.0,114770.0,116850.0,nan,115707.448,182739,21144263380.0,106900,115790.0,16,115780.0,30,115800.0,241,115770.0,11,115810.0,23,115760.0,12,115820.0,10,115750.0,5,115830.0,4,115740.0,3
1597988373610716928,1597988373500000000,2020-08-21 13:39:33.500000,115780.0,116920.0,114770.0,116850.0,nan,115707.466,182786,21149704930.0,106933,115780.0,3,115760.0,12,115790.0,16,115750.0,4,115800.0,241,115740.0,3,115810.0,22,115730.0,5,115820.0,10,115720.0,6
1597988374117676032,1597988374000000000,2020-08-21 13:39:34.000000,115780.0,116920.0,114770.0,116850.0,nan,115707.467,182787,21149820710.0,106933,115770.0,1,115760.0,11,115780.0,3,115750.0,4,115790.0,16,115740.0,2,115800.0,241,115730.0,4,115810.0,12,115720.0,6
1597988374672432896,1597988374500000000,2020-08-21 13:39:34.500000,115790.0,116920.0,114770.0,116850.0,nan,115707.47,182796,21150862760.0,106936,115790.0,3,115780.0,1,115800.0,241,115760.0,11,115810.0,13,115750.0,4,115820.0,10,115740.0,2,115840.0,36,115730.0,4
1597988375128112128,1597988375000000000,2020-08-21 13:39:35.000000,115760.0,116920.0,114770.0,116850.0,nan,115707.472,182801,21151441580.0,106935,115780.0,25,115760.0,7,115790.0,6,115750.0,4,115800.0,241,115740.0,2,115810.0,13,115730.0,4,115820.0,6,115720.0,6
1597988375628343040,1597988375500000000,2020-08-21 13:39:35.500000,115760.0,116920.0,114770.0,116850.0,nan,115707.475,182814,21152946420.0,106940,115760.0,1,115740.0,2,115770.0,23,115730.0,4,115780.0,26,115720.0,6,115790.0,6,115710.0,18,115800.0,241,115700.0,26
1597988376122841088,1597988376000000000,2020-08-21 13:39:36.000000,115740.0,116920.0,114770.0,116850.0,nan,115707.477,182820,21153641000.0,106942,115770.0,21,115740.0,1,115780.0,23,115730.0,4,115790.0,6,115720.0,6,115800.0,241,115710.0,17,115810.0,13,115700.0,26
1597988376636391936,1597988376500000000,2020-08-21 13:39:36.500000,115730.0,116920.0,114770.0,116850.0,nan,115707.478,182826,21154335410.0,106941,115760.0,6,115750.0,1,115770.0,21,115730.0,2,115780.0,23,115720.0,6,115790.0,6,115710.0,17,115800.0,241,115700.0,26
1597988377124994048,1597988377000000000,2020-08-21 13:39:37.000000,115770.0,116920.0,114770.0,116850.0,nan,115707.483,182848,21156881860.0,106936,115770.0,4,115760.0,1,115780.0,23,115720.0,2,115790.0,6,115710.0,17,115800.0,241,115700.0,26,115810.0,13,115690.0,12
1597988377624474112,1597988377500000000,2020-08-21 13:39:37.500000,115760.0,116920.0,114770.0,116850.0,nan,115707.486,182858,21158039500.0,106934,115780.0,25,115760.0,8,115790.0,11,115720.0,2,115800.0,242,115710.0,17,115810.0,13,115700.0,26,115820.0,6,115690.0,12
1597988378137367040,1597988378000000000,2020-08-21 13:39:38.000000,115760.0,116920.0,114770.0,116850.0,nan,115707.486,182858,21158039500.0,106934,115780.0,21,115770.0,5,115790.0,11,115760.0,9,115800.0,242,115750.0,1,115810.0,12,115740.0,1,115820.0,6,115720.0,2
1597988378618286080,1597988378500000000,2020-08-21 13:39:38.500000,115760.0,116920.0,114770.0,116850.0,nan,115707.486,182858,21158039500.0,106934,115780.0,11,115770.0,8,115790.0,11,115760.0,10,115800.0,242,115750.0,1,115810.0,11,115740.0,1,115820.0,6,115720.0,2
1597988379113588992,1597988379000000000,2020-08-21 13:39:39.000000,115780.0,116920.0,114770.0,116850.0,nan,115707.488,182864,21158734150.0,106938,115780.0,6,115770.0,6,115790.0,11,115760.0,11,115800.0,242,115750.0,1,115810.0,11,115740.0,1,115820.0,6,115720.0,2
1597988379616771072,1597988379500000000,2020-08-21 13:39:39.500000,115780.0,116920.0,114770.0,116850.0,nan,115707.488,182864,21158734150.0,106938,115780.0,7,115770.0,6,115790.0,9,115760.0,11,115800.0,242,115750.0,1,115810.0,11,115740.0,1,115820.0,5,115720.0,2
1597988380125952000,1597988380000000000,2020-08-21 13:39:40.000000,115780.0,116920.0,114770.0,116850.0,nan,115707.489,182865,21158849930.0,106938,115780.0,6,115770.0,6,115790.0,9,115760.0,11,115800.0,242,115750.0,1,115810.0,11,115740.0,1,115820.0,5,115720.0,2
1597988380649940992,1597988380500000000,2020-08-21 13:39:40.500000,115780.0,116920.0,114770.0,116850.0,nan,115707.489,182866,21158965710.0,106939,115780.0,5,115770.0,7,115790.0,9,115760.0,10,115800.0,242,115750.0,1,115810.0,11,115740.0,1,115820.0,5,115720.0,2
1597988381142802944,1597988381000000000,2020-08-21 13:39:41.000000,115780.0,116920.0,114770.0,116850.0,nan,115707.489,182866,21158965710.0,106939,115780.0,5,115770.0,8,115790.0,9,115760.0,10,115800.0,242,115750.0,1,115810.0,11,115740.0,1,115820.0,5,115720.0,2
1597988381618522880,1597988381500000000,2020-08-21 13:39:41.500000,115770.0,116920.0,114770.0,116850.0,nan,115707.49,182868,21159197260.0,106940,115780.0,7,115770.0,7,115790.0,9,115760.0,10,115800.0,242,115750.0,1,115810.0,11,115740.0,1,115820.0,5,115720.0,2
1597988382111866112,1597988382000000000,2020-08-21 13:39:42.000000,115770.0,116920.0,114770.0,116850.0,nan,115707.49,182868,21159197260.0,106940,115780.0,7,115770.0,7,115790.0,9,115760.0,10,115800.0,241,115750.0,1,115810.0,11,115740.0,1,115820.0,5,115720.0,2
1597988382622153984,1597988382500000000,2020-08-21 13:39:42.500000,115770.0,116920.0,114770.0,116850.0,nan,115707.491,182871,21159544590.0,106938,115780.0,6,115770.0,6,115790.0,9,115760.0,10,115800.0,242,115750.0,1,115810.0,11,115740.0,1,115820.0,5,115720.0,2
1597988383117639936,1597988383000000000,2020-08-21 13:39:43.000000,115770.0,116920.0,114770.0,116850.0,nan,115707.491,182871,21159544590.0,106938,115780.0,6,115770.0,7,115790.0,9,115760.0,10,115800.0,245,115750.0,1,115810.0,11,115740.0,1,115820.0,5,115720.0,2
1597988383618734080,1597988383500000000,2020-08-21 13:39:43.500000,115770.0,116920.0,114770.0,116850.0,nan,115707.492,182873,21159776130.0,106939,115780.0,7,115770.0,5,115790.0,9,115760.0,10,115800.0,245,115750.0,1,115810.0,11,115740.0,1,115820.0,5,115720.0,2
1597988384125472000,1597988384000000000,2020-08-21 13:39:44.000000,115780.0,116920.0,114770.0,116850.0,nan,115707.492,182874,21159891910.0,106938,115780.0,6,115770.0,5,115790.0,10,115760.0,10,115800.0,245,115750.0,1,115810.0,11,115740.0,1,115820.0,5,115720.0,2
1597988384616112128,1597988384500000000,2020-08-21 13:39:44.500000,115780.0,116920.0,114770.0,116850.0,nan,115707.493,182877,21160239250.0,106938,115780.0,3,115770.0,5,115790.0,10,115760.0,10,115800.0,245,115750.0,1,115810.0,11,115740.0,1,115820.0,5,115720.0,2
1597988385122565120,1597988385000000000,2020-08-21 13:39:45.000000,115780.0,116920.0,114770.0,116850.0,nan,115707.494,182879,21160470810.0,106938,115780.0,1,115770.0,6,115790.0,10,115760.0,10,115800.0,244,115750.0,1,115810.0,11,115740.0,1,115820.0,5,115720.0,2
1597988385610227968,1597988385500000000,2020-08-21 13:39:45.500000,115770.0,116920.0,114770.0,116850.0,nan,115707.496,182883,21160933900.0,106937,115790.0,9,115770.0,3,115800.0,244,115760.0,10,115810.0,11,115750.0,22,115820.0,5,115740.0,1,115830.0,1,115720.0,2
1597988386127148032,1597988386000000000,2020-08-21 13:39:46.000000,115770.0,116920.0,114770.0,116850.0,nan,115707.496,182883,21160933900.0,106937,115790.0,8,115780.0,1,115800.0,245,115770.0,4,115810.0,11,115760.0,10,115820.0,5,115750.0,22,115830.0,1,115740.0,1
1597988386621584896,1597988386500000000,2020-08-21 13:39:46.500000,115770.0,116920.0,114770.0,116850.0,nan,115707.496,182883,21160933900.0,106937,115790.0,8,115780.0,3,115800.0,245,115770.0,4,115810.0,10,115760.0,10,115820.0,5,115750.0,22,115830.0,1,115740.0,2
1597988387120482048,1597988387000000000,2020-08-21 13:39:47.000000,115780.0,116920.0,114770.0,116850.0,nan,115707.496,182884,21161049680.0,106937,115790.0,8,115780.0,3,115800.0,246,115770.0,4,115810.0,10,115760.0,10,115820.0,5,115750.0,22,115830.0,1,115740.0,2
1597988387630159104,1597988387500000000,2020-08-21 13:39:47.500000,115780.0,116920.0,114770.0,116850.0,nan,115707.496,182884,21161049680.0,106937,115790.0,8,115780.0,12,115800.0,246,115770.0,4,115810.0,10,115760.0,10,115820.0,5,115750.0,22,115830.0,1,115740.0,2
1597988388123037952,1597988388000000000,2020-08-21 13:39:48.000000,115780.0,116920.0,114770.0,116850.0,nan,115707.496,182884,21161049680.0,106937,115790.0,8,115780.0,12,115800.0,246,115770.0,4,115810.0,11,115760.0,10,115820.0,5,115750.0,22,115830.0,1,115740.0,2
1597988389118991104,1597988389000000000,2020-08-21 13:39:49.000000,115790.0,116920.0,114770.0,116850.0,nan,115707.496,182885,21161165470.0,106937,115790.0,7,115780.0,17,115800.0,246,115770.0,4,115810.0,11,115760.0,10,115820.0,5,115750.0,22,115830.0,1,115740.0,2
1597988389612088064,1597988389500000000,2020-08-21 13:39:49.500000,115790.0,116920.0,114770.0,116850.0,nan,115707.497,182886,21161281260.0,106936,115790.0,6,115780.0,17,115800.0,246,115770.0,4,115810.0,11,115760.0,10,115820.0,5,115750.0,22,115830.0,1,115740.0,2
1597988390122895104,1597988390000000000,2020-08-21 13:39:50.000000,115790.0,116920.0,114770.0,116850.0,nan,115707.498,182888,21161512830.0,106935,115790.0,5,115780.0,17,115800.0,246,115770.0,5,115810.0,11,115760.0,10,115820.0,5,115750.0,22,115830.0,1,115740.0,2
1597988390630916096,1597988390500000000,2020-08-21 13:39:50.500000,115790.0,116920.0,114770.0,116850.0,nan,115707.498,182888,21161512830.0,106935,115790.0,13,115780.0,18,115800.0,246,115770.0,5,115810.0,11,115760.0,10,115820.0,5,115750.0,22,115830.0,1,115740.0,2
1597988391128129024,1597988391000000000,2020-08-21 13:39:51.000000,115790.0,116920.0,114770.0,116850.0,nan,115707.498,182890,21161744400.0,106935,115790.0,12,115780.0,26,115800.0,246,115770.0,5,115810.0,11,115760.0,10,115820.0,5,115750.0,22,115830.0,1,115740.0,2
1597988391612989952,1597988391500000000,2020-08-21 13:39:51.500000,115780.0,116920.0,114770.0,116850.0,nan,115707.502,182898,21162670650.0,106928,115790.0,11,115780.0,19,115800.0,246,115770.0,5,115810.0,11,115760.0,10,115820.0,5,115750.0,21,115830.0,1,115740.0,2
1597988392117293056,1597988392000000000,2020-08-21 13:39:52.000000,115790.0,116920.0,114770.0,116850.0,nan,115707.507,182909,21163944340.0,106929,115800.0,246,115780.0,19,115810.0,11,115770.0,5,115820.0,5,115760.0,10,115830.0,1,115750.0,21,115840.0,34,115740.0,2
1597988392613794048,1597988392500000000,2020-08-21 13:39:52.500000,115800.0,116920.0,114770.0,116850.0,nan,115707.507,182910,21164060140.0,106929,115800.0,246,115790.0,2,115810.0,11,115780.0,20,115820.0,5,115770.0,5,115840.0,34,115760.0,10,115850.0,8,115750.0,21
1597988393129369088,1597988393000000000,2020-08-21 13:39:53.000000,115780.0,116920.0,114770.0,116850.0,nan,115707.508,182913,21164407490.0,106928,115800.0,247,115780.0,17,115810.0,11,115770.0,5,115820.0,5,115760.0,10,115840.0,34,115750.0,21,115850.0,8,115740.0,2
1597988393607896064,1597988393500000000,2020-08-21 13:39:53.500000,115780.0,116920.0,114770.0,116850.0,nan,115707.508,182913,21164407490.0,106928,115800.0,248,115790.0,1,115810.0,11,115780.0,17,115820.0,5,115770.0,5,115840.0,34,115760.0,10,115850.0,8,115750.0,21
1597988394113221120,1597988394000000000,2020-08-21 13:39:54.000000,115780.0,116920.0,114770.0,116850.0,nan,115707.508,182913,21164407490.0,106928,115800.0,249,115790.0,1,115810.0,11,115780.0,17,115820.0,5,115770.0,5,115840.0,34,115760.0,10,115850.0,8,115750.0,21
1597988395131557120,1597988395000000000,2020-08-21 13:39:55.000000,115800.0,116920.0,114770.0,116850.0,nan,115707.51,182917,21164870670.0,106931,115800.0,247,115780.0,16,115810.0,11,115770.0,5,115820.0,5,115760.0,10,115840.0,34,115750.0,21,115850.0,8,115740.0,2
1597988395615122944,1597988395500000000,2020-08-21 13:39:55.500000,115800.0,116920.0,114770.0,116850.0,nan,115707.51,182917,21164870670.0,106931,115800.0,247,115790.0,1,115810.0,11,115780.0,16,115820.0,5,115770.0,5,115840.0,34,115760.0,10,115850.0,8,115750.0,21
1597988396132559104,1597988396000000000,2020-08-21 13:39:56.000000,115790.0,116920.0,114770.0,116850.0,nan,115707.511,182918,21164986460.0,106930,115790.0,1,115780.0,16,115800.0,247,115770.0,5,115810.0,11,115760.0,10,115820.0,5,115750.0,21,115840.0,34,115740.0,2
1597988396635962112,1597988396500000000,2020-08-21 13:39:56.500000,115790.0,116920.0,114770.0,116850.0,nan,115707.511,182919,21165102250.0,106931,115800.0,247,115780.0,19,115810.0,11,115770.0,5,115820.0,5,115760.0,10,115840.0,34,115750.0,21,115850.0,8,115740.0,2
1597988397115512064,1597988397000000000,2020-08-21 13:39:57.000000,115790.0,116920.0,114770.0,116850.0,nan,115707.511,182919,21165102250.0,106931,115800.0,247,115790.0,1,115810.0,11,115780.0,19,115820.0,5,115770.0,5,115840.0,34,115760.0,10,115850.0,8,115750.0,21
1597988397620819968,1597988397500000000,2020-08-21 13:39:57.500000,115790.0,116920.0,114770.0,116850.0,nan,115707.511,182919,21165102250.0,106931,115800.0,247,115790.0,4,115810.0,11,115780.0,16,115820.0,5,115770.0,5,115840.0,34,115760.0,10,115850.0,8,115750.0,21
1597988398167514880,1597988398000000000,2020-08-21 13:39:58.000000,115780.0,116920.0,114770.0,116850.0,nan,115707.513,182924,21165681190.0,106930,115800.0,248,115790.0,1,115810.0,11,115780.0,15,115820.0,5,115770.0,5,115840.0,34,115760.0,10,115850.0,8,115750.0,21
1597988398609615872,1597988398500000000,2020-08-21 13:39:58.500000,115800.0,116920.0,114770.0,116850.0,nan,115707.514,182925,21165796990.0,106930,115800.0,247,115790.0,2,115810.0,11,115780.0,17,115820.0,5,115770.0,4,115840.0,34,115760.0,10,115850.0,8,115750.0,21
1597988399126434048,1597988399000000000,2020-08-21 13:39:59.000000,115800.0,116920.0,114770.0,116850.0,nan,115707.515,182927,21166028590.0,106932,115800.0,247,115790.0,3,115810.0,11,115780.0,15,115820.0,5,115770.0,5,115840.0,34,115760.0,10,115850.0,8,115750.0,21
1597988399608992000,1597988399500000000,2020-08-21 13:39:59.500000,115800.0,116920.0,114770.0,116850.0,nan,115707.517,182932,21166607590.0,106937,115800.0,242,115790.0,3,115810.0,11,115780.0,15,115820.0,5,115770.0,5,115840.0,34,115760.0,10,115850.0,8,115750.0,21
1597988400135305984,1597988400000000000,2020-08-21 13:40:00.000000,115790.0,116920.0,114770.0,116850.0,nan,115707.518,182933,21166723380.0,106937,115800.0,242,115790.0,2,115810.0,11,115780.0,15,115820.0,5,115770.0,5,115840.0,34,115760.0,10,115850.0,8,115750.0,21
1597988400620114944,1597988400500000000,2020-08-21 13:40:00.500000,115800.0,116920.0,114770.0,116850.0,nan,115707.52,182938,21167302320.0,106942,115800.0,242,115780.0,13,115810.0,11,115770.0,5,115820.0,5,115760.0,10,115840.0,34,115750.0,22,115850.0,8,115740.0,1
1597988401117221888,1597988401000000000,2020-08-21 13:40:01.000000,115790.0,116920.0,114770.0,116850.0,nan,115707.521,182939,21167418110.0,106941,115800.0,242,115790.0,4,115810.0,11,115780.0,18,115820.0,5,115770.0,5,115840.0,34,115760.0,10,115850.0,8,115750.0,22
1597988401628948992,1597988401500000000,2020-08-21 13:40:01.500000,115790.0,116920.0,114770.0,116850.0,nan,115707.521,182940,21167533900.0,106941,115800.0,243,115790.0,3,115810.0,11,115780.0,18,115820.0,5,115770.0,5,115840.0,34,115760.0,10,115850.0,8,115750.0,22
1597988402148656896,1597988402000000000,2020-08-21 13:40:02.000000,115790.0,116920.0,114770.0,116850.0,nan,115707.521,182941,21167649690.0,106940,115800.0,244,115790.0,1,115810.0,11,115780.0,14,115820.0,5,115770.0,5,115840.0,34,115760.0,10,115850.0,8,115750.0,22
1597988402625335040,1597988402500000000,2020-08-21 13:40:02.500000,115790.0,116920.0,114770.0,116850.0,nan,115707.522,182942,21167765480.0,106941,115790.0,6,115780.0,14,115800.0,245,115770.0,6,115810.0,11,115760.0,10,115820.0,5,115750.0,22,115840.0,34,115740.0,1
1597988403131016960,1597988403000000000,2020-08-21 13:40:03.000000,115780.0,116920.0,114770.0,116850.0,nan,115707.524,182947,21168344420.0,106942,115790.0,2,115780.0,12,115800.0,244,115770.0,5,115810.0,11,115760.0,11,115820.0,5,115750.0,22,115840.0,34,115740.0,1
1597988403628382976,1597988403500000000,2020-08-21 13:40:03.500000,115780.0,116920.0,114770.0,116850.0,nan,115707.529,182959,21169733780.0,106954,115790.0,2,115770.0,3,115800.0,242,115760.0,11,115810.0,11,115750.0,22,115820.0,5,115740.0,1,115840.0,34,115730.0,1
1597988404161576960,1597988404000000000,2020-08-21 13:40:04.000000,115790.0,116920.0,114770.0,116850.0,nan,115707.53,182961,21169965350.0,106953,115790.0,1,115770.0,3,115800.0,242,115760.0,12,115810.0,11,115750.0,22,115820.0,5,115740.0,1,115840.0,34,115730.0,1
1597988404651569920,1597988404500000000,2020-08-21 13:40:04.500000,115790.0,116920.0,114770.0,116850.0,nan,115707.53,182961,21169965350.0,106953,115780.0,1,115770.0,3,115790.0,1,115760.0,11,115800.0,242,115750.0,23,115810.0,11,115740.0,1,115820.0,5,115730.0,1
1597988405131659008,1597988405000000000,2020-08-21 13:40:05.000000,115780.0,116920.0,114770.0,116850.0,nan,115707.53,182962,21170081130.0,106953,115780.0,2,115770.0,3,115790.0,1,115760.0,12,115800.0,240,115750.0,22,115810.0,11,115740.0,1,115820.0,5,115730.0,1
1597988405624613120,1597988405500000000,2020-08-21 13:40:05.500000,115780.0,116920.0,114770.0,116850.0,nan,115707.531,182965,21170428460.0,106954,115790.0,3,115770.0,2,115800.0,240,115760.0,12,115810.0,11,115750.0,22,115820.0,1,115740.0,1,115840.0,33,115730.0,1
1597988406132834048,1597988406000000000,2020-08-21 13:40:06.000000,115780.0,116920.0,114770.0,116850.0,nan,115707.531,182965,21170428460.0,106954,115790.0,5,115780.0,2,115800.0,239,115770.0,7,115810.0,11,115760.0,11,115820.0,1,115750.0,22,115840.0,33,115740.0,1
1597988406628611072,1597988406500000000,2020-08-21 13:40:06.500000,115780.0,116920.0,114770.0,116850.0,nan,115707.531,182965,21170428460.0,106954,115790.0,5,115780.0,2,115800.0,294,115770.0,7,115810.0,11,115760.0,11,115820.0,1,115750.0,22,115840.0,33,115740.0,1
1597988407272453120,1597988407000000000,2020-08-21 13:40:07.000000,115780.0,116920.0,114770.0,116850.0,nan,115707.532,182967,21170660030.0,106955,115790.0,4,115780.0,1,115800.0,294,115770.0,8,115810.0,11,115760.0,11,115820.0,1,115750.0,22,115840.0,33,115740.0,1
1597988407631139072,1597988407500000000,2020-08-21 13:40:07.500000,115790.0,116920.0,114770.0,116850.0,nan,115707.534,182971,21171123190.0,106956,115800.0,295,115790.0,1,115810.0,11,115780.0,4,115820.0,1,115770.0,3,115840.0,33,115760.0,11,115850.0,8,115750.0,22
1597988408145300992,1597988408000000000,2020-08-21 13:40:08.000000,115790.0,116920.0,114770.0,116850.0,nan,115707.534,182972,21171238980.0,106957,115800.0,295,115790.0,2,115810.0,11,115780.0,1,115820.0,1,115770.0,4,115840.0,33,115760.0,11,115850.0,8,115750.0,22
1597988408625771008,1597988408500000000,2020-08-21 13:40:08.500000,115790.0,116920.0,114770.0,116850.0,nan,115707.535,182974,21171470560.0,106958,115800.0,295,115780.0,1,115810.0,11,115770.0,4,115820.0,1,115760.0,11,115840.0,33,115750.0,22,115850.0,8,115740.0,1
1597988409125445888,1597988409000000000,2020-08-21 13:40:09.000000,115790.0,116920.0,114770.0,116850.0,nan,115707.535,182974,21171470560.0,106958,115800.0,295,115780.0,6,115810.0,11,115770.0,3,115820.0,1,115760.0,10,115840.0,33,115750.0,22,115850.0,8,115740.0,1
1597988409626749952,1597988409500000000,2020-08-21 13:40:09.500000,115780.0,116920.0,114770.0,116850.0,nan,115707.536,182975,21171586340.0,106958,115790.0,1,115780.0,6,115800.0,295,115770.0,3,115810.0,11,115760.0,10,115820.0,1,115750.0,22,115840.0,33,115740.0,1
1597988410110366976,1597988410000000000,2020-08-21 13:40:10.000000,115790.0,116920.0,114770.0,116850.0,nan,115707.536,182976,21171702130.0,106957,115800.0,295,115790.0,1,115810.0,11,115780.0,8,115820.0,1,115770.0,3,115840.0,33,115760.0,10,115850.0,8,115750.0,22
1597988410633445120,1597988410500000000,2020-08-21 13:40:10.500000,115790.0,116920.0,114770.0,116850.0,nan,115707.537,182978,21171933710.0,106956,115790.0,1,115780.0,1,115800.0,295,115770.0,3,115810.0,11,115760.0,10,115820.0,1,115750.0,23,115840.0,33,115740.0,1
1597988412113957888,1597988412000000000,2020-08-21 13:40:12.000000,115780.0,116920.0,114770.0,116850.0,nan,115707.538,182980,21172165280.0,106955,115800.0,295,115770.0,3,115810.0,11,115760.0,10,115820.0,1,115750.0,23,115840.0,33,115740.0,1,115850.0,8,115730.0,1
1597988412657474048,1597988412500000000,2020-08-21 13:40:12.500000,115790.0,116920.0,114770.0,116850.0,nan,115707.539,182984,21172628390.0,106956,115800.0,295,115770.0,5,115810.0,11,115760.0,11,115820.0,1,115750.0,23,115840.0,33,115740.0,1,115850.0,8,115730.0,1
1597988413124591104,1597988413000000000,2020-08-21 13:40:13.000000,115780.0,116920.0,114770.0,116850.0,nan,115707.541,182989,21173207290.0,106956,115800.0,295,115780.0,2,115810.0,11,115770.0,5,115820.0,1,115760.0,11,115840.0,33,115750.0,23,115850.0,8,115740.0,1
1597988413665451008,1597988413500000000,2020-08-21 13:40:13.500000,115780.0,116920.0,114770.0,116850.0,nan,115707.542,182991,21173438860.0,106955,115790.0,2,115780.0,1,115800.0,253,115770.0,5,115810.0,19,115760.0,10,115820.0,1,115750.0,23,115840.0,33,115740.0,1
1597988414124229888,1597988414000000000,2020-08-21 13:40:14.000000,115790.0,116920.0,114770.0,116850.0,nan,115707.543,182992,21173554650.0,106955,115790.0,1,115780.0,1,115800.0,253,115770.0,5,115810.0,19,115760.0,10,115820.0,1,115750.0,23,115840.0,33,115740.0,1
1597988414629368064,1597988414500000000,2020-08-21 13:40:14.500000,115790.0,116920.0,114770.0,116850.0,nan,115707.543,182993,21173670440.0,106955,115800.0,253,115770.0,5,115810.0,19,115760.0,10,115820.0,1,115750.0,23,115840.0,33,115740.0,1,115850.0,9,115730.0,1
1597988415126266112,1597988415000000000,2020-08-21 13:40:15.000000,115780.0,116920.0,114770.0,116850.0,nan,115707.545,182998,21174249350.0,106955,115790.0,1,115780.0,20,115800.0,253,115770.0,10,115810.0,19,115760.0,10,115820.0,1,115750.0,23,115840.0,33,115740.0,1
1597988415672602112,1597988415500000000,2020-08-21 13:40:15.500000,115800.0,116920.0,114770.0,116850.0,nan,115707.546,183000,21174480940.0,106955,115800.0,252,115790.0,1,115810.0,19,115780.0,21,115820.0,1,115770.0,10,115840.0,33,115760.0,10,115850.0,9,115750.0,23
1597988416136731904,1597988416000000000,2020-08-21 13:40:16.000000,115800.0,116920.0,114770.0,116850.0,nan,115707.546,183000,21174480940.0,106955,115800.0,252,115780.0,3,115810.0,19,115770.0,5,115820.0,1,115760.0,10,115840.0,33,115750.0,23,115850.0,9,115740.0,1
1597988416607400960,1597988416500000000,2020-08-21 13:40:16.500000,115790.0,116920.0,114770.0,116850.0,nan,115707.547,183002,21174712520.0,106955,115800.0,252,115790.0,1,115810.0,19,115780.0,4,115820.0,1,115770.0,5,115840.0,33,115760.0,10,115850.0,9,115750.0,23
1597988417145743872,1597988417000000000,2020-08-21 13:40:17.000000,115790.0,116920.0,114770.0,116850.0,nan,115707.547,183003,21174828310.0,106956,115790.0,1,115780.0,4,115800.0,252,115770.0,5,115810.0,19,115760.0,10,115820.0,1,115750.0,23,115840.0,33,115740.0,1
1597988417641202944,1597988417500000000,2020-08-21 13:40:17.500000,115790.0,116920.0,114770.0,116850.0,nan,115707.547,183003,21174828310.0,106956,115790.0,3,115780.0,6,115800.0,252,115770.0,5,115810.0,19,115760.0,10,115820.0,1,115750.0,23,115840.0,33,115740.0,1
1597988418139066112,1597988418000000000,2020-08-21 13:40:18.000000,115780.0,116920.0,114770.0,116850.0,nan,115707.549,183007,21175291430.0,106955,115790.0,3,115770.0,5,115800.0,252,115760.0,10,115810.0,19,115750.0,23,115820.0,1,115740.0,1,115840.0,33,115730.0,2
1597988418629752064,1597988418500000000,2020-08-21 13:40:18.500000,115780.0,116920.0,114770.0,116850.0,nan,115707.549,183007,21175291430.0,106955,115790.0,5,115780.0,2,115800.0,252,115770.0,4,115810.0,19,115760.0,11,115820.0,1,115750.0,23,115840.0,33,115740.0,1
1597988419135331072,1597988419000000000,2020-08-21 13:40:19.000000,115780.0,116920.0,114770.0,116850.0,nan,115707.55,183009,21175522990.0,106954,115780.0,6,115760.0,11,115790.0,7,115750.0,24,115800.0,253,115740.0,1,115810.0,19,115730.0,2,115820.0,1,115720.0,3
1597988419646635008,1597988419500000000,2020-08-21 13:40:19.500000,115760.0,116920.0,114770.0,116850.0,nan,115707.55,183011,21175754510.0,106952,115780.0,6,115760.0,13,115790.0,7,115750.0,24,115800.0,253,115740.0,1,115810.0,19,115730.0,2,115820.0,1,115720.0,3
1597988420114924032,1597988420000000000,2020-08-21 13:40:20.000000,115760.0,116920.0,114770.0,116850.0,nan,115707.551,183014,21176101790.0,106949,115780.0,6,115760.0,12,115790.0,7,115750.0,24,115800.0,253,115740.0,1,115810.0,19,115730.0,2,115820.0,1,115720.0,3
1597988420680026112,1597988420500000000,2020-08-21 13:40:20.500000,115770.0,116920.0,114770.0,116850.0,nan,115707.552,183015,21176217560.0,106949,115780.0,6,115760.0,12,115790.0,7,115750.0,24,115800.0,253,115740.0,1,115810.0,20,115730.0,2,115820.0,1,115720.0,3
1597988421115262976,1597988421000000000,2020-08-21 13:40:21.000000,115760.0,116920.0,114770.0,116850.0,nan,115707.552,183016,21176333320.0,106949,115780.0,6,115760.0,11,115790.0,7,115750.0,24,115800.0,253,115740.0,1,115810.0,20,115730.0,2,115820.0,1,115720.0,3
1597988421632176128,1597988421500000000,2020-08-21 13:40:21.500000,115780.0,116920.0,114770.0,116850.0,nan,115707.553,183018,21176564880.0,106950,115780.0,4,115760.0,11,115790.0,7,115750.0,24,115800.0,253,115740.0,1,115810.0,20,115730.0,2,115820.0,1,115720.0,3
1597988422115867904,1597988422000000000,2020-08-21 13:40:22.000000,115780.0,116920.0,114770.0,116850.0,nan,115707.554,183022,21177027980.0,106949,115780.0,1,115760.0,10,115790.0,7,115750.0,24,115800.0,253,115740.0,1,115810.0,20,115730.0,2,115820.0,1,115720.0,3
1597988422644500992,1597988422500000000,2020-08-21 13:40:22.500000,115780.0,116920.0,114770.0,116850.0,nan,115707.555,183024,21177259520.0,106949,115790.0,7,115760.0,9,115800.0,252,115750.0,24,115810.0,21,115740.0,1,115820.0,1,115730.0,2,115840.0,32,115720.0,3
1597988423123677952,1597988423000000000,2020-08-21 13:40:23.000000,115780.0,116920.0,114770.0,116850.0,nan,115707.555,183024,21177259520.0,106949,115780.0,8,115760.0,9,115790.0,7,115750.0,24,115800.0,252,115740.0,1,115810.0,21,115730.0,2,115820.0,1,115720.0,3
1597988423614179072,1597988423500000000,2020-08-21 13:40:23.500000,115770.0,116920.0,114770.0,116850.0,nan,115707.555,183025,21177375290.0,106950,115780.0,8,115760.0,9,115790.0,7,115750.0,24,115800.0,252,115740.0,1,115810.0,21,115730.0,2,115820.0,1,115720.0,3
1597988424636715008,1597988424500000000,2020-08-21 13:40:24.500000,115780.0,116920.0,114770.0,116850.0,nan,115707.556,183026,21177491070.0,106950,115780.0,7,115760.0,9,115790.0,7,115750.0,24,115800.0,252,115740.0,1,115810.0,21,115730.0,2,115820.0,1,115720.0,3
1597988425116847104,1597988425000000000,2020-08-21 13:40:25.000000,115760.0,116920.0,114770.0,116850.0,nan,115707.558,183035,21178532910.0,106947,115760.0,16,115750.0,24,115780.0,7,115740.0,1,115790.0,7,115730.0,2,115800.0,252,115720.0,3,115810.0,21,115710.0,9
1597988425617806080,1597988425500000000,2020-08-21 13:40:25.500000,115760.0,116920.0,114770.0,116850.0,nan,115707.566,183061,21181542670.0,106947,115780.0,7,115760.0,6,115790.0,7,115750.0,33,115800.0,251,115740.0,2,115810.0,21,115730.0,2,115820.0,1,115720.0,3
1597988426143578112,1597988426000000000,2020-08-21 13:40:26.000000,115780.0,116920.0,114770.0,116850.0,nan,115707.567,183065,21182005790.0,106948,115780.0,4,115750.0,26,115790.0,6,115740.0,2,115800.0,251,115730.0,2,115810.0,21,115720.0,3,115820.0,1,115710.0,9
1597988426781728000,1597988426500000000,2020-08-21 13:40:26.500000,115780.0,116920.0,114770.0,116850.0,nan,115707.567,183065,21182005790.0,106948,115780.0,4,115760.0,4,115790.0,6,115750.0,26,115800.0,251,115740.0,3,115810.0,21,115730.0,2,115820.0,1,115720.0,3
1597988427619752960,1597988427500000000,2020-08-21 13:40:27.500000,115780.0,116920.0,114770.0,116850.0,nan,115707.567,183065,21182005790.0,106948,115780.0,1,115770.0,1,115790.0,7,115760.0,7,115800.0,251,115750.0,25,115810.0,21,115740.0,3,115820.0,1,115730.0,2
1597988428607462912,1597988428500000000,2020-08-21 13:40:28.500000,115770.0,116920.0,114770.0,116850.0,nan,115707.568,183067,21182237340.0,106949,115790.0,7,115770.0,1,115800.0,251,115760.0,4,115810.0,21,115750.0,25,115820.0,1,115740.0,3,115840.0,32,115730.0,2
1597988429124293120,1597988429000000000,2020-08-21 13:40:29.000000,115770.0,116920.0,114770.0,116850.0,nan,115707.568,183068,21182353110.0,106948,115780.0,4,115760.0,5,115790.0,7,115750.0,25,115800.0,251,115740.0,3,115810.0,21,115730.0,2,115820.0,1,115720.0,3
1597988429605793024,1597988429500000000,2020-08-21 13:40:29.500000,115770.0,116920.0,114770.0,116850.0,nan,115707.568,183068,21182353110.0,106948,115780.0,4,115760.0,7,115790.0,7,115750.0,25,115800.0,251,115740.0,3,115810.0,21,115730.0,2,115820.0,1,115720.0,3
1597988430136702976,1597988430000000000,2020-08-21 13:40:30.000000,115770.0,116920.0,114770.0,116850.0,nan,115707.568,183068,21182353110.0,106948,115780.0,4,115760.0,4,115790.0,7,115750.0,26,115800.0,251,115740.0,3,115810.0,21,115730.0,2,115820.0,1,115720.0,3
