local_nano_time,quote_nano_time,datetime,last_price,highest,lowest,open,close,average,volume,amount,open_interest,ask_price1,ask_volume1,bid_price1,bid_volume1,ask_price2,ask_volume2,bid_price2,bid_volume2,ask_price3,ask_volume3,bid_price3,bid_volume3,ask_price4,ask_volume4,bid_price4,bid_volume4,ask_price5,ask_volume5,bid_price5,bid_volume5
1597988226621849088,1597988226500000000,2020-08-21 13:37:06.500000,12415.0,12420.0,12280.0,12360.0,nan,12350.212,165876,20486037900.0,209610,12420.0,422,12415.0,135,12425.0,520,12410.0,195,12430.0,430,12405.0,159,12435.0,275,12400.0,225,12440.0,196,12395.0,145
1597988227118501120,1597988227000000000,2020-08-21 13:37:07.000000,12420.0,12420.0,12280.0,12360.0,nan,12350.213,165877,20486162100.0,209611,12420.0,426,12415.0,135,12425.0,520,12410.0,195,12430.0,430,12405.0,159,12435.0,275,12400.0,225,12440.0,196,12395.0,145
1597988227622663936,1597988227500000000,2020-08-21 13:37:07.500000,12415.0,12420.0,12280.0,12360.0,nan,12350.217,165888,20487528250.0,209621,12420.0,416,12415.0,134,12425.0,520,12410.0,195,12430.0,430,12405.0,159,12435.0,275,12400.0,225,12440.0,196,12395.0,145
1597988228114135040,1597988228000000000,2020-08-21 13:37:08.000000,12415.0,12420.0,12280.0,12360.0,nan,12350.217,165888,20487528250.0,209621,12420.0,417,12415.0,133,12425.0,520,12410.0,195,12430.0,430,12405.0,158,12435.0,275,12400.0,225,12440.0,196,12395.0,145
1597988228615526912,1597988228500000000,2020-08-21 13:37:08.500000,12415.0,12420.0,12280.0,12360.0,nan,12350.217,165888,20487528250.0,209621,12420.0,417,12415.0,133,12425.0,521,12410.0,196,12430.0,429,12405.0,159,12435.0,275,12400.0,225,12440.0,196,12395.0,146
1597988229114092032,1597988229000000000,2020-08-21 13:37:09.000000,12415.0,12420.0,12280.0,12360.0,nan,12350.217,165888,20487528250.0,209621,12420.0,419,12415.0,135,12425.0,521,12410.0,196,12430.0,429,12405.0,159,12435.0,275,12400.0,224,12440.0,196,12395.0,146
1597988229615246080,1597988229500000000,2020-08-21 13:37:09.500000,12415.0,12420.0,12280.0,12360.0,nan,12350.217,165888,20487528250.0,209621,12420.0,420,12415.0,135,12425.0,521,12410.0,196,12430.0,429,12405.0,159,12435.0,275,12400.0,224,12440.0,196,12395.0,146
1597988230129957888,1597988230000000000,2020-08-21 13:37:10.000000,12415.0,12420.0,12280.0,12360.0,nan,12350.217,165888,20487528250.0,209621,12420.0,421,12415.0,136,12425.0,521,12410.0,196,12430.0,427,12405.0,159,12435.0,275,12400.0,224,12440.0,196,12395.0,146
1597988230612066048,1597988230500000000,2020-08-21 13:37:10.500000,12420.0,12420.0,12280.0,12360.0,nan,12350.223,165901,20489142800.0,209632,12420.0,409,12415.0,135,12425.0,521,12410.0,196,12430.0,427,12405.0,159,12435.0,275,12400.0,224,12440.0,196,12395.0,146
1597988231121526016,1597988231000000000,2020-08-21 13:37:11.000000,12415.0,12420.0,12280.0,12360.0,nan,12350.223,165902,20489266950.0,209632,12420.0,409,12415.0,167,12425.0,521,12410.0,196,12430.0,427,12405.0,159,12435.0,275,12400.0,224,12440.0,196,12395.0,146
1597988231613827072,1597988231500000000,2020-08-21 13:37:11.500000,12415.0,12420.0,12280.0,12360.0,nan,12350.224,165905,20489639400.0,209634,12420.0,411,12415.0,166,12425.0,521,12410.0,196,12430.0,427,12405.0,159,12435.0,275,12400.0,224,12440.0,196,12395.0,146
1597988232124431104,1597988232000000000,2020-08-21 13:37:12.000000,12420.0,12420.0,12280.0,12360.0,nan,12350.225,165906,20489763600.0,209635,12420.0,412,12415.0,166,12425.0,521,12410.0,196,12430.0,427,12405.0,159,12435.0,275,12400.0,224,12440.0,196,12395.0,146
1597988232616731904,1597988232500000000,2020-08-21 13:37:12.500000,12420.0,12420.0,12280.0,12360.0,nan,12350.225,165906,20489763600.0,209635,12420.0,414,12415.0,166,12425.0,521,12410.0,196,12430.0,427,12405.0,159,12435.0,275,12400.0,224,12440.0,196,12395.0,146
1597988233115461888,1597988233000000000,2020-08-21 13:37:13.000000,12420.0,12420.0,12280.0,12360.0,nan,12350.225,165906,20489763600.0,209635,12420.0,414,12415.0,166,12425.0,521,12410.0,196,12430.0,427,12405.0,159,12435.0,255,12400.0,225,12440.0,196,12395.0,146
1597988233627763968,1597988233500000000,2020-08-21 13:37:13.500000,12420.0,12420.0,12280.0,12360.0,nan,12350.228,165915,20490881400.0,209635,12420.0,405,12415.0,166,12425.0,521,12410.0,197,12430.0,427,12405.0,159,12435.0,255,12400.0,225,12440.0,196,12395.0,147
1597988234137426944,1597988234000000000,2020-08-21 13:37:14.000000,12415.0,12420.0,12280.0,12360.0,nan,12350.23,165918,20491253850.0,209635,12420.0,407,12415.0,163,12425.0,521,12410.0,197,12430.0,427,12405.0,159,12435.0,255,12400.0,225,12440.0,196,12395.0,147
1597988234618650880,1597988234500000000,2020-08-21 13:37:14.500000,12415.0,12420.0,12280.0,12360.0,nan,12350.23,165919,20491378000.0,209636,12420.0,407,12415.0,162,12425.0,521,12410.0,196,12430.0,427,12405.0,159,12435.0,255,12400.0,225,12440.0,196,12395.0,147
1597988235125522944,1597988235000000000,2020-08-21 13:37:15.000000,12420.0,12420.0,12280.0,12360.0,nan,12350.231,165922,20491750500.0,209636,12420.0,406,12415.0,160,12425.0,520,12410.0,197,12430.0,427,12405.0,159,12435.0,255,12400.0,220,12440.0,196,12395.0,147
1597988235620340992,1597988235500000000,2020-08-21 13:37:15.500000,12420.0,12420.0,12280.0,12360.0,nan,12350.232,165923,20491874700.0,209637,12420.0,405,12415.0,160,12425.0,520,12410.0,197,12430.0,427,12405.0,159,12435.0,255,12400.0,220,12440.0,196,12395.0,147
1597988236109969920,1597988236000000000,2020-08-21 13:37:16.000000,12415.0,12420.0,12280.0,12360.0,nan,12350.233,165926,20492247250.0,209639,12420.0,405,12415.0,159,12425.0,520,12410.0,197,12430.0,427,12405.0,159,12435.0,255,12400.0,220,12440.0,196,12395.0,147
1597988236614733056,1597988236500000000,2020-08-21 13:37:16.500000,12420.0,12420.0,12280.0,12360.0,nan,12350.237,165936,20493489250.0,209644,12420.0,394,12415.0,159,12425.0,520,12410.0,196,12430.0,427,12405.0,159,12435.0,252,12400.0,220,12440.0,196,12395.0,147
1597988237126514944,1597988237000000000,2020-08-21 13:37:17.000000,12415.0,12420.0,12280.0,12360.0,nan,12350.247,165959,20496345650.0,209661,12420.0,377,12415.0,162,12425.0,520,12410.0,196,12430.0,427,12405.0,161,12435.0,252,12400.0,220,12440.0,196,12395.0,147
1597988237622684928,1597988237500000000,2020-08-21 13:37:17.500000,12415.0,12420.0,12280.0,12360.0,nan,12350.248,165962,20496718200.0,209662,12420.0,376,12415.0,161,12425.0,520,12410.0,196,12430.0,429,12405.0,163,12435.0,252,12400.0,220,12440.0,195,12395.0,147
1597988238109430016,1597988238000000000,2020-08-21 13:37:18.000000,12420.0,12420.0,12280.0,12360.0,nan,12350.256,165982,20499201950.0,209670,12420.0,361,12415.0,163,12425.0,520,12410.0,197,12430.0,429,12405.0,164,12435.0,252,12400.0,220,12440.0,195,12395.0,147
1597988238618589952,1597988238500000000,2020-08-21 13:37:18.500000,12415.0,12420.0,12280.0,12360.0,nan,12350.257,165984,20499450300.0,209671,12420.0,360,12415.0,164,12425.0,522,12410.0,197,12430.0,429,12405.0,164,12435.0,252,12400.0,220,12440.0,195,12395.0,147
1597988239127030016,1597988239000000000,2020-08-21 13:37:19.000000,12415.0,12420.0,12280.0,12360.0,nan,12350.257,165984,20499450300.0,209671,12420.0,361,12415.0,167,12425.0,523,12410.0,196,12430.0,429,12405.0,164,12435.0,252,12400.0,220,12440.0,195,12395.0,147
1597988239625925120,1597988239500000000,2020-08-21 13:37:19.500000,12415.0,12420.0,12280.0,12360.0,nan,12350.257,165984,20499450300.0,209671,12420.0,361,12415.0,168,12425.0,523,12410.0,196,12430.0,429,12405.0,164,12435.0,252,12400.0,220,12440.0,195,12395.0,147
1597988240120488960,1597988240000000000,2020-08-21 13:37:20.000000,12420.0,12420.0,12280.0,12360.0,nan,12350.29,166064,20509386300.0,209698,12420.0,281,12415.0,171,12425.0,523,12410.0,196,12430.0,429,12405.0,164,12435.0,252,12400.0,221,12440.0,195,12395.0,147
1597988240623250944,1597988240500000000,2020-08-21 13:37:20.500000,12420.0,12420.0,12280.0,12360.0,nan,12350.293,166071,20510255400.0,209704,12420.0,284,12415.0,174,12425.0,524,12410.0,196,12430.0,430,12405.0,164,12435.0,252,12400.0,221,12440.0,195,12395.0,147
1597988241122729984,1597988241000000000,2020-08-21 13:37:21.000000,12415.0,12420.0,12280.0,12360.0,nan,12350.294,166073,20510503750.0,209704,12420.0,283,12415.0,170,12425.0,524,12410.0,196,12430.0,430,12405.0,164,12435.0,252,12400.0,221,12440.0,195,12395.0,147
1597988241618024960,1597988241500000000,2020-08-21 13:37:21.500000,12415.0,12420.0,12280.0,12360.0,nan,12350.295,166075,20510752050.0,209706,12420.0,284,12415.0,165,12425.0,523,12410.0,197,12430.0,430,12405.0,164,12435.0,252,12400.0,221,12440.0,196,12395.0,147
1597988242135836928,1597988242000000000,2020-08-21 13:37:22.000000,12415.0,12420.0,12280.0,12360.0,nan,12350.295,166075,20510752050.0,209706,12420.0,285,12415.0,168,12425.0,522,12410.0,197,12430.0,430,12405.0,169,12435.0,252,12400.0,221,12440.0,197,12395.0,147
1597988242638145024,1597988242500000000,2020-08-21 13:37:22.500000,12420.0,12420.0,12280.0,12360.0,nan,12350.295,166076,20510876250.0,209706,12420.0,283,12415.0,167,12425.0,522,12410.0,197,12430.0,430,12405.0,168,12435.0,252,12400.0,221,12440.0,197,12395.0,147
1597988243109463040,1597988243000000000,2020-08-21 13:37:23.000000,12420.0,12420.0,12280.0,12360.0,nan,12350.296,166077,20511000450.0,209706,12420.0,277,12415.0,167,12425.0,522,12410.0,197,12430.0,431,12405.0,170,12435.0,252,12400.0,221,12440.0,197,12395.0,147
1597988243625660928,1597988243500000000,2020-08-21 13:37:23.500000,12420.0,12420.0,12280.0,12360.0,nan,12350.296,166078,20511124650.0,209706,12420.0,288,12415.0,167,12425.0,524,12410.0,196,12430.0,431,12405.0,170,12435.0,252,12400.0,221,12440.0,197,12395.0,147
1597988244106246912,1597988244000000000,2020-08-21 13:37:24.000000,12420.0,12420.0,12280.0,12360.0,nan,12350.296,166079,20511248850.0,209706,12420.0,290,12415.0,167,12425.0,524,12410.0,197,12430.0,431,12405.0,170,12435.0,252,12400.0,221,12440.0,197,12395.0,147
1597988244623355904,1597988244500000000,2020-08-21 13:37:24.500000,12415.0,12420.0,12280.0,12360.0,nan,12350.3,166087,20512242050.0,209706,12420.0,292,12415.0,159,12425.0,524,12410.0,197,12430.0,431,12405.0,170,12435.0,252,12400.0,221,12440.0,197,12395.0,147
1597988245118585088,1597988245000000000,2020-08-21 13:37:25.000000,12415.0,12420.0,12280.0,12360.0,nan,12350.3,166087,20512242050.0,209706,12420.0,302,12415.0,159,12425.0,524,12410.0,198,12430.0,431,12405.0,170,12435.0,252,12400.0,221,12440.0,198,12395.0,147
1597988245621250048,1597988245500000000,2020-08-21 13:37:25.500000,12415.0,12420.0,12280.0,12360.0,nan,12350.3,166087,20512242050.0,209706,12420.0,313,12415.0,159,12425.0,524,12410.0,198,12430.0,431,12405.0,170,12435.0,252,12400.0,221,12440.0,198,12395.0,147
1597988246137873920,1597988246000000000,2020-08-21 13:37:26.000000,12415.0,12420.0,12280.0,12360.0,nan,12350.3,166087,20512242050.0,209706,12420.0,315,12415.0,159,12425.0,524,12410.0,198,12430.0,432,12405.0,170,12435.0,252,12400.0,221,12440.0,198,12395.0,147
1597988246636509952,1597988246500000000,2020-08-21 13:37:26.500000,12420.0,12420.0,12280.0,12360.0,nan,12350.3,166089,20512490450.0,209707,12420.0,313,12415.0,161,12425.0,524,12410.0,198,12430.0,433,12405.0,169,12435.0,252,12400.0,221,12440.0,198,12395.0,147
1597988247120964096,1597988247000000000,2020-08-21 13:37:27.000000,12415.0,12420.0,12280.0,12360.0,nan,12350.303,166096,20513359750.0,209712,12420.0,309,12415.0,159,12425.0,524,12410.0,198,12430.0,433,12405.0,169,12435.0,252,12400.0,221,12440.0,198,12395.0,147
1597988247607497984,1597988247500000000,2020-08-21 13:37:27.500000,12415.0,12420.0,12280.0,12360.0,nan,12350.303,166096,20513359750.0,209712,12420.0,310,12415.0,159,12425.0,524,12410.0,197,12430.0,437,12405.0,170,12435.0,252,12400.0,220,12440.0,198,12395.0,147
1597988248128076032,1597988248000000000,2020-08-21 13:37:28.000000,12420.0,12420.0,12280.0,12360.0,nan,12350.304,166097,20513483950.0,209711,12420.0,310,12415.0,161,12425.0,524,12410.0,197,12430.0,437,12405.0,170,12435.0,252,12400.0,221,12440.0,198,12395.0,147
1597988248628665088,1597988248500000000,2020-08-21 13:37:28.500000,12420.0,12420.0,12280.0,12360.0,nan,12350.304,166098,20513608150.0,209711,12420.0,309,12415.0,163,12425.0,524,12410.0,197,12430.0,437,12405.0,170,12435.0,252,12400.0,221,12440.0,198,12395.0,147
1597988249109565952,1597988249000000000,2020-08-21 13:37:29.000000,12420.0,12420.0,12280.0,12360.0,nan,12350.304,166098,20513608150.0,209711,12420.0,311,12415.0,164,12425.0,523,12410.0,197,12430.0,437,12405.0,170,12435.0,256,12400.0,221,12440.0,198,12395.0,147
1597988249607435008,1597988249500000000,2020-08-21 13:37:29.500000,12420.0,12420.0,12280.0,12360.0,nan,12350.305,166099,20513732350.0,209711,12420.0,310,12415.0,164,12425.0,523,12410.0,197,12430.0,437,12405.0,170,12435.0,256,12400.0,221,12440.0,198,12395.0,147
1597988250166022912,1597988250000000000,2020-08-21 13:37:30.000000,12420.0,12420.0,12280.0,12360.0,nan,12350.305,166099,20513732350.0,209711,12420.0,313,12415.0,165,12425.0,523,12410.0,197,12430.0,436,12405.0,170,12435.0,256,12400.0,221,12440.0,202,12395.0,147
1597988250620910080,1597988250500000000,2020-08-21 13:37:30.500000,12420.0,12420.0,12280.0,12360.0,nan,12350.305,166099,20513732350.0,209711,12420.0,314,12415.0,165,12425.0,523,12410.0,198,12430.0,436,12405.0,170,12435.0,256,12400.0,221,12440.0,202,12395.0,147
1597988251120386048,1597988251000000000,2020-08-21 13:37:31.000000,12415.0,12420.0,12280.0,12360.0,nan,12350.305,166101,20513980650.0,209711,12420.0,316,12415.0,163,12425.0,524,12410.0,201,12430.0,436,12405.0,170,12435.0,256,12400.0,221,12440.0,202,12395.0,147
1597988251635110912,1597988251500000000,2020-08-21 13:37:31.500000,12420.0,12420.0,12280.0,12360.0,nan,12350.307,166105,20514477450.0,209711,12420.0,312,12415.0,163,12425.0,524,12410.0,201,12430.0,439,12405.0,170,12435.0,256,12400.0,223,12440.0,202,12395.0,147
1597988252127963904,1597988252000000000,2020-08-21 13:37:32.000000,12420.0,12420.0,12280.0,12360.0,nan,12350.307,166105,20514477450.0,209711,12420.0,312,12415.0,167,12425.0,524,12410.0,201,12430.0,439,12405.0,170,12435.0,256,12400.0,223,12440.0,202,12395.0,147
1597988252625871104,1597988252500000000,2020-08-21 13:37:32.500000,12420.0,12420.0,12280.0,12360.0,nan,12350.307,166105,20514477450.0,209711,12420.0,313,12415.0,168,12425.0,524,12410.0,201,12430.0,439,12405.0,170,12435.0,256,12400.0,224,12440.0,202,12395.0,147
1597988253122188032,1597988253000000000,2020-08-21 13:37:33.000000,12420.0,12420.0,12280.0,12360.0,nan,12350.307,166105,20514477450.0,209711,12420.0,313,12415.0,168,12425.0,524,12410.0,217,12430.0,439,12405.0,170,12435.0,256,12400.0,224,12440.0,202,12395.0,147
1597988253621731072,1597988253500000000,2020-08-21 13:37:33.500000,12420.0,12420.0,12280.0,12360.0,nan,12350.307,166106,20514601650.0,209712,12420.0,312,12415.0,169,12425.0,524,12410.0,217,12430.0,440,12405.0,170,12435.0,256,12400.0,224,12440.0,202,12395.0,147
1597988254112229888,1597988254000000000,2020-08-21 13:37:34.000000,12420.0,12420.0,12280.0,12360.0,nan,12350.31,166112,20515346750.0,209716,12420.0,308,12415.0,167,12425.0,524,12410.0,217,12430.0,440,12405.0,170,12435.0,256,12400.0,224,12440.0,202,12395.0,147
1597988254616637952,1597988254500000000,2020-08-21 13:37:34.500000,12420.0,12420.0,12280.0,12360.0,nan,12350.31,166113,20515470950.0,209716,12420.0,310,12415.0,167,12425.0,524,12410.0,217,12430.0,440,12405.0,170,12435.0,256,12400.0,224,12440.0,202,12395.0,147
1597988255100491008,1597988255000000000,2020-08-21 13:37:35.000000,12420.0,12420.0,12280.0,12360.0,nan,12350.311,166115,20515719300.0,209715,12420.0,314,12415.0,167,12425.0,524,12410.0,217,12430.0,440,12405.0,170,12435.0,256,12400.0,224,12440.0,202,12395.0,147
1597988255612665088,1597988255500000000,2020-08-21 13:37:35.500000,12420.0,12420.0,12280.0,12360.0,nan,12350.315,166126,20517085000.0,209715,12420.0,313,12415.0,162,12425.0,525,12410.0,217,12430.0,439,12405.0,170,12435.0,256,12400.0,225,12440.0,202,12395.0,147
1597988256105901056,1597988256000000000,2020-08-21 13:37:36.000000,12420.0,12420.0,12280.0,12360.0,nan,12350.317,166129,20517457600.0,209715,12420.0,311,12415.0,163,12425.0,525,12410.0,217,12430.0,439,12405.0,170,12435.0,256,12400.0,225,12440.0,202,12395.0,147
1597988256632772096,1597988256500000000,2020-08-21 13:37:36.500000,12415.0,12420.0,12280.0,12360.0,nan,12350.317,166130,20517581750.0,209715,12420.0,311,12415.0,162,12425.0,526,12410.0,217,12430.0,440,12405.0,170,12435.0,256,12400.0,225,12440.0,202,12395.0,147
1597988257129477120,1597988257000000000,2020-08-21 13:37:37.000000,12415.0,12420.0,12280.0,12360.0,nan,12350.317,166130,20517581750.0,209715,12420.0,311,12415.0,163,12425.0,526,12410.0,217,12430.0,450,12405.0,170,12435.0,256,12400.0,225,12440.0,202,12395.0,147
1597988257609115904,1597988257500000000,2020-08-21 13:37:37.500000,12415.0,12420.0,12280.0,12360.0,nan,12350.317,166130,20517581750.0,209715,12420.0,312,12415.0,163,12425.0,526,12410.0,217,12430.0,450,12405.0,170,12435.0,256,12400.0,225,12440.0,202,12395.0,147
1597988258107001088,1597988258000000000,2020-08-21 13:37:38.000000,12415.0,12420.0,12280.0,12360.0,nan,12350.317,166130,20517581750.0,209715,12420.0,312,12415.0,158,12425.0,526,12410.0,217,12430.0,450,12405.0,170,12435.0,256,12400.0,225,12440.0,202,12395.0,147
1597988258602099968,1597988258500000000,2020-08-21 13:37:38.500000,12415.0,12420.0,12280.0,12360.0,nan,12350.317,166130,20517581750.0,209715,12420.0,312,12415.0,158,12425.0,526,12410.0,218,12430.0,450,12405.0,170,12435.0,256,12400.0,225,12440.0,202,12395.0,147
1597988259119717888,1597988259000000000,2020-08-21 13:37:39.000000,12420.0,12420.0,12280.0,12360.0,nan,12350.318,166133,20517954300.0,209716,12420.0,315,12415.0,157,12425.0,527,12410.0,218,12430.0,450,12405.0,170,12435.0,256,12400.0,225,12440.0,202,12395.0,147
1597988259614391040,1597988259500000000,2020-08-21 13:37:39.500000,12420.0,12420.0,12280.0,12360.0,nan,12350.319,166135,20518202700.0,209716,12420.0,314,12415.0,157,12425.0,527,12410.0,218,12430.0,450,12405.0,170,12435.0,256,12400.0,225,12440.0,202,12395.0,147
1597988260116734976,1597988260000000000,2020-08-21 13:37:40.000000,12420.0,12420.0,12280.0,12360.0,nan,12350.319,166135,20518202700.0,209716,12420.0,314,12415.0,157,12425.0,527,12410.0,218,12430.0,451,12405.0,170,12435.0,256,12400.0,225,12440.0,212,12395.0,147
1597988260615010048,1597988260500000000,2020-08-21 13:37:40.500000,12420.0,12420.0,12280.0,12360.0,nan,12350.319,166135,20518202700.0,209716,12420.0,312,12415.0,157,12425.0,527,12410.0,218,12430.0,451,12405.0,170,12435.0,256,12400.0,225,12440.0,212,12395.0,147
1597988261143292928,1597988261000000000,2020-08-21 13:37:41.000000,12415.0,12420.0,12280.0,12360.0,nan,12350.32,166137,20518451000.0,209718,12420.0,307,12415.0,156,12425.0,527,12410.0,218,12430.0,451,12405.0,170,12435.0,256,12400.0,225,12440.0,212,12395.0,147
1597988261616582912,1597988261500000000,2020-08-21 13:37:41.500000,12420.0,12420.0,12280.0,12360.0,nan,12350.32,166138,20518575200.0,209718,12420.0,306,12415.0,157,12425.0,527,12410.0,218,12430.0,451,12405.0,170,12435.0,256,12400.0,225,12440.0,212,12395.0,147
1597988262108293120,1597988262000000000,2020-08-21 13:37:42.000000,12420.0,12420.0,12280.0,12360.0,nan,12350.322,166141,20518947750.0,209719,12420.0,304,12415.0,156,12425.0,526,12410.0,218,12430.0,451,12405.0,170,12435.0,256,12400.0,225,12440.0,212,12395.0,147
1597988262623482880,1597988262500000000,2020-08-21 13:37:42.500000,12420.0,12420.0,12280.0,12360.0,nan,12350.326,166151,20520189750.0,209727,12420.0,295,12415.0,155,12425.0,526,12410.0,218,12430.0,451,12405.0,170,12435.0,268,12400.0,225,12440.0,212,12395.0,147
1597988263102360064,1597988263000000000,2020-08-21 13:37:43.000000,12420.0,12420.0,12280.0,12360.0,nan,12350.326,166152,20520313950.0,209727,12420.0,297,12415.0,156,12425.0,525,12410.0,219,12430.0,451,12405.0,170,12435.0,269,12400.0,225,12440.0,208,12395.0,147
1597988263620018944,1597988263500000000,2020-08-21 13:37:43.500000,12420.0,12420.0,12280.0,12360.0,nan,12350.327,166155,20520686550.0,209724,12420.0,294,12415.0,156,12425.0,525,12410.0,219,12430.0,451,12405.0,170,12435.0,269,12400.0,225,12440.0,208,12395.0,147
1597988264132186880,1597988264000000000,2020-08-21 13:37:44.000000,12415.0,12420.0,12280.0,12360.0,nan,12350.39,166315,20540550650.0,209742,12415.0,47,12410.0,219,12420.0,294,12405.0,170,12425.0,525,12400.0,225,12430.0,451,12395.0,147,12435.0,270,12390.0,239
1597988264619270912,1597988264500000000,2020-08-21 13:37:44.500000,12415.0,12420.0,12280.0,12360.0,nan,12350.401,166345,20544275150.0,209741,12415.0,62,12410.0,220,12420.0,310,12405.0,170,12425.0,525,12400.0,225,12430.0,451,12395.0,147,12435.0,270,12390.0,239
1597988265129132032,1597988265000000000,2020-08-21 13:37:45.000000,12415.0,12420.0,12280.0,12360.0,nan,12350.403,166349,20544771750.0,209739,12415.0,41,12410.0,220,12420.0,309,12405.0,170,12425.0,525,12400.0,225,12430.0,451,12395.0,147,12435.0,270,12390.0,239
1597988265622416896,1597988265500000000,2020-08-21 13:37:45.500000,12415.0,12420.0,12280.0,12360.0,nan,12350.408,166361,20546261550.0,209739,12415.0,29,12410.0,220,12420.0,311,12405.0,170,12425.0,525,12400.0,225,12430.0,451,12395.0,147,12435.0,271,12390.0,239
1597988266138498048,1597988266000000000,2020-08-21 13:37:46.000000,12410.0,12420.0,12280.0,12360.0,nan,12350.413,166374,20547875400.0,209741,12415.0,18,12410.0,218,12420.0,311,12405.0,170,12425.0,535,12400.0,225,12430.0,452,12395.0,147,12435.0,271,12390.0,239
1597988266607891968,1597988266500000000,2020-08-21 13:37:46.500000,12410.0,12420.0,12280.0,12360.0,nan,12350.413,166375,20547999500.0,209741,12415.0,19,12410.0,218,12420.0,312,12405.0,170,12425.0,536,12400.0,225,12430.0,452,12395.0,147,12435.0,271,12390.0,239
1597988267132764928,1597988267000000000,2020-08-21 13:37:47.000000,12415.0,12420.0,12280.0,12360.0,nan,12350.414,166377,20548247800.0,209741,12415.0,29,12410.0,213,12420.0,311,12405.0,170,12425.0,536,12400.0,225,12430.0,452,12395.0,147,12435.0,271,12390.0,239
1597988267617171968,1597988267500000000,2020-08-21 13:37:47.500000,12415.0,12420.0,12280.0,12360.0,nan,12350.416,166383,20548992700.0,209743,12415.0,66,12410.0,213,12420.0,311,12405.0,170,12425.0,536,12400.0,225,12430.0,452,12395.0,147,12435.0,271,12390.0,239
1597988268129455104,1597988268000000000,2020-08-21 13:37:48.000000,12415.0,12420.0,12280.0,12360.0,nan,12350.424,166403,20551475700.0,209750,12415.0,60,12410.0,214,12420.0,311,12405.0,170,12425.0,536,12400.0,225,12430.0,452,12395.0,147,12435.0,271,12390.0,239
1597988268631344896,1597988268500000000,2020-08-21 13:37:48.500000,12415.0,12420.0,12280.0,12360.0,nan,12350.424,166403,20551475700.0,209750,12415.0,71,12410.0,214,12420.0,311,12405.0,171,12425.0,536,12400.0,225,12430.0,452,12395.0,147,12435.0,271,12390.0,239
1597988269123196928,1597988269000000000,2020-08-21 13:37:49.000000,12415.0,12420.0,12280.0,12360.0,nan,12350.424,166403,20551475700.0,209750,12415.0,73,12410.0,215,12420.0,311,12405.0,171,12425.0,536,12400.0,225,12430.0,452,12395.0,147,12435.0,271,12390.0,239
1597988269651184128,1597988269500000000,2020-08-21 13:37:49.500000,12415.0,12420.0,12280.0,12360.0,nan,12350.424,166403,20551475700.0,209750,12415.0,74,12410.0,215,12420.0,311,12405.0,171,12425.0,536,12400.0,225,12430.0,452,12395.0,147,12435.0,271,12390.0,239
1597988270129828096,1597988270000000000,2020-08-21 13:37:50.000000,12415.0,12420.0,12280.0,12360.0,nan,12350.43,166419,20553461950.0,209763,12415.0,65,12410.0,212,12420.0,311,12405.0,171,12425.0,536,12400.0,225,12430.0,452,12395.0,147,12435.0,271,12390.0,239
1597988270605938944,1597988270500000000,2020-08-21 13:37:50.500000,12410.0,12420.0,12280.0,12360.0,nan,12350.431,166422,20553834250.0,209762,12415.0,67,12410.0,210,12420.0,310,12405.0,171,12425.0,536,12400.0,225,12430.0,452,12395.0,147,12435.0,271,12390.0,239
1597988271135196928,1597988271000000000,2020-08-21 13:37:51.000000,12415.0,12420.0,12280.0,12360.0,nan,12350.431,166423,20553958400.0,209763,12415.0,67,12410.0,210,12420.0,310,12405.0,171,12425.0,536,12400.0,227,12430.0,452,12395.0,147,12435.0,271,12390.0,239
1597988271602266880,1597988271500000000,2020-08-21 13:37:51.500000,12415.0,12420.0,12280.0,12360.0,nan,12350.435,166432,20555075750.0,209772,12415.0,63,12410.0,210,12420.0,311,12405.0,171,12425.0,536,12400.0,227,12430.0,452,12395.0,147,12435.0,271,12390.0,239
1597988272115502080,1597988272000000000,2020-08-21 13:37:52.000000,12415.0,12420.0,12280.0,12360.0,nan,12350.435,166432,20555075750.0,209772,12415.0,63,12410.0,209,12420.0,313,12405.0,171,12425.0,536,12400.0,227,12430.0,452,12395.0,147,12435.0,272,12390.0,239
1597988272615544064,1597988272500000000,2020-08-21 13:37:52.500000,12415.0,12420.0,12280.0,12360.0,nan,12350.435,166433,20555199900.0,209773,12415.0,62,12410.0,208,12420.0,310,12405.0,171,12425.0,536,12400.0,227,12430.0,452,12395.0,147,12435.0,272,12390.0,239
1597988273101104896,1597988273000000000,2020-08-21 13:37:53.000000,12415.0,12420.0,12280.0,12360.0,nan,12350.435,166433,20555199900.0,209773,12415.0,61,12410.0,208,12420.0,310,12405.0,172,12425.0,536,12400.0,227,12430.0,452,12395.0,147,12435.0,272,12390.0,239
1597988273602077952,1597988273500000000,2020-08-21 13:37:53.500000,12415.0,12420.0,12280.0,12360.0,nan,12350.435,166433,20555199900.0,209773,12415.0,62,12410.0,208,12420.0,320,12405.0,172,12425.0,536,12400.0,227,12430.0,452,12395.0,147,12435.0,272,12390.0,239
1597988274117355008,1597988274000000000,2020-08-21 13:37:54.000000,12410.0,12420.0,12280.0,12360.0,nan,12350.436,166435,20555448100.0,209773,12415.0,62,12410.0,207,12420.0,322,12405.0,172,12425.0,536,12400.0,227,12430.0,452,12395.0,147,12435.0,272,12390.0,239
1597988274640364032,1597988274500000000,2020-08-21 13:37:54.500000,12415.0,12420.0,12280.0,12360.0,nan,12350.438,166441,20556192950.0,209777,12415.0,63,12410.0,206,12420.0,322,12405.0,172,12425.0,536,12400.0,227,12430.0,452,12395.0,147,12435.0,272,12390.0,239
1597988275125979904,1597988275000000000,2020-08-21 13:37:55.000000,12410.0,12420.0,12280.0,12360.0,nan,12350.439,166444,20556565250.0,209777,12415.0,59,12410.0,204,12420.0,323,12405.0,172,12425.0,536,12400.0,227,12430.0,452,12395.0,147,12435.0,272,12390.0,239
1597988275644506112,1597988275500000000,2020-08-21 13:37:55.500000,12410.0,12420.0,12280.0,12360.0,nan,12350.439,166444,20556565250.0,209777,12415.0,66,12410.0,204,12420.0,321,12405.0,172,12425.0,536,12400.0,227,12430.0,452,12395.0,147,12435.0,272,12390.0,239
1597988276120622080,1597988276000000000,2020-08-21 13:37:56.000000,12410.0,12420.0,12280.0,12360.0,nan,12350.439,166444,20556565250.0,209777,12415.0,68,12410.0,205,12420.0,322,12405.0,172,12425.0,536,12400.0,227,12430.0,452,12395.0,147,12435.0,272,12390.0,239
1597988276633083904,1597988276500000000,2020-08-21 13:37:56.500000,12415.0,12420.0,12280.0,12360.0,nan,12350.441,166447,20556937700.0,209780,12415.0,65,12410.0,206,12420.0,322,12405.0,172,12425.0,535,12400.0,227,12430.0,451,12395.0,147,12435.0,272,12390.0,239
1597988277214344960,1597988277000000000,2020-08-21 13:37:57.000000,12415.0,12420.0,12280.0,12360.0,nan,12350.441,166447,20556937700.0,209780,12415.0,66,12410.0,207,12420.0,323,12405.0,180,12425.0,535,12400.0,220,12430.0,451,12395.0,147,12435.0,274,12390.0,239
1597988277622649088,1597988277500000000,2020-08-21 13:37:57.500000,12410.0,12420.0,12280.0,12360.0,nan,12350.441,166449,20557185900.0,209780,12415.0,66,12410.0,205,12420.0,322,12405.0,180,12425.0,535,12400.0,220,12430.0,451,12395.0,147,12435.0,274,12390.0,239
1597988278130347008,1597988278000000000,2020-08-21 13:37:58.000000,12410.0,12420.0,12280.0,12360.0,nan,12350.441,166449,20557185900.0,209780,12415.0,67,12410.0,210,12420.0,322,12405.0,180,12425.0,535,12400.0,220,12430.0,451,12395.0,147,12435.0,274,12390.0,239
1597988278628570112,1597988278500000000,2020-08-21 13:37:58.500000,12410.0,12420.0,12280.0,12360.0,nan,12350.442,166450,20557310000.0,209781,12415.0,69,12410.0,210,12420.0,321,12405.0,180,12425.0,535,12400.0,220,12430.0,451,12395.0,147,12435.0,274,12390.0,239
1597988279133615104,1597988279000000000,2020-08-21 13:37:59.000000,12415.0,12420.0,12280.0,12360.0,nan,12350.457,166490,20562276000.0,209800,12415.0,32,12410.0,210,12420.0,321,12405.0,180,12425.0,535,12400.0,220,12430.0,451,12395.0,147,12435.0,274,12390.0,239
1597988279638533120,1597988279500000000,2020-08-21 13:37:59.500000,12415.0,12420.0,12280.0,12360.0,nan,12350.466,166514,20565255600.0,209789,12415.0,8,12410.0,216,12420.0,323,12405.0,181,12425.0,535,12400.0,220,12430.0,451,12395.0,147,12435.0,274,12390.0,239
1597988280127878912,1597988280000000000,2020-08-21 13:38:00.000000,12420.0,12420.0,12280.0,12360.0,nan,12350.471,166526,20566745600.0,209793,12420.0,319,12415.0,59,12425.0,535,12410.0,218,12430.0,451,12405.0,181,12435.0,274,12400.0,220,12440.0,219,12395.0,147
1597988280625412096,1597988280500000000,2020-08-21 13:38:00.500000,12420.0,12420.0,12280.0,12360.0,nan,12350.471,166526,20566745600.0,209793,12420.0,321,12415.0,99,12425.0,535,12410.0,212,12430.0,451,12405.0,181,12435.0,274,12400.0,220,12440.0,220,12395.0,147
1597988281123216896,1597988281000000000,2020-08-21 13:38:01.000000,12415.0,12420.0,12280.0,12360.0,nan,12350.477,166542,20568732000.0,209793,12420.0,323,12415.0,109,12425.0,535,12410.0,212,12430.0,451,12405.0,181,12435.0,274,12400.0,220,12440.0,220,12395.0,154
1597988281613195008,1597988281500000000,2020-08-21 13:38:01.500000,12415.0,12420.0,12280.0,12360.0,nan,12350.478,166544,20568980300.0,209793,12420.0,323,12415.0,117,12425.0,534,12410.0,212,12430.0,451,12405.0,182,12435.0,274,12400.0,220,12440.0,220,12395.0,154
1597988282126545920,1597988282000000000,2020-08-21 13:38:02.000000,12420.0,12420.0,12280.0,12360.0,nan,12350.479,166546,20569228650.0,209795,12420.0,334,12415.0,137,12425.0,534,12410.0,212,12430.0,451,12405.0,183,12435.0,274,12400.0,220,12440.0,220,12395.0,154
1597988282629253120,1597988282500000000,2020-08-21 13:38:02.500000,12415.0,12420.0,12280.0,12360.0,nan,12350.48,166549,20569601100.0,209797,12420.0,327,12415.0,129,12425.0,534,12410.0,213,12430.0,451,12405.0,187,12435.0,274,12400.0,219,12440.0,220,12395.0,154
1597988283113336064,1597988283000000000,2020-08-21 13:38:03.000000,12420.0,12420.0,12280.0,12360.0,nan,12350.481,166550,20569725300.0,209798,12420.0,327,12415.0,129,12425.0,534,12410.0,213,12430.0,451,12405.0,187,12435.0,274,12400.0,220,12440.0,220,12395.0,161
1597988283619581952,1597988283500000000,2020-08-21 13:38:03.500000,12420.0,12420.0,12280.0,12360.0,nan,12350.483,166555,20570346200.0,209801,12420.0,325,12415.0,127,12425.0,534,12410.0,213,12430.0,451,12405.0,187,12435.0,274,12400.0,221,12440.0,220,12395.0,161
1597988284140510976,1597988284000000000,2020-08-21 13:38:04.000000,12415.0,12420.0,12280.0,12360.0,nan,12350.488,166568,20571960250.0,209804,12420.0,323,12415.0,118,12425.0,534,12410.0,213,12430.0,455,12405.0,187,12435.0,274,12400.0,221,12440.0,220,12395.0,161
1597988284615503872,1597988284500000000,2020-08-21 13:38:04.500000,12415.0,12420.0,12280.0,12360.0,nan,12350.488,166570,20572208600.0,209805,12420.0,321,12415.0,117,12425.0,534,12410.0,213,12430.0,455,12405.0,187,12435.0,274,12400.0,221,12440.0,220,12395.0,161
1597988285117603072,1597988285000000000,2020-08-21 13:38:05.000000,12415.0,12420.0,12280.0,12360.0,nan,12350.488,166570,20572208600.0,209805,12420.0,328,12415.0,125,12425.0,534,12410.0,213,12430.0,455,12405.0,187,12435.0,274,12400.0,221,12440.0,220,12395.0,161
1597988285623363072,1597988285500000000,2020-08-21 13:38:05.500000,12415.0,12420.0,12280.0,12360.0,nan,12350.489,166571,20572332750.0,209805,12420.0,328,12415.0,125,12425.0,534,12410.0,213,12430.0,455,12405.0,187,12435.0,274,12400.0,221,12440.0,220,12395.0,161
1597988286134695936,1597988286000000000,2020-08-21 13:38:06.000000,12415.0,12420.0,12280.0,12360.0,nan,12350.492,166579,20573325950.0,209805,12420.0,328,12415.0,117,12425.0,534,12410.0,213,12430.0,455,12405.0,187,12435.0,274,12400.0,221,12440.0,220,12395.0,161
1597988286633905920,1597988286500000000,2020-08-21 13:38:06.500000,12415.0,12420.0,12280.0,12360.0,nan,12350.492,166579,20573325950.0,209805,12420.0,329,12415.0,118,12425.0,534,12410.0,213,12430.0,455,12405.0,187,12435.0,274,12400.0,221,12440.0,220,12395.0,161
1597988287126157056,1597988287000000000,2020-08-21 13:38:07.000000,12415.0,12420.0,12280.0,12360.0,nan,12350.492,166579,20573325950.0,209805,12420.0,330,12415.0,118,12425.0,534,12410.0,213,12430.0,455,12405.0,187,12435.0,274,12400.0,221,12440.0,220,12395.0,161
1597988287618459904,1597988287500000000,2020-08-21 13:38:07.500000,12415.0,12420.0,12280.0,12360.0,nan,12350.496,166589,20574567450.0,209805,12420.0,332,12415.0,111,12425.0,534,12410.0,213,12430.0,455,12405.0,187,12435.0,274,12400.0,222,12440.0,220,12395.0,161
1597988288117015040,1597988288000000000,2020-08-21 13:38:08.000000,12415.0,12420.0,12280.0,12360.0,nan,12350.496,166589,20574567450.0,209805,12420.0,334,12415.0,112,12425.0,534,12410.0,213,12430.0,455,12405.0,187,12435.0,274,12400.0,223,12440.0,220,12395.0,161
1597988288610309120,1597988288500000000,2020-08-21 13:38:08.500000,12415.0,12420.0,12280.0,12360.0,nan,12350.497,166593,20575064050.0,209806,12420.0,334,12415.0,109,12425.0,534,12410.0,212,12430.0,455,12405.0,187,12435.0,274,12400.0,223,12440.0,220,12395.0,161
1597988289104136960,1597988289000000000,2020-08-21 13:38:09.000000,12415.0,12420.0,12280.0,12360.0,nan,12350.497,166593,20575064050.0,209806,12420.0,343,12415.0,109,12425.0,534,12410.0,212,12430.0,455,12405.0,187,12435.0,274,12400.0,223,12440.0,220,12395.0,161
1597988289631534080,1597988289500000000,2020-08-21 13:38:09.500000,12415.0,12420.0,12280.0,12360.0,nan,12350.498,166594,20575188200.0,209806,12420.0,345,12415.0,108,12425.0,534,12410.0,212,12430.0,455,12405.0,187,12435.0,274,12400.0,223,12440.0,220,12395.0,161
1597988290115760128,1597988290000000000,2020-08-21 13:38:10.000000,12415.0,12420.0,12280.0,12360.0,nan,12350.502,166605,20576553850.0,209802,12420.0,344,12415.0,97,12425.0,535,12410.0,212,12430.0,456,12405.0,187,12435.0,274,12400.0,223,12440.0,220,12395.0,161
1597988290602081024,1597988290500000000,2020-08-21 13:38:10.500000,12415.0,12420.0,12280.0,12360.0,nan,12350.503,166608,20576926400.0,209804,12420.0,343,12415.0,96,12425.0,535,12410.0,212,12430.0,456,12405.0,187,12435.0,274,12400.0,223,12440.0,220,12395.0,161
1597988291111438080,1597988291000000000,2020-08-21 13:38:11.000000,12415.0,12420.0,12280.0,12360.0,nan,12350.503,166608,20576926400.0,209804,12420.0,344,12415.0,125,12425.0,535,12410.0,212,12430.0,457,12405.0,187,12435.0,274,12400.0,223,12440.0,220,12395.0,161
1597988291620627968,1597988291500000000,2020-08-21 13:38:11.500000,12420.0,12420.0,12280.0,12360.0,nan,12350.505,166613,20577547400.0,209805,12420.0,339,12415.0,129,12425.0,535,12410.0,212,12430.0,457,12405.0,186,12435.0,274,12400.0,224,12440.0,220,12395.0,161
1597988292127471104,1597988292000000000,2020-08-21 13:38:12.000000,12415.0,12420.0,12280.0,12360.0,nan,12350.508,166620,20578416500.0,209805,12420.0,338,12415.0,125,12425.0,534,12410.0,212,12430.0,457,12405.0,186,12435.0,274,12400.0,224,12440.0,220,12395.0,161
1597988292611322880,1597988292500000000,2020-08-21 13:38:12.500000,12415.0,12420.0,12280.0,12360.0,nan,12350.51,166624,20578913100.0,209804,12420.0,339,12415.0,121,12425.0,534,12410.0,213,12430.0,458,12405.0,185,12435.0,274,12400.0,224,12440.0,220,12395.0,161
1597988293123581952,1597988293000000000,2020-08-21 13:38:13.000000,12420.0,12420.0,12280.0,12360.0,nan,12350.511,166628,20579409850.0,209805,12420.0,337,12415.0,120,12425.0,534,12410.0,217,12430.0,458,12405.0,185,12435.0,274,12400.0,224,12440.0,220,12395.0,161
1597988293609763072,1597988293500000000,2020-08-21 13:38:13.500000,12415.0,12420.0,12280.0,12360.0,nan,12350.512,166629,20579534000.0,209804,12420.0,336,12415.0,120,12425.0,534,12410.0,217,12430.0,458,12405.0,184,12435.0,274,12400.0,223,12440.0,220,12395.0,161
1597988294617267968,1597988294500000000,2020-08-21 13:38:14.500000,12415.0,12420.0,12280.0,12360.0,nan,12350.512,166629,20579534000.0,209804,12420.0,336,12415.0,120,12425.0,535,12410.0,217,12430.0,458,12405.0,184,12435.0,274,12400.0,223,12440.0,220,12395.0,161
1597988295131921920,1597988295000000000,2020-08-21 13:38:15.000000,12415.0,12420.0,12280.0,12360.0,nan,12350.513,166633,20580030650.0,209803,12420.0,337,12415.0,117,12425.0,537,12410.0,217,12430.0,458,12405.0,184,12435.0,274,12400.0,225,12440.0,220,12395.0,161
1597988295619749888,1597988295500000000,2020-08-21 13:38:15.500000,12415.0,12420.0,12280.0,12360.0,nan,12350.513,166633,20580030650.0,209803,12420.0,338,12415.0,117,12425.0,537,12410.0,217,12430.0,458,12405.0,183,12435.0,274,12400.0,225,12440.0,220,12395.0,161
1597988296123907072,1597988296000000000,2020-08-21 13:38:16.000000,12415.0,12420.0,12280.0,12360.0,nan,12350.517,166644,20581396300.0,209813,12420.0,339,12415.0,107,12425.0,537,12410.0,217,12430.0,458,12405.0,183,12435.0,274,12400.0,225,12440.0,220,12395.0,161
1597988296630482944,1597988296500000000,2020-08-21 13:38:16.500000,12415.0,12420.0,12280.0,12360.0,nan,12350.517,166644,20581396300.0,209813,12420.0,339,12415.0,123,12425.0,537,12410.0,217,12430.0,458,12405.0,183,12435.0,274,12400.0,225,12440.0,220,12395.0,161
1597988297133543936,1597988297000000000,2020-08-21 13:38:17.000000,12415.0,12420.0,12280.0,12360.0,nan,12350.523,166659,20583258550.0,209813,12420.0,341,12415.0,108,12425.0,538,12410.0,217,12430.0,480,12405.0,183,12435.0,274,12400.0,225,12440.0,220,12395.0,161
1597988297626918912,1597988297500000000,2020-08-21 13:38:17.500000,12415.0,12420.0,12280.0,12360.0,nan,12350.523,166659,20583258550.0,209813,12420.0,337,12415.0,113,12425.0,538,12410.0,230,12430.0,480,12405.0,183,12435.0,274,12400.0,225,12440.0,220,12395.0,161
1597988298115412992,1597988298000000000,2020-08-21 13:38:18.000000,12420.0,12420.0,12280.0,12360.0,nan,12350.524,166662,20583631050.0,209815,12420.0,337,12415.0,114,12425.0,538,12410.0,231,12430.0,480,12405.0,183,12435.0,274,12400.0,225,12440.0,220,12395.0,161
1597988298624695040,1597988298500000000,2020-08-21 13:38:18.500000,12415.0,12420.0,12280.0,12360.0,nan,12350.525,166663,20583755200.0,209815,12420.0,338,12415.0,115,12425.0,539,12410.0,231,12430.0,480,12405.0,184,12435.0,274,12400.0,225,12440.0,220,12395.0,161
1597988299129777920,1597988299000000000,2020-08-21 13:38:19.000000,12415.0,12420.0,12280.0,12360.0,nan,12350.526,166666,20584127650.0,209815,12420.0,338,12415.0,112,12425.0,539,12410.0,231,12430.0,480,12405.0,184,12435.0,274,12400.0,225,12440.0,220,12395.0,161
1597988299627382016,1597988299500000000,2020-08-21 13:38:19.500000,12415.0,12420.0,12280.0,12360.0,nan,12350.527,166669,20584500100.0,209816,12420.0,338,12415.0,109,12425.0,539,12410.0,231,12430.0,479,12405.0,184,12435.0,274,12400.0,225,12440.0,220,12395.0,161
1597988300134842880,1597988300000000000,2020-08-21 13:38:20.000000,12415.0,12420.0,12280.0,12360.0,nan,12350.528,166670,20584624250.0,209816,12420.0,338,12415.0,114,12425.0,540,12410.0,231,12430.0,479,12405.0,184,12435.0,275,12400.0,226,12440.0,220,12395.0,161
1597988300617910016,1597988300500000000,2020-08-21 13:38:20.500000,12415.0,12420.0,12280.0,12360.0,nan,12350.528,166671,20584748400.0,209817,12420.0,338,12415.0,113,12425.0,540,12410.0,231,12430.0,482,12405.0,184,12435.0,275,12400.0,226,12440.0,220,12395.0,161
1597988301498554112,1597988301000000000,2020-08-21 13:38:21.000000,12415.0,12420.0,12280.0,12360.0,nan,12350.528,166671,20584748400.0,209817,12420.0,349,12415.0,113,12425.0,550,12410.0,231,12430.0,482,12405.0,184,12435.0,275,12400.0,226,12440.0,221,12395.0,161
1597988301839168000,1597988301500000000,2020-08-21 13:38:21.500000,12415.0,12420.0,12280.0,12360.0,nan,12350.528,166671,20584748400.0,209817,12420.0,350,12415.0,113,12425.0,550,12410.0,231,12430.0,482,12405.0,184,12435.0,275,12400.0,226,12440.0,221,12395.0,161
1597988302133814016,1597988302000000000,2020-08-21 13:38:22.000000,12420.0,12420.0,12280.0,12360.0,nan,12350.528,166672,20584872600.0,209817,12420.0,349,12415.0,113,12425.0,551,12410.0,231,12430.0,482,12405.0,184,12435.0,275,12400.0,226,12440.0,221,12395.0,161
1597988302608325120,1597988302500000000,2020-08-21 13:38:22.500000,12415.0,12420.0,12280.0,12360.0,nan,12350.53,166675,20585245050.0,209815,12420.0,352,12415.0,130,12425.0,551,12410.0,231,12430.0,482,12405.0,184,12435.0,274,12400.0,226,12440.0,221,12395.0,161
1597988303107795968,1597988303000000000,2020-08-21 13:38:23.000000,12415.0,12420.0,12280.0,12360.0,nan,12350.53,166675,20585245050.0,209815,12420.0,353,12415.0,131,12425.0,551,12410.0,231,12430.0,482,12405.0,184,12435.0,274,12400.0,226,12440.0,221,12395.0,161
1597988303795149056,1597988303500000000,2020-08-21 13:38:23.500000,12415.0,12420.0,12280.0,12360.0,nan,12350.53,166675,20585245050.0,209815,12420.0,363,12415.0,129,12425.0,551,12410.0,231,12430.0,482,12405.0,184,12435.0,274,12400.0,226,12440.0,221,12395.0,161
1597988304119904000,1597988304000000000,2020-08-21 13:38:24.000000,12415.0,12420.0,12280.0,12360.0,nan,12350.53,166676,20585369200.0,209815,12420.0,363,12415.0,128,12425.0,551,12410.0,231,12430.0,482,12405.0,184,12435.0,274,12400.0,226,12440.0,221,12395.0,161
1597988304622727936,1597988304500000000,2020-08-21 13:38:24.500000,12415.0,12420.0,12280.0,12360.0,nan,12350.53,166677,20585493350.0,209814,12420.0,363,12415.0,147,12425.0,550,12410.0,233,12430.0,482,12405.0,184,12435.0,274,12400.0,226,12440.0,221,12395.0,161
1597988305120317952,1597988305000000000,2020-08-21 13:38:25.000000,12415.0,12420.0,12280.0,12360.0,nan,12350.53,166677,20585493350.0,209814,12420.0,363,12415.0,150,12425.0,550,12410.0,233,12430.0,482,12405.0,182,12435.0,274,12400.0,227,12440.0,221,12395.0,161
1597988305624133888,1597988305500000000,2020-08-21 13:38:25.500000,12415.0,12420.0,12280.0,12360.0,nan,12350.53,166677,20585493350.0,209814,12420.0,363,12415.0,150,12425.0,550,12410.0,233,12430.0,482,12405.0,182,12435.0,274,12400.0,227,12440.0,222,12395.0,162
1597988306117937920,1597988306000000000,2020-08-21 13:38:26.000000,12415.0,12420.0,12280.0,12360.0,nan,12350.531,166678,20585617500.0,209815,12420.0,363,12415.0,150,12425.0,550,12410.0,233,12430.0,482,12405.0,182,12435.0,274,12400.0,228,12440.0,221,12395.0,162
1597988306620772096,1597988306500000000,2020-08-21 13:38:26.500000,12420.0,12420.0,12280.0,12360.0,nan,12350.552,166729,20591951700.0,209830,12420.0,315,12415.0,150,12425.0,550,12410.0,233,12430.0,481,12405.0,182,12435.0,274,12400.0,228,12440.0,221,12395.0,162
1597988307107148032,1597988307000000000,2020-08-21 13:38:27.000000,12415.0,12420.0,12280.0,12360.0,nan,12350.553,166732,20592324150.0,209830,12420.0,316,12415.0,155,12425.0,550,12410.0,233,12430.0,481,12405.0,182,12435.0,274,12400.0,228,12440.0,221,12395.0,162
1597988307614817024,1597988307500000000,2020-08-21 13:38:27.500000,12415.0,12420.0,12280.0,12360.0,nan,12350.553,166732,20592324150.0,209830,12420.0,316,12415.0,153,12425.0,550,12410.0,233,12430.0,481,12405.0,182,12435.0,274,12400.0,228,12440.0,219,12395.0,162
1597988308120953088,1597988308000000000,2020-08-21 13:38:28.000000,12415.0,12420.0,12280.0,12360.0,nan,12350.553,166732,20592324150.0,209830,12420.0,316,12415.0,149,12425.0,550,12410.0,233,12430.0,481,12405.0,182,12435.0,274,12400.0,228,12440.0,219,12395.0,162
1597988308629426944,1597988308500000000,2020-08-21 13:38:28.500000,12415.0,12420.0,12280.0,12360.0,nan,12350.553,166732,20592324150.0,209830,12420.0,318,12415.0,149,12425.0,550,12410.0,234,12430.0,481,12405.0,182,12435.0,274,12400.0,229,12440.0,219,12395.0,162
1597988309124584960,1597988309000000000,2020-08-21 13:38:29.000000,12415.0,12420.0,12280.0,12360.0,nan,12350.553,166733,20592448300.0,209831,12420.0,319,12415.0,148,12425.0,550,12410.0,234,12430.0,481,12405.0,182,12435.0,274,12400.0,229,12440.0,219,12395.0,162
1597988309799115008,1597988309500000000,2020-08-21 13:38:29.500000,12420.0,12420.0,12280.0,12360.0,nan,12350.554,166735,20592696700.0,209833,12420.0,317,12415.0,148,12425.0,550,12410.0,238,12430.0,481,12405.0,182,12435.0,274,12400.0,228,12440.0,219,12395.0,163
1597988310211820032,1597988310000000000,2020-08-21 13:38:30.000000,12420.0,12420.0,12280.0,12360.0,nan,12350.564,166759,20595677500.0,209856,12420.0,293,12415.0,148,12425.0,549,12410.0,238,12430.0,481,12405.0,182,12435.0,274,12400.0,228,12440.0,219,12395.0,163
1597988310618178048,1597988310500000000,2020-08-21 13:38:30.500000,12420.0,12420.0,12280.0,12360.0,nan,12350.564,166759,20595677500.0,209856,12420.0,295,12415.0,148,12425.0,549,12410.0,238,12430.0,481,12405.0,184,12435.0,274,12400.0,228,12440.0,219,12395.0,164
1597988311118255104,1597988311000000000,2020-08-21 13:38:31.000000,12420.0,12420.0,12280.0,12360.0,nan,12350.566,166762,20596050100.0,209858,12420.0,292,12415.0,148,12425.0,549,12410.0,243,12430.0,481,12405.0,184,12435.0,274,12400.0,228,12440.0,219,12395.0,164
1597988311612630016,1597988311500000000,2020-08-21 13:38:31.500000,12415.0,12420.0,12280.0,12360.0,nan,12350.567,166767,20596670850.0,209858,12420.0,292,12415.0,143,12425.0,549,12410.0,243,12430.0,481,12405.0,184,12435.0,274,12400.0,228,12440.0,219,12395.0,164
1597988312115587072,1597988312000000000,2020-08-21 13:38:32.000000,12415.0,12420.0,12280.0,12360.0,nan,12350.569,166772,20597291600.0,209863,12420.0,292,12415.0,145,12425.0,549,12410.0,243,12430.0,481,12405.0,185,12435.0,274,12400.0,228,12440.0,219,12395.0,164
1597988312627569920,1597988312500000000,2020-08-21 13:38:32.500000,12415.0,12420.0,12280.0,12360.0,nan,12350.569,166772,20597291600.0,209863,12420.0,292,12415.0,146,12425.0,550,12410.0,243,12430.0,481,12405.0,185,12435.0,274,12400.0,228,12440.0,219,12395.0,164
1597988313111913984,1597988313000000000,2020-08-21 13:38:33.000000,12415.0,12420.0,12280.0,12360.0,nan,12350.569,166772,20597291600.0,209863,12420.0,293,12415.0,146,12425.0,550,12410.0,243,12430.0,481,12405.0,185,12435.0,274,12400.0,228,12440.0,219,12395.0,164
1597988313613682944,1597988313500000000,2020-08-21 13:38:33.500000,12415.0,12420.0,12280.0,12360.0,nan,12350.569,166772,20597291600.0,209863,12420.0,296,12415.0,146,12425.0,550,12410.0,243,12430.0,481,12405.0,185,12435.0,274,12400.0,228,12440.0,219,12395.0,164
1597988314125085952,1597988314000000000,2020-08-21 13:38:34.000000,12415.0,12420.0,12280.0,12360.0,nan,12350.569,166772,20597291600.0,209863,12420.0,296,12415.0,148,12425.0,550,12410.0,241,12430.0,481,12405.0,185,12435.0,274,12400.0,228,12440.0,219,12395.0,164
1597988314611727872,1597988314500000000,2020-08-21 13:38:34.500000,12420.0,12420.0,12280.0,12360.0,nan,12350.57,166774,20597540000.0,209863,12420.0,295,12415.0,150,12425.0,549,12410.0,241,12430.0,481,12405.0,185,12435.0,274,12400.0,228,12440.0,219,12395.0,164
1597988315123190016,1597988315000000000,2020-08-21 13:38:35.000000,12420.0,12420.0,12280.0,12360.0,nan,12350.57,166774,20597540000.0,209863,12420.0,295,12415.0,151,12425.0,549,12410.0,241,12430.0,481,12405.0,185,12435.0,274,12400.0,228,12440.0,219,12395.0,164
1597988315675694080,1597988315500000000,2020-08-21 13:38:35.500000,12415.0,12420.0,12280.0,12360.0,nan,12350.571,166775,20597664150.0,209864,12420.0,295,12415.0,150,12425.0,550,12410.0,241,12430.0,481,12405.0,185,12435.0,274,12400.0,228,12440.0,219,12395.0,164
1597988316125337088,1597988316000000000,2020-08-21 13:38:36.000000,12415.0,12420.0,12280.0,12360.0,nan,12350.571,166775,20597664150.0,209864,12420.0,296,12415.0,156,12425.0,550,12410.0,241,12430.0,481,12405.0,185,12435.0,274,12400.0,228,12440.0,219,12395.0,163
1597988316627750912,1597988316500000000,2020-08-21 13:38:36.500000,12415.0,12420.0,12280.0,12360.0,nan,12350.571,166775,20597664150.0,209864,12420.0,297,12415.0,156,12425.0,550,12410.0,241,12430.0,481,12405.0,185,12435.0,274,12400.0,228,12440.0,219,12395.0,163
1597988317123889920,1597988317000000000,2020-08-21 13:38:37.000000,12415.0,12420.0,12280.0,12360.0,nan,12350.571,166777,20597912450.0,209864,12420.0,299,12415.0,156,12425.0,550,12410.0,241,12430.0,481,12405.0,185,12435.0,284,12400.0,228,12440.0,219,12395.0,163
1597988317611671040,1597988317500000000,2020-08-21 13:38:37.500000,12420.0,12420.0,12280.0,12360.0,nan,12350.572,166778,20598036650.0,209864,12420.0,301,12415.0,156,12425.0,550,12410.0,241,12430.0,481,12405.0,185,12435.0,284,12400.0,228,12440.0,219,12395.0,163
1597988318159631872,1597988318000000000,2020-08-21 13:38:38.000000,12420.0,12420.0,12280.0,12360.0,nan,12350.572,166778,20598036650.0,209864,12420.0,301,12415.0,150,12425.0,550,12410.0,241,12430.0,481,12405.0,185,12435.0,284,12400.0,228,12440.0,219,12395.0,163
1597988318615357952,1597988318500000000,2020-08-21 13:38:38.500000,12420.0,12420.0,12280.0,12360.0,nan,12350.572,166779,20598160850.0,209865,12420.0,300,12415.0,150,12425.0,550,12410.0,241,12430.0,481,12405.0,185,12435.0,284,12400.0,228,12440.0,219,12395.0,163
1597988319108934912,1597988319000000000,2020-08-21 13:38:39.000000,12420.0,12420.0,12280.0,12360.0,nan,12350.575,166785,20598906050.0,209867,12420.0,294,12415.0,144,12425.0,550,12410.0,241,12430.0,481,12405.0,185,12435.0,284,12400.0,228,12440.0,219,12395.0,163
1597988319623802880,1597988319500000000,2020-08-21 13:38:39.500000,12420.0,12420.0,12280.0,12360.0,nan,12350.575,166785,20598906050.0,209867,12420.0,294,12415.0,145,12425.0,550,12410.0,241,12430.0,481,12405.0,185,12435.0,284,12400.0,228,12440.0,219,12395.0,163
1597988320122596096,1597988320000000000,2020-08-21 13:38:40.000000,12415.0,12420.0,12280.0,12360.0,nan,12350.575,166786,20599030200.0,209867,12420.0,284,12415.0,145,12425.0,550,12410.0,241,12430.0,481,12405.0,185,12435.0,284,12400.0,228,12440.0,219,12395.0,163
1597988320612468992,1597988320500000000,2020-08-21 13:38:40.500000,12415.0,12420.0,12280.0,12360.0,nan,12350.575,166787,20599154350.0,209867,12420.0,285,12415.0,146,12425.0,550,12410.0,246,12430.0,481,12405.0,185,12435.0,284,12400.0,228,12440.0,219,12395.0,163
1597988321120038912,1597988321000000000,2020-08-21 13:38:41.000000,12420.0,12420.0,12280.0,12360.0,nan,12350.578,166793,20599899550.0,209868,12420.0,280,12415.0,146,12425.0,537,12410.0,245,12430.0,481,12405.0,185,12435.0,284,12400.0,228,12440.0,219,12395.0,163
1597988322114441984,1597988322000000000,2020-08-21 13:38:42.000000,12415.0,12420.0,12280.0,12360.0,nan,12350.578,166794,20600023700.0,209868,12420.0,281,12415.0,145,12425.0,537,12410.0,244,12430.0,481,12405.0,185,12435.0,284,12400.0,228,12440.0,219,12395.0,163
1597988322630670080,1597988322500000000,2020-08-21 13:38:42.500000,12415.0,12420.0,12280.0,12360.0,nan,12350.579,166795,20600147850.0,209868,12420.0,281,12415.0,148,12425.0,537,12410.0,243,12430.0,482,12405.0,185,12435.0,284,12400.0,228,12440.0,219,12395.0,163
1597988323126384896,1597988323000000000,2020-08-21 13:38:43.000000,12420.0,12420.0,12280.0,12360.0,nan,12350.58,166797,20600396250.0,209870,12420.0,320,12415.0,148,12425.0,537,12410.0,243,12430.0,482,12405.0,185,12435.0,284,12400.0,227,12440.0,219,12395.0,163
1597988323624060928,1597988323500000000,2020-08-21 13:38:43.500000,12420.0,12420.0,12280.0,12360.0,nan,12350.58,166798,20600520450.0,209870,12420.0,322,12415.0,148,12425.0,537,12410.0,243,12430.0,482,12405.0,185,12435.0,284,12400.0,227,12440.0,219,12395.0,163
1597988324121730048,1597988324000000000,2020-08-21 13:38:44.000000,12420.0,12420.0,12280.0,12360.0,nan,12350.58,166798,20600520450.0,209870,12420.0,322,12415.0,151,12425.0,538,12410.0,243,12430.0,482,12405.0,185,12435.0,284,12400.0,227,12440.0,229,12395.0,163
1597988324617826048,1597988324500000000,2020-08-21 13:38:44.500000,12420.0,12420.0,12280.0,12360.0,nan,12350.58,166798,20600520450.0,209870,12420.0,322,12415.0,152,12425.0,538,12410.0,243,12430.0,486,12405.0,185,12435.0,284,12400.0,227,12440.0,229,12395.0,163
1597988325128537088,1597988325000000000,2020-08-21 13:38:45.000000,12420.0,12420.0,12280.0,12360.0,nan,12350.58,166799,20600644650.0,209869,12420.0,322,12415.0,153,12425.0,536,12410.0,243,12430.0,487,12405.0,185,12435.0,284,12400.0,227,12440.0,229,12395.0,163
1597988325629600000,1597988325500000000,2020-08-21 13:38:45.500000,12420.0,12420.0,12280.0,12360.0,nan,12350.58,166799,20600644650.0,209869,12420.0,322,12415.0,153,12425.0,536,12410.0,243,12430.0,488,12405.0,185,12435.0,284,12400.0,227,12440.0,229,12395.0,163
1597988326129531904,1597988326000000000,2020-08-21 13:38:46.000000,12420.0,12420.0,12280.0,12360.0,nan,12350.581,166801,20600893000.0,209869,12420.0,321,12415.0,148,12425.0,537,12410.0,243,12430.0,488,12405.0,185,12435.0,284,12400.0,227,12440.0,229,12395.0,163
1597988326647245056,1597988326500000000,2020-08-21 13:38:46.500000,12420.0,12420.0,12280.0,12360.0,nan,12350.582,166804,20601265600.0,209869,12420.0,318,12415.0,151,12425.0,537,12410.0,243,12430.0,488,12405.0,185,12435.0,284,12400.0,227,12440.0,229,12395.0,163
1597988327117890048,1597988327000000000,2020-08-21 13:38:47.000000,12420.0,12420.0,12280.0,12360.0,nan,12350.582,166804,20601265600.0,209869,12420.0,320,12415.0,151,12425.0,537,12410.0,242,12430.0,488,12405.0,185,12435.0,280,12400.0,227,12440.0,233,12395.0,163
1597988327624936960,1597988327500000000,2020-08-21 13:38:47.500000,12420.0,12420.0,12280.0,12360.0,nan,12350.583,166805,20601389800.0,209868,12420.0,319,12415.0,151,12425.0,537,12410.0,242,12430.0,488,12405.0,186,12435.0,280,12400.0,227,12440.0,233,12395.0,163
1597988328204310016,1597988328000000000,2020-08-21 13:38:48.000000,12420.0,12420.0,12280.0,12360.0,nan,12350.583,166806,20601514000.0,209868,12420.0,318,12415.0,151,12425.0,537,12410.0,242,12430.0,488,12405.0,186,12435.0,280,12400.0,227,12440.0,233,12395.0,163
1597988328629108992,1597988328500000000,2020-08-21 13:38:48.500000,12420.0,12420.0,12280.0,12360.0,nan,12350.583,166806,20601514000.0,209868,12420.0,318,12415.0,153,12425.0,537,12410.0,242,12430.0,488,12405.0,186,12435.0,280,12400.0,227,12440.0,233,12395.0,163
1597988329158895104,1597988329000000000,2020-08-21 13:38:49.000000,12420.0,12420.0,12280.0,12360.0,nan,12350.583,166806,20601514000.0,209868,12420.0,281,12415.0,153,12425.0,537,12410.0,242,12430.0,488,12405.0,186,12435.0,280,12400.0,227,12440.0,233,12395.0,163
1597988329622137088,1597988329500000000,2020-08-21 13:38:49.500000,12415.0,12420.0,12280.0,12360.0,nan,12350.584,166808,20601762300.0,209866,12420.0,281,12415.0,151,12425.0,537,12410.0,242,12430.0,488,12405.0,186,12435.0,280,12400.0,227,12440.0,233,12395.0,163
1597988330142625024,1597988330000000000,2020-08-21 13:38:50.000000,12420.0,12420.0,12280.0,12360.0,nan,12350.588,166817,20602880100.0,209871,12420.0,271,12415.0,153,12425.0,537,12410.0,242,12430.0,488,12405.0,186,12435.0,280,12400.0,227,12440.0,233,12395.0,163
1597988330642733056,1597988330500000000,2020-08-21 13:38:50.500000,12420.0,12420.0,12280.0,12360.0,nan,12350.589,166820,20603252650.0,209870,12420.0,271,12415.0,152,12425.0,537,12410.0,243,12430.0,488,12405.0,186,12435.0,280,12400.0,227,12440.0,233,12395.0,163
1597988331637750016,1597988331500000000,2020-08-21 13:38:51.500000,12415.0,12420.0,12280.0,12360.0,nan,12350.589,166821,20603376800.0,209870,12420.0,271,12415.0,150,12425.0,537,12410.0,243,12430.0,488,12405.0,186,12435.0,280,12400.0,227,12440.0,233,12395.0,163
1597988332682803968,1597988332500000000,2020-08-21 13:38:52.500000,12415.0,12420.0,12280.0,12360.0,nan,12350.589,166821,20603376800.0,209870,12420.0,273,12415.0,150,12425.0,537,12410.0,243,12430.0,488,12405.0,186,12435.0,280,12400.0,227,12440.0,233,12395.0,163
1597988333137230080,1597988333000000000,2020-08-21 13:38:53.000000,12415.0,12420.0,12280.0,12360.0,nan,12350.605,166861,20608342800.0,209869,12420.0,273,12415.0,109,12425.0,537,12410.0,243,12430.0,488,12405.0,186,12435.0,280,12400.0,227,12440.0,233,12395.0,163
1597988333664771072,1597988333500000000,2020-08-21 13:38:53.500000,12420.0,12420.0,12280.0,12360.0,nan,12350.614,166882,20610951000.0,209886,12420.0,254,12415.0,123,12425.0,537,12410.0,245,12430.0,488,12405.0,186,12435.0,280,12400.0,227,12440.0,233,12395.0,163
1597988334141658112,1597988334000000000,2020-08-21 13:38:54.000000,12420.0,12420.0,12280.0,12360.0,nan,12350.614,166882,20610951000.0,209886,12420.0,254,12415.0,126,12425.0,537,12410.0,245,12430.0,488,12405.0,186,12435.0,280,12400.0,227,12440.0,233,12395.0,163
1597988334637019904,1597988334500000000,2020-08-21 13:38:54.500000,12415.0,12420.0,12280.0,12360.0,nan,12350.614,166883,20611075150.0,209887,12420.0,256,12415.0,116,12425.0,537,12410.0,245,12430.0,488,12405.0,186,12435.0,280,12400.0,227,12440.0,233,12395.0,163
1597988335638676992,1597988335500000000,2020-08-21 13:38:55.500000,12415.0,12420.0,12280.0,12360.0,nan,12350.614,166884,20611199300.0,209888,12420.0,256,12415.0,119,12425.0,537,12410.0,245,12430.0,488,12405.0,186,12435.0,280,12400.0,227,12440.0,233,12395.0,163
1597988336137825024,1597988336000000000,2020-08-21 13:38:56.000000,12415.0,12420.0,12280.0,12360.0,nan,12350.615,166885,20611323450.0,209888,12420.0,257,12415.0,121,12425.0,537,12410.0,245,12430.0,488,12405.0,186,12435.0,280,12400.0,227,12440.0,233,12395.0,163
1597988336609742080,1597988336500000000,2020-08-21 13:38:56.500000,12420.0,12420.0,12280.0,12360.0,nan,12350.62,166897,20612813800.0,209889,12420.0,246,12415.0,121,12425.0,537,12410.0,245,12430.0,488,12405.0,186,12435.0,280,12400.0,227,12440.0,233,12395.0,163
1597988337132339968,1597988337000000000,2020-08-21 13:38:57.000000,12420.0,12420.0,12280.0,12360.0,nan,12350.62,166897,20612813800.0,209889,12420.0,246,12415.0,123,12425.0,537,12410.0,244,12430.0,488,12405.0,186,12435.0,280,12400.0,227,12440.0,233,12395.0,163
1597988337636509952,1597988337500000000,2020-08-21 13:38:57.500000,12420.0,12420.0,12280.0,12360.0,nan,12350.62,166897,20612813800.0,209889,12420.0,246,12415.0,183,12425.0,537,12410.0,244,12430.0,488,12405.0,186,12435.0,281,12400.0,227,12440.0,233,12395.0,163
1597988338133296896,1597988338000000000,2020-08-21 13:38:58.000000,12420.0,12420.0,12280.0,12360.0,nan,12350.62,166898,20612938000.0,209889,12420.0,247,12415.0,193,12425.0,537,12410.0,228,12430.0,488,12405.0,186,12435.0,281,12400.0,227,12440.0,233,12395.0,163
1597988338625416960,1597988338500000000,2020-08-21 13:38:58.500000,12420.0,12420.0,12280.0,12360.0,nan,12350.62,166898,20612938000.0,209889,12420.0,247,12415.0,207,12425.0,537,12410.0,228,12430.0,488,12405.0,186,12435.0,281,12400.0,226,12440.0,233,12395.0,163
1597988339205807104,1597988339000000000,2020-08-21 13:38:59.000000,12420.0,12420.0,12280.0,12360.0,nan,12350.621,166899,20613062200.0,209889,12420.0,246,12415.0,208,12425.0,537,12410.0,228,12430.0,488,12405.0,186,12435.0,281,12400.0,226,12440.0,233,12395.0,163
1597988339632098048,1597988339500000000,2020-08-21 13:38:59.500000,12415.0,12420.0,12280.0,12360.0,nan,12350.634,166933,20617283300.0,209889,12420.0,246,12415.0,176,12425.0,537,12410.0,228,12430.0,489,12405.0,186,12435.0,281,12400.0,226,12440.0,233,12395.0,163
1597988340132028928,1597988340000000000,2020-08-21 13:39:00.000000,12420.0,12420.0,12280.0,12360.0,nan,12350.634,166934,20617407500.0,209889,12420.0,246,12415.0,182,12425.0,537,12410.0,228,12430.0,489,12405.0,186,12435.0,281,12400.0,226,12440.0,233,12395.0,163
1597988340626916096,1597988340500000000,2020-08-21 13:39:00.500000,12420.0,12420.0,12280.0,12360.0,nan,12350.646,166962,20620884850.0,209898,12420.0,224,12415.0,178,12425.0,538,12410.0,228,12430.0,489,12405.0,186,12435.0,281,12400.0,226,12440.0,233,12395.0,163
1597988341135497984,1597988341000000000,2020-08-21 13:39:01.000000,12420.0,12420.0,12280.0,12360.0,nan,12350.649,166971,20622002650.0,209899,12420.0,215,12415.0,179,12425.0,538,12410.0,215,12430.0,489,12405.0,186,12435.0,281,12400.0,226,12440.0,233,12395.0,163
1597988341648679936,1597988341500000000,2020-08-21 13:39:01.500000,12420.0,12420.0,12280.0,12360.0,nan,12350.65,166973,20622251050.0,209899,12420.0,213,12415.0,180,12425.0,538,12410.0,215,12430.0,489,12405.0,187,12435.0,281,12400.0,226,12440.0,233,12395.0,163
1597988342157289984,1597988342000000000,2020-08-21 13:39:02.000000,12420.0,12420.0,12280.0,12360.0,nan,12350.65,166973,20622251050.0,209899,12420.0,214,12415.0,201,12425.0,539,12410.0,215,12430.0,489,12405.0,187,12435.0,281,12400.0,226,12440.0,233,12395.0,163
1597988342705672960,1597988342500000000,2020-08-21 13:39:02.500000,12420.0,12420.0,12280.0,12360.0,nan,12350.652,166978,20622872050.0,209899,12420.0,209,12415.0,203,12425.0,540,12410.0,215,12430.0,488,12405.0,187,12435.0,281,12400.0,226,12440.0,233,12395.0,163
1597988343133833984,1597988343000000000,2020-08-21 13:39:03.000000,12420.0,12420.0,12280.0,12360.0,nan,12350.653,166979,20622996250.0,209899,12420.0,209,12415.0,206,12425.0,540,12410.0,215,12430.0,488,12405.0,187,12435.0,281,12400.0,226,12440.0,233,12395.0,163
1597988344128726016,1597988344000000000,2020-08-21 13:39:04.000000,12420.0,12420.0,12280.0,12360.0,nan,12350.653,166981,20623244650.0,209899,12420.0,207,12415.0,207,12425.0,541,12410.0,215,12430.0,488,12405.0,187,12435.0,281,12400.0,226,12440.0,233,12395.0,163
1597988344614084096,1597988344500000000,2020-08-21 13:39:04.500000,12415.0,12420.0,12280.0,12360.0,nan,12350.658,166992,20624610750.0,209902,12420.0,198,12415.0,204,12425.0,541,12410.0,215,12430.0,488,12405.0,187,12435.0,281,12400.0,226,12440.0,233,12395.0,163
1597988345130426880,1597988345000000000,2020-08-21 13:39:05.000000,12415.0,12420.0,12280.0,12360.0,nan,12350.659,166995,20624983200.0,209902,12420.0,198,12415.0,200,12425.0,541,12410.0,215,12430.0,488,12405.0,187,12435.0,281,12400.0,226,12440.0,233,12395.0,163
1597988346641490944,1597988346500000000,2020-08-21 13:39:06.500000,12420.0,12420.0,12280.0,12360.0,nan,12350.66,166998,20625355800.0,209902,12420.0,195,12415.0,200,12425.0,541,12410.0,215,12430.0,488,12405.0,187,12435.0,281,12400.0,226,12440.0,233,12395.0,163
1597988347345959936,1597988347000000000,2020-08-21 13:39:07.000000,12415.0,12420.0,12280.0,12360.0,nan,12350.661,166999,20625479950.0,209903,12420.0,202,12415.0,199,12425.0,541,12410.0,215,12430.0,488,12405.0,188,12435.0,281,12400.0,241,12440.0,233,12395.0,163
1597988347638913024,1597988347500000000,2020-08-21 13:39:07.500000,12420.0,12420.0,12280.0,12360.0,nan,12350.662,167001,20625728300.0,209904,12420.0,201,12415.0,198,12425.0,541,12410.0,215,12430.0,488,12405.0,188,12435.0,281,12400.0,241,12440.0,233,12395.0,163
1597988348114743040,1597988348000000000,2020-08-21 13:39:08.000000,12420.0,12420.0,12280.0,12360.0,nan,12350.662,167003,20625976700.0,209905,12420.0,199,12415.0,197,12425.0,541,12410.0,215,12430.0,488,12405.0,188,12435.0,281,12400.0,241,12440.0,233,12395.0,163
1597988348622509056,1597988348500000000,2020-08-21 13:39:08.500000,12420.0,12420.0,12280.0,12360.0,nan,12350.663,167005,20626225100.0,209906,12420.0,197,12415.0,197,12425.0,541,12410.0,215,12430.0,488,12405.0,188,12435.0,281,12400.0,241,12440.0,233,12395.0,163
1597988349147281920,1597988349000000000,2020-08-21 13:39:09.000000,12420.0,12420.0,12280.0,12360.0,nan,12350.665,167009,20626721850.0,209910,12420.0,193,12415.0,196,12425.0,541,12410.0,214,12430.0,488,12405.0,188,12435.0,281,12400.0,241,12440.0,233,12395.0,163
1597988349620037120,1597988349500000000,2020-08-21 13:39:09.500000,12420.0,12420.0,12280.0,12360.0,nan,12350.665,167010,20626846050.0,209911,12420.0,192,12415.0,197,12425.0,541,12410.0,214,12430.0,488,12405.0,188,12435.0,281,12400.0,241,12440.0,233,12395.0,163
1597988350109392896,1597988350000000000,2020-08-21 13:39:10.000000,12415.0,12420.0,12280.0,12360.0,nan,12350.666,167011,20626970200.0,209912,12420.0,192,12415.0,196,12425.0,541,12410.0,214,12430.0,488,12405.0,188,12435.0,281,12400.0,241,12440.0,233,12395.0,163
1597988350641506048,1597988350500000000,2020-08-21 13:39:10.500000,12420.0,12420.0,12280.0,12360.0,nan,12350.666,167012,20627094400.0,209913,12420.0,194,12415.0,196,12425.0,541,12410.0,216,12430.0,488,12405.0,188,12435.0,281,12400.0,242,12440.0,233,12395.0,163
1597988351139065088,1597988351000000000,2020-08-21 13:39:11.000000,12420.0,12420.0,12280.0,12360.0,nan,12350.666,167013,20627218600.0,209914,12420.0,193,12415.0,196,12425.0,541,12410.0,216,12430.0,488,12405.0,188,12435.0,281,12400.0,242,12440.0,233,12395.0,163
1597988351747713024,1597988351500000000,2020-08-21 13:39:11.500000,12420.0,12420.0,12280.0,12360.0,nan,12350.666,167013,20627218600.0,209914,12420.0,193,12415.0,196,12425.0,541,12410.0,216,12430.0,488,12405.0,188,12435.0,281,12400.0,242,12440.0,233,12395.0,165
1597988352120538880,1597988352000000000,2020-08-21 13:39:12.000000,12420.0,12420.0,12280.0,12360.0,nan,12350.666,167013,20627218600.0,209914,12420.0,193,12415.0,199,12425.0,541,12410.0,216,12430.0,488,12405.0,188,12435.0,281,12400.0,242,12440.0,233,12395.0,165
1597988352643044096,1597988352500000000,2020-08-21 13:39:12.500000,12420.0,12420.0,12280.0,12360.0,nan,12350.667,167014,20627342800.0,209915,12420.0,192,12415.0,200,12425.0,541,12410.0,216,12430.0,488,12405.0,188,12435.0,281,12400.0,242,12440.0,233,12395.0,165
1597988353162779904,1597988353000000000,2020-08-21 13:39:13.000000,12415.0,12420.0,12280.0,12360.0,nan,12350.667,167015,20627466950.0,209916,12420.0,192,12415.0,199,12425.0,541,12410.0,216,12430.0,488,12405.0,188,12435.0,281,12400.0,242,12440.0,233,12395.0,165
1597988353626928128,1597988353500000000,2020-08-21 13:39:13.500000,12415.0,12420.0,12280.0,12360.0,nan,12350.667,167015,20627466950.0,209916,12420.0,192,12415.0,187,12425.0,541,12410.0,217,12430.0,488,12405.0,188,12435.0,281,12400.0,242,12440.0,233,12395.0,165
1597988354122747904,1597988354000000000,2020-08-21 13:39:14.000000,12415.0,12420.0,12280.0,12360.0,nan,12350.667,167015,20627466950.0,209916,12420.0,192,12415.0,190,12425.0,541,12410.0,216,12430.0,488,12405.0,188,12435.0,281,12400.0,242,12440.0,233,12395.0,165
1597988354627685120,1597988354500000000,2020-08-21 13:39:14.500000,12415.0,12420.0,12280.0,12360.0,nan,12350.668,167016,20627591100.0,209916,12420.0,192,12415.0,190,12425.0,541,12410.0,216,12430.0,488,12405.0,188,12435.0,281,12400.0,242,12440.0,233,12395.0,165
1597988355107930880,1597988355000000000,2020-08-21 13:39:15.000000,12420.0,12420.0,12280.0,12360.0,nan,12350.671,167025,20628708900.0,209919,12420.0,183,12415.0,191,12425.0,541,12410.0,216,12430.0,488,12405.0,188,12435.0,281,12400.0,242,12440.0,233,12395.0,165
1597988355625124096,1597988355500000000,2020-08-21 13:39:15.500000,12420.0,12420.0,12280.0,12360.0,nan,12350.671,167025,20628708900.0,209919,12420.0,187,12415.0,191,12425.0,541,12410.0,216,12430.0,488,12405.0,188,12435.0,281,12400.0,244,12440.0,233,12395.0,165
1597988356118462976,1597988356000000000,2020-08-21 13:39:16.000000,12420.0,12420.0,12280.0,12360.0,nan,12350.677,167039,20630447700.0,209925,12420.0,178,12415.0,191,12425.0,541,12410.0,216,12430.0,489,12405.0,188,12435.0,281,12400.0,244,12440.0,233,12395.0,165
1597988356626087936,1597988356500000000,2020-08-21 13:39:16.500000,12415.0,12420.0,12280.0,12360.0,nan,12350.687,167062,20633304250.0,209926,12420.0,160,12415.0,197,12425.0,541,12410.0,216,12430.0,489,12405.0,188,12435.0,281,12400.0,244,12440.0,233,12395.0,165
1597988357126528000,1597988357000000000,2020-08-21 13:39:17.000000,12420.0,12420.0,12280.0,12360.0,nan,12350.689,167067,20633925250.0,209927,12420.0,155,12415.0,202,12425.0,541,12410.0,216,12430.0,489,12405.0,188,12435.0,281,12400.0,244,12440.0,233,12395.0,165
1597988357602735104,1597988357500000000,2020-08-21 13:39:17.500000,12420.0,12420.0,12280.0,12360.0,nan,12350.689,167067,20633925250.0,209927,12420.0,155,12415.0,202,12425.0,541,12410.0,216,12430.0,488,12405.0,190,12435.0,281,12400.0,244,12440.0,233,12395.0,165
1597988358125362944,1597988358000000000,2020-08-21 13:39:18.000000,12420.0,12420.0,12280.0,12360.0,nan,12350.69,167069,20634173600.0,209927,12420.0,154,12415.0,201,12425.0,541,12410.0,216,12430.0,488,12405.0,190,12435.0,281,12400.0,244,12440.0,233,12395.0,165
1597988358625850880,1597988358500000000,2020-08-21 13:39:18.500000,12420.0,12420.0,12280.0,12360.0,nan,12350.694,167080,20635539750.0,209931,12420.0,145,12415.0,200,12425.0,541,12410.0,216,12430.0,488,12405.0,190,12435.0,281,12400.0,244,12440.0,233,12395.0,165
1597988359117824000,1597988359000000000,2020-08-21 13:39:19.000000,12420.0,12420.0,12280.0,12360.0,nan,12350.705,167107,20638893150.0,209943,12420.0,138,12415.0,200,12425.0,540,12410.0,216,12430.0,488,12405.0,190,12435.0,281,12400.0,244,12440.0,233,12395.0,165
1597988359614409984,1597988359500000000,2020-08-21 13:39:19.500000,12420.0,12420.0,12280.0,12360.0,nan,12350.712,167124,20641004550.0,209947,12420.0,120,12415.0,200,12425.0,540,12410.0,217,12430.0,488,12405.0,190,12435.0,281,12400.0,244,12440.0,233,12395.0,165
1597988360120229120,1597988360000000000,2020-08-21 13:39:20.000000,12420.0,12420.0,12280.0,12360.0,nan,12350.718,167138,20642743350.0,209948,12420.0,106,12415.0,199,12425.0,543,12410.0,217,12430.0,488,12405.0,190,12435.0,281,12400.0,245,12440.0,233,12395.0,165
1597988360614276096,1597988360500000000,2020-08-21 13:39:20.500000,12420.0,12420.0,12280.0,12360.0,nan,12350.731,167170,20646716250.0,209944,12420.0,105,12415.0,166,12425.0,543,12410.0,217,12430.0,488,12405.0,190,12435.0,281,12400.0,245,12440.0,233,12395.0,165
1597988361123333888,1597988361000000000,2020-08-21 13:39:21.000000,12420.0,12420.0,12280.0,12360.0,nan,12350.742,167197,20650069650.0,209962,12420.0,100,12415.0,169,12425.0,543,12410.0,227,12430.0,488,12405.0,190,12435.0,281,12400.0,245,12440.0,233,12395.0,165
1597988361619376128,1597988361500000000,2020-08-21 13:39:21.500000,12420.0,12420.0,12280.0,12360.0,nan,12350.742,167198,20650193850.0,209961,12420.0,94,12415.0,158,12425.0,543,12410.0,227,12430.0,488,12405.0,190,12435.0,283,12400.0,245,12440.0,233,12395.0,165
1597988362121117952,1597988362000000000,2020-08-21 13:39:22.000000,12420.0,12420.0,12280.0,12360.0,nan,12350.749,167214,20652181050.0,209969,12420.0,80,12415.0,159,12425.0,543,12410.0,226,12430.0,488,12405.0,190,12435.0,283,12400.0,245,12440.0,233,12395.0,166
1597988362665158912,1597988362500000000,2020-08-21 13:39:22.500000,12420.0,12420.0,12280.0,12360.0,nan,12350.768,167261,20658018450.0,209974,12420.0,37,12415.0,160,12425.0,543,12410.0,226,12430.0,488,12405.0,190,12435.0,283,12400.0,245,12440.0,233,12395.0,166
1597988363135977984,1597988363000000000,2020-08-21 13:39:23.000000,12420.0,12420.0,12280.0,12360.0,nan,12350.784,167298,20662613850.0,209965,12425.0,543,12420.0,34,12430.0,488,12415.0,163,12435.0,283,12410.0,226,12440.0,233,12405.0,191,12445.0,289,12400.0,245
1597988363621330944,1597988363500000000,2020-08-21 13:39:23.500000,12425.0,12425.0,12280.0,12360.0,nan,12350.833,167418,20677517900.0,210010,12425.0,562,12420.0,6,12430.0,488,12415.0,124,12435.0,283,12410.0,225,12440.0,234,12405.0,191,12445.0,291,12400.0,244
1597988364113212928,1597988364000000000,2020-08-21 13:39:24.000000,12415.0,12425.0,12280.0,12360.0,nan,12350.866,167499,20687577650.0,210005,12420.0,14,12415.0,114,12425.0,562,12410.0,225,12430.0,488,12405.0,193,12435.0,284,12400.0,243,12440.0,234,12395.0,165
1597988364632651008,1597988364500000000,2020-08-21 13:39:24.500000,12420.0,12425.0,12280.0,12360.0,nan,12350.867,167501,20687826050.0,210004,12420.0,17,12415.0,156,12425.0,562,12410.0,225,12430.0,488,12405.0,193,12435.0,285,12400.0,243,12440.0,234,12395.0,165
1597988365130380032,1597988365000000000,2020-08-21 13:39:25.000000,12420.0,12425.0,12280.0,12360.0,nan,12350.874,167518,20689937450.0,210000,12425.0,563,12420.0,93,12430.0,493,12415.0,158,12435.0,285,12410.0,227,12440.0,234,12405.0,195,12445.0,292,12400.0,243
1597988365624369920,1597988365500000000,2020-08-21 13:39:25.500000,12420.0,12425.0,12280.0,12360.0,nan,12350.875,167520,20690185850.0,210001,12425.0,565,12420.0,114,12430.0,494,12415.0,157,12435.0,285,12410.0,227,12440.0,234,12405.0,195,12445.0,292,12400.0,242
1597988366179169024,1597988366000000000,2020-08-21 13:39:26.000000,12420.0,12425.0,12280.0,12360.0,nan,12350.875,167521,20690310050.0,210002,12425.0,554,12420.0,117,12430.0,494,12415.0,158,12435.0,285,12410.0,227,12440.0,234,12405.0,195,12445.0,292,12400.0,242
1597988366635056896,1597988366500000000,2020-08-21 13:39:26.500000,12420.0,12425.0,12280.0,12360.0,nan,12350.878,167527,20691055350.0,210002,12425.0,555,12420.0,119,12430.0,494,12415.0,158,12435.0,285,12410.0,227,12440.0,234,12405.0,195,12445.0,292,12400.0,242
1597988367166299904,1597988367000000000,2020-08-21 13:39:27.000000,12420.0,12425.0,12280.0,12360.0,nan,12350.878,167527,20691055350.0,210002,12425.0,555,12420.0,120,12430.0,494,12415.0,158,12435.0,285,12410.0,227,12440.0,234,12405.0,195,12445.0,292,12400.0,242
1597988367647993088,1597988367500000000,2020-08-21 13:39:27.500000,12420.0,12425.0,12280.0,12360.0,nan,12350.879,167530,20691428000.0,210003,12425.0,554,12420.0,121,12430.0,494,12415.0,158,12435.0,285,12410.0,227,12440.0,234,12405.0,195,12445.0,292,12400.0,242
1597988368121757952,1597988368000000000,2020-08-21 13:39:28.000000,12420.0,12425.0,12280.0,12360.0,nan,12350.88,167532,20691676400.0,210004,12425.0,555,12420.0,119,12430.0,494,12415.0,158,12435.0,285,12410.0,227,12440.0,234,12405.0,195,12445.0,292,12400.0,242
1597988368614444032,1597988368500000000,2020-08-21 13:39:28.500000,12420.0,12425.0,12280.0,12360.0,nan,12350.88,167533,20691800600.0,210004,12425.0,555,12420.0,119,12430.0,494,12415.0,140,12435.0,285,12410.0,226,12440.0,234,12405.0,195,12445.0,292,12400.0,242
1597988369114017024,1597988369000000000,2020-08-21 13:39:29.000000,12420.0,12425.0,12280.0,12360.0,nan,12350.883,167538,20692421600.0,210009,12425.0,556,12420.0,114,12430.0,494,12415.0,140,12435.0,286,12410.0,226,12440.0,234,12405.0,195,12445.0,292,12400.0,242
1597988369605059072,1597988369500000000,2020-08-21 13:39:29.500000,12420.0,12425.0,12280.0,12360.0,nan,12350.885,167543,20693042650.0,210012,12425.0,557,12420.0,108,12430.0,494,12415.0,140,12435.0,286,12410.0,226,12440.0,234,12405.0,195,12445.0,292,12400.0,241
1597988370134827008,1597988370000000000,2020-08-21 13:39:30.000000,12420.0,12425.0,12280.0,12360.0,nan,12350.885,167544,20693166850.0,210012,12425.0,555,12420.0,110,12430.0,494,12415.0,140,12435.0,286,12410.0,226,12440.0,234,12405.0,195,12445.0,292,12400.0,241
1597988370630305024,1597988370500000000,2020-08-21 13:39:30.500000,12420.0,12425.0,12280.0,12360.0,nan,12350.885,167545,20693291050.0,210013,12425.0,595,12420.0,110,12430.0,494,12415.0,140,12435.0,286,12410.0,229,12440.0,234,12405.0,195,12445.0,292,12400.0,241
1597988371126204928,1597988371000000000,2020-08-21 13:39:31.000000,12420.0,12425.0,12280.0,12360.0,nan,12350.898,167576,20697141250.0,210032,12425.0,598,12420.0,72,12430.0,494,12415.0,140,12435.0,286,12410.0,229,12440.0,234,12405.0,195,12445.0,292,12400.0,241
1597988371627888896,1597988371500000000,2020-08-21 13:39:31.500000,12420.0,12425.0,12280.0,12360.0,nan,12350.928,167647,20705959450.0,210075,12420.0,111,12415.0,141,12425.0,596,12410.0,229,12430.0,494,12405.0,195,12435.0,286,12400.0,241,12440.0,234,12395.0,164
1597988372125061888,1597988372000000000,2020-08-21 13:39:32.000000,12420.0,12425.0,12280.0,12360.0,nan,12350.928,167648,20706083650.0,210076,12420.0,139,12415.0,142,12425.0,595,12410.0,229,12430.0,494,12405.0,195,12435.0,286,12400.0,241,12440.0,234,12395.0,164
1597988372630953984,1597988372500000000,2020-08-21 13:39:32.500000,12420.0,12425.0,12280.0,12360.0,nan,12350.93,167654,20706828800.0,210080,12420.0,135,12415.0,135,12425.0,596,12410.0,229,12430.0,494,12405.0,195,12435.0,286,12400.0,241,12440.0,234,12395.0,164
1597988373127610880,1597988373000000000,2020-08-21 13:39:33.000000,12420.0,12425.0,12280.0,12360.0,nan,12350.932,167657,20707201400.0,210083,12420.0,135,12415.0,135,12425.0,596,12410.0,229,12430.0,494,12405.0,195,12435.0,286,12400.0,241,12440.0,234,12395.0,164
1597988373625624064,1597988373500000000,2020-08-21 13:39:33.500000,12420.0,12425.0,12280.0,12360.0,nan,12350.932,167657,20707201400.0,210083,12420.0,136,12415.0,135,12425.0,597,12410.0,229,12430.0,494,12405.0,195,12435.0,286,12400.0,241,12440.0,234,12395.0,164
1597988374131826944,1597988374000000000,2020-08-21 13:39:34.000000,12420.0,12425.0,12280.0,12360.0,nan,12350.932,167657,20707201400.0,210083,12420.0,127,12415.0,132,12425.0,598,12410.0,229,12430.0,494,12405.0,195,12435.0,287,12400.0,241,12440.0,234,12395.0,164
1597988374670515968,1597988374500000000,2020-08-21 13:39:34.500000,12420.0,12425.0,12280.0,12360.0,nan,12350.932,167658,20707325600.0,210084,12420.0,127,12415.0,134,12425.0,598,12410.0,229,12430.0,494,12405.0,195,12435.0,287,12400.0,240,12440.0,234,12395.0,164
1597988375126320896,1597988375000000000,2020-08-21 13:39:35.000000,12420.0,12425.0,12280.0,12360.0,nan,12350.932,167658,20707325600.0,210084,12420.0,121,12415.0,133,12425.0,598,12410.0,229,12430.0,494,12405.0,195,12435.0,287,12400.0,240,12440.0,234,12395.0,164
1597988375627154944,1597988375500000000,2020-08-21 13:39:35.500000,12420.0,12425.0,12280.0,12360.0,nan,12350.932,167658,20707325600.0,210084,12420.0,121,12415.0,135,12425.0,598,12410.0,229,12430.0,494,12405.0,195,12435.0,287,12400.0,240,12440.0,234,12395.0,164
1597988376121381120,1597988376000000000,2020-08-21 13:39:36.000000,12420.0,12425.0,12280.0,12360.0,nan,12350.932,167658,20707325600.0,210084,12420.0,122,12415.0,131,12425.0,599,12410.0,229,12430.0,494,12405.0,195,12435.0,287,12400.0,240,12440.0,234,12395.0,164
1597988376634940928,1597988376500000000,2020-08-21 13:39:36.500000,12420.0,12425.0,12280.0,12360.0,nan,12350.932,167658,20707325600.0,210084,12420.0,137,12415.0,126,12425.0,599,12410.0,230,12430.0,496,12405.0,195,12435.0,287,12400.0,237,12440.0,234,12395.0,164
1597988377117308928,1597988377000000000,2020-08-21 13:39:37.000000,12420.0,12425.0,12280.0,12360.0,nan,12350.933,167660,20707574000.0,210084,12420.0,136,12415.0,118,12425.0,599,12410.0,230,12430.0,496,12405.0,195,12435.0,287,12400.0,237,12440.0,234,12395.0,164
1597988377638477056,1597988377500000000,2020-08-21 13:39:37.500000,12415.0,12425.0,12280.0,12360.0,nan,12350.934,167663,20707946450.0,210081,12420.0,138,12415.0,114,12425.0,599,12410.0,230,12430.0,496,12405.0,196,12435.0,287,12400.0,237,12440.0,234,12395.0,164
1597988378136046080,1597988378000000000,2020-08-21 13:39:38.000000,12415.0,12425.0,12280.0,12360.0,nan,12350.936,167667,20708443050.0,210077,12420.0,139,12415.0,113,12425.0,599,12410.0,230,12430.0,496,12405.0,196,12435.0,287,12400.0,237,12440.0,234,12395.0,164
1597988378616907008,1597988378500000000,2020-08-21 13:39:38.500000,12415.0,12425.0,12280.0,12360.0,nan,12350.936,167667,20708443050.0,210077,12420.0,142,12415.0,113,12425.0,604,12410.0,230,12430.0,496,12405.0,196,12435.0,287,12400.0,237,12440.0,234,12395.0,164
1597988379111559936,1597988379000000000,2020-08-21 13:39:39.000000,12420.0,12425.0,12280.0,12360.0,nan,12350.94,167678,20709809250.0,210077,12420.0,131,12415.0,112,12425.0,604,12410.0,230,12430.0,496,12405.0,196,12435.0,287,12400.0,237,12440.0,234,12395.0,164
1597988379615333888,1597988379500000000,2020-08-21 13:39:39.500000,12420.0,12425.0,12280.0,12360.0,nan,12350.943,167685,20710678650.0,210077,12420.0,126,12415.0,113,12425.0,604,12410.0,230,12430.0,496,12405.0,196,12435.0,287,12400.0,246,12440.0,234,12395.0,164
1597988380123428096,1597988380000000000,2020-08-21 13:39:40.000000,12420.0,12425.0,12280.0,12360.0,nan,12350.943,167685,20710678650.0,210077,12420.0,127,12415.0,113,12425.0,604,12410.0,230,12430.0,496,12405.0,196,12435.0,287,12400.0,246,12440.0,234,12395.0,164
1597988380646095872,1597988380500000000,2020-08-21 13:39:40.500000,12420.0,12425.0,12280.0,12360.0,nan,12350.945,167690,20711299650.0,210077,12420.0,125,12415.0,113,12425.0,604,12410.0,232,12430.0,496,12405.0,196,12435.0,287,12400.0,246,12440.0,234,12395.0,164
1597988381142426112,1597988381000000000,2020-08-21 13:39:41.000000,12420.0,12425.0,12280.0,12360.0,nan,12350.945,167690,20711299650.0,210077,12420.0,132,12415.0,113,12425.0,600,12410.0,232,12430.0,496,12405.0,199,12435.0,287,12400.0,246,12440.0,234,12395.0,164
1597988381616270080,1597988381500000000,2020-08-21 13:39:41.500000,12420.0,12425.0,12280.0,12360.0,nan,12350.946,167692,20711548050.0,210077,12420.0,131,12415.0,113,12425.0,600,12410.0,232,12430.0,497,12405.0,199,12435.0,287,12400.0,246,12440.0,234,12395.0,164
1597988382110326016,1597988382000000000,2020-08-21 13:39:42.000000,12420.0,12425.0,12280.0,12360.0,nan,12350.949,167701,20712665700.0,210074,12420.0,125,12415.0,111,12425.0,601,12410.0,232,12430.0,496,12405.0,198,12435.0,287,12400.0,237,12440.0,234,12395.0,164
1597988382639060992,1597988382500000000,2020-08-21 13:39:42.500000,12420.0,12425.0,12280.0,12360.0,nan,12350.954,167712,20714031900.0,210074,12420.0,114,12415.0,112,12425.0,561,12410.0,232,12430.0,496,12405.0,207,12435.0,287,12400.0,237,12440.0,234,12395.0,164
1597988383117003008,1597988383000000000,2020-08-21 13:39:43.000000,12420.0,12425.0,12280.0,12360.0,nan,12350.954,167712,20714031900.0,210074,12420.0,115,12415.0,126,12425.0,563,12410.0,232,12430.0,496,12405.0,207,12435.0,287,12400.0,237,12440.0,234,12395.0,164
1597988383617294080,1597988383500000000,2020-08-21 13:39:43.500000,12420.0,12425.0,12280.0,12360.0,nan,12350.954,167712,20714031900.0,210074,12420.0,116,12415.0,126,12425.0,563,12410.0,232,12430.0,496,12405.0,207,12435.0,287,12400.0,237,12440.0,234,12395.0,164
1597988384123802880,1597988384000000000,2020-08-21 13:39:44.000000,12420.0,12425.0,12280.0,12360.0,nan,12350.954,167713,20714156100.0,210074,12420.0,120,12415.0,126,12425.0,563,12410.0,232,12430.0,496,12405.0,207,12435.0,287,12400.0,237,12440.0,234,12395.0,164
1597988384614084096,1597988384500000000,2020-08-21 13:39:44.500000,12420.0,12425.0,12280.0,12360.0,nan,12350.954,167713,20714156100.0,210074,12420.0,122,12415.0,133,12425.0,564,12410.0,232,12430.0,496,12405.0,207,12435.0,287,12400.0,237,12440.0,234,12395.0,164
1597988385134923008,1597988385000000000,2020-08-21 13:39:45.000000,12420.0,12425.0,12280.0,12360.0,nan,12350.955,167715,20714404500.0,210074,12420.0,121,12415.0,134,12425.0,564,12410.0,232,12430.0,501,12405.0,207,12435.0,287,12400.0,237,12440.0,234,12395.0,164
1597988385608793088,1597988385500000000,2020-08-21 13:39:45.500000,12415.0,12425.0,12280.0,12360.0,nan,12350.956,167716,20714528650.0,210073,12420.0,121,12415.0,133,12425.0,564,12410.0,232,12430.0,500,12405.0,207,12435.0,287,12400.0,237,12440.0,234,12395.0,164
1597988386143563008,1597988386000000000,2020-08-21 13:39:46.000000,12420.0,12425.0,12280.0,12360.0,nan,12350.956,167717,20714652850.0,210073,12420.0,121,12415.0,133,12425.0,564,12410.0,232,12430.0,500,12405.0,207,12435.0,288,12400.0,241,12440.0,234,12395.0,164
1597988386619694080,1597988386500000000,2020-08-21 13:39:46.500000,12415.0,12425.0,12280.0,12360.0,nan,12350.956,167718,20714777000.0,210072,12420.0,121,12415.0,132,12425.0,566,12410.0,232,12430.0,500,12405.0,207,12435.0,288,12400.0,241,12440.0,234,12395.0,164
1597988387134989056,1597988387000000000,2020-08-21 13:39:47.000000,12415.0,12425.0,12280.0,12360.0,nan,12350.956,167718,20714777000.0,210072,12420.0,121,12415.0,133,12425.0,566,12410.0,232,12430.0,500,12405.0,207,12435.0,288,12400.0,241,12440.0,234,12395.0,164
1597988387628249088,1597988387500000000,2020-08-21 13:39:47.500000,12415.0,12425.0,12280.0,12360.0,nan,12350.956,167718,20714777000.0,210072,12420.0,121,12415.0,133,12425.0,566,12410.0,232,12430.0,502,12405.0,207,12435.0,288,12400.0,241,12440.0,234,12395.0,164
1597988388121052928,1597988388000000000,2020-08-21 13:39:48.000000,12415.0,12425.0,12280.0,12360.0,nan,12350.956,167718,20714777000.0,210072,12420.0,122,12415.0,134,12425.0,567,12410.0,232,12430.0,502,12405.0,207,12435.0,288,12400.0,241,12440.0,234,12395.0,164
1597988388627805952,1597988388500000000,2020-08-21 13:39:48.500000,12420.0,12425.0,12280.0,12360.0,nan,12350.957,167719,20714901200.0,210072,12420.0,122,12415.0,134,12425.0,568,12410.0,232,12430.0,502,12405.0,207,12435.0,288,12400.0,241,12440.0,234,12395.0,164
1597988389116474880,1597988389000000000,2020-08-21 13:39:49.000000,12420.0,12425.0,12280.0,12360.0,nan,12350.957,167720,20715025400.0,210071,12420.0,128,12415.0,134,12425.0,568,12410.0,232,12430.0,502,12405.0,207,12435.0,288,12400.0,241,12440.0,234,12395.0,164
1597988389609910016,1597988389500000000,2020-08-21 13:39:49.500000,12415.0,12425.0,12280.0,12360.0,nan,12350.958,167721,20715149550.0,210071,12420.0,127,12415.0,133,12425.0,568,12410.0,232,12430.0,502,12405.0,207,12435.0,288,12400.0,241,12440.0,234,12395.0,164
1597988390142479104,1597988390000000000,2020-08-21 13:39:50.000000,12420.0,12425.0,12280.0,12360.0,nan,12350.96,167728,20716018950.0,210071,12420.0,120,12415.0,129,12425.0,568,12410.0,232,12430.0,502,12405.0,207,12435.0,288,12400.0,241,12440.0,234,12395.0,164
1597988390629070080,1597988390500000000,2020-08-21 13:39:50.500000,12420.0,12425.0,12280.0,12360.0,nan,12350.96,167728,20716018950.0,210071,12420.0,121,12415.0,129,12425.0,568,12410.0,232,12430.0,502,12405.0,207,12435.0,288,12400.0,241,12440.0,234,12395.0,164
1597988391126746880,1597988391000000000,2020-08-21 13:39:51.000000,12420.0,12425.0,12280.0,12360.0,nan,12350.96,167728,20716018950.0,210071,12420.0,135,12415.0,129,12425.0,568,12410.0,232,12430.0,502,12405.0,207,12435.0,288,12400.0,241,12440.0,234,12395.0,164
1597988391610209024,1597988391500000000,2020-08-21 13:39:51.500000,12420.0,12425.0,12280.0,12360.0,nan,12350.96,167728,20716018950.0,210071,12420.0,134,12415.0,122,12425.0,568,12410.0,232,12430.0,502,12405.0,207,12435.0,288,12400.0,241,12440.0,234,12395.0,164
1597988392115283968,1597988392000000000,2020-08-21 13:39:52.000000,12420.0,12425.0,12280.0,12360.0,nan,12350.96,167728,20716018950.0,210071,12420.0,135,12415.0,123,12425.0,568,12410.0,232,12430.0,502,12405.0,207,12435.0,288,12400.0,241,12440.0,234,12395.0,164
1597988392611587072,1597988392500000000,2020-08-21 13:39:52.500000,12420.0,12425.0,12280.0,12360.0,nan,12350.961,167729,20716143150.0,210070,12420.0,134,12415.0,123,12425.0,569,12410.0,232,12430.0,502,12405.0,207,12435.0,288,12400.0,241,12440.0,234,12395.0,164
1597988393158706944,1597988393000000000,2020-08-21 13:39:53.000000,12415.0,12425.0,12280.0,12360.0,nan,12350.961,167730,20716267300.0,210070,12420.0,134,12415.0,123,12425.0,570,12410.0,232,12430.0,501,12405.0,208,12435.0,288,12400.0,241,12440.0,234,12395.0,164
1597988393605763072,1597988393500000000,2020-08-21 13:39:53.500000,12415.0,12425.0,12280.0,12360.0,nan,12350.97,167752,20718999600.0,210068,12420.0,115,12415.0,121,12425.0,570,12410.0,232,12430.0,501,12405.0,208,12435.0,288,12400.0,241,12440.0,234,12395.0,164
1597988394111206912,1597988394000000000,2020-08-21 13:39:54.000000,12420.0,12425.0,12280.0,12360.0,nan,12350.972,167757,20719620400.0,210064,12420.0,124,12415.0,117,12425.0,570,12410.0,232,12430.0,501,12405.0,208,12435.0,288,12400.0,241,12440.0,234,12395.0,164
1597988394644463104,1597988394500000000,2020-08-21 13:39:54.500000,12420.0,12425.0,12280.0,12360.0,nan,12350.972,167757,20719620400.0,210064,12420.0,138,12415.0,117,12425.0,571,12410.0,232,12430.0,501,12405.0,208,12435.0,288,12400.0,241,12440.0,234,12395.0,164
1597988395130800896,1597988395000000000,2020-08-21 13:39:55.000000,12420.0,12425.0,12280.0,12360.0,nan,12350.977,167768,20720986600.0,210064,12420.0,128,12415.0,117,12425.0,571,12410.0,232,12430.0,502,12405.0,208,12435.0,288,12400.0,241,12440.0,234,12395.0,164
1597988395612893952,1597988395500000000,2020-08-21 13:39:55.500000,12420.0,12425.0,12280.0,12360.0,nan,12350.977,167769,20721110800.0,210064,12420.0,129,12415.0,118,12425.0,571,12410.0,232,12430.0,502,12405.0,208,12435.0,288,12400.0,241,12440.0,234,12395.0,164
1597988396130616064,1597988396000000000,2020-08-21 13:39:56.000000,12420.0,12425.0,12280.0,12360.0,nan,12350.977,167769,20721110800.0,210064,12420.0,130,12415.0,117,12425.0,571,12410.0,232,12430.0,502,12405.0,208,12435.0,288,12400.0,241,12440.0,234,12395.0,164
1597988396662327040,1597988396500000000,2020-08-21 13:39:56.500000,12420.0,12425.0,12280.0,12360.0,nan,12350.977,167769,20721110800.0,210064,12420.0,130,12415.0,119,12425.0,571,12410.0,232,12430.0,502,12405.0,208,12435.0,288,12400.0,242,12440.0,234,12395.0,164
1597988397113487872,1597988397000000000,2020-08-21 13:39:57.000000,12420.0,12425.0,12280.0,12360.0,nan,12350.977,167769,20721110800.0,210064,12420.0,130,12415.0,121,12425.0,571,12410.0,232,12430.0,502,12405.0,208,12435.0,288,12400.0,242,12440.0,234,12395.0,164
1597988397618760960,1597988397500000000,2020-08-21 13:39:57.500000,12420.0,12425.0,12280.0,12360.0,nan,12350.977,167769,20721110800.0,210064,12420.0,131,12415.0,121,12425.0,571,12410.0,232,12430.0,502,12405.0,208,12435.0,288,12400.0,242,12440.0,234,12395.0,164
1597988398162590976,1597988398000000000,2020-08-21 13:39:58.000000,12420.0,12425.0,12280.0,12360.0,nan,12350.978,167770,20721235000.0,210064,12420.0,130,12415.0,123,12425.0,571,12410.0,232,12430.0,502,12405.0,208,12435.0,288,12400.0,242,12440.0,234,12395.0,164
1597988398603494912,1597988398500000000,2020-08-21 13:39:58.500000,12420.0,12425.0,12280.0,12360.0,nan,12350.98,167775,20721856000.0,210064,12420.0,126,12415.0,124,12425.0,571,12410.0,232,12430.0,502,12405.0,208,12435.0,288,12400.0,242,12440.0,234,12395.0,164
1597988399125106944,1597988399000000000,2020-08-21 13:39:59.000000,12420.0,12425.0,12280.0,12360.0,nan,12350.98,167775,20721856000.0,210064,12420.0,131,12415.0,125,12425.0,571,12410.0,232,12430.0,502,12405.0,208,12435.0,288,12400.0,242,12440.0,234,12395.0,164
1597988399607543040,1597988399500000000,2020-08-21 13:39:59.500000,12420.0,12425.0,12280.0,12360.0,nan,12350.981,167779,20722352650.0,210065,12420.0,131,12415.0,132,12425.0,571,12410.0,232,12430.0,502,12405.0,208,12435.0,288,12400.0,242,12440.0,234,12395.0,164
1597988400133624064,1597988400000000000,2020-08-21 13:40:00.000000,12420.0,12425.0,12280.0,12360.0,nan,12350.981,167779,20722352650.0,210065,12420.0,131,12415.0,133,12425.0,571,12410.0,232,12430.0,502,12405.0,209,12435.0,289,12400.0,243,12440.0,235,12395.0,164
1597988400614189056,1597988400500000000,2020-08-21 13:40:00.500000,12420.0,12425.0,12280.0,12360.0,nan,12350.991,167802,20725209250.0,210072,12420.0,109,12415.0,154,12425.0,571,12410.0,232,12430.0,502,12405.0,209,12435.0,289,12400.0,243,12440.0,235,12395.0,164
1597988401115181056,1597988401000000000,2020-08-21 13:40:01.000000,12420.0,12425.0,12280.0,12360.0,nan,12351.005,167837,20729556200.0,210090,12420.0,79,12415.0,161,12425.0,570,12410.0,232,12430.0,502,12405.0,209,12435.0,289,12400.0,243,12440.0,235,12395.0,164
1597988401627002880,1597988401500000000,2020-08-21 13:40:01.500000,12420.0,12425.0,12280.0,12360.0,nan,12351.009,167846,20730673950.0,210090,12420.0,72,12415.0,161,12425.0,570,12410.0,232,12430.0,502,12405.0,209,12435.0,289,12400.0,243,12440.0,235,12395.0,164
1597988402146993920,1597988402000000000,2020-08-21 13:40:02.000000,12420.0,12425.0,12280.0,12360.0,nan,12351.009,167847,20730798150.0,210091,12420.0,71,12415.0,161,12425.0,570,12410.0,232,12430.0,502,12405.0,209,12435.0,289,12400.0,243,12440.0,235,12395.0,164
1597988402623579904,1597988402500000000,2020-08-21 13:40:02.500000,12420.0,12425.0,12280.0,12360.0,nan,12351.026,167889,20736014550.0,210111,12420.0,29,12415.0,161,12425.0,570,12410.0,232,12430.0,502,12405.0,209,12435.0,289,12400.0,243,12440.0,235,12395.0,164
1597988403129669120,1597988403000000000,2020-08-21 13:40:03.000000,12420.0,12425.0,12280.0,12360.0,nan,12351.041,167924,20740361550.0,210100,12425.0,571,12420.0,76,12430.0,504,12415.0,167,12435.0,289,12410.0,230,12440.0,236,12405.0,209,12445.0,322,12400.0,245
1597988403626211072,1597988403500000000,2020-08-21 13:40:03.500000,12420.0,12425.0,12280.0,12360.0,nan,12351.064,167980,20747316750.0,210151,12425.0,579,12420.0,77,12430.0,505,12415.0,165,12435.0,289,12410.0,232,12440.0,237,12405.0,207,12445.0,322,12400.0,246
1597988404154212096,1597988404000000000,2020-08-21 13:40:04.000000,12420.0,12425.0,12280.0,12360.0,nan,12351.064,167982,20747565150.0,210151,12425.0,570,12420.0,82,12430.0,505,12415.0,164,12435.0,289,12410.0,232,12440.0,237,12405.0,207,12445.0,322,12400.0,246
1597988404650232064,1597988404500000000,2020-08-21 13:40:04.500000,12420.0,12425.0,12280.0,12360.0,nan,12351.065,167984,20747813550.0,210152,12425.0,576,12420.0,87,12430.0,505,12415.0,164,12435.0,289,12410.0,232,12440.0,237,12405.0,207,12445.0,322,12400.0,246
1597988405128220928,1597988405000000000,2020-08-21 13:40:05.000000,12420.0,12425.0,12280.0,12360.0,nan,12351.067,167987,20748186150.0,210155,12425.0,577,12420.0,84,12430.0,505,12415.0,164,12435.0,289,12410.0,232,12440.0,237,12405.0,207,12445.0,322,12400.0,246
1597988405622616064,1597988405500000000,2020-08-21 13:40:05.500000,12420.0,12425.0,12280.0,12360.0,nan,12351.067,167989,20748434550.0,210156,12425.0,576,12420.0,82,12430.0,506,12415.0,165,12435.0,289,12410.0,232,12440.0,237,12405.0,207,12445.0,322,12400.0,246
1597988406130834944,1597988406000000000,2020-08-21 13:40:06.000000,12420.0,12425.0,12280.0,12360.0,nan,12351.068,167990,20748558750.0,210156,12425.0,576,12420.0,111,12430.0,515,12415.0,165,12435.0,289,12410.0,232,12440.0,237,12405.0,207,12445.0,322,12400.0,247
1597988406625645056,1597988406500000000,2020-08-21 13:40:06.500000,12425.0,12425.0,12280.0,12360.0,nan,12351.069,167992,20748807200.0,210156,12425.0,575,12420.0,111,12430.0,515,12415.0,167,12435.0,289,12410.0,232,12440.0,237,12405.0,207,12445.0,322,12400.0,247
1597988407270548992,1597988407000000000,2020-08-21 13:40:07.000000,12420.0,12425.0,12280.0,12360.0,nan,12351.072,167999,20749676900.0,210156,12425.0,569,12420.0,113,12430.0,515,12415.0,172,12435.0,289,12410.0,232,12440.0,237,12405.0,207,12445.0,322,12400.0,247
1597988407629696000,1597988407500000000,2020-08-21 13:40:07.500000,12420.0,12425.0,12280.0,12360.0,nan,12351.072,167999,20749676900.0,210156,12425.0,569,12420.0,113,12430.0,515,12415.0,172,12435.0,289,12410.0,233,12440.0,237,12405.0,207,12445.0,322,12400.0,247
1597988408135437056,1597988408000000000,2020-08-21 13:40:08.000000,12420.0,12425.0,12280.0,12360.0,nan,12351.072,168000,20749801100.0,210157,12425.0,569,12420.0,114,12430.0,515,12415.0,172,12435.0,289,12410.0,233,12440.0,237,12405.0,207,12445.0,322,12400.0,247
1597988408624474880,1597988408500000000,2020-08-21 13:40:08.500000,12420.0,12425.0,12280.0,12360.0,nan,12351.074,168005,20750422100.0,210162,12425.0,570,12420.0,110,12430.0,515,12415.0,172,12435.0,289,12410.0,233,12440.0,237,12405.0,207,12445.0,322,12400.0,247
1597988409124041984,1597988409000000000,2020-08-21 13:40:09.000000,12420.0,12425.0,12280.0,12360.0,nan,12351.075,168006,20750546300.0,210162,12425.0,570,12420.0,137,12430.0,515,12415.0,172,12435.0,290,12410.0,233,12440.0,237,12405.0,207,12445.0,322,12400.0,247
1597988409625281024,1597988409500000000,2020-08-21 13:40:09.500000,12420.0,12425.0,12280.0,12360.0,nan,12351.075,168007,20750670500.0,210162,12425.0,570,12420.0,143,12430.0,515,12415.0,172,12435.0,290,12410.0,233,12440.0,237,12405.0,207,12445.0,322,12400.0,247
1597988410108670976,1597988410000000000,2020-08-21 13:40:10.000000,12420.0,12425.0,12280.0,12360.0,nan,12351.092,168048,20755762700.0,210199,12425.0,575,12420.0,102,12430.0,515,12415.0,174,12435.0,290,12410.0,233,12440.0,237,12405.0,207,12445.0,322,12400.0,247
1597988410632165888,1597988410500000000,2020-08-21 13:40:10.500000,12420.0,12425.0,12280.0,12360.0,nan,12351.109,168091,20761103300.0,210196,12425.0,575,12420.0,62,12430.0,515,12415.0,173,12435.0,278,12410.0,232,12440.0,237,12405.0,207,12445.0,322,12400.0,242
1597988411119277056,1597988411000000000,2020-08-21 13:40:11.000000,12420.0,12425.0,12280.0,12360.0,nan,12351.114,168103,20762593700.0,210196,12425.0,575,12420.0,50,12430.0,515,12415.0,175,12435.0,278,12410.0,231,12440.0,237,12405.0,207,12445.0,322,12400.0,242
1597988411635634944,1597988411500000000,2020-08-21 13:40:11.500000,12420.0,12425.0,12280.0,12360.0,nan,12351.116,168108,20763214700.0,210198,12425.0,575,12420.0,49,12430.0,515,12415.0,175,12435.0,278,12410.0,231,12440.0,237,12405.0,207,12445.0,322,12400.0,242
1597988412110902016,1597988412000000000,2020-08-21 13:40:12.000000,12420.0,12425.0,12280.0,12360.0,nan,12351.12,168116,20764208650.0,210198,12425.0,568,12420.0,49,12430.0,516,12415.0,175,12435.0,278,12410.0,231,12440.0,237,12405.0,207,12445.0,322,12400.0,242
1597988412655245056,1597988412500000000,2020-08-21 13:40:12.500000,12425.0,12425.0,12280.0,12360.0,nan,12351.121,168118,20764457150.0,210198,12425.0,567,12420.0,48,12430.0,516,12415.0,174,12435.0,278,12410.0,230,12440.0,237,12405.0,207,12445.0,322,12400.0,242
1597988413153912064,1597988413000000000,2020-08-21 13:40:13.000000,12420.0,12425.0,12280.0,12360.0,nan,12351.122,168120,20764705550.0,210200,12425.0,567,12420.0,50,12430.0,516,12415.0,174,12435.0,278,12410.0,230,12440.0,237,12405.0,207,12445.0,322,12400.0,242
1597988413662223104,1597988413500000000,2020-08-21 13:40:13.500000,12420.0,12425.0,12280.0,12360.0,nan,12351.126,168131,20766071750.0,210204,12425.0,567,12420.0,40,12430.0,516,12415.0,174,12435.0,277,12410.0,230,12440.0,237,12405.0,207,12445.0,322,12400.0,242
1597988414122251008,1597988414000000000,2020-08-21 13:40:14.000000,12420.0,12425.0,12280.0,12360.0,nan,12351.133,168149,20768307350.0,210219,12425.0,568,12420.0,24,12430.0,516,12415.0,174,12435.0,277,12410.0,227,12440.0,238,12405.0,207,12445.0,322,12400.0,242
1597988414646390016,1597988414500000000,2020-08-21 13:40:14.500000,12420.0,12425.0,12280.0,12360.0,nan,12351.146,168180,20772157350.0,210230,12420.0,53,12415.0,173,12425.0,569,12410.0,227,12430.0,516,12405.0,207,12435.0,277,12400.0,242,12440.0,238,12395.0,161
1597988415124346112,1597988415000000000,2020-08-21 13:40:15.000000,12415.0,12425.0,12280.0,12360.0,nan,12351.146,168181,20772281500.0,210229,12420.0,72,12415.0,174,12425.0,564,12410.0,227,12430.0,516,12405.0,207,12435.0,278,12400.0,242,12440.0,238,12395.0,161
1597988415661948928,1597988415500000000,2020-08-21 13:40:15.500000,12415.0,12425.0,12280.0,12360.0,nan,12351.148,168185,20772778250.0,210226,12420.0,86,12415.0,173,12425.0,564,12410.0,227,12430.0,516,12405.0,207,12435.0,278,12400.0,242,12440.0,238,12395.0,161
1597988416134982912,1597988416000000000,2020-08-21 13:40:16.000000,12415.0,12425.0,12280.0,12360.0,nan,12351.148,168186,20772902400.0,210225,12420.0,88,12415.0,173,12425.0,561,12410.0,227,12430.0,513,12405.0,207,12435.0,279,12400.0,242,12440.0,238,12395.0,161
1597988416624442880,1597988416500000000,2020-08-21 13:40:16.500000,12420.0,12425.0,12280.0,12360.0,nan,12351.149,168187,20773026600.0,210225,12420.0,92,12415.0,174,12425.0,560,12410.0,227,12430.0,513,12405.0,207,12435.0,279,12400.0,242,12440.0,238,12395.0,161
1597988417145043968,1597988417000000000,2020-08-21 13:40:17.000000,12420.0,12425.0,12280.0,12360.0,nan,12351.149,168188,20773150800.0,210225,12420.0,96,12415.0,166,12425.0,566,12410.0,228,12430.0,514,12405.0,207,12435.0,279,12400.0,242,12440.0,238,12395.0,161
1597988417638405120,1597988417500000000,2020-08-21 13:40:17.500000,12420.0,12425.0,12280.0,12360.0,nan,12351.15,168190,20773399200.0,210225,12420.0,141,12415.0,166,12425.0,568,12410.0,228,12430.0,514,12405.0,207,12435.0,279,12400.0,242,12440.0,238,12395.0,161
1597988418137807872,1597988418000000000,2020-08-21 13:40:18.000000,12420.0,12425.0,12280.0,12360.0,nan,12351.15,168190,20773399200.0,210225,12420.0,144,12415.0,166,12425.0,568,12410.0,228,12430.0,514,12405.0,207,12435.0,279,12400.0,242,12440.0,238,12395.0,161
1597988418624058880,1597988418500000000,2020-08-21 13:40:18.500000,12415.0,12425.0,12280.0,12360.0,nan,12351.153,168197,20774268350.0,210225,12420.0,142,12415.0,161,12425.0,568,12410.0,226,12430.0,514,12405.0,207,12435.0,279,12400.0,242,12440.0,238,12395.0,161
1597988419132805120,1597988419000000000,2020-08-21 13:40:19.000000,12420.0,12425.0,12280.0,12360.0,nan,12351.153,168198,20774392550.0,210225,12420.0,148,12415.0,161,12425.0,564,12410.0,226,12430.0,515,12405.0,207,12435.0,279,12400.0,243,12440.0,238,12395.0,161
1597988419645182976,1597988419500000000,2020-08-21 13:40:19.500000,12420.0,12425.0,12280.0,12360.0,nan,12351.153,168198,20774392550.0,210225,12420.0,149,12415.0,161,12425.0,564,12410.0,226,12430.0,515,12405.0,207,12435.0,279,12400.0,243,12440.0,238,12395.0,161
1597988420113457920,1597988420000000000,2020-08-21 13:40:20.000000,12420.0,12425.0,12280.0,12360.0,nan,12351.153,168198,20774392550.0,210225,12420.0,150,12415.0,161,12425.0,564,12410.0,227,12430.0,515,12405.0,207,12435.0,279,12400.0,243,12440.0,238,12395.0,161
