local_nano_time,quote_nano_time,datetime,last_price,highest,lowest,open,close,average,volume,amount,open_interest,ask_price1,ask_volume1,bid_price1,bid_volume1,ask_price2,ask_volume2,bid_price2,bid_volume2,ask_price3,ask_volume3,bid_price3,bid_volume3,ask_price4,ask_volume4,bid_price4,bid_volume4,ask_price5,ask_volume5,bid_price5,bid_volume5
1597989945617891072,1597989945500000000,2020-08-21 14:05:45.500000,4083.0,4083.0,4037.0,4037.0,nan,4055.571,7,283890.0,11,4084.0,1,4083.0,1,4098.0,1,4046.0,1,4190.0,1,4045.0,1,nan,0,4004.0,1,nan,0,3919.0,1
1597989950613111040,1597989950500000000,2020-08-21 14:05:50.500000,4083.0,4083.0,4037.0,4037.0,nan,4059.0,8,324720.0,12,4084.0,1,4046.0,1,4098.0,1,4045.0,1,4190.0,1,4004.0,1,nan,0,3919.0,1,nan,0,3900.0,1
1597989955120727040,1597989955000000000,2020-08-21 14:05:55.000000,4083.0,4083.0,4037.0,4037.0,nan,4059.0,8,324720.0,12,4083.0,1,4046.0,1,4084.0,1,4045.0,1,4098.0,1,4004.0,1,4190.0,1,3919.0,1,nan,0,3900.0,1
1597989960641147904,1597989960500000000,2020-08-21 14:06:00.500000,4083.0,4083.0,4037.0,4037.0,nan,4059.0,8,324720.0,12,4083.0,1,4046.0,2,4084.0,1,4045.0,1,4098.0,1,4004.0,1,4190.0,1,3919.0,1,nan,0,3900.0,1
1597989967626237952,1597989967500000000,2020-08-21 14:06:07.500000,4083.0,4083.0,4037.0,4037.0,nan,4059.0,8,324720.0,12,4083.0,1,4047.0,2,4084.0,1,4046.0,2,4098.0,1,4004.0,1,4190.0,1,3919.0,1,nan,0,3900.0,1
1597989973131154944,1597989973000000000,2020-08-21 14:06:13.000000,4083.0,4083.0,4037.0,4037.0,nan,4059.0,8,324720.0,12,4083.0,1,4047.0,2,4084.0,1,4046.0,1,4098.0,1,4004.0,1,4190.0,1,3919.0,1,nan,0,3900.0,1
1597989976614561024,1597989976500000000,2020-08-21 14:06:16.500000,4083.0,4083.0,4037.0,4037.0,nan,4059.0,8,324720.0,12,4083.0,1,4048.0,2,4084.0,1,4047.0,2,4098.0,1,4046.0,1,4190.0,1,4004.0,1,nan,0,3919.0,1
1597989978133649920,1597989978000000000,2020-08-21 14:06:18.000000,4083.0,4083.0,4037.0,4037.0,nan,4059.0,8,324720.0,12,4083.0,1,4050.0,1,4084.0,1,4048.0,2,4098.0,1,4047.0,2,4190.0,1,4046.0,1,nan,0,4004.0,1
1597989982640261120,1597989982500000000,2020-08-21 14:06:22.500000,4083.0,4083.0,4037.0,4037.0,nan,4059.0,8,324720.0,12,4083.0,1,4050.0,1,4084.0,1,4047.0,2,4098.0,1,4046.0,1,4190.0,1,4004.0,1,nan,0,3919.0,1
1597989985629882880,1597989985500000000,2020-08-21 14:06:25.500000,4083.0,4083.0,4037.0,4037.0,nan,4059.0,8,324720.0,12,4083.0,1,4051.0,2,4084.0,1,4050.0,1,4098.0,1,4046.0,1,4190.0,1,4004.0,1,nan,0,3919.0,1
1597989990136150016,1597989990000000000,2020-08-21 14:06:30.000000,4083.0,4083.0,4037.0,4037.0,nan,4059.0,8,324720.0,12,4083.0,1,4051.0,2,4084.0,1,4046.0,1,4098.0,1,4004.0,1,4190.0,1,3919.0,1,nan,0,3900.0,1
1597989990644957952,1597989990500000000,2020-08-21 14:06:30.500000,4083.0,4083.0,4037.0,4037.0,nan,4059.0,8,324720.0,12,4083.0,1,4052.0,1,4084.0,1,4051.0,2,4098.0,1,4046.0,1,4190.0,1,4004.0,1,nan,0,3919.0,1
1597989993136156928,1597989993000000000,2020-08-21 14:06:33.000000,4083.0,4083.0,4037.0,4037.0,nan,4059.0,8,324720.0,12,4083.0,1,4053.0,2,4084.0,1,4052.0,1,4098.0,1,4046.0,1,4190.0,1,4004.0,1,nan,0,3919.0,1
1597989998659888128,1597989998500000000,2020-08-21 14:06:38.500000,4083.0,4083.0,4037.0,4037.0,nan,4059.0,8,324720.0,12,4083.0,1,4059.0,1,4084.0,1,4053.0,2,4098.0,1,4046.0,1,4190.0,1,4004.0,1,nan,0,3919.0,1
1597989999640536064,1597989999500000000,2020-08-21 14:06:39.500000,4083.0,4083.0,4037.0,4037.0,nan,4059.0,8,324720.0,12,4083.0,1,4060.0,2,4084.0,1,4059.0,1,4098.0,1,4046.0,1,4190.0,1,4004.0,1,nan,0,3919.0,1
1597990020653786112,1597990020500000000,2020-08-21 14:07:00.500000,4083.0,4083.0,4037.0,4037.0,nan,4059.0,8,324720.0,12,4083.0,1,4067.0,1,4084.0,1,4060.0,2,4098.0,1,4046.0,1,4190.0,1,4004.0,1,nan,0,3919.0,1
1597990024137665024,1597990024000000000,2020-08-21 14:07:04.000000,4083.0,4083.0,4037.0,4037.0,nan,4059.0,8,324720.0,12,4084.0,1,4067.0,1,4098.0,1,4060.0,2,4190.0,1,4046.0,1,nan,0,4004.0,1,nan,0,3919.0,1
1597990026145427968,1597990026000000000,2020-08-21 14:07:06.000000,4083.0,4083.0,4037.0,4037.0,nan,4059.0,8,324720.0,12,4084.0,1,4067.0,1,4098.0,1,4046.0,1,4190.0,1,4004.0,1,nan,0,3919.0,1,nan,0,3900.0,1
1597990029662065920,1597990029500000000,2020-08-21 14:07:09.500000,4083.0,4083.0,4037.0,4037.0,nan,4059.0,8,324720.0,12,4083.0,1,4067.0,1,4084.0,1,4046.0,1,4098.0,1,4004.0,1,4190.0,1,3919.0,1,nan,0,3900.0,1
1597990030655804928,1597990030500000000,2020-08-21 14:07:10.500000,4083.0,4083.0,4037.0,4037.0,nan,4059.0,8,324720.0,12,4083.0,1,4067.0,1,4098.0,1,4046.0,1,4099.0,1,4004.0,1,4190.0,1,3919.0,1,nan,0,3900.0,1
1597990217646782976,1597990217500000000,2020-08-21 14:10:17.500000,4083.0,4083.0,4037.0,4037.0,nan,4059.0,8,324720.0,12,4083.0,1,4067.0,1,4096.0,1,4046.0,1,4098.0,1,4004.0,1,4190.0,1,3919.0,1,nan,0,3900.0,1
1597990275121187072,1597990275000000000,2020-08-21 14:11:15.000000,4083.0,4083.0,4037.0,4037.0,nan,4059.0,8,324720.0,12,4096.0,1,4067.0,1,4098.0,1,4046.0,1,4190.0,1,4004.0,1,nan,0,3919.0,1,nan,0,3900.0,1
1597990275642880000,1597990275500000000,2020-08-21 14:11:15.500000,4083.0,4083.0,4037.0,4037.0,nan,4059.0,8,324720.0,12,4095.0,1,4067.0,1,4096.0,1,4046.0,1,4098.0,1,4004.0,1,4190.0,1,3919.0,1,nan,0,3900.0,1
1597990278126568960,1597990278000000000,2020-08-21 14:11:18.000000,4083.0,4083.0,4037.0,4037.0,nan,4059.0,8,324720.0,12,4094.0,1,4067.0,1,4095.0,1,4046.0,1,4096.0,1,4004.0,1,4098.0,1,3919.0,1,4190.0,1,3900.0,1
1597990278629957888,1597990278500000000,2020-08-21 14:11:18.500000,4083.0,4083.0,4037.0,4037.0,nan,4059.0,8,324720.0,12,4093.0,1,4067.0,1,4094.0,1,4046.0,1,4096.0,1,4004.0,1,4098.0,1,3919.0,1,4190.0,1,3900.0,1
1597990286627086080,1597990286500000000,2020-08-21 14:11:26.500000,4083.0,4083.0,4037.0,4037.0,nan,4059.0,8,324720.0,12,4093.0,1,4067.0,1,4094.0,1,4046.0,1,4098.0,1,4004.0,1,4190.0,1,3919.0,1,nan,0,3900.0,1
1597990287134192896,1597990287000000000,2020-08-21 14:11:27.000000,4083.0,4083.0,4037.0,4037.0,nan,4059.0,8,324720.0,12,4092.0,1,4067.0,1,4093.0,1,4046.0,1,4094.0,1,4004.0,1,4098.0,1,3919.0,1,4190.0,1,3900.0,1
1597990287617359872,1597990287500000000,2020-08-21 14:11:27.500000,4083.0,4083.0,4037.0,4037.0,nan,4059.0,8,324720.0,12,4091.0,1,4067.0,1,4092.0,1,4046.0,1,4094.0,1,4004.0,1,4098.0,1,3919.0,1,4190.0,1,3900.0,1
1597990291126087936,1597990291000000000,2020-08-21 14:11:31.000000,4083.0,4083.0,4037.0,4037.0,nan,4059.0,8,324720.0,12,4091.0,1,4067.0,1,4094.0,1,4046.0,1,4098.0,1,4004.0,1,4190.0,1,3919.0,1,nan,0,3900.0,1
1597990291627767040,1597990291500000000,2020-08-21 14:11:31.500000,4083.0,4083.0,4037.0,4037.0,nan,4059.0,8,324720.0,12,4090.0,1,4067.0,1,4091.0,1,4046.0,1,4094.0,1,4004.0,1,4098.0,1,3919.0,1,4190.0,1,3900.0,1
1597990292141517056,1597990292000000000,2020-08-21 14:11:32.000000,4083.0,4083.0,4037.0,4037.0,nan,4059.0,8,324720.0,12,4090.0,1,4067.0,1,4094.0,1,4046.0,1,4098.0,1,4004.0,1,4190.0,1,3919.0,1,nan,0,3900.0,1
1597990297669261056,1597990297500000000,2020-08-21 14:11:37.500000,4083.0,4083.0,4037.0,4037.0,nan,4059.0,8,324720.0,12,4089.0,1,4067.0,1,4090.0,1,4046.0,1,4098.0,1,4004.0,1,4190.0,1,3919.0,1,nan,0,3900.0,1
1597990299630415872,1597990299500000000,2020-08-21 14:11:39.500000,4083.0,4083.0,4037.0,4037.0,nan,4059.0,8,324720.0,12,4089.0,1,4067.0,1,4098.0,1,4046.0,1,4190.0,1,4004.0,1,nan,0,3919.0,1,nan,0,3900.0,1
1597990300137867008,1597990300000000000,2020-08-21 14:11:40.000000,4083.0,4083.0,4037.0,4037.0,nan,4059.0,8,324720.0,12,4089.0,1,4067.0,1,4097.0,1,4046.0,1,4098.0,1,4004.0,1,4190.0,1,3919.0,1,nan,0,3900.0,1
1597990323149862912,1597990323000000000,2020-08-21 14:12:03.000000,4083.0,4083.0,4037.0,4037.0,nan,4059.0,8,324720.0,12,4089.0,1,4046.0,1,4097.0,1,4004.0,1,4098.0,1,3919.0,1,4190.0,1,3900.0,1,nan,0,3888.0,1
1597990325654139904,1597990325500000000,2020-08-21 14:12:05.500000,4083.0,4083.0,4037.0,4037.0,nan,4059.0,8,324720.0,12,4089.0,1,4047.0,1,4097.0,1,4046.0,1,4098.0,1,4004.0,1,4190.0,1,3919.0,1,nan,0,3900.0,1
1597990332187558912,1597990332000000000,2020-08-21 14:12:12.000000,4083.0,4083.0,4037.0,4037.0,nan,4059.0,8,324720.0,12,4089.0,1,4047.0,1,4097.0,1,4004.0,1,4098.0,1,3919.0,1,4190.0,1,3900.0,1,nan,0,3888.0,1
1597990332629392896,1597990332500000000,2020-08-21 14:12:12.500000,4083.0,4083.0,4037.0,4037.0,nan,4059.0,8,324720.0,12,4089.0,1,4048.0,1,4097.0,1,4047.0,1,4098.0,1,4004.0,1,4190.0,1,3919.0,1,nan,0,3900.0,1
1597990356615216896,1597990356500000000,2020-08-21 14:12:36.500000,4083.0,4083.0,4037.0,4037.0,nan,4059.0,8,324720.0,12,4089.0,1,4049.0,2,4097.0,1,4048.0,1,4098.0,1,4004.0,1,4190.0,1,3919.0,1,nan,0,3900.0,1
1597990358645609984,1597990358500000000,2020-08-21 14:12:38.500000,4083.0,4083.0,4037.0,4037.0,nan,4059.0,8,324720.0,12,4089.0,1,4050.0,1,4097.0,1,4049.0,2,4098.0,1,4004.0,1,4190.0,1,3919.0,1,nan,0,3900.0,1
1597990365138483968,1597990365000000000,2020-08-21 14:12:45.000000,4083.0,4083.0,4037.0,4037.0,nan,4059.0,8,324720.0,12,4089.0,1,4050.0,1,4097.0,1,4004.0,1,4098.0,1,3919.0,1,4190.0,1,3900.0,1,nan,0,3888.0,1
1597990365633688064,1597990365500000000,2020-08-21 14:12:45.500000,4083.0,4083.0,4037.0,4037.0,nan,4059.0,8,324720.0,12,4089.0,1,4051.0,2,4097.0,1,4050.0,1,4098.0,1,4004.0,1,4190.0,1,3919.0,1,nan,0,3900.0,1
1597990369133580032,1597990369000000000,2020-08-21 14:12:49.000000,4083.0,4083.0,4037.0,4037.0,nan,4059.0,8,324720.0,12,4089.0,1,4052.0,1,4097.0,1,4051.0,2,4098.0,1,4004.0,1,4190.0,1,3919.0,1,nan,0,3900.0,1
1597990372128849920,1597990372000000000,2020-08-21 14:12:52.000000,4083.0,4083.0,4037.0,4037.0,nan,4059.0,8,324720.0,12,4089.0,1,4053.0,2,4097.0,1,4052.0,1,4098.0,1,4004.0,1,4190.0,1,3919.0,1,nan,0,3900.0,1
1597990374123664896,1597990374000000000,2020-08-21 14:12:54.000000,4083.0,4083.0,4037.0,4037.0,nan,4059.0,8,324720.0,12,4089.0,1,4054.0,1,4097.0,1,4053.0,2,4098.0,1,4004.0,1,4190.0,1,3919.0,1,nan,0,3900.0,1
1597990379614827008,1597990379500000000,2020-08-21 14:12:59.500000,4083.0,4083.0,4037.0,4037.0,nan,4059.0,8,324720.0,12,4089.0,1,4055.0,2,4097.0,1,4054.0,1,4098.0,1,4004.0,1,4190.0,1,3919.0,1,nan,0,3900.0,1
1597990381141831936,1597990381000000000,2020-08-21 14:13:01.000000,4083.0,4083.0,4037.0,4037.0,nan,4059.0,8,324720.0,12,4089.0,1,4056.0,1,4097.0,1,4055.0,2,4098.0,1,4004.0,1,4190.0,1,3919.0,1,nan,0,3900.0,1
1597990385621263872,1597990385500000000,2020-08-21 14:13:05.500000,4083.0,4083.0,4037.0,4037.0,nan,4059.0,8,324720.0,12,4089.0,1,4057.0,1,4097.0,1,4056.0,1,4098.0,1,4004.0,1,4190.0,1,3919.0,1,nan,0,3900.0,1
1597990388193325056,1597990388000000000,2020-08-21 14:13:08.000000,4083.0,4083.0,4037.0,4037.0,nan,4059.0,8,324720.0,12,4089.0,1,4058.0,1,4097.0,1,4057.0,1,4098.0,1,4004.0,1,4190.0,1,3919.0,1,nan,0,3900.0,1
1597990394134333952,1597990394000000000,2020-08-21 14:13:14.000000,4083.0,4083.0,4037.0,4037.0,nan,4059.0,8,324720.0,12,4089.0,1,4059.0,1,4097.0,1,4058.0,1,4098.0,1,4004.0,1,4190.0,1,3919.0,1,nan,0,3900.0,1
1597990395624446976,1597990395500000000,2020-08-21 14:13:15.500000,4083.0,4083.0,4037.0,4037.0,nan,4059.0,8,324720.0,12,4089.0,1,4060.0,1,4097.0,1,4059.0,1,4098.0,1,4004.0,1,4190.0,1,3919.0,1,nan,0,3900.0,1
1597990443611154944,1597990443500000000,2020-08-21 14:14:03.500000,4060.0,4083.0,4037.0,4037.0,nan,4059.111,9,365320.0,11,4089.0,1,4059.0,1,4097.0,1,4004.0,1,4098.0,1,3919.0,1,4190.0,1,3900.0,1,nan,0,3888.0,1
1597990452184908032,1597990452000000000,2020-08-21 14:14:12.000000,4060.0,4083.0,4037.0,4037.0,nan,4059.111,9,365320.0,11,4089.0,1,4059.0,1,4097.0,1,3919.0,1,4098.0,1,3900.0,1,4190.0,1,3888.0,1,nan,0,3813.0,1
1597990452636230912,1597990452500000000,2020-08-21 14:14:12.500000,4060.0,4083.0,4037.0,4037.0,nan,4059.111,9,365320.0,11,4089.0,1,4060.0,1,4097.0,1,4059.0,1,4098.0,1,3919.0,1,4190.0,1,3900.0,1,nan,0,3888.0,1
1597990456142200064,1597990456000000000,2020-08-21 14:14:16.000000,4060.0,4083.0,4037.0,4037.0,nan,4059.111,9,365320.0,11,4089.0,1,4065.0,1,4097.0,1,4060.0,1,4098.0,1,4059.0,1,4190.0,1,3919.0,1,nan,0,3900.0,1
1597990465636869888,1597990465500000000,2020-08-21 14:14:25.500000,4065.0,4083.0,4037.0,4037.0,nan,4059.7,10,405970.0,10,4089.0,1,4060.0,1,4097.0,1,4059.0,1,4098.0,1,3919.0,1,4190.0,1,3900.0,1,nan,0,3888.0,1
1597990477630184960,1597990477500000000,2020-08-21 14:14:37.500000,4065.0,4083.0,4037.0,4037.0,nan,4059.7,10,405970.0,10,4089.0,1,4060.0,1,4097.0,1,3919.0,1,4098.0,1,3900.0,1,4190.0,1,3888.0,1,nan,0,3813.0,1
1597990478624966912,1597990478500000000,2020-08-21 14:14:38.500000,4065.0,4083.0,4037.0,4037.0,nan,4059.7,10,405970.0,10,4088.0,1,4060.0,1,4097.0,1,3919.0,1,4098.0,1,3900.0,1,4190.0,1,3888.0,1,nan,0,3813.0,1
1597990493141737984,1597990493000000000,2020-08-21 14:14:53.000000,4065.0,4083.0,4037.0,4037.0,nan,4059.7,10,405970.0,10,4088.0,1,4000.0,1,4097.0,1,3919.0,1,4098.0,1,3900.0,1,4190.0,1,3888.0,1,nan,0,3813.0,1
1597990495623927040,1597990495500000000,2020-08-21 14:14:55.500000,4065.0,4083.0,4037.0,4037.0,nan,4059.7,10,405970.0,10,4088.0,1,4001.0,2,4097.0,1,4000.0,1,4098.0,1,3919.0,1,4190.0,1,3900.0,1,nan,0,3888.0,1
1597990500117512960,1597990500000000000,2020-08-21 14:15:00.000000,4065.0,4083.0,4037.0,4037.0,nan,4059.7,10,405970.0,10,4088.0,1,4005.0,1,4097.0,1,4001.0,2,4098.0,1,3919.0,1,4190.0,1,3900.0,1,nan,0,3888.0,1
1597990500650430976,1597990500500000000,2020-08-21 14:15:00.500000,4065.0,4083.0,4037.0,4037.0,nan,4059.7,10,405970.0,10,4088.0,1,4006.0,2,4097.0,1,4005.0,1,4098.0,1,3919.0,1,4190.0,1,3900.0,1,nan,0,3888.0,1
1597990503861946880,1597990503500000000,2020-08-21 14:15:03.500000,4065.0,4083.0,4037.0,4037.0,nan,4059.7,10,405970.0,10,4088.0,1,4009.0,1,4097.0,1,4006.0,2,4098.0,1,3919.0,1,4190.0,1,3900.0,1,nan,0,3888.0,1
1597990504631499008,1597990504500000000,2020-08-21 14:15:04.500000,4065.0,4083.0,4037.0,4037.0,nan,4059.7,10,405970.0,10,4088.0,1,4010.0,2,4097.0,1,4009.0,1,4098.0,1,3919.0,1,4190.0,1,3900.0,1,nan,0,3888.0,1
1597990508166413056,1597990508000000000,2020-08-21 14:15:08.000000,4065.0,4083.0,4037.0,4037.0,nan,4059.7,10,405970.0,10,4088.0,1,4015.0,1,4097.0,1,4010.0,2,4098.0,1,3919.0,1,4190.0,1,3900.0,1,nan,0,3888.0,1
1597990509646982912,1597990509500000000,2020-08-21 14:15:09.500000,4065.0,4083.0,4037.0,4037.0,nan,4059.7,10,405970.0,10,4088.0,1,4016.0,2,4097.0,1,4015.0,1,4098.0,1,3919.0,1,4190.0,1,3900.0,1,nan,0,3888.0,1
1597990511118009088,1597990511000000000,2020-08-21 14:15:11.000000,4065.0,4083.0,4037.0,4037.0,nan,4059.7,10,405970.0,10,4088.0,1,4016.0,2,4097.0,1,3919.0,1,4098.0,1,3900.0,1,4190.0,1,3888.0,1,nan,0,3813.0,1
1597990511634637056,1597990511500000000,2020-08-21 14:15:11.500000,4065.0,4083.0,4037.0,4037.0,nan,4059.7,10,405970.0,10,4088.0,1,4019.0,1,4097.0,1,4016.0,2,4098.0,1,3919.0,1,4190.0,1,3900.0,1,nan,0,3888.0,1
1597990513129144064,1597990513000000000,2020-08-21 14:15:13.000000,4065.0,4083.0,4037.0,4037.0,nan,4059.7,10,405970.0,10,4088.0,1,4020.0,2,4097.0,1,4019.0,1,4098.0,1,3919.0,1,4190.0,1,3900.0,1,nan,0,3888.0,1
1597990515804376064,1597990515500000000,2020-08-21 14:15:15.500000,4065.0,4083.0,4037.0,4037.0,nan,4059.7,10,405970.0,10,4088.0,1,4026.0,1,4097.0,1,4020.0,2,4098.0,1,3919.0,1,4190.0,1,3900.0,1,nan,0,3888.0,1
1597990516624229888,1597990516500000000,2020-08-21 14:15:16.500000,4065.0,4083.0,4037.0,4037.0,nan,4059.7,10,405970.0,10,4088.0,1,4027.0,2,4097.0,1,4026.0,1,4098.0,1,3919.0,1,4190.0,1,3900.0,1,nan,0,3888.0,1
1597990518617294080,1597990518500000000,2020-08-21 14:15:18.500000,4065.0,4083.0,4037.0,4037.0,nan,4059.7,10,405970.0,10,4088.0,1,4029.0,1,4097.0,1,4027.0,2,4098.0,1,3919.0,1,4190.0,1,3900.0,1,nan,0,3888.0,1
1597990519629851904,1597990519500000000,2020-08-21 14:15:19.500000,4065.0,4083.0,4037.0,4037.0,nan,4059.7,10,405970.0,10,4088.0,1,4030.0,2,4097.0,1,4029.0,1,4098.0,1,3919.0,1,4190.0,1,3900.0,1,nan,0,3888.0,1
1597990522633564928,1597990522500000000,2020-08-21 14:15:22.500000,4065.0,4083.0,4037.0,4037.0,nan,4059.7,10,405970.0,10,4088.0,1,4035.0,1,4097.0,1,4030.0,2,4098.0,1,3919.0,1,4190.0,1,3900.0,1,nan,0,3888.0,1
1597990523646181120,1597990523500000000,2020-08-21 14:15:23.500000,4065.0,4083.0,4037.0,4037.0,nan,4059.7,10,405970.0,10,4088.0,1,4036.0,2,4097.0,1,4035.0,1,4098.0,1,3919.0,1,4190.0,1,3900.0,1,nan,0,3888.0,1
1597990525625648128,1597990525500000000,2020-08-21 14:15:25.500000,4065.0,4083.0,4037.0,4037.0,nan,4059.7,10,405970.0,10,4088.0,1,4036.0,2,4097.0,1,3919.0,1,4098.0,1,3900.0,1,4190.0,1,3888.0,1,nan,0,3813.0,1
1597990526147344896,1597990526000000000,2020-08-21 14:15:26.000000,4065.0,4083.0,4037.0,4037.0,nan,4059.7,10,405970.0,10,4088.0,1,4039.0,1,4097.0,1,4036.0,2,4098.0,1,3919.0,1,4190.0,1,3900.0,1,nan,0,3888.0,1
1597990527134962944,1597990527000000000,2020-08-21 14:15:27.000000,4065.0,4083.0,4037.0,4037.0,nan,4059.7,10,405970.0,10,4088.0,1,4040.0,2,4097.0,1,4039.0,1,4098.0,1,3919.0,1,4190.0,1,3900.0,1,nan,0,3888.0,1
1597990530643824896,1597990530500000000,2020-08-21 14:15:30.500000,4065.0,4083.0,4037.0,4037.0,nan,4059.7,10,405970.0,10,4088.0,1,4040.0,2,4097.0,1,3919.0,1,4098.0,1,3900.0,1,4190.0,1,3888.0,1,nan,0,3813.0,1
1597990531130262016,1597990531000000000,2020-08-21 14:15:31.000000,4065.0,4083.0,4037.0,4037.0,nan,4059.7,10,405970.0,10,4088.0,1,4044.0,1,4097.0,1,4040.0,2,4098.0,1,3919.0,1,4190.0,1,3900.0,1,nan,0,3888.0,1
1597990532147550976,1597990532000000000,2020-08-21 14:15:32.000000,4065.0,4083.0,4037.0,4037.0,nan,4059.7,10,405970.0,10,4088.0,1,4045.0,2,4097.0,1,4044.0,1,4098.0,1,3919.0,1,4190.0,1,3900.0,1,nan,0,3888.0,1
1597990534635429888,1597990534500000000,2020-08-21 14:15:34.500000,4065.0,4083.0,4037.0,4037.0,nan,4059.7,10,405970.0,10,4088.0,1,4047.0,1,4097.0,1,4045.0,2,4098.0,1,3919.0,1,4190.0,1,3900.0,1,nan,0,3888.0,1
1597990536156538880,1597990536000000000,2020-08-21 14:15:36.000000,4065.0,4083.0,4037.0,4037.0,nan,4059.7,10,405970.0,10,4088.0,1,4048.0,2,4097.0,1,4047.0,1,4098.0,1,3919.0,1,4190.0,1,3900.0,1,nan,0,3888.0,1
1597990539167241984,1597990539000000000,2020-08-21 14:15:39.000000,4065.0,4083.0,4037.0,4037.0,nan,4059.7,10,405970.0,10,4088.0,1,4050.0,1,4097.0,1,4048.0,2,4098.0,1,3919.0,1,4190.0,1,3900.0,1,nan,0,3888.0,1
1597990540134341888,1597990540000000000,2020-08-21 14:15:40.000000,4065.0,4083.0,4037.0,4037.0,nan,4059.7,10,405970.0,10,4088.0,1,4051.0,2,4097.0,1,4050.0,1,4098.0,1,3919.0,1,4190.0,1,3900.0,1,nan,0,3888.0,1
1597990542637387008,1597990542500000000,2020-08-21 14:15:42.500000,4065.0,4083.0,4037.0,4037.0,nan,4059.7,10,405970.0,10,4088.0,1,4054.0,1,4097.0,1,4051.0,2,4098.0,1,3919.0,1,4190.0,1,3900.0,1,nan,0,3888.0,1
1597990543632910080,1597990543500000000,2020-08-21 14:15:43.500000,4065.0,4083.0,4037.0,4037.0,nan,4059.7,10,405970.0,10,4088.0,1,4055.0,2,4097.0,1,4054.0,1,4098.0,1,3919.0,1,4190.0,1,3900.0,1,nan,0,3888.0,1
1597990545623730944,1597990545500000000,2020-08-21 14:15:45.500000,4065.0,4083.0,4037.0,4037.0,nan,4059.7,10,405970.0,10,4088.0,1,4055.0,2,4097.0,1,3919.0,1,4098.0,1,3900.0,1,4190.0,1,3888.0,1,nan,0,3813.0,1
1597990546141249024,1597990546000000000,2020-08-21 14:15:46.000000,4065.0,4083.0,4037.0,4037.0,nan,4059.7,10,405970.0,10,4088.0,1,4058.0,1,4097.0,1,4055.0,2,4098.0,1,3919.0,1,4190.0,1,3900.0,1,nan,0,3888.0,1
1597990547637170944,1597990547500000000,2020-08-21 14:15:47.500000,4065.0,4083.0,4037.0,4037.0,nan,4059.7,10,405970.0,10,4088.0,1,4059.0,2,4097.0,1,4058.0,1,4098.0,1,3919.0,1,4190.0,1,3900.0,1,nan,0,3888.0,1
1597990551149334016,1597990551000000000,2020-08-21 14:15:51.000000,4065.0,4083.0,4037.0,4037.0,nan,4059.7,10,405970.0,10,4088.0,1,4060.0,1,4097.0,1,4059.0,2,4098.0,1,3919.0,1,4190.0,1,3900.0,1,nan,0,3888.0,1
1597990579147832064,1597990579000000000,2020-08-21 14:16:19.000000,4065.0,4083.0,4037.0,4037.0,nan,4059.7,10,405970.0,10,4088.0,2,4060.0,1,4097.0,1,4059.0,2,4098.0,1,3919.0,1,4190.0,1,3900.0,1,nan,0,3888.0,1
1597990596639712000,1597990596500000000,2020-08-21 14:16:36.500000,4065.0,4083.0,4037.0,4037.0,nan,4059.7,10,405970.0,10,4087.0,1,4060.0,1,4088.0,2,4059.0,2,4098.0,1,3919.0,1,4190.0,1,3900.0,1,nan,0,3888.0,1
1597990600613054976,1597990600500000000,2020-08-21 14:16:40.500000,4065.0,4083.0,4037.0,4037.0,nan,4059.7,10,405970.0,10,4087.0,1,4060.0,1,4088.0,1,4059.0,2,4098.0,1,3919.0,1,4190.0,1,3900.0,1,nan,0,3888.0,1
1597990614638778880,1597990614500000000,2020-08-21 14:16:54.500000,4065.0,4083.0,4037.0,4037.0,nan,4059.7,10,405970.0,10,4087.0,2,4060.0,1,4088.0,1,4059.0,2,4098.0,1,3919.0,1,4190.0,1,3900.0,1,nan,0,3888.0,1
1597990625140284928,1597990625000000000,2020-08-21 14:17:05.000000,4065.0,4083.0,4037.0,4037.0,nan,4059.7,10,405970.0,10,4087.0,1,4060.0,1,4088.0,1,4059.0,2,4098.0,1,3919.0,1,4190.0,1,3900.0,1,nan,0,3888.0,1
1597990625673560064,1597990625500000000,2020-08-21 14:17:05.500000,4065.0,4083.0,4037.0,4037.0,nan,4059.7,10,405970.0,10,4087.0,1,4060.0,1,4088.0,1,4059.0,2,4097.0,1,3919.0,1,4098.0,1,3900.0,1,4190.0,1,3888.0,1
1597990633648990976,1597990633500000000,2020-08-21 14:17:13.500000,4065.0,4083.0,4037.0,4037.0,nan,4059.7,10,405970.0,10,4086.0,2,4060.0,1,4087.0,1,4059.0,2,4097.0,1,3919.0,1,4098.0,1,3900.0,1,4190.0,1,3888.0,1
1597990637165003008,1597990637000000000,2020-08-21 14:17:17.000000,4065.0,4083.0,4037.0,4037.0,nan,4059.7,10,405970.0,10,4086.0,2,4060.0,1,4097.0,1,4059.0,2,4098.0,1,3919.0,1,4190.0,1,3900.0,1,nan,0,3888.0,1
1597990642646845952,1597990642500000000,2020-08-21 14:17:22.500000,4065.0,4083.0,4037.0,4037.0,nan,4059.7,10,405970.0,10,4086.0,3,4060.0,1,4097.0,1,4059.0,2,4098.0,1,3919.0,1,4190.0,1,3900.0,1,nan,0,3888.0,1
1597990648656502016,1597990648500000000,2020-08-21 14:17:28.500000,4065.0,4083.0,4037.0,4037.0,nan,4059.7,10,405970.0,10,4086.0,3,4060.0,1,4098.0,1,4059.0,2,4190.0,1,3919.0,1,nan,0,3900.0,1,nan,0,3888.0,1
1597990649130590976,1597990649000000000,2020-08-21 14:17:29.000000,4065.0,4083.0,4037.0,4037.0,nan,4059.7,10,405970.0,10,4085.0,1,4060.0,1,4086.0,3,4059.0,2,4098.0,1,3919.0,1,4190.0,1,3900.0,1,nan,0,3888.0,1
1597990651628762112,1597990651500000000,2020-08-21 14:17:31.500000,4065.0,4083.0,4037.0,4037.0,nan,4059.7,10,405970.0,10,4084.0,2,4060.0,1,4085.0,1,4059.0,2,4086.0,1,3919.0,1,4098.0,1,3900.0,1,4190.0,1,3888.0,1
1597990652644679936,1597990652500000000,2020-08-21 14:17:32.500000,4065.0,4083.0,4037.0,4037.0,nan,4059.7,10,405970.0,10,4084.0,2,4060.0,1,4085.0,1,4059.0,2,4098.0,1,3919.0,1,4190.0,1,3900.0,1,nan,0,3888.0,1
1597990655127032064,1597990655000000000,2020-08-21 14:17:35.000000,4065.0,4083.0,4037.0,4037.0,nan,4059.7,10,405970.0,10,4083.0,1,4060.0,1,4084.0,2,4059.0,2,4098.0,1,3919.0,1,4190.0,1,3900.0,1,nan,0,3888.0,1
1597990660136039936,1597990660000000000,2020-08-21 14:17:40.000000,4065.0,4083.0,4037.0,4037.0,nan,4059.7,10,405970.0,10,4082.0,1,4060.0,1,4083.0,1,4059.0,2,4098.0,1,3919.0,1,4190.0,1,3900.0,1,nan,0,3888.0,1
1597990661641306112,1597990661500000000,2020-08-21 14:17:41.500000,4065.0,4083.0,4037.0,4037.0,nan,4059.7,10,405970.0,10,4081.0,1,4060.0,1,4082.0,1,4059.0,2,4083.0,1,3919.0,1,4098.0,1,3900.0,1,4190.0,1,3888.0,1
1597990664145391104,1597990664000000000,2020-08-21 14:17:44.000000,4065.0,4083.0,4037.0,4037.0,nan,4059.7,10,405970.0,10,4081.0,1,4060.0,1,4082.0,1,4059.0,2,4098.0,1,3919.0,1,4190.0,1,3900.0,1,nan,0,3888.0,1
1597990673654533120,1597990673500000000,2020-08-21 14:17:53.500000,4065.0,4083.0,4037.0,4037.0,nan,4059.7,10,405970.0,10,4082.0,1,4060.0,1,4097.0,1,4059.0,2,4098.0,1,3919.0,1,4190.0,1,3900.0,1,nan,0,3888.0,1
1597990680151518976,1597990680000000000,2020-08-21 14:18:00.000000,4065.0,4083.0,4037.0,4037.0,nan,4059.7,10,405970.0,10,4082.0,1,4060.0,2,4097.0,1,3919.0,1,4098.0,1,3900.0,1,4190.0,1,3888.0,1,nan,0,3813.0,1
