local_nano_time,quote_nano_time,datetime,last_price,highest,lowest,open,close,average,volume,amount,open_interest,ask_price1,ask_volume1,bid_price1,bid_volume1,ask_price2,ask_volume2,bid_price2,bid_volume2,ask_price3,ask_volume3,bid_price3,bid_volume3,ask_price4,ask_volume4,bid_price4,bid_volume4,ask_price5,ask_volume5,bid_price5,bid_volume5
1597988229713515008,1597988230227000064,2020-08-21 13:37:10.227000,12900.0,12930.0,12795.0,12845.0,nan,12865.0,216109,13901211425.0,333924,12900.0,26,12895.0,182,nan,0,nan,0,nan,0,nan,0,nan,0,nan,0,nan,0,nan,0
1597988230235450112,1597988230713999872,2020-08-21 13:37:10.714000,12900.0,12930.0,12795.0,12845.0,nan,12865.0,216123,13902111975.0,333926,12905.0,254,12900.0,51,nan,0,nan,0,nan,0,nan,0,nan,0,nan,0,nan,0,nan,0
1597988230692936960,1597988231226000128,2020-08-21 13:37:11.226000,12900.0,12930.0,12795.0,12845.0,nan,12865.0,216123,13902111975.0,333926,12905.0,254,12900.0,64,nan,0,nan,0,nan,0,nan,0,nan,0,nan,0,nan,0,nan,0
1597988231226873088,1597988231734999808,2020-08-21 13:37:11.735000,12900.0,12930.0,12795.0,12845.0,nan,12865.0,216131,13902626575.0,333922,12905.0,229,12900.0,84,nan,0,nan,0,nan,0,nan,0,nan,0,nan,0,nan,0,nan,0
1597988231724122880,1597988232226000128,2020-08-21 13:37:12.226000,12900.0,12930.0,12795.0,12845.0,nan,12865.0,216131,13902626575.0,333922,12905.0,219,12900.0,93,nan,0,nan,0,nan,0,nan,0,nan,0,nan,0,nan,0,nan,0
1597988232228022016,1597988232742000128,2020-08-21 13:37:12.742000,12900.0,12930.0,12795.0,12845.0,nan,12865.0,216131,13902626575.0,333922,12905.0,218,12900.0,102,nan,0,nan,0,nan,0,nan,0,nan,0,nan,0,nan,0,nan,0
1597988232721894912,1597988233224999936,2020-08-21 13:37:13.225000,12900.0,12930.0,12795.0,12845.0,nan,12865.0,216161,13904556325.0,333892,12905.0,219,12900.0,82,nan,0,nan,0,nan,0,nan,0,nan,0,nan,0,nan,0,nan,0
1597988233189916928,1597988233696999936,2020-08-21 13:37:13.697000,12905.0,12930.0,12795.0,12845.0,nan,12865.0,216162,13904620650.0,333892,12905.0,226,12900.0,82,nan,0,nan,0,nan,0,nan,0,nan,0,nan,0,nan,0,nan,0
1597988233696193024,1597988234216000000,2020-08-21 13:37:14.216000,12905.0,12930.0,12795.0,12845.0,nan,12865.0,216162,13904620650.0,333892,12905.0,226,12900.0,96,nan,0,nan,0,nan,0,nan,0,nan,0,nan,0,nan,0,nan,0
1597988234213137920,1597988234720999936,2020-08-21 13:37:14.721000,12905.0,12930.0,12795.0,12845.0,nan,12865.0,216162,13904620650.0,333892,12905.0,226,12900.0,98,nan,0,nan,0,nan,0,nan,0,nan,0,nan,0,nan,0,nan,0
1597988234695631104,1597988235193000192,2020-08-21 13:37:15.193000,12905.0,12930.0,12795.0,12845.0,nan,12865.0,216162,13904620650.0,333892,12905.0,226,12900.0,100,nan,0,nan,0,nan,0,nan,0,nan,0,nan,0,nan,0,nan,0
1597988235218298880,1597988235608000000,2020-08-21 13:37:15.608000,12900.0,12930.0,12795.0,12845.0,nan,12865.0,216167,13904942275.0,333893,12905.0,226,12900.0,95,nan,0,nan,0,nan,0,nan,0,nan,0,nan,0,nan,0,nan,0
1597988235696499968,1597988236221999872,2020-08-21 13:37:16.222000,12900.0,12930.0,12795.0,12845.0,nan,12865.0,216167,13904942275.0,333893,12905.0,229,12900.0,102,nan,0,nan,0,nan,0,nan,0,nan,0,nan,0,nan,0,nan,0
1597988236213795072,1597988236734999808,2020-08-21 13:37:16.735000,12900.0,12930.0,12795.0,12845.0,nan,12865.0,216168,13905006600.0,333893,12905.0,229,12900.0,105,nan,0,nan,0,nan,0,nan,0,nan,0,nan,0,nan,0,nan,0
1597988236693884928,1597988237232000000,2020-08-21 13:37:17.232000,12900.0,12930.0,12795.0,12845.0,nan,12865.0,216168,13905006600.0,333893,12905.0,224,12900.0,105,nan,0,nan,0,nan,0,nan,0,nan,0,nan,0,nan,0,nan,0
1597988237225454080,1597988237740000000,2020-08-21 13:37:17.740000,12905.0,12930.0,12795.0,12845.0,nan,12865.0,216169,13905070925.0,333893,12905.0,223,12900.0,105,nan,0,nan,0,nan,0,nan,0,nan,0,nan,0,nan,0,nan,0
1597988237701488896,1597988238211000064,2020-08-21 13:37:18.211000,12905.0,12930.0,12795.0,12845.0,nan,12865.0,216169,13905070925.0,333893,12905.0,223,12900.0,113,nan,0,nan,0,nan,0,nan,0,nan,0,nan,0,nan,0,nan,0
1597988238251095040,1597988238712000000,2020-08-21 13:37:18.712000,12900.0,12930.0,12795.0,12845.0,nan,12865.0,216181,13905842825.0,333887,12905.0,226,12900.0,107,nan,0,nan,0,nan,0,nan,0,nan,0,nan,0,nan,0,nan,0
1597988238697235968,1597988239240999936,2020-08-21 13:37:19.241000,12900.0,12930.0,12795.0,12845.0,nan,12865.0,216181,13905842825.0,333887,12905.0,227,12900.0,108,nan,0,nan,0,nan,0,nan,0,nan,0,nan,0,nan,0,nan,0
1597988239186225920,1597988239690000128,2020-08-21 13:37:19.690000,12900.0,12930.0,12795.0,12845.0,nan,12865.0,216181,13905842825.0,333887,12905.0,218,12900.0,113,nan,0,nan,0,nan,0,nan,0,nan,0,nan,0,nan,0,nan,0
1597988239690704896,1597988240232999936,2020-08-21 13:37:20.233000,12900.0,12930.0,12795.0,12845.0,nan,12865.0,216181,13905842825.0,333887,12905.0,218,12900.0,118,nan,0,nan,0,nan,0,nan,0,nan,0,nan,0,nan,0,nan,0
1597988240223726080,1597988240720999936,2020-08-21 13:37:20.721000,12900.0,12930.0,12795.0,12845.0,nan,12865.0,216181,13905842825.0,333887,12905.0,218,12900.0,120,nan,0,nan,0,nan,0,nan,0,nan,0,nan,0,nan,0,nan,0
1597988240717560064,1597988241204000000,2020-08-21 13:37:21.204000,12905.0,12930.0,12795.0,12845.0,nan,12865.0,216212,13907836900.0,333912,12905.0,217,12900.0,121,nan,0,nan,0,nan,0,nan,0,nan,0,nan,0,nan,0,nan,0
1597988241198273024,1597988241731000064,2020-08-21 13:37:21.731000,12905.0,12930.0,12795.0,12845.0,nan,12865.0,216212,13907836900.0,333912,12905.0,218,12900.0,122,nan,0,nan,0,nan,0,nan,0,nan,0,nan,0,nan,0,nan,0
1597988242190874880,1597988242733999872,2020-08-21 13:37:22.734000,12905.0,12930.0,12795.0,12845.0,nan,12865.0,216212,13907836900.0,333912,12905.0,210,12900.0,124,nan,0,nan,0,nan,0,nan,0,nan,0,nan,0,nan,0,nan,0
1597988243693437952,1597988244160000000,2020-08-21 13:37:24.160000,12905.0,12930.0,12795.0,12845.0,nan,12865.0,216212,13907836900.0,333912,12905.0,210,12900.0,118,nan,0,nan,0,nan,0,nan,0,nan,0,nan,0,nan,0,nan,0
1597988244212273920,1597988244698999808,2020-08-21 13:37:24.699000,12905.0,12930.0,12795.0,12845.0,nan,12865.0,216212,13907836900.0,333912,12905.0,211,12900.0,118,nan,0,nan,0,nan,0,nan,0,nan,0,nan,0,nan,0,nan,0
1597988245699230976,1597988246232999936,2020-08-21 13:37:26.233000,12905.0,12930.0,12795.0,12845.0,nan,12865.0,216213,13907901225.0,333913,12905.0,210,12900.0,120,nan,0,nan,0,nan,0,nan,0,nan,0,nan,0,nan,0,nan,0
1597988246270279936,1597988246723000064,2020-08-21 13:37:26.723000,12905.0,12930.0,12795.0,12845.0,nan,12865.0,216213,13907901225.0,333913,12905.0,222,12900.0,120,nan,0,nan,0,nan,0,nan,0,nan,0,nan,0,nan,0,nan,0
1597988246727143936,1597988247234999808,2020-08-21 13:37:27.235000,12905.0,12930.0,12795.0,12845.0,nan,12865.0,216213,13907901225.0,333913,12905.0,222,12900.0,121,nan,0,nan,0,nan,0,nan,0,nan,0,nan,0,nan,0,nan,0
1597988247224954112,1597988247742000128,2020-08-21 13:37:27.742000,12905.0,12930.0,12795.0,12845.0,nan,12865.0,216214,13907965550.0,333914,12905.0,226,12900.0,121,nan,0,nan,0,nan,0,nan,0,nan,0,nan,0,nan,0,nan,0
1597988247731546880,1597988248221999872,2020-08-21 13:37:28.222000,12905.0,12930.0,12795.0,12845.0,nan,12865.0,216232,13909123400.0,333914,12905.0,237,12900.0,126,nan,0,nan,0,nan,0,nan,0,nan,0,nan,0,nan,0,nan,0
1597988248239191040,1597988248727000064,2020-08-21 13:37:28.727000,12905.0,12930.0,12795.0,12845.0,nan,12865.0,216237,13909445025.0,333919,12905.0,233,12900.0,129,nan,0,nan,0,nan,0,nan,0,nan,0,nan,0,nan,0,nan,0
1597988248697451008,1597988249240000000,2020-08-21 13:37:29.240000,12900.0,12930.0,12795.0,12845.0,nan,12865.0,216238,13909509350.0,333919,12905.0,233,12900.0,128,nan,0,nan,0,nan,0,nan,0,nan,0,nan,0,nan,0,nan,0
1597988249703588096,1597988250240000000,2020-08-21 13:37:30.240000,12900.0,12930.0,12795.0,12845.0,nan,12865.0,216238,13909509350.0,333919,12905.0,234,12900.0,129,nan,0,nan,0,nan,0,nan,0,nan,0,nan,0,nan,0,nan,0
1597988250704766976,1597988251240000000,2020-08-21 13:37:31.240000,12905.0,12930.0,12795.0,12845.0,nan,12865.0,216239,13909573675.0,333920,12905.0,233,12900.0,129,nan,0,nan,0,nan,0,nan,0,nan,0,nan,0,nan,0,nan,0
1597988251708571904,1597988252190000128,2020-08-21 13:37:32.190000,12905.0,12930.0,12795.0,12845.0,nan,12865.0,216239,13909573675.0,333920,12905.0,233,12900.0,126,nan,0,nan,0,nan,0,nan,0,nan,0,nan,0,nan,0,nan,0
1597988253729111040,1597988254240999936,2020-08-21 13:37:34.241000,12905.0,12930.0,12795.0,12845.0,nan,12865.0,216247,13910088275.0,333928,12905.0,217,12900.0,126,nan,0,nan,0,nan,0,nan,0,nan,0,nan,0,nan,0,nan,0
1597988254203656960,1597988254739000064,2020-08-21 13:37:34.739000,12900.0,12930.0,12795.0,12845.0,nan,12865.0,216267,13911374775.0,333942,12905.0,213,12900.0,122,nan,0,nan,0,nan,0,nan,0,nan,0,nan,0,nan,0,nan,0
1597988254723180032,1597988255228000000,2020-08-21 13:37:35.228000,12905.0,12930.0,12795.0,12845.0,nan,12865.0,216277,13912018025.0,333948,12905.0,203,12900.0,124,nan,0,nan,0,nan,0,nan,0,nan,0,nan,0,nan,0,nan,0
1597988255703940096,1597988256232999936,2020-08-21 13:37:36.233000,12905.0,12930.0,12795.0,12845.0,nan,12865.0,216277,13912018025.0,333948,12905.0,205,12900.0,131,nan,0,nan,0,nan,0,nan,0,nan,0,nan,0,nan,0,nan,0
1597988256228119040,1597988256740999936,2020-08-21 13:37:36.741000,12905.0,12930.0,12795.0,12845.0,nan,12865.0,216284,13912468300.0,333952,12905.0,199,12900.0,131,nan,0,nan,0,nan,0,nan,0,nan,0,nan,0,nan,0,nan,0
1597988256705552896,1597988257223000064,2020-08-21 13:37:37.223000,12900.0,12930.0,12795.0,12845.0,nan,12865.0,216289,13912789925.0,333951,12905.0,199,12900.0,126,nan,0,nan,0,nan,0,nan,0,nan,0,nan,0,nan,0,nan,0
1597988257208608000,1597988257727000064,2020-08-21 13:37:37.727000,12900.0,12930.0,12795.0,12845.0,nan,12865.0,216289,13912789925.0,333951,12905.0,204,12900.0,143,nan,0,nan,0,nan,0,nan,0,nan,0,nan,0,nan,0,nan,0
1597988257730359040,1597988258237999872,2020-08-21 13:37:38.238000,12905.0,12930.0,12795.0,12845.0,nan,12865.0,216290,13912854250.0,333951,12905.0,203,12900.0,144,nan,0,nan,0,nan,0,nan,0,nan,0,nan,0,nan,0,nan,0
1597988258228058112,1597988258734999808,2020-08-21 13:37:38.735000,12905.0,12930.0,12795.0,12845.0,nan,12865.0,216290,13912854250.0,333951,12905.0,203,12900.0,176,nan,0,nan,0,nan,0,nan,0,nan,0,nan,0,nan,0,nan,0
1597988258709012992,1597988259240000000,2020-08-21 13:37:39.240000,12900.0,12930.0,12795.0,12845.0,nan,12865.0,216291,13912918575.0,333951,12905.0,203,12900.0,179,nan,0,nan,0,nan,0,nan,0,nan,0,nan,0,nan,0,nan,0
1597988259235281920,1597988259724000000,2020-08-21 13:37:39.724000,12900.0,12930.0,12795.0,12845.0,nan,12865.0,216291,13912918575.0,333951,12905.0,203,12900.0,187,nan,0,nan,0,nan,0,nan,0,nan,0,nan,0,nan,0,nan,0
1597988259711886080,1597988260211000064,2020-08-21 13:37:40.211000,12900.0,12930.0,12795.0,12845.0,nan,12865.0,216291,13912918575.0,333951,12905.0,203,12900.0,190,nan,0,nan,0,nan,0,nan,0,nan,0,nan,0,nan,0,nan,0
1597988260204700928,1597988260736999936,2020-08-21 13:37:40.737000,12900.0,12930.0,12795.0,12845.0,nan,12865.0,216291,13912918575.0,333951,12905.0,203,12900.0,196,nan,0,nan,0,nan,0,nan,0,nan,0,nan,0,nan,0,nan,0
1597988260736910080,1597988261242000128,2020-08-21 13:37:41.242000,12900.0,12930.0,12795.0,12845.0,nan,12865.0,216291,13912918575.0,333951,12905.0,205,12900.0,202,nan,0,nan,0,nan,0,nan,0,nan,0,nan,0,nan,0,nan,0
1597988261698210048,1597988262239000064,2020-08-21 13:37:42.239000,12900.0,12930.0,12795.0,12845.0,nan,12865.0,216291,13912918575.0,333951,12905.0,204,12900.0,204,nan,0,nan,0,nan,0,nan,0,nan,0,nan,0,nan,0,nan,0
1597988262263202048,1597988262742000128,2020-08-21 13:37:42.742000,12900.0,12930.0,12795.0,12845.0,nan,12865.0,216291,13912918575.0,333951,12905.0,204,12900.0,206,nan,0,nan,0,nan,0,nan,0,nan,0,nan,0,nan,0,nan,0
1597988264703358976,1597988265232000000,2020-08-21 13:37:45.232000,12905.0,12930.0,12795.0,12845.0,nan,12865.0,216292,13912982900.0,333951,12905.0,203,12900.0,206,nan,0,nan,0,nan,0,nan,0,nan,0,nan,0,nan,0,nan,0
1597988265211244032,1597988265709000192,2020-08-21 13:37:45.709000,12905.0,12930.0,12795.0,12845.0,nan,12865.0,216292,13912982900.0,333951,12905.0,208,12900.0,206,nan,0,nan,0,nan,0,nan,0,nan,0,nan,0,nan,0,nan,0
1597988265702757120,1597988266236000000,2020-08-21 13:37:46.236000,12905.0,12930.0,12795.0,12845.0,nan,12865.0,216293,13913047225.0,333951,12905.0,207,12900.0,206,nan,0,nan,0,nan,0,nan,0,nan,0,nan,0,nan,0,nan,0
1597988266719448064,1597988267224000000,2020-08-21 13:37:47.224000,12905.0,12930.0,12795.0,12845.0,nan,12865.0,216293,13913047225.0,333951,12905.0,207,12900.0,208,nan,0,nan,0,nan,0,nan,0,nan,0,nan,0,nan,0,nan,0
1597988267234657024,1597988267736999936,2020-08-21 13:37:47.737000,12905.0,12930.0,12795.0,12845.0,nan,12865.0,216293,13913047225.0,333951,12905.0,208,12900.0,208,nan,0,nan,0,nan,0,nan,0,nan,0,nan,0,nan,0,nan,0
1597988267710266880,1597988268177999872,2020-08-21 13:37:48.178000,12905.0,12930.0,12795.0,12845.0,nan,12865.0,216293,13913047225.0,333951,12905.0,208,12900.0,215,nan,0,nan,0,nan,0,nan,0,nan,0,nan,0,nan,0,nan,0
1597988268229003008,1597988268732999936,2020-08-21 13:37:48.733000,12900.0,12930.0,12795.0,12845.0,nan,12865.0,216296,13913240200.0,333951,12905.0,207,12900.0,212,nan,0,nan,0,nan,0,nan,0,nan,0,nan,0,nan,0,nan,0
1597988270232528896,1597988270731000064,2020-08-21 13:37:50.731000,12900.0,12930.0,12795.0,12845.0,nan,12865.0,216296,13913240200.0,333951,12905.0,207,12900.0,213,nan,0,nan,0,nan,0,nan,0,nan,0,nan,0,nan,0,nan,0
1597988270733463040,1597988271228000000,2020-08-21 13:37:51.228000,12900.0,12930.0,12795.0,12845.0,nan,12865.0,216296,13913240200.0,333951,12905.0,212,12900.0,219,nan,0,nan,0,nan,0,nan,0,nan,0,nan,0,nan,0,nan,0
1597988271232852992,1597988271740000000,2020-08-21 13:37:51.740000,12900.0,12930.0,12795.0,12845.0,nan,12865.0,216296,13913240200.0,333951,12905.0,214,12900.0,219,nan,0,nan,0,nan,0,nan,0,nan,0,nan,0,nan,0,nan,0
1597988272206574080,1597988272740000000,2020-08-21 13:37:52.740000,12900.0,12930.0,12795.0,12845.0,nan,12865.0,216296,13913240200.0,333951,12905.0,214,12900.0,220,nan,0,nan,0,nan,0,nan,0,nan,0,nan,0,nan,0,nan,0
1597988272723162880,1597988273233999872,2020-08-21 13:37:53.234000,12900.0,12930.0,12795.0,12845.0,nan,12865.0,216296,13913240200.0,333951,12905.0,218,12900.0,220,nan,0,nan,0,nan,0,nan,0,nan,0,nan,0,nan,0,nan,0
1597988273223479040,1597988273732000000,2020-08-21 13:37:53.732000,12900.0,12930.0,12795.0,12845.0,nan,12865.0,216296,13913240200.0,333951,12905.0,219,12900.0,220,nan,0,nan,0,nan,0,nan,0,nan,0,nan,0,nan,0,nan,0
1597988275215115008,1597988275727000064,2020-08-21 13:37:55.727000,12900.0,12930.0,12795.0,12845.0,nan,12865.0,216296,13913240200.0,333951,12905.0,219,12900.0,217,nan,0,nan,0,nan,0,nan,0,nan,0,nan,0,nan,0,nan,0
1597988275758939904,1597988276240999936,2020-08-21 13:37:56.241000,12905.0,12930.0,12795.0,12845.0,nan,12865.0,216299,13913433175.0,333951,12905.0,216,12900.0,205,nan,0,nan,0,nan,0,nan,0,nan,0,nan,0,nan,0,nan,0
1597988276258033920,1597988276736999936,2020-08-21 13:37:56.737000,12905.0,12930.0,12795.0,12845.0,nan,12865.0,216307,13913947775.0,333951,12905.0,213,12900.0,205,nan,0,nan,0,nan,0,nan,0,nan,0,nan,0,nan,0,nan,0
1597988276817942016,1597988277226000128,2020-08-21 13:37:57.226000,12900.0,12930.0,12795.0,12845.0,nan,12865.0,216308,13914012100.0,333952,12905.0,216,12900.0,195,nan,0,nan,0,nan,0,nan,0,nan,0,nan,0,nan,0,nan,0
1597988277270784000,1597988277706000128,2020-08-21 13:37:57.706000,12905.0,12930.0,12795.0,12845.0,nan,12865.0,216328,13915298600.0,333963,12905.0,197,12900.0,195,nan,0,nan,0,nan,0,nan,0,nan,0,nan,0,nan,0,nan,0
1597988277751991040,1597988278236999936,2020-08-21 13:37:58.237000,12905.0,12930.0,12795.0,12845.0,nan,12865.0,216333,13915620225.0,333964,12905.0,192,12900.0,195,nan,0,nan,0,nan,0,nan,0,nan,0,nan,0,nan,0,nan,0
1597988278211407104,1597988278736000000,2020-08-21 13:37:58.736000,12905.0,12930.0,12795.0,12845.0,nan,12865.0,216338,13915941850.0,333960,12905.0,187,12900.0,195,nan,0,nan,0,nan,0,nan,0,nan,0,nan,0,nan,0,nan,0
1597988278717193984,1597988279236000000,2020-08-21 13:37:59.236000,12905.0,12930.0,12795.0,12845.0,nan,12865.0,216339,13916006175.0,333960,12905.0,186,12900.0,199,nan,0,nan,0,nan,0,nan,0,nan,0,nan,0,nan,0,nan,0
1597988279225434880,1597988279720000000,2020-08-21 13:37:59.720000,12905.0,12930.0,12795.0,12845.0,nan,12865.0,216339,13916006175.0,333960,12905.0,186,12900.0,198,nan,0,nan,0,nan,0,nan,0,nan,0,nan,0,nan,0,nan,0
1597988279713457920,1597988280161999872,2020-08-21 13:38:00.162000,12905.0,12930.0,12795.0,12845.0,nan,12865.0,216339,13916006175.0,333960,12905.0,190,12900.0,200,nan,0,nan,0,nan,0,nan,0,nan,0,nan,0,nan,0,nan,0
1597988282234550016,1597988282712999936,2020-08-21 13:38:02.713000,12905.0,12930.0,12795.0,12845.0,nan,12865.0,216339,13916006175.0,333960,12905.0,195,12900.0,201,nan,0,nan,0,nan,0,nan,0,nan,0,nan,0,nan,0,nan,0
1597988282715127040,1597988283233999872,2020-08-21 13:38:03.234000,12905.0,12930.0,12795.0,12845.0,nan,12865.0,216339,13916006175.0,333960,12905.0,196,12900.0,202,nan,0,nan,0,nan,0,nan,0,nan,0,nan,0,nan,0,nan,0
1597988283713629952,1597988284237999872,2020-08-21 13:38:04.238000,12905.0,12930.0,12795.0,12845.0,nan,12865.0,216339,13916006175.0,333960,12905.0,196,12900.0,203,nan,0,nan,0,nan,0,nan,0,nan,0,nan,0,nan,0,nan,0
1597988284214194944,1597988284706000128,2020-08-21 13:38:04.706000,12905.0,12930.0,12795.0,12845.0,nan,12865.0,216339,13916006175.0,333960,12905.0,196,12900.0,204,nan,0,nan,0,nan,0,nan,0,nan,0,nan,0,nan,0,nan,0
1597988284739027968,1597988285234999808,2020-08-21 13:38:05.235000,12900.0,12930.0,12795.0,12845.0,nan,12865.0,216340,13916070500.0,333960,12905.0,196,12900.0,203,nan,0,nan,0,nan,0,nan,0,nan,0,nan,0,nan,0,nan,0
1597988285226800128,1597988285714999808,2020-08-21 13:38:05.715000,12900.0,12930.0,12795.0,12845.0,nan,12865.0,216341,13916134825.0,333960,12905.0,198,12900.0,202,nan,0,nan,0,nan,0,nan,0,nan,0,nan,0,nan,0,nan,0
1597988285713328896,1597988286236999936,2020-08-21 13:38:06.237000,12900.0,12930.0,12795.0,12845.0,nan,12865.0,216341,13916134825.0,333960,12905.0,199,12900.0,206,nan,0,nan,0,nan,0,nan,0,nan,0,nan,0,nan,0,nan,0
1597988287223019008,1597988287739000064,2020-08-21 13:38:07.739000,12905.0,12930.0,12795.0,12845.0,nan,12865.0,216342,13916199150.0,333960,12905.0,199,12900.0,217,nan,0,nan,0,nan,0,nan,0,nan,0,nan,0,nan,0,nan,0
1597988287723160064,1597988288242000128,2020-08-21 13:38:08.242000,12905.0,12930.0,12795.0,12845.0,nan,12865.0,216342,13916199150.0,333960,12905.0,199,12900.0,219,nan,0,nan,0,nan,0,nan,0,nan,0,nan,0,nan,0,nan,0
1597988288253523968,1597988288730000128,2020-08-21 13:38:08.730000,12905.0,12930.0,12795.0,12845.0,nan,12865.0,216342,13916199150.0,333960,12905.0,200,12900.0,230,nan,0,nan,0,nan,0,nan,0,nan,0,nan,0,nan,0,nan,0
1597988288717850880,1597988289240999936,2020-08-21 13:38:09.241000,12905.0,12930.0,12795.0,12845.0,nan,12865.0,216342,13916199150.0,333960,12905.0,200,12900.0,239,nan,0,nan,0,nan,0,nan,0,nan,0,nan,0,nan,0,nan,0
1597988289242084096,1597988289729000192,2020-08-21 13:38:09.729000,12905.0,12930.0,12795.0,12845.0,nan,12865.0,216343,13916263475.0,333960,12905.0,200,12900.0,239,nan,0,nan,0,nan,0,nan,0,nan,0,nan,0,nan,0,nan,0
1597988289745326080,1597988290232999936,2020-08-21 13:38:10.233000,12905.0,12930.0,12795.0,12845.0,nan,12865.0,216343,13916263475.0,333960,12905.0,215,12900.0,239,nan,0,nan,0,nan,0,nan,0,nan,0,nan,0,nan,0,nan,0
1597988290219941888,1597988290716999936,2020-08-21 13:38:10.717000,12905.0,12930.0,12795.0,12845.0,nan,12865.0,216343,13916263475.0,333960,12905.0,216,12900.0,239,nan,0,nan,0,nan,0,nan,0,nan,0,nan,0,nan,0,nan,0
1597988290714381056,1597988291242000128,2020-08-21 13:38:11.242000,12905.0,12930.0,12795.0,12845.0,nan,12865.0,216343,13916263475.0,333960,12905.0,224,12900.0,255,nan,0,nan,0,nan,0,nan,0,nan,0,nan,0,nan,0,nan,0
1597988291244004096,1597988291740999936,2020-08-21 13:38:11.741000,12905.0,12930.0,12795.0,12845.0,nan,12865.0,216343,13916263475.0,333960,12905.0,207,12900.0,259,nan,0,nan,0,nan,0,nan,0,nan,0,nan,0,nan,0,nan,0
1597988291719793920,1597988292223000064,2020-08-21 13:38:12.223000,12905.0,12930.0,12795.0,12845.0,nan,12865.0,216343,13916263475.0,333960,12905.0,207,12900.0,260,nan,0,nan,0,nan,0,nan,0,nan,0,nan,0,nan,0,nan,0
1597988293218370048,1597988293727000064,2020-08-21 13:38:13.727000,12905.0,12930.0,12795.0,12845.0,nan,12865.0,216344,13916327800.0,333960,12905.0,206,12900.0,260,nan,0,nan,0,nan,0,nan,0,nan,0,nan,0,nan,0,nan,0
1597988294238863104,1597988294740000000,2020-08-21 13:38:14.740000,12905.0,12930.0,12795.0,12845.0,nan,12865.0,216344,13916327800.0,333960,12905.0,207,12900.0,266,nan,0,nan,0,nan,0,nan,0,nan,0,nan,0,nan,0,nan,0
1597988295256069888,1597988295724999936,2020-08-21 13:38:15.725000,12905.0,12930.0,12795.0,12845.0,nan,12865.0,216346,13916456450.0,333962,12905.0,220,12900.0,266,nan,0,nan,0,nan,0,nan,0,nan,0,nan,0,nan,0,nan,0
1597988295755101952,1597988296236999936,2020-08-21 13:38:16.237000,12900.0,12930.0,12795.0,12845.0,nan,12865.0,216372,13918128900.0,333986,12905.0,220,12900.0,241,nan,0,nan,0,nan,0,nan,0,nan,0,nan,0,nan,0,nan,0
1597988296217584896,1597988296737999872,2020-08-21 13:38:16.738000,12905.0,12930.0,12795.0,12845.0,nan,12865.0,216374,13918257550.0,333988,12905.0,222,12900.0,243,nan,0,nan,0,nan,0,nan,0,nan,0,nan,0,nan,0,nan,0
1597988296730156032,1597988297220000000,2020-08-21 13:38:17.220000,12905.0,12930.0,12795.0,12845.0,nan,12865.0,216374,13918257550.0,333988,12905.0,210,12900.0,243,nan,0,nan,0,nan,0,nan,0,nan,0,nan,0,nan,0,nan,0
1597988297225798912,1597988297716000000,2020-08-21 13:38:17.716000,12905.0,12930.0,12795.0,12845.0,nan,12865.0,216374,13918257550.0,333988,12905.0,223,12900.0,244,nan,0,nan,0,nan,0,nan,0,nan,0,nan,0,nan,0,nan,0
1597988297720998912,1597988298234999808,2020-08-21 13:38:18.235000,12905.0,12930.0,12795.0,12845.0,nan,12865.0,216374,13918257550.0,333988,12905.0,223,12900.0,245,nan,0,nan,0,nan,0,nan,0,nan,0,nan,0,nan,0,nan,0
1597988298246584064,1597988298739000064,2020-08-21 13:38:18.739000,12905.0,12930.0,12795.0,12845.0,nan,12865.0,216374,13918257550.0,333988,12905.0,209,12900.0,245,nan,0,nan,0,nan,0,nan,0,nan,0,nan,0,nan,0,nan,0
1597988299220999936,1597988299731000064,2020-08-21 13:38:19.731000,12905.0,12930.0,12795.0,12845.0,nan,12865.0,216379,13918579175.0,333993,12905.0,204,12900.0,245,nan,0,nan,0,nan,0,nan,0,nan,0,nan,0,nan,0,nan,0
1597988299753566976,1597988300231000064,2020-08-21 13:38:20.231000,12905.0,12930.0,12795.0,12845.0,nan,12865.0,216379,13918579175.0,333993,12905.0,208,12900.0,249,nan,0,nan,0,nan,0,nan,0,nan,0,nan,0,nan,0,nan,0
1597988300763333888,1597988301226000128,2020-08-21 13:38:21.226000,12905.0,12930.0,12795.0,12845.0,nan,12865.0,216380,13918643500.0,333994,12905.0,207,12900.0,249,nan,0,nan,0,nan,0,nan,0,nan,0,nan,0,nan,0,nan,0
1597988301761825024,1597988301740999936,2020-08-21 13:38:21.741000,12905.0,12930.0,12795.0,12845.0,nan,12865.0,216381,13918707825.0,333995,12905.0,206,12900.0,249,nan,0,nan,0,nan,0,nan,0,nan,0,nan,0,nan,0,nan,0
1597988302036615936,1597988302231000064,2020-08-21 13:38:22.231000,12905.0,12930.0,12795.0,12845.0,nan,12865.0,216396,13919672700.0,334000,12905.0,191,12900.0,250,nan,0,nan,0,nan,0,nan,0,nan,0,nan,0,nan,0,nan,0
1597988302218160128,1597988302743000064,2020-08-21 13:38:22.743000,12900.0,12930.0,12795.0,12845.0,nan,12865.0,216398,13919801350.0,334000,12905.0,191,12900.0,248,nan,0,nan,0,nan,0,nan,0,nan,0,nan,0,nan,0,nan,0
1597988302733156096,1597988303228000000,2020-08-21 13:38:23.228000,12900.0,12930.0,12795.0,12845.0,nan,12865.0,216402,13920058650.0,334001,12905.0,189,12900.0,243,nan,0,nan,0,nan,0,nan,0,nan,0,nan,0,nan,0,nan,0
1597988303225554944,1597988303732000000,2020-08-21 13:38:23.732000,12905.0,12930.0,12795.0,12845.0,nan,12865.0,216410,13920573250.0,334001,12905.0,184,12900.0,238,nan,0,nan,0,nan,0,nan,0,nan,0,nan,0,nan,0,nan,0
1597988303801015040,1597988304239000064,2020-08-21 13:38:24.239000,12905.0,12930.0,12795.0,12845.0,nan,12865.0,216410,13920573250.0,334001,12905.0,184,12900.0,236,nan,0,nan,0,nan,0,nan,0,nan,0,nan,0,nan,0,nan,0
1597988304268652032,1597988304743000064,2020-08-21 13:38:24.743000,12905.0,12930.0,12795.0,12845.0,nan,12865.0,216412,13920701900.0,334002,12905.0,183,12900.0,233,nan,0,nan,0,nan,0,nan,0,nan,0,nan,0,nan,0,nan,0
1597988304723034880,1597988305243000064,2020-08-21 13:38:25.243000,12905.0,12930.0,12795.0,12845.0,nan,12865.0,216414,13920830550.0,334004,12905.0,181,12900.0,232,nan,0,nan,0,nan,0,nan,0,nan,0,nan,0,nan,0,nan,0
1597988305219211008,1597988305742000128,2020-08-21 13:38:25.742000,12905.0,12930.0,12795.0,12845.0,nan,12865.0,216416,13920959200.0,334006,12905.0,179,12900.0,230,nan,0,nan,0,nan,0,nan,0,nan,0,nan,0,nan,0,nan,0
1597988306229912064,1597988306742000128,2020-08-21 13:38:26.742000,12905.0,12930.0,12795.0,12845.0,nan,12865.0,216416,13920959200.0,334006,12905.0,180,12900.0,232,nan,0,nan,0,nan,0,nan,0,nan,0,nan,0,nan,0,nan,0
1597988306749684992,1597988307209000192,2020-08-21 13:38:27.209000,12905.0,12930.0,12795.0,12845.0,nan,12865.0,216416,13920959200.0,334006,12905.0,181,12900.0,229,nan,0,nan,0,nan,0,nan,0,nan,0,nan,0,nan,0,nan,0
1597988307230754048,1597988307742000128,2020-08-21 13:38:27.742000,12905.0,12930.0,12795.0,12845.0,nan,12865.0,216416,13920959200.0,334006,12905.0,182,12900.0,231,nan,0,nan,0,nan,0,nan,0,nan,0,nan,0,nan,0,nan,0
1597988307740137984,1597988308243000064,2020-08-21 13:38:28.243000,12905.0,12930.0,12795.0,12845.0,nan,12865.0,216416,13920959200.0,334006,12905.0,181,12900.0,231,nan,0,nan,0,nan,0,nan,0,nan,0,nan,0,nan,0,nan,0
1597988308228385024,1597988308734999808,2020-08-21 13:38:28.735000,12905.0,12930.0,12795.0,12845.0,nan,12865.0,216418,13921087850.0,334008,12905.0,179,12900.0,239,nan,0,nan,0,nan,0,nan,0,nan,0,nan,0,nan,0,nan,0
1597988308725113088,1597988309229000192,2020-08-21 13:38:29.229000,12905.0,12930.0,12795.0,12845.0,nan,12865.0,216439,13922438675.0,333987,12905.0,138,12900.0,239,nan,0,nan,0,nan,0,nan,0,nan,0,nan,0,nan,0,nan,0
1597988309254095104,1597988309736000000,2020-08-21 13:38:29.736000,12905.0,12930.0,12795.0,12845.0,nan,12865.0,216439,13922438675.0,333987,12905.0,138,12900.0,249,nan,0,nan,0,nan,0,nan,0,nan,0,nan,0,nan,0,nan,0
1597988309945075968,1597988310227000064,2020-08-21 13:38:30.227000,12905.0,12930.0,12795.0,12845.0,nan,12865.0,216450,13923146250.0,333987,12905.0,132,12900.0,245,nan,0,nan,0,nan,0,nan,0,nan,0,nan,0,nan,0,nan,0
1597988310313359104,1597988310736999936,2020-08-21 13:38:30.737000,12900.0,12930.0,12795.0,12845.0,nan,12865.0,216470,13924432750.0,334007,12905.0,132,12900.0,230,nan,0,nan,0,nan,0,nan,0,nan,0,nan,0,nan,0,nan,0
1597988310730660096,1597988311240999936,2020-08-21 13:38:31.241000,12900.0,12930.0,12795.0,12845.0,nan,12865.0,216470,13924432750.0,334007,12905.0,132,12900.0,229,nan,0,nan,0,nan,0,nan,0,nan,0,nan,0,nan,0,nan,0
1597988311230733056,1597988311724000000,2020-08-21 13:38:31.724000,12905.0,12930.0,12795.0,12845.0,nan,12865.0,216473,13924625725.0,334007,12905.0,129,12900.0,231,nan,0,nan,0,nan,0,nan,0,nan,0,nan,0,nan,0,nan,0
1597988311727008000,1597988312230000128,2020-08-21 13:38:32.230000,12900.0,12930.0,12795.0,12845.0,nan,12865.0,216475,13924754375.0,334009,12905.0,131,12900.0,251,nan,0,nan,0,nan,0,nan,0,nan,0,nan,0,nan,0,nan,0
1597988312248968960,1597988312696000000,2020-08-21 13:38:32.696000,12900.0,12930.0,12795.0,12845.0,nan,12865.0,216475,13924754375.0,334009,12905.0,131,12900.0,252,nan,0,nan,0,nan,0,nan,0,nan,0,nan,0,nan,0,nan,0
1597988312727136000,1597988313239000064,2020-08-21 13:38:33.239000,12905.0,12930.0,12795.0,12845.0,nan,12865.0,216477,13924883025.0,334007,12905.0,129,12900.0,252,nan,0,nan,0,nan,0,nan,0,nan,0,nan,0,nan,0,nan,0
1597988313726695936,1597988314244000000,2020-08-21 13:38:34.244000,12905.0,12930.0,12795.0,12845.0,nan,12865.0,216477,13924883025.0,334007,12905.0,130,12900.0,257,nan,0,nan,0,nan,0,nan,0,nan,0,nan,0,nan,0,nan,0
1597988314751383040,1597988315232999936,2020-08-21 13:38:35.233000,12900.0,12930.0,12795.0,12845.0,nan,12865.0,216482,13925204650.0,334010,12905.0,130,12900.0,253,nan,0,nan,0,nan,0,nan,0,nan,0,nan,0,nan,0,nan,0
1597988315250682880,1597988315729000192,2020-08-21 13:38:35.729000,12900.0,12930.0,12795.0,12845.0,nan,12865.0,216483,13925268975.0,334009,12905.0,130,12900.0,252,nan,0,nan,0,nan,0,nan,0,nan,0,nan,0,nan,0,nan,0
1597988316241518080,1597988316742000128,2020-08-21 13:38:36.742000,12900.0,12930.0,12795.0,12845.0,nan,12865.0,216483,13925268975.0,334009,12905.0,130,12900.0,253,nan,0,nan,0,nan,0,nan,0,nan,0,nan,0,nan,0,nan,0
1597988316730383872,1597988317240999936,2020-08-21 13:38:37.241000,12900.0,12930.0,12795.0,12845.0,nan,12865.0,216483,13925268975.0,334009,12905.0,130,12900.0,253,nan,0,nan,0,nan,0,nan,0,nan,0,nan,0,nan,0,nan,0
1597988317234007040,1597988317716000000,2020-08-21 13:38:37.716000,12905.0,12930.0,12795.0,12845.0,nan,12865.0,216484,13925333300.0,334009,12905.0,129,12900.0,253,nan,0,nan,0,nan,0,nan,0,nan,0,nan,0,nan,0,nan,0
1597988317732345088,1597988318232000000,2020-08-21 13:38:38.232000,12900.0,12930.0,12795.0,12845.0,nan,12865.0,216493,13925912225.0,334001,12905.0,125,12900.0,250,nan,0,nan,0,nan,0,nan,0,nan,0,nan,0,nan,0,nan,0
1597988318255501056,1597988318716000000,2020-08-21 13:38:38.716000,12900.0,12930.0,12795.0,12845.0,nan,12865.0,216493,13925912225.0,334001,12905.0,125,12900.0,251,nan,0,nan,0,nan,0,nan,0,nan,0,nan,0,nan,0,nan,0
1597988319268674048,1597988319726000128,2020-08-21 13:38:39.726000,12905.0,12930.0,12795.0,12845.0,nan,12865.0,216495,13926040875.0,333999,12905.0,123,12900.0,251,nan,0,nan,0,nan,0,nan,0,nan,0,nan,0,nan,0,nan,0
1597988319735077888,1597988320240999936,2020-08-21 13:38:40.241000,12905.0,12930.0,12795.0,12845.0,nan,12865.0,216495,13926040875.0,333999,12905.0,124,12900.0,251,nan,0,nan,0,nan,0,nan,0,nan,0,nan,0,nan,0,nan,0
1597988320232090880,1597988320740999936,2020-08-21 13:38:40.741000,12905.0,12930.0,12795.0,12845.0,nan,12865.0,216495,13926040875.0,333999,12905.0,125,12900.0,251,nan,0,nan,0,nan,0,nan,0,nan,0,nan,0,nan,0,nan,0
1597988320737596928,1597988321233999872,2020-08-21 13:38:41.234000,12900.0,12930.0,12795.0,12845.0,nan,12865.0,216500,13926362500.0,333997,12905.0,127,12900.0,257,nan,0,nan,0,nan,0,nan,0,nan,0,nan,0,nan,0,nan,0
1597988323223129088,1597988323732999936,2020-08-21 13:38:43.733000,12900.0,12930.0,12795.0,12845.0,nan,12865.0,216500,13926362500.0,333997,12905.0,129,12900.0,257,nan,0,nan,0,nan,0,nan,0,nan,0,nan,0,nan,0,nan,0
1597988323724858880,1597988324236999936,2020-08-21 13:38:44.237000,12900.0,12930.0,12795.0,12845.0,nan,12865.0,216500,13926362500.0,333997,12905.0,126,12900.0,257,nan,0,nan,0,nan,0,nan,0,nan,0,nan,0,nan,0,nan,0
1597988324241559040,1597988324729000192,2020-08-21 13:38:44.729000,12905.0,12930.0,12795.0,12845.0,nan,12865.0,216503,13926555475.0,333997,12905.0,123,12900.0,257,nan,0,nan,0,nan,0,nan,0,nan,0,nan,0,nan,0,nan,0
1597988325299435008,1597988325742000128,2020-08-21 13:38:45.742000,12905.0,12930.0,12795.0,12845.0,nan,12865.0,216504,13926619800.0,333997,12905.0,122,12900.0,257,nan,0,nan,0,nan,0,nan,0,nan,0,nan,0,nan,0,nan,0
1597988325905647104,1597988326224000000,2020-08-21 13:38:46.224000,12905.0,12930.0,12795.0,12845.0,nan,12865.0,216504,13926619800.0,333997,12905.0,122,12900.0,259,nan,0,nan,0,nan,0,nan,0,nan,0,nan,0,nan,0,nan,0
1597988329758982912,1597988330108999936,2020-08-21 13:38:50.109000,12905.0,12930.0,12795.0,12845.0,nan,12865.0,216504,13926619800.0,333997,12905.0,122,12900.0,263,nan,0,nan,0,nan,0,nan,0,nan,0,nan,0,nan,0,nan,0
1597988330268353024,1597988330712000000,2020-08-21 13:38:50.712000,12905.0,12930.0,12795.0,12845.0,nan,12865.0,216504,13926619800.0,333997,12905.0,122,12900.0,264,nan,0,nan,0,nan,0,nan,0,nan,0,nan,0,nan,0,nan,0
1597988331743279104,1597988332230000128,2020-08-21 13:38:52.230000,12905.0,12930.0,12795.0,12845.0,nan,12865.0,216505,13926684125.0,333997,12905.0,121,12900.0,264,nan,0,nan,0,nan,0,nan,0,nan,0,nan,0,nan,0,nan,0
1597988332276922112,1597988332740999936,2020-08-21 13:38:52.741000,12905.0,12930.0,12795.0,12845.0,nan,12865.0,216511,13927070075.0,334000,12905.0,115,12900.0,257,nan,0,nan,0,nan,0,nan,0,nan,0,nan,0,nan,0,nan,0
1597988332736335104,1597988333239000064,2020-08-21 13:38:53.239000,12905.0,12930.0,12795.0,12845.0,nan,12865.0,216520,13927649000.0,334004,12905.0,106,12900.0,249,nan,0,nan,0,nan,0,nan,0,nan,0,nan,0,nan,0,nan,0
1597988333249125888,1597988333742000128,2020-08-21 13:38:53.742000,12905.0,12930.0,12795.0,12845.0,nan,12865.0,216521,13927713325.0,334005,12905.0,108,12900.0,249,nan,0,nan,0,nan,0,nan,0,nan,0,nan,0,nan,0,nan,0
1597988333796253952,1597988334240999936,2020-08-21 13:38:54.241000,12905.0,12930.0,12795.0,12845.0,nan,12865.0,216522,13927777650.0,334006,12905.0,107,12900.0,251,nan,0,nan,0,nan,0,nan,0,nan,0,nan,0,nan,0,nan,0
1597988334268034048,1597988334691000064,2020-08-21 13:38:54.691000,12905.0,12930.0,12795.0,12845.0,nan,12865.0,216523,13927841975.0,334007,12905.0,108,12900.0,251,nan,0,nan,0,nan,0,nan,0,nan,0,nan,0,nan,0,nan,0
1597988334750902016,1597988335183000064,2020-08-21 13:38:55.183000,12900.0,12930.0,12795.0,12845.0,nan,12865.0,216623,13934274475.0,334066,12905.0,108,12900.0,251,nan,0,nan,0,nan,0,nan,0,nan,0,nan,0,nan,0,nan,0
1597988335237720064,1597988335736999936,2020-08-21 13:38:55.737000,12900.0,12930.0,12795.0,12845.0,nan,12865.0,216733,13941350225.0,334070,12905.0,100,12900.0,251,nan,0,nan,0,nan,0,nan,0,nan,0,nan,0,nan,0,nan,0
1597988335738445056,1597988336194000128,2020-08-21 13:38:56.194000,12900.0,12930.0,12795.0,12845.0,nan,12865.0,216833,13947782725.0,334126,12905.0,102,12900.0,254,nan,0,nan,0,nan,0,nan,0,nan,0,nan,0,nan,0,nan,0
1597988336282052096,1597988336742000128,2020-08-21 13:38:56.742000,12900.0,12930.0,12795.0,12845.0,nan,12865.0,216933,13954215225.0,334226,12905.0,180,12900.0,255,nan,0,nan,0,nan,0,nan,0,nan,0,nan,0,nan,0,nan,0
1597988336759866880,1597988337237999872,2020-08-21 13:38:57.238000,12900.0,12930.0,12795.0,12845.0,nan,12865.0,217051,13961805575.0,334316,12905.0,188,12900.0,203,nan,0,nan,0,nan,0,nan,0,nan,0,nan,0,nan,0,nan,0
1597988337281992960,1597988337703000064,2020-08-21 13:38:57.703000,12900.0,12930.0,12795.0,12845.0,nan,12865.0,217154,13968431050.0,334416,12905.0,188,12900.0,199,nan,0,nan,0,nan,0,nan,0,nan,0,nan,0,nan,0,nan,0
1597988337915087104,1597988338239000064,2020-08-21 13:38:58.239000,12900.0,12930.0,12795.0,12845.0,nan,12865.0,217254,13974863550.0,334516,12905.0,188,12900.0,199,nan,0,nan,0,nan,0,nan,0,nan,0,nan,0,nan,0,nan,0
1597988338240118016,1597988338732000000,2020-08-21 13:38:58.732000,12900.0,12930.0,12795.0,12845.0,nan,12865.0,217354,13981296050.0,334616,12905.0,196,12900.0,196,nan,0,nan,0,nan,0,nan,0,nan,0,nan,0,nan,0,nan,0
1597988338750432000,1597988339243000064,2020-08-21 13:38:59.243000,12900.0,12930.0,12795.0,12845.0,nan,12865.0,217467,13988564775.0,334694,12905.0,270,12900.0,84,nan,0,nan,0,nan,0,nan,0,nan,0,nan,0,nan,0,nan,0
1597988339340717056,1597988339732000000,2020-08-21 13:38:59.732000,12900.0,12930.0,12795.0,12845.0,nan,12865.0,217651,14000400575.0,334857,12900.0,165,12895.0,201,nan,0,nan,0,nan,0,nan,0,nan,0,nan,0,nan,0,nan,0
1597988339744293120,1597988340240999936,2020-08-21 13:39:00.241000,12900.0,12930.0,12795.0,12845.0,nan,12865.0,217654,14000593550.0,334857,12900.0,126,12895.0,174,nan,0,nan,0,nan,0,nan,0,nan,0,nan,0,nan,0,nan,0
1597988340285966080,1597988340736999936,2020-08-21 13:39:00.737000,12900.0,12930.0,12795.0,12845.0,nan,12865.0,217654,14000593550.0,334857,12900.0,128,12895.0,189,nan,0,nan,0,nan,0,nan,0,nan,0,nan,0,nan,0,nan,0
1597988340792389120,1597988341237999872,2020-08-21 13:39:01.238000,12895.0,12930.0,12795.0,12845.0,nan,12865.0,217656,14000722200.0,334857,12900.0,128,12895.0,188,nan,0,nan,0,nan,0,nan,0,nan,0,nan,0,nan,0,nan,0
1597988341250831104,1597988341742000128,2020-08-21 13:39:01.742000,12900.0,12930.0,12795.0,12845.0,nan,12865.0,217657,14000786525.0,334856,12900.0,127,12895.0,188,nan,0,nan,0,nan,0,nan,0,nan,0,nan,0,nan,0,nan,0
1597988342761818112,1597988343236999936,2020-08-21 13:39:03.237000,12900.0,12930.0,12795.0,12845.0,nan,12865.0,217657,14000786525.0,334856,12900.0,128,12895.0,188,nan,0,nan,0,nan,0,nan,0,nan,0,nan,0,nan,0,nan,0
1597988343274436096,1597988343740000000,2020-08-21 13:39:03.740000,12900.0,12930.0,12795.0,12845.0,nan,12865.0,217657,14000786525.0,334856,12900.0,132,12895.0,188,nan,0,nan,0,nan,0,nan,0,nan,0,nan,0,nan,0,nan,0
1597988343740664064,1597988344221999872,2020-08-21 13:39:04.222000,12900.0,12930.0,12795.0,12845.0,nan,12865.0,217658,14000850850.0,334856,12900.0,129,12895.0,188,nan,0,nan,0,nan,0,nan,0,nan,0,nan,0,nan,0,nan,0
1597988344240990976,1597988344743000064,2020-08-21 13:39:04.743000,12900.0,12930.0,12795.0,12845.0,nan,12865.0,217658,14000850850.0,334856,12900.0,131,12895.0,188,nan,0,nan,0,nan,0,nan,0,nan,0,nan,0,nan,0,nan,0
1597988344744147968,1597988345236999936,2020-08-21 13:39:05.237000,12900.0,12930.0,12795.0,12845.0,nan,12865.0,217658,14000850850.0,334856,12900.0,131,12895.0,189,nan,0,nan,0,nan,0,nan,0,nan,0,nan,0,nan,0,nan,0
1597988345268771072,1597988345742000128,2020-08-21 13:39:05.742000,12900.0,12930.0,12795.0,12845.0,nan,12865.0,217658,14000850850.0,334856,12900.0,132,12895.0,197,nan,0,nan,0,nan,0,nan,0,nan,0,nan,0,nan,0,nan,0
1597988345778799104,1597988346233999872,2020-08-21 13:39:06.234000,12900.0,12930.0,12795.0,12845.0,nan,12865.0,217658,14000850850.0,334856,12900.0,131,12895.0,206,nan,0,nan,0,nan,0,nan,0,nan,0,nan,0,nan,0,nan,0
1597988346285671936,1597988346743000064,2020-08-21 13:39:06.743000,12900.0,12930.0,12795.0,12845.0,nan,12865.0,217658,14000850850.0,334856,12900.0,131,12895.0,207,nan,0,nan,0,nan,0,nan,0,nan,0,nan,0,nan,0,nan,0
1597988346759448064,1597988347239000064,2020-08-21 13:39:07.239000,12900.0,12930.0,12795.0,12845.0,nan,12865.0,217659,14000915175.0,334856,12900.0,130,12895.0,208,nan,0,nan,0,nan,0,nan,0,nan,0,nan,0,nan,0,nan,0
1597988347246629888,1597988347711000064,2020-08-21 13:39:07.711000,12900.0,12930.0,12795.0,12845.0,nan,12865.0,217661,14001043825.0,334856,12900.0,137,12895.0,209,nan,0,nan,0,nan,0,nan,0,nan,0,nan,0,nan,0,nan,0
1597988347740613120,1597988348233999872,2020-08-21 13:39:08.234000,12900.0,12930.0,12795.0,12845.0,nan,12865.0,217683,14002458975.0,334851,12900.0,115,12895.0,209,nan,0,nan,0,nan,0,nan,0,nan,0,nan,0,nan,0,nan,0
1597988348265915904,1597988348707000064,2020-08-21 13:39:08.707000,12900.0,12930.0,12795.0,12845.0,nan,12865.0,217683,14002458975.0,334851,12900.0,115,12895.0,219,nan,0,nan,0,nan,0,nan,0,nan,0,nan,0,nan,0,nan,0
1597988348769153024,1597988349219000064,2020-08-21 13:39:09.219000,12900.0,12930.0,12795.0,12845.0,nan,12865.0,217683,14002458975.0,334851,12900.0,115,12895.0,221,nan,0,nan,0,nan,0,nan,0,nan,0,nan,0,nan,0,nan,0
1597988349268689920,1597988349740000000,2020-08-21 13:39:09.740000,12900.0,12930.0,12795.0,12845.0,nan,12865.0,217685,14002587625.0,334852,12900.0,114,12895.0,219,nan,0,nan,0,nan,0,nan,0,nan,0,nan,0,nan,0,nan,0
1597988349771109120,1597988350240999936,2020-08-21 13:39:10.241000,12895.0,12930.0,12795.0,12845.0,nan,12865.0,217687,14002716275.0,334853,12900.0,113,12895.0,219,nan,0,nan,0,nan,0,nan,0,nan,0,nan,0,nan,0,nan,0
1597988350269224960,1597988350743000064,2020-08-21 13:39:10.743000,12895.0,12930.0,12795.0,12845.0,nan,12865.0,217687,14002716275.0,334853,12900.0,113,12895.0,225,nan,0,nan,0,nan,0,nan,0,nan,0,nan,0,nan,0,nan,0
1597988350837881088,1597988351211000064,2020-08-21 13:39:11.211000,12900.0,12930.0,12795.0,12845.0,nan,12865.0,217688,14002780600.0,334854,12900.0,116,12895.0,225,nan,0,nan,0,nan,0,nan,0,nan,0,nan,0,nan,0,nan,0
1597988351259010048,1597988351736999936,2020-08-21 13:39:11.737000,12900.0,12930.0,12795.0,12845.0,nan,12865.0,217688,14002780600.0,334854,12900.0,116,12895.0,228,nan,0,nan,0,nan,0,nan,0,nan,0,nan,0,nan,0,nan,0
1597988352257716992,1597988352734999808,2020-08-21 13:39:12.735000,12895.0,12930.0,12795.0,12845.0,nan,12865.0,217690,14002909250.0,334854,12900.0,118,12895.0,226,nan,0,nan,0,nan,0,nan,0,nan,0,nan,0,nan,0,nan,0
1597988352810193920,1597988353220999936,2020-08-21 13:39:13.221000,12895.0,12930.0,12795.0,12845.0,nan,12865.0,217692,14003037900.0,334856,12900.0,117,12895.0,230,nan,0,nan,0,nan,0,nan,0,nan,0,nan,0,nan,0,nan,0
1597988353754963968,1597988354242000128,2020-08-21 13:39:14.242000,12900.0,12930.0,12795.0,12845.0,nan,12865.0,217694,14003166550.0,334858,12900.0,109,12895.0,230,nan,0,nan,0,nan,0,nan,0,nan,0,nan,0,nan,0,nan,0
1597988354247652096,1597988354724999936,2020-08-21 13:39:14.725000,12895.0,12930.0,12795.0,12845.0,nan,12865.0,217702,14003681150.0,334858,12900.0,109,12895.0,223,nan,0,nan,0,nan,0,nan,0,nan,0,nan,0,nan,0,nan,0
1597988354748233984,1597988355237999872,2020-08-21 13:39:15.238000,12895.0,12930.0,12795.0,12845.0,nan,12865.0,217702,14003681150.0,334858,12900.0,110,12895.0,227,nan,0,nan,0,nan,0,nan,0,nan,0,nan,0,nan,0,nan,0
1597988355250781952,1597988355742000128,2020-08-21 13:39:15.742000,12895.0,12930.0,12795.0,12845.0,nan,12865.0,217704,14003809800.0,334860,12900.0,111,12895.0,225,nan,0,nan,0,nan,0,nan,0,nan,0,nan,0,nan,0,nan,0
1597988355738341888,1597988356224999936,2020-08-21 13:39:16.225000,12895.0,12930.0,12795.0,12845.0,nan,12865.0,217704,14003809800.0,334860,12900.0,112,12895.0,225,nan,0,nan,0,nan,0,nan,0,nan,0,nan,0,nan,0,nan,0
1597988356741878016,1597988357214999808,2020-08-21 13:39:17.215000,12895.0,12930.0,12795.0,12845.0,nan,12865.0,217704,14003809800.0,334860,12900.0,113,12895.0,225,nan,0,nan,0,nan,0,nan,0,nan,0,nan,0,nan,0,nan,0
1597988357745939968,1597988358234999808,2020-08-21 13:39:18.235000,12900.0,12930.0,12795.0,12845.0,nan,12865.0,217708,14004067100.0,334860,12900.0,109,12895.0,225,nan,0,nan,0,nan,0,nan,0,nan,0,nan,0,nan,0,nan,0
1597988358780935936,1597988359244000000,2020-08-21 13:39:19.244000,12895.0,12930.0,12795.0,12845.0,nan,12865.0,217710,14004195750.0,334860,12900.0,109,12895.0,223,nan,0,nan,0,nan,0,nan,0,nan,0,nan,0,nan,0,nan,0
1597988359245085952,1597988359740000000,2020-08-21 13:39:19.740000,12900.0,12930.0,12795.0,12845.0,nan,12865.0,217711,14004260075.0,334861,12900.0,108,12895.0,224,nan,0,nan,0,nan,0,nan,0,nan,0,nan,0,nan,0,nan,0
1597988359769177088,1597988360240000000,2020-08-21 13:39:20.240000,12895.0,12930.0,12795.0,12845.0,nan,12865.0,217718,14004710350.0,334861,12900.0,108,12895.0,219,nan,0,nan,0,nan,0,nan,0,nan,0,nan,0,nan,0,nan,0
1597988360743482112,1597988361153000192,2020-08-21 13:39:21.153000,12900.0,12930.0,12795.0,12845.0,nan,12865.0,217721,14004903325.0,334864,12900.0,106,12895.0,216,nan,0,nan,0,nan,0,nan,0,nan,0,nan,0,nan,0,nan,0
1597988361264644096,1597988361737999872,2020-08-21 13:39:21.738000,12895.0,12930.0,12795.0,12845.0,nan,12865.0,217722,14004967650.0,334865,12900.0,106,12895.0,214,nan,0,nan,0,nan,0,nan,0,nan,0,nan,0,nan,0,nan,0
1597988361770776064,1597988362233999872,2020-08-21 13:39:22.234000,12895.0,12930.0,12795.0,12845.0,nan,12865.0,217722,14004967650.0,334865,12900.0,126,12895.0,214,nan,0,nan,0,nan,0,nan,0,nan,0,nan,0,nan,0,nan,0
1597988363270212096,1597988363716000000,2020-08-21 13:39:23.716000,12895.0,12930.0,12795.0,12845.0,nan,12865.0,217722,14004967650.0,334865,12900.0,127,12895.0,214,nan,0,nan,0,nan,0,nan,0,nan,0,nan,0,nan,0,nan,0
1597988364751646976,1597988365242000128,2020-08-21 13:39:25.242000,12895.0,12930.0,12795.0,12845.0,nan,12865.0,217732,14005610900.0,334866,12900.0,127,12895.0,196,nan,0,nan,0,nan,0,nan,0,nan,0,nan,0,nan,0,nan,0
1597988365747418880,1597988366243000064,2020-08-21 13:39:26.243000,12895.0,12930.0,12795.0,12845.0,nan,12865.0,217733,14005675225.0,334866,12900.0,128,12895.0,195,nan,0,nan,0,nan,0,nan,0,nan,0,nan,0,nan,0,nan,0
1597988366282289920,1597988366731000064,2020-08-21 13:39:26.731000,12895.0,12930.0,12795.0,12845.0,nan,12865.0,217735,14005803875.0,334866,12900.0,133,12895.0,193,nan,0,nan,0,nan,0,nan,0,nan,0,nan,0,nan,0,nan,0
1597988366800343040,1597988367232000000,2020-08-21 13:39:27.232000,12895.0,12930.0,12795.0,12845.0,nan,12865.0,217735,14005803875.0,334866,12900.0,138,12895.0,195,nan,0,nan,0,nan,0,nan,0,nan,0,nan,0,nan,0,nan,0
1597988367268681984,1597988367731000064,2020-08-21 13:39:27.731000,12895.0,12930.0,12795.0,12845.0,nan,12865.0,217743,14006318475.0,334866,12900.0,139,12895.0,187,nan,0,nan,0,nan,0,nan,0,nan,0,nan,0,nan,0,nan,0
1597988367748508928,1597988368209000192,2020-08-21 13:39:28.209000,12895.0,12930.0,12795.0,12845.0,nan,12865.0,217749,14006704425.0,334866,12900.0,139,12895.0,181,nan,0,nan,0,nan,0,nan,0,nan,0,nan,0,nan,0,nan,0
1597988368258938112,1597988368736999936,2020-08-21 13:39:28.737000,12895.0,12930.0,12795.0,12845.0,nan,12865.0,217749,14006704425.0,334866,12900.0,142,12895.0,181,nan,0,nan,0,nan,0,nan,0,nan,0,nan,0,nan,0,nan,0
1597988368753147904,1597988369236999936,2020-08-21 13:39:29.237000,12900.0,12930.0,12795.0,12845.0,nan,12865.0,217750,14006768750.0,334866,12900.0,141,12895.0,181,nan,0,nan,0,nan,0,nan,0,nan,0,nan,0,nan,0,nan,0
1597988369765080064,1597988370196000000,2020-08-21 13:39:30.196000,12895.0,12930.0,12795.0,12845.0,nan,12865.0,217751,14006833075.0,334866,12900.0,141,12895.0,180,nan,0,nan,0,nan,0,nan,0,nan,0,nan,0,nan,0,nan,0
1597988371257691904,1597988371739000064,2020-08-21 13:39:31.739000,12900.0,12930.0,12795.0,12845.0,nan,12865.0,217752,14006897400.0,334867,12900.0,140,12895.0,184,nan,0,nan,0,nan,0,nan,0,nan,0,nan,0,nan,0,nan,0
1597988371757705984,1597988372240999936,2020-08-21 13:39:32.241000,12900.0,12930.0,12795.0,12845.0,nan,12865.0,217752,14006897400.0,334867,12900.0,159,12895.0,184,nan,0,nan,0,nan,0,nan,0,nan,0,nan,0,nan,0,nan,0
1597988372263204096,1597988372739000064,2020-08-21 13:39:32.739000,12900.0,12930.0,12795.0,12845.0,nan,12865.0,217752,14006897400.0,334867,12900.0,164,12895.0,184,nan,0,nan,0,nan,0,nan,0,nan,0,nan,0,nan,0,nan,0
1597988372774292992,1597988373240999936,2020-08-21 13:39:33.241000,12900.0,12930.0,12795.0,12845.0,nan,12865.0,217753,14006961725.0,334868,12900.0,161,12895.0,184,nan,0,nan,0,nan,0,nan,0,nan,0,nan,0,nan,0,nan,0
1597988373269652992,1597988373724999936,2020-08-21 13:39:33.725000,12900.0,12930.0,12795.0,12845.0,nan,12865.0,217754,14007026050.0,334869,12900.0,161,12895.0,184,nan,0,nan,0,nan,0,nan,0,nan,0,nan,0,nan,0,nan,0
1597988373759945984,1597988374216999936,2020-08-21 13:39:34.217000,12900.0,12930.0,12795.0,12845.0,nan,12865.0,217754,14007026050.0,334869,12900.0,160,12895.0,184,nan,0,nan,0,nan,0,nan,0,nan,0,nan,0,nan,0,nan,0
1597988374259712000,1597988374736999936,2020-08-21 13:39:34.737000,12900.0,12930.0,12795.0,12845.0,nan,12865.0,217754,14007026050.0,334869,12900.0,170,12895.0,184,nan,0,nan,0,nan,0,nan,0,nan,0,nan,0,nan,0,nan,0
1597988375289001984,1597988375732000000,2020-08-21 13:39:35.732000,12900.0,12930.0,12795.0,12845.0,nan,12865.0,217754,14007026050.0,334869,12900.0,170,12895.0,185,nan,0,nan,0,nan,0,nan,0,nan,0,nan,0,nan,0,nan,0
1597988376270039040,1597988376744000000,2020-08-21 13:39:36.744000,12895.0,12930.0,12795.0,12845.0,nan,12865.0,217755,14007090375.0,334869,12900.0,172,12895.0,184,nan,0,nan,0,nan,0,nan,0,nan,0,nan,0,nan,0,nan,0
1597988376790802944,1597988377236999936,2020-08-21 13:39:37.237000,12895.0,12930.0,12795.0,12845.0,nan,12865.0,217755,14007090375.0,334869,12900.0,173,12895.0,184,nan,0,nan,0,nan,0,nan,0,nan,0,nan,0,nan,0,nan,0
1597988377264113920,1597988377743000064,2020-08-21 13:39:37.743000,12895.0,12930.0,12795.0,12845.0,nan,12865.0,217756,14007154700.0,334870,12900.0,173,12895.0,185,nan,0,nan,0,nan,0,nan,0,nan,0,nan,0,nan,0,nan,0
1597988377761358080,1597988378224999936,2020-08-21 13:39:38.225000,12895.0,12930.0,12795.0,12845.0,nan,12865.0,217764,14007669300.0,334878,12900.0,173,12895.0,177,nan,0,nan,0,nan,0,nan,0,nan,0,nan,0,nan,0,nan,0
1597988379278140928,1597988379720999936,2020-08-21 13:39:39.721000,12895.0,12930.0,12795.0,12845.0,nan,12865.0,217834,14012172050.0,334840,12900.0,191,12895.0,108,nan,0,nan,0,nan,0,nan,0,nan,0,nan,0,nan,0,nan,0
1597988379748553984,1597988380232999936,2020-08-21 13:39:40.233000,12895.0,12930.0,12795.0,12845.0,nan,12865.0,217834,14012172050.0,334840,12900.0,196,12895.0,98,nan,0,nan,0,nan,0,nan,0,nan,0,nan,0,nan,0,nan,0
1597988380258394112,1597988380729000192,2020-08-21 13:39:40.729000,12895.0,12930.0,12795.0,12845.0,nan,12865.0,217835,14012236375.0,334839,12900.0,196,12895.0,97,nan,0,nan,0,nan,0,nan,0,nan,0,nan,0,nan,0,nan,0
1597988380754354944,1597988381234999808,2020-08-21 13:39:41.235000,12900.0,12930.0,12795.0,12845.0,nan,12865.0,217837,14012365025.0,334838,12900.0,198,12895.0,113,nan,0,nan,0,nan,0,nan,0,nan,0,nan,0,nan,0,nan,0
1597988381279281920,1597988381719000064,2020-08-21 13:39:41.719000,12900.0,12930.0,12795.0,12845.0,nan,12865.0,217837,14012365025.0,334838,12900.0,201,12895.0,123,nan,0,nan,0,nan,0,nan,0,nan,0,nan,0,nan,0,nan,0
1597988382254393088,1597988382742000128,2020-08-21 13:39:42.742000,12895.0,12930.0,12795.0,12845.0,nan,12865.0,217847,14013008275.0,334835,12900.0,203,12895.0,130,nan,0,nan,0,nan,0,nan,0,nan,0,nan,0,nan,0,nan,0
1597988382754959872,1597988383234999808,2020-08-21 13:39:43.235000,12895.0,12930.0,12795.0,12845.0,nan,12865.0,217847,14013008275.0,334835,12900.0,208,12895.0,150,nan,0,nan,0,nan,0,nan,0,nan,0,nan,0,nan,0,nan,0
1597988383256965888,1597988383716999936,2020-08-21 13:39:43.717000,12895.0,12930.0,12795.0,12845.0,nan,12865.0,217847,14013008275.0,334835,12900.0,208,12895.0,158,nan,0,nan,0,nan,0,nan,0,nan,0,nan,0,nan,0,nan,0
1597988383780633088,1597988384208000000,2020-08-21 13:39:44.208000,12895.0,12930.0,12795.0,12845.0,nan,12865.0,217847,14013008275.0,334835,12900.0,208,12895.0,170,nan,0,nan,0,nan,0,nan,0,nan,0,nan,0,nan,0,nan,0
1597988384754488064,1597988385243000064,2020-08-21 13:39:45.243000,12895.0,12930.0,12795.0,12845.0,nan,12865.0,217887,14015581275.0,334827,12900.0,206,12895.0,132,nan,0,nan,0,nan,0,nan,0,nan,0,nan,0,nan,0,nan,0
1597988385280055040,1597988385733999872,2020-08-21 13:39:45.734000,12895.0,12930.0,12795.0,12845.0,nan,12865.0,217887,14015581275.0,334827,12900.0,206,12895.0,147,nan,0,nan,0,nan,0,nan,0,nan,0,nan,0,nan,0,nan,0
1597988385755279104,1597988386194000128,2020-08-21 13:39:46.194000,12895.0,12930.0,12795.0,12845.0,nan,12865.0,217887,14015581275.0,334827,12900.0,190,12895.0,147,nan,0,nan,0,nan,0,nan,0,nan,0,nan,0,nan,0,nan,0
1597988386256667904,1597988386704999936,2020-08-21 13:39:46.705000,12895.0,12930.0,12795.0,12845.0,nan,12865.0,217889,14015709925.0,334826,12900.0,190,12895.0,145,nan,0,nan,0,nan,0,nan,0,nan,0,nan,0,nan,0,nan,0
1597988387256555008,1597988387728000000,2020-08-21 13:39:47.728000,12895.0,12930.0,12795.0,12845.0,nan,12865.0,217889,14015709925.0,334826,12900.0,191,12895.0,145,nan,0,nan,0,nan,0,nan,0,nan,0,nan,0,nan,0,nan,0
1597988387782863104,1597988388223000064,2020-08-21 13:39:48.223000,12895.0,12930.0,12795.0,12845.0,nan,12865.0,217889,14015709925.0,334826,12900.0,189,12895.0,145,nan,0,nan,0,nan,0,nan,0,nan,0,nan,0,nan,0,nan,0
1597988388760097024,1597988389243000064,2020-08-21 13:39:49.243000,12900.0,12930.0,12795.0,12845.0,nan,12865.0,217890,14015774250.0,334827,12900.0,188,12895.0,144,nan,0,nan,0,nan,0,nan,0,nan,0,nan,0,nan,0,nan,0
1597988389260464896,1597988389707000064,2020-08-21 13:39:49.707000,12900.0,12930.0,12795.0,12845.0,nan,12865.0,217892,14015902900.0,334829,12900.0,187,12895.0,137,nan,0,nan,0,nan,0,nan,0,nan,0,nan,0,nan,0,nan,0
1597988389753743104,1597988390240000000,2020-08-21 13:39:50.240000,12900.0,12930.0,12795.0,12845.0,nan,12865.0,217901,14016481825.0,334838,12900.0,178,12895.0,129,nan,0,nan,0,nan,0,nan,0,nan,0,nan,0,nan,0,nan,0
1597988390274427904,1597988390744000000,2020-08-21 13:39:50.744000,12895.0,12930.0,12795.0,12845.0,nan,12865.0,217907,14016867775.0,334842,12900.0,173,12895.0,128,nan,0,nan,0,nan,0,nan,0,nan,0,nan,0,nan,0,nan,0
1597988390759158016,1597988391240999936,2020-08-21 13:39:51.241000,12895.0,12930.0,12795.0,12845.0,nan,12865.0,217909,14016996425.0,334840,12900.0,173,12895.0,127,nan,0,nan,0,nan,0,nan,0,nan,0,nan,0,nan,0,nan,0
1597988391264056064,1597988391742000128,2020-08-21 13:39:51.742000,12895.0,12930.0,12795.0,12845.0,nan,12865.0,217909,14016996425.0,334840,12900.0,175,12895.0,126,nan,0,nan,0,nan,0,nan,0,nan,0,nan,0,nan,0,nan,0
1597988391797753088,1597988392243000064,2020-08-21 13:39:52.243000,12895.0,12930.0,12795.0,12845.0,nan,12865.0,217910,14017060750.0,334840,12900.0,185,12895.0,125,nan,0,nan,0,nan,0,nan,0,nan,0,nan,0,nan,0,nan,0
1597988392264765952,1597988392736999936,2020-08-21 13:39:52.737000,12895.0,12930.0,12795.0,12845.0,nan,12865.0,217910,14017060750.0,334840,12900.0,201,12895.0,146,nan,0,nan,0,nan,0,nan,0,nan,0,nan,0,nan,0,nan,0
1597988392758665984,1597988393233999872,2020-08-21 13:39:53.234000,12895.0,12930.0,12795.0,12845.0,nan,12865.0,217911,14017125075.0,334839,12900.0,207,12895.0,145,nan,0,nan,0,nan,0,nan,0,nan,0,nan,0,nan,0,nan,0
1597988393267035904,1597988393729000192,2020-08-21 13:39:53.729000,12895.0,12930.0,12795.0,12845.0,nan,12865.0,217912,14017189400.0,334838,12900.0,209,12895.0,145,nan,0,nan,0,nan,0,nan,0,nan,0,nan,0,nan,0,nan,0
1597988393760410880,1597988394243000064,2020-08-21 13:39:54.243000,12895.0,12930.0,12795.0,12845.0,nan,12865.0,217914,14017318050.0,334836,12900.0,209,12895.0,146,nan,0,nan,0,nan,0,nan,0,nan,0,nan,0,nan,0,nan,0
1597988394269863936,1597988394743000064,2020-08-21 13:39:54.743000,12895.0,12930.0,12795.0,12845.0,nan,12865.0,217914,14017318050.0,334836,12900.0,212,12895.0,144,nan,0,nan,0,nan,0,nan,0,nan,0,nan,0,nan,0,nan,0
1597988394798822912,1597988395243000064,2020-08-21 13:39:55.243000,12900.0,12930.0,12795.0,12845.0,nan,12865.0,217932,14018475900.0,334853,12900.0,200,12895.0,120,nan,0,nan,0,nan,0,nan,0,nan,0,nan,0,nan,0,nan,0
1597988395302942976,1597988395743000064,2020-08-21 13:39:55.743000,12900.0,12930.0,12795.0,12845.0,nan,12865.0,217939,14018926175.0,334858,12900.0,196,12895.0,127,nan,0,nan,0,nan,0,nan,0,nan,0,nan,0,nan,0,nan,0
1597988395787511040,1597988396236000000,2020-08-21 13:39:56.236000,12895.0,12930.0,12795.0,12845.0,nan,12865.0,217940,14018990500.0,334857,12900.0,196,12895.0,126,nan,0,nan,0,nan,0,nan,0,nan,0,nan,0,nan,0,nan,0
1597988396279572992,1597988396729000192,2020-08-21 13:39:56.729000,12895.0,12930.0,12795.0,12845.0,nan,12865.0,217941,14019054825.0,334856,12900.0,197,12895.0,113,nan,0,nan,0,nan,0,nan,0,nan,0,nan,0,nan,0,nan,0
1597988396799806976,1597988397231000064,2020-08-21 13:39:57.231000,12900.0,12930.0,12795.0,12845.0,nan,12865.0,217950,14019633750.0,334865,12900.0,193,12895.0,116,nan,0,nan,0,nan,0,nan,0,nan,0,nan,0,nan,0,nan,0
1597988397323312128,1597988397743000064,2020-08-21 13:39:57.743000,12900.0,12930.0,12795.0,12845.0,nan,12865.0,217954,14019891050.0,334869,12900.0,188,12895.0,119,nan,0,nan,0,nan,0,nan,0,nan,0,nan,0,nan,0,nan,0
1597988397912188928,1597988398239000064,2020-08-21 13:39:58.239000,12900.0,12930.0,12795.0,12845.0,nan,12865.0,217954,14019891050.0,334869,12900.0,188,12895.0,123,nan,0,nan,0,nan,0,nan,0,nan,0,nan,0,nan,0,nan,0
1597988398270654976,1597988398740999936,2020-08-21 13:39:58.741000,12900.0,12930.0,12795.0,12845.0,nan,12865.0,217956,14020019700.0,334871,12900.0,191,12895.0,109,nan,0,nan,0,nan,0,nan,0,nan,0,nan,0,nan,0,nan,0
1597988398764090880,1597988399239000064,2020-08-21 13:39:59.239000,12900.0,12930.0,12795.0,12845.0,nan,12865.0,217965,14020598625.0,334880,12900.0,182,12895.0,109,nan,0,nan,0,nan,0,nan,0,nan,0,nan,0,nan,0,nan,0
1597988399273307904,1597988399743000064,2020-08-21 13:39:59.743000,12895.0,12930.0,12795.0,12845.0,nan,12865.0,217976,14021306200.0,334883,12900.0,181,12895.0,99,nan,0,nan,0,nan,0,nan,0,nan,0,nan,0,nan,0,nan,0
1597988399783409920,1597988400224000000,2020-08-21 13:40:00.224000,12895.0,12930.0,12795.0,12845.0,nan,12865.0,217976,14021306200.0,334883,12900.0,186,12895.0,91,nan,0,nan,0,nan,0,nan,0,nan,0,nan,0,nan,0,nan,0
1597988400282680064,1597988400744000000,2020-08-21 13:40:00.744000,12900.0,12930.0,12795.0,12845.0,nan,12865.0,217977,14021370525.0,334884,12900.0,185,12895.0,93,nan,0,nan,0,nan,0,nan,0,nan,0,nan,0,nan,0,nan,0
1597988400784766976,1597988401224999936,2020-08-21 13:40:01.225000,12900.0,12930.0,12795.0,12845.0,nan,12865.0,217977,14021370525.0,334884,12900.0,187,12895.0,94,nan,0,nan,0,nan,0,nan,0,nan,0,nan,0,nan,0,nan,0
1597988401795092992,1597988402216999936,2020-08-21 13:40:02.217000,12900.0,12930.0,12795.0,12845.0,nan,12865.0,217979,14021499175.0,334884,12900.0,186,12895.0,107,nan,0,nan,0,nan,0,nan,0,nan,0,nan,0,nan,0,nan,0
1597988402277278976,1597988402742000128,2020-08-21 13:40:02.742000,12900.0,12930.0,12795.0,12845.0,nan,12865.0,217982,14021692150.0,334884,12900.0,177,12895.0,116,nan,0,nan,0,nan,0,nan,0,nan,0,nan,0,nan,0,nan,0
1597988402768140032,1597988403240999936,2020-08-21 13:40:03.241000,12900.0,12930.0,12795.0,12845.0,nan,12865.0,217983,14021756475.0,334885,12900.0,176,12895.0,162,nan,0,nan,0,nan,0,nan,0,nan,0,nan,0,nan,0,nan,0
1597988403277458944,1597988403719000064,2020-08-21 13:40:03.719000,12900.0,12930.0,12795.0,12845.0,nan,12865.0,217983,14021756475.0,334885,12900.0,183,12895.0,162,nan,0,nan,0,nan,0,nan,0,nan,0,nan,0,nan,0,nan,0
1597988403793453056,1597988404240000000,2020-08-21 13:40:04.240000,12895.0,12930.0,12795.0,12845.0,nan,12865.0,217984,14021820800.0,334885,12900.0,183,12895.0,158,nan,0,nan,0,nan,0,nan,0,nan,0,nan,0,nan,0,nan,0
1597988404265132032,1597988404734999808,2020-08-21 13:40:04.735000,12895.0,12930.0,12795.0,12845.0,nan,12865.0,217984,14021820800.0,334885,12900.0,175,12895.0,188,nan,0,nan,0,nan,0,nan,0,nan,0,nan,0,nan,0,nan,0
1597988405273382912,1597988405729000192,2020-08-21 13:40:05.729000,12900.0,12930.0,12795.0,12845.0,nan,12865.0,217985,14021885125.0,334886,12900.0,174,12895.0,191,nan,0,nan,0,nan,0,nan,0,nan,0,nan,0,nan,0,nan,0
1597988405764008960,1597988406210000128,2020-08-21 13:40:06.210000,12900.0,12930.0,12795.0,12845.0,nan,12865.0,217985,14021885125.0,334886,12900.0,217,12895.0,194,nan,0,nan,0,nan,0,nan,0,nan,0,nan,0,nan,0,nan,0
1597988406271890944,1597988406744999936,2020-08-21 13:40:06.745000,12900.0,12930.0,12795.0,12845.0,nan,12865.0,217995,14022528375.0,334877,12900.0,212,12895.0,190,nan,0,nan,0,nan,0,nan,0,nan,0,nan,0,nan,0,nan,0
1597988406802994944,1597988407236999936,2020-08-21 13:40:07.237000,12895.0,12930.0,12795.0,12845.0,nan,12865.0,217996,14022592700.0,334876,12900.0,213,12895.0,189,nan,0,nan,0,nan,0,nan,0,nan,0,nan,0,nan,0,nan,0
1597988407271204096,1597988407719000064,2020-08-21 13:40:07.719000,12900.0,12930.0,12795.0,12845.0,nan,12865.0,217997,14022657025.0,334876,12900.0,212,12895.0,189,nan,0,nan,0,nan,0,nan,0,nan,0,nan,0,nan,0,nan,0
1597988407765042944,1597988408239000064,2020-08-21 13:40:08.239000,12900.0,12930.0,12795.0,12845.0,nan,12865.0,217997,14022657025.0,334876,12900.0,213,12895.0,190,nan,0,nan,0,nan,0,nan,0,nan,0,nan,0,nan,0,nan,0
1597988408267846912,1597988408740000000,2020-08-21 13:40:08.740000,12900.0,12930.0,12795.0,12845.0,nan,12865.0,217997,14022657025.0,334876,12900.0,212,12895.0,190,nan,0,nan,0,nan,0,nan,0,nan,0,nan,0,nan,0,nan,0
1597988408795664896,1597988409211000064,2020-08-21 13:40:09.211000,12900.0,12930.0,12795.0,12845.0,nan,12865.0,217998,14022721350.0,334876,12900.0,211,12895.0,190,nan,0,nan,0,nan,0,nan,0,nan,0,nan,0,nan,0,nan,0
1597988409268436992,1597988409736999936,2020-08-21 13:40:09.737000,12900.0,12930.0,12795.0,12845.0,nan,12865.0,217998,14022721350.0,334876,12900.0,214,12895.0,191,nan,0,nan,0,nan,0,nan,0,nan,0,nan,0,nan,0,nan,0
1597988410771910912,1597988411239000064,2020-08-21 13:40:11.239000,12900.0,12930.0,12795.0,12845.0,nan,12865.0,217998,14022721350.0,334876,12900.0,216,12895.0,191,nan,0,nan,0,nan,0,nan,0,nan,0,nan,0,nan,0,nan,0
1597988411271653120,1597988411730000128,2020-08-21 13:40:11.730000,12900.0,12930.0,12795.0,12845.0,nan,12865.0,217998,14022721350.0,334876,12900.0,216,12895.0,193,nan,0,nan,0,nan,0,nan,0,nan,0,nan,0,nan,0,nan,0
1597988411770937088,1597988412224999936,2020-08-21 13:40:12.225000,12900.0,12930.0,12795.0,12845.0,nan,12865.0,218000,14022850000.0,334874,12900.0,214,12895.0,196,nan,0,nan,0,nan,0,nan,0,nan,0,nan,0,nan,0,nan,0
1597988412269113088,1597988412708000000,2020-08-21 13:40:12.708000,12900.0,12930.0,12795.0,12845.0,nan,12865.0,218001,14022914325.0,334874,12900.0,213,12895.0,196,nan,0,nan,0,nan,0,nan,0,nan,0,nan,0,nan,0,nan,0
1597988412768878080,1597988413236999936,2020-08-21 13:40:13.237000,12900.0,12930.0,12795.0,12845.0,nan,12865.0,218001,14022914325.0,334874,12900.0,218,12895.0,196,nan,0,nan,0,nan,0,nan,0,nan,0,nan,0,nan,0,nan,0
1597988413766616064,1597988414230000128,2020-08-21 13:40:14.230000,12895.0,12930.0,12795.0,12845.0,nan,12865.0,218003,14023042975.0,334873,12900.0,217,12895.0,195,nan,0,nan,0,nan,0,nan,0,nan,0,nan,0,nan,0,nan,0
1597988414268815104,1597988414728000000,2020-08-21 13:40:14.728000,12900.0,12930.0,12795.0,12845.0,nan,12865.0,218004,14023107300.0,334873,12900.0,219,12895.0,195,nan,0,nan,0,nan,0,nan,0,nan,0,nan,0,nan,0,nan,0
1597988414783194880,1597988415240999936,2020-08-21 13:40:15.241000,12900.0,12930.0,12795.0,12845.0,nan,12865.0,218009,14023428925.0,334873,12900.0,214,12895.0,195,nan,0,nan,0,nan,0,nan,0,nan,0,nan,0,nan,0,nan,0
1597988415286329088,1597988415740999936,2020-08-21 13:40:15.741000,12900.0,12930.0,12795.0,12845.0,nan,12865.0,218009,14023428925.0,334873,12900.0,214,12895.0,196,nan,0,nan,0,nan,0,nan,0,nan,0,nan,0,nan,0,nan,0
1597988416771294976,1597988417244000000,2020-08-21 13:40:17.244000,12895.0,12930.0,12795.0,12845.0,nan,12865.0,218010,14023493250.0,334872,12900.0,214,12895.0,195,nan,0,nan,0,nan,0,nan,0,nan,0,nan,0,nan,0,nan,0
1597988417272472064,1597988417744000000,2020-08-21 13:40:17.744000,12895.0,12930.0,12795.0,12845.0,nan,12865.0,218010,14023493250.0,334872,12900.0,214,12895.0,198,nan,0,nan,0,nan,0,nan,0,nan,0,nan,0,nan,0,nan,0
1597988417831666944,1597988418243000064,2020-08-21 13:40:18.243000,12895.0,12930.0,12795.0,12845.0,nan,12865.0,218011,14023557575.0,334872,12900.0,215,12895.0,197,nan,0,nan,0,nan,0,nan,0,nan,0,nan,0,nan,0,nan,0
1597988418273476096,1597988418734999808,2020-08-21 13:40:18.735000,12895.0,12930.0,12795.0,12845.0,nan,12865.0,218011,14023557575.0,334872,12900.0,227,12895.0,197,nan,0,nan,0,nan,0,nan,0,nan,0,nan,0,nan,0,nan,0
1597988418777676032,1597988419226000128,2020-08-21 13:40:19.226000,12895.0,12930.0,12795.0,12845.0,nan,12865.0,218011,14023557575.0,334872,12900.0,255,12895.0,170,nan,0,nan,0,nan,0,nan,0,nan,0,nan,0,nan,0,nan,0
1597988419277344000,1597988419665999872,2020-08-21 13:40:19.666000,12895.0,12930.0,12795.0,12845.0,nan,12865.0,218091,14028703575.0,334867,12900.0,239,12895.0,40,nan,0,nan,0,nan,0,nan,0,nan,0,nan,0,nan,0,nan,0
1597988419803876096,1597988420226000128,2020-08-21 13:40:20.226000,12895.0,12930.0,12795.0,12845.0,nan,12865.0,218178,14034299850.0,334858,12895.0,36,12890.0,203,nan,0,nan,0,nan,0,nan,0,nan,0,nan,0,nan,0,nan,0
1597988420273806080,1597988420744000000,2020-08-21 13:40:20.744000,12895.0,12930.0,12795.0,12845.0,nan,12865.0,218209,14036293925.0,334843,12895.0,65,12890.0,213,nan,0,nan,0,nan,0,nan,0,nan,0,nan,0,nan,0,nan,0
1597988420767569920,1597988421230000128,2020-08-21 13:40:21.230000,12890.0,12930.0,12795.0,12845.0,nan,12865.0,218215,14036679875.0,334839,12895.0,62,12890.0,207,nan,0,nan,0,nan,0,nan,0,nan,0,nan,0,nan,0,nan,0
1597988421274310912,1597988421740000000,2020-08-21 13:40:21.740000,12890.0,12930.0,12795.0,12845.0,nan,12865.0,218286,14041246950.0,334829,12895.0,77,12890.0,148,nan,0,nan,0,nan,0,nan,0,nan,0,nan,0,nan,0,nan,0
1597988421799799040,1597988422221999872,2020-08-21 13:40:22.222000,12895.0,12930.0,12795.0,12845.0,nan,12865.0,218306,14042533450.0,334821,12895.0,110,12890.0,143,nan,0,nan,0,nan,0,nan,0,nan,0,nan,0,nan,0,nan,0
1597988422268995072,1597988422721999872,2020-08-21 13:40:22.722000,12890.0,12930.0,12795.0,12845.0,nan,12865.0,218312,14042919400.0,334820,12895.0,106,12890.0,150,nan,0,nan,0,nan,0,nan,0,nan,0,nan,0,nan,0,nan,0
1597988422770316032,1597988423237999872,2020-08-21 13:40:23.238000,12895.0,12930.0,12795.0,12845.0,nan,12865.0,218318,14043305350.0,334814,12895.0,100,12890.0,150,nan,0,nan,0,nan,0,nan,0,nan,0,nan,0,nan,0,nan,0
1597988423279612928,1597988423736999936,2020-08-21 13:40:23.737000,12895.0,12930.0,12795.0,12845.0,nan,12865.0,218318,14043305350.0,334814,12895.0,99,12890.0,179,nan,0,nan,0,nan,0,nan,0,nan,0,nan,0,nan,0,nan,0
1597988423807870976,1597988424240000000,2020-08-21 13:40:24.240000,12890.0,12930.0,12795.0,12845.0,nan,12865.0,218319,14043369675.0,334815,12895.0,99,12890.0,178,nan,0,nan,0,nan,0,nan,0,nan,0,nan,0,nan,0,nan,0
1597988424277199872,1597988424730000128,2020-08-21 13:40:24.730000,12890.0,12930.0,12795.0,12845.0,nan,12865.0,218319,14043369675.0,334815,12895.0,100,12890.0,179,nan,0,nan,0,nan,0,nan,0,nan,0,nan,0,nan,0,nan,0
1597988424770508032,1597988425211000064,2020-08-21 13:40:25.211000,12890.0,12930.0,12795.0,12845.0,nan,12865.0,218320,14043434000.0,334815,12895.0,100,12890.0,179,nan,0,nan,0,nan,0,nan,0,nan,0,nan,0,nan,0,nan,0
1597988425269478912,1597988425719000064,2020-08-21 13:40:25.719000,12890.0,12930.0,12795.0,12845.0,nan,12865.0,218322,14043562650.0,334815,12895.0,99,12890.0,178,nan,0,nan,0,nan,0,nan,0,nan,0,nan,0,nan,0,nan,0
1597988425803035904,1597988426244999936,2020-08-21 13:40:26.245000,12890.0,12930.0,12795.0,12845.0,nan,12865.0,218325,14043755625.0,334814,12895.0,99,12890.0,176,nan,0,nan,0,nan,0,nan,0,nan,0,nan,0,nan,0,nan,0
1597988426309860096,1597988426712000000,2020-08-21 13:40:26.712000,12890.0,12930.0,12795.0,12845.0,nan,12865.0,218325,14043755625.0,334814,12895.0,99,12890.0,177,nan,0,nan,0,nan,0,nan,0,nan,0,nan,0,nan,0,nan,0
1597988426851512064,1597988427206000128,2020-08-21 13:40:27.206000,12890.0,12930.0,12795.0,12845.0,nan,12865.0,218331,14044141575.0,334809,12895.0,95,12890.0,171,nan,0,nan,0,nan,0,nan,0,nan,0,nan,0,nan,0,nan,0
1597988427275239936,1597988427740000000,2020-08-21 13:40:27.740000,12895.0,12930.0,12795.0,12845.0,nan,12865.0,218332,14044205900.0,334808,12895.0,96,12890.0,171,nan,0,nan,0,nan,0,nan,0,nan,0,nan,0,nan,0,nan,0
1597988427807257088,1597988428221999872,2020-08-21 13:40:28.222000,12895.0,12930.0,12795.0,12845.0,nan,12865.0,218332,14044205900.0,334808,12895.0,96,12890.0,177,nan,0,nan,0,nan,0,nan,0,nan,0,nan,0,nan,0,nan,0
1597988429277979904,1597988429729000192,2020-08-21 13:40:29.729000,12890.0,12930.0,12795.0,12845.0,nan,12865.0,218340,14044720500.0,334806,12895.0,99,12890.0,169,nan,0,nan,0,nan,0,nan,0,nan,0,nan,0,nan,0,nan,0
1597988429786021888,1597988430239000064,2020-08-21 13:40:30.239000,12890.0,12930.0,12795.0,12845.0,nan,12865.0,218340,14044720500.0,334806,12895.0,101,12890.0,169,nan,0,nan,0,nan,0,nan,0,nan,0,nan,0,nan,0,nan,0
1597988430320197120,1597988430742000128,2020-08-21 13:40:30.742000,12890.0,12930.0,12795.0,12845.0,nan,12865.0,218340,14044720500.0,334806,12895.0,101,12890.0,170,nan,0,nan,0,nan,0,nan,0,nan,0,nan,0,nan,0,nan,0
1597988430782021888,1597988431200999936,2020-08-21 13:40:31.201000,12895.0,12930.0,12795.0,12845.0,nan,12865.0,218341,14044784825.0,334806,12895.0,98,12890.0,170,nan,0,nan,0,nan,0,nan,0,nan,0,nan,0,nan,0,nan,0
1597988431311368960,1597988431661999872,2020-08-21 13:40:31.662000,12895.0,12930.0,12795.0,12845.0,nan,12865.0,218341,14044784825.0,334806,12895.0,99,12890.0,170,nan,0,nan,0,nan,0,nan,0,nan,0,nan,0,nan,0,nan,0
1597988431820376064,1597988432244999936,2020-08-21 13:40:32.245000,12890.0,12930.0,12795.0,12845.0,nan,12865.0,218342,14044849150.0,334806,12895.0,101,12890.0,169,nan,0,nan,0,nan,0,nan,0,nan,0,nan,0,nan,0,nan,0
1597988432277711872,1597988432740999936,2020-08-21 13:40:32.741000,12890.0,12930.0,12795.0,12845.0,nan,12865.0,218342,14044849150.0,334806,12895.0,103,12890.0,169,nan,0,nan,0,nan,0,nan,0,nan,0,nan,0,nan,0,nan,0
1597988432785835008,1597988433243000064,2020-08-21 13:40:33.243000,12895.0,12930.0,12795.0,12845.0,nan,12865.0,218343,14044913475.0,334806,12895.0,102,12890.0,169,nan,0,nan,0,nan,0,nan,0,nan,0,nan,0,nan,0,nan,0
1597988433283151872,1597988433737999872,2020-08-21 13:40:33.738000,12890.0,12930.0,12795.0,12845.0,nan,12865.0,218344,14044977800.0,334807,12895.0,121,12890.0,168,nan,0,nan,0,nan,0,nan,0,nan,0,nan,0,nan,0,nan,0
1597988433815354880,1597988434242000128,2020-08-21 13:40:34.242000,12890.0,12930.0,12795.0,12845.0,nan,12865.0,218355,14045685375.0,334798,12895.0,111,12890.0,178,nan,0,nan,0,nan,0,nan,0,nan,0,nan,0,nan,0,nan,0
1597988434785636096,1597988435239000064,2020-08-21 13:40:35.239000,12890.0,12930.0,12795.0,12845.0,nan,12865.0,218358,14045878350.0,334801,12895.0,111,12890.0,176,nan,0,nan,0,nan,0,nan,0,nan,0,nan,0,nan,0,nan,0
1597988435280208896,1597988435726000128,2020-08-21 13:40:35.726000,12890.0,12930.0,12795.0,12845.0,nan,12865.0,218359,14045942675.0,334801,12895.0,111,12890.0,177,nan,0,nan,0,nan,0,nan,0,nan,0,nan,0,nan,0,nan,0
1597988436296378112,1597988436740000000,2020-08-21 13:40:36.740000,12890.0,12930.0,12795.0,12845.0,nan,12865.0,218362,14046135650.0,334800,12895.0,111,12890.0,174,nan,0,nan,0,nan,0,nan,0,nan,0,nan,0,nan,0,nan,0
1597988436782493952,1597988437242000128,2020-08-21 13:40:37.242000,12890.0,12930.0,12795.0,12845.0,nan,12865.0,218362,14046135650.0,334800,12895.0,111,12890.0,177,nan,0,nan,0,nan,0,nan,0,nan,0,nan,0,nan,0,nan,0
1597988437336529920,1597988437720000000,2020-08-21 13:40:37.720000,12895.0,12930.0,12795.0,12845.0,nan,12865.0,218368,14046521600.0,334794,12895.0,106,12890.0,173,nan,0,nan,0,nan,0,nan,0,nan,0,nan,0,nan,0,nan,0
1597988437780073984,1597988438233999872,2020-08-21 13:40:38.234000,12895.0,12930.0,12795.0,12845.0,nan,12865.0,218368,14046521600.0,334794,12895.0,72,12890.0,174,nan,0,nan,0,nan,0,nan,0,nan,0,nan,0,nan,0,nan,0
1597988438284997120,1597988438724000000,2020-08-21 13:40:38.724000,12895.0,12930.0,12795.0,12845.0,nan,12865.0,218439,14051088675.0,334766,12900.0,222,12895.0,49,nan,0,nan,0,nan,0,nan,0,nan,0,nan,0,nan,0,nan,0
1597988438820276992,1597988439244999936,2020-08-21 13:40:39.245000,12895.0,12930.0,12795.0,12845.0,nan,12865.0,218461,14052503825.0,334744,12900.0,204,12895.0,53,nan,0,nan,0,nan,0,nan,0,nan,0,nan,0,nan,0,nan,0
1597988439282893056,1597988439734999808,2020-08-21 13:40:39.735000,12895.0,12930.0,12795.0,12845.0,nan,12865.0,218475,14053404375.0,334732,12900.0,204,12895.0,62,nan,0,nan,0,nan,0,nan,0,nan,0,nan,0,nan,0,nan,0
1597988439783375104,1597988440224000000,2020-08-21 13:40:40.224000,12895.0,12930.0,12795.0,12845.0,nan,12865.0,218475,14053404375.0,334732,12900.0,205,12895.0,62,nan,0,nan,0,nan,0,nan,0,nan,0,nan,0,nan,0,nan,0
1597988440285849088,1597988440744999936,2020-08-21 13:40:40.745000,12895.0,12930.0,12795.0,12845.0,nan,12865.0,218475,14053404375.0,334732,12900.0,213,12895.0,63,nan,0,nan,0,nan,0,nan,0,nan,0,nan,0,nan,0,nan,0
1597988441293336064,1597988441744000000,2020-08-21 13:40:41.744000,12895.0,12930.0,12795.0,12845.0,nan,12865.0,218543,14057778475.0,334670,12895.0,27,12890.0,279,nan,0,nan,0,nan,0,nan,0,nan,0,nan,0,nan,0,nan,0
1597988441772866048,1597988442187000064,2020-08-21 13:40:42.187000,12895.0,12930.0,12795.0,12845.0,nan,12865.0,218551,14058293075.0,334670,12895.0,78,12890.0,243,nan,0,nan,0,nan,0,nan,0,nan,0,nan,0,nan,0,nan,0
1597988442306046976,1597988442744999936,2020-08-21 13:40:42.745000,12895.0,12930.0,12795.0,12845.0,nan,12865.0,218551,14058293075.0,334670,12895.0,86,12890.0,247,nan,0,nan,0,nan,0,nan,0,nan,0,nan,0,nan,0,nan,0
1597988442792455936,1597988443239000064,2020-08-21 13:40:43.239000,12895.0,12930.0,12795.0,12845.0,nan,12865.0,218551,14058293075.0,334670,12895.0,91,12890.0,258,nan,0,nan,0,nan,0,nan,0,nan,0,nan,0,nan,0,nan,0
1597988443288861952,1597988443744999936,2020-08-21 13:40:43.745000,12895.0,12930.0,12795.0,12845.0,nan,12865.0,218552,14058357400.0,334670,12895.0,91,12890.0,258,nan,0,nan,0,nan,0,nan,0,nan,0,nan,0,nan,0,nan,0
1597988443780206080,1597988444208000000,2020-08-21 13:40:44.208000,12890.0,12930.0,12795.0,12845.0,nan,12865.0,218553,14058421725.0,334671,12895.0,93,12890.0,257,nan,0,nan,0,nan,0,nan,0,nan,0,nan,0,nan,0,nan,0
1597988444331563008,1597988444746000128,2020-08-21 13:40:44.746000,12890.0,12930.0,12795.0,12845.0,nan,12865.0,218555,14058550375.0,334671,12895.0,105,12890.0,255,nan,0,nan,0,nan,0,nan,0,nan,0,nan,0,nan,0,nan,0
1597988444783534080,1597988445216999936,2020-08-21 13:40:45.217000,12895.0,12930.0,12795.0,12845.0,nan,12865.0,218560,14058872000.0,334666,12895.0,108,12890.0,255,nan,0,nan,0,nan,0,nan,0,nan,0,nan,0,nan,0,nan,0
1597988445296678912,1597988445717999872,2020-08-21 13:40:45.718000,12895.0,12930.0,12795.0,12845.0,nan,12865.0,218560,14058872000.0,334666,12895.0,110,12890.0,258,nan,0,nan,0,nan,0,nan,0,nan,0,nan,0,nan,0,nan,0
1597988446275753984,1597988446740999936,2020-08-21 13:40:46.741000,12895.0,12930.0,12795.0,12845.0,nan,12865.0,218560,14058872000.0,334666,12895.0,110,12890.0,261,nan,0,nan,0,nan,0,nan,0,nan,0,nan,0,nan,0,nan,0
1597988446783827968,1597988447240000000,2020-08-21 13:40:47.240000,12895.0,12930.0,12795.0,12845.0,nan,12865.0,218561,14058936325.0,334666,12895.0,109,12890.0,261,nan,0,nan,0,nan,0,nan,0,nan,0,nan,0,nan,0,nan,0
1597988447283535104,1597988447744999936,2020-08-21 13:40:47.745000,12895.0,12930.0,12795.0,12845.0,nan,12865.0,218561,14058936325.0,334666,12895.0,110,12890.0,264,nan,0,nan,0,nan,0,nan,0,nan,0,nan,0,nan,0,nan,0
1597988447781317888,1597988448232000000,2020-08-21 13:40:48.232000,12895.0,12930.0,12795.0,12845.0,nan,12865.0,218561,14058936325.0,334666,12895.0,112,12890.0,274,nan,0,nan,0,nan,0,nan,0,nan,0,nan,0,nan,0,nan,0
1597988448289888000,1597988448746000128,2020-08-21 13:40:48.746000,12895.0,12930.0,12795.0,12845.0,nan,12865.0,218561,14058936325.0,334666,12895.0,113,12890.0,274,nan,0,nan,0,nan,0,nan,0,nan,0,nan,0,nan,0,nan,0
1597988448869958912,1597988449244999936,2020-08-21 13:40:49.245000,12895.0,12930.0,12795.0,12845.0,nan,12865.0,218562,14059000650.0,334666,12895.0,112,12890.0,274,nan,0,nan,0,nan,0,nan,0,nan,0,nan,0,nan,0,nan,0
1597988449292013056,1597988449632999936,2020-08-21 13:40:49.633000,12895.0,12930.0,12795.0,12845.0,nan,12865.0,218562,14059000650.0,334666,12895.0,119,12890.0,274,nan,0,nan,0,nan,0,nan,0,nan,0,nan,0,nan,0,nan,0
1597988449813810944,1597988450244000000,2020-08-21 13:40:50.244000,12890.0,12930.0,12795.0,12845.0,nan,12865.0,218564,14059129300.0,334665,12895.0,120,12890.0,275,nan,0,nan,0,nan,0,nan,0,nan,0,nan,0,nan,0,nan,0
1597988450289338112,1597988450732000000,2020-08-21 13:40:50.732000,12895.0,12930.0,12795.0,12845.0,nan,12865.0,218565,14059193625.0,334665,12895.0,119,12890.0,285,nan,0,nan,0,nan,0,nan,0,nan,0,nan,0,nan,0,nan,0
1597988450786056960,1597988451224000000,2020-08-21 13:40:51.224000,12895.0,12930.0,12795.0,12845.0,nan,12865.0,218566,14059257950.0,334665,12895.0,118,12890.0,285,nan,0,nan,0,nan,0,nan,0,nan,0,nan,0,nan,0,nan,0
1597988451292119040,1597988451743000064,2020-08-21 13:40:51.743000,12895.0,12930.0,12795.0,12845.0,nan,12865.0,218566,14059257950.0,334665,12895.0,119,12890.0,287,nan,0,nan,0,nan,0,nan,0,nan,0,nan,0,nan,0,nan,0
1597988451824112128,1597988452242000128,2020-08-21 13:40:52.242000,12895.0,12930.0,12795.0,12845.0,nan,12865.0,218568,14059386600.0,334664,12895.0,118,12890.0,287,nan,0,nan,0,nan,0,nan,0,nan,0,nan,0,nan,0,nan,0
1597988452289458944,1597988452732999936,2020-08-21 13:40:52.733000,12890.0,12930.0,12795.0,12845.0,nan,12865.0,218569,14059450925.0,334663,12895.0,119,12890.0,287,nan,0,nan,0,nan,0,nan,0,nan,0,nan,0,nan,0,nan,0
1597988452789192960,1597988453180999936,2020-08-21 13:40:53.181000,12890.0,12930.0,12795.0,12845.0,nan,12865.0,218730,14069807250.0,334547,12895.0,119,12890.0,299,nan,0,nan,0,nan,0,nan,0,nan,0,nan,0,nan,0,nan,0
1597988453277146880,1597988453731000064,2020-08-21 13:40:53.731000,12895.0,12930.0,12795.0,12845.0,nan,12865.0,218731,14069871575.0,334547,12895.0,119,12890.0,302,nan,0,nan,0,nan,0,nan,0,nan,0,nan,0,nan,0,nan,0
1597988453779181056,1597988454232999936,2020-08-21 13:40:54.233000,12890.0,12930.0,12795.0,12845.0,nan,12865.0,218733,14070000225.0,334547,12895.0,118,12890.0,300,nan,0,nan,0,nan,0,nan,0,nan,0,nan,0,nan,0,nan,0
1597988454285003008,1597988454709000192,2020-08-21 13:40:54.709000,12890.0,12930.0,12795.0,12845.0,nan,12865.0,218733,14070000225.0,334547,12895.0,120,12890.0,302,nan,0,nan,0,nan,0,nan,0,nan,0,nan,0,nan,0,nan,0
1597988454780321024,1597988455242000128,2020-08-21 13:40:55.242000,12895.0,12930.0,12795.0,12845.0,nan,12865.0,218734,14070064550.0,334547,12895.0,119,12890.0,302,nan,0,nan,0,nan,0,nan,0,nan,0,nan,0,nan,0,nan,0
1597988455328028928,1597988455744000000,2020-08-21 13:40:55.744000,12895.0,12930.0,12795.0,12845.0,nan,12865.0,218735,14070128875.0,334547,12895.0,120,12890.0,302,nan,0,nan,0,nan,0,nan,0,nan,0,nan,0,nan,0,nan,0
1597988455782849024,1597988456220999936,2020-08-21 13:40:56.221000,12895.0,12930.0,12795.0,12845.0,nan,12865.0,218737,14070257525.0,334548,12895.0,118,12890.0,301,nan,0,nan,0,nan,0,nan,0,nan,0,nan,0,nan,0,nan,0
1597988456287945984,1597988456736000000,2020-08-21 13:40:56.736000,12890.0,12930.0,12795.0,12845.0,nan,12865.0,218739,14070386175.0,334546,12895.0,118,12890.0,299,nan,0,nan,0,nan,0,nan,0,nan,0,nan,0,nan,0,nan,0
1597988456787727104,1597988457240000000,2020-08-21 13:40:57.240000,12895.0,12930.0,12795.0,12845.0,nan,12865.0,218740,14070450500.0,334547,12895.0,117,12890.0,317,nan,0,nan,0,nan,0,nan,0,nan,0,nan,0,nan,0,nan,0
1597988457281150976,1597988457743000064,2020-08-21 13:40:57.743000,12895.0,12930.0,12795.0,12845.0,nan,12865.0,218742,14070579150.0,334549,12895.0,124,12890.0,318,nan,0,nan,0,nan,0,nan,0,nan,0,nan,0,nan,0,nan,0
1597988457784581888,1597988458244000000,2020-08-21 13:40:58.244000,12895.0,12930.0,12795.0,12845.0,nan,12865.0,218746,14070836450.0,334553,12895.0,120,12890.0,318,nan,0,nan,0,nan,0,nan,0,nan,0,nan,0,nan,0,nan,0
1597988458291284992,1597988458742000128,2020-08-21 13:40:58.742000,12890.0,12930.0,12795.0,12845.0,nan,12865.0,218751,14071158075.0,334552,12895.0,118,12890.0,316,nan,0,nan,0,nan,0,nan,0,nan,0,nan,0,nan,0,nan,0
1597988459284636928,1597988459730000128,2020-08-21 13:40:59.730000,12895.0,12930.0,12795.0,12845.0,nan,12865.0,218761,14071801325.0,334554,12895.0,107,12890.0,316,nan,0,nan,0,nan,0,nan,0,nan,0,nan,0,nan,0,nan,0
1597988459781837056,1597988460242000128,2020-08-21 13:41:00.242000,12895.0,12930.0,12795.0,12845.0,nan,12865.0,218763,14071929975.0,334554,12895.0,83,12890.0,317,nan,0,nan,0,nan,0,nan,0,nan,0,nan,0,nan,0,nan,0
1597988460814647040,1597988461244000000,2020-08-21 13:41:01.244000,12890.0,12930.0,12795.0,12845.0,nan,12865.0,218765,14072058625.0,334552,12895.0,83,12890.0,315,nan,0,nan,0,nan,0,nan,0,nan,0,nan,0,nan,0,nan,0
1597988461291919872,1597988461696999936,2020-08-21 13:41:01.697000,12890.0,12930.0,12795.0,12845.0,nan,12865.0,218776,14072766200.0,334547,12895.0,83,12890.0,294,nan,0,nan,0,nan,0,nan,0,nan,0,nan,0,nan,0,nan,0
1597988461819277056,1597988462244999936,2020-08-21 13:41:02.245000,12895.0,12930.0,12795.0,12845.0,nan,12865.0,218780,14073023500.0,334545,12895.0,88,12890.0,288,nan,0,nan,0,nan,0,nan,0,nan,0,nan,0,nan,0,nan,0
1597988462298241024,1597988462739000064,2020-08-21 13:41:02.739000,12895.0,12930.0,12795.0,12845.0,nan,12865.0,218780,14073023500.0,334545,12895.0,90,12890.0,289,nan,0,nan,0,nan,0,nan,0,nan,0,nan,0,nan,0,nan,0
1597988462796743936,1597988463236000000,2020-08-21 13:41:03.236000,12895.0,12930.0,12795.0,12845.0,nan,12865.0,218787,14073473775.0,334550,12895.0,83,12890.0,289,nan,0,nan,0,nan,0,nan,0,nan,0,nan,0,nan,0,nan,0
1597988463303968000,1597988463732999936,2020-08-21 13:41:03.733000,12890.0,12930.0,12795.0,12845.0,nan,12865.0,218789,14073602425.0,334548,12895.0,76,12890.0,287,nan,0,nan,0,nan,0,nan,0,nan,0,nan,0,nan,0,nan,0
1597988463798096896,1597988464237999872,2020-08-21 13:41:04.238000,12890.0,12930.0,12795.0,12845.0,nan,12865.0,218790,14073666750.0,334548,12895.0,76,12890.0,286,nan,0,nan,0,nan,0,nan,0,nan,0,nan,0,nan,0,nan,0
1597988464289001984,1597988464740000000,2020-08-21 13:41:04.740000,12895.0,12930.0,12795.0,12845.0,nan,12865.0,218791,14073731075.0,334548,12895.0,76,12890.0,286,nan,0,nan,0,nan,0,nan,0,nan,0,nan,0,nan,0,nan,0
1597988464795952896,1597988465236999936,2020-08-21 13:41:05.237000,12895.0,12930.0,12795.0,12845.0,nan,12865.0,218791,14073731075.0,334548,12895.0,76,12890.0,287,nan,0,nan,0,nan,0,nan,0,nan,0,nan,0,nan,0,nan,0
1597988465288549888,1597988465744999936,2020-08-21 13:41:05.745000,12895.0,12930.0,12795.0,12845.0,nan,12865.0,218791,14073731075.0,334548,12895.0,82,12890.0,287,nan,0,nan,0,nan,0,nan,0,nan,0,nan,0,nan,0,nan,0
1597988465793924096,1597988466186000128,2020-08-21 13:41:06.186000,12895.0,12930.0,12795.0,12845.0,nan,12865.0,218820,14075596500.0,334527,12895.0,54,12890.0,288,nan,0,nan,0,nan,0,nan,0,nan,0,nan,0,nan,0,nan,0
1597988466790475008,1597988467242000128,2020-08-21 13:41:07.242000,12895.0,12930.0,12795.0,12845.0,nan,12865.0,218821,14075660825.0,334527,12895.0,53,12890.0,288,nan,0,nan,0,nan,0,nan,0,nan,0,nan,0,nan,0,nan,0
1597988467296207872,1597988467708000000,2020-08-21 13:41:07.708000,12895.0,12930.0,12795.0,12845.0,nan,12865.0,218821,14075660825.0,334527,12895.0,54,12890.0,288,nan,0,nan,0,nan,0,nan,0,nan,0,nan,0,nan,0,nan,0
1597988467790848000,1597988468187000064,2020-08-21 13:41:08.187000,12895.0,12930.0,12795.0,12845.0,nan,12865.0,218821,14075660825.0,334527,12895.0,54,12890.0,308,nan,0,nan,0,nan,0,nan,0,nan,0,nan,0,nan,0,nan,0
1597988468293527040,1597988468670000128,2020-08-21 13:41:08.670000,12895.0,12930.0,12795.0,12845.0,nan,12865.0,218821,14075660825.0,334527,12895.0,55,12890.0,308,nan,0,nan,0,nan,0,nan,0,nan,0,nan,0,nan,0,nan,0
1597988468830351104,1597988469217999872,2020-08-21 13:41:09.218000,12895.0,12930.0,12795.0,12845.0,nan,12865.0,218823,14075789475.0,334527,12895.0,55,12890.0,308,nan,0,nan,0,nan,0,nan,0,nan,0,nan,0,nan,0,nan,0
1597988469294454016,1597988469713999872,2020-08-21 13:41:09.714000,12895.0,12930.0,12795.0,12845.0,nan,12865.0,218823,14075789475.0,334527,12895.0,56,12890.0,311,nan,0,nan,0,nan,0,nan,0,nan,0,nan,0,nan,0,nan,0
1597988469831616000,1597988470233999872,2020-08-21 13:41:10.234000,12895.0,12930.0,12795.0,12845.0,nan,12865.0,218823,14075789475.0,334527,12895.0,57,12890.0,311,nan,0,nan,0,nan,0,nan,0,nan,0,nan,0,nan,0,nan,0
1597988470316601088,1597988470730000128,2020-08-21 13:41:10.730000,12890.0,12930.0,12795.0,12845.0,nan,12865.0,218925,14082350625.0,334482,12895.0,108,12890.0,316,nan,0,nan,0,nan,0,nan,0,nan,0,nan,0,nan,0,nan,0
1597988470821381120,1597988471236000000,2020-08-21 13:41:11.236000,12890.0,12930.0,12795.0,12845.0,nan,12865.0,218925,14082350625.0,334482,12895.0,153,12890.0,294,nan,0,nan,0,nan,0,nan,0,nan,0,nan,0,nan,0,nan,0
1597988471306658048,1597988471719000064,2020-08-21 13:41:11.719000,12890.0,12930.0,12795.0,12845.0,nan,12865.0,218935,14082993875.0,334476,12895.0,158,12890.0,295,nan,0,nan,0,nan,0,nan,0,nan,0,nan,0,nan,0,nan,0
1597988471832452096,1597988472231000064,2020-08-21 13:41:12.231000,12895.0,12930.0,12795.0,12845.0,nan,12865.0,218936,14083058200.0,334476,12895.0,158,12890.0,295,nan,0,nan,0,nan,0,nan,0,nan,0,nan,0,nan,0,nan,0
1597988472302789120,1597988472744000000,2020-08-21 13:41:12.744000,12895.0,12930.0,12795.0,12845.0,nan,12865.0,218936,14083058200.0,334476,12895.0,158,12890.0,297,nan,0,nan,0,nan,0,nan,0,nan,0,nan,0,nan,0,nan,0
1597988472832227072,1597988473236000000,2020-08-21 13:41:13.236000,12890.0,12930.0,12795.0,12845.0,nan,12865.0,218948,14083830100.0,334471,12895.0,158,12890.0,286,nan,0,nan,0,nan,0,nan,0,nan,0,nan,0,nan,0,nan,0
1597988473792160000,1597988474236000000,2020-08-21 13:41:14.236000,12890.0,12930.0,12795.0,12845.0,nan,12865.0,218951,14084023075.0,334473,12895.0,156,12890.0,284,nan,0,nan,0,nan,0,nan,0,nan,0,nan,0,nan,0,nan,0
1597988474294543872,1597988474733999872,2020-08-21 13:41:14.734000,12890.0,12930.0,12795.0,12845.0,nan,12865.0,218952,14084087400.0,334474,12895.0,156,12890.0,284,nan,0,nan,0,nan,0,nan,0,nan,0,nan,0,nan,0,nan,0
1597988475294811904,1597988475724999936,2020-08-21 13:41:15.725000,12890.0,12930.0,12795.0,12845.0,nan,12865.0,218955,14084280375.0,334473,12895.0,155,12890.0,282,nan,0,nan,0,nan,0,nan,0,nan,0,nan,0,nan,0,nan,0
1597988475791037952,1597988476232000000,2020-08-21 13:41:16.232000,12895.0,12930.0,12795.0,12845.0,nan,12865.0,218956,14084344700.0,334474,12895.0,164,12890.0,282,nan,0,nan,0,nan,0,nan,0,nan,0,nan,0,nan,0,nan,0
1597988476299931904,1597988476743000064,2020-08-21 13:41:16.743000,12895.0,12930.0,12795.0,12845.0,nan,12865.0,218956,14084344700.0,334474,12895.0,164,12890.0,285,nan,0,nan,0,nan,0,nan,0,nan,0,nan,0,nan,0,nan,0
1597988476795662080,1597988477193000192,2020-08-21 13:41:17.193000,12895.0,12930.0,12795.0,12845.0,nan,12865.0,218956,14084344700.0,334474,12895.0,163,12890.0,285,nan,0,nan,0,nan,0,nan,0,nan,0,nan,0,nan,0,nan,0
1597988477295239936,1597988477734999808,2020-08-21 13:41:17.735000,12895.0,12930.0,12795.0,12845.0,nan,12865.0,218956,14084344700.0,334474,12895.0,163,12890.0,286,nan,0,nan,0,nan,0,nan,0,nan,0,nan,0,nan,0,nan,0
1597988477795098112,1597988478232000000,2020-08-21 13:41:18.232000,12895.0,12930.0,12795.0,12845.0,nan,12865.0,218956,14084344700.0,334474,12895.0,163,12890.0,288,nan,0,nan,0,nan,0,nan,0,nan,0,nan,0,nan,0,nan,0
1597988478310273024,1597988478742000128,2020-08-21 13:41:18.742000,12895.0,12930.0,12795.0,12845.0,nan,12865.0,218956,14084344700.0,334474,12895.0,172,12890.0,289,nan,0,nan,0,nan,0,nan,0,nan,0,nan,0,nan,0,nan,0
1597988478791939072,1597988479240999936,2020-08-21 13:41:19.241000,12890.0,12930.0,12795.0,12845.0,nan,12865.0,218957,14084409025.0,334474,12895.0,172,12890.0,289,nan,0,nan,0,nan,0,nan,0,nan,0,nan,0,nan,0,nan,0
1597988479320717056,1597988479746000128,2020-08-21 13:41:19.746000,12890.0,12930.0,12795.0,12845.0,nan,12865.0,218957,14084409025.0,334474,12895.0,175,12890.0,289,nan,0,nan,0,nan,0,nan,0,nan,0,nan,0,nan,0,nan,0
1597988479791453952,1597988480232000000,2020-08-21 13:41:20.232000,12890.0,12930.0,12795.0,12845.0,nan,12865.0,218957,14084409025.0,334474,12895.0,177,12890.0,289,nan,0,nan,0,nan,0,nan,0,nan,0,nan,0,nan,0,nan,0
1597988480298694912,1597988480733999872,2020-08-21 13:41:20.734000,12890.0,12930.0,12795.0,12845.0,nan,12865.0,218958,14084473350.0,334473,12895.0,177,12890.0,289,nan,0,nan,0,nan,0,nan,0,nan,0,nan,0,nan,0,nan,0
1597988481297408000,1597988481740999936,2020-08-21 13:41:21.741000,12890.0,12930.0,12795.0,12845.0,nan,12865.0,218958,14084473350.0,334473,12895.0,178,12890.0,299,nan,0,nan,0,nan,0,nan,0,nan,0,nan,0,nan,0,nan,0
1597988481850736128,1597988482243000064,2020-08-21 13:41:22.243000,12890.0,12930.0,12795.0,12845.0,nan,12865.0,218958,14084473350.0,334473,12895.0,178,12890.0,306,nan,0,nan,0,nan,0,nan,0,nan,0,nan,0,nan,0,nan,0
1597988482297092096,1597988482739000064,2020-08-21 13:41:22.739000,12890.0,12930.0,12795.0,12845.0,nan,12865.0,218959,14084537675.0,334472,12895.0,178,12890.0,315,nan,0,nan,0,nan,0,nan,0,nan,0,nan,0,nan,0,nan,0
1597988482803169024,1597988483240000000,2020-08-21 13:41:23.240000,12890.0,12930.0,12795.0,12845.0,nan,12865.0,218959,14084537675.0,334472,12895.0,178,12890.0,316,nan,0,nan,0,nan,0,nan,0,nan,0,nan,0,nan,0,nan,0
1597988483300876032,1597988483746000128,2020-08-21 13:41:23.746000,12890.0,12930.0,12795.0,12845.0,nan,12865.0,218959,14084537675.0,334472,12895.0,180,12890.0,316,nan,0,nan,0,nan,0,nan,0,nan,0,nan,0,nan,0,nan,0
1597988483802006016,1597988484239000064,2020-08-21 13:41:24.239000,12890.0,12930.0,12795.0,12845.0,nan,12865.0,218962,14084730650.0,334470,12895.0,169,12890.0,313,nan,0,nan,0,nan,0,nan,0,nan,0,nan,0,nan,0,nan,0
1597988484305134080,1597988484732000000,2020-08-21 13:41:24.732000,12890.0,12930.0,12795.0,12845.0,nan,12865.0,218967,14085052275.0,334470,12895.0,173,12890.0,306,nan,0,nan,0,nan,0,nan,0,nan,0,nan,0,nan,0,nan,0
1597988484808848896,1597988485237999872,2020-08-21 13:41:25.238000,12890.0,12930.0,12795.0,12845.0,nan,12865.0,218968,14085116600.0,334470,12895.0,173,12890.0,305,nan,0,nan,0,nan,0,nan,0,nan,0,nan,0,nan,0,nan,0
1597988485314703872,1597988485655000064,2020-08-21 13:41:25.655000,12890.0,12930.0,12795.0,12845.0,nan,12865.0,218968,14085116600.0,334470,12895.0,174,12890.0,305,nan,0,nan,0,nan,0,nan,0,nan,0,nan,0,nan,0,nan,0
1597988486831677952,1597988487246000128,2020-08-21 13:41:27.246000,12895.0,12930.0,12795.0,12845.0,nan,12865.0,218983,14086081475.0,334478,12895.0,159,12890.0,300,nan,0,nan,0,nan,0,nan,0,nan,0,nan,0,nan,0,nan,0
1597988487305360896,1597988487737999872,2020-08-21 13:41:27.738000,12895.0,12930.0,12795.0,12845.0,nan,12865.0,218983,14086081475.0,334478,12895.0,163,12890.0,300,nan,0,nan,0,nan,0,nan,0,nan,0,nan,0,nan,0,nan,0
1597988487805227008,1597988488209000192,2020-08-21 13:41:28.209000,12890.0,12930.0,12795.0,12845.0,nan,12865.0,218985,14086210125.0,334478,12895.0,165,12890.0,298,nan,0,nan,0,nan,0,nan,0,nan,0,nan,0,nan,0,nan,0
1597988488308312064,1597988488746000128,2020-08-21 13:41:28.746000,12890.0,12930.0,12795.0,12845.0,nan,12865.0,218985,14086210125.0,334478,12895.0,166,12890.0,299,nan,0,nan,0,nan,0,nan,0,nan,0,nan,0,nan,0,nan,0
1597988488800613120,1597988489240999936,2020-08-21 13:41:29.241000,12890.0,12930.0,12795.0,12845.0,nan,12865.0,218996,14086917700.0,334471,12895.0,166,12890.0,308,nan,0,nan,0,nan,0,nan,0,nan,0,nan,0,nan,0,nan,0
1597988489304652032,1597988489736999936,2020-08-21 13:41:29.737000,12895.0,12930.0,12795.0,12845.0,nan,12865.0,218997,14086982025.0,334471,12895.0,165,12890.0,305,nan,0,nan,0,nan,0,nan,0,nan,0,nan,0,nan,0,nan,0
1597988489800804096,1597988490196000000,2020-08-21 13:41:30.196000,12895.0,12930.0,12795.0,12845.0,nan,12865.0,218997,14086982025.0,334471,12895.0,202,12890.0,305,nan,0,nan,0,nan,0,nan,0,nan,0,nan,0,nan,0,nan,0
1597988490304791040,1597988490744000000,2020-08-21 13:41:30.744000,12895.0,12930.0,12795.0,12845.0,nan,12865.0,218997,14086982025.0,334471,12895.0,208,12890.0,306,nan,0,nan,0,nan,0,nan,0,nan,0,nan,0,nan,0,nan,0
1597988491309267968,1597988491728000000,2020-08-21 13:41:31.728000,12895.0,12930.0,12795.0,12845.0,nan,12865.0,218997,14086982025.0,334471,12895.0,208,12890.0,395,nan,0,nan,0,nan,0,nan,0,nan,0,nan,0,nan,0,nan,0
1597988492315803904,1597988492744000000,2020-08-21 13:41:32.744000,12890.0,12930.0,12795.0,12845.0,nan,12865.0,218999,14087110675.0,334472,12895.0,207,12890.0,394,nan,0,nan,0,nan,0,nan,0,nan,0,nan,0,nan,0,nan,0
1597988492807785984,1597988493237999872,2020-08-21 13:41:33.238000,12890.0,12930.0,12795.0,12845.0,nan,12865.0,218999,14087110675.0,334472,12895.0,213,12890.0,390,nan,0,nan,0,nan,0,nan,0,nan,0,nan,0,nan,0,nan,0
1597988493314743040,1597988493742000128,2020-08-21 13:41:33.742000,12890.0,12930.0,12795.0,12845.0,nan,12865.0,218999,14087110675.0,334472,12895.0,214,12890.0,390,nan,0,nan,0,nan,0,nan,0,nan,0,nan,0,nan,0,nan,0
1597988493807129088,1597988494226000128,2020-08-21 13:41:34.226000,12890.0,12930.0,12795.0,12845.0,nan,12865.0,219000,14087175000.0,334473,12895.0,214,12890.0,389,nan,0,nan,0,nan,0,nan,0,nan,0,nan,0,nan,0,nan,0
1597988494797309952,1597988495226000128,2020-08-21 13:41:35.226000,12890.0,12930.0,12795.0,12845.0,nan,12865.0,219002,14087303650.0,334471,12895.0,214,12890.0,387,nan,0,nan,0,nan,0,nan,0,nan,0,nan,0,nan,0,nan,0
1597988495316768000,1597988495746000128,2020-08-21 13:41:35.746000,12890.0,12930.0,12795.0,12845.0,nan,12865.0,219002,14087303650.0,334471,12895.0,214,12890.0,393,nan,0,nan,0,nan,0,nan,0,nan,0,nan,0,nan,0,nan,0
1597988496303697920,1597988496723000064,2020-08-21 13:41:36.723000,12890.0,12930.0,12795.0,12845.0,nan,12865.0,219003,14087367975.0,334471,12895.0,214,12890.0,392,nan,0,nan,0,nan,0,nan,0,nan,0,nan,0,nan,0,nan,0
1597988496838246912,1597988497244999936,2020-08-21 13:41:37.245000,12890.0,12930.0,12795.0,12845.0,nan,12865.0,219008,14087689600.0,334469,12895.0,218,12890.0,437,nan,0,nan,0,nan,0,nan,0,nan,0,nan,0,nan,0,nan,0
1597988498798886912,1597988499196999936,2020-08-21 13:41:39.197000,12890.0,12930.0,12795.0,12845.0,nan,12865.0,219008,14087689600.0,334469,12895.0,219,12890.0,437,nan,0,nan,0,nan,0,nan,0,nan,0,nan,0,nan,0,nan,0
1597988499805425920,1597988500219000064,2020-08-21 13:41:40.219000,12895.0,12930.0,12795.0,12845.0,nan,12865.0,219010,14087818250.0,334467,12895.0,190,12890.0,437,nan,0,nan,0,nan,0,nan,0,nan,0,nan,0,nan,0,nan,0
1597988500321673984,1597988500740000000,2020-08-21 13:41:40.740000,12895.0,12930.0,12795.0,12845.0,nan,12865.0,219010,14087818250.0,334467,12895.0,193,12890.0,447,nan,0,nan,0,nan,0,nan,0,nan,0,nan,0,nan,0,nan,0
1597988501802014976,1597988502227000064,2020-08-21 13:41:42.227000,12890.0,12930.0,12795.0,12845.0,nan,12865.0,219035,14089426375.0,334451,12895.0,193,12890.0,422,nan,0,nan,0,nan,0,nan,0,nan,0,nan,0,nan,0,nan,0
1597988502302804992,1597988502744999936,2020-08-21 13:41:42.745000,12890.0,12930.0,12795.0,12845.0,nan,12865.0,219035,14089426375.0,334451,12895.0,206,12890.0,436,nan,0,nan,0,nan,0,nan,0,nan,0,nan,0,nan,0,nan,0
1597988502808390912,1597988503242000128,2020-08-21 13:41:43.242000,12890.0,12930.0,12795.0,12845.0,nan,12865.0,219035,14089426375.0,334451,12895.0,205,12890.0,436,nan,0,nan,0,nan,0,nan,0,nan,0,nan,0,nan,0,nan,0
1597988503349550080,1597988503740999936,2020-08-21 13:41:43.741000,12890.0,12930.0,12795.0,12845.0,nan,12865.0,219035,14089426375.0,334451,12895.0,205,12890.0,439,nan,0,nan,0,nan,0,nan,0,nan,0,nan,0,nan,0,nan,0
1597988503805157888,1597988504242000128,2020-08-21 13:41:44.242000,12890.0,12930.0,12795.0,12845.0,nan,12865.0,219038,14089619350.0,334451,12895.0,202,12890.0,438,nan,0,nan,0,nan,0,nan,0,nan,0,nan,0,nan,0,nan,0
1597988504307998976,1597988504743000064,2020-08-21 13:41:44.743000,12890.0,12930.0,12795.0,12845.0,nan,12865.0,219038,14089619350.0,334451,12895.0,202,12890.0,439,nan,0,nan,0,nan,0,nan,0,nan,0,nan,0,nan,0,nan,0
1597988504807770880,1597988505242000128,2020-08-21 13:41:45.242000,12890.0,12930.0,12795.0,12845.0,nan,12865.0,219039,14089683675.0,334451,12895.0,201,12890.0,438,nan,0,nan,0,nan,0,nan,0,nan,0,nan,0,nan,0,nan,0
1597988505309190912,1597988505711000064,2020-08-21 13:41:45.711000,12890.0,12930.0,12795.0,12845.0,nan,12865.0,219040,14089748000.0,334451,12895.0,201,12890.0,437,nan,0,nan,0,nan,0,nan,0,nan,0,nan,0,nan,0,nan,0
1597988505845169920,1597988506196999936,2020-08-21 13:41:46.197000,12895.0,12930.0,12795.0,12845.0,nan,12865.0,219041,14089812325.0,334451,12895.0,200,12890.0,437,nan,0,nan,0,nan,0,nan,0,nan,0,nan,0,nan,0,nan,0
1597988506329733888,1597988506668999936,2020-08-21 13:41:46.669000,12895.0,12930.0,12795.0,12845.0,nan,12865.0,219041,14089812325.0,334451,12895.0,200,12890.0,438,nan,0,nan,0,nan,0,nan,0,nan,0,nan,0,nan,0,nan,0
1597988506809588992,1597988507242000128,2020-08-21 13:41:47.242000,12895.0,12930.0,12795.0,12845.0,nan,12865.0,219041,14089812325.0,334451,12895.0,200,12890.0,444,nan,0,nan,0,nan,0,nan,0,nan,0,nan,0,nan,0,nan,0
1597988507305470976,1597988507746000128,2020-08-21 13:41:47.746000,12895.0,12930.0,12795.0,12845.0,nan,12865.0,219041,14089812325.0,334451,12895.0,200,12890.0,445,nan,0,nan,0,nan,0,nan,0,nan,0,nan,0,nan,0,nan,0
1597988507804454912,1597988508240999936,2020-08-21 13:41:48.241000,12895.0,12930.0,12795.0,12845.0,nan,12865.0,219041,14089812325.0,334451,12895.0,201,12890.0,448,nan,0,nan,0,nan,0,nan,0,nan,0,nan,0,nan,0,nan,0
1597988508843417088,1597988509236000000,2020-08-21 13:41:49.236000,12895.0,12930.0,12795.0,12845.0,nan,12865.0,219041,14089812325.0,334451,12895.0,202,12890.0,448,nan,0,nan,0,nan,0,nan,0,nan,0,nan,0,nan,0,nan,0
1597988509344002048,1597988509698999808,2020-08-21 13:41:49.699000,12895.0,12930.0,12795.0,12845.0,nan,12865.0,219041,14089812325.0,334451,12895.0,204,12890.0,449,nan,0,nan,0,nan,0,nan,0,nan,0,nan,0,nan,0,nan,0
1597988509829069056,1597988510206000128,2020-08-21 13:41:50.206000,12895.0,12930.0,12795.0,12845.0,nan,12865.0,219041,14089812325.0,334451,12895.0,204,12890.0,457,nan,0,nan,0,nan,0,nan,0,nan,0,nan,0,nan,0,nan,0
1597988510312977920,1597988510740000000,2020-08-21 13:41:50.740000,12895.0,12930.0,12795.0,12845.0,nan,12865.0,219041,14089812325.0,334451,12895.0,213,12890.0,457,nan,0,nan,0,nan,0,nan,0,nan,0,nan,0,nan,0,nan,0
1597988510842170880,1597988511243000064,2020-08-21 13:41:51.243000,12895.0,12930.0,12795.0,12845.0,nan,12865.0,219042,14089876650.0,334451,12895.0,212,12890.0,457,nan,0,nan,0,nan,0,nan,0,nan,0,nan,0,nan,0,nan,0
1597988511310846976,1597988511724000000,2020-08-21 13:41:51.724000,12890.0,12930.0,12795.0,12845.0,nan,12865.0,219044,14090005300.0,334452,12895.0,221,12890.0,456,nan,0,nan,0,nan,0,nan,0,nan,0,nan,0,nan,0,nan,0
1597988511806589952,1597988512232000000,2020-08-21 13:41:52.232000,12890.0,12930.0,12795.0,12845.0,nan,12865.0,219044,14090005300.0,334452,12895.0,226,12890.0,462,nan,0,nan,0,nan,0,nan,0,nan,0,nan,0,nan,0,nan,0
1597988512315845888,1597988512736999936,2020-08-21 13:41:52.737000,12890.0,12930.0,12795.0,12845.0,nan,12865.0,219044,14090005300.0,334452,12895.0,228,12890.0,462,nan,0,nan,0,nan,0,nan,0,nan,0,nan,0,nan,0,nan,0
1597988512810056960,1597988513244999936,2020-08-21 13:41:53.245000,12890.0,12930.0,12795.0,12845.0,nan,12865.0,219044,14090005300.0,334452,12895.0,228,12890.0,463,nan,0,nan,0,nan,0,nan,0,nan,0,nan,0,nan,0,nan,0
1597988513316408064,1597988513727000064,2020-08-21 13:41:53.727000,12890.0,12930.0,12795.0,12845.0,nan,12865.0,219044,14090005300.0,334452,12895.0,227,12890.0,463,nan,0,nan,0,nan,0,nan,0,nan,0,nan,0,nan,0,nan,0
1597988513850088960,1597988514231000064,2020-08-21 13:41:54.231000,12890.0,12930.0,12795.0,12845.0,nan,12865.0,219046,14090133950.0,334453,12895.0,226,12890.0,462,nan,0,nan,0,nan,0,nan,0,nan,0,nan,0,nan,0,nan,0
1597988514317832960,1597988514742000128,2020-08-21 13:41:54.742000,12890.0,12930.0,12795.0,12845.0,nan,12865.0,219046,14090133950.0,334453,12895.0,234,12890.0,463,nan,0,nan,0,nan,0,nan,0,nan,0,nan,0,nan,0,nan,0
1597988514845110016,1597988515243000064,2020-08-21 13:41:55.243000,12895.0,12930.0,12795.0,12845.0,nan,12865.0,219047,14090198275.0,334453,12895.0,244,12890.0,461,nan,0,nan,0,nan,0,nan,0,nan,0,nan,0,nan,0,nan,0
1597988515322182912,1597988515688000000,2020-08-21 13:41:55.688000,12895.0,12930.0,12795.0,12845.0,nan,12865.0,219047,14090198275.0,334453,12895.0,247,12890.0,460,nan,0,nan,0,nan,0,nan,0,nan,0,nan,0,nan,0,nan,0
1597988516815105024,1597988517243000064,2020-08-21 13:41:57.243000,12895.0,12930.0,12795.0,12845.0,nan,12865.0,219047,14090198275.0,334453,12895.0,247,12890.0,461,nan,0,nan,0,nan,0,nan,0,nan,0,nan,0,nan,0,nan,0
1597988517320327936,1597988517660000000,2020-08-21 13:41:57.660000,12890.0,12930.0,12795.0,12845.0,nan,12865.0,219050,14090391250.0,334452,12895.0,247,12890.0,458,nan,0,nan,0,nan,0,nan,0,nan,0,nan,0,nan,0,nan,0
1597988518863191040,1597988519193000192,2020-08-21 13:41:59.193000,12890.0,12930.0,12795.0,12845.0,nan,12865.0,219051,14090455575.0,334451,12895.0,247,12890.0,458,nan,0,nan,0,nan,0,nan,0,nan,0,nan,0,nan,0,nan,0
1597988519355927040,1597988519712999936,2020-08-21 13:41:59.713000,12895.0,12930.0,12795.0,12845.0,nan,12865.0,219052,14090519900.0,334450,12895.0,251,12890.0,459,nan,0,nan,0,nan,0,nan,0,nan,0,nan,0,nan,0,nan,0
1597988519863752960,1597988520242000128,2020-08-21 13:42:00.242000,12890.0,12930.0,12795.0,12845.0,nan,12865.0,219102,14093736150.0,334465,12895.0,253,12890.0,428,nan,0,nan,0,nan,0,nan,0,nan,0,nan,0,nan,0,nan,0
1597988520325574912,1597988520724000000,2020-08-21 13:42:00.724000,12890.0,12930.0,12795.0,12845.0,nan,12865.0,219103,14093800475.0,334465,12895.0,256,12890.0,427,nan,0,nan,0,nan,0,nan,0,nan,0,nan,0,nan,0,nan,0
1597988520858266880,1597988521229000192,2020-08-21 13:42:01.229000,12890.0,12930.0,12795.0,12845.0,nan,12865.0,219103,14093800475.0,334465,12895.0,258,12890.0,427,nan,0,nan,0,nan,0,nan,0,nan,0,nan,0,nan,0,nan,0
1597988522321552896,1597988522730000128,2020-08-21 13:42:02.730000,12895.0,12930.0,12795.0,12845.0,nan,12865.0,219104,14093864800.0,334464,12895.0,257,12890.0,427,nan,0,nan,0,nan,0,nan,0,nan,0,nan,0,nan,0,nan,0
1597988522815472896,1597988523246000128,2020-08-21 13:42:03.246000,12895.0,12930.0,12795.0,12845.0,nan,12865.0,219104,14093864800.0,334464,12895.0,257,12890.0,428,nan,0,nan,0,nan,0,nan,0,nan,0,nan,0,nan,0,nan,0
1597988523311298048,1597988523740999936,2020-08-21 13:42:03.741000,12890.0,12930.0,12795.0,12845.0,nan,12865.0,219105,14093929125.0,334464,12895.0,257,12890.0,427,nan,0,nan,0,nan,0,nan,0,nan,0,nan,0,nan,0,nan,0
1597988523848114944,1597988524224000000,2020-08-21 13:42:04.224000,12890.0,12930.0,12795.0,12845.0,nan,12865.0,219117,14094701025.0,334470,12895.0,242,12890.0,426,nan,0,nan,0,nan,0,nan,0,nan,0,nan,0,nan,0,nan,0
