local_nano_time,quote_nano_time,datetime,last_price,highest,lowest,open,close,average,volume,amount,open_interest,ask_price1,ask_volume1,bid_price1,bid_volume1,ask_price2,ask_volume2,bid_price2,bid_volume2,ask_price3,ask_volume3,bid_price3,bid_volume3,ask_price4,ask_volume4,bid_price4,bid_volume4,ask_price5,ask_volume5,bid_price5,bid_volume5
1597988226622377984,1597988226500000000,2020-08-21 13:37:06.500000,4610.0,4610.0,4540.0,4540.0,nan,4570.943,87337,3992124500.0,122800,4610.0,889,4608.0,1,4612.0,368,4606.0,246,4614.0,20,4604.0,295,4616.0,115,4602.0,229,4618.0,977,4600.0,283
1597988227121548032,1597988227000000000,2020-08-21 13:37:07.000000,4608.0,4610.0,4540.0,4540.0,nan,4570.965,87390,3994566740.0,122845,4610.0,838,4608.0,7,4612.0,408,4606.0,246,4614.0,20,4604.0,315,4616.0,115,4602.0,229,4618.0,958,4600.0,264
1597988227624920064,1597988227500000000,2020-08-21 13:37:07.500000,4608.0,4610.0,4540.0,4540.0,nan,4570.966,87392,3994658900.0,122844,4610.0,838,4608.0,43,4612.0,408,4606.0,246,4614.0,20,4604.0,314,4616.0,115,4602.0,229,4618.0,958,4600.0,264
1597988228115862016,1597988228000000000,2020-08-21 13:37:08.000000,4608.0,4610.0,4540.0,4540.0,nan,4570.967,87393,3994704980.0,122843,4610.0,839,4608.0,43,4612.0,408,4606.0,246,4614.0,20,4604.0,315,4616.0,115,4602.0,229,4618.0,977,4600.0,283
1597988228619057920,1597988228500000000,2020-08-21 13:37:08.500000,4608.0,4610.0,4540.0,4540.0,nan,4570.99,87445,3997102140.0,122892,4610.0,811,4608.0,44,4612.0,408,4606.0,246,4614.0,20,4604.0,335,4616.0,115,4602.0,229,4618.0,977,4600.0,283
1597988229116701952,1597988229000000000,2020-08-21 13:37:09.000000,4608.0,4610.0,4540.0,4540.0,nan,4570.991,87448,3997240420.0,122894,4610.0,807,4608.0,81,4612.0,408,4606.0,246,4614.0,20,4604.0,335,4616.0,115,4602.0,229,4618.0,977,4600.0,283
1597988229617678080,1597988229500000000,2020-08-21 13:37:09.500000,4608.0,4610.0,4540.0,4540.0,nan,4570.991,87448,3997240420.0,122894,4610.0,807,4608.0,84,4612.0,408,4606.0,246,4614.0,20,4604.0,335,4616.0,115,4602.0,229,4618.0,977,4600.0,283
1597988230135296000,1597988230000000000,2020-08-21 13:37:10.000000,4608.0,4610.0,4540.0,4540.0,nan,4570.991,87448,3997240420.0,122894,4610.0,810,4608.0,93,4612.0,408,4606.0,240,4614.0,20,4604.0,335,4616.0,115,4602.0,229,4618.0,977,4600.0,283
1597988230614835968,1597988230500000000,2020-08-21 13:37:10.500000,4608.0,4610.0,4540.0,4540.0,nan,4570.991,87448,3997240420.0,122894,4610.0,811,4608.0,94,4612.0,408,4606.0,241,4614.0,20,4604.0,335,4616.0,115,4602.0,229,4618.0,977,4600.0,283
1597988231124055040,1597988231000000000,2020-08-21 13:37:11.000000,4608.0,4610.0,4540.0,4540.0,nan,4571.002,87474,3998438500.0,122896,4610.0,812,4608.0,66,4612.0,408,4606.0,241,4614.0,20,4604.0,335,4616.0,115,4602.0,229,4618.0,977,4600.0,284
1597988231620000000,1597988231500000000,2020-08-21 13:37:11.500000,4610.0,4610.0,4540.0,4540.0,nan,4571.008,87487,3999037740.0,122905,4610.0,801,4608.0,56,4612.0,408,4606.0,242,4614.0,20,4604.0,335,4616.0,115,4602.0,229,4618.0,977,4600.0,284
1597988232126539008,1597988232000000000,2020-08-21 13:37:12.000000,4610.0,4610.0,4540.0,4540.0,nan,4571.008,87487,3999037740.0,122905,4610.0,803,4608.0,56,4612.0,408,4606.0,242,4614.0,20,4604.0,335,4616.0,115,4602.0,229,4618.0,977,4600.0,284
1597988232619601920,1597988232500000000,2020-08-21 13:37:12.500000,4610.0,4610.0,4540.0,4540.0,nan,4571.009,87489,3999129940.0,122907,4610.0,812,4608.0,58,4612.0,408,4606.0,242,4614.0,20,4604.0,335,4616.0,115,4602.0,229,4618.0,977,4600.0,284
1597988233118900992,1597988233000000000,2020-08-21 13:37:13.000000,4608.0,4610.0,4540.0,4540.0,nan,4571.009,87490,3999176020.0,122906,4610.0,813,4608.0,62,4612.0,407,4606.0,242,4614.0,21,4604.0,335,4616.0,115,4602.0,229,4618.0,977,4600.0,278
1597988233628441088,1597988233500000000,2020-08-21 13:37:13.500000,4608.0,4610.0,4540.0,4540.0,nan,4571.01,87491,3999222100.0,122905,4610.0,812,4608.0,64,4612.0,407,4606.0,235,4614.0,21,4604.0,335,4616.0,115,4602.0,229,4618.0,977,4600.0,278
1597988234138870016,1597988234000000000,2020-08-21 13:37:14.000000,4608.0,4610.0,4540.0,4540.0,nan,4571.01,87491,3999222100.0,122905,4610.0,814,4608.0,72,4612.0,407,4606.0,230,4614.0,21,4604.0,335,4616.0,115,4602.0,228,4618.0,977,4600.0,278
1597988234622142976,1597988234500000000,2020-08-21 13:37:14.500000,4608.0,4610.0,4540.0,4540.0,nan,4571.021,87517,4000420180.0,122918,4610.0,797,4608.0,79,4612.0,407,4606.0,230,4614.0,21,4604.0,315,4616.0,115,4602.0,228,4618.0,958,4600.0,259
1597988235129350912,1597988235000000000,2020-08-21 13:37:15.000000,4608.0,4610.0,4540.0,4540.0,nan,4571.022,87519,4000512340.0,122918,4610.0,796,4608.0,75,4612.0,386,4606.0,230,4614.0,21,4604.0,296,4616.0,115,4602.0,228,4618.0,958,4600.0,259
1597988235623130880,1597988235500000000,2020-08-21 13:37:15.500000,4608.0,4610.0,4540.0,4540.0,nan,4571.022,87520,4000558420.0,122918,4610.0,797,4608.0,75,4612.0,386,4606.0,230,4614.0,21,4604.0,296,4616.0,115,4602.0,228,4618.0,977,4600.0,278
1597988236112826112,1597988236000000000,2020-08-21 13:37:16.000000,4610.0,4610.0,4540.0,4540.0,nan,4571.022,87521,4000604520.0,122918,4610.0,798,4608.0,77,4612.0,406,4606.0,230,4614.0,21,4604.0,315,4616.0,115,4602.0,228,4618.0,977,4600.0,278
1597988236617147904,1597988236500000000,2020-08-21 13:37:16.500000,4610.0,4610.0,4540.0,4540.0,nan,4571.022,87521,4000604520.0,122918,4610.0,796,4608.0,79,4612.0,406,4606.0,225,4614.0,21,4604.0,315,4616.0,114,4602.0,241,4618.0,978,4600.0,278
1597988237128822016,1597988237000000000,2020-08-21 13:37:17.000000,4608.0,4610.0,4540.0,4540.0,nan,4571.025,87527,4000881000.0,122924,4610.0,818,4608.0,82,4612.0,406,4606.0,223,4614.0,21,4604.0,335,4616.0,114,4602.0,255,4618.0,978,4600.0,278
1597988237625958912,1597988237500000000,2020-08-21 13:37:17.500000,4610.0,4610.0,4540.0,4540.0,nan,4571.027,87532,4001111420.0,122925,4610.0,815,4608.0,77,4612.0,406,4606.0,223,4614.0,21,4604.0,335,4616.0,114,4602.0,255,4618.0,978,4600.0,278
1597988238112601088,1597988238000000000,2020-08-21 13:37:18.000000,4608.0,4610.0,4540.0,4540.0,nan,4571.03,87539,4001433980.0,122924,4610.0,811,4608.0,70,4612.0,405,4606.0,223,4614.0,22,4604.0,335,4616.0,114,4602.0,255,4618.0,978,4600.0,278
1597988239128966912,1597988239000000000,2020-08-21 13:37:19.000000,4610.0,4610.0,4540.0,4540.0,nan,4571.031,87541,4001526180.0,122926,4610.0,825,4608.0,77,4612.0,405,4606.0,223,4614.0,22,4604.0,335,4616.0,114,4602.0,255,4618.0,978,4600.0,278
1597988239628380928,1597988239500000000,2020-08-21 13:37:19.500000,4608.0,4610.0,4540.0,4540.0,nan,4571.037,87556,4002217380.0,122933,4610.0,824,4608.0,61,4612.0,405,4606.0,223,4614.0,22,4604.0,335,4616.0,114,4602.0,255,4618.0,978,4600.0,278
1597988240123321088,1597988240000000000,2020-08-21 13:37:20.000000,4608.0,4610.0,4540.0,4540.0,nan,4571.044,87572,4002954660.0,122929,4610.0,804,4608.0,67,4612.0,385,4606.0,223,4614.0,42,4604.0,315,4616.0,134,4602.0,255,4618.0,978,4600.0,278
1597988240626627072,1597988240500000000,2020-08-21 13:37:20.500000,4608.0,4610.0,4540.0,4540.0,nan,4571.044,87572,4002954660.0,122929,4610.0,826,4608.0,69,4612.0,385,4606.0,223,4614.0,42,4604.0,335,4616.0,134,4602.0,255,4618.0,978,4600.0,278
1597988241125097984,1597988241000000000,2020-08-21 13:37:21.000000,4608.0,4610.0,4540.0,4540.0,nan,4571.077,87650,4006549000.0,122971,4608.0,36,4606.0,223,4610.0,797,4604.0,315,4612.0,385,4602.0,255,4614.0,42,4600.0,259,4616.0,134,4598.0,78
1597988241627032064,1597988241500000000,2020-08-21 13:37:21.500000,4608.0,4610.0,4540.0,4540.0,nan,4571.078,87652,4006641160.0,122973,4608.0,77,4606.0,243,4610.0,817,4604.0,256,4612.0,344,4602.0,255,4614.0,22,4600.0,259,4616.0,134,4598.0,78
1597988242137669888,1597988242000000000,2020-08-21 13:37:22.000000,4608.0,4610.0,4540.0,4540.0,nan,4571.078,87653,4006687240.0,122974,4608.0,82,4606.0,248,4610.0,838,4604.0,258,4612.0,344,4602.0,275,4614.0,22,4600.0,260,4616.0,153,4598.0,97
1597988242643208960,1597988242500000000,2020-08-21 13:37:22.500000,4608.0,4610.0,4540.0,4540.0,nan,4571.078,87653,4006687240.0,122974,4608.0,81,4606.0,251,4610.0,838,4604.0,256,4612.0,344,4602.0,275,4614.0,22,4600.0,260,4616.0,153,4598.0,97
1597988243117167104,1597988243000000000,2020-08-21 13:37:23.000000,4608.0,4610.0,4540.0,4540.0,nan,4571.078,87653,4006687240.0,122974,4608.0,82,4606.0,251,4610.0,838,4604.0,276,4612.0,363,4602.0,275,4614.0,22,4600.0,260,4616.0,153,4598.0,97
1597988243628568064,1597988243500000000,2020-08-21 13:37:23.500000,4608.0,4610.0,4540.0,4540.0,nan,4571.082,87663,4007148040.0,122984,4608.0,75,4606.0,255,4610.0,858,4604.0,297,4612.0,365,4602.0,275,4614.0,23,4600.0,260,4616.0,153,4598.0,97
1597988244109305088,1597988244000000000,2020-08-21 13:37:24.000000,4608.0,4610.0,4540.0,4540.0,nan,4571.083,87664,4007194120.0,122985,4608.0,74,4606.0,255,4610.0,858,4604.0,297,4612.0,365,4602.0,275,4614.0,23,4600.0,261,4616.0,153,4598.0,97
1597988244625609984,1597988244500000000,2020-08-21 13:37:24.500000,4608.0,4610.0,4540.0,4540.0,nan,4571.083,87665,4007240200.0,122986,4608.0,73,4606.0,255,4610.0,858,4604.0,297,4612.0,365,4602.0,275,4614.0,23,4600.0,262,4616.0,153,4598.0,97
1597988245120638976,1597988245000000000,2020-08-21 13:37:25.000000,4608.0,4610.0,4540.0,4540.0,nan,4571.109,87730,4010234320.0,122977,4608.0,62,4606.0,201,4610.0,858,4604.0,297,4612.0,365,4602.0,275,4614.0,23,4600.0,262,4616.0,153,4598.0,97
1597988245623909888,1597988245500000000,2020-08-21 13:37:25.500000,4608.0,4610.0,4540.0,4540.0,nan,4571.114,87740,4010695120.0,122978,4608.0,48,4606.0,197,4610.0,859,4604.0,298,4612.0,365,4602.0,275,4614.0,23,4600.0,262,4616.0,153,4598.0,97
1597988246147855104,1597988246000000000,2020-08-21 13:37:26.000000,4608.0,4610.0,4540.0,4540.0,nan,4571.114,87740,4010695120.0,122978,4608.0,53,4606.0,197,4610.0,859,4604.0,298,4612.0,365,4602.0,275,4614.0,23,4600.0,262,4616.0,153,4598.0,97
1597988246653652992,1597988246500000000,2020-08-21 13:37:26.500000,4606.0,4610.0,4540.0,4540.0,nan,4571.115,87744,4010879360.0,122976,4608.0,63,4606.0,196,4610.0,858,4604.0,296,4612.0,365,4602.0,275,4614.0,23,4600.0,262,4616.0,153,4598.0,97
1597988247123568896,1597988247000000000,2020-08-21 13:37:27.000000,4608.0,4610.0,4540.0,4540.0,nan,4571.116,87745,4010925440.0,122977,4608.0,99,4606.0,206,4610.0,858,4604.0,296,4612.0,362,4602.0,275,4614.0,23,4600.0,262,4616.0,153,4598.0,97
1597988247616369920,1597988247500000000,2020-08-21 13:37:27.500000,4608.0,4610.0,4540.0,4540.0,nan,4571.116,87745,4010925440.0,122977,4608.0,110,4606.0,211,4610.0,858,4604.0,297,4612.0,362,4602.0,275,4614.0,23,4600.0,262,4616.0,153,4598.0,97
1597988248141932032,1597988248000000000,2020-08-21 13:37:28.000000,4608.0,4610.0,4540.0,4540.0,nan,4571.135,87792,4013091200.0,123009,4608.0,64,4606.0,205,4610.0,838,4604.0,257,4612.0,342,4602.0,275,4614.0,23,4600.0,262,4616.0,134,4598.0,78
1597988248633520128,1597988248500000000,2020-08-21 13:37:28.500000,4608.0,4610.0,4540.0,4540.0,nan,4571.139,87802,4013551880.0,123013,4608.0,62,4606.0,179,4610.0,838,4604.0,257,4612.0,323,4602.0,275,4614.0,23,4600.0,262,4616.0,134,4598.0,78
1597988249112065024,1597988249000000000,2020-08-21 13:37:29.000000,4606.0,4610.0,4540.0,4540.0,nan,4571.14,87803,4013597940.0,123012,4608.0,67,4606.0,185,4610.0,838,4604.0,276,4612.0,343,4602.0,275,4614.0,23,4600.0,262,4616.0,153,4598.0,97
1597988249611020032,1597988249500000000,2020-08-21 13:37:29.500000,4606.0,4610.0,4540.0,4540.0,nan,4571.14,87803,4013597940.0,123012,4608.0,75,4606.0,185,4610.0,888,4604.0,276,4612.0,343,4602.0,281,4614.0,23,4600.0,262,4616.0,153,4598.0,97
1597988250176209920,1597988250000000000,2020-08-21 13:37:30.000000,4608.0,4610.0,4540.0,4540.0,nan,4571.141,87805,4013690080.0,123011,4608.0,76,4606.0,184,4610.0,888,4604.0,296,4612.0,362,4602.0,281,4614.0,23,4600.0,262,4616.0,153,4598.0,97
1597988250624408064,1597988250500000000,2020-08-21 13:37:30.500000,4608.0,4610.0,4540.0,4540.0,nan,4571.145,87815,4014150880.0,123018,4608.0,70,4606.0,185,4610.0,908,4604.0,297,4612.0,362,4602.0,301,4614.0,23,4600.0,262,4616.0,153,4598.0,97
1597988251127247104,1597988251000000000,2020-08-21 13:37:31.000000,4606.0,4610.0,4540.0,4540.0,nan,4571.145,87816,4014196940.0,123017,4608.0,73,4606.0,186,4610.0,908,4604.0,297,4612.0,362,4602.0,301,4614.0,23,4600.0,262,4616.0,153,4598.0,107
1597988251642575104,1597988251500000000,2020-08-21 13:37:31.500000,4606.0,4610.0,4540.0,4540.0,nan,4571.145,87816,4014196940.0,123017,4608.0,72,4606.0,185,4610.0,910,4604.0,297,4612.0,362,4602.0,301,4614.0,23,4600.0,262,4616.0,153,4598.0,107
1597988252129574912,1597988252000000000,2020-08-21 13:37:32.000000,4606.0,4610.0,4540.0,4540.0,nan,4571.146,87818,4014289080.0,123016,4608.0,83,4606.0,187,4610.0,910,4604.0,297,4612.0,362,4602.0,301,4614.0,23,4600.0,262,4616.0,153,4598.0,107
1597988252632154880,1597988252500000000,2020-08-21 13:37:32.500000,4608.0,4610.0,4540.0,4540.0,nan,4571.147,87819,4014335160.0,123015,4608.0,84,4606.0,187,4610.0,910,4604.0,297,4612.0,362,4602.0,301,4614.0,23,4600.0,262,4616.0,153,4598.0,107
1597988253129166080,1597988253000000000,2020-08-21 13:37:33.000000,4608.0,4610.0,4540.0,4540.0,nan,4571.147,87819,4014335160.0,123015,4608.0,87,4606.0,185,4610.0,910,4604.0,297,4612.0,362,4602.0,301,4614.0,23,4600.0,262,4616.0,153,4598.0,107
1597988253623610112,1597988253500000000,2020-08-21 13:37:33.500000,4608.0,4610.0,4540.0,4540.0,nan,4571.147,87819,4014335160.0,123015,4608.0,105,4606.0,146,4610.0,950,4604.0,335,4612.0,323,4602.0,301,4614.0,23,4600.0,261,4616.0,153,4598.0,108
1597988254114765056,1597988254000000000,2020-08-21 13:37:34.000000,4608.0,4610.0,4540.0,4540.0,nan,4571.147,87821,4014427320.0,123015,4608.0,103,4606.0,146,4610.0,970,4604.0,335,4612.0,303,4602.0,301,4614.0,23,4600.0,261,4616.0,153,4598.0,108
1597988254619190016,1597988254500000000,2020-08-21 13:37:34.500000,4606.0,4610.0,4540.0,4540.0,nan,4571.148,87823,4014519460.0,123014,4608.0,105,4606.0,145,4610.0,971,4604.0,335,4612.0,301,4602.0,301,4614.0,23,4600.0,261,4616.0,153,4598.0,108
1597988255102844928,1597988255000000000,2020-08-21 13:37:35.000000,4606.0,4610.0,4540.0,4540.0,nan,4571.148,87823,4014519460.0,123014,4608.0,105,4606.0,144,4610.0,971,4604.0,335,4612.0,301,4602.0,301,4614.0,23,4600.0,261,4616.0,153,4598.0,108
1597988255615552000,1597988255500000000,2020-08-21 13:37:35.500000,4606.0,4610.0,4540.0,4540.0,nan,4571.153,87835,4015072220.0,123015,4608.0,116,4606.0,136,4610.0,971,4604.0,335,4612.0,301,4602.0,301,4614.0,23,4600.0,261,4616.0,153,4598.0,108
1597988256636627968,1597988256500000000,2020-08-21 13:37:36.500000,4606.0,4610.0,4540.0,4540.0,nan,4571.157,87846,4015578980.0,123021,4608.0,113,4606.0,130,4610.0,971,4604.0,335,4612.0,301,4602.0,302,4614.0,24,4600.0,261,4616.0,153,4598.0,109
1597988257131809024,1597988257000000000,2020-08-21 13:37:37.000000,4608.0,4610.0,4540.0,4540.0,nan,4571.16,87852,4015855460.0,123021,4608.0,113,4606.0,135,4610.0,971,4604.0,335,4612.0,301,4602.0,302,4614.0,24,4600.0,261,4616.0,155,4598.0,109
1597988257611896064,1597988257500000000,2020-08-21 13:37:37.500000,4608.0,4610.0,4540.0,4540.0,nan,4571.16,87852,4015855460.0,123021,4608.0,112,4606.0,133,4610.0,971,4604.0,335,4612.0,301,4602.0,302,4614.0,24,4600.0,261,4616.0,155,4598.0,109
1597988258109950976,1597988258000000000,2020-08-21 13:37:38.000000,4606.0,4610.0,4540.0,4540.0,nan,4571.16,87853,4015901520.0,123021,4608.0,114,4606.0,134,4610.0,971,4604.0,335,4612.0,301,4602.0,302,4614.0,24,4600.0,261,4616.0,155,4598.0,109
1597988258605437952,1597988258500000000,2020-08-21 13:37:38.500000,4608.0,4610.0,4540.0,4540.0,nan,4571.162,87858,4016131920.0,123021,4608.0,110,4606.0,132,4610.0,971,4604.0,335,4612.0,301,4602.0,302,4614.0,24,4600.0,261,4616.0,155,4598.0,109
1597988259122614016,1597988259000000000,2020-08-21 13:37:39.000000,4606.0,4610.0,4540.0,4540.0,nan,4571.17,87878,4017053120.0,123019,4608.0,111,4606.0,129,4610.0,1009,4604.0,335,4612.0,301,4602.0,302,4614.0,24,4600.0,261,4616.0,155,4598.0,109
1597988259623835904,1597988259500000000,2020-08-21 13:37:39.500000,4606.0,4610.0,4540.0,4540.0,nan,4571.17,87878,4017053120.0,123019,4608.0,117,4606.0,130,4610.0,1009,4604.0,335,4612.0,301,4602.0,302,4614.0,24,4600.0,261,4616.0,155,4598.0,109
1597988260120220928,1597988260000000000,2020-08-21 13:37:40.000000,4608.0,4610.0,4540.0,4540.0,nan,4571.172,87881,4017191360.0,123019,4608.0,114,4606.0,130,4610.0,1009,4604.0,335,4612.0,301,4602.0,302,4614.0,24,4600.0,261,4616.0,155,4598.0,109
1597988260616097024,1597988260500000000,2020-08-21 13:37:40.500000,4608.0,4610.0,4540.0,4540.0,nan,4571.172,87882,4017237440.0,123019,4608.0,113,4606.0,130,4610.0,1009,4604.0,336,4612.0,301,4602.0,302,4614.0,24,4600.0,261,4616.0,155,4598.0,109
1597988261146210048,1597988261000000000,2020-08-21 13:37:41.000000,4608.0,4610.0,4540.0,4540.0,nan,4571.172,87883,4017283520.0,123019,4608.0,117,4606.0,131,4610.0,1009,4604.0,336,4612.0,301,4602.0,302,4614.0,24,4600.0,261,4616.0,155,4598.0,109
1597988261617745920,1597988261500000000,2020-08-21 13:37:41.500000,4608.0,4610.0,4540.0,4540.0,nan,4571.173,87884,4017329600.0,123019,4608.0,116,4606.0,131,4610.0,1009,4604.0,336,4612.0,301,4602.0,302,4614.0,24,4600.0,261,4616.0,155,4598.0,109
1597988262626131968,1597988262500000000,2020-08-21 13:37:42.500000,4608.0,4610.0,4540.0,4540.0,nan,4571.173,87885,4017375680.0,123019,4608.0,125,4606.0,171,4610.0,969,4604.0,296,4612.0,320,4602.0,302,4614.0,44,4600.0,261,4616.0,155,4598.0,109
1597988263106420992,1597988263000000000,2020-08-21 13:37:43.000000,4608.0,4610.0,4540.0,4540.0,nan,4571.178,87895,4017836480.0,123021,4608.0,117,4606.0,132,4610.0,1009,4604.0,315,4612.0,301,4602.0,322,4614.0,24,4600.0,261,4616.0,155,4598.0,109
1597988263622388992,1597988263500000000,2020-08-21 13:37:43.500000,4608.0,4610.0,4540.0,4540.0,nan,4571.178,87896,4017882560.0,123021,4608.0,117,4606.0,131,4610.0,1009,4604.0,316,4612.0,301,4602.0,322,4614.0,24,4600.0,261,4616.0,155,4598.0,109
1597988264133778944,1597988264000000000,2020-08-21 13:37:44.000000,4608.0,4610.0,4540.0,4540.0,nan,4571.179,87898,4017974720.0,123021,4608.0,114,4606.0,131,4610.0,1009,4604.0,316,4612.0,301,4602.0,322,4614.0,24,4600.0,261,4616.0,155,4598.0,109
1597988264621330944,1597988264500000000,2020-08-21 13:37:44.500000,4608.0,4610.0,4540.0,4540.0,nan,4571.179,87898,4017974720.0,123021,4608.0,114,4606.0,131,4610.0,1007,4604.0,316,4612.0,301,4602.0,322,4614.0,24,4600.0,261,4616.0,155,4598.0,109
1597988265132507904,1597988265000000000,2020-08-21 13:37:45.000000,4608.0,4610.0,4540.0,4540.0,nan,4571.181,87904,4018251100.0,123021,4608.0,114,4606.0,126,4610.0,1007,4604.0,316,4612.0,301,4602.0,322,4614.0,24,4600.0,261,4616.0,155,4598.0,109
1597988265624939008,1597988265500000000,2020-08-21 13:37:45.500000,4606.0,4610.0,4540.0,4540.0,nan,4571.182,87906,4018343240.0,123021,4608.0,113,4606.0,125,4610.0,1007,4604.0,316,4612.0,301,4602.0,322,4614.0,24,4600.0,261,4616.0,155,4598.0,109
1597988266143322880,1597988266000000000,2020-08-21 13:37:46.000000,4606.0,4610.0,4540.0,4540.0,nan,4571.183,87908,4018435360.0,123023,4608.0,113,4606.0,122,4610.0,1007,4604.0,316,4612.0,301,4602.0,322,4614.0,24,4600.0,261,4616.0,155,4598.0,109
1597988266610138112,1597988266500000000,2020-08-21 13:37:46.500000,4606.0,4610.0,4540.0,4540.0,nan,4571.183,87908,4018435360.0,123023,4608.0,119,4606.0,124,4610.0,1007,4604.0,316,4612.0,301,4602.0,322,4614.0,24,4600.0,261,4616.0,155,4598.0,109
1597988267135831040,1597988267000000000,2020-08-21 13:37:47.000000,4608.0,4610.0,4540.0,4540.0,nan,4571.183,87909,4018481440.0,123023,4608.0,116,4606.0,124,4610.0,1009,4604.0,316,4612.0,301,4602.0,322,4614.0,24,4600.0,261,4616.0,155,4598.0,109
1597988267618940928,1597988267500000000,2020-08-21 13:37:47.500000,4608.0,4610.0,4540.0,4540.0,nan,4571.183,87909,4018481440.0,123023,4608.0,114,4606.0,127,4610.0,1010,4604.0,316,4612.0,301,4602.0,322,4614.0,24,4600.0,261,4616.0,155,4598.0,109
1597988268131727104,1597988268000000000,2020-08-21 13:37:48.000000,4608.0,4610.0,4540.0,4540.0,nan,4571.183,87909,4018481440.0,123023,4608.0,120,4606.0,130,4610.0,1010,4604.0,316,4612.0,301,4602.0,322,4614.0,24,4600.0,261,4616.0,155,4598.0,109
1597988268634906880,1597988268500000000,2020-08-21 13:37:48.500000,4608.0,4610.0,4540.0,4540.0,nan,4571.183,87909,4018481440.0,123023,4608.0,120,4606.0,131,4610.0,1011,4604.0,315,4612.0,300,4602.0,322,4614.0,24,4600.0,261,4616.0,155,4598.0,109
1597988269125741056,1597988269000000000,2020-08-21 13:37:49.000000,4606.0,4610.0,4540.0,4540.0,nan,4571.184,87910,4018527500.0,123024,4608.0,120,4606.0,130,4610.0,1011,4604.0,315,4612.0,300,4602.0,322,4614.0,24,4600.0,261,4616.0,155,4598.0,109
1597988269655875072,1597988269500000000,2020-08-21 13:37:49.500000,4606.0,4610.0,4540.0,4540.0,nan,4571.185,87914,4018711740.0,123024,4608.0,123,4606.0,125,4610.0,1012,4604.0,315,4612.0,300,4602.0,322,4614.0,24,4600.0,261,4616.0,155,4598.0,109
1597988270131130880,1597988270000000000,2020-08-21 13:37:50.000000,4606.0,4610.0,4540.0,4540.0,nan,4571.185,87914,4018711740.0,123024,4608.0,124,4606.0,124,4610.0,1012,4604.0,315,4612.0,300,4602.0,322,4614.0,24,4600.0,261,4616.0,155,4598.0,109
1597988270608449024,1597988270500000000,2020-08-21 13:37:50.500000,4606.0,4610.0,4540.0,4540.0,nan,4571.186,87916,4018803860.0,123026,4608.0,124,4606.0,122,4610.0,1012,4604.0,315,4612.0,300,4602.0,322,4614.0,24,4600.0,262,4616.0,155,4598.0,109
1597988271137090048,1597988271000000000,2020-08-21 13:37:51.000000,4606.0,4610.0,4540.0,4540.0,nan,4571.186,87916,4018803860.0,123026,4608.0,160,4606.0,122,4610.0,1048,4604.0,275,4612.0,264,4602.0,362,4614.0,24,4600.0,262,4616.0,155,4598.0,109
1597988271604737024,1597988271500000000,2020-08-21 13:37:51.500000,4606.0,4610.0,4540.0,4540.0,nan,4571.235,88039,4024469240.0,123048,4606.0,32,4604.0,256,4608.0,153,4602.0,342,4610.0,1007,4600.0,262,4612.0,264,4598.0,90,4614.0,24,4596.0,57
1597988272117647872,1597988272000000000,2020-08-21 13:37:52.000000,4606.0,4610.0,4540.0,4540.0,nan,4571.235,88040,4024515300.0,123048,4606.0,46,4604.0,223,4608.0,143,4602.0,342,4610.0,986,4600.0,262,4612.0,244,4598.0,90,4614.0,24,4596.0,57
1597988272619256064,1597988272500000000,2020-08-21 13:37:52.500000,4604.0,4610.0,4540.0,4540.0,nan,4571.254,88091,4026863360.0,123082,4606.0,83,4604.0,180,4608.0,167,4602.0,407,4610.0,1029,4600.0,262,4612.0,244,4598.0,90,4614.0,43,4596.0,76
1597988273105601024,1597988273000000000,2020-08-21 13:37:53.000000,4606.0,4610.0,4540.0,4540.0,nan,4571.255,88094,4027001540.0,123082,4606.0,96,4604.0,144,4608.0,177,4602.0,404,4610.0,984,4600.0,262,4612.0,244,4598.0,90,4614.0,43,4596.0,76
1597988273605476096,1597988273500000000,2020-08-21 13:37:53.500000,4606.0,4610.0,4540.0,4540.0,nan,4571.255,88094,4027001540.0,123082,4606.0,105,4604.0,123,4608.0,199,4602.0,446,4610.0,935,4600.0,262,4612.0,244,4598.0,90,4614.0,43,4596.0,76
1597988274119782912,1597988274000000000,2020-08-21 13:37:54.000000,4606.0,4610.0,4540.0,4540.0,nan,4571.267,88124,4028383340.0,123088,4606.0,79,4604.0,128,4608.0,198,4602.0,442,4610.0,935,4600.0,262,4612.0,244,4598.0,90,4614.0,43,4596.0,76
1597988274643260928,1597988274500000000,2020-08-21 13:37:54.500000,4606.0,4610.0,4540.0,4540.0,nan,4571.267,88124,4028383340.0,123088,4606.0,84,4604.0,160,4608.0,199,4602.0,438,4610.0,935,4600.0,262,4612.0,244,4598.0,90,4614.0,43,4596.0,76
1597988275128736000,1597988275000000000,2020-08-21 13:37:55.000000,4604.0,4610.0,4540.0,4540.0,nan,4571.269,88128,4028567520.0,123085,4606.0,81,4604.0,158,4608.0,206,4602.0,438,4610.0,936,4600.0,262,4612.0,244,4598.0,90,4614.0,46,4596.0,76
1597988275647876096,1597988275500000000,2020-08-21 13:37:55.500000,4604.0,4610.0,4540.0,4540.0,nan,4571.275,88145,4029350200.0,123080,4606.0,86,4604.0,189,4608.0,186,4602.0,418,4610.0,976,4600.0,262,4612.0,244,4598.0,90,4614.0,43,4596.0,76
1597988276123397888,1597988276000000000,2020-08-21 13:37:56.000000,4604.0,4610.0,4540.0,4540.0,nan,4571.276,88148,4029488320.0,123077,4606.0,83,4604.0,146,4608.0,226,4602.0,459,4610.0,937,4600.0,262,4612.0,244,4598.0,90,4614.0,43,4596.0,76
1597988276637989120,1597988276500000000,2020-08-21 13:37:56.500000,4606.0,4610.0,4540.0,4540.0,nan,4571.278,88154,4029764640.0,123075,4606.0,81,4604.0,144,4608.0,227,4602.0,459,4610.0,937,4600.0,262,4612.0,244,4598.0,90,4614.0,43,4596.0,76
1597988277218300928,1597988277000000000,2020-08-21 13:37:57.000000,4606.0,4610.0,4540.0,4540.0,nan,4571.279,88156,4029856760.0,123073,4606.0,90,4604.0,150,4608.0,227,4602.0,479,4610.0,956,4600.0,262,4612.0,244,4598.0,90,4614.0,43,4596.0,76
1597988277625480960,1597988277500000000,2020-08-21 13:37:57.500000,4606.0,4610.0,4540.0,4540.0,nan,4571.281,88162,4030133120.0,123069,4606.0,84,4604.0,146,4608.0,229,4602.0,460,4610.0,934,4600.0,262,4612.0,244,4598.0,90,4614.0,24,4596.0,57
1597988278133377024,1597988278000000000,2020-08-21 13:37:58.000000,4606.0,4610.0,4540.0,4540.0,nan,4571.281,88162,4030133120.0,123069,4606.0,86,4604.0,186,4608.0,190,4602.0,420,4610.0,974,4600.0,262,4612.0,244,4598.0,90,4614.0,24,4596.0,57
1597988278631064064,1597988278500000000,2020-08-21 13:37:58.500000,4606.0,4610.0,4540.0,4540.0,nan,4571.281,88162,4030133120.0,123069,4606.0,90,4604.0,193,4608.0,191,4602.0,440,4610.0,994,4600.0,262,4612.0,244,4598.0,90,4614.0,43,4596.0,76
1597988279137968128,1597988279000000000,2020-08-21 13:37:59.000000,4604.0,4610.0,4540.0,4540.0,nan,4571.282,88163,4030179160.0,123069,4606.0,90,4604.0,192,4608.0,191,4602.0,440,4610.0,994,4600.0,262,4612.0,245,4598.0,90,4614.0,43,4596.0,76
1597988279642874112,1597988279500000000,2020-08-21 13:37:59.500000,4606.0,4610.0,4540.0,4540.0,nan,4571.292,88188,4031330580.0,123069,4606.0,90,4604.0,146,4608.0,211,4602.0,460,4610.0,945,4600.0,282,4612.0,245,4598.0,90,4614.0,43,4596.0,76
1597988280131207936,1597988280000000000,2020-08-21 13:38:00.000000,4606.0,4610.0,4540.0,4540.0,nan,4571.292,88188,4031330580.0,123069,4606.0,143,4604.0,146,4608.0,211,4602.0,460,4610.0,945,4600.0,282,4612.0,245,4598.0,90,4614.0,43,4596.0,76
1597988280626395904,1597988280500000000,2020-08-21 13:38:00.500000,4604.0,4610.0,4540.0,4540.0,nan,4571.293,88193,4031560780.0,123068,4606.0,122,4604.0,143,4608.0,236,4602.0,479,4610.0,945,4600.0,262,4612.0,245,4598.0,90,4614.0,43,4596.0,76
1597988281126137088,1597988281000000000,2020-08-21 13:38:01.000000,4604.0,4610.0,4540.0,4540.0,nan,4571.305,88223,4032942480.0,123068,4606.0,96,4604.0,137,4608.0,235,4602.0,479,4610.0,945,4600.0,262,4612.0,245,4598.0,90,4614.0,43,4596.0,76
1597988281617008896,1597988281500000000,2020-08-21 13:38:01.500000,4604.0,4610.0,4540.0,4540.0,nan,4571.305,88224,4032988520.0,123068,4606.0,96,4604.0,136,4608.0,235,4602.0,480,4610.0,944,4600.0,262,4612.0,245,4598.0,90,4614.0,43,4596.0,76
1597988282129115904,1597988282000000000,2020-08-21 13:38:02.000000,4604.0,4610.0,4540.0,4540.0,nan,4571.306,88226,4033080600.0,123069,4606.0,97,4604.0,134,4608.0,235,4602.0,481,4610.0,944,4600.0,262,4612.0,245,4598.0,90,4614.0,43,4596.0,76
1597988282632028928,1597988282500000000,2020-08-21 13:38:02.500000,4604.0,4610.0,4540.0,4540.0,nan,4571.307,88227,4033126640.0,123070,4606.0,110,4604.0,138,4608.0,236,4602.0,481,4610.0,945,4600.0,262,4612.0,245,4598.0,90,4614.0,43,4596.0,76
1597988283116480000,1597988283000000000,2020-08-21 13:38:03.000000,4604.0,4610.0,4540.0,4540.0,nan,4571.307,88228,4033172680.0,123070,4606.0,112,4604.0,135,4608.0,237,4602.0,481,4610.0,945,4600.0,262,4612.0,245,4598.0,90,4614.0,43,4596.0,76
1597988283622795008,1597988283500000000,2020-08-21 13:38:03.500000,4604.0,4610.0,4540.0,4540.0,nan,4571.308,88230,4033264760.0,123070,4606.0,147,4604.0,133,4608.0,247,4602.0,480,4610.0,945,4600.0,262,4612.0,245,4598.0,90,4614.0,43,4596.0,76
1597988284143905024,1597988284000000000,2020-08-21 13:38:04.000000,4604.0,4610.0,4540.0,4540.0,nan,4571.308,88232,4033356840.0,123071,4606.0,147,4604.0,132,4608.0,286,4602.0,439,4610.0,910,4600.0,302,4612.0,245,4598.0,90,4614.0,43,4596.0,76
1597988284618281984,1597988284500000000,2020-08-21 13:38:04.500000,4604.0,4610.0,4540.0,4540.0,nan,4571.31,88235,4033494960.0,123074,4606.0,147,4604.0,129,4608.0,307,4602.0,399,4610.0,890,4600.0,342,4612.0,245,4598.0,90,4614.0,43,4596.0,76
1597988285133851904,1597988285000000000,2020-08-21 13:38:05.000000,4604.0,4610.0,4540.0,4540.0,nan,4571.311,88240,4033725160.0,123078,4606.0,149,4604.0,125,4608.0,307,4602.0,399,4610.0,890,4600.0,342,4612.0,245,4598.0,90,4614.0,43,4596.0,76
1597988285628697088,1597988285500000000,2020-08-21 13:38:05.500000,4604.0,4610.0,4540.0,4540.0,nan,4571.321,88267,4034968240.0,123089,4606.0,179,4604.0,84,4608.0,267,4602.0,356,4610.0,890,4600.0,362,4612.0,250,4598.0,90,4614.0,43,4596.0,76
1597988286137277952,1597988286000000000,2020-08-21 13:38:06.000000,4604.0,4610.0,4540.0,4540.0,nan,4571.354,88355,4039019740.0,123125,4604.0,68,4602.0,335,4606.0,170,4600.0,342,4608.0,292,4598.0,90,4610.0,830,4596.0,57,4612.0,250,4594.0,131
1597988286635802112,1597988286500000000,2020-08-21 13:38:06.500000,4604.0,4610.0,4540.0,4540.0,nan,4571.356,88360,4039249900.0,123125,4604.0,74,4602.0,345,4606.0,186,4600.0,323,4608.0,251,4598.0,90,4610.0,830,4596.0,57,4612.0,250,4594.0,131
1597988287129041920,1597988287000000000,2020-08-21 13:38:07.000000,4604.0,4610.0,4540.0,4540.0,nan,4571.356,88360,4039249900.0,123125,4604.0,78,4602.0,337,4606.0,207,4600.0,385,4608.0,271,4598.0,90,4610.0,850,4596.0,57,4612.0,269,4594.0,150
1597988287621495040,1597988287500000000,2020-08-21 13:38:07.500000,4604.0,4610.0,4540.0,4540.0,nan,4571.356,88361,4039295940.0,123126,4604.0,84,4602.0,321,4606.0,206,4600.0,383,4608.0,271,4598.0,90,4610.0,830,4596.0,57,4612.0,269,4594.0,150
1597988288119094016,1597988288000000000,2020-08-21 13:38:08.000000,4602.0,4610.0,4540.0,4540.0,nan,4571.356,88362,4039341960.0,123125,4604.0,85,4602.0,336,4606.0,206,4600.0,423,4608.0,309,4598.0,90,4610.0,830,4596.0,57,4612.0,269,4594.0,150
1597988288613325056,1597988288500000000,2020-08-21 13:38:08.500000,4602.0,4610.0,4540.0,4540.0,nan,4571.357,88363,4039387980.0,123124,4604.0,87,4602.0,358,4606.0,206,4600.0,424,4608.0,329,4598.0,90,4610.0,829,4596.0,57,4612.0,269,4594.0,150
1597988289107440896,1597988289000000000,2020-08-21 13:38:09.000000,4602.0,4610.0,4540.0,4540.0,nan,4571.358,88367,4039572080.0,123125,4604.0,88,4602.0,358,4606.0,207,4600.0,424,4608.0,329,4598.0,90,4610.0,826,4596.0,57,4612.0,269,4594.0,150
1597988289634256896,1597988289500000000,2020-08-21 13:38:09.500000,4604.0,4610.0,4540.0,4540.0,nan,4571.359,88368,4039618120.0,123125,4604.0,91,4602.0,378,4606.0,196,4600.0,424,4608.0,328,4598.0,90,4610.0,825,4596.0,57,4612.0,269,4594.0,150
1597988290118670080,1597988290000000000,2020-08-21 13:38:10.000000,4602.0,4610.0,4540.0,4540.0,nan,4571.359,88369,4039664140.0,123125,4604.0,102,4602.0,377,4606.0,195,4600.0,424,4608.0,328,4598.0,90,4610.0,824,4596.0,57,4612.0,269,4594.0,150
1597988290605292032,1597988290500000000,2020-08-21 13:38:10.500000,4602.0,4610.0,4540.0,4540.0,nan,4571.359,88370,4039710160.0,123125,4604.0,103,4602.0,376,4606.0,230,4600.0,424,4608.0,326,4598.0,90,4610.0,824,4596.0,57,4612.0,269,4594.0,150
1597988291113971968,1597988291000000000,2020-08-21 13:38:11.000000,4602.0,4610.0,4540.0,4540.0,nan,4571.366,88390,4040630560.0,123116,4604.0,105,4602.0,357,4606.0,230,4600.0,424,4608.0,326,4598.0,90,4610.0,824,4596.0,57,4612.0,269,4594.0,150
1597988291623367936,1597988291500000000,2020-08-21 13:38:11.500000,4602.0,4610.0,4540.0,4540.0,nan,4571.366,88390,4040630560.0,123116,4604.0,103,4602.0,356,4606.0,230,4600.0,425,4608.0,326,4598.0,90,4610.0,824,4596.0,57,4612.0,269,4594.0,150
1597988292129406976,1597988292000000000,2020-08-21 13:38:12.000000,4604.0,4610.0,4540.0,4540.0,nan,4571.367,88391,4040676600.0,123117,4604.0,104,4602.0,358,4606.0,230,4600.0,425,4608.0,326,4598.0,90,4610.0,824,4596.0,57,4612.0,269,4594.0,150
1597988292614285056,1597988292500000000,2020-08-21 13:38:12.500000,4604.0,4610.0,4540.0,4540.0,nan,4571.368,88396,4040906800.0,123122,4604.0,98,4602.0,359,4606.0,230,4600.0,425,4608.0,326,4598.0,90,4610.0,824,4596.0,57,4612.0,268,4594.0,150
1597988293125060096,1597988293000000000,2020-08-21 13:38:13.000000,4602.0,4610.0,4540.0,4540.0,nan,4571.372,88406,4041367000.0,123122,4604.0,99,4602.0,350,4606.0,230,4600.0,425,4608.0,326,4598.0,90,4610.0,824,4596.0,57,4612.0,268,4594.0,150
1597988293611430912,1597988293500000000,2020-08-21 13:38:13.500000,4602.0,4610.0,4540.0,4540.0,nan,4571.375,88416,4041827360.0,123129,4604.0,90,4602.0,348,4606.0,232,4600.0,425,4608.0,326,4598.0,90,4610.0,824,4596.0,57,4612.0,268,4594.0,150
1597988294126929920,1597988294000000000,2020-08-21 13:38:14.000000,4602.0,4610.0,4540.0,4540.0,nan,4571.377,88420,4042011500.0,123128,4604.0,88,4602.0,329,4606.0,242,4600.0,445,4608.0,326,4598.0,90,4610.0,824,4596.0,57,4612.0,268,4594.0,150
1597988294619535872,1597988294500000000,2020-08-21 13:38:14.500000,4602.0,4610.0,4540.0,4540.0,nan,4571.377,88420,4042011500.0,123128,4604.0,88,4602.0,329,4606.0,242,4600.0,445,4608.0,326,4598.0,90,4610.0,819,4596.0,57,4612.0,267,4594.0,150
1597988295141172992,1597988295000000000,2020-08-21 13:38:15.000000,4602.0,4610.0,4540.0,4540.0,nan,4571.377,88420,4042011500.0,123128,4604.0,90,4602.0,329,4606.0,242,4600.0,445,4608.0,326,4598.0,90,4610.0,819,4596.0,57,4612.0,267,4594.0,150
1597988295623182080,1597988295500000000,2020-08-21 13:38:15.500000,4602.0,4610.0,4540.0,4540.0,nan,4571.379,88425,4042241600.0,123123,4604.0,91,4602.0,324,4606.0,242,4600.0,445,4608.0,326,4598.0,90,4610.0,819,4596.0,57,4612.0,267,4594.0,150
1597988296127475968,1597988296000000000,2020-08-21 13:38:16.000000,4602.0,4610.0,4540.0,4540.0,nan,4571.408,88509,4046107300.0,123100,4604.0,91,4602.0,240,4606.0,241,4600.0,444,4608.0,326,4598.0,90,4610.0,819,4596.0,57,4612.0,267,4594.0,150
1597988296633733120,1597988296500000000,2020-08-21 13:38:16.500000,4602.0,4610.0,4540.0,4540.0,nan,4571.408,88510,4046153320.0,123100,4604.0,118,4602.0,231,4606.0,241,4600.0,426,4608.0,302,4598.0,90,4610.0,819,4596.0,57,4612.0,267,4594.0,150
1597988297138777088,1597988297000000000,2020-08-21 13:38:17.000000,4602.0,4610.0,4540.0,4540.0,nan,4571.408,88510,4046153320.0,123100,4604.0,136,4602.0,236,4606.0,241,4600.0,446,4608.0,322,4598.0,90,4610.0,819,4596.0,57,4612.0,267,4594.0,150
1597988297628826112,1597988297500000000,2020-08-21 13:38:17.500000,4604.0,4610.0,4540.0,4540.0,nan,4571.411,88517,4046475600.0,123100,4604.0,130,4602.0,238,4606.0,238,4600.0,443,4608.0,333,4598.0,90,4610.0,819,4596.0,57,4612.0,267,4594.0,150
1597988298117387008,1597988298000000000,2020-08-21 13:38:18.000000,4604.0,4610.0,4540.0,4540.0,nan,4571.411,88517,4046475600.0,123100,4604.0,132,4602.0,238,4606.0,238,4600.0,443,4608.0,333,4598.0,90,4610.0,821,4596.0,59,4612.0,267,4594.0,150
1597988298626124032,1597988298500000000,2020-08-21 13:38:18.500000,4602.0,4610.0,4540.0,4540.0,nan,4571.411,88518,4046521620.0,123100,4604.0,134,4602.0,244,4606.0,238,4600.0,443,4608.0,333,4598.0,90,4610.0,821,4596.0,59,4612.0,267,4594.0,150
1597988299131303936,1597988299000000000,2020-08-21 13:38:19.000000,4602.0,4610.0,4540.0,4540.0,nan,4571.411,88518,4046521620.0,123100,4604.0,133,4602.0,254,4606.0,238,4600.0,444,4608.0,332,4598.0,90,4610.0,821,4596.0,59,4612.0,267,4594.0,150
1597988299630490880,1597988299500000000,2020-08-21 13:38:19.500000,4602.0,4610.0,4540.0,4540.0,nan,4571.411,88518,4046521620.0,123100,4604.0,135,4602.0,255,4606.0,238,4600.0,444,4608.0,332,4598.0,91,4610.0,821,4596.0,63,4612.0,267,4594.0,150
1597988300137978112,1597988300000000000,2020-08-21 13:38:20.000000,4602.0,4610.0,4540.0,4540.0,nan,4571.411,88518,4046521620.0,123100,4604.0,141,4602.0,255,4606.0,238,4600.0,444,4608.0,332,4598.0,91,4610.0,820,4596.0,63,4612.0,267,4594.0,150
1597988300620797952,1597988300500000000,2020-08-21 13:38:20.500000,4602.0,4610.0,4540.0,4540.0,nan,4571.411,88518,4046521620.0,123100,4604.0,141,4602.0,256,4606.0,238,4600.0,444,4608.0,332,4598.0,91,4610.0,820,4596.0,63,4612.0,267,4594.0,150
1597988301523821056,1597988301000000000,2020-08-21 13:38:21.000000,4602.0,4610.0,4540.0,4540.0,nan,4571.411,88519,4046567640.0,123100,4604.0,140,4602.0,255,4606.0,238,4600.0,444,4608.0,333,4598.0,91,4610.0,820,4596.0,63,4612.0,267,4594.0,150
1597988301912793088,1597988301500000000,2020-08-21 13:38:21.500000,4602.0,4610.0,4540.0,4540.0,nan,4571.412,88520,4046613660.0,123100,4604.0,144,4602.0,255,4606.0,239,4600.0,446,4608.0,329,4598.0,91,4610.0,820,4596.0,64,4612.0,267,4594.0,150
1597988302137865984,1597988302000000000,2020-08-21 13:38:22.000000,4602.0,4610.0,4540.0,4540.0,nan,4571.412,88521,4046659680.0,123100,4604.0,145,4602.0,254,4606.0,239,4600.0,446,4608.0,329,4598.0,91,4610.0,820,4596.0,64,4612.0,267,4594.0,150
1597988302648785920,1597988302500000000,2020-08-21 13:38:22.500000,4602.0,4610.0,4540.0,4540.0,nan,4571.413,88524,4046797740.0,123102,4604.0,145,4602.0,251,4606.0,239,4600.0,446,4608.0,329,4598.0,91,4610.0,820,4596.0,64,4612.0,267,4594.0,150
1597988303110928896,1597988303000000000,2020-08-21 13:38:23.000000,4602.0,4610.0,4540.0,4540.0,nan,4571.413,88525,4046843760.0,123102,4604.0,145,4602.0,250,4606.0,229,4600.0,446,4608.0,339,4598.0,91,4610.0,820,4596.0,64,4612.0,267,4594.0,150
1597988303804011008,1597988303500000000,2020-08-21 13:38:23.500000,4602.0,4610.0,4540.0,4540.0,nan,4571.414,88527,4046935800.0,123102,4604.0,157,4602.0,248,4606.0,229,4600.0,446,4608.0,339,4598.0,91,4610.0,820,4596.0,64,4612.0,267,4594.0,150
1597988304134653952,1597988304000000000,2020-08-21 13:38:24.000000,4602.0,4610.0,4540.0,4540.0,nan,4571.414,88527,4046935800.0,123102,4604.0,177,4602.0,248,4606.0,229,4600.0,446,4608.0,339,4598.0,91,4610.0,814,4596.0,64,4612.0,267,4594.0,150
1597988304627579904,1597988304500000000,2020-08-21 13:38:24.500000,4602.0,4610.0,4540.0,4540.0,nan,4571.414,88527,4046935800.0,123102,4604.0,177,4602.0,249,4606.0,230,4600.0,446,4608.0,338,4598.0,91,4610.0,813,4596.0,64,4612.0,267,4594.0,150
1597988305121320960,1597988305000000000,2020-08-21 13:38:25.000000,4602.0,4610.0,4540.0,4540.0,nan,4571.414,88528,4046981820.0,123102,4604.0,178,4602.0,248,4606.0,230,4600.0,446,4608.0,338,4598.0,91,4610.0,813,4596.0,64,4612.0,267,4594.0,150
1597988305627201024,1597988305500000000,2020-08-21 13:38:25.500000,4602.0,4610.0,4540.0,4540.0,nan,4571.415,88529,4047027840.0,123102,4604.0,183,4602.0,247,4606.0,230,4600.0,446,4608.0,339,4598.0,91,4610.0,813,4596.0,64,4612.0,267,4594.0,150
1597988306120222976,1597988306000000000,2020-08-21 13:38:26.000000,4602.0,4610.0,4540.0,4540.0,nan,4571.415,88529,4047027840.0,123102,4604.0,183,4602.0,247,4606.0,231,4600.0,446,4608.0,339,4598.0,91,4610.0,813,4596.0,64,4612.0,267,4594.0,150
1597988306622906112,1597988306500000000,2020-08-21 13:38:26.500000,4602.0,4610.0,4540.0,4540.0,nan,4571.415,88529,4047027840.0,123102,4604.0,183,4602.0,249,4606.0,231,4600.0,446,4608.0,329,4598.0,91,4610.0,813,4596.0,64,4612.0,267,4594.0,150
1597988307110227968,1597988307000000000,2020-08-21 13:38:27.000000,4602.0,4610.0,4540.0,4540.0,nan,4571.415,88529,4047027840.0,123102,4604.0,183,4602.0,249,4606.0,231,4600.0,446,4608.0,329,4598.0,91,4610.0,814,4596.0,64,4612.0,267,4594.0,150
1597988307617068032,1597988307500000000,2020-08-21 13:38:27.500000,4602.0,4610.0,4540.0,4540.0,nan,4571.416,88532,4047165940.0,123103,4604.0,182,4602.0,248,4606.0,234,4600.0,446,4608.0,329,4598.0,90,4610.0,814,4596.0,65,4612.0,267,4594.0,150
1597988308124595968,1597988308000000000,2020-08-21 13:38:28.000000,4602.0,4610.0,4540.0,4540.0,nan,4571.416,88532,4047165940.0,123103,4604.0,182,4602.0,257,4606.0,234,4600.0,446,4608.0,329,4598.0,90,4610.0,814,4596.0,65,4612.0,267,4594.0,151
1597988308632131072,1597988308500000000,2020-08-21 13:38:28.500000,4602.0,4610.0,4540.0,4540.0,nan,4571.416,88532,4047165940.0,123103,4604.0,182,4602.0,257,4606.0,234,4600.0,443,4608.0,329,4598.0,90,4610.0,814,4596.0,68,4612.0,267,4594.0,151
1597988309126491904,1597988309000000000,2020-08-21 13:38:29.000000,4602.0,4610.0,4540.0,4540.0,nan,4571.416,88533,4047211960.0,123104,4604.0,182,4602.0,258,4606.0,234,4600.0,443,4608.0,329,4598.0,90,4610.0,814,4596.0,68,4612.0,267,4594.0,151
1597988309878108928,1597988309500000000,2020-08-21 13:38:29.500000,4602.0,4610.0,4540.0,4540.0,nan,4571.416,88533,4047211960.0,123104,4604.0,182,4602.0,258,4606.0,234,4600.0,444,4608.0,329,4598.0,90,4610.0,813,4596.0,68,4612.0,267,4594.0,151
1597988310218087936,1597988310000000000,2020-08-21 13:38:30.000000,4602.0,4610.0,4540.0,4540.0,nan,4571.417,88534,4047257980.0,123104,4604.0,182,4602.0,259,4606.0,234,4600.0,444,4608.0,329,4598.0,90,4610.0,813,4596.0,68,4612.0,267,4594.0,151
1597988310622832128,1597988310500000000,2020-08-21 13:38:30.500000,4602.0,4610.0,4540.0,4540.0,nan,4571.417,88534,4047257980.0,123104,4604.0,182,4602.0,260,4606.0,234,4600.0,444,4608.0,329,4598.0,90,4610.0,813,4596.0,68,4612.0,267,4594.0,151
1597988311121865984,1597988311000000000,2020-08-21 13:38:31.000000,4602.0,4610.0,4540.0,4540.0,nan,4571.417,88534,4047257980.0,123104,4604.0,182,4602.0,260,4606.0,235,4600.0,446,4608.0,329,4598.0,90,4610.0,813,4596.0,68,4612.0,267,4594.0,151
1597988311614953984,1597988311500000000,2020-08-21 13:38:31.500000,4602.0,4610.0,4540.0,4540.0,nan,4571.417,88534,4047257980.0,123104,4604.0,179,4602.0,260,4606.0,235,4600.0,446,4608.0,329,4598.0,91,4610.0,813,4596.0,68,4612.0,267,4594.0,151
1597988312118835968,1597988312000000000,2020-08-21 13:38:32.000000,4602.0,4610.0,4540.0,4540.0,nan,4571.417,88534,4047257980.0,123104,4604.0,180,4602.0,260,4606.0,235,4600.0,446,4608.0,329,4598.0,91,4610.0,813,4596.0,68,4612.0,267,4594.0,151
1597988312632497920,1597988312500000000,2020-08-21 13:38:32.500000,4602.0,4610.0,4540.0,4540.0,nan,4571.42,88545,4047764200.0,123097,4604.0,179,4602.0,268,4606.0,236,4600.0,447,4608.0,319,4598.0,91,4610.0,813,4596.0,68,4612.0,267,4594.0,151
1597988313118672896,1597988313000000000,2020-08-21 13:38:33.000000,4602.0,4610.0,4540.0,4540.0,nan,4571.424,88556,4048270420.0,123097,4604.0,180,4602.0,257,4606.0,246,4600.0,447,4608.0,319,4598.0,92,4610.0,813,4596.0,69,4612.0,267,4594.0,151
1597988313616103936,1597988313500000000,2020-08-21 13:38:33.500000,4602.0,4610.0,4540.0,4540.0,nan,4571.424,88556,4048270420.0,123097,4604.0,180,4602.0,257,4606.0,246,4600.0,447,4608.0,319,4598.0,92,4610.0,815,4596.0,69,4612.0,267,4594.0,151
1597988314127717120,1597988314000000000,2020-08-21 13:38:34.000000,4602.0,4610.0,4540.0,4540.0,nan,4571.443,88611,4050801620.0,123140,4604.0,175,4602.0,207,4606.0,246,4600.0,447,4608.0,319,4598.0,93,4610.0,815,4596.0,69,4612.0,267,4594.0,151
1597988314614039040,1597988314500000000,2020-08-21 13:38:34.500000,4602.0,4610.0,4540.0,4540.0,nan,4571.443,88611,4050801620.0,123140,4604.0,173,4602.0,201,4606.0,246,4600.0,449,4608.0,319,4598.0,93,4610.0,815,4596.0,69,4612.0,267,4594.0,151
1597988315124900096,1597988315000000000,2020-08-21 13:38:35.000000,4602.0,4610.0,4540.0,4540.0,nan,4571.443,88611,4050801620.0,123140,4604.0,170,4602.0,201,4606.0,246,4600.0,451,4608.0,322,4598.0,93,4610.0,814,4596.0,69,4612.0,267,4594.0,151
1597988315687939072,1597988315500000000,2020-08-21 13:38:35.500000,4604.0,4610.0,4540.0,4540.0,nan,4571.444,88612,4050847660.0,123141,4604.0,171,4602.0,207,4606.0,246,4600.0,447,4608.0,322,4598.0,93,4610.0,814,4596.0,69,4612.0,267,4594.0,151
1597988316127606016,1597988316000000000,2020-08-21 13:38:36.000000,4602.0,4610.0,4540.0,4540.0,nan,4571.455,88644,4052320320.0,123129,4604.0,168,4602.0,174,4606.0,246,4600.0,447,4608.0,324,4598.0,93,4610.0,814,4596.0,70,4612.0,267,4594.0,151
1597988316631294976,1597988316500000000,2020-08-21 13:38:36.500000,4602.0,4610.0,4540.0,4540.0,nan,4571.458,88654,4052780520.0,123119,4604.0,169,4602.0,167,4606.0,246,4600.0,446,4608.0,324,4598.0,93,4610.0,814,4596.0,70,4612.0,267,4594.0,151
1597988317127097088,1597988317000000000,2020-08-21 13:38:37.000000,4602.0,4610.0,4540.0,4540.0,nan,4571.458,88654,4052780520.0,123119,4604.0,189,4602.0,161,4606.0,285,4600.0,408,4608.0,267,4598.0,132,4610.0,814,4596.0,70,4612.0,267,4594.0,151
1597988317614234880,1597988317500000000,2020-08-21 13:38:37.500000,4602.0,4610.0,4540.0,4540.0,nan,4571.458,88654,4052780520.0,123119,4604.0,189,4602.0,161,4606.0,326,4600.0,388,4608.0,227,4598.0,154,4610.0,814,4596.0,70,4612.0,267,4594.0,151
1597988318164154112,1597988318000000000,2020-08-21 13:38:38.000000,4602.0,4610.0,4540.0,4540.0,nan,4571.459,88656,4052872560.0,123119,4604.0,189,4602.0,179,4606.0,327,4600.0,388,4608.0,207,4598.0,154,4610.0,814,4596.0,70,4612.0,267,4594.0,151
1597988318616900096,1597988318500000000,2020-08-21 13:38:38.500000,4602.0,4610.0,4540.0,4540.0,nan,4571.472,88695,4054667340.0,123099,4604.0,184,4602.0,135,4606.0,307,4600.0,388,4608.0,207,4598.0,136,4610.0,794,4596.0,70,4612.0,248,4594.0,132
1597988319113527040,1597988319000000000,2020-08-21 13:38:39.000000,4602.0,4610.0,4540.0,4540.0,nan,4571.521,88837,4061202180.0,123164,4602.0,1,4600.0,348,4604.0,178,4598.0,137,4606.0,267,4596.0,70,4608.0,207,4594.0,132,4610.0,794,4592.0,111
1597988319626941952,1597988319500000000,2020-08-21 13:38:39.500000,4602.0,4610.0,4540.0,4540.0,nan,4571.521,88838,4061248200.0,123165,4602.0,77,4600.0,311,4604.0,151,4598.0,177,4606.0,305,4596.0,69,4608.0,167,4594.0,132,4610.0,794,4592.0,112
1597988320125728000,1597988320000000000,2020-08-21 13:38:40.000000,4600.0,4610.0,4540.0,4540.0,nan,4571.522,88839,4061294200.0,123165,4602.0,87,4600.0,298,4604.0,195,4598.0,237,4606.0,322,4596.0,93,4608.0,167,4594.0,132,4610.0,813,4592.0,131
1597988320616548096,1597988320500000000,2020-08-21 13:38:40.500000,4600.0,4610.0,4540.0,4540.0,nan,4571.524,88845,4061570200.0,123165,4602.0,93,4600.0,292,4604.0,188,4598.0,237,4606.0,301,4596.0,70,4608.0,167,4594.0,133,4610.0,813,4592.0,131
1597988321123881984,1597988321000000000,2020-08-21 13:38:41.000000,4600.0,4610.0,4540.0,4540.0,nan,4571.524,88846,4061616200.0,123165,4602.0,95,4600.0,293,4604.0,208,4598.0,237,4606.0,301,4596.0,90,4608.0,167,4594.0,133,4610.0,813,4592.0,131
1597988321623898112,1597988321500000000,2020-08-21 13:38:41.500000,4600.0,4610.0,4540.0,4540.0,nan,4571.524,88846,4061616200.0,123165,4602.0,98,4600.0,313,4604.0,208,4598.0,238,4606.0,321,4596.0,90,4608.0,167,4594.0,133,4610.0,813,4592.0,131
1597988322116617984,1597988322000000000,2020-08-21 13:38:42.000000,4600.0,4610.0,4540.0,4540.0,nan,4571.524,88847,4061662200.0,123165,4602.0,103,4600.0,313,4604.0,204,4598.0,238,4606.0,321,4596.0,90,4608.0,167,4594.0,133,4610.0,813,4592.0,131
1597988322633385984,1597988322500000000,2020-08-21 13:38:42.500000,4602.0,4610.0,4540.0,4540.0,nan,4571.525,88848,4061708220.0,123166,4602.0,102,4600.0,313,4604.0,224,4598.0,258,4606.0,321,4596.0,90,4608.0,167,4594.0,133,4610.0,813,4592.0,136
1597988323128954880,1597988323000000000,2020-08-21 13:38:43.000000,4600.0,4610.0,4540.0,4540.0,nan,4571.531,88868,4062628220.0,123166,4602.0,103,4600.0,291,4604.0,224,4598.0,258,4606.0,321,4596.0,90,4608.0,167,4594.0,133,4610.0,813,4592.0,136
1597988323624980992,1597988323500000000,2020-08-21 13:38:43.500000,4600.0,4610.0,4540.0,4540.0,nan,4571.531,88868,4062628220.0,123166,4602.0,103,4600.0,292,4604.0,224,4598.0,258,4606.0,321,4596.0,90,4608.0,167,4594.0,133,4610.0,813,4592.0,136
1597988324122594048,1597988324000000000,2020-08-21 13:38:44.000000,4600.0,4610.0,4540.0,4540.0,nan,4571.534,88876,4062996260.0,123174,4602.0,101,4600.0,287,4604.0,224,4598.0,258,4606.0,321,4596.0,109,4608.0,167,4594.0,133,4610.0,813,4592.0,136
1597988324624716032,1597988324500000000,2020-08-21 13:38:44.500000,4602.0,4610.0,4540.0,4540.0,nan,4571.535,88879,4063134280.0,123174,4602.0,105,4600.0,288,4604.0,224,4598.0,258,4606.0,321,4596.0,109,4608.0,166,4594.0,141,4610.0,813,4592.0,136
1597988325133075968,1597988325000000000,2020-08-21 13:38:45.000000,4600.0,4610.0,4540.0,4540.0,nan,4571.536,88882,4063272280.0,123174,4602.0,104,4600.0,286,4604.0,224,4598.0,258,4606.0,321,4596.0,109,4608.0,166,4594.0,141,4610.0,813,4592.0,136
1597988325634289920,1597988325500000000,2020-08-21 13:38:45.500000,4600.0,4610.0,4540.0,4540.0,nan,4571.537,88886,4063456280.0,123174,4602.0,107,4600.0,285,4604.0,224,4598.0,258,4606.0,321,4596.0,109,4608.0,166,4594.0,143,4610.0,813,4592.0,136
1597988326134309888,1597988326000000000,2020-08-21 13:38:46.000000,4602.0,4610.0,4540.0,4540.0,nan,4571.542,88903,4064238380.0,123177,4602.0,104,4600.0,274,4604.0,224,4598.0,277,4606.0,321,4596.0,109,4608.0,165,4594.0,143,4610.0,813,4592.0,136
1597988326651884032,1597988326500000000,2020-08-21 13:38:46.500000,4602.0,4610.0,4540.0,4540.0,nan,4571.546,88914,4064744400.0,123178,4602.0,102,4600.0,246,4604.0,204,4598.0,296,4606.0,321,4596.0,87,4608.0,165,4594.0,154,4610.0,813,4592.0,136
1597988327121132032,1597988327000000000,2020-08-21 13:38:47.000000,4602.0,4610.0,4540.0,4540.0,nan,4571.546,88914,4064744400.0,123178,4602.0,112,4600.0,252,4604.0,204,4598.0,316,4606.0,341,4596.0,87,4608.0,165,4594.0,154,4610.0,813,4592.0,136
1597988327628579072,1597988327500000000,2020-08-21 13:38:47.500000,4602.0,4610.0,4540.0,4540.0,nan,4571.546,88914,4064744400.0,123178,4602.0,113,4600.0,256,4604.0,205,4598.0,317,4606.0,341,4596.0,87,4608.0,165,4594.0,154,4610.0,813,4592.0,138
1597988328248251904,1597988328000000000,2020-08-21 13:38:48.000000,4600.0,4610.0,4540.0,4540.0,nan,4571.554,88939,4065894400.0,123178,4602.0,113,4600.0,234,4604.0,206,4598.0,317,4606.0,341,4596.0,87,4608.0,165,4594.0,154,4610.0,813,4592.0,138
1597988328633908992,1597988328500000000,2020-08-21 13:38:48.500000,4600.0,4610.0,4540.0,4540.0,nan,4571.554,88939,4065894400.0,123178,4602.0,112,4600.0,233,4604.0,206,4598.0,317,4606.0,341,4596.0,87,4608.0,176,4594.0,154,4610.0,813,4592.0,138
1597988329240132096,1597988329000000000,2020-08-21 13:38:49.000000,4600.0,4610.0,4540.0,4540.0,nan,4571.582,89027,4069942400.0,123235,4602.0,114,4600.0,147,4604.0,206,4598.0,317,4606.0,341,4596.0,87,4608.0,176,4594.0,154,4610.0,813,4592.0,138
1597988329625037056,1597988329500000000,2020-08-21 13:38:49.500000,4600.0,4610.0,4540.0,4540.0,nan,4571.633,89186,4077256380.0,123358,4600.0,1,4598.0,234,4602.0,168,4596.0,87,4604.0,206,4594.0,154,4606.0,260,4592.0,119,4608.0,176,4590.0,94
1597988330146407936,1597988330000000000,2020-08-21 13:38:50.000000,4600.0,4610.0,4540.0,4540.0,nan,4571.633,89186,4077256380.0,123358,4600.0,98,4598.0,142,4602.0,150,4596.0,147,4604.0,244,4594.0,154,4606.0,203,4592.0,119,4608.0,166,4590.0,96
1597988330648431104,1597988330500000000,2020-08-21 13:38:50.500000,4600.0,4610.0,4540.0,4540.0,nan,4571.633,89187,4077302380.0,123359,4600.0,124,4598.0,133,4602.0,188,4596.0,209,4604.0,244,4594.0,177,4606.0,203,4592.0,119,4608.0,185,4590.0,115
1597988331130946048,1597988331000000000,2020-08-21 13:38:51.000000,4600.0,4610.0,4540.0,4540.0,nan,4571.633,89187,4077302380.0,123359,4600.0,147,4598.0,141,4602.0,165,4596.0,207,4604.0,244,4594.0,154,4606.0,203,4592.0,119,4608.0,185,4590.0,115
1597988331645079040,1597988331500000000,2020-08-21 13:38:51.500000,4600.0,4610.0,4540.0,4540.0,nan,4571.633,89187,4077302380.0,123359,4600.0,152,4598.0,142,4602.0,225,4596.0,168,4604.0,205,4594.0,213,4606.0,203,4592.0,119,4608.0,185,4590.0,115
1597988332169948928,1597988332000000000,2020-08-21 13:38:52.000000,4600.0,4610.0,4540.0,4540.0,nan,4571.633,89187,4077302380.0,123359,4600.0,156,4598.0,148,4602.0,245,4596.0,128,4604.0,184,4594.0,253,4606.0,203,4592.0,119,4608.0,185,4590.0,115
1597988332692793088,1597988332500000000,2020-08-21 13:38:52.500000,4600.0,4610.0,4540.0,4540.0,nan,4571.634,89191,4077486320.0,123359,4600.0,157,4598.0,145,4602.0,265,4596.0,128,4604.0,184,4594.0,273,4606.0,203,4592.0,119,4608.0,185,4590.0,115
1597988333141191936,1597988333000000000,2020-08-21 13:38:53.000000,4600.0,4610.0,4540.0,4540.0,nan,4571.635,89192,4077532320.0,123359,4600.0,158,4598.0,145,4602.0,261,4596.0,128,4604.0,184,4594.0,273,4606.0,203,4592.0,119,4608.0,185,4590.0,115
1597988333672292096,1597988333500000000,2020-08-21 13:38:53.500000,4598.0,4610.0,4540.0,4540.0,nan,4571.636,89198,4077808200.0,123359,4600.0,179,4598.0,143,4602.0,261,4596.0,128,4604.0,184,4594.0,293,4606.0,204,4592.0,119,4608.0,185,4590.0,115
1597988334145189888,1597988334000000000,2020-08-21 13:38:54.000000,4598.0,4610.0,4540.0,4540.0,nan,4571.646,89231,4079325540.0,123348,4600.0,158,4598.0,76,4602.0,261,4596.0,128,4604.0,189,4594.0,273,4606.0,204,4592.0,119,4608.0,185,4590.0,115
1597988334639698944,1597988334500000000,2020-08-21 13:38:54.500000,4596.0,4610.0,4540.0,4540.0,nan,4571.672,89321,4083463540.0,123321,4598.0,15,4596.0,99,4600.0,146,4594.0,233,4602.0,200,4592.0,119,4604.0,189,4590.0,98,4606.0,204,4588.0,125
1597988335128205056,1597988335000000000,2020-08-21 13:38:55.000000,4596.0,4610.0,4540.0,4540.0,nan,4571.681,89350,4084796740.0,123303,4598.0,48,4596.0,129,4600.0,162,4594.0,257,4602.0,204,4592.0,119,4604.0,143,4590.0,99,4606.0,204,4588.0,125
1597988335642866944,1597988335500000000,2020-08-21 13:38:55.500000,4598.0,4610.0,4540.0,4540.0,nan,4571.685,89366,4085532420.0,123303,4598.0,33,4596.0,134,4600.0,159,4594.0,276,4602.0,218,4592.0,119,4604.0,143,4590.0,99,4606.0,223,4588.0,144
1597988336146255872,1597988336000000000,2020-08-21 13:38:56.000000,4598.0,4610.0,4540.0,4540.0,nan,4571.696,89402,4087187700.0,123290,4600.0,159,4598.0,9,4602.0,237,4596.0,149,4604.0,142,4594.0,294,4606.0,178,4592.0,119,4608.0,174,4590.0,99
1597988336612674048,1597988336500000000,2020-08-21 13:38:56.500000,4596.0,4610.0,4540.0,4540.0,nan,4571.702,89423,4088153100.0,123302,4598.0,12,4596.0,143,4600.0,127,4594.0,254,4602.0,238,4592.0,119,4604.0,117,4590.0,99,4606.0,178,4588.0,125
1597988337136193024,1597988337000000000,2020-08-21 13:38:57.000000,4598.0,4610.0,4540.0,4540.0,nan,4571.708,89442,4089026720.0,123295,4600.0,153,4598.0,2,4602.0,198,4596.0,154,4604.0,137,4594.0,274,4606.0,178,4592.0,119,4608.0,174,4590.0,99
1597988337638917120,1597988337500000000,2020-08-21 13:38:57.500000,4598.0,4610.0,4540.0,4540.0,nan,4571.708,89444,4089118680.0,123294,4598.0,35,4596.0,156,4600.0,148,4594.0,295,4602.0,246,4592.0,119,4604.0,112,4590.0,89,4606.0,174,4588.0,125
1597988338136047104,1597988338000000000,2020-08-21 13:38:58.000000,4598.0,4610.0,4540.0,4540.0,nan,4571.719,89480,4090773960.0,123290,4600.0,143,4598.0,8,4602.0,244,4596.0,154,4604.0,112,4594.0,295,4606.0,174,4592.0,119,4608.0,174,4590.0,89
1597988338629532928,1597988338500000000,2020-08-21 13:38:58.500000,4596.0,4610.0,4540.0,4540.0,nan,4571.726,89505,4091923320.0,123286,4598.0,3,4596.0,147,4600.0,143,4594.0,276,4602.0,225,4592.0,120,4604.0,113,4590.0,89,4606.0,174,4588.0,125
1597988339231693056,1597988339000000000,2020-08-21 13:38:59.000000,4598.0,4610.0,4540.0,4540.0,nan,4571.728,89511,4092199220.0,123283,4600.0,146,4598.0,22,4602.0,205,4596.0,146,4604.0,138,4594.0,276,4606.0,174,4592.0,120,4608.0,172,4590.0,89
1597988339634980096,1597988339500000000,2020-08-21 13:38:59.500000,4596.0,4610.0,4540.0,4540.0,nan,4571.739,89550,4093992140.0,123294,4598.0,2,4596.0,132,4600.0,145,4594.0,276,4602.0,225,4592.0,120,4604.0,118,4590.0,89,4606.0,174,4588.0,125
1597988340133625088,1597988340000000000,2020-08-21 13:39:00.000000,4598.0,4610.0,4540.0,4540.0,nan,4571.742,89562,4094543900.0,123294,4598.0,64,4596.0,136,4600.0,146,4594.0,317,4602.0,245,4592.0,120,4604.0,138,4590.0,89,4606.0,174,4588.0,125
1597988340631602944,1597988340500000000,2020-08-21 13:39:00.500000,4598.0,4610.0,4540.0,4540.0,nan,4571.742,89562,4094543900.0,123294,4598.0,72,4596.0,136,4600.0,164,4594.0,336,4602.0,264,4592.0,120,4604.0,118,4590.0,89,4606.0,193,4588.0,144
1597988341137902080,1597988341000000000,2020-08-21 13:39:01.000000,4598.0,4610.0,4540.0,4540.0,nan,4571.742,89562,4094543900.0,123294,4598.0,74,4596.0,135,4600.0,162,4594.0,336,4602.0,244,4592.0,120,4604.0,118,4590.0,89,4606.0,158,4588.0,144
1597988341654227968,1597988341500000000,2020-08-21 13:39:01.500000,4598.0,4610.0,4540.0,4540.0,nan,4571.742,89562,4094543900.0,123294,4598.0,81,4596.0,141,4600.0,140,4594.0,342,4602.0,266,4592.0,120,4604.0,118,4590.0,89,4606.0,158,4588.0,144
1597988342164006912,1597988342000000000,2020-08-21 13:39:02.000000,4596.0,4610.0,4540.0,4540.0,nan,4571.751,89595,4096060600.0,123290,4598.0,85,4596.0,109,4600.0,117,4594.0,319,4602.0,243,4592.0,120,4604.0,118,4590.0,89,4606.0,158,4588.0,144
1597988342714705920,1597988342500000000,2020-08-21 13:39:02.500000,4598.0,4610.0,4540.0,4540.0,nan,4571.752,89597,4096152560.0,123291,4598.0,87,4596.0,125,4600.0,117,4594.0,343,4602.0,263,4592.0,120,4604.0,118,4590.0,89,4606.0,158,4588.0,144
1597988343136247040,1597988343000000000,2020-08-21 13:39:03.000000,4598.0,4610.0,4540.0,4540.0,nan,4571.752,89597,4096152560.0,123291,4598.0,88,4596.0,126,4600.0,117,4594.0,343,4602.0,262,4592.0,120,4604.0,118,4590.0,89,4606.0,158,4588.0,144
1597988343635628032,1597988343500000000,2020-08-21 13:39:03.500000,4598.0,4610.0,4540.0,4540.0,nan,4571.753,89601,4096336480.0,123291,4598.0,96,4596.0,128,4600.0,117,4594.0,332,4602.0,262,4592.0,120,4604.0,118,4590.0,89,4606.0,158,4588.0,144
1597988344135140096,1597988344000000000,2020-08-21 13:39:04.000000,4598.0,4610.0,4540.0,4540.0,nan,4571.753,89602,4096382460.0,123292,4598.0,95,4596.0,129,4600.0,117,4594.0,330,4602.0,262,4592.0,120,4604.0,118,4590.0,89,4606.0,158,4588.0,144
1597988344617510912,1597988344500000000,2020-08-21 13:39:04.500000,4596.0,4610.0,4540.0,4540.0,nan,4571.755,89607,4096612260.0,123293,4598.0,96,4596.0,125,4600.0,117,4594.0,330,4602.0,262,4592.0,120,4604.0,118,4590.0,89,4606.0,158,4588.0,144
1597988345137868032,1597988345000000000,2020-08-21 13:39:05.000000,4596.0,4610.0,4540.0,4540.0,nan,4571.758,89618,4097117820.0,123282,4598.0,94,4596.0,122,4600.0,117,4594.0,331,4602.0,262,4592.0,120,4604.0,118,4590.0,87,4606.0,158,4588.0,139
1597988345637821952,1597988345500000000,2020-08-21 13:39:05.500000,4598.0,4610.0,4540.0,4540.0,nan,4571.758,89619,4097163800.0,123283,4598.0,96,4596.0,125,4600.0,120,4594.0,331,4602.0,272,4592.0,124,4604.0,118,4590.0,87,4606.0,158,4588.0,139
1597988346152926976,1597988346000000000,2020-08-21 13:39:06.000000,4598.0,4610.0,4540.0,4540.0,nan,4571.758,89619,4097163800.0,123283,4598.0,95,4596.0,135,4600.0,120,4594.0,332,4602.0,272,4592.0,124,4604.0,118,4590.0,87,4606.0,158,4588.0,139
1597988346645530880,1597988346500000000,2020-08-21 13:39:06.500000,4598.0,4610.0,4540.0,4540.0,nan,4571.758,89619,4097163800.0,123283,4598.0,96,4596.0,146,4600.0,120,4594.0,333,4602.0,272,4592.0,124,4604.0,118,4590.0,87,4606.0,158,4588.0,139
1597988347360666112,1597988347000000000,2020-08-21 13:39:07.000000,4598.0,4610.0,4540.0,4540.0,nan,4571.767,89652,4098680520.0,123263,4598.0,95,4596.0,117,4600.0,120,4594.0,333,4602.0,273,4592.0,135,4604.0,113,4590.0,87,4606.0,159,4588.0,139
1597988347644126976,1597988347500000000,2020-08-21 13:39:07.500000,4596.0,4610.0,4540.0,4540.0,nan,4571.778,89692,4100518920.0,123248,4598.0,88,4596.0,82,4600.0,120,4594.0,293,4602.0,233,4592.0,135,4604.0,113,4590.0,87,4606.0,140,4588.0,120
1597988348138745088,1597988348000000000,2020-08-21 13:39:08.000000,4598.0,4610.0,4540.0,4540.0,nan,4571.778,89694,4100610880.0,123250,4598.0,85,4596.0,83,4600.0,158,4594.0,253,4602.0,196,4592.0,174,4604.0,113,4590.0,87,4606.0,140,4588.0,120
1597988348635512064,1597988348500000000,2020-08-21 13:39:08.500000,4598.0,4610.0,4540.0,4540.0,nan,4571.792,89745,4102954860.0,123290,4598.0,82,4596.0,36,4600.0,197,4594.0,254,4602.0,153,4592.0,174,4604.0,113,4590.0,87,4606.0,140,4588.0,120
1597988349154735104,1597988349000000000,2020-08-21 13:39:09.000000,4598.0,4610.0,4540.0,4540.0,nan,4571.792,89745,4102954860.0,123290,4598.0,121,4596.0,65,4600.0,197,4594.0,197,4602.0,153,4592.0,234,4604.0,113,4590.0,87,4606.0,159,4588.0,141
1597988349621157888,1597988349500000000,2020-08-21 13:39:09.500000,4598.0,4610.0,4540.0,4540.0,nan,4571.792,89745,4102954860.0,123290,4598.0,120,4596.0,65,4600.0,221,4594.0,216,4602.0,153,4592.0,237,4604.0,113,4590.0,89,4606.0,159,4588.0,141
1597988350111783936,1597988350000000000,2020-08-21 13:39:10.000000,4598.0,4610.0,4540.0,4540.0,nan,4571.792,89745,4102954860.0,123290,4598.0,127,4596.0,74,4600.0,242,4594.0,214,4602.0,133,4592.0,234,4604.0,113,4590.0,89,4606.0,159,4588.0,141
1597988350655899904,1597988350500000000,2020-08-21 13:39:10.500000,4598.0,4610.0,4540.0,4540.0,nan,4571.792,89745,4102954860.0,123290,4598.0,128,4596.0,85,4600.0,274,4594.0,215,4602.0,133,4592.0,254,4604.0,111,4590.0,89,4606.0,159,4588.0,141
1597988351142886912,1597988351000000000,2020-08-21 13:39:11.000000,4598.0,4610.0,4540.0,4540.0,nan,4571.792,89745,4102954860.0,123290,4598.0,128,4596.0,88,4600.0,274,4594.0,235,4602.0,133,4592.0,234,4604.0,111,4590.0,89,4606.0,159,4588.0,144
1597988351753504000,1597988351500000000,2020-08-21 13:39:11.500000,4598.0,4610.0,4540.0,4540.0,nan,4571.795,89754,4103368680.0,123298,4598.0,119,4596.0,91,4600.0,274,4594.0,256,4602.0,133,4592.0,215,4604.0,111,4590.0,89,4606.0,159,4588.0,144
1597988352122990080,1597988352000000000,2020-08-21 13:39:12.000000,4598.0,4610.0,4540.0,4540.0,nan,4571.795,89754,4103368680.0,123298,4598.0,119,4596.0,153,4600.0,276,4594.0,256,4602.0,133,4592.0,215,4604.0,111,4590.0,89,4606.0,158,4588.0,144
1597988352682693888,1597988352500000000,2020-08-21 13:39:12.500000,4598.0,4610.0,4540.0,4540.0,nan,4571.821,89843,4107460900.0,123239,4600.0,159,4598.0,12,4602.0,171,4596.0,207,4604.0,111,4594.0,275,4606.0,139,4592.0,149,4608.0,180,4590.0,89
1597988353171545088,1597988353000000000,2020-08-21 13:39:13.000000,4598.0,4610.0,4540.0,4540.0,nan,4571.828,89867,4108564420.0,123224,4600.0,121,4598.0,38,4602.0,191,4596.0,308,4604.0,111,4594.0,239,4606.0,139,4592.0,149,4608.0,180,4590.0,90
1597988353629185024,1597988353500000000,2020-08-21 13:39:13.500000,4598.0,4610.0,4540.0,4540.0,nan,4571.828,89867,4108564420.0,123224,4600.0,124,4598.0,71,4602.0,234,4596.0,352,4604.0,131,4594.0,262,4606.0,139,4592.0,149,4608.0,199,4590.0,109
1597988354127738112,1597988354000000000,2020-08-21 13:39:14.000000,4598.0,4610.0,4540.0,4540.0,nan,4571.829,89870,4108702360.0,123221,4600.0,128,4598.0,115,4602.0,231,4596.0,367,4604.0,131,4594.0,238,4606.0,139,4592.0,149,4608.0,199,4590.0,109
1597988354632466944,1597988354500000000,2020-08-21 13:39:14.500000,4598.0,4610.0,4540.0,4540.0,nan,4571.829,89872,4108794320.0,123219,4600.0,117,4598.0,116,4602.0,231,4596.0,407,4604.0,151,4594.0,218,4606.0,139,4592.0,149,4608.0,199,4590.0,109
1597988355110246912,1597988355000000000,2020-08-21 13:39:15.000000,4598.0,4610.0,4540.0,4540.0,nan,4571.829,89872,4108794320.0,123219,4600.0,117,4598.0,116,4602.0,231,4596.0,426,4604.0,151,4594.0,218,4606.0,139,4592.0,149,4608.0,199,4590.0,109
1597988355628457984,1597988355500000000,2020-08-21 13:39:15.500000,4600.0,4610.0,4540.0,4540.0,nan,4571.829,89873,4108840320.0,123220,4600.0,118,4598.0,127,4602.0,251,4596.0,453,4604.0,151,4594.0,218,4606.0,139,4592.0,149,4608.0,199,4590.0,109
1597988356121308928,1597988356000000000,2020-08-21 13:39:16.000000,4600.0,4610.0,4540.0,4540.0,nan,4571.829,89873,4108840320.0,123220,4600.0,83,4598.0,126,4602.0,213,4596.0,492,4604.0,188,4594.0,178,4606.0,139,4592.0,149,4608.0,199,4590.0,111
1597988356627270912,1597988356500000000,2020-08-21 13:39:16.500000,4600.0,4610.0,4540.0,4540.0,nan,4571.856,89958,4112750320.0,123266,4602.0,164,4600.0,17,4604.0,190,4598.0,113,4606.0,139,4596.0,471,4608.0,180,4594.0,158,4610.0,806,4592.0,149
1597988357127567872,1597988357000000000,2020-08-21 13:39:17.000000,4600.0,4610.0,4540.0,4540.0,nan,4571.864,89984,4113946320.0,123265,4600.0,41,4598.0,136,4602.0,108,4596.0,412,4604.0,210,4594.0,158,4606.0,139,4592.0,149,4608.0,180,4590.0,92
1597988357609486080,1597988357500000000,2020-08-21 13:39:17.500000,4600.0,4610.0,4540.0,4540.0,nan,4571.879,90031,4116108320.0,123264,4602.0,128,4600.0,38,4604.0,213,4598.0,139,4606.0,159,4596.0,295,4608.0,180,4594.0,158,4610.0,806,4592.0,149
1597988358129346048,1597988358000000000,2020-08-21 13:39:18.000000,4602.0,4610.0,4540.0,4540.0,nan,4571.882,90040,4116522340.0,123273,4602.0,111,4600.0,53,4604.0,230,4598.0,159,4606.0,159,4596.0,269,4608.0,180,4594.0,158,4610.0,806,4592.0,149
1597988358628481024,1597988358500000000,2020-08-21 13:39:18.500000,4600.0,4610.0,4540.0,4540.0,nan,4571.883,90043,4116660340.0,123273,4602.0,115,4600.0,53,4604.0,270,4598.0,159,4606.0,159,4596.0,309,4608.0,180,4594.0,158,4610.0,825,4592.0,168
1597988359124596992,1597988359000000000,2020-08-21 13:39:19.000000,4600.0,4610.0,4540.0,4540.0,nan,4571.883,90043,4116660340.0,123273,4602.0,115,4600.0,53,4604.0,272,4598.0,160,4606.0,159,4596.0,310,4608.0,180,4594.0,139,4610.0,825,4592.0,168
1597988359616793088,1597988359500000000,2020-08-21 13:39:19.500000,4600.0,4610.0,4540.0,4540.0,nan,4571.883,90043,4116660340.0,123273,4602.0,125,4600.0,59,4604.0,292,4598.0,162,4606.0,159,4596.0,326,4608.0,180,4594.0,139,4610.0,826,4592.0,168
1597988360122480896,1597988360000000000,2020-08-21 13:39:20.000000,4602.0,4610.0,4540.0,4540.0,nan,4571.883,90044,4116706360.0,123274,4602.0,124,4600.0,57,4604.0,292,4598.0,163,4606.0,159,4596.0,326,4608.0,180,4594.0,140,4610.0,826,4592.0,168
1597988360616658944,1597988360500000000,2020-08-21 13:39:20.500000,4600.0,4610.0,4540.0,4540.0,nan,4571.883,90045,4116752360.0,123275,4602.0,144,4600.0,92,4604.0,292,4598.0,163,4606.0,159,4596.0,346,4608.0,180,4594.0,140,4610.0,826,4592.0,168
1597988361126820096,1597988361000000000,2020-08-21 13:39:21.000000,4600.0,4610.0,4540.0,4540.0,nan,4571.884,90046,4116798360.0,123276,4602.0,143,4600.0,94,4604.0,292,4598.0,201,4606.0,159,4596.0,306,4608.0,180,4594.0,140,4610.0,826,4592.0,168
1597988361621957888,1597988361500000000,2020-08-21 13:39:21.500000,4600.0,4610.0,4540.0,4540.0,nan,4571.884,90046,4116798360.0,123276,4602.0,151,4600.0,96,4604.0,292,4598.0,201,4606.0,159,4596.0,306,4608.0,180,4594.0,140,4610.0,826,4592.0,168
1597988362125248000,1597988362000000000,2020-08-21 13:39:22.000000,4600.0,4610.0,4540.0,4540.0,nan,4571.884,90046,4116798360.0,123276,4602.0,147,4600.0,96,4604.0,292,4598.0,201,4606.0,159,4596.0,306,4608.0,180,4594.0,140,4610.0,826,4592.0,168
1597988362667499008,1597988362500000000,2020-08-21 13:39:22.500000,4600.0,4610.0,4540.0,4540.0,nan,4571.884,90046,4116798360.0,123276,4602.0,148,4600.0,97,4604.0,293,4598.0,202,4606.0,159,4596.0,306,4608.0,181,4594.0,140,4610.0,826,4592.0,168
1597988363138526976,1597988363000000000,2020-08-21 13:39:23.000000,4600.0,4610.0,4540.0,4540.0,nan,4571.884,90046,4116798360.0,123276,4602.0,149,4600.0,97,4604.0,294,4598.0,202,4606.0,159,4596.0,306,4608.0,181,4594.0,140,4610.0,826,4592.0,168
1597988363625761024,1597988363500000000,2020-08-21 13:39:23.500000,4600.0,4610.0,4540.0,4540.0,nan,4571.884,90046,4116798360.0,123276,4602.0,149,4600.0,98,4604.0,294,4598.0,202,4606.0,159,4596.0,306,4608.0,181,4594.0,140,4610.0,826,4592.0,168
1597988364130426112,1597988364000000000,2020-08-21 13:39:24.000000,4600.0,4610.0,4540.0,4540.0,nan,4571.884,90046,4116798360.0,123276,4602.0,149,4600.0,99,4604.0,294,4598.0,203,4606.0,159,4596.0,306,4608.0,181,4594.0,140,4610.0,826,4592.0,187
1597988364633807872,1597988364500000000,2020-08-21 13:39:24.500000,4600.0,4610.0,4540.0,4540.0,nan,4571.884,90046,4116798360.0,123276,4602.0,149,4600.0,99,4604.0,294,4598.0,203,4606.0,160,4596.0,306,4608.0,181,4594.0,140,4610.0,826,4592.0,187
1597988365131382016,1597988365000000000,2020-08-21 13:39:25.000000,4602.0,4610.0,4540.0,4540.0,nan,4571.884,90047,4116844380.0,123276,4602.0,148,4600.0,102,4604.0,294,4598.0,203,4606.0,160,4596.0,310,4608.0,191,4594.0,140,4610.0,826,4592.0,187
1597988365628230912,1597988365500000000,2020-08-21 13:39:25.500000,4602.0,4610.0,4540.0,4540.0,nan,4571.884,90048,4116890400.0,123277,4602.0,146,4600.0,123,4604.0,294,4598.0,203,4606.0,160,4596.0,311,4608.0,191,4594.0,140,4610.0,826,4592.0,189
1597988366189169920,1597988366000000000,2020-08-21 13:39:26.000000,4600.0,4610.0,4540.0,4540.0,nan,4571.885,90050,4116982400.0,123277,4602.0,149,4600.0,123,4604.0,294,4598.0,203,4606.0,160,4596.0,311,4608.0,190,4594.0,140,4610.0,820,4592.0,189
1597988366643115008,1597988366500000000,2020-08-21 13:39:26.500000,4600.0,4610.0,4540.0,4540.0,nan,4571.885,90050,4116982400.0,123277,4602.0,148,4600.0,129,4604.0,295,4598.0,203,4606.0,160,4596.0,311,4608.0,190,4594.0,140,4610.0,830,4592.0,189
1597988367170269952,1597988367000000000,2020-08-21 13:39:27.000000,4600.0,4610.0,4540.0,4540.0,nan,4571.886,90053,4117120420.0,123278,4602.0,147,4600.0,127,4604.0,297,4598.0,205,4606.0,160,4596.0,311,4608.0,190,4594.0,140,4610.0,830,4592.0,189
1597988367650616064,1597988367500000000,2020-08-21 13:39:27.500000,4602.0,4610.0,4540.0,4540.0,nan,4571.887,90055,4117212460.0,123278,4602.0,145,4600.0,131,4604.0,297,4598.0,205,4606.0,160,4596.0,311,4608.0,190,4594.0,140,4610.0,830,4592.0,189
1597988368125314048,1597988368000000000,2020-08-21 13:39:28.000000,4602.0,4610.0,4540.0,4540.0,nan,4571.89,90065,4117672660.0,123279,4602.0,136,4600.0,161,4604.0,297,4598.0,206,4606.0,160,4596.0,311,4608.0,190,4594.0,140,4610.0,830,4592.0,189
1597988368616448000,1597988368500000000,2020-08-21 13:39:28.500000,4602.0,4610.0,4540.0,4540.0,nan,4571.89,90065,4117672660.0,123279,4602.0,99,4600.0,161,4604.0,238,4598.0,265,4606.0,218,4596.0,252,4608.0,190,4594.0,140,4610.0,830,4592.0,190
1597988369116037888,1597988369000000000,2020-08-21 13:39:29.000000,4602.0,4610.0,4540.0,4540.0,nan,4571.893,90075,4118132860.0,123286,4602.0,59,4600.0,162,4604.0,218,4598.0,285,4606.0,239,4596.0,232,4608.0,191,4594.0,140,4610.0,831,4592.0,190
1597988369623280896,1597988369500000000,2020-08-21 13:39:29.500000,4604.0,4610.0,4540.0,4540.0,nan,4571.913,90135,4120894080.0,123315,4604.0,177,4602.0,56,4606.0,219,4600.0,148,4608.0,191,4598.0,245,4610.0,812,4596.0,212,4612.0,244,4594.0,140
1597988370136928000,1597988370000000000,2020-08-21 13:39:30.000000,4604.0,4610.0,4540.0,4540.0,nan,4571.918,90148,4121492380.0,123316,4604.0,133,4602.0,74,4606.0,259,4600.0,190,4608.0,190,4598.0,201,4610.0,812,4596.0,192,4612.0,244,4594.0,140
1597988370632634880,1597988370500000000,2020-08-21 13:39:30.500000,4604.0,4610.0,4540.0,4540.0,nan,4571.918,90148,4121492380.0,123316,4604.0,136,4602.0,73,4606.0,301,4600.0,212,4608.0,190,4598.0,221,4610.0,812,4596.0,202,4612.0,263,4594.0,159
1597988371128896000,1597988371000000000,2020-08-21 13:39:31.000000,4604.0,4610.0,4540.0,4540.0,nan,4571.918,90148,4121492380.0,123316,4604.0,140,4602.0,103,4606.0,299,4600.0,212,4608.0,190,4598.0,221,4610.0,812,4596.0,202,4612.0,263,4594.0,159
1597988371633061888,1597988371500000000,2020-08-21 13:39:31.500000,4604.0,4610.0,4540.0,4540.0,nan,4571.918,90149,4121538420.0,123317,4604.0,143,4602.0,106,4606.0,319,4600.0,233,4608.0,191,4598.0,225,4610.0,813,4596.0,202,4612.0,263,4594.0,159
1597988372127298048,1597988372000000000,2020-08-21 13:39:32.000000,4604.0,4610.0,4540.0,4540.0,nan,4571.918,90150,4121584460.0,123318,4604.0,142,4602.0,106,4606.0,319,4600.0,254,4608.0,191,4598.0,205,4610.0,823,4596.0,202,4612.0,263,4594.0,159
1597988372633423104,1597988372500000000,2020-08-21 13:39:32.500000,4604.0,4610.0,4540.0,4540.0,nan,4571.918,90150,4121584460.0,123318,4604.0,142,4602.0,108,4606.0,319,4600.0,254,4608.0,191,4598.0,205,4610.0,824,4596.0,201,4612.0,263,4594.0,159
1597988373131025920,1597988373000000000,2020-08-21 13:39:33.000000,4604.0,4610.0,4540.0,4540.0,nan,4571.919,90152,4121676540.0,123320,4604.0,141,4602.0,109,4606.0,329,4600.0,254,4608.0,191,4598.0,205,4610.0,824,4596.0,201,4612.0,263,4594.0,159
1597988373627064064,1597988373500000000,2020-08-21 13:39:33.500000,4604.0,4610.0,4540.0,4540.0,nan,4571.919,90152,4121676540.0,123320,4604.0,143,4602.0,109,4606.0,329,4600.0,254,4608.0,191,4598.0,205,4610.0,824,4596.0,201,4612.0,263,4594.0,159
1597988374132804096,1597988374000000000,2020-08-21 13:39:34.000000,4604.0,4610.0,4540.0,4540.0,nan,4571.92,90155,4121814660.0,123323,4604.0,143,4602.0,110,4606.0,329,4600.0,254,4608.0,190,4598.0,205,4610.0,824,4596.0,201,4612.0,263,4594.0,159
1597988374675237120,1597988374500000000,2020-08-21 13:39:34.500000,4604.0,4610.0,4540.0,4540.0,nan,4571.92,90155,4121814660.0,123323,4604.0,143,4602.0,115,4606.0,329,4600.0,254,4608.0,190,4598.0,205,4610.0,824,4596.0,201,4612.0,263,4594.0,159
1597988375128971008,1597988375000000000,2020-08-21 13:39:35.000000,4604.0,4610.0,4540.0,4540.0,nan,4571.921,90157,4121906740.0,123324,4604.0,164,4602.0,120,4606.0,329,4600.0,255,4608.0,190,4598.0,205,4610.0,824,4596.0,206,4612.0,263,4594.0,158
1597988375645122048,1597988375500000000,2020-08-21 13:39:35.500000,4604.0,4610.0,4540.0,4540.0,nan,4571.921,90157,4121906740.0,123324,4604.0,166,4602.0,122,4606.0,329,4600.0,255,4608.0,190,4598.0,206,4610.0,824,4596.0,206,4612.0,263,4594.0,158
1597988376123810048,1597988376000000000,2020-08-21 13:39:36.000000,4604.0,4610.0,4540.0,4540.0,nan,4571.921,90158,4121952780.0,123324,4604.0,165,4602.0,122,4606.0,329,4600.0,255,4608.0,190,4598.0,206,4610.0,824,4596.0,206,4612.0,263,4594.0,157
1597988376638818048,1597988376500000000,2020-08-21 13:39:36.500000,4604.0,4610.0,4540.0,4540.0,nan,4571.921,90158,4121952780.0,123324,4604.0,165,4602.0,122,4606.0,329,4600.0,255,4608.0,190,4598.0,206,4610.0,824,4596.0,200,4612.0,263,4594.0,160
1597988377127196928,1597988377000000000,2020-08-21 13:39:37.000000,4604.0,4610.0,4540.0,4540.0,nan,4571.921,90158,4121952780.0,123324,4604.0,165,4602.0,124,4606.0,329,4600.0,255,4608.0,194,4598.0,206,4610.0,824,4596.0,200,4612.0,263,4594.0,160
1597988377640654080,1597988377500000000,2020-08-21 13:39:37.500000,4604.0,4610.0,4540.0,4540.0,nan,4571.928,90178,4122873580.0,123325,4604.0,145,4602.0,125,4606.0,332,4600.0,255,4608.0,194,4598.0,207,4610.0,824,4596.0,200,4612.0,262,4594.0,160
1597988378138530048,1597988378000000000,2020-08-21 13:39:38.000000,4604.0,4610.0,4540.0,4540.0,nan,4571.928,90178,4122873580.0,123325,4604.0,144,4602.0,129,4606.0,332,4600.0,255,4608.0,194,4598.0,207,4610.0,824,4596.0,199,4612.0,262,4594.0,160
1597988378618791936,1597988378500000000,2020-08-21 13:39:38.500000,4604.0,4610.0,4540.0,4540.0,nan,4571.928,90178,4122873580.0,123325,4604.0,144,4602.0,130,4606.0,332,4600.0,255,4608.0,194,4598.0,207,4610.0,824,4596.0,199,4612.0,262,4594.0,160
1597988379114537984,1597988379000000000,2020-08-21 13:39:39.000000,4604.0,4610.0,4540.0,4540.0,nan,4571.928,90178,4122873580.0,123325,4604.0,144,4602.0,135,4606.0,334,4600.0,256,4608.0,194,4598.0,207,4610.0,824,4596.0,199,4612.0,262,4594.0,160
1597988379618136064,1597988379500000000,2020-08-21 13:39:39.500000,4604.0,4610.0,4540.0,4540.0,nan,4571.928,90178,4122873580.0,123325,4604.0,144,4602.0,136,4606.0,334,4600.0,256,4608.0,194,4598.0,207,4610.0,824,4596.0,199,4612.0,262,4594.0,160
1597988380127152128,1597988380000000000,2020-08-21 13:39:40.000000,4604.0,4610.0,4540.0,4540.0,nan,4571.929,90179,4122919620.0,123325,4604.0,143,4602.0,136,4606.0,334,4600.0,256,4608.0,194,4598.0,207,4610.0,824,4596.0,200,4612.0,262,4594.0,160
1597988380653785088,1597988380500000000,2020-08-21 13:39:40.500000,4604.0,4610.0,4540.0,4540.0,nan,4571.929,90179,4122919620.0,123325,4604.0,143,4602.0,136,4606.0,334,4600.0,256,4608.0,193,4598.0,207,4610.0,823,4596.0,200,4612.0,262,4594.0,160
1597988381145987072,1597988381000000000,2020-08-21 13:39:41.000000,4604.0,4610.0,4540.0,4540.0,nan,4571.93,90182,4123057720.0,123325,4604.0,141,4602.0,135,4606.0,334,4600.0,256,4608.0,195,4598.0,206,4610.0,823,4596.0,201,4612.0,262,4594.0,160
1597988381619418880,1597988381500000000,2020-08-21 13:39:41.500000,4604.0,4610.0,4540.0,4540.0,nan,4571.93,90182,4123057720.0,123325,4604.0,140,4602.0,135,4606.0,334,4600.0,256,4608.0,195,4598.0,206,4610.0,822,4596.0,202,4612.0,262,4594.0,160
1597988382112388096,1597988382000000000,2020-08-21 13:39:42.000000,4602.0,4610.0,4540.0,4540.0,nan,4571.93,90183,4123103740.0,123325,4604.0,142,4602.0,134,4606.0,334,4600.0,256,4608.0,195,4598.0,206,4610.0,822,4596.0,202,4612.0,262,4594.0,160
1597988382640685056,1597988382500000000,2020-08-21 13:39:42.500000,4602.0,4610.0,4540.0,4540.0,nan,4571.931,90185,4123195800.0,123325,4604.0,121,4602.0,135,4606.0,354,4600.0,256,4608.0,195,4598.0,226,4610.0,822,4596.0,182,4612.0,262,4594.0,158
1597988383118168064,1597988383000000000,2020-08-21 13:39:43.000000,4602.0,4610.0,4540.0,4540.0,nan,4571.933,90192,4123518020.0,123325,4604.0,117,4602.0,133,4606.0,315,4600.0,295,4608.0,233,4598.0,186,4610.0,822,4596.0,182,4612.0,262,4594.0,158
1597988383620026880,1597988383500000000,2020-08-21 13:39:43.500000,4604.0,4610.0,4540.0,4540.0,nan,4571.934,90193,4123564060.0,123325,4604.0,97,4602.0,155,4606.0,293,4600.0,295,4608.0,253,4598.0,166,4610.0,842,4596.0,181,4612.0,262,4594.0,158
1597988384126727936,1597988384000000000,2020-08-21 13:39:44.000000,4604.0,4610.0,4540.0,4540.0,nan,4571.935,90198,4123794260.0,123325,4604.0,124,4602.0,141,4606.0,293,4600.0,295,4608.0,253,4598.0,167,4610.0,822,4596.0,181,4612.0,262,4594.0,158
1597988384617328128,1597988384500000000,2020-08-21 13:39:44.500000,4602.0,4610.0,4540.0,4540.0,nan,4571.937,90204,4124070380.0,123325,4604.0,126,4602.0,133,4606.0,293,4600.0,295,4608.0,252,4598.0,167,4610.0,822,4596.0,181,4612.0,262,4594.0,158
1597988385135528960,1597988385000000000,2020-08-21 13:39:45.000000,4604.0,4610.0,4540.0,4540.0,nan,4571.941,90215,4124576620.0,123325,4604.0,145,4602.0,123,4606.0,293,4600.0,316,4608.0,252,4598.0,167,4610.0,820,4596.0,181,4612.0,262,4594.0,163
1597988385611188992,1597988385500000000,2020-08-21 13:39:45.500000,4604.0,4610.0,4540.0,4540.0,nan,4571.941,90215,4124576620.0,123325,4604.0,162,4602.0,123,4606.0,352,4600.0,257,4608.0,194,4598.0,226,4610.0,820,4596.0,181,4612.0,262,4594.0,162
1597988386147390976,1597988386000000000,2020-08-21 13:39:46.000000,4602.0,4610.0,4540.0,4540.0,nan,4571.942,90217,4124668680.0,123327,4604.0,161,4602.0,122,4606.0,352,4600.0,257,4608.0,194,4598.0,226,4610.0,820,4596.0,181,4612.0,262,4594.0,162
1597988386622394112,1597988386500000000,2020-08-21 13:39:46.500000,4602.0,4610.0,4540.0,4540.0,nan,4571.942,90218,4124714700.0,123328,4604.0,172,4602.0,121,4606.0,352,4600.0,257,4608.0,194,4598.0,226,4610.0,820,4596.0,181,4612.0,262,4594.0,162
1597988387136271104,1597988387000000000,2020-08-21 13:39:47.000000,4604.0,4610.0,4540.0,4540.0,nan,4571.942,90219,4124760740.0,123329,4604.0,171,4602.0,126,4606.0,352,4600.0,256,4608.0,194,4598.0,203,4610.0,820,4596.0,155,4612.0,262,4594.0,162
1597988387630696960,1597988387500000000,2020-08-21 13:39:47.500000,4602.0,4610.0,4540.0,4540.0,nan,4571.977,90324,4129592840.0,123408,4604.0,162,4602.0,22,4606.0,292,4600.0,236,4608.0,194,4598.0,163,4610.0,827,4596.0,155,4612.0,243,4594.0,143
1597988388123629056,1597988388000000000,2020-08-21 13:39:48.000000,4602.0,4610.0,4540.0,4540.0,nan,4571.985,90347,4130651300.0,123401,4602.0,95,4600.0,178,4604.0,179,4598.0,207,4606.0,272,4596.0,155,4608.0,194,4594.0,143,4610.0,827,4592.0,173
1597988388630091008,1597988388500000000,2020-08-21 13:39:48.500000,4602.0,4610.0,4540.0,4540.0,nan,4571.985,90348,4130697320.0,123402,4602.0,132,4600.0,161,4604.0,200,4598.0,224,4606.0,229,4596.0,155,4608.0,194,4594.0,143,4610.0,846,4592.0,192
1597988389131992064,1597988389000000000,2020-08-21 13:39:49.000000,4602.0,4610.0,4540.0,4540.0,nan,4571.986,90350,4130789360.0,123404,4602.0,138,4600.0,157,4604.0,215,4598.0,268,4606.0,251,4596.0,155,4608.0,194,4594.0,143,4610.0,846,4592.0,192
1597988389612805120,1597988389500000000,2020-08-21 13:39:49.500000,4602.0,4610.0,4540.0,4540.0,nan,4571.986,90350,4130789360.0,123404,4602.0,143,4600.0,174,4604.0,214,4598.0,243,4606.0,228,4596.0,155,4608.0,194,4594.0,143,4610.0,845,4592.0,192
1597988390143017984,1597988390000000000,2020-08-21 13:39:50.000000,4602.0,4610.0,4540.0,4540.0,nan,4571.997,90382,4132262000.0,123436,4602.0,113,4600.0,176,4604.0,215,4598.0,283,4606.0,268,4596.0,155,4608.0,194,4594.0,143,4610.0,845,4592.0,192
1597988390631586048,1597988390500000000,2020-08-21 13:39:50.500000,4602.0,4610.0,4540.0,4540.0,nan,4571.997,90382,4132262000.0,123436,4602.0,91,4600.0,175,4604.0,216,4598.0,283,4606.0,268,4596.0,155,4608.0,194,4594.0,143,4610.0,845,4592.0,192
1597988391128649984,1597988391000000000,2020-08-21 13:39:51.000000,4602.0,4610.0,4540.0,4540.0,nan,4571.997,90382,4132262000.0,123436,4602.0,91,4600.0,175,4604.0,216,4598.0,282,4606.0,268,4596.0,155,4608.0,194,4594.0,143,4610.0,845,4592.0,192
1597988391613977088,1597988391500000000,2020-08-21 13:39:51.500000,4602.0,4610.0,4540.0,4540.0,nan,4571.997,90384,4132354040.0,123438,4602.0,91,4600.0,177,4604.0,236,4598.0,302,4606.0,268,4596.0,155,4608.0,194,4594.0,143,4610.0,845,4592.0,192
1597988392118146048,1597988392000000000,2020-08-21 13:39:52.000000,4602.0,4610.0,4540.0,4540.0,nan,4571.998,90385,4132400060.0,123439,4602.0,92,4600.0,179,4604.0,236,4598.0,302,4606.0,269,4596.0,155,4608.0,194,4594.0,143,4610.0,845,4592.0,192
1597988392614660096,1597988392500000000,2020-08-21 13:39:52.500000,4602.0,4610.0,4540.0,4540.0,nan,4571.998,90385,4132400060.0,123439,4602.0,92,4600.0,180,4604.0,236,4598.0,302,4606.0,269,4596.0,155,4608.0,194,4594.0,143,4610.0,845,4592.0,192
1597988393161464064,1597988393000000000,2020-08-21 13:39:53.000000,4602.0,4610.0,4540.0,4540.0,nan,4571.998,90385,4132400060.0,123439,4602.0,92,4600.0,181,4604.0,236,4598.0,302,4606.0,269,4596.0,174,4608.0,194,4594.0,143,4610.0,845,4592.0,192
1597988393608849920,1597988393500000000,2020-08-21 13:39:53.500000,4602.0,4610.0,4540.0,4540.0,nan,4571.998,90385,4132400060.0,123439,4602.0,92,4600.0,181,4604.0,235,4598.0,302,4606.0,269,4596.0,174,4608.0,195,4594.0,143,4610.0,845,4592.0,192
1597988394114446080,1597988394000000000,2020-08-21 13:39:54.000000,4602.0,4610.0,4540.0,4540.0,nan,4571.998,90386,4132446080.0,123440,4602.0,92,4600.0,180,4604.0,235,4598.0,302,4606.0,269,4596.0,174,4608.0,203,4594.0,143,4610.0,845,4592.0,192
1597988394646637056,1597988394500000000,2020-08-21 13:39:54.500000,4602.0,4610.0,4540.0,4540.0,nan,4571.998,90387,4132492100.0,123441,4602.0,91,4600.0,187,4604.0,235,4598.0,302,4606.0,269,4596.0,174,4608.0,203,4594.0,143,4610.0,851,4592.0,192
1597988395616486912,1597988395500000000,2020-08-21 13:39:55.500000,4602.0,4610.0,4540.0,4540.0,nan,4571.999,90389,4132584140.0,123441,4602.0,89,4600.0,187,4604.0,235,4598.0,301,4606.0,269,4596.0,173,4608.0,203,4594.0,143,4610.0,851,4592.0,192
1597988396133538048,1597988396000000000,2020-08-21 13:39:56.000000,4602.0,4610.0,4540.0,4540.0,nan,4572.001,90395,4132860260.0,123441,4602.0,85,4600.0,187,4604.0,235,4598.0,301,4606.0,269,4596.0,173,4608.0,203,4594.0,143,4610.0,851,4592.0,192
1597988396670886912,1597988396500000000,2020-08-21 13:39:56.500000,4602.0,4610.0,4540.0,4540.0,nan,4572.044,90531,4139116980.0,123506,4602.0,22,4600.0,85,4604.0,236,4598.0,281,4606.0,249,4596.0,173,4608.0,203,4594.0,143,4610.0,832,4592.0,173
1597988397132378880,1597988397000000000,2020-08-21 13:39:57.000000,4602.0,4610.0,4540.0,4540.0,nan,4572.048,90545,4139761260.0,123507,4602.0,40,4600.0,105,4604.0,199,4598.0,221,4606.0,229,4596.0,154,4608.0,203,4594.0,143,4610.0,832,4592.0,173
1597988397621933056,1597988397500000000,2020-08-21 13:39:57.500000,4602.0,4610.0,4540.0,4540.0,nan,4572.048,90545,4139761260.0,123507,4602.0,45,4600.0,124,4604.0,199,4598.0,222,4606.0,230,4596.0,154,4608.0,203,4594.0,143,4610.0,832,4592.0,173
1597988398169588992,1597988398000000000,2020-08-21 13:39:58.000000,4602.0,4610.0,4540.0,4540.0,nan,4572.048,90545,4139761260.0,123507,4602.0,53,4600.0,129,4604.0,216,4598.0,245,4606.0,233,4596.0,159,4608.0,203,4594.0,143,4610.0,851,4592.0,192
1597988398628473088,1597988398500000000,2020-08-21 13:39:58.500000,4602.0,4610.0,4540.0,4540.0,nan,4572.048,90545,4139761260.0,123507,4602.0,56,4600.0,130,4604.0,216,4598.0,222,4606.0,210,4596.0,160,4608.0,203,4594.0,143,4610.0,851,4592.0,192
1597988399127343104,1597988399000000000,2020-08-21 13:39:59.000000,4602.0,4610.0,4540.0,4540.0,nan,4572.048,90545,4139761260.0,123507,4602.0,57,4600.0,130,4604.0,235,4598.0,242,4606.0,229,4596.0,180,4608.0,203,4594.0,143,4610.0,851,4592.0,192
1597988399620517120,1597988399500000000,2020-08-21 13:39:59.500000,4602.0,4610.0,4540.0,4540.0,nan,4572.05,90550,4139991360.0,123507,4602.0,55,4600.0,132,4604.0,255,4598.0,262,4606.0,229,4596.0,180,4608.0,203,4594.0,143,4610.0,851,4592.0,192
1597988400136140032,1597988400000000000,2020-08-21 13:40:00.000000,4602.0,4610.0,4540.0,4540.0,nan,4572.05,90550,4139991360.0,123507,4602.0,55,4600.0,140,4604.0,255,4598.0,262,4606.0,229,4596.0,180,4608.0,203,4594.0,143,4610.0,851,4592.0,192
1597988400640818944,1597988400500000000,2020-08-21 13:40:00.500000,4600.0,4610.0,4540.0,4540.0,nan,4572.051,90553,4140129360.0,123506,4602.0,53,4600.0,137,4604.0,274,4598.0,282,4606.0,229,4596.0,180,4608.0,203,4594.0,143,4610.0,851,4592.0,182
1597988401118012928,1597988401000000000,2020-08-21 13:40:01.000000,4600.0,4610.0,4540.0,4540.0,nan,4572.051,90553,4140129360.0,123506,4602.0,52,4600.0,138,4604.0,274,4598.0,282,4606.0,230,4596.0,180,4608.0,203,4594.0,143,4610.0,851,4592.0,181
1597988401630309888,1597988401500000000,2020-08-21 13:40:01.500000,4600.0,4610.0,4540.0,4540.0,nan,4572.054,90564,4140635360.0,123512,4602.0,54,4600.0,128,4604.0,274,4598.0,283,4606.0,230,4596.0,180,4608.0,203,4594.0,142,4610.0,851,4592.0,181
1597988402149529088,1597988402000000000,2020-08-21 13:40:02.000000,4602.0,4610.0,4540.0,4540.0,nan,4572.055,90566,4140727400.0,123512,4602.0,72,4600.0,128,4604.0,274,4598.0,283,4606.0,230,4596.0,180,4608.0,203,4594.0,142,4610.0,851,4592.0,181
1597988402626180096,1597988402500000000,2020-08-21 13:40:02.500000,4602.0,4610.0,4540.0,4540.0,nan,4572.055,90566,4140727400.0,123512,4602.0,71,4600.0,128,4604.0,224,4598.0,283,4606.0,230,4596.0,180,4608.0,203,4594.0,142,4610.0,851,4592.0,181
1597988403131932928,1597988403000000000,2020-08-21 13:40:03.000000,4602.0,4610.0,4540.0,4540.0,nan,4572.055,90566,4140727400.0,123512,4602.0,122,4600.0,129,4604.0,182,4598.0,283,4606.0,251,4596.0,163,4608.0,202,4594.0,142,4610.0,847,4592.0,178
1597988403629799936,1597988403500000000,2020-08-21 13:40:03.500000,4602.0,4610.0,4540.0,4540.0,nan,4572.062,90586,4141647800.0,123512,4602.0,128,4600.0,127,4604.0,182,4598.0,303,4606.0,271,4596.0,163,4608.0,202,4594.0,141,4610.0,847,4592.0,178
1597988404164807936,1597988404000000000,2020-08-21 13:40:04.000000,4602.0,4610.0,4540.0,4540.0,nan,4572.062,90586,4141647800.0,123512,4602.0,128,4600.0,131,4604.0,221,4598.0,263,4606.0,232,4596.0,203,4608.0,202,4594.0,141,4610.0,847,4592.0,178
1597988404653858048,1597988404500000000,2020-08-21 13:40:04.500000,4602.0,4610.0,4540.0,4540.0,nan,4572.062,90586,4141647800.0,123512,4602.0,128,4600.0,131,4604.0,182,4598.0,303,4606.0,271,4596.0,163,4608.0,202,4594.0,141,4610.0,848,4592.0,178
1597988405133565952,1597988405000000000,2020-08-21 13:40:05.000000,4602.0,4610.0,4540.0,4540.0,nan,4572.062,90588,4141739840.0,123512,4602.0,128,4600.0,133,4604.0,182,4598.0,303,4606.0,271,4596.0,163,4608.0,202,4594.0,141,4610.0,848,4592.0,178
1597988405625835008,1597988405500000000,2020-08-21 13:40:05.500000,4602.0,4610.0,4540.0,4540.0,nan,4572.062,90588,4141739840.0,123512,4602.0,128,4600.0,135,4604.0,182,4598.0,303,4606.0,271,4596.0,163,4608.0,202,4594.0,141,4610.0,848,4592.0,178
1597988406133804032,1597988406000000000,2020-08-21 13:40:06.000000,4602.0,4610.0,4540.0,4540.0,nan,4572.062,90588,4141739840.0,123512,4602.0,129,4600.0,206,4604.0,192,4598.0,303,4606.0,271,4596.0,163,4608.0,202,4594.0,141,4610.0,848,4592.0,178
1597988406629419008,1597988406500000000,2020-08-21 13:40:06.500000,4602.0,4610.0,4540.0,4540.0,nan,4572.062,90588,4141739840.0,123512,4602.0,127,4600.0,207,4604.0,192,4598.0,303,4606.0,271,4596.0,163,4608.0,202,4594.0,141,4610.0,848,4592.0,178
1597988408148382976,1597988408000000000,2020-08-21 13:40:08.000000,4602.0,4610.0,4540.0,4540.0,nan,4572.062,90588,4141739840.0,123512,4602.0,127,4600.0,207,4604.0,192,4598.0,303,4606.0,280,4596.0,163,4608.0,202,4594.0,141,4610.0,848,4592.0,178
1597988408626669056,1597988408500000000,2020-08-21 13:40:08.500000,4600.0,4610.0,4540.0,4540.0,nan,4572.064,90593,4141969840.0,123512,4602.0,127,4600.0,202,4604.0,192,4598.0,303,4606.0,280,4596.0,162,4608.0,201,4594.0,141,4610.0,848,4592.0,178
1597988409126640128,1597988409000000000,2020-08-21 13:40:09.000000,4600.0,4610.0,4540.0,4540.0,nan,4572.064,90593,4141969840.0,123512,4602.0,125,4600.0,206,4604.0,191,4598.0,303,4606.0,280,4596.0,162,4608.0,201,4594.0,141,4610.0,848,4592.0,178
1597988409627757056,1597988409500000000,2020-08-21 13:40:09.500000,4600.0,4610.0,4540.0,4540.0,nan,4572.064,90593,4141969840.0,123512,4602.0,126,4600.0,208,4604.0,191,4598.0,303,4606.0,280,4596.0,162,4608.0,201,4594.0,141,4610.0,848,4592.0,178
1597988410111831040,1597988410000000000,2020-08-21 13:40:10.000000,4600.0,4610.0,4540.0,4540.0,nan,4572.064,90593,4141969840.0,123512,4602.0,131,4600.0,208,4604.0,191,4598.0,303,4606.0,280,4596.0,157,4608.0,201,4594.0,141,4610.0,848,4592.0,178
1597988411121906944,1597988411000000000,2020-08-21 13:40:11.000000,4600.0,4610.0,4540.0,4540.0,nan,4572.064,90593,4141969840.0,123512,4602.0,131,4600.0,209,4604.0,191,4598.0,303,4606.0,280,4596.0,157,4608.0,201,4594.0,141,4610.0,848,4592.0,178
1597988411639375104,1597988411500000000,2020-08-21 13:40:11.500000,4600.0,4610.0,4540.0,4540.0,nan,4572.065,90596,4142107880.0,123510,4602.0,129,4600.0,208,4604.0,190,4598.0,303,4606.0,280,4596.0,157,4608.0,201,4594.0,141,4610.0,848,4592.0,178
1597988412116110080,1597988412000000000,2020-08-21 13:40:12.000000,4600.0,4610.0,4540.0,4540.0,nan,4572.065,90596,4142107880.0,123510,4602.0,129,4600.0,213,4604.0,190,4598.0,303,4606.0,280,4596.0,157,4608.0,201,4594.0,141,4610.0,848,4592.0,178
1597988412658855936,1597988412500000000,2020-08-21 13:40:12.500000,4600.0,4610.0,4540.0,4540.0,nan,4572.065,90596,4142107880.0,123510,4602.0,129,4600.0,213,4604.0,190,4598.0,303,4606.0,279,4596.0,157,4608.0,201,4594.0,141,4610.0,848,4592.0,178
1597988413667714048,1597988413500000000,2020-08-21 13:40:13.500000,4602.0,4610.0,4540.0,4540.0,nan,4572.077,90633,4143810620.0,123525,4602.0,92,4600.0,202,4604.0,190,4598.0,243,4606.0,219,4596.0,157,4608.0,201,4594.0,141,4610.0,829,4592.0,159
1597988414125390080,1597988414000000000,2020-08-21 13:40:14.000000,4602.0,4610.0,4540.0,4540.0,nan,4572.077,90634,4143856640.0,123524,4602.0,72,4600.0,208,4604.0,190,4598.0,223,4606.0,200,4596.0,157,4608.0,201,4594.0,141,4610.0,834,4592.0,159
1597988414652756992,1597988414500000000,2020-08-21 13:40:14.500000,4600.0,4610.0,4540.0,4540.0,nan,4572.079,90639,4144086660.0,123523,4602.0,76,4600.0,229,4604.0,190,4598.0,223,4606.0,240,4596.0,176,4608.0,197,4594.0,141,4610.0,853,4592.0,178
1597988415141880064,1597988415000000000,2020-08-21 13:40:15.000000,4602.0,4610.0,4540.0,4540.0,nan,4572.079,90640,4144132680.0,123522,4602.0,79,4600.0,232,4604.0,170,4598.0,243,4606.0,259,4596.0,176,4608.0,217,4594.0,141,4610.0,853,4592.0,178
1597988415682742016,1597988415500000000,2020-08-21 13:40:15.500000,4602.0,4610.0,4540.0,4540.0,nan,4572.08,90641,4144178700.0,123521,4602.0,78,4600.0,213,4604.0,170,4598.0,243,4606.0,239,4596.0,156,4608.0,197,4594.0,141,4610.0,853,4592.0,178
1597988416137531904,1597988416000000000,2020-08-21 13:40:16.000000,4602.0,4610.0,4540.0,4540.0,nan,4572.08,90641,4144178700.0,123521,4602.0,81,4600.0,237,4604.0,170,4598.0,283,4606.0,279,4596.0,156,4608.0,217,4594.0,141,4610.0,853,4592.0,178
1597988416625786880,1597988416500000000,2020-08-21 13:40:16.500000,4600.0,4610.0,4540.0,4540.0,nan,4572.081,90646,4144408700.0,123521,4602.0,81,4600.0,230,4604.0,170,4598.0,283,4606.0,299,4596.0,156,4608.0,197,4594.0,141,4610.0,853,4592.0,178
1597988417147938048,1597988417000000000,2020-08-21 13:40:17.000000,4600.0,4610.0,4540.0,4540.0,nan,4572.081,90646,4144408700.0,123521,4602.0,80,4600.0,232,4604.0,170,4598.0,283,4606.0,299,4596.0,156,4608.0,197,4594.0,141,4610.0,853,4592.0,178
1597988417647598080,1597988417500000000,2020-08-21 13:40:17.500000,4602.0,4610.0,4540.0,4540.0,nan,4572.082,90647,4144454720.0,123521,4602.0,80,4600.0,234,4604.0,170,4598.0,283,4606.0,299,4596.0,156,4608.0,198,4594.0,141,4610.0,853,4592.0,178
1597988418140550912,1597988418000000000,2020-08-21 13:40:18.000000,4602.0,4610.0,4540.0,4540.0,nan,4572.082,90647,4144454720.0,123521,4602.0,79,4600.0,234,4604.0,170,4598.0,283,4606.0,299,4596.0,156,4608.0,198,4594.0,141,4610.0,853,4592.0,178
1597988418631478016,1597988418500000000,2020-08-21 13:40:18.500000,4602.0,4610.0,4540.0,4540.0,nan,4572.082,90647,4144454720.0,123521,4602.0,80,4600.0,235,4604.0,170,4598.0,283,4606.0,299,4596.0,156,4608.0,198,4594.0,149,4610.0,853,4592.0,178
1597988419137676032,1597988419000000000,2020-08-21 13:40:19.000000,4602.0,4610.0,4540.0,4540.0,nan,4572.082,90647,4144454720.0,123521,4602.0,81,4600.0,235,4604.0,170,4598.0,283,4606.0,318,4596.0,156,4608.0,198,4594.0,149,4610.0,853,4592.0,178
1597988419649952000,1597988419500000000,2020-08-21 13:40:19.500000,4602.0,4610.0,4540.0,4540.0,nan,4572.082,90647,4144454720.0,123521,4602.0,81,4600.0,235,4604.0,170,4598.0,283,4606.0,318,4596.0,156,4608.0,198,4594.0,149,4610.0,853,4592.0,128
1597988420115731968,1597988420000000000,2020-08-21 13:40:20.000000,4602.0,4610.0,4540.0,4540.0,nan,4572.083,90652,4144684820.0,123521,4602.0,76,4600.0,235,4604.0,170,4598.0,283,4606.0,318,4596.0,156,4608.0,198,4594.0,149,4610.0,853,4592.0,128
1597988420681317888,1597988420500000000,2020-08-21 13:40:20.500000,4602.0,4610.0,4540.0,4540.0,nan,4572.084,90654,4144776860.0,123519,4602.0,73,4600.0,239,4604.0,170,4598.0,282,4606.0,318,4596.0,156,4608.0,198,4594.0,149,4610.0,853,4592.0,128
1597988421116505088,1597988421000000000,2020-08-21 13:40:21.000000,4602.0,4610.0,4540.0,4540.0,nan,4572.084,90654,4144776860.0,123519,4602.0,73,4600.0,239,4604.0,170,4598.0,282,4606.0,319,4596.0,156,4608.0,214,4594.0,149,4610.0,853,4592.0,128
1597988421633146880,1597988421500000000,2020-08-21 13:40:21.500000,4602.0,4610.0,4540.0,4540.0,nan,4572.084,90654,4144776860.0,123519,4602.0,73,4600.0,239,4604.0,170,4598.0,282,4606.0,320,4596.0,156,4608.0,214,4594.0,149,4610.0,853,4592.0,128
1597988422117494016,1597988422000000000,2020-08-21 13:40:22.000000,4602.0,4610.0,4540.0,4540.0,nan,4572.087,90663,4145191040.0,123519,4602.0,64,4600.0,239,4604.0,170,4598.0,282,4606.0,320,4596.0,156,4608.0,214,4594.0,149,4610.0,853,4592.0,128
1597988422646797056,1597988422500000000,2020-08-21 13:40:22.500000,4602.0,4610.0,4540.0,4540.0,nan,4572.108,90727,4148136320.0,123473,4604.0,130,4602.0,28,4606.0,281,4600.0,230,4608.0,234,4598.0,222,4610.0,834,4596.0,156,4612.0,244,4594.0,145
1597988423124588032,1597988423000000000,2020-08-21 13:40:23.000000,4602.0,4610.0,4540.0,4540.0,nan,4572.146,90843,4153474660.0,123519,4604.0,129,4602.0,9,4606.0,285,4600.0,135,4608.0,253,4598.0,225,4610.0,834,4596.0,156,4612.0,244,4594.0,147
1597988423627579904,1597988423500000000,2020-08-21 13:40:23.500000,4602.0,4610.0,4540.0,4540.0,nan,4572.151,90858,4154164960.0,123519,4602.0,37,4600.0,136,4604.0,146,4598.0,162,4606.0,242,4596.0,156,4608.0,214,4594.0,147,4610.0,835,4592.0,109
1597988424163407104,1597988424000000000,2020-08-21 13:40:24.000000,4602.0,4610.0,4540.0,4540.0,nan,4572.153,90865,4154487100.0,123518,4602.0,1,4600.0,162,4604.0,164,4598.0,202,4606.0,261,4596.0,156,4608.0,214,4594.0,147,4610.0,835,4592.0,109
1597988424637957888,1597988424500000000,2020-08-21 13:40:24.500000,4602.0,4610.0,4540.0,4540.0,nan,4572.16,90885,4155407500.0,123521,4602.0,3,4600.0,198,4604.0,125,4598.0,205,4606.0,282,4596.0,153,4608.0,213,4594.0,147,4610.0,854,4592.0,128
1597988425141135104,1597988425000000000,2020-08-21 13:40:25.000000,4604.0,4610.0,4540.0,4540.0,nan,4572.161,90889,4155591600.0,123523,4604.0,126,4602.0,41,4606.0,262,4600.0,179,4608.0,213,4598.0,205,4610.0,835,4596.0,155,4612.0,244,4594.0,147
1597988425619971072,1597988425500000000,2020-08-21 13:40:25.500000,4602.0,4610.0,4540.0,4540.0,nan,4572.164,90896,4155913740.0,123528,4604.0,125,4602.0,65,4606.0,305,4600.0,174,4608.0,213,4598.0,228,4610.0,835,4596.0,155,4612.0,244,4594.0,147
1597988426186355968,1597988426000000000,2020-08-21 13:40:26.000000,4604.0,4610.0,4540.0,4540.0,nan,4572.164,90897,4155959780.0,123528,4604.0,129,4602.0,77,4606.0,302,4600.0,172,4608.0,233,4598.0,244,4610.0,835,4596.0,155,4612.0,263,4594.0,166
1597988426785413120,1597988426500000000,2020-08-21 13:40:26.500000,4604.0,4610.0,4540.0,4540.0,nan,4572.164,90897,4155959780.0,123528,4604.0,129,4602.0,78,4606.0,342,4600.0,212,4608.0,233,4598.0,246,4610.0,835,4596.0,155,4612.0,263,4594.0,166
1597988427164482048,1597988427000000000,2020-08-21 13:40:27.000000,4604.0,4610.0,4540.0,4540.0,nan,4572.164,90897,4155959780.0,123528,4604.0,130,4602.0,80,4606.0,342,4600.0,212,4608.0,233,4598.0,247,4610.0,835,4596.0,155,4612.0,268,4594.0,166
1597988427621320960,1597988427500000000,2020-08-21 13:40:27.500000,4602.0,4610.0,4540.0,4540.0,nan,4572.164,90898,4156005800.0,123528,4604.0,120,4602.0,84,4606.0,342,4600.0,212,4608.0,233,4598.0,247,4610.0,835,4596.0,155,4612.0,268,4594.0,166
1597988428121255936,1597988428000000000,2020-08-21 13:40:28.000000,4602.0,4610.0,4540.0,4540.0,nan,4572.165,90900,4156097840.0,123529,4604.0,119,4602.0,82,4606.0,343,4600.0,234,4608.0,233,4598.0,227,4610.0,835,4596.0,155,4612.0,268,4594.0,166
1597988428608552960,1597988428500000000,2020-08-21 13:40:28.500000,4602.0,4610.0,4540.0,4540.0,nan,4572.166,90903,4156235920.0,123529,4604.0,119,4602.0,83,4606.0,343,4600.0,252,4608.0,233,4598.0,207,4610.0,835,4596.0,155,4612.0,268,4594.0,166
1597988429125295104,1597988429000000000,2020-08-21 13:40:29.000000,4604.0,4610.0,4540.0,4540.0,nan,4572.167,90906,4156374040.0,123532,4604.0,116,4602.0,82,4606.0,343,4600.0,252,4608.0,233,4598.0,207,4610.0,835,4596.0,155,4612.0,268,4594.0,166
1597988429624061952,1597988429500000000,2020-08-21 13:40:29.500000,4604.0,4610.0,4540.0,4540.0,nan,4572.167,90906,4156374040.0,123532,4604.0,115,4602.0,87,4606.0,343,4600.0,252,4608.0,233,4598.0,207,4610.0,835,4596.0,155,4612.0,268,4594.0,166
1597988430137943040,1597988430000000000,2020-08-21 13:40:30.000000,4604.0,4610.0,4540.0,4540.0,nan,4572.167,90906,4156374040.0,123532,4604.0,117,4602.0,89,4606.0,343,4600.0,253,4608.0,252,4598.0,207,4610.0,835,4596.0,155,4612.0,268,4594.0,166
1597988430632977920,1597988430500000000,2020-08-21 13:40:30.500000,4602.0,4610.0,4540.0,4540.0,nan,4572.174,90927,4157340460.0,123532,4604.0,118,4602.0,100,4606.0,343,4600.0,251,4608.0,252,4598.0,207,4610.0,835,4596.0,155,4612.0,268,4594.0,166
1597988431113396992,1597988431000000000,2020-08-21 13:40:31.000000,4602.0,4610.0,4540.0,4540.0,nan,4572.19,90976,4159595460.0,123501,4604.0,106,4602.0,57,4606.0,283,4600.0,231,4608.0,252,4598.0,167,4610.0,835,4596.0,155,4612.0,249,4594.0,147
1597988431633746944,1597988431500000000,2020-08-21 13:40:31.500000,4604.0,4610.0,4540.0,4540.0,nan,4572.19,90977,4159641500.0,123502,4604.0,162,4602.0,60,4606.0,283,4600.0,211,4608.0,213,4598.0,168,4610.0,835,4596.0,155,4612.0,249,4594.0,147
1597988432127456000,1597988432000000000,2020-08-21 13:40:32.000000,4604.0,4610.0,4540.0,4540.0,nan,4572.19,90977,4159641500.0,123502,4604.0,169,4602.0,65,4606.0,323,4600.0,191,4608.0,213,4598.0,228,4610.0,835,4596.0,155,4612.0,249,4594.0,147
1597988432615144960,1597988432500000000,2020-08-21 13:40:32.500000,4604.0,4610.0,4540.0,4540.0,nan,4572.191,90978,4159687540.0,123503,4604.0,170,4602.0,88,4606.0,323,4600.0,191,4608.0,213,4598.0,228,4610.0,835,4596.0,155,4612.0,268,4594.0,166
1597988433116744960,1597988433000000000,2020-08-21 13:40:33.000000,4602.0,4610.0,4540.0,4540.0,nan,4572.191,90979,4159733560.0,123503,4604.0,169,4602.0,90,4606.0,343,4600.0,211,4608.0,213,4598.0,227,4610.0,835,4596.0,155,4612.0,268,4594.0,166
1597988433799272960,1597988433500000000,2020-08-21 13:40:33.500000,4602.0,4610.0,4540.0,4540.0,nan,4572.197,90999,4160653960.0,123494,4604.0,169,4602.0,71,4606.0,363,4600.0,211,4608.0,213,4598.0,247,4610.0,835,4596.0,155,4612.0,268,4594.0,166
1597988434118144000,1597988434000000000,2020-08-21 13:40:34.000000,4604.0,4610.0,4540.0,4540.0,nan,4572.198,91001,4160746040.0,123496,4604.0,168,4602.0,77,4606.0,363,4600.0,211,4608.0,212,4598.0,247,4610.0,834,4596.0,155,4612.0,268,4594.0,166
1597988434629938944,1597988434500000000,2020-08-21 13:40:34.500000,4604.0,4610.0,4540.0,4540.0,nan,4572.198,91001,4160746040.0,123496,4604.0,171,4602.0,79,4606.0,363,4600.0,211,4608.0,212,4598.0,247,4610.0,834,4596.0,155,4612.0,268,4594.0,166
