local_nano_time,quote_nano_time,datetime,last_price,highest,lowest,open,close,average,volume,amount,open_interest,ask_price1,ask_volume1,bid_price1,bid_volume1,ask_price2,ask_volume2,bid_price2,bid_volume2,ask_price3,ask_volume3,bid_price3,bid_volume3,ask_price4,ask_volume4,bid_price4,bid_volume4,ask_price5,ask_volume5,bid_price5,bid_volume5
1597989945628897024,1597989945500000000,2020-08-21 14:05:45.500000,4083.0,4083.0,4037.0,4037.0,nan,4055.571429,7,283890.0,11,4084.0,1,4083.0,1,4098.0,1,4046.0,1,4190.0,1,4045.0,1,nan,0,4004.0,1,nan,0,3919.0,1
1597989950614427904,1597989950500000000,2020-08-21 14:05:50.500000,4083.0,4083.0,4037.0,4037.0,nan,4059.0,8,324720.0,12,4084.0,1,4046.0,1,4098.0,1,4045.0,1,4190.0,1,4004.0,1,nan,0,3919.0,1,nan,0,3900.0,1
1597989955140740096,1597989955000000000,2020-08-21 14:05:55.000000,4083.0,4083.0,4037.0,4037.0,nan,4059.0,8,324720.0,12,4083.0,1,4046.0,1,4084.0,1,4045.0,1,4098.0,1,4004.0,1,4190.0,1,3919.0,1,nan,0,3900.0,1
1597989960639385088,1597989960500000000,2020-08-21 14:06:00.500000,4083.0,4083.0,4037.0,4037.0,nan,4059.0,8,324720.0,12,4083.0,1,4046.0,2,4084.0,1,4045.0,1,4098.0,1,4004.0,1,4190.0,1,3919.0,1,nan,0,3900.0,1
1597989967624519936,1597989967500000000,2020-08-21 14:06:07.500000,4083.0,4083.0,4037.0,4037.0,nan,4059.0,8,324720.0,12,4083.0,1,4047.0,2,4084.0,1,4046.0,2,4098.0,1,4004.0,1,4190.0,1,3919.0,1,nan,0,3900.0,1
1597989973145094912,1597989973000000000,2020-08-21 14:06:13.000000,4083.0,4083.0,4037.0,4037.0,nan,4059.0,8,324720.0,12,4083.0,1,4047.0,2,4084.0,1,4046.0,1,4098.0,1,4004.0,1,4190.0,1,3919.0,1,nan,0,3900.0,1
1597989976611549952,1597989976500000000,2020-08-21 14:06:16.500000,4083.0,4083.0,4037.0,4037.0,nan,4059.0,8,324720.0,12,4083.0,1,4048.0,2,4084.0,1,4047.0,2,4098.0,1,4046.0,1,4190.0,1,4004.0,1,nan,0,3919.0,1
1597989978126214912,1597989978000000000,2020-08-21 14:06:18.000000,4083.0,4083.0,4037.0,4037.0,nan,4059.0,8,324720.0,12,4083.0,1,4050.0,1,4084.0,1,4048.0,2,4098.0,1,4047.0,2,4190.0,1,4046.0,1,nan,0,4004.0,1
1597989982621038080,1597989982500000000,2020-08-21 14:06:22.500000,4083.0,4083.0,4037.0,4037.0,nan,4059.0,8,324720.0,12,4083.0,1,4050.0,1,4084.0,1,4047.0,2,4098.0,1,4046.0,1,4190.0,1,4004.0,1,nan,0,3919.0,1
1597989985636273920,1597989985500000000,2020-08-21 14:06:25.500000,4083.0,4083.0,4037.0,4037.0,nan,4059.0,8,324720.0,12,4083.0,1,4051.0,2,4084.0,1,4050.0,1,4098.0,1,4046.0,1,4190.0,1,4004.0,1,nan,0,3919.0,1
1597989990170625024,1597989990000000000,2020-08-21 14:06:30.000000,4083.0,4083.0,4037.0,4037.0,nan,4059.0,8,324720.0,12,4083.0,1,4051.0,2,4084.0,1,4046.0,1,4098.0,1,4004.0,1,4190.0,1,3919.0,1,nan,0,3900.0,1
1597989990638726912,1597989990500000000,2020-08-21 14:06:30.500000,4083.0,4083.0,4037.0,4037.0,nan,4059.0,8,324720.0,12,4083.0,1,4052.0,1,4084.0,1,4051.0,2,4098.0,1,4046.0,1,4190.0,1,4004.0,1,nan,0,3919.0,1
1597989993144602112,1597989993000000000,2020-08-21 14:06:33.000000,4083.0,4083.0,4037.0,4037.0,nan,4059.0,8,324720.0,12,4083.0,1,4053.0,2,4084.0,1,4052.0,1,4098.0,1,4046.0,1,4190.0,1,4004.0,1,nan,0,3919.0,1
1597989998614914048,1597989998500000000,2020-08-21 14:06:38.500000,4083.0,4083.0,4037.0,4037.0,nan,4059.0,8,324720.0,12,4083.0,1,4059.0,1,4084.0,1,4053.0,2,4098.0,1,4046.0,1,4190.0,1,4004.0,1,nan,0,3919.0,1
1597989999619422976,1597989999500000000,2020-08-21 14:06:39.500000,4083.0,4083.0,4037.0,4037.0,nan,4059.0,8,324720.0,12,4083.0,1,4060.0,2,4084.0,1,4059.0,1,4098.0,1,4046.0,1,4190.0,1,4004.0,1,nan,0,3919.0,1
1597990020653061120,1597990020500000000,2020-08-21 14:07:00.500000,4083.0,4083.0,4037.0,4037.0,nan,4059.0,8,324720.0,12,4083.0,1,4067.0,1,4084.0,1,4060.0,2,4098.0,1,4046.0,1,4190.0,1,4004.0,1,nan,0,3919.0,1
1597990024139130112,1597990024000000000,2020-08-21 14:07:04.000000,4083.0,4083.0,4037.0,4037.0,nan,4059.0,8,324720.0,12,4084.0,1,4067.0,1,4098.0,1,4060.0,2,4190.0,1,4046.0,1,nan,0,4004.0,1,nan,0,3919.0,1
1597990026178870016,1597990026000000000,2020-08-21 14:07:06.000000,4083.0,4083.0,4037.0,4037.0,nan,4059.0,8,324720.0,12,4084.0,1,4067.0,1,4098.0,1,4046.0,1,4190.0,1,4004.0,1,nan,0,3919.0,1,nan,0,3900.0,1
1597990029672854016,1597990029500000000,2020-08-21 14:07:09.500000,4083.0,4083.0,4037.0,4037.0,nan,4059.0,8,324720.0,12,4083.0,1,4067.0,1,4084.0,1,4046.0,1,4098.0,1,4004.0,1,4190.0,1,3919.0,1,nan,0,3900.0,1
1597990030648449024,1597990030500000000,2020-08-21 14:07:10.500000,4083.0,4083.0,4037.0,4037.0,nan,4059.0,8,324720.0,12,4083.0,1,4067.0,1,4098.0,1,4046.0,1,4099.0,1,4004.0,1,4190.0,1,3919.0,1,nan,0,3900.0,1
1597990217637560064,1597990217500000000,2020-08-21 14:10:17.500000,4083.0,4083.0,4037.0,4037.0,nan,4059.0,8,324720.0,12,4083.0,1,4067.0,1,4096.0,1,4046.0,1,4098.0,1,4004.0,1,4190.0,1,3919.0,1,nan,0,3900.0,1
1597990275125509120,1597990275000000000,2020-08-21 14:11:15.000000,4083.0,4083.0,4037.0,4037.0,nan,4059.0,8,324720.0,12,4096.0,1,4067.0,1,4098.0,1,4046.0,1,4190.0,1,4004.0,1,nan,0,3919.0,1,nan,0,3900.0,1
1597990275641342976,1597990275500000000,2020-08-21 14:11:15.500000,4083.0,4083.0,4037.0,4037.0,nan,4059.0,8,324720.0,12,4095.0,1,4067.0,1,4096.0,1,4046.0,1,4098.0,1,4004.0,1,4190.0,1,3919.0,1,nan,0,3900.0,1
1597990278127845888,1597990278000000000,2020-08-21 14:11:18.000000,4083.0,4083.0,4037.0,4037.0,nan,4059.0,8,324720.0,12,4094.0,1,4067.0,1,4095.0,1,4046.0,1,4096.0,1,4004.0,1,4098.0,1,3919.0,1,4190.0,1,3900.0,1
1597990278624694016,1597990278500000000,2020-08-21 14:11:18.500000,4083.0,4083.0,4037.0,4037.0,nan,4059.0,8,324720.0,12,4093.0,1,4067.0,1,4094.0,1,4046.0,1,4096.0,1,4004.0,1,4098.0,1,3919.0,1,4190.0,1,3900.0,1
1597990286612656128,1597990286500000000,2020-08-21 14:11:26.500000,4083.0,4083.0,4037.0,4037.0,nan,4059.0,8,324720.0,12,4093.0,1,4067.0,1,4094.0,1,4046.0,1,4098.0,1,4004.0,1,4190.0,1,3919.0,1,nan,0,3900.0,1
1597990287141992960,1597990287000000000,2020-08-21 14:11:27.000000,4083.0,4083.0,4037.0,4037.0,nan,4059.0,8,324720.0,12,4092.0,1,4067.0,1,4093.0,1,4046.0,1,4094.0,1,4004.0,1,4098.0,1,3919.0,1,4190.0,1,3900.0,1
1597990287612305920,1597990287500000000,2020-08-21 14:11:27.500000,4083.0,4083.0,4037.0,4037.0,nan,4059.0,8,324720.0,12,4091.0,1,4067.0,1,4092.0,1,4046.0,1,4094.0,1,4004.0,1,4098.0,1,3919.0,1,4190.0,1,3900.0,1
1597990291125582080,1597990291000000000,2020-08-21 14:11:31.000000,4083.0,4083.0,4037.0,4037.0,nan,4059.0,8,324720.0,12,4091.0,1,4067.0,1,4094.0,1,4046.0,1,4098.0,1,4004.0,1,4190.0,1,3919.0,1,nan,0,3900.0,1
1597990291619390976,1597990291500000000,2020-08-21 14:11:31.500000,4083.0,4083.0,4037.0,4037.0,nan,4059.0,8,324720.0,12,4090.0,1,4067.0,1,4091.0,1,4046.0,1,4094.0,1,4004.0,1,4098.0,1,3919.0,1,4190.0,1,3900.0,1
1597990292148505088,1597990292000000000,2020-08-21 14:11:32.000000,4083.0,4083.0,4037.0,4037.0,nan,4059.0,8,324720.0,12,4090.0,1,4067.0,1,4094.0,1,4046.0,1,4098.0,1,4004.0,1,4190.0,1,3919.0,1,nan,0,3900.0,1
1597990297668161024,1597990297500000000,2020-08-21 14:11:37.500000,4083.0,4083.0,4037.0,4037.0,nan,4059.0,8,324720.0,12,4089.0,1,4067.0,1,4090.0,1,4046.0,1,4098.0,1,4004.0,1,4190.0,1,3919.0,1,nan,0,3900.0,1
1597990299628531968,1597990299500000000,2020-08-21 14:11:39.500000,4083.0,4083.0,4037.0,4037.0,nan,4059.0,8,324720.0,12,4089.0,1,4067.0,1,4098.0,1,4046.0,1,4190.0,1,4004.0,1,nan,0,3919.0,1,nan,0,3900.0,1
1597990300137415936,1597990300000000000,2020-08-21 14:11:40.000000,4083.0,4083.0,4037.0,4037.0,nan,4059.0,8,324720.0,12,4089.0,1,4067.0,1,4097.0,1,4046.0,1,4098.0,1,4004.0,1,4190.0,1,3919.0,1,nan,0,3900.0,1
1597990323149744128,1597990323000000000,2020-08-21 14:12:03.000000,4083.0,4083.0,4037.0,4037.0,nan,4059.0,8,324720.0,12,4089.0,1,4046.0,1,4097.0,1,4004.0,1,4098.0,1,3919.0,1,4190.0,1,3900.0,1,nan,0,3888.0,1
1597990325648794880,1597990325500000000,2020-08-21 14:12:05.500000,4083.0,4083.0,4037.0,4037.0,nan,4059.0,8,324720.0,12,4089.0,1,4047.0,1,4097.0,1,4046.0,1,4098.0,1,4004.0,1,4190.0,1,3919.0,1,nan,0,3900.0,1
1597990332228528896,1597990332000000000,2020-08-21 14:12:12.000000,4083.0,4083.0,4037.0,4037.0,nan,4059.0,8,324720.0,12,4089.0,1,4047.0,1,4097.0,1,4004.0,1,4098.0,1,3919.0,1,4190.0,1,3900.0,1,nan,0,3888.0,1
1597990332626746112,1597990332500000000,2020-08-21 14:12:12.500000,4083.0,4083.0,4037.0,4037.0,nan,4059.0,8,324720.0,12,4089.0,1,4048.0,1,4097.0,1,4047.0,1,4098.0,1,4004.0,1,4190.0,1,3919.0,1,nan,0,3900.0,1
1597990356621489920,1597990356500000000,2020-08-21 14:12:36.500000,4083.0,4083.0,4037.0,4037.0,nan,4059.0,8,324720.0,12,4089.0,1,4049.0,2,4097.0,1,4048.0,1,4098.0,1,4004.0,1,4190.0,1,3919.0,1,nan,0,3900.0,1
1597990358632344064,1597990358500000000,2020-08-21 14:12:38.500000,4083.0,4083.0,4037.0,4037.0,nan,4059.0,8,324720.0,12,4089.0,1,4050.0,1,4097.0,1,4049.0,2,4098.0,1,4004.0,1,4190.0,1,3919.0,1,nan,0,3900.0,1
1597990365149806080,1597990365000000000,2020-08-21 14:12:45.000000,4083.0,4083.0,4037.0,4037.0,nan,4059.0,8,324720.0,12,4089.0,1,4050.0,1,4097.0,1,4004.0,1,4098.0,1,3919.0,1,4190.0,1,3900.0,1,nan,0,3888.0,1
1597990365624590080,1597990365500000000,2020-08-21 14:12:45.500000,4083.0,4083.0,4037.0,4037.0,nan,4059.0,8,324720.0,12,4089.0,1,4051.0,2,4097.0,1,4050.0,1,4098.0,1,4004.0,1,4190.0,1,3919.0,1,nan,0,3900.0,1
1597990369136954112,1597990369000000000,2020-08-21 14:12:49.000000,4083.0,4083.0,4037.0,4037.0,nan,4059.0,8,324720.0,12,4089.0,1,4052.0,1,4097.0,1,4051.0,2,4098.0,1,4004.0,1,4190.0,1,3919.0,1,nan,0,3900.0,1
1597990372135212032,1597990372000000000,2020-08-21 14:12:52.000000,4083.0,4083.0,4037.0,4037.0,nan,4059.0,8,324720.0,12,4089.0,1,4053.0,2,4097.0,1,4052.0,1,4098.0,1,4004.0,1,4190.0,1,3919.0,1,nan,0,3900.0,1
1597990374143622912,1597990374000000000,2020-08-21 14:12:54.000000,4083.0,4083.0,4037.0,4037.0,nan,4059.0,8,324720.0,12,4089.0,1,4054.0,1,4097.0,1,4053.0,2,4098.0,1,4004.0,1,4190.0,1,3919.0,1,nan,0,3900.0,1
1597990379615376896,1597990379500000000,2020-08-21 14:12:59.500000,4083.0,4083.0,4037.0,4037.0,nan,4059.0,8,324720.0,12,4089.0,1,4055.0,2,4097.0,1,4054.0,1,4098.0,1,4004.0,1,4190.0,1,3919.0,1,nan,0,3900.0,1
1597990381142659072,1597990381000000000,2020-08-21 14:13:01.000000,4083.0,4083.0,4037.0,4037.0,nan,4059.0,8,324720.0,12,4089.0,1,4056.0,1,4097.0,1,4055.0,2,4098.0,1,4004.0,1,4190.0,1,3919.0,1,nan,0,3900.0,1
1597990385643533056,1597990385500000000,2020-08-21 14:13:05.500000,4083.0,4083.0,4037.0,4037.0,nan,4059.0,8,324720.0,12,4089.0,1,4057.0,1,4097.0,1,4056.0,1,4098.0,1,4004.0,1,4190.0,1,3919.0,1,nan,0,3900.0,1
1597990388194663936,1597990388000000000,2020-08-21 14:13:08.000000,4083.0,4083.0,4037.0,4037.0,nan,4059.0,8,324720.0,12,4089.0,1,4058.0,1,4097.0,1,4057.0,1,4098.0,1,4004.0,1,4190.0,1,3919.0,1,nan,0,3900.0,1
1597990394145123072,1597990394000000000,2020-08-21 14:13:14.000000,4083.0,4083.0,4037.0,4037.0,nan,4059.0,8,324720.0,12,4089.0,1,4059.0,1,4097.0,1,4058.0,1,4098.0,1,4004.0,1,4190.0,1,3919.0,1,nan,0,3900.0,1
1597990395621413888,1597990395500000000,2020-08-21 14:13:15.500000,4083.0,4083.0,4037.0,4037.0,nan,4059.0,8,324720.0,12,4089.0,1,4060.0,1,4097.0,1,4059.0,1,4098.0,1,4004.0,1,4190.0,1,3919.0,1,nan,0,3900.0,1
1597990443631013888,1597990443500000000,2020-08-21 14:14:03.500000,4060.0,4083.0,4037.0,4037.0,nan,4059.111111,9,365320.0,11,4089.0,1,4059.0,1,4097.0,1,4004.0,1,4098.0,1,3919.0,1,4190.0,1,3900.0,1,nan,0,3888.0,1
1597990452234990080,1597990452000000000,2020-08-21 14:14:12.000000,4060.0,4083.0,4037.0,4037.0,nan,4059.111111,9,365320.0,11,4089.0,1,4059.0,1,4097.0,1,3919.0,1,4098.0,1,3900.0,1,4190.0,1,3888.0,1,nan,0,3813.0,1
1597990452628977920,1597990452500000000,2020-08-21 14:14:12.500000,4060.0,4083.0,4037.0,4037.0,nan,4059.111111,9,365320.0,11,4089.0,1,4060.0,1,4097.0,1,4059.0,1,4098.0,1,3919.0,1,4190.0,1,3900.0,1,nan,0,3888.0,1
1597990456140718080,1597990456000000000,2020-08-21 14:14:16.000000,4060.0,4083.0,4037.0,4037.0,nan,4059.111111,9,365320.0,11,4089.0,1,4065.0,1,4097.0,1,4060.0,1,4098.0,1,4059.0,1,4190.0,1,3919.0,1,nan,0,3900.0,1
1597990465637395968,1597990465500000000,2020-08-21 14:14:25.500000,4065.0,4083.0,4037.0,4037.0,nan,4059.7,10,405970.0,10,4089.0,1,4060.0,1,4097.0,1,4059.0,1,4098.0,1,3919.0,1,4190.0,1,3900.0,1,nan,0,3888.0,1
1597990477636312064,1597990477500000000,2020-08-21 14:14:37.500000,4065.0,4083.0,4037.0,4037.0,nan,4059.7,10,405970.0,10,4089.0,1,4060.0,1,4097.0,1,3919.0,1,4098.0,1,3900.0,1,4190.0,1,3888.0,1,nan,0,3813.0,1
1597990478633882880,1597990478500000000,2020-08-21 14:14:38.500000,4065.0,4083.0,4037.0,4037.0,nan,4059.7,10,405970.0,10,4088.0,1,4060.0,1,4097.0,1,3919.0,1,4098.0,1,3900.0,1,4190.0,1,3888.0,1,nan,0,3813.0,1
1597990493152716032,1597990493000000000,2020-08-21 14:14:53.000000,4065.0,4083.0,4037.0,4037.0,nan,4059.7,10,405970.0,10,4088.0,1,4000.0,1,4097.0,1,3919.0,1,4098.0,1,3900.0,1,4190.0,1,3888.0,1,nan,0,3813.0,1
1597990495639610880,1597990495500000000,2020-08-21 14:14:55.500000,4065.0,4083.0,4037.0,4037.0,nan,4059.7,10,405970.0,10,4088.0,1,4001.0,2,4097.0,1,4000.0,1,4098.0,1,3919.0,1,4190.0,1,3900.0,1,nan,0,3888.0,1
1597990500117997056,1597990500000000000,2020-08-21 14:15:00.000000,4065.0,4083.0,4037.0,4037.0,nan,4059.7,10,405970.0,10,4088.0,1,4005.0,1,4097.0,1,4001.0,2,4098.0,1,3919.0,1,4190.0,1,3900.0,1,nan,0,3888.0,1
1597990500663851008,1597990500500000000,2020-08-21 14:15:00.500000,4065.0,4083.0,4037.0,4037.0,nan,4059.7,10,405970.0,10,4088.0,1,4006.0,2,4097.0,1,4005.0,1,4098.0,1,3919.0,1,4190.0,1,3900.0,1,nan,0,3888.0,1
1597990503647851008,1597990503500000000,2020-08-21 14:15:03.500000,4065.0,4083.0,4037.0,4037.0,nan,4059.7,10,405970.0,10,4088.0,1,4009.0,1,4097.0,1,4006.0,2,4098.0,1,3919.0,1,4190.0,1,3900.0,1,nan,0,3888.0,1
1597990504641292032,1597990504500000000,2020-08-21 14:15:04.500000,4065.0,4083.0,4037.0,4037.0,nan,4059.7,10,405970.0,10,4088.0,1,4010.0,2,4097.0,1,4009.0,1,4098.0,1,3919.0,1,4190.0,1,3900.0,1,nan,0,3888.0,1
1597990508183070976,1597990508000000000,2020-08-21 14:15:08.000000,4065.0,4083.0,4037.0,4037.0,nan,4059.7,10,405970.0,10,4088.0,1,4015.0,1,4097.0,1,4010.0,2,4098.0,1,3919.0,1,4190.0,1,3900.0,1,nan,0,3888.0,1
1597990509649882112,1597990509500000000,2020-08-21 14:15:09.500000,4065.0,4083.0,4037.0,4037.0,nan,4059.7,10,405970.0,10,4088.0,1,4016.0,2,4097.0,1,4015.0,1,4098.0,1,3919.0,1,4190.0,1,3900.0,1,nan,0,3888.0,1
1597990511156720128,1597990511000000000,2020-08-21 14:15:11.000000,4065.0,4083.0,4037.0,4037.0,nan,4059.7,10,405970.0,10,4088.0,1,4016.0,2,4097.0,1,3919.0,1,4098.0,1,3900.0,1,4190.0,1,3888.0,1,nan,0,3813.0,1
1597990511649925120,1597990511500000000,2020-08-21 14:15:11.500000,4065.0,4083.0,4037.0,4037.0,nan,4059.7,10,405970.0,10,4088.0,1,4019.0,1,4097.0,1,4016.0,2,4098.0,1,3919.0,1,4190.0,1,3900.0,1,nan,0,3888.0,1
1597990513125879040,1597990513000000000,2020-08-21 14:15:13.000000,4065.0,4083.0,4037.0,4037.0,nan,4059.7,10,405970.0,10,4088.0,1,4020.0,2,4097.0,1,4019.0,1,4098.0,1,3919.0,1,4190.0,1,3900.0,1,nan,0,3888.0,1
1597990515641609984,1597990515500000000,2020-08-21 14:15:15.500000,4065.0,4083.0,4037.0,4037.0,nan,4059.7,10,405970.0,10,4088.0,1,4026.0,1,4097.0,1,4020.0,2,4098.0,1,3919.0,1,4190.0,1,3900.0,1,nan,0,3888.0,1
1597990516627148032,1597990516500000000,2020-08-21 14:15:16.500000,4065.0,4083.0,4037.0,4037.0,nan,4059.7,10,405970.0,10,4088.0,1,4027.0,2,4097.0,1,4026.0,1,4098.0,1,3919.0,1,4190.0,1,3900.0,1,nan,0,3888.0,1
1597990518634312960,1597990518500000000,2020-08-21 14:15:18.500000,4065.0,4083.0,4037.0,4037.0,nan,4059.7,10,405970.0,10,4088.0,1,4029.0,1,4097.0,1,4027.0,2,4098.0,1,3919.0,1,4190.0,1,3900.0,1,nan,0,3888.0,1
1597990519641864960,1597990519500000000,2020-08-21 14:15:19.500000,4065.0,4083.0,4037.0,4037.0,nan,4059.7,10,405970.0,10,4088.0,1,4030.0,2,4097.0,1,4029.0,1,4098.0,1,3919.0,1,4190.0,1,3900.0,1,nan,0,3888.0,1
1597990522648732928,1597990522500000000,2020-08-21 14:15:22.500000,4065.0,4083.0,4037.0,4037.0,nan,4059.7,10,405970.0,10,4088.0,1,4035.0,1,4097.0,1,4030.0,2,4098.0,1,3919.0,1,4190.0,1,3900.0,1,nan,0,3888.0,1
1597990523646689024,1597990523500000000,2020-08-21 14:15:23.500000,4065.0,4083.0,4037.0,4037.0,nan,4059.7,10,405970.0,10,4088.0,1,4036.0,2,4097.0,1,4035.0,1,4098.0,1,3919.0,1,4190.0,1,3900.0,1,nan,0,3888.0,1
1597990525638618880,1597990525500000000,2020-08-21 14:15:25.500000,4065.0,4083.0,4037.0,4037.0,nan,4059.7,10,405970.0,10,4088.0,1,4036.0,2,4097.0,1,3919.0,1,4098.0,1,3900.0,1,4190.0,1,3888.0,1,nan,0,3813.0,1
1597990526149120000,1597990526000000000,2020-08-21 14:15:26.000000,4065.0,4083.0,4037.0,4037.0,nan,4059.7,10,405970.0,10,4088.0,1,4039.0,1,4097.0,1,4036.0,2,4098.0,1,3919.0,1,4190.0,1,3900.0,1,nan,0,3888.0,1
1597990527163386112,1597990527000000000,2020-08-21 14:15:27.000000,4065.0,4083.0,4037.0,4037.0,nan,4059.7,10,405970.0,10,4088.0,1,4040.0,2,4097.0,1,4039.0,1,4098.0,1,3919.0,1,4190.0,1,3900.0,1,nan,0,3888.0,1
1597990530649270016,1597990530500000000,2020-08-21 14:15:30.500000,4065.0,4083.0,4037.0,4037.0,nan,4059.7,10,405970.0,10,4088.0,1,4040.0,2,4097.0,1,3919.0,1,4098.0,1,3900.0,1,4190.0,1,3888.0,1,nan,0,3813.0,1
1597990531130042112,1597990531000000000,2020-08-21 14:15:31.000000,4065.0,4083.0,4037.0,4037.0,nan,4059.7,10,405970.0,10,4088.0,1,4044.0,1,4097.0,1,4040.0,2,4098.0,1,3919.0,1,4190.0,1,3900.0,1,nan,0,3888.0,1
1597990532182252032,1597990532000000000,2020-08-21 14:15:32.000000,4065.0,4083.0,4037.0,4037.0,nan,4059.7,10,405970.0,10,4088.0,1,4045.0,2,4097.0,1,4044.0,1,4098.0,1,3919.0,1,4190.0,1,3900.0,1,nan,0,3888.0,1
1597990534651756032,1597990534500000000,2020-08-21 14:15:34.500000,4065.0,4083.0,4037.0,4037.0,nan,4059.7,10,405970.0,10,4088.0,1,4047.0,1,4097.0,1,4045.0,2,4098.0,1,3919.0,1,4190.0,1,3900.0,1,nan,0,3888.0,1
1597990536186362880,1597990536000000000,2020-08-21 14:15:36.000000,4065.0,4083.0,4037.0,4037.0,nan,4059.7,10,405970.0,10,4088.0,1,4048.0,2,4097.0,1,4047.0,1,4098.0,1,3919.0,1,4190.0,1,3900.0,1,nan,0,3888.0,1
1597990539214195968,1597990539000000000,2020-08-21 14:15:39.000000,4065.0,4083.0,4037.0,4037.0,nan,4059.7,10,405970.0,10,4088.0,1,4050.0,1,4097.0,1,4048.0,2,4098.0,1,3919.0,1,4190.0,1,3900.0,1,nan,0,3888.0,1
1597990540129443072,1597990540000000000,2020-08-21 14:15:40.000000,4065.0,4083.0,4037.0,4037.0,nan,4059.7,10,405970.0,10,4088.0,1,4051.0,2,4097.0,1,4050.0,1,4098.0,1,3919.0,1,4190.0,1,3900.0,1,nan,0,3888.0,1
1597990542642861056,1597990542500000000,2020-08-21 14:15:42.500000,4065.0,4083.0,4037.0,4037.0,nan,4059.7,10,405970.0,10,4088.0,1,4054.0,1,4097.0,1,4051.0,2,4098.0,1,3919.0,1,4190.0,1,3900.0,1,nan,0,3888.0,1
1597990543656211968,1597990543500000000,2020-08-21 14:15:43.500000,4065.0,4083.0,4037.0,4037.0,nan,4059.7,10,405970.0,10,4088.0,1,4055.0,2,4097.0,1,4054.0,1,4098.0,1,3919.0,1,4190.0,1,3900.0,1,nan,0,3888.0,1
1597990545653092096,1597990545500000000,2020-08-21 14:15:45.500000,4065.0,4083.0,4037.0,4037.0,nan,4059.7,10,405970.0,10,4088.0,1,4055.0,2,4097.0,1,3919.0,1,4098.0,1,3900.0,1,4190.0,1,3888.0,1,nan,0,3813.0,1
1597990546139447040,1597990546000000000,2020-08-21 14:15:46.000000,4065.0,4083.0,4037.0,4037.0,nan,4059.7,10,405970.0,10,4088.0,1,4058.0,1,4097.0,1,4055.0,2,4098.0,1,3919.0,1,4190.0,1,3900.0,1,nan,0,3888.0,1
1597990547643168000,1597990547500000000,2020-08-21 14:15:47.500000,4065.0,4083.0,4037.0,4037.0,nan,4059.7,10,405970.0,10,4088.0,1,4059.0,2,4097.0,1,4058.0,1,4098.0,1,3919.0,1,4190.0,1,3900.0,1,nan,0,3888.0,1
1597990551144462080,1597990551000000000,2020-08-21 14:15:51.000000,4065.0,4083.0,4037.0,4037.0,nan,4059.7,10,405970.0,10,4088.0,1,4060.0,1,4097.0,1,4059.0,2,4098.0,1,3919.0,1,4190.0,1,3900.0,1,nan,0,3888.0,1
1597990579152094976,1597990579000000000,2020-08-21 14:16:19.000000,4065.0,4083.0,4037.0,4037.0,nan,4059.7,10,405970.0,10,4088.0,2,4060.0,1,4097.0,1,4059.0,2,4098.0,1,3919.0,1,4190.0,1,3900.0,1,nan,0,3888.0,1
1597990596625831936,1597990596500000000,2020-08-21 14:16:36.500000,4065.0,4083.0,4037.0,4037.0,nan,4059.7,10,405970.0,10,4087.0,1,4060.0,1,4088.0,2,4059.0,2,4098.0,1,3919.0,1,4190.0,1,3900.0,1,nan,0,3888.0,1
1597990600617419008,1597990600500000000,2020-08-21 14:16:40.500000,4065.0,4083.0,4037.0,4037.0,nan,4059.7,10,405970.0,10,4087.0,1,4060.0,1,4088.0,1,4059.0,2,4098.0,1,3919.0,1,4190.0,1,3900.0,1,nan,0,3888.0,1
1597990614625677056,1597990614500000000,2020-08-21 14:16:54.500000,4065.0,4083.0,4037.0,4037.0,nan,4059.7,10,405970.0,10,4087.0,2,4060.0,1,4088.0,1,4059.0,2,4098.0,1,3919.0,1,4190.0,1,3900.0,1,nan,0,3888.0,1
1597990625147902976,1597990625000000000,2020-08-21 14:17:05.000000,4065.0,4083.0,4037.0,4037.0,nan,4059.7,10,405970.0,10,4087.0,1,4060.0,1,4088.0,1,4059.0,2,4098.0,1,3919.0,1,4190.0,1,3900.0,1,nan,0,3888.0,1
1597990625700884992,1597990625500000000,2020-08-21 14:17:05.500000,4065.0,4083.0,4037.0,4037.0,nan,4059.7,10,405970.0,10,4087.0,1,4060.0,1,4088.0,1,4059.0,2,4097.0,1,3919.0,1,4098.0,1,3900.0,1,4190.0,1,3888.0,1
1597990633650182912,1597990633500000000,2020-08-21 14:17:13.500000,4065.0,4083.0,4037.0,4037.0,nan,4059.7,10,405970.0,10,4086.0,2,4060.0,1,4087.0,1,4059.0,2,4097.0,1,3919.0,1,4098.0,1,3900.0,1,4190.0,1,3888.0,1
1597990637157356032,1597990637000000000,2020-08-21 14:17:17.000000,4065.0,4083.0,4037.0,4037.0,nan,4059.7,10,405970.0,10,4086.0,2,4060.0,1,4097.0,1,4059.0,2,4098.0,1,3919.0,1,4190.0,1,3900.0,1,nan,0,3888.0,1
1597990642634405120,1597990642500000000,2020-08-21 14:17:22.500000,4065.0,4083.0,4037.0,4037.0,nan,4059.7,10,405970.0,10,4086.0,3,4060.0,1,4097.0,1,4059.0,2,4098.0,1,3919.0,1,4190.0,1,3900.0,1,nan,0,3888.0,1
1597990648660814080,1597990648500000000,2020-08-21 14:17:28.500000,4065.0,4083.0,4037.0,4037.0,nan,4059.7,10,405970.0,10,4086.0,3,4060.0,1,4098.0,1,4059.0,2,4190.0,1,3919.0,1,nan,0,3900.0,1,nan,0,3888.0,1
1597990649153073920,1597990649000000000,2020-08-21 14:17:29.000000,4065.0,4083.0,4037.0,4037.0,nan,4059.7,10,405970.0,10,4085.0,1,4060.0,1,4086.0,3,4059.0,2,4098.0,1,3919.0,1,4190.0,1,3900.0,1,nan,0,3888.0,1
1597990651651387904,1597990651500000000,2020-08-21 14:17:31.500000,4065.0,4083.0,4037.0,4037.0,nan,4059.7,10,405970.0,10,4084.0,2,4060.0,1,4085.0,1,4059.0,2,4086.0,1,3919.0,1,4098.0,1,3900.0,1,4190.0,1,3888.0,1
1597990652647463936,1597990652500000000,2020-08-21 14:17:32.500000,4065.0,4083.0,4037.0,4037.0,nan,4059.7,10,405970.0,10,4084.0,2,4060.0,1,4085.0,1,4059.0,2,4098.0,1,3919.0,1,4190.0,1,3900.0,1,nan,0,3888.0,1
1597990655161611008,1597990655000000000,2020-08-21 14:17:35.000000,4065.0,4083.0,4037.0,4037.0,nan,4059.7,10,405970.0,10,4083.0,1,4060.0,1,4084.0,2,4059.0,2,4098.0,1,3919.0,1,4190.0,1,3900.0,1,nan,0,3888.0,1
1597990660132727040,1597990660000000000,2020-08-21 14:17:40.000000,4065.0,4083.0,4037.0,4037.0,nan,4059.7,10,405970.0,10,4082.0,1,4060.0,1,4083.0,1,4059.0,2,4098.0,1,3919.0,1,4190.0,1,3900.0,1,nan,0,3888.0,1
1597990661638196992,1597990661500000000,2020-08-21 14:17:41.500000,4065.0,4083.0,4037.0,4037.0,nan,4059.7,10,405970.0,10,4081.0,1,4060.0,1,4082.0,1,4059.0,2,4083.0,1,3919.0,1,4098.0,1,3900.0,1,4190.0,1,3888.0,1
1597990664172621056,1597990664000000000,2020-08-21 14:17:44.000000,4065.0,4083.0,4037.0,4037.0,nan,4059.7,10,405970.0,10,4081.0,1,4060.0,1,4082.0,1,4059.0,2,4098.0,1,3919.0,1,4190.0,1,3900.0,1,nan,0,3888.0,1
1597990673622963968,1597990673500000000,2020-08-21 14:17:53.500000,4065.0,4083.0,4037.0,4037.0,nan,4059.7,10,405970.0,10,4082.0,1,4060.0,1,4097.0,1,4059.0,2,4098.0,1,3919.0,1,4190.0,1,3900.0,1,nan,0,3888.0,1
1597990680171837952,1597990680000000000,2020-08-21 14:18:00.000000,4065.0,4083.0,4037.0,4037.0,nan,4059.7,10,405970.0,10,4082.0,1,4060.0,2,4097.0,1,3919.0,1,4098.0,1,3900.0,1,4190.0,1,3888.0,1,nan,0,3813.0,1
