local_nano_time,quote_nano_time,datetime,last_price,highest,lowest,open,close,average,volume,amount,open_interest,ask_price1,ask_volume1,bid_price1,bid_volume1,ask_price2,ask_volume2,bid_price2,bid_volume2,ask_price3,ask_volume3,bid_price3,bid_volume3,ask_price4,ask_volume4,bid_price4,bid_volume4,ask_price5,ask_volume5,bid_price5,bid_volume5
1597988230231077888,1597988230000001024,2020-08-21 13:37:10.000001,19765.0,19840.0,19695.0,19820.0,nan,19765.0,3800,375535000.0,7457,19770.0,7,19760.0,5,nan,0,nan,0,nan,0,nan,0,nan,0,nan,0,nan,0,nan,0
1597988230691801088,1597988231000000000,2020-08-21 13:37:11.000000,19765.0,19840.0,19695.0,19820.0,nan,19765.0,3800,375535000.0,7457,19770.0,7,19760.0,15,nan,0,nan,0,nan,0,nan,0,nan,0,nan,0,nan,0,nan,0
1597988231222564096,1597988231000001024,2020-08-21 13:37:11.000001,19765.0,19840.0,19695.0,19820.0,nan,19765.0,3800,375535000.0,7457,19770.0,7,19765.0,1,nan,0,nan,0,nan,0,nan,0,nan,0,nan,0,nan,0,nan,0
1597988257727660032,1597988258000000000,2020-08-21 13:37:38.000000,19770.0,19840.0,19695.0,19820.0,nan,19765.0,3805,376029125.0,7461,19770.0,1,19765.0,4,nan,0,nan,0,nan,0,nan,0,nan,0,nan,0,nan,0,nan,0
1597988258224408064,1597988258000001024,2020-08-21 13:37:38.000001,19770.0,19840.0,19695.0,19820.0,nan,19765.0,3806,376127950.0,7461,19775.0,21,19765.0,4,nan,0,nan,0,nan,0,nan,0,nan,0,nan,0,nan,0,nan,0
1597988258706520064,1597988259000000000,2020-08-21 13:37:39.000000,19770.0,19840.0,19695.0,19820.0,nan,19765.0,3806,376127950.0,7461,19775.0,1,19765.0,4,nan,0,nan,0,nan,0,nan,0,nan,0,nan,0,nan,0,nan,0
1597988272719240960,1597988273000000000,2020-08-21 13:37:53.000000,19770.0,19840.0,19695.0,19820.0,nan,19765.0,3806,376127950.0,7461,19775.0,1,19765.0,5,nan,0,nan,0,nan,0,nan,0,nan,0,nan,0,nan,0,nan,0
1597988335734780928,1597988336000000000,2020-08-21 13:38:56.000000,19765.0,19840.0,19695.0,19820.0,nan,19765.0,3807,376226775.0,7460,19775.0,1,19765.0,4,nan,0,nan,0,nan,0,nan,0,nan,0,nan,0,nan,0,nan,0
1597988336274852096,1597988336000001024,2020-08-21 13:38:56.000001,19765.0,19840.0,19695.0,19820.0,nan,19765.0,3807,376226775.0,7460,19775.0,1,19765.0,1,nan,0,nan,0,nan,0,nan,0,nan,0,nan,0,nan,0,nan,0
1597988339332323072,1597988339000001024,2020-08-21 13:38:59.000001,19765.0,19840.0,19695.0,19820.0,nan,19765.0,3807,376226775.0,7460,19775.0,2,19760.0,102,nan,0,nan,0,nan,0,nan,0,nan,0,nan,0,nan,0,nan,0
1597988339738362112,1597988340000000000,2020-08-21 13:39:00.000000,19765.0,19840.0,19695.0,19820.0,nan,19765.0,3807,376226775.0,7460,19775.0,12,19760.0,122,nan,0,nan,0,nan,0,nan,0,nan,0,nan,0,nan,0,nan,0
1597988340281576960,1597988340000001024,2020-08-21 13:39:00.000001,19765.0,19840.0,19695.0,19820.0,nan,19765.0,3807,376226775.0,7460,19775.0,12,19760.0,112,nan,0,nan,0,nan,0,nan,0,nan,0,nan,0,nan,0,nan,0
1597988341247539968,1597988341000001024,2020-08-21 13:39:01.000001,19765.0,19840.0,19695.0,19820.0,nan,19765.0,3807,376226775.0,7460,19775.0,12,19760.0,122,nan,0,nan,0,nan,0,nan,0,nan,0,nan,0,nan,0,nan,0
1597988345746174976,1597988346000000000,2020-08-21 13:39:06.000000,19765.0,19840.0,19695.0,19820.0,nan,19765.0,3807,376226775.0,7460,19775.0,12,19760.0,132,nan,0,nan,0,nan,0,nan,0,nan,0,nan,0,nan,0,nan,0
1597988350833409024,1597988351000000000,2020-08-21 13:39:11.000000,19765.0,19840.0,19695.0,19820.0,nan,19765.0,3807,376226775.0,7460,19775.0,12,19760.0,132,nan,0,nan,0,nan,0,nan,0,nan,0,nan,0,nan,0,nan,0
1597988357254488064,1597988357000001024,2020-08-21 13:39:17.000001,19765.0,19840.0,19695.0,19820.0,nan,19765.0,3807,376226775.0,7460,19775.0,12,19760.0,132,nan,0,nan,0,nan,0,nan,0,nan,0,nan,0,nan,0,nan,0
1597988362744837888,1597988363000000000,2020-08-21 13:39:23.000000,19765.0,19840.0,19695.0,19820.0,nan,19765.0,3807,376226775.0,7460,19775.0,12,19760.0,122,nan,0,nan,0,nan,0,nan,0,nan,0,nan,0,nan,0,nan,0
1597988363265467904,1597988363000001024,2020-08-21 13:39:23.000001,19765.0,19840.0,19695.0,19820.0,nan,19765.0,3807,376226775.0,7460,19775.0,12,19760.0,132,nan,0,nan,0,nan,0,nan,0,nan,0,nan,0,nan,0,nan,0
1597988368748847104,1597988369000000000,2020-08-21 13:39:29.000000,19765.0,19840.0,19695.0,19820.0,nan,19765.0,3807,376226775.0,7460,19775.0,12,19760.0,122,nan,0,nan,0,nan,0,nan,0,nan,0,nan,0,nan,0,nan,0
1597988369257454080,1597988369000001024,2020-08-21 13:39:29.000001,19765.0,19840.0,19695.0,19820.0,nan,19765.0,3807,376226775.0,7460,19775.0,12,19760.0,132,nan,0,nan,0,nan,0,nan,0,nan,0,nan,0,nan,0,nan,0
1597988374758141952,1597988375000000000,2020-08-21 13:39:35.000000,19765.0,19840.0,19695.0,19820.0,nan,19765.0,3807,376226775.0,7460,19775.0,12,19760.0,122,nan,0,nan,0,nan,0,nan,0,nan,0,nan,0,nan,0,nan,0
1597988375252269056,1597988375000001024,2020-08-21 13:39:35.000001,19765.0,19840.0,19695.0,19820.0,nan,19765.0,3807,376226775.0,7460,19775.0,12,19760.0,132,nan,0,nan,0,nan,0,nan,0,nan,0,nan,0,nan,0,nan,0
1597988379746504960,1597988380000000000,2020-08-21 13:39:40.000000,19765.0,19840.0,19695.0,19820.0,nan,19765.0,3807,376226775.0,7460,19775.0,12,19760.0,132,nan,0,nan,0,nan,0,nan,0,nan,0,nan,0,nan,0,nan,0
1597988380751322112,1597988381000000000,2020-08-21 13:39:41.000000,19765.0,19840.0,19695.0,19820.0,nan,19765.0,3807,376226775.0,7460,19775.0,12,19760.0,132,nan,0,nan,0,nan,0,nan,0,nan,0,nan,0,nan,0,nan,0
1597988384751550976,1597988385000000000,2020-08-21 13:39:45.000000,19765.0,19840.0,19695.0,19820.0,nan,19765.0,3807,376226775.0,7460,19775.0,12,19760.0,122,nan,0,nan,0,nan,0,nan,0,nan,0,nan,0,nan,0,nan,0
1597988385275672064,1597988385000001024,2020-08-21 13:39:45.000001,19775.0,19840.0,19695.0,19820.0,nan,19765.0,3808,376325600.0,7459,19775.0,11,19760.0,132,nan,0,nan,0,nan,0,nan,0,nan,0,nan,0,nan,0,nan,0
1597988387254369024,1597988387000001024,2020-08-21 13:39:47.000001,19775.0,19840.0,19695.0,19820.0,nan,19765.0,3808,376325600.0,7459,19775.0,11,19760.0,132,nan,0,nan,0,nan,0,nan,0,nan,0,nan,0,nan,0,nan,0
1597988390757107968,1597988391000000000,2020-08-21 13:39:51.000000,19775.0,19840.0,19695.0,19820.0,nan,19765.0,3808,376325600.0,7459,19775.0,11,19760.0,132,nan,0,nan,0,nan,0,nan,0,nan,0,nan,0,nan,0,nan,0
1597988392756445952,1597988393000000000,2020-08-21 13:39:53.000000,19775.0,19840.0,19695.0,19820.0,nan,19765.0,3808,376325600.0,7459,19775.0,11,19760.0,122,nan,0,nan,0,nan,0,nan,0,nan,0,nan,0,nan,0,nan,0
1597988393263912960,1597988393000001024,2020-08-21 13:39:53.000001,19775.0,19840.0,19695.0,19820.0,nan,19765.0,3808,376325600.0,7459,19775.0,11,19760.0,132,nan,0,nan,0,nan,0,nan,0,nan,0,nan,0,nan,0,nan,0
1597988398762211072,1597988399000000000,2020-08-21 13:39:59.000000,19775.0,19840.0,19695.0,19820.0,nan,19765.0,3808,376325600.0,7459,19775.0,11,19760.0,132,nan,0,nan,0,nan,0,nan,0,nan,0,nan,0,nan,0,nan,0
1597988403760908032,1597988404000000000,2020-08-21 13:40:04.000000,19775.0,19840.0,19695.0,19820.0,nan,19765.0,3808,376325600.0,7459,19775.0,11,19770.0,1,nan,0,nan,0,nan,0,nan,0,nan,0,nan,0,nan,0,nan,0
1597988404257927936,1597988404000001024,2020-08-21 13:40:04.000001,19775.0,19840.0,19695.0,19820.0,nan,19765.0,3808,376325600.0,7459,19775.0,1,19770.0,2,nan,0,nan,0,nan,0,nan,0,nan,0,nan,0,nan,0,nan,0
1597988406268339968,1597988406000001024,2020-08-21 13:40:06.000001,19770.0,19840.0,19695.0,19820.0,nan,19765.0,3810,376523250.0,7460,19780.0,40,19765.0,100,nan,0,nan,0,nan,0,nan,0,nan,0,nan,0,nan,0,nan,0
1597988406767567104,1597988407000000000,2020-08-21 13:40:07.000000,19770.0,19840.0,19695.0,19820.0,nan,19765.0,3810,376523250.0,7460,19780.0,10,19765.0,130,nan,0,nan,0,nan,0,nan,0,nan,0,nan,0,nan,0,nan,0
1597988411795026944,1597988412000000000,2020-08-21 13:40:12.000000,19770.0,19840.0,19695.0,19820.0,nan,19765.0,3810,376523250.0,7460,19780.0,10,19765.0,120,nan,0,nan,0,nan,0,nan,0,nan,0,nan,0,nan,0,nan,0
1597988412266492928,1597988412000001024,2020-08-21 13:40:12.000001,19770.0,19840.0,19695.0,19820.0,nan,19765.0,3810,376523250.0,7460,19780.0,10,19765.0,130,nan,0,nan,0,nan,0,nan,0,nan,0,nan,0,nan,0,nan,0
1597988414266472960,1597988414000001024,2020-08-21 13:40:14.000001,19770.0,19840.0,19695.0,19820.0,nan,19765.0,3810,376523250.0,7460,19780.0,20,19765.0,131,nan,0,nan,0,nan,0,nan,0,nan,0,nan,0,nan,0,nan,0
1597988417809581056,1597988418000000000,2020-08-21 13:40:18.000000,19765.0,19840.0,19695.0,19820.0,nan,19765.0,3813,376819725.0,7461,19780.0,20,19765.0,110,nan,0,nan,0,nan,0,nan,0,nan,0,nan,0,nan,0,nan,0
1597988418271047936,1597988418000001024,2020-08-21 13:40:18.000001,19765.0,19840.0,19695.0,19820.0,nan,19765.0,3815,377017375.0,7461,19780.0,21,19765.0,51,nan,0,nan,0,nan,0,nan,0,nan,0,nan,0,nan,0,nan,0
1597988419274800128,1597988419000001024,2020-08-21 13:40:19.000001,19765.0,19840.0,19695.0,19820.0,nan,19765.0,3815,377017375.0,7461,19780.0,21,19765.0,71,nan,0,nan,0,nan,0,nan,0,nan,0,nan,0,nan,0,nan,0
1597988419800048896,1597988420000000000,2020-08-21 13:40:20.000000,19765.0,19840.0,19695.0,19820.0,nan,19765.0,3815,377017375.0,7461,19780.0,21,19765.0,70,nan,0,nan,0,nan,0,nan,0,nan,0,nan,0,nan,0,nan,0
1597988420272249088,1597988420000001024,2020-08-21 13:40:20.000001,19765.0,19840.0,19695.0,19820.0,nan,19765.0,3815,377017375.0,7461,19780.0,21,19765.0,80,nan,0,nan,0,nan,0,nan,0,nan,0,nan,0,nan,0,nan,0
1597988420764668928,1597988421000000000,2020-08-21 13:40:21.000000,19765.0,19840.0,19695.0,19820.0,nan,19765.0,3815,377017375.0,7461,19780.0,21,19765.0,90,nan,0,nan,0,nan,0,nan,0,nan,0,nan,0,nan,0,nan,0
1597988421269139968,1597988421000001024,2020-08-21 13:40:21.000001,19765.0,19840.0,19695.0,19820.0,nan,19765.0,3815,377017375.0,7461,19780.0,21,19765.0,90,nan,0,nan,0,nan,0,nan,0,nan,0,nan,0,nan,0,nan,0
1597988421765082880,1597988422000000000,2020-08-21 13:40:22.000000,19765.0,19840.0,19695.0,19820.0,nan,19765.0,3815,377017375.0,7461,19780.0,21,19765.0,100,nan,0,nan,0,nan,0,nan,0,nan,0,nan,0,nan,0,nan,0
1597988422768002048,1597988423000000000,2020-08-21 13:40:23.000000,19765.0,19840.0,19695.0,19820.0,nan,19765.0,3815,377017375.0,7461,19775.0,2,19765.0,60,nan,0,nan,0,nan,0,nan,0,nan,0,nan,0,nan,0,nan,0
1597988423273679104,1597988423000001024,2020-08-21 13:40:23.000001,19765.0,19840.0,19695.0,19820.0,nan,19765.0,3815,377017375.0,7461,19775.0,2,19765.0,30,nan,0,nan,0,nan,0,nan,0,nan,0,nan,0,nan,0,nan,0
1597988423775358976,1597988424000000000,2020-08-21 13:40:24.000000,19765.0,19840.0,19695.0,19820.0,nan,19765.0,3815,377017375.0,7461,19775.0,2,19765.0,10,nan,0,nan,0,nan,0,nan,0,nan,0,nan,0,nan,0,nan,0
1597988424273786112,1597988424000001024,2020-08-21 13:40:24.000001,19765.0,19840.0,19695.0,19820.0,nan,19765.0,3815,377017375.0,7461,19775.0,2,19760.0,122,nan,0,nan,0,nan,0,nan,0,nan,0,nan,0,nan,0,nan,0
1597988424767278080,1597988425000000000,2020-08-21 13:40:25.000000,19765.0,19840.0,19695.0,19820.0,nan,19765.0,3815,377017375.0,7461,19775.0,13,19760.0,132,nan,0,nan,0,nan,0,nan,0,nan,0,nan,0,nan,0,nan,0
1597988428773509888,1597988429000000000,2020-08-21 13:40:29.000000,19765.0,19840.0,19695.0,19820.0,nan,19765.0,3815,377017375.0,7461,19775.0,13,19760.0,132,nan,0,nan,0,nan,0,nan,0,nan,0,nan,0,nan,0,nan,0
1597988435277001984,1597988435000001024,2020-08-21 13:40:35.000001,19765.0,19840.0,19695.0,19820.0,nan,19765.0,3815,377017375.0,7461,19775.0,13,19760.0,132,nan,0,nan,0,nan,0,nan,0,nan,0,nan,0,nan,0,nan,0
1597988436282391040,1597988436000001024,2020-08-21 13:40:36.000001,19765.0,19840.0,19695.0,19820.0,nan,19765.0,3815,377017375.0,7461,19775.0,23,19760.0,122,nan,0,nan,0,nan,0,nan,0,nan,0,nan,0,nan,0,nan,0
1597988436780487936,1597988437000000000,2020-08-21 13:40:37.000000,19765.0,19840.0,19695.0,19820.0,nan,19765.0,3815,377017375.0,7461,19775.0,23,19760.0,122,nan,0,nan,0,nan,0,nan,0,nan,0,nan,0,nan,0,nan,0
1597988437330249984,1597988437000001024,2020-08-21 13:40:37.000001,19765.0,19840.0,19695.0,19820.0,nan,19765.0,3815,377017375.0,7461,19775.0,23,19760.0,122,nan,0,nan,0,nan,0,nan,0,nan,0,nan,0,nan,0,nan,0
1597988437778556928,1597988438000000000,2020-08-21 13:40:38.000000,19765.0,19840.0,19695.0,19820.0,nan,19765.0,3815,377017375.0,7461,19775.0,23,19760.0,122,nan,0,nan,0,nan,0,nan,0,nan,0,nan,0,nan,0,nan,0
1597988438282605056,1597988438000001024,2020-08-21 13:40:38.000001,19765.0,19840.0,19695.0,19820.0,nan,19765.0,3815,377017375.0,7461,19775.0,23,19765.0,1,nan,0,nan,0,nan,0,nan,0,nan,0,nan,0,nan,0,nan,0
1597988438816360960,1597988439000000000,2020-08-21 13:40:39.000000,19765.0,19840.0,19695.0,19820.0,nan,19765.0,3815,377017375.0,7461,19775.0,13,19765.0,4,nan,0,nan,0,nan,0,nan,0,nan,0,nan,0,nan,0,nan,0
1597988440283220992,1597988440000001024,2020-08-21 13:40:40.000001,19770.0,19840.0,19695.0,19820.0,nan,19765.0,3817,377215025.0,7461,19775.0,43,19765.0,4,nan,0,nan,0,nan,0,nan,0,nan,0,nan,0,nan,0,nan,0
1597988440786409984,1597988441000000000,2020-08-21 13:40:41.000000,19770.0,19840.0,19695.0,19820.0,nan,19765.0,3817,377215025.0,7461,19775.0,13,19765.0,4,nan,0,nan,0,nan,0,nan,0,nan,0,nan,0,nan,0,nan,0
1597988441288434944,1597988441000001024,2020-08-21 13:40:41.000001,19770.0,19840.0,19695.0,19820.0,nan,19765.0,3817,377215025.0,7461,19775.0,13,19765.0,3,nan,0,nan,0,nan,0,nan,0,nan,0,nan,0,nan,0,nan,0
1597988441771458048,1597988442000000000,2020-08-21 13:40:42.000000,19770.0,19840.0,19695.0,19820.0,nan,19765.0,3817,377215025.0,7461,19770.0,2,19765.0,1,nan,0,nan,0,nan,0,nan,0,nan,0,nan,0,nan,0,nan,0
1597988469795648000,1597988470000000000,2020-08-21 13:41:10.000000,19765.0,19840.0,19695.0,19820.0,nan,19765.0,3818,377313850.0,7461,19765.0,6,19760.0,52,nan,0,nan,0,nan,0,nan,0,nan,0,nan,0,nan,0,nan,0
1597988470312859904,1597988470000001024,2020-08-21 13:41:10.000001,19765.0,19840.0,19695.0,19820.0,nan,19765.0,3818,377313850.0,7461,19765.0,6,19760.0,12,nan,0,nan,0,nan,0,nan,0,nan,0,nan,0,nan,0,nan,0
1597988470816873984,1597988471000000000,2020-08-21 13:41:11.000000,19765.0,19840.0,19695.0,19820.0,nan,19765.0,3818,377313850.0,7461,19765.0,6,19760.0,2,nan,0,nan,0,nan,0,nan,0,nan,0,nan,0,nan,0,nan,0
1597988476792059904,1597988477000000000,2020-08-21 13:41:17.000000,19765.0,19840.0,19695.0,19820.0,nan,19765.0,3818,377313850.0,7461,19765.0,6,19760.0,1,nan,0,nan,0,nan,0,nan,0,nan,0,nan,0,nan,0,nan,0
1597988519814841088,1597988520000000000,2020-08-21 13:42:00.000000,19760.0,19840.0,19695.0,19820.0,nan,19765.0,3819,377412675.0,7460,19765.0,6,19755.0,71,nan,0,nan,0,nan,0,nan,0,nan,0,nan,0,nan,0,nan,0
1597988520321101056,1597988520000001024,2020-08-21 13:42:00.000001,19760.0,19840.0,19695.0,19820.0,nan,19765.0,3819,377412675.0,7460,19765.0,8,19755.0,51,nan,0,nan,0,nan,0,nan,0,nan,0,nan,0,nan,0,nan,0
1597988520819252992,1597988521000000000,2020-08-21 13:42:01.000000,19760.0,19840.0,19695.0,19820.0,nan,19765.0,3819,377412675.0,7460,19765.0,8,19755.0,21,nan,0,nan,0,nan,0,nan,0,nan,0,nan,0,nan,0,nan,0
1597988521348877056,1597988521000001024,2020-08-21 13:42:01.000001,19760.0,19840.0,19695.0,19820.0,nan,19765.0,3819,377412675.0,7460,19765.0,8,19755.0,11,nan,0,nan,0,nan,0,nan,0,nan,0,nan,0,nan,0,nan,0
1597988531854494976,1597988532000000000,2020-08-21 13:42:12.000000,19760.0,19840.0,19695.0,19820.0,nan,19765.0,3819,377412675.0,7460,19765.0,8,19755.0,10,nan,0,nan,0,nan,0,nan,0,nan,0,nan,0,nan,0,nan,0
1597988532315682048,1597988532000001024,2020-08-21 13:42:12.000001,19760.0,19840.0,19695.0,19820.0,nan,19765.0,3819,377412675.0,7460,19765.0,18,19750.0,104,nan,0,nan,0,nan,0,nan,0,nan,0,nan,0,nan,0,nan,0
1597988532816258048,1597988533000000000,2020-08-21 13:42:13.000000,19760.0,19840.0,19695.0,19820.0,nan,19765.0,3819,377412675.0,7460,19765.0,28,19750.0,124,nan,0,nan,0,nan,0,nan,0,nan,0,nan,0,nan,0,nan,0
1597988533340977920,1597988533000001024,2020-08-21 13:42:13.000001,19760.0,19840.0,19695.0,19820.0,nan,19765.0,3819,377412675.0,7460,19765.0,28,19750.0,134,nan,0,nan,0,nan,0,nan,0,nan,0,nan,0,nan,0,nan,0
1597988533816496128,1597988534000000000,2020-08-21 13:42:14.000000,19760.0,19840.0,19695.0,19820.0,nan,19765.0,3819,377412675.0,7460,19765.0,28,19750.0,124,nan,0,nan,0,nan,0,nan,0,nan,0,nan,0,nan,0,nan,0
1597988535323715072,1597988535000001024,2020-08-21 13:42:15.000001,19760.0,19840.0,19695.0,19820.0,nan,19765.0,3819,377412675.0,7460,19765.0,28,19750.0,134,nan,0,nan,0,nan,0,nan,0,nan,0,nan,0,nan,0,nan,0
1597988537823514880,1597988538000000000,2020-08-21 13:42:18.000000,19760.0,19840.0,19695.0,19820.0,nan,19765.0,3819,377412675.0,7460,19765.0,28,19750.0,134,nan,0,nan,0,nan,0,nan,0,nan,0,nan,0,nan,0,nan,0
1597988540825692928,1597988541000000000,2020-08-21 13:42:21.000000,19760.0,19840.0,19695.0,19820.0,nan,19765.0,3819,377412675.0,7460,19765.0,28,19750.0,134,nan,0,nan,0,nan,0,nan,0,nan,0,nan,0,nan,0,nan,0
1597988544334589952,1597988544000001024,2020-08-21 13:42:24.000001,19760.0,19840.0,19695.0,19820.0,nan,19765.0,3819,377412675.0,7460,19765.0,28,19750.0,134,nan,0,nan,0,nan,0,nan,0,nan,0,nan,0,nan,0,nan,0
1597988549821078016,1597988550000000000,2020-08-21 13:42:30.000000,19760.0,19840.0,19695.0,19820.0,nan,19765.0,3819,377412675.0,7460,19765.0,28,19750.0,124,nan,0,nan,0,nan,0,nan,0,nan,0,nan,0,nan,0,nan,0
1597988550334841088,1597988550000001024,2020-08-21 13:42:30.000001,19760.0,19840.0,19695.0,19820.0,nan,19765.0,3819,377412675.0,7460,19765.0,28,19750.0,134,nan,0,nan,0,nan,0,nan,0,nan,0,nan,0,nan,0,nan,0
1597988550828250880,1597988551000000000,2020-08-21 13:42:31.000000,19750.0,19840.0,19695.0,19820.0,nan,19765.0,3820,377511500.0,7461,19765.0,28,19750.0,133,nan,0,nan,0,nan,0,nan,0,nan,0,nan,0,nan,0,nan,0
1597988551347013888,1597988551000001024,2020-08-21 13:42:31.000001,19750.0,19840.0,19695.0,19820.0,nan,19765.0,3820,377511500.0,7461,19765.0,28,19750.0,123,nan,0,nan,0,nan,0,nan,0,nan,0,nan,0,nan,0,nan,0
1597988555323749120,1597988555000001024,2020-08-21 13:42:35.000001,19750.0,19840.0,19695.0,19820.0,nan,19765.0,3820,377511500.0,7461,19765.0,28,19750.0,113,nan,0,nan,0,nan,0,nan,0,nan,0,nan,0,nan,0,nan,0
1597988555826891008,1597988556000000000,2020-08-21 13:42:36.000000,19750.0,19840.0,19695.0,19820.0,nan,19765.0,3820,377511500.0,7461,19765.0,28,19750.0,133,nan,0,nan,0,nan,0,nan,0,nan,0,nan,0,nan,0,nan,0
1597988558391534080,1597988558000001024,2020-08-21 13:42:38.000001,19750.0,19840.0,19695.0,19820.0,nan,19765.0,3835,378993875.0,7463,19760.0,1,19750.0,30,nan,0,nan,0,nan,0,nan,0,nan,0,nan,0,nan,0,nan,0
1597988558853484032,1597988559000000000,2020-08-21 13:42:39.000000,19750.0,19840.0,19695.0,19820.0,nan,19765.0,3835,378993875.0,7463,19760.0,2,19750.0,10,nan,0,nan,0,nan,0,nan,0,nan,0,nan,0,nan,0,nan,0
1597988559345285120,1597988559000001024,2020-08-21 13:42:39.000001,19750.0,19840.0,19695.0,19820.0,nan,19765.0,3835,378993875.0,7463,19760.0,3,19745.0,62,nan,0,nan,0,nan,0,nan,0,nan,0,nan,0,nan,0,nan,0
1597988559850699008,1597988560000000000,2020-08-21 13:42:40.000000,19750.0,19840.0,19695.0,19820.0,nan,19765.0,3835,378993875.0,7463,19760.0,14,19745.0,82,nan,0,nan,0,nan,0,nan,0,nan,0,nan,0,nan,0,nan,0
1597988560342704896,1597988560000001024,2020-08-21 13:42:40.000001,19750.0,19840.0,19695.0,19820.0,nan,19765.0,3835,378993875.0,7463,19760.0,14,19745.0,92,nan,0,nan,0,nan,0,nan,0,nan,0,nan,0,nan,0,nan,0
1597988560849008896,1597988561000000000,2020-08-21 13:42:41.000000,19750.0,19840.0,19695.0,19820.0,nan,19765.0,3835,378993875.0,7463,19760.0,14,19745.0,102,nan,0,nan,0,nan,0,nan,0,nan,0,nan,0,nan,0,nan,0
1597988561337394944,1597988561000001024,2020-08-21 13:42:41.000001,19750.0,19840.0,19695.0,19820.0,nan,19765.0,3835,378993875.0,7463,19760.0,14,19745.0,112,nan,0,nan,0,nan,0,nan,0,nan,0,nan,0,nan,0,nan,0
1597988563347193088,1597988563000001024,2020-08-21 13:42:43.000001,19750.0,19840.0,19695.0,19820.0,nan,19765.0,3835,378993875.0,7463,19760.0,14,19745.0,142,nan,0,nan,0,nan,0,nan,0,nan,0,nan,0,nan,0,nan,0
1597988564879685120,1597988565000000000,2020-08-21 13:42:45.000000,19750.0,19840.0,19695.0,19820.0,nan,19765.0,3835,378993875.0,7463,19760.0,14,19745.0,132,nan,0,nan,0,nan,0,nan,0,nan,0,nan,0,nan,0,nan,0
1597988565331170048,1597988565000001024,2020-08-21 13:42:45.000001,19750.0,19840.0,19695.0,19820.0,nan,19765.0,3835,378993875.0,7463,19760.0,14,19745.0,142,nan,0,nan,0,nan,0,nan,0,nan,0,nan,0,nan,0,nan,0
1597988567857740032,1597988568000000000,2020-08-21 13:42:48.000000,19750.0,19840.0,19695.0,19820.0,nan,19765.0,3835,378993875.0,7463,19755.0,2,19745.0,142,nan,0,nan,0,nan,0,nan,0,nan,0,nan,0,nan,0,nan,0
1597988568338865920,1597988568000001024,2020-08-21 13:42:48.000001,19750.0,19840.0,19695.0,19820.0,nan,19765.0,3835,378993875.0,7463,19755.0,4,19745.0,62,nan,0,nan,0,nan,0,nan,0,nan,0,nan,0,nan,0,nan,0
1597988568850400000,1597988569000000000,2020-08-21 13:42:49.000000,19750.0,19840.0,19695.0,19820.0,nan,19765.0,3835,378993875.0,7463,19755.0,4,19745.0,42,nan,0,nan,0,nan,0,nan,0,nan,0,nan,0,nan,0,nan,0
1597988569361412096,1597988569000001024,2020-08-21 13:42:49.000001,19750.0,19840.0,19695.0,19820.0,nan,19765.0,3835,378993875.0,7463,19755.0,4,19745.0,12,nan,0,nan,0,nan,0,nan,0,nan,0,nan,0,nan,0,nan,0
1597988569847860992,1597988570000000000,2020-08-21 13:42:50.000000,19750.0,19840.0,19695.0,19820.0,nan,19765.0,3835,378993875.0,7463,19755.0,2,19745.0,12,nan,0,nan,0,nan,0,nan,0,nan,0,nan,0,nan,0,nan,0
1597988585856051968,1597988586000000000,2020-08-21 13:43:06.000000,19750.0,19840.0,19695.0,19820.0,nan,19765.0,3835,378993875.0,7463,19755.0,2,19745.0,13,nan,0,nan,0,nan,0,nan,0,nan,0,nan,0,nan,0,nan,0
1597988596864801024,1597988597000000000,2020-08-21 13:43:17.000000,19750.0,19840.0,19695.0,19820.0,nan,19765.0,3835,378993875.0,7463,19755.0,2,19750.0,1,nan,0,nan,0,nan,0,nan,0,nan,0,nan,0,nan,0,nan,0
1597988597345187072,1597988597000001024,2020-08-21 13:43:17.000001,19750.0,19840.0,19695.0,19820.0,nan,19765.0,3836,379092700.0,7463,19755.0,2,19745.0,63,nan,0,nan,0,nan,0,nan,0,nan,0,nan,0,nan,0,nan,0
1597988597844888064,1597988598000000000,2020-08-21 13:43:18.000000,19750.0,19840.0,19695.0,19820.0,nan,19765.0,3836,379092700.0,7463,19755.0,2,19745.0,43,nan,0,nan,0,nan,0,nan,0,nan,0,nan,0,nan,0,nan,0
1597988598354300928,1597988598000001024,2020-08-21 13:43:18.000001,19750.0,19840.0,19695.0,19820.0,nan,19765.0,3836,379092700.0,7463,19755.0,2,19745.0,13,nan,0,nan,0,nan,0,nan,0,nan,0,nan,0,nan,0,nan,0
1597988604880081920,1597988605000000000,2020-08-21 13:43:25.000000,19755.0,19840.0,19695.0,19820.0,nan,19765.0,3838,379290350.0,7463,19760.0,122,19745.0,13,nan,0,nan,0,nan,0,nan,0,nan,0,nan,0,nan,0,nan,0
1597988605370327040,1597988605000001024,2020-08-21 13:43:25.000001,19755.0,19840.0,19695.0,19820.0,nan,19765.0,3838,379290350.0,7463,19760.0,52,19750.0,5,nan,0,nan,0,nan,0,nan,0,nan,0,nan,0,nan,0,nan,0
1597988605853553920,1597988606000000000,2020-08-21 13:43:26.000000,19755.0,19840.0,19695.0,19820.0,nan,19765.0,3838,379290350.0,7463,19760.0,12,19750.0,5,nan,0,nan,0,nan,0,nan,0,nan,0,nan,0,nan,0,nan,0
1597988608374117888,1597988608000001024,2020-08-21 13:43:28.000001,19755.0,19840.0,19695.0,19820.0,nan,19765.0,3838,379290350.0,7463,19760.0,12,19750.0,4,nan,0,nan,0,nan,0,nan,0,nan,0,nan,0,nan,0,nan,0
1597988608861088000,1597988609000000000,2020-08-21 13:43:29.000000,19755.0,19840.0,19695.0,19820.0,nan,19765.0,3838,379290350.0,7463,19760.0,22,19750.0,4,nan,0,nan,0,nan,0,nan,0,nan,0,nan,0,nan,0,nan,0
1597988610842692096,1597988611000001024,2020-08-21 13:43:31.000001,19755.0,19840.0,19695.0,19820.0,nan,19765.0,3838,379290350.0,7463,19760.0,12,19750.0,4,nan,0,nan,0,nan,0,nan,0,nan,0,nan,0,nan,0,nan,0
1597988612868366080,1597988613000000000,2020-08-21 13:43:33.000000,19755.0,19840.0,19695.0,19820.0,nan,19765.0,3838,379290350.0,7463,19760.0,12,19750.0,5,nan,0,nan,0,nan,0,nan,0,nan,0,nan,0,nan,0,nan,0
1597988613375557888,1597988614000000000,2020-08-21 13:43:34.000000,19755.0,19840.0,19695.0,19820.0,nan,19765.0,3838,379290350.0,7463,19760.0,12,19750.0,15,nan,0,nan,0,nan,0,nan,0,nan,0,nan,0,nan,0,nan,0
1597988613848944128,1597988614000001024,2020-08-21 13:43:34.000001,19755.0,19840.0,19695.0,19820.0,nan,19765.0,3838,379290350.0,7463,19760.0,1,19750.0,15,nan,0,nan,0,nan,0,nan,0,nan,0,nan,0,nan,0,nan,0
1597988624860528896,1597988625000001024,2020-08-21 13:43:45.000001,19755.0,19840.0,19695.0,19820.0,nan,19765.0,3838,379290350.0,7463,19760.0,1,19750.0,10,nan,0,nan,0,nan,0,nan,0,nan,0,nan,0,nan,0,nan,0
1597988625383382016,1597988626000000000,2020-08-21 13:43:46.000000,19755.0,19840.0,19695.0,19820.0,nan,19765.0,3838,379290350.0,7463,19760.0,11,19745.0,117,nan,0,nan,0,nan,0,nan,0,nan,0,nan,0,nan,0,nan,0
1597988625861850112,1597988626000001024,2020-08-21 13:43:46.000001,19755.0,19840.0,19695.0,19820.0,nan,19765.0,3838,379290350.0,7463,19760.0,22,19745.0,137,nan,0,nan,0,nan,0,nan,0,nan,0,nan,0,nan,0,nan,0
1597988628865075968,1597988629000001024,2020-08-21 13:43:49.000001,19755.0,19840.0,19695.0,19820.0,nan,19765.0,3838,379290350.0,7463,19760.0,22,19745.0,127,nan,0,nan,0,nan,0,nan,0,nan,0,nan,0,nan,0,nan,0
1597988629375947008,1597988629000001792,2020-08-21 13:43:49.000002,19755.0,19840.0,19695.0,19820.0,nan,19765.0,3838,379290350.0,7463,19760.0,22,19745.0,138,nan,0,nan,0,nan,0,nan,0,nan,0,nan,0,nan,0,nan,0
1597988631350849024,1597988631000001024,2020-08-21 13:43:51.000001,19755.0,19840.0,19695.0,19820.0,nan,19765.0,3838,379290350.0,7463,19760.0,22,19750.0,1,nan,0,nan,0,nan,0,nan,0,nan,0,nan,0,nan,0,nan,0
1597988631856717056,1597988632000000000,2020-08-21 13:43:52.000000,19755.0,19840.0,19695.0,19820.0,nan,19765.0,3838,379290350.0,7463,19760.0,22,19745.0,138,nan,0,nan,0,nan,0,nan,0,nan,0,nan,0,nan,0,nan,0
1597988632374713088,1597988633000000000,2020-08-21 13:43:53.000000,19755.0,19840.0,19695.0,19820.0,nan,19765.0,3838,379290350.0,7463,19760.0,12,19745.0,128,nan,0,nan,0,nan,0,nan,0,nan,0,nan,0,nan,0,nan,0
1597988632855846912,1597988633000001024,2020-08-21 13:43:53.000001,19755.0,19840.0,19695.0,19820.0,nan,19765.0,3838,379290350.0,7463,19760.0,22,19745.0,128,nan,0,nan,0,nan,0,nan,0,nan,0,nan,0,nan,0,nan,0
1597988636359161088,1597988636000001792,2020-08-21 13:43:56.000002,19755.0,19840.0,19695.0,19820.0,nan,19765.0,3838,379290350.0,7463,19760.0,32,19750.0,2,nan,0,nan,0,nan,0,nan,0,nan,0,nan,0,nan,0,nan,0
1597988636857025024,1597988637000000000,2020-08-21 13:43:57.000000,19755.0,19840.0,19695.0,19820.0,nan,19765.0,3838,379290350.0,7463,19760.0,12,19750.0,3,nan,0,nan,0,nan,0,nan,0,nan,0,nan,0,nan,0,nan,0
1597988637357167104,1597988637000001024,2020-08-21 13:43:57.000001,19755.0,19840.0,19695.0,19820.0,nan,19765.0,3838,379290350.0,7463,19760.0,12,19750.0,3,nan,0,nan,0,nan,0,nan,0,nan,0,nan,0,nan,0,nan,0
1597988640372861952,1597988640000001024,2020-08-21 13:44:00.000001,19755.0,19840.0,19695.0,19820.0,nan,19765.0,3838,379290350.0,7463,19760.0,12,19750.0,2,nan,0,nan,0,nan,0,nan,0,nan,0,nan,0,nan,0,nan,0
1597988640864848896,1597988641000000000,2020-08-21 13:44:01.000000,19755.0,19840.0,19695.0,19820.0,nan,19765.0,3838,379290350.0,7463,19760.0,22,19750.0,2,nan,0,nan,0,nan,0,nan,0,nan,0,nan,0,nan,0,nan,0
1597988641865468928,1597988642000000000,2020-08-21 13:44:02.000000,19755.0,19840.0,19695.0,19820.0,nan,19765.0,3838,379290350.0,7463,19760.0,12,19750.0,2,nan,0,nan,0,nan,0,nan,0,nan,0,nan,0,nan,0,nan,0
1597988649367100928,1597988649000001024,2020-08-21 13:44:09.000001,19755.0,19840.0,19695.0,19820.0,nan,19765.0,3838,379290350.0,7463,19760.0,12,19750.0,3,nan,0,nan,0,nan,0,nan,0,nan,0,nan,0,nan,0,nan,0
1597988649866948096,1597988650000000000,2020-08-21 13:44:10.000000,19755.0,19840.0,19695.0,19820.0,nan,19765.0,3838,379290350.0,7463,19760.0,12,19750.0,13,nan,0,nan,0,nan,0,nan,0,nan,0,nan,0,nan,0,nan,0
1597988650387376128,1597988650000001024,2020-08-21 13:44:10.000001,19755.0,19840.0,19695.0,19820.0,nan,19765.0,3838,379290350.0,7463,19760.0,1,19750.0,23,nan,0,nan,0,nan,0,nan,0,nan,0,nan,0,nan,0,nan,0
1597988650871710976,1597988651000000000,2020-08-21 13:44:11.000000,19755.0,19840.0,19695.0,19820.0,nan,19765.0,3838,379290350.0,7463,19760.0,1,19755.0,1,nan,0,nan,0,nan,0,nan,0,nan,0,nan,0,nan,0,nan,0
1597988653873831936,1597988654000001024,2020-08-21 13:44:14.000001,19760.0,19840.0,19695.0,19820.0,nan,19765.0,3839,379389175.0,7463,19765.0,79,19755.0,1,nan,0,nan,0,nan,0,nan,0,nan,0,nan,0,nan,0,nan,0
1597988654375900928,1597988654000001792,2020-08-21 13:44:14.000002,19760.0,19840.0,19695.0,19820.0,nan,19765.0,3839,379389175.0,7463,19765.0,49,19755.0,1,nan,0,nan,0,nan,0,nan,0,nan,0,nan,0,nan,0,nan,0
1597988654874970880,1597988655000000000,2020-08-21 13:44:15.000000,19760.0,19840.0,19695.0,19820.0,nan,19765.0,3839,379389175.0,7463,19765.0,29,19755.0,1,nan,0,nan,0,nan,0,nan,0,nan,0,nan,0,nan,0,nan,0
1597988656867549952,1597988657000000000,2020-08-21 13:44:17.000000,19760.0,19840.0,19695.0,19820.0,nan,19765.0,3839,379389175.0,7463,19765.0,18,19755.0,11,nan,0,nan,0,nan,0,nan,0,nan,0,nan,0,nan,0,nan,0
1597988657367661056,1597988657000001024,2020-08-21 13:44:17.000001,19760.0,19840.0,19695.0,19820.0,nan,19765.0,3839,379389175.0,7463,19765.0,18,19755.0,1,nan,0,nan,0,nan,0,nan,0,nan,0,nan,0,nan,0,nan,0
1597988660366860032,1597988660000001792,2020-08-21 13:44:20.000002,19760.0,19840.0,19695.0,19820.0,nan,19765.0,3839,379389175.0,7463,19765.0,19,19755.0,1,nan,0,nan,0,nan,0,nan,0,nan,0,nan,0,nan,0,nan,0
1597988660865891072,1597988661000000000,2020-08-21 13:44:21.000000,19760.0,19840.0,19695.0,19820.0,nan,19765.0,3839,379389175.0,7463,19765.0,29,19755.0,1,nan,0,nan,0,nan,0,nan,0,nan,0,nan,0,nan,0,nan,0
1597988661872645120,1597988662000000000,2020-08-21 13:44:22.000000,19760.0,19840.0,19695.0,19820.0,nan,19765.0,3839,379389175.0,7463,19765.0,19,19755.0,1,nan,0,nan,0,nan,0,nan,0,nan,0,nan,0,nan,0,nan,0
1597988669877893120,1597988670000000000,2020-08-21 13:44:30.000000,19760.0,19840.0,19695.0,19820.0,nan,19765.0,3839,379389175.0,7463,19765.0,20,19755.0,1,nan,0,nan,0,nan,0,nan,0,nan,0,nan,0,nan,0,nan,0
1597988695414895104,1597988696000000000,2020-08-21 13:44:56.000000,19760.0,19840.0,19695.0,19820.0,nan,19765.0,3839,379389175.0,7463,19760.0,1,19755.0,1,nan,0,nan,0,nan,0,nan,0,nan,0,nan,0,nan,0,nan,0
1597988704887749888,1597988705000001024,2020-08-21 13:45:05.000001,19760.0,19840.0,19695.0,19820.0,nan,19765.0,3840,379488000.0,7463,19765.0,40,19760.0,6,nan,0,nan,0,nan,0,nan,0,nan,0,nan,0,nan,0,nan,0
1597988705392713984,1597988706000000000,2020-08-21 13:45:06.000000,19760.0,19840.0,19695.0,19820.0,nan,19765.0,3840,379488000.0,7463,19765.0,10,19760.0,6,nan,0,nan,0,nan,0,nan,0,nan,0,nan,0,nan,0,nan,0
1597988707885779968,1597988708000000000,2020-08-21 13:45:08.000000,19760.0,19840.0,19695.0,19820.0,nan,19765.0,3841,379586825.0,7462,19765.0,9,19760.0,5,nan,0,nan,0,nan,0,nan,0,nan,0,nan,0,nan,0,nan,0
1597988718897377024,1597988719000001024,2020-08-21 13:45:19.000001,19760.0,19840.0,19695.0,19820.0,nan,19765.0,3843,379784475.0,7462,19765.0,9,19760.0,3,nan,0,nan,0,nan,0,nan,0,nan,0,nan,0,nan,0,nan,0
1597988728901709056,1597988729000000000,2020-08-21 13:45:29.000000,19760.0,19840.0,19695.0,19820.0,nan,19765.0,3843,379784475.0,7462,19765.0,8,19760.0,3,nan,0,nan,0,nan,0,nan,0,nan,0,nan,0,nan,0,nan,0
1597988730398247936,1597988730000001792,2020-08-21 13:45:30.000002,19765.0,19840.0,19695.0,19820.0,nan,19765.0,3846,380080950.0,7462,19765.0,5,19755.0,81,nan,0,nan,0,nan,0,nan,0,nan,0,nan,0,nan,0,nan,0
1597988730903863040,1597988731000000000,2020-08-21 13:45:31.000000,19765.0,19840.0,19695.0,19820.0,nan,19765.0,3848,380278600.0,7464,19765.0,2,19755.0,61,nan,0,nan,0,nan,0,nan,0,nan,0,nan,0,nan,0,nan,0
1597988731420195072,1597988731000001024,2020-08-21 13:45:31.000001,19765.0,19840.0,19695.0,19820.0,nan,19765.0,3848,380278600.0,7464,19765.0,2,19755.0,41,nan,0,nan,0,nan,0,nan,0,nan,0,nan,0,nan,0,nan,0
1597988731898784000,1597988732000000000,2020-08-21 13:45:32.000000,19765.0,19840.0,19695.0,19820.0,nan,19765.0,3848,380278600.0,7464,19765.0,2,19755.0,11,nan,0,nan,0,nan,0,nan,0,nan,0,nan,0,nan,0,nan,0
1597988755909207040,1597988756000000000,2020-08-21 13:45:56.000000,19765.0,19840.0,19695.0,19820.0,nan,19765.0,3853,380772725.0,7461,19765.0,2,19760.0,40,nan,0,nan,0,nan,0,nan,0,nan,0,nan,0,nan,0,nan,0
1597988756421229056,1597988757000000000,2020-08-21 13:45:57.000000,19765.0,19840.0,19695.0,19820.0,nan,19765.0,3853,380772725.0,7461,19765.0,2,19760.0,4,nan,0,nan,0,nan,0,nan,0,nan,0,nan,0,nan,0,nan,0
1597988766409262080,1597988767000000000,2020-08-21 13:46:07.000000,19765.0,19840.0,19695.0,19820.0,nan,19765.0,3853,380772725.0,7461,19765.0,2,19755.0,81,nan,0,nan,0,nan,0,nan,0,nan,0,nan,0,nan,0,nan,0
1597988766915485952,1597988767000001024,2020-08-21 13:46:07.000001,19765.0,19840.0,19695.0,19820.0,nan,19765.0,3853,380772725.0,7461,19765.0,2,19755.0,31,nan,0,nan,0,nan,0,nan,0,nan,0,nan,0,nan,0,nan,0
1597988767435802112,1597988768000000000,2020-08-21 13:46:08.000000,19765.0,19840.0,19695.0,19820.0,nan,19765.0,3853,380772725.0,7461,19765.0,2,19755.0,21,nan,0,nan,0,nan,0,nan,0,nan,0,nan,0,nan,0,nan,0
1597988768411821056,1597988769000000000,2020-08-21 13:46:09.000000,19765.0,19840.0,19695.0,19820.0,nan,19765.0,3853,380772725.0,7461,19765.0,2,19755.0,11,nan,0,nan,0,nan,0,nan,0,nan,0,nan,0,nan,0,nan,0
1597988781922415104,1597988782000000000,2020-08-21 13:46:22.000000,19765.0,19840.0,19695.0,19820.0,nan,19765.0,3853,380772725.0,7461,19765.0,13,19755.0,11,nan,0,nan,0,nan,0,nan,0,nan,0,nan,0,nan,0,nan,0
1597988782444818944,1597988783000000000,2020-08-21 13:46:23.000000,19765.0,19840.0,19695.0,19820.0,nan,19765.0,3853,380772725.0,7461,19765.0,23,19755.0,1,nan,0,nan,0,nan,0,nan,0,nan,0,nan,0,nan,0,nan,0
1597988783920581120,1597988784000000000,2020-08-21 13:46:24.000000,19765.0,19840.0,19695.0,19820.0,nan,19765.0,3853,380772725.0,7461,19765.0,13,19755.0,1,nan,0,nan,0,nan,0,nan,0,nan,0,nan,0,nan,0,nan,0
1597988799421022976,1597988800000000000,2020-08-21 13:46:40.000000,19765.0,19840.0,19695.0,19820.0,nan,19765.0,3853,380772725.0,7461,19765.0,18,19755.0,1,nan,0,nan,0,nan,0,nan,0,nan,0,nan,0,nan,0,nan,0
1597988812924073984,1597988813000001024,2020-08-21 13:46:53.000001,19755.0,19840.0,19695.0,19820.0,nan,19765.0,3856,381069200.0,7462,19760.0,41,19750.0,64,nan,0,nan,0,nan,0,nan,0,nan,0,nan,0,nan,0,nan,0
1597988813429519104,1597988814000000000,2020-08-21 13:46:54.000000,19755.0,19840.0,19695.0,19820.0,nan,19765.0,3856,381069200.0,7462,19760.0,1,19750.0,44,nan,0,nan,0,nan,0,nan,0,nan,0,nan,0,nan,0,nan,0
1597988813928198912,1597988814000001024,2020-08-21 13:46:54.000001,19755.0,19840.0,19695.0,19820.0,nan,19765.0,3856,381069200.0,7462,19760.0,1,19750.0,24,nan,0,nan,0,nan,0,nan,0,nan,0,nan,0,nan,0,nan,0
1597988815435802112,1597988816000000000,2020-08-21 13:46:56.000000,19755.0,19840.0,19695.0,19820.0,nan,19765.0,3856,381069200.0,7462,19760.0,1,19750.0,14,nan,0,nan,0,nan,0,nan,0,nan,0,nan,0,nan,0,nan,0
1597988840940602112,1597988841000000000,2020-08-21 13:47:21.000000,19755.0,19840.0,19695.0,19820.0,nan,19765.0,3856,381069200.0,7462,19755.0,1,19750.0,14,nan,0,nan,0,nan,0,nan,0,nan,0,nan,0,nan,0,nan,0
1597988841444811008,1597988842000000000,2020-08-21 13:47:22.000000,19755.0,19840.0,19695.0,19820.0,nan,19765.0,3856,381069200.0,7462,19755.0,1,19750.0,4,nan,0,nan,0,nan,0,nan,0,nan,0,nan,0,nan,0,nan,0
1597988841941361920,1597988842000001024,2020-08-21 13:47:22.000001,19755.0,19840.0,19695.0,19820.0,nan,19765.0,3857,381168025.0,7462,19760.0,41,19750.0,4,nan,0,nan,0,nan,0,nan,0,nan,0,nan,0,nan,0,nan,0
1597988842453246976,1597988843000000000,2020-08-21 13:47:23.000000,19755.0,19840.0,19695.0,19820.0,nan,19765.0,3857,381168025.0,7462,19760.0,11,19750.0,4,nan,0,nan,0,nan,0,nan,0,nan,0,nan,0,nan,0,nan,0
1597988844944968960,1597988845000001024,2020-08-21 13:47:25.000001,19755.0,19840.0,19695.0,19820.0,nan,19765.0,3857,381168025.0,7462,19760.0,12,19750.0,4,nan,0,nan,0,nan,0,nan,0,nan,0,nan,0,nan,0,nan,0
1597988845472475904,1597988846000000000,2020-08-21 13:47:26.000000,19755.0,19840.0,19695.0,19820.0,nan,19765.0,3857,381168025.0,7462,19755.0,1,19750.0,4,nan,0,nan,0,nan,0,nan,0,nan,0,nan,0,nan,0,nan,0
1597988847441665024,1597988847000001792,2020-08-21 13:47:27.000002,19755.0,19840.0,19695.0,19820.0,nan,19765.0,3857,381168025.0,7462,19755.0,2,19750.0,4,nan,0,nan,0,nan,0,nan,0,nan,0,nan,0,nan,0,nan,0
1597988848461954048,1597988849000000000,2020-08-21 13:47:29.000000,19755.0,19840.0,19695.0,19820.0,nan,19765.0,3859,381365675.0,7463,19760.0,52,19750.0,4,nan,0,nan,0,nan,0,nan,0,nan,0,nan,0,nan,0,nan,0
1597988848943789056,1597988849000001024,2020-08-21 13:47:29.000001,19755.0,19840.0,19695.0,19820.0,nan,19765.0,3859,381365675.0,7463,19760.0,22,19750.0,4,nan,0,nan,0,nan,0,nan,0,nan,0,nan,0,nan,0,nan,0
1597988849463399936,1597988849000001792,2020-08-21 13:47:29.000002,19755.0,19840.0,19695.0,19820.0,nan,19765.0,3859,381365675.0,7463,19760.0,12,19750.0,4,nan,0,nan,0,nan,0,nan,0,nan,0,nan,0,nan,0,nan,0
1597988850445453056,1597988851000000000,2020-08-21 13:47:31.000000,19755.0,19840.0,19695.0,19820.0,nan,19765.0,3859,381365675.0,7463,19755.0,1,19750.0,4,nan,0,nan,0,nan,0,nan,0,nan,0,nan,0,nan,0,nan,0
1597988850941517056,1597988851000001024,2020-08-21 13:47:31.000001,19755.0,19840.0,19695.0,19820.0,nan,19765.0,3860,381464500.0,7464,19760.0,42,19750.0,4,nan,0,nan,0,nan,0,nan,0,nan,0,nan,0,nan,0,nan,0
1597988851473060096,1597988852000000000,2020-08-21 13:47:32.000000,19755.0,19840.0,19695.0,19820.0,nan,19765.0,3860,381464500.0,7464,19760.0,12,19750.0,4,nan,0,nan,0,nan,0,nan,0,nan,0,nan,0,nan,0,nan,0
1597988853943670016,1597988854000001024,2020-08-21 13:47:34.000001,19755.0,19840.0,19695.0,19820.0,nan,19765.0,3861,381563325.0,7464,19760.0,52,19750.0,4,nan,0,nan,0,nan,0,nan,0,nan,0,nan,0,nan,0,nan,0
1597988854458202112,1597988855000000000,2020-08-21 13:47:35.000000,19755.0,19840.0,19695.0,19820.0,nan,19765.0,3861,381563325.0,7464,19760.0,22,19750.0,4,nan,0,nan,0,nan,0,nan,0,nan,0,nan,0,nan,0,nan,0
1597988854947339008,1597988855000001024,2020-08-21 13:47:35.000001,19755.0,19840.0,19695.0,19820.0,nan,19765.0,3861,381563325.0,7464,19760.0,12,19755.0,1,nan,0,nan,0,nan,0,nan,0,nan,0,nan,0,nan,0,nan,0
1597988855463695104,1597988855000001792,2020-08-21 13:47:35.000002,19755.0,19840.0,19695.0,19820.0,nan,19765.0,3862,381662150.0,7464,19760.0,2,19750.0,54,nan,0,nan,0,nan,0,nan,0,nan,0,nan,0,nan,0,nan,0
1597988855944935936,1597988856000000000,2020-08-21 13:47:36.000000,19755.0,19840.0,19695.0,19820.0,nan,19765.0,3862,381662150.0,7464,19760.0,2,19750.0,24,nan,0,nan,0,nan,0,nan,0,nan,0,nan,0,nan,0,nan,0
1597988856446362112,1597988857000000000,2020-08-21 13:47:37.000000,19755.0,19840.0,19695.0,19820.0,nan,19765.0,3862,381662150.0,7464,19760.0,2,19750.0,14,nan,0,nan,0,nan,0,nan,0,nan,0,nan,0,nan,0,nan,0
1597988856950574080,1597988857000001024,2020-08-21 13:47:37.000001,19755.0,19840.0,19695.0,19820.0,nan,19765.0,3862,381662150.0,7464,19755.0,1,19750.0,14,nan,0,nan,0,nan,0,nan,0,nan,0,nan,0,nan,0,nan,0
1597988857457295872,1597988858000000000,2020-08-21 13:47:38.000000,19755.0,19840.0,19695.0,19820.0,nan,19765.0,3862,381662150.0,7464,19755.0,1,19750.0,4,nan,0,nan,0,nan,0,nan,0,nan,0,nan,0,nan,0,nan,0
1597988860456788992,1597988860000001024,2020-08-21 13:47:40.000001,19755.0,19840.0,19695.0,19820.0,nan,19765.0,3862,381662150.0,7464,19755.0,2,19750.0,8,nan,0,nan,0,nan,0,nan,0,nan,0,nan,0,nan,0,nan,0
1597988863463951872,1597988864000000000,2020-08-21 13:47:44.000000,19755.0,19840.0,19695.0,19820.0,nan,19765.0,3862,381662150.0,7464,19755.0,3,19750.0,8,nan,0,nan,0,nan,0,nan,0,nan,0,nan,0,nan,0,nan,0
1597988863948002048,1597988864000001024,2020-08-21 13:47:44.000001,19755.0,19840.0,19695.0,19820.0,nan,19765.0,3862,381662150.0,7464,19755.0,4,19750.0,8,nan,0,nan,0,nan,0,nan,0,nan,0,nan,0,nan,0,nan,0
1597988865463759872,1597988866000000000,2020-08-21 13:47:46.000000,19750.0,19840.0,19695.0,19820.0,nan,19765.0,3863,381760975.0,7464,19755.0,4,19750.0,7,nan,0,nan,0,nan,0,nan,0,nan,0,nan,0,nan,0,nan,0
1597988865944101120,1597988866000001024,2020-08-21 13:47:46.000001,19750.0,19840.0,19695.0,19820.0,nan,19765.0,3864,381859800.0,7465,19755.0,4,19750.0,6,nan,0,nan,0,nan,0,nan,0,nan,0,nan,0,nan,0,nan,0
1597988866469007104,1597988867000000000,2020-08-21 13:47:47.000000,19750.0,19840.0,19695.0,19820.0,nan,19765.0,3866,382057450.0,7465,19755.0,5,19750.0,4,nan,0,nan,0,nan,0,nan,0,nan,0,nan,0,nan,0,nan,0
1597988866950373888,1597988867000001024,2020-08-21 13:47:47.000001,19750.0,19840.0,19695.0,19820.0,nan,19765.0,3870,382452750.0,7464,19755.0,6,19745.0,88,nan,0,nan,0,nan,0,nan,0,nan,0,nan,0,nan,0,nan,0
1597988867451468032,1597988868000000000,2020-08-21 13:47:48.000000,19750.0,19840.0,19695.0,19820.0,nan,19765.0,3870,382452750.0,7464,19755.0,6,19745.0,58,nan,0,nan,0,nan,0,nan,0,nan,0,nan,0,nan,0,nan,0
1597988867951504896,1597988868000001024,2020-08-21 13:47:48.000001,19750.0,19840.0,19695.0,19820.0,nan,19765.0,3870,382452750.0,7464,19755.0,3,19745.0,48,nan,0,nan,0,nan,0,nan,0,nan,0,nan,0,nan,0,nan,0
1597988868453342976,1597988869000000000,2020-08-21 13:47:49.000000,19750.0,19840.0,19695.0,19820.0,nan,19765.0,3870,382452750.0,7464,19755.0,3,19745.0,18,nan,0,nan,0,nan,0,nan,0,nan,0,nan,0,nan,0,nan,0
1597988868952131072,1597988869000001024,2020-08-21 13:47:49.000001,19750.0,19840.0,19695.0,19820.0,nan,19765.0,3871,382551575.0,7464,19755.0,44,19745.0,18,nan,0,nan,0,nan,0,nan,0,nan,0,nan,0,nan,0,nan,0
1597988869477774080,1597988870000000000,2020-08-21 13:47:50.000000,19750.0,19840.0,19695.0,19820.0,nan,19765.0,3871,382551575.0,7464,19755.0,14,19745.0,8,nan,0,nan,0,nan,0,nan,0,nan,0,nan,0,nan,0,nan,0
1597988869953541888,1597988870000001024,2020-08-21 13:47:50.000001,19750.0,19840.0,19695.0,19820.0,nan,19765.0,3871,382551575.0,7464,19755.0,13,19745.0,8,nan,0,nan,0,nan,0,nan,0,nan,0,nan,0,nan,0,nan,0
1597988870949545984,1597988871000001024,2020-08-21 13:47:51.000001,19750.0,19840.0,19695.0,19820.0,nan,19765.0,3871,382551575.0,7464,19755.0,12,19745.0,8,nan,0,nan,0,nan,0,nan,0,nan,0,nan,0,nan,0,nan,0
1597988871449041920,1597988871000001792,2020-08-21 13:47:51.000002,19750.0,19840.0,19695.0,19820.0,nan,19765.0,3871,382551575.0,7464,19750.0,1,19745.0,8,nan,0,nan,0,nan,0,nan,0,nan,0,nan,0,nan,0,nan,0
1597988871957233920,1597988872000000000,2020-08-21 13:47:52.000000,19750.0,19840.0,19695.0,19820.0,nan,19765.0,3873,382749225.0,7464,19750.0,1,19745.0,8,nan,0,nan,0,nan,0,nan,0,nan,0,nan,0,nan,0,nan,0
1597988872469097984,1597988873000000000,2020-08-21 13:47:53.000000,19750.0,19840.0,19695.0,19820.0,nan,19765.0,3876,383045700.0,7464,19750.0,1,19745.0,8,nan,0,nan,0,nan,0,nan,0,nan,0,nan,0,nan,0,nan,0
1597988872954653952,1597988873000001024,2020-08-21 13:47:53.000001,19750.0,19840.0,19695.0,19820.0,nan,19765.0,3879,383342175.0,7464,19750.0,1,19745.0,7,nan,0,nan,0,nan,0,nan,0,nan,0,nan,0,nan,0,nan,0
1597988873452562944,1597988874000000000,2020-08-21 13:47:54.000000,19750.0,19840.0,19695.0,19820.0,nan,19765.0,3881,383539825.0,7466,19755.0,51,19745.0,7,nan,0,nan,0,nan,0,nan,0,nan,0,nan,0,nan,0,nan,0
1597988873955070976,1597988874000001024,2020-08-21 13:47:54.000001,19750.0,19840.0,19695.0,19820.0,nan,19765.0,3881,383539825.0,7466,19755.0,22,19745.0,7,nan,0,nan,0,nan,0,nan,0,nan,0,nan,0,nan,0,nan,0
1597988874457553920,1597988875000000000,2020-08-21 13:47:55.000000,19750.0,19840.0,19695.0,19820.0,nan,19765.0,3881,383539825.0,7466,19755.0,12,19745.0,7,nan,0,nan,0,nan,0,nan,0,nan,0,nan,0,nan,0,nan,0
1597988875478286080,1597988876000000000,2020-08-21 13:47:56.000000,19750.0,19840.0,19695.0,19820.0,nan,19765.0,3882,383638650.0,7467,19755.0,52,19745.0,7,nan,0,nan,0,nan,0,nan,0,nan,0,nan,0,nan,0,nan,0
1597988875953925120,1597988876000001024,2020-08-21 13:47:56.000001,19750.0,19840.0,19695.0,19820.0,nan,19765.0,3882,383638650.0,7467,19755.0,22,19745.0,7,nan,0,nan,0,nan,0,nan,0,nan,0,nan,0,nan,0,nan,0
1597988876458519040,1597988876000001792,2020-08-21 13:47:56.000002,19750.0,19840.0,19695.0,19820.0,nan,19765.0,3882,383638650.0,7467,19755.0,12,19745.0,7,nan,0,nan,0,nan,0,nan,0,nan,0,nan,0,nan,0,nan,0
1597988877453556992,1597988878000000000,2020-08-21 13:47:58.000000,19750.0,19840.0,19695.0,19820.0,nan,19765.0,3883,383737475.0,7467,19755.0,52,19745.0,7,nan,0,nan,0,nan,0,nan,0,nan,0,nan,0,nan,0,nan,0
1597988877962471936,1597988878000001024,2020-08-21 13:47:58.000001,19750.0,19840.0,19695.0,19820.0,nan,19765.0,3883,383737475.0,7467,19755.0,22,19745.0,7,nan,0,nan,0,nan,0,nan,0,nan,0,nan,0,nan,0,nan,0
1597988878464750080,1597988879000000000,2020-08-21 13:47:59.000000,19750.0,19840.0,19695.0,19820.0,nan,19765.0,3883,383737475.0,7467,19755.0,12,19745.0,7,nan,0,nan,0,nan,0,nan,0,nan,0,nan,0,nan,0,nan,0
1597988880462023936,1597988881000000000,2020-08-21 13:48:01.000000,19750.0,19840.0,19695.0,19820.0,nan,19765.0,3883,383737475.0,7467,19750.0,1,19745.0,7,nan,0,nan,0,nan,0,nan,0,nan,0,nan,0,nan,0,nan,0
1597988880959322112,1597988881000001024,2020-08-21 13:48:01.000001,19750.0,19840.0,19695.0,19820.0,nan,19765.0,3884,383836300.0,7467,19755.0,41,19745.0,7,nan,0,nan,0,nan,0,nan,0,nan,0,nan,0,nan,0,nan,0
1597988881508665088,1597988882000000000,2020-08-21 13:48:02.000000,19750.0,19840.0,19695.0,19820.0,nan,19765.0,3884,383836300.0,7467,19755.0,12,19745.0,7,nan,0,nan,0,nan,0,nan,0,nan,0,nan,0,nan,0,nan,0
1597988883453958912,1597988884000000000,2020-08-21 13:48:04.000000,19750.0,19840.0,19695.0,19820.0,nan,19765.0,3884,383836300.0,7467,19750.0,1,19745.0,7,nan,0,nan,0,nan,0,nan,0,nan,0,nan,0,nan,0,nan,0
1597988883955162880,1597988884000001024,2020-08-21 13:48:04.000001,19750.0,19840.0,19695.0,19820.0,nan,19765.0,3884,383836300.0,7467,19750.0,2,19745.0,7,nan,0,nan,0,nan,0,nan,0,nan,0,nan,0,nan,0,nan,0
1597988886454161920,1597988887000000000,2020-08-21 13:48:07.000000,19750.0,19840.0,19695.0,19820.0,nan,19765.0,3885,383935125.0,7468,19750.0,2,19745.0,6,nan,0,nan,0,nan,0,nan,0,nan,0,nan,0,nan,0,nan,0
1597988888961541120,1597988889000000000,2020-08-21 13:48:09.000000,19750.0,19840.0,19695.0,19820.0,nan,19765.0,3885,383935125.0,7468,19750.0,1,19745.0,6,nan,0,nan,0,nan,0,nan,0,nan,0,nan,0,nan,0,nan,0
1597988889461274880,1597988889000001024,2020-08-21 13:48:09.000001,19750.0,19840.0,19695.0,19820.0,nan,19765.0,3885,383935125.0,7468,19750.0,2,19745.0,6,nan,0,nan,0,nan,0,nan,0,nan,0,nan,0,nan,0,nan,0
1597988892462900992,1597988893000000000,2020-08-21 13:48:13.000000,19745.0,19840.0,19695.0,19820.0,nan,19765.0,3887,384132775.0,7468,19750.0,3,19745.0,4,nan,0,nan,0,nan,0,nan,0,nan,0,nan,0,nan,0,nan,0
1597988892962778880,1597988893000001024,2020-08-21 13:48:13.000001,19745.0,19840.0,19695.0,19820.0,nan,19765.0,3888,384231600.0,7467,19750.0,3,19745.0,3,nan,0,nan,0,nan,0,nan,0,nan,0,nan,0,nan,0,nan,0
1597988893476179968,1597988894000000000,2020-08-21 13:48:14.000000,19745.0,19840.0,19695.0,19820.0,nan,19765.0,3889,384330425.0,7466,19750.0,6,19745.0,1,nan,0,nan,0,nan,0,nan,0,nan,0,nan,0,nan,0,nan,0
1597988893961803008,1597988894000001024,2020-08-21 13:48:14.000001,19745.0,19840.0,19695.0,19820.0,nan,19765.0,3890,384429250.0,7466,19750.0,7,19740.0,81,nan,0,nan,0,nan,0,nan,0,nan,0,nan,0,nan,0,nan,0
1597988894461673984,1597988895000000000,2020-08-21 13:48:15.000000,19745.0,19840.0,19695.0,19820.0,nan,19765.0,3890,384429250.0,7466,19750.0,6,19740.0,61,nan,0,nan,0,nan,0,nan,0,nan,0,nan,0,nan,0,nan,0
1597988894968379904,1597988895000001024,2020-08-21 13:48:15.000001,19745.0,19840.0,19695.0,19820.0,nan,19765.0,3890,384429250.0,7466,19750.0,6,19740.0,41,nan,0,nan,0,nan,0,nan,0,nan,0,nan,0,nan,0,nan,0
1597988895468679936,1597988896000000000,2020-08-21 13:48:16.000000,19745.0,19840.0,19695.0,19820.0,nan,19765.0,3890,384429250.0,7466,19745.0,1,19740.0,11,nan,0,nan,0,nan,0,nan,0,nan,0,nan,0,nan,0,nan,0
1597988895966535936,1597988896000001024,2020-08-21 13:48:16.000001,19745.0,19840.0,19695.0,19820.0,nan,19765.0,3890,384429250.0,7466,19745.0,1,19740.0,1,nan,0,nan,0,nan,0,nan,0,nan,0,nan,0,nan,0,nan,0
1597988896483761920,1597988897000000000,2020-08-21 13:48:17.000000,19745.0,19840.0,19695.0,19820.0,nan,19765.0,3890,384429250.0,7466,19745.0,2,19740.0,1,nan,0,nan,0,nan,0,nan,0,nan,0,nan,0,nan,0,nan,0
1597988898955706880,1597988899000001024,2020-08-21 13:48:19.000001,19745.0,19840.0,19695.0,19820.0,nan,19765.0,3890,384429250.0,7466,19745.0,3,19740.0,2,nan,0,nan,0,nan,0,nan,0,nan,0,nan,0,nan,0,nan,0
1597988899484753920,1597988899000001792,2020-08-21 13:48:19.000002,19745.0,19840.0,19695.0,19820.0,nan,19765.0,3891,384528075.0,7467,19745.0,2,19740.0,1,nan,0,nan,0,nan,0,nan,0,nan,0,nan,0,nan,0,nan,0
1597988901462721024,1597988902000000000,2020-08-21 13:48:22.000000,19745.0,19840.0,19695.0,19820.0,nan,19765.0,3891,384528075.0,7467,19745.0,3,19740.0,1,nan,0,nan,0,nan,0,nan,0,nan,0,nan,0,nan,0,nan,0
1597988902963469056,1597988903000000000,2020-08-21 13:48:23.000000,19745.0,19840.0,19695.0,19820.0,nan,19765.0,3894,384824550.0,7467,19750.0,114,19740.0,1,nan,0,nan,0,nan,0,nan,0,nan,0,nan,0,nan,0,nan,0
1597988903462097920,1597988904000000000,2020-08-21 13:48:24.000000,19745.0,19840.0,19695.0,19820.0,nan,19765.0,3894,384824550.0,7467,19750.0,21,19740.0,2,nan,0,nan,0,nan,0,nan,0,nan,0,nan,0,nan,0,nan,0
1597988903961640960,1597988904000001024,2020-08-21 13:48:24.000001,19745.0,19840.0,19695.0,19820.0,nan,19765.0,3894,384824550.0,7467,19750.0,11,19740.0,2,nan,0,nan,0,nan,0,nan,0,nan,0,nan,0,nan,0,nan,0
1597988904470874880,1597988905000000000,2020-08-21 13:48:25.000000,19745.0,19840.0,19695.0,19820.0,nan,19765.0,3894,384824550.0,7467,19745.0,1,19740.0,2,nan,0,nan,0,nan,0,nan,0,nan,0,nan,0,nan,0,nan,0
1597988904966789120,1597988905000001024,2020-08-21 13:48:25.000001,19745.0,19840.0,19695.0,19820.0,nan,19765.0,3895,384923375.0,7468,19750.0,31,19740.0,2,nan,0,nan,0,nan,0,nan,0,nan,0,nan,0,nan,0,nan,0
1597988905478226944,1597988906000000000,2020-08-21 13:48:26.000000,19745.0,19840.0,19695.0,19820.0,nan,19765.0,3895,384923375.0,7468,19750.0,11,19740.0,2,nan,0,nan,0,nan,0,nan,0,nan,0,nan,0,nan,0,nan,0
1597988907464960000,1597988908000000000,2020-08-21 13:48:28.000000,19745.0,19840.0,19695.0,19820.0,nan,19765.0,3895,384923375.0,7468,19745.0,1,19740.0,2,nan,0,nan,0,nan,0,nan,0,nan,0,nan,0,nan,0,nan,0
1597988907969911040,1597988908000001024,2020-08-21 13:48:28.000001,19745.0,19840.0,19695.0,19820.0,nan,19765.0,3896,385022200.0,7469,19750.0,31,19740.0,2,nan,0,nan,0,nan,0,nan,0,nan,0,nan,0,nan,0,nan,0
1597988908468315904,1597988908000001792,2020-08-21 13:48:28.000002,19745.0,19840.0,19695.0,19820.0,nan,19765.0,3896,385022200.0,7469,19750.0,11,19740.0,2,nan,0,nan,0,nan,0,nan,0,nan,0,nan,0,nan,0,nan,0
1597988910471091968,1597988911000000000,2020-08-21 13:48:31.000000,19745.0,19840.0,19695.0,19820.0,nan,19765.0,3896,385022200.0,7469,19745.0,1,19740.0,2,nan,0,nan,0,nan,0,nan,0,nan,0,nan,0,nan,0,nan,0
1597988910972464128,1597988911000001024,2020-08-21 13:48:31.000001,19745.0,19840.0,19695.0,19820.0,nan,19765.0,3897,385121025.0,7469,19750.0,31,19740.0,2,nan,0,nan,0,nan,0,nan,0,nan,0,nan,0,nan,0,nan,0
1597988911488902912,1597988912000000000,2020-08-21 13:48:32.000000,19745.0,19840.0,19695.0,19820.0,nan,19765.0,3897,385121025.0,7469,19750.0,11,19740.0,2,nan,0,nan,0,nan,0,nan,0,nan,0,nan,0,nan,0,nan,0
1597988911967088896,1597988912000001024,2020-08-21 13:48:32.000001,19745.0,19840.0,19695.0,19820.0,nan,19765.0,3897,385121025.0,7469,19750.0,11,19745.0,1,nan,0,nan,0,nan,0,nan,0,nan,0,nan,0,nan,0,nan,0
1597988912465722880,1597988913000000000,2020-08-21 13:48:33.000000,19740.0,19840.0,19695.0,19820.0,nan,19765.0,3899,385318675.0,7471,19750.0,1,19740.0,51,nan,0,nan,0,nan,0,nan,0,nan,0,nan,0,nan,0,nan,0
1597988912973517056,1597988913000001024,2020-08-21 13:48:33.000001,19740.0,19840.0,19695.0,19820.0,nan,19765.0,3900,385417500.0,7470,19750.0,1,19740.0,10,nan,0,nan,0,nan,0,nan,0,nan,0,nan,0,nan,0,nan,0
1597988913477204992,1597988914000000000,2020-08-21 13:48:34.000000,19740.0,19840.0,19695.0,19820.0,nan,19765.0,3900,385417500.0,7470,19740.0,1,19735.0,113,nan,0,nan,0,nan,0,nan,0,nan,0,nan,0,nan,0,nan,0
1597988913979355904,1597988914000001024,2020-08-21 13:48:34.000001,19740.0,19840.0,19695.0,19820.0,nan,19765.0,3901,385516325.0,7471,19745.0,21,19735.0,13,nan,0,nan,0,nan,0,nan,0,nan,0,nan,0,nan,0,nan,0
1597988914489644032,1597988915000000000,2020-08-21 13:48:35.000000,19745.0,19840.0,19695.0,19820.0,nan,19765.0,3902,385615150.0,7470,19745.0,10,19735.0,13,nan,0,nan,0,nan,0,nan,0,nan,0,nan,0,nan,0,nan,0
1597988914978308096,1597988915000001024,2020-08-21 13:48:35.000001,19745.0,19840.0,19695.0,19820.0,nan,19765.0,3902,385615150.0,7470,19750.0,80,19735.0,13,nan,0,nan,0,nan,0,nan,0,nan,0,nan,0,nan,0,nan,0
1597988915474521088,1597988916000000000,2020-08-21 13:48:36.000000,19745.0,19840.0,19695.0,19820.0,nan,19765.0,3902,385615150.0,7470,19750.0,80,19735.0,23,nan,0,nan,0,nan,0,nan,0,nan,0,nan,0,nan,0,nan,0
1597988915972620032,1597988916000001024,2020-08-21 13:48:36.000001,19745.0,19840.0,19695.0,19820.0,nan,19765.0,3902,385615150.0,7470,19745.0,1,19735.0,33,nan,0,nan,0,nan,0,nan,0,nan,0,nan,0,nan,0,nan,0
1597988916470650880,1597988917000000000,2020-08-21 13:48:37.000000,19745.0,19840.0,19695.0,19820.0,nan,19765.0,3902,385615150.0,7470,19745.0,2,19735.0,23,nan,0,nan,0,nan,0,nan,0,nan,0,nan,0,nan,0,nan,0
1597988917488922880,1597988917000001792,2020-08-21 13:48:37.000002,19745.0,19840.0,19695.0,19820.0,nan,19765.0,3902,385615150.0,7470,19745.0,2,19735.0,13,nan,0,nan,0,nan,0,nan,0,nan,0,nan,0,nan,0,nan,0
1597988919970562048,1597988920000001024,2020-08-21 13:48:40.000001,19745.0,19840.0,19695.0,19820.0,nan,19765.0,3902,385615150.0,7470,19745.0,8,19735.0,13,nan,0,nan,0,nan,0,nan,0,nan,0,nan,0,nan,0,nan,0
1597988922967410944,1597988923000001024,2020-08-21 13:48:43.000001,19745.0,19840.0,19695.0,19820.0,nan,19765.0,3902,385615150.0,7470,19745.0,9,19735.0,13,nan,0,nan,0,nan,0,nan,0,nan,0,nan,0,nan,0,nan,0
1597988925974924032,1597988926000000000,2020-08-21 13:48:46.000000,19745.0,19840.0,19695.0,19820.0,nan,19765.0,3902,385615150.0,7470,19745.0,10,19735.0,13,nan,0,nan,0,nan,0,nan,0,nan,0,nan,0,nan,0,nan,0
1597988927976400896,1597988928000001024,2020-08-21 13:48:48.000001,19740.0,19840.0,19695.0,19820.0,nan,19765.0,3903,385713975.0,7470,19745.0,10,19735.0,53,nan,0,nan,0,nan,0,nan,0,nan,0,nan,0,nan,0,nan,0
1597988928974046976,1597988929000001024,2020-08-21 13:48:49.000001,19740.0,19840.0,19695.0,19820.0,nan,19765.0,3903,385713975.0,7470,19740.0,1,19735.0,23,nan,0,nan,0,nan,0,nan,0,nan,0,nan,0,nan,0,nan,0
1597988929491684096,1597988930000000000,2020-08-21 13:48:50.000000,19740.0,19840.0,19695.0,19820.0,nan,19765.0,3904,385812800.0,7471,19745.0,69,19735.0,2,nan,0,nan,0,nan,0,nan,0,nan,0,nan,0,nan,0,nan,0
1597988929974156032,1597988930000001024,2020-08-21 13:48:50.000001,19740.0,19840.0,19695.0,19820.0,nan,19765.0,3904,385812800.0,7471,19745.0,40,19735.0,3,nan,0,nan,0,nan,0,nan,0,nan,0,nan,0,nan,0,nan,0
1597988930474582016,1597988931000000000,2020-08-21 13:48:51.000000,19740.0,19840.0,19695.0,19820.0,nan,19765.0,3904,385812800.0,7471,19745.0,20,19735.0,3,nan,0,nan,0,nan,0,nan,0,nan,0,nan,0,nan,0,nan,0
1597988930975634944,1597988931000001024,2020-08-21 13:48:51.000001,19740.0,19840.0,19695.0,19820.0,nan,19765.0,3904,385812800.0,7471,19745.0,19,19735.0,3,nan,0,nan,0,nan,0,nan,0,nan,0,nan,0,nan,0,nan,0
1597988931975172096,1597988932000001024,2020-08-21 13:48:52.000001,19740.0,19840.0,19695.0,19820.0,nan,19765.0,3904,385812800.0,7471,19745.0,18,19735.0,3,nan,0,nan,0,nan,0,nan,0,nan,0,nan,0,nan,0,nan,0
1597988932978363904,1597988933000001024,2020-08-21 13:48:53.000001,19740.0,19840.0,19695.0,19820.0,nan,19765.0,3905,385911625.0,7472,19745.0,17,19735.0,3,nan,0,nan,0,nan,0,nan,0,nan,0,nan,0,nan,0,nan,0
1597988934007623936,1597988934000001024,2020-08-21 13:48:54.000001,19740.0,19840.0,19695.0,19820.0,nan,19765.0,3905,385911625.0,7472,19745.0,21,19735.0,3,nan,0,nan,0,nan,0,nan,0,nan,0,nan,0,nan,0,nan,0
1597988934984828928,1597988935000001024,2020-08-21 13:48:55.000001,19735.0,19840.0,19695.0,19820.0,nan,19765.0,3912,386603400.0,7478,19740.0,31,19730.0,76,nan,0,nan,0,nan,0,nan,0,nan,0,nan,0,nan,0,nan,0
1597988935502129920,1597988936000000000,2020-08-21 13:48:56.000000,19735.0,19840.0,19695.0,19820.0,nan,19765.0,3912,386603400.0,7478,19740.0,1,19730.0,76,nan,0,nan,0,nan,0,nan,0,nan,0,nan,0,nan,0,nan,0
1597988936483260928,1597988936000001792,2020-08-21 13:48:56.000002,19735.0,19840.0,19695.0,19820.0,nan,19765.0,3912,386603400.0,7478,19740.0,2,19730.0,76,nan,0,nan,0,nan,0,nan,0,nan,0,nan,0,nan,0,nan,0
1597988937977078016,1597988938000000000,2020-08-21 13:48:58.000000,19735.0,19840.0,19695.0,19820.0,nan,19765.0,3912,386603400.0,7478,19735.0,1,19730.0,36,nan,0,nan,0,nan,0,nan,0,nan,0,nan,0,nan,0,nan,0
1597988938490254080,1597988939000000000,2020-08-21 13:48:59.000000,19735.0,19840.0,19695.0,19820.0,nan,19765.0,3912,386603400.0,7478,19735.0,1,19730.0,6,nan,0,nan,0,nan,0,nan,0,nan,0,nan,0,nan,0,nan,0
1597988938973350912,1597988939000001024,2020-08-21 13:48:59.000001,19735.0,19840.0,19695.0,19820.0,nan,19765.0,3912,386603400.0,7478,19735.0,14,19730.0,6,nan,0,nan,0,nan,0,nan,0,nan,0,nan,0,nan,0,nan,0
1597988939978963968,1597988940000001024,2020-08-21 13:49:00.000001,19735.0,19840.0,19695.0,19820.0,nan,19765.0,3913,386702225.0,7479,19735.0,13,19730.0,5,nan,0,nan,0,nan,0,nan,0,nan,0,nan,0,nan,0,nan,0
1597988940977573120,1597988941000000000,2020-08-21 13:49:01.000000,19735.0,19840.0,19695.0,19820.0,nan,19765.0,3913,386702225.0,7479,19735.0,14,19730.0,5,nan,0,nan,0,nan,0,nan,0,nan,0,nan,0,nan,0,nan,0
1597988943983542016,1597988944000001024,2020-08-21 13:49:04.000001,19735.0,19840.0,19695.0,19820.0,nan,19765.0,3913,386702225.0,7479,19735.0,15,19730.0,5,nan,0,nan,0,nan,0,nan,0,nan,0,nan,0,nan,0,nan,0
1597988946984224000,1597988947000001024,2020-08-21 13:49:07.000001,19735.0,19840.0,19695.0,19820.0,nan,19765.0,3913,386702225.0,7479,19735.0,16,19730.0,5,nan,0,nan,0,nan,0,nan,0,nan,0,nan,0,nan,0,nan,0
1597988949983826944,1597988950000001024,2020-08-21 13:49:10.000001,19735.0,19840.0,19695.0,19820.0,nan,19765.0,3913,386702225.0,7479,19735.0,17,19730.0,5,nan,0,nan,0,nan,0,nan,0,nan,0,nan,0,nan,0,nan,0
1597988950513256960,1597988951000000000,2020-08-21 13:49:11.000000,19735.0,19840.0,19695.0,19820.0,nan,19765.0,3913,386702225.0,7479,19735.0,18,19730.0,5,nan,0,nan,0,nan,0,nan,0,nan,0,nan,0,nan,0,nan,0
1597988953486465024,1597988954000000000,2020-08-21 13:49:14.000000,19735.0,19840.0,19695.0,19820.0,nan,19765.0,3913,386702225.0,7479,19735.0,19,19730.0,5,nan,0,nan,0,nan,0,nan,0,nan,0,nan,0,nan,0,nan,0
1597988955489912064,1597988956000000000,2020-08-21 13:49:16.000000,19735.0,19840.0,19695.0,19820.0,nan,19765.0,3913,386702225.0,7479,19735.0,19,19730.0,6,nan,0,nan,0,nan,0,nan,0,nan,0,nan,0,nan,0,nan,0
1597988955985204992,1597988956000001024,2020-08-21 13:49:16.000001,19735.0,19840.0,19695.0,19820.0,nan,19765.0,3913,386702225.0,7479,19735.0,20,19730.0,6,nan,0,nan,0,nan,0,nan,0,nan,0,nan,0,nan,0,nan,0
1597988957988442880,1597988958000001024,2020-08-21 13:49:18.000001,19735.0,19840.0,19695.0,19820.0,nan,19765.0,3914,386801050.0,7480,19735.0,19,19730.0,6,nan,0,nan,0,nan,0,nan,0,nan,0,nan,0,nan,0,nan,0
1597988958986358016,1597988959000001024,2020-08-21 13:49:19.000001,19735.0,19840.0,19695.0,19820.0,nan,19765.0,3914,386801050.0,7480,19735.0,20,19730.0,6,nan,0,nan,0,nan,0,nan,0,nan,0,nan,0,nan,0,nan,0
1597988960509050880,1597988961000000000,2020-08-21 13:49:21.000000,19735.0,19840.0,19695.0,19820.0,nan,19765.0,3915,386899875.0,7480,19735.0,19,19730.0,6,nan,0,nan,0,nan,0,nan,0,nan,0,nan,0,nan,0,nan,0
1597988961990991872,1597988962000001024,2020-08-21 13:49:22.000001,19735.0,19840.0,19695.0,19820.0,nan,19765.0,3915,386899875.0,7480,19735.0,20,19730.0,6,nan,0,nan,0,nan,0,nan,0,nan,0,nan,0,nan,0,nan,0
1597988965494949888,1597988966000000000,2020-08-21 13:49:26.000000,19735.0,19840.0,19695.0,19820.0,nan,19765.0,3915,386899875.0,7480,19735.0,21,19730.0,6,nan,0,nan,0,nan,0,nan,0,nan,0,nan,0,nan,0,nan,0
1597988965990607872,1597988966000001024,2020-08-21 13:49:26.000001,19730.0,19840.0,19695.0,19820.0,nan,19765.0,3918,387196350.0,7480,19735.0,21,19730.0,2,nan,0,nan,0,nan,0,nan,0,nan,0,nan,0,nan,0,nan,0
1597988966492865024,1597988967000000000,2020-08-21 13:49:27.000000,19730.0,19840.0,19695.0,19820.0,nan,19765.0,3920,387394000.0,7481,19735.0,21,19725.0,82,nan,0,nan,0,nan,0,nan,0,nan,0,nan,0,nan,0,nan,0
1597988966991374080,1597988967000001024,2020-08-21 13:49:27.000001,19730.0,19840.0,19695.0,19820.0,nan,19765.0,3920,387394000.0,7481,19735.0,20,19725.0,52,nan,0,nan,0,nan,0,nan,0,nan,0,nan,0,nan,0,nan,0
1597988967485928960,1597988968000000000,2020-08-21 13:49:28.000000,19730.0,19840.0,19695.0,19820.0,nan,19765.0,3920,387394000.0,7481,19735.0,19,19725.0,32,nan,0,nan,0,nan,0,nan,0,nan,0,nan,0,nan,0,nan,0
1597988967988645120,1597988968000001024,2020-08-21 13:49:28.000001,19730.0,19840.0,19695.0,19820.0,nan,19765.0,3920,387394000.0,7481,19735.0,19,19725.0,12,nan,0,nan,0,nan,0,nan,0,nan,0,nan,0,nan,0,nan,0
1597988968503725056,1597988969000000000,2020-08-21 13:49:29.000000,19730.0,19840.0,19695.0,19820.0,nan,19765.0,3920,387394000.0,7481,19730.0,1,19725.0,2,nan,0,nan,0,nan,0,nan,0,nan,0,nan,0,nan,0,nan,0
1597988971496389120,1597988972000000000,2020-08-21 13:49:32.000000,19730.0,19840.0,19695.0,19820.0,nan,19765.0,3921,387492825.0,7482,19730.0,1,19725.0,2,nan,0,nan,0,nan,0,nan,0,nan,0,nan,0,nan,0,nan,0
1597988972497976064,1597988973000000000,2020-08-21 13:49:33.000000,19730.0,19840.0,19695.0,19820.0,nan,19765.0,3921,387492825.0,7482,19730.0,1,19725.0,3,nan,0,nan,0,nan,0,nan,0,nan,0,nan,0,nan,0,nan,0
1597988972990625024,1597988973000001024,2020-08-21 13:49:33.000001,19730.0,19840.0,19695.0,19820.0,nan,19765.0,3922,387591650.0,7483,19735.0,61,19725.0,2,nan,0,nan,0,nan,0,nan,0,nan,0,nan,0,nan,0,nan,0
1597988973487634944,1597988974000000000,2020-08-21 13:49:34.000000,19730.0,19840.0,19695.0,19820.0,nan,19765.0,3922,387591650.0,7483,19735.0,62,19725.0,2,nan,0,nan,0,nan,0,nan,0,nan,0,nan,0,nan,0,nan,0
1597988974499606016,1597988975000000000,2020-08-21 13:49:35.000000,19730.0,19840.0,19695.0,19820.0,nan,19765.0,3922,387591650.0,7483,19730.0,1,19725.0,2,nan,0,nan,0,nan,0,nan,0,nan,0,nan,0,nan,0,nan,0
1597988976993957120,1597988977000001024,2020-08-21 13:49:37.000001,19730.0,19840.0,19695.0,19820.0,nan,19765.0,3922,387591650.0,7483,19730.0,1,19725.0,3,nan,0,nan,0,nan,0,nan,0,nan,0,nan,0,nan,0,nan,0
1597988977495015936,1597988978000000000,2020-08-21 13:49:38.000000,19730.0,19840.0,19695.0,19820.0,nan,19765.0,3922,387591650.0,7483,19730.0,2,19725.0,3,nan,0,nan,0,nan,0,nan,0,nan,0,nan,0,nan,0,nan,0
1597988980498010880,1597988981000000000,2020-08-21 13:49:41.000000,19730.0,19840.0,19695.0,19820.0,nan,19765.0,3922,387591650.0,7483,19730.0,3,19725.0,3,nan,0,nan,0,nan,0,nan,0,nan,0,nan,0,nan,0,nan,0
1597988983499804928,1597988984000000000,2020-08-21 13:49:44.000000,19730.0,19840.0,19695.0,19820.0,nan,19765.0,3925,387888125.0,7486,19730.0,1,19725.0,3,nan,0,nan,0,nan,0,nan,0,nan,0,nan,0,nan,0,nan,0
1597988986505207040,1597988987000000000,2020-08-21 13:49:47.000000,19730.0,19840.0,19695.0,19820.0,nan,19765.0,3925,387888125.0,7486,19730.0,2,19725.0,3,nan,0,nan,0,nan,0,nan,0,nan,0,nan,0,nan,0,nan,0
1597988989495448064,1597988990000000000,2020-08-21 13:49:50.000000,19730.0,19840.0,19695.0,19820.0,nan,19765.0,3928,388184600.0,7486,19735.0,61,19725.0,3,nan,0,nan,0,nan,0,nan,0,nan,0,nan,0,nan,0,nan,0
1597988992498266112,1597988993000000000,2020-08-21 13:49:53.000000,19730.0,19840.0,19695.0,19820.0,nan,19765.0,3928,388184600.0,7486,19730.0,1,19725.0,3,nan,0,nan,0,nan,0,nan,0,nan,0,nan,0,nan,0,nan,0
1597988995502381056,1597988996000000000,2020-08-21 13:49:56.000000,19730.0,19840.0,19695.0,19820.0,nan,19765.0,3928,388184600.0,7486,19730.0,2,19725.0,3,nan,0,nan,0,nan,0,nan,0,nan,0,nan,0,nan,0,nan,0
1597988998500838912,1597988999000000000,2020-08-21 13:49:59.000000,19725.0,19840.0,19695.0,19820.0,nan,19765.0,3929,388283425.0,7486,19730.0,3,19725.0,2,nan,0,nan,0,nan,0,nan,0,nan,0,nan,0,nan,0,nan,0
1597988999006737920,1597988999000001024,2020-08-21 13:49:59.000001,19725.0,19840.0,19695.0,19820.0,nan,19765.0,3929,388283425.0,7486,19730.0,3,19725.0,2,nan,0,nan,0,nan,0,nan,0,nan,0,nan,0,nan,0,nan,0
1597989000003992064,1597989000000001024,2020-08-21 13:50:00.000001,19725.0,19840.0,19695.0,19820.0,nan,19765.0,3929,388283425.0,7486,19730.0,3,19725.0,3,nan,0,nan,0,nan,0,nan,0,nan,0,nan,0,nan,0,nan,0
1597989000505449984,1597989001000000000,2020-08-21 13:50:01.000000,19725.0,19840.0,19695.0,19820.0,nan,19765.0,3929,388283425.0,7486,19730.0,2,19725.0,3,nan,0,nan,0,nan,0,nan,0,nan,0,nan,0,nan,0,nan,0
1597989001533745920,1597989002000000000,2020-08-21 13:50:02.000000,19725.0,19840.0,19695.0,19820.0,nan,19765.0,3930,388382250.0,7487,19730.0,2,19725.0,3,nan,0,nan,0,nan,0,nan,0,nan,0,nan,0,nan,0,nan,0
1597989002007661056,1597989002000001024,2020-08-21 13:50:02.000001,19725.0,19840.0,19695.0,19820.0,nan,19765.0,3930,388382250.0,7487,19730.0,5,19725.0,3,nan,0,nan,0,nan,0,nan,0,nan,0,nan,0,nan,0,nan,0
1597989002516386048,1597989003000000000,2020-08-21 13:50:03.000000,19725.0,19840.0,19695.0,19820.0,nan,19765.0,3930,388382250.0,7487,19730.0,4,19725.0,3,nan,0,nan,0,nan,0,nan,0,nan,0,nan,0,nan,0,nan,0
1597989003534204928,1597989004000000000,2020-08-21 13:50:04.000000,19725.0,19840.0,19695.0,19820.0,nan,19765.0,3930,388382250.0,7487,19730.0,3,19725.0,3,nan,0,nan,0,nan,0,nan,0,nan,0,nan,0,nan,0,nan,0
1597989004515998976,1597989004000001792,2020-08-21 13:50:04.000002,19725.0,19840.0,19695.0,19820.0,nan,19765.0,3931,388481075.0,7488,19730.0,3,19725.0,2,nan,0,nan,0,nan,0,nan,0,nan,0,nan,0,nan,0,nan,0
1597989007514523904,1597989008000000000,2020-08-21 13:50:08.000000,19725.0,19840.0,19695.0,19820.0,nan,19765.0,3932,388579900.0,7488,19730.0,3,19725.0,1,nan,0,nan,0,nan,0,nan,0,nan,0,nan,0,nan,0,nan,0
1597989010515202048,1597989011000000000,2020-08-21 13:50:11.000000,19725.0,19840.0,19695.0,19820.0,nan,19765.0,3933,388678725.0,7489,19730.0,3,19720.0,81,nan,0,nan,0,nan,0,nan,0,nan,0,nan,0,nan,0,nan,0
1597989011000352000,1597989011000001024,2020-08-21 13:50:11.000001,19725.0,19840.0,19695.0,19820.0,nan,19765.0,3933,388678725.0,7489,19730.0,3,19720.0,81,nan,0,nan,0,nan,0,nan,0,nan,0,nan,0,nan,0,nan,0
1597989013508602112,1597989014000000000,2020-08-21 13:50:14.000000,19725.0,19840.0,19695.0,19820.0,nan,19765.0,3933,388678725.0,7489,19725.0,1,19720.0,81,nan,0,nan,0,nan,0,nan,0,nan,0,nan,0,nan,0,nan,0
1597989014017326080,1597989014000001024,2020-08-21 13:50:14.000001,19725.0,19840.0,19695.0,19820.0,nan,19765.0,3933,388678725.0,7489,19725.0,1,19720.0,11,nan,0,nan,0,nan,0,nan,0,nan,0,nan,0,nan,0,nan,0
1597989014525481984,1597989015000000000,2020-08-21 13:50:15.000000,19725.0,19840.0,19695.0,19820.0,nan,19765.0,3933,388678725.0,7489,19725.0,1,19720.0,1,nan,0,nan,0,nan,0,nan,0,nan,0,nan,0,nan,0,nan,0
1597989016512381952,1597989017000000000,2020-08-21 13:50:17.000000,19725.0,19840.0,19695.0,19820.0,nan,19765.0,3933,388678725.0,7489,19725.0,2,19720.0,1,nan,0,nan,0,nan,0,nan,0,nan,0,nan,0,nan,0,nan,0
1597989019518737920,1597989020000000000,2020-08-21 13:50:20.000000,19725.0,19840.0,19695.0,19820.0,nan,19765.0,3933,388678725.0,7489,19725.0,3,19720.0,1,nan,0,nan,0,nan,0,nan,0,nan,0,nan,0,nan,0,nan,0
1597989022509603072,1597989023000000000,2020-08-21 13:50:23.000000,19725.0,19840.0,19695.0,19820.0,nan,19765.0,3933,388678725.0,7489,19725.0,4,19720.0,1,nan,0,nan,0,nan,0,nan,0,nan,0,nan,0,nan,0,nan,0
1597989025508324096,1597989026000000000,2020-08-21 13:50:26.000000,19725.0,19840.0,19695.0,19820.0,nan,19765.0,3933,388678725.0,7489,19725.0,5,19720.0,1,nan,0,nan,0,nan,0,nan,0,nan,0,nan,0,nan,0,nan,0
1597989026507724032,1597989027000000000,2020-08-21 13:50:27.000000,19720.0,19840.0,19695.0,19820.0,nan,19765.0,3934,388777550.0,7489,19725.0,5,19720.0,1,nan,0,nan,0,nan,0,nan,0,nan,0,nan,0,nan,0,nan,0
1597989027007186944,1597989027000001024,2020-08-21 13:50:27.000001,19720.0,19840.0,19695.0,19820.0,nan,19765.0,3935,388876375.0,7490,19725.0,5,19715.0,83,nan,0,nan,0,nan,0,nan,0,nan,0,nan,0,nan,0,nan,0
1597989027509486080,1597989028000000000,2020-08-21 13:50:28.000000,19720.0,19840.0,19695.0,19820.0,nan,19765.0,3935,388876375.0,7490,19725.0,4,19715.0,83,nan,0,nan,0,nan,0,nan,0,nan,0,nan,0,nan,0,nan,0
1597989028513508096,1597989029000000000,2020-08-21 13:50:29.000000,19720.0,19840.0,19695.0,19820.0,nan,19765.0,3935,388876375.0,7490,19720.0,1,19715.0,83,nan,0,nan,0,nan,0,nan,0,nan,0,nan,0,nan,0,nan,0
1597989029009747968,1597989029000001024,2020-08-21 13:50:29.000001,19720.0,19840.0,19695.0,19820.0,nan,19765.0,3935,388876375.0,7490,19720.0,1,19715.0,13,nan,0,nan,0,nan,0,nan,0,nan,0,nan,0,nan,0,nan,0
1597989029530029056,1597989030000000000,2020-08-21 13:50:30.000000,19720.0,19840.0,19695.0,19820.0,nan,19765.0,3935,388876375.0,7490,19720.0,1,19715.0,3,nan,0,nan,0,nan,0,nan,0,nan,0,nan,0,nan,0,nan,0
1597989031512941056,1597989032000000000,2020-08-21 13:50:32.000000,19720.0,19840.0,19695.0,19820.0,nan,19765.0,3935,388876375.0,7490,19720.0,2,19715.0,3,nan,0,nan,0,nan,0,nan,0,nan,0,nan,0,nan,0,nan,0
1597989034514146048,1597989035000000000,2020-08-21 13:50:35.000000,19720.0,19840.0,19695.0,19820.0,nan,19765.0,3935,388876375.0,7490,19720.0,3,19715.0,3,nan,0,nan,0,nan,0,nan,0,nan,0,nan,0,nan,0,nan,0
1597989036542159872,1597989037000000000,2020-08-21 13:50:37.000000,19720.0,19840.0,19695.0,19820.0,nan,19765.0,3936,388975200.0,7491,19720.0,2,19715.0,3,nan,0,nan,0,nan,0,nan,0,nan,0,nan,0,nan,0,nan,0
1597989037017701888,1597989037000001024,2020-08-21 13:50:37.000001,19720.0,19840.0,19695.0,19820.0,nan,19765.0,3938,389172850.0,7492,19725.0,60,19715.0,3,nan,0,nan,0,nan,0,nan,0,nan,0,nan,0,nan,0,nan,0
1597989037518117120,1597989038000000000,2020-08-21 13:50:38.000000,19720.0,19840.0,19695.0,19820.0,nan,19765.0,3938,389172850.0,7492,19720.0,1,19715.0,3,nan,0,nan,0,nan,0,nan,0,nan,0,nan,0,nan,0,nan,0
1597989039523435008,1597989040000000000,2020-08-21 13:50:40.000000,19720.0,19840.0,19695.0,19820.0,nan,19765.0,3939,389271675.0,7493,19725.0,50,19715.0,3,nan,0,nan,0,nan,0,nan,0,nan,0,nan,0,nan,0,nan,0
1597989040019727104,1597989040000001024,2020-08-21 13:50:40.000001,19720.0,19840.0,19695.0,19820.0,nan,19765.0,3939,389271675.0,7493,19725.0,35,19715.0,3,nan,0,nan,0,nan,0,nan,0,nan,0,nan,0,nan,0,nan,0
1597989040524694016,1597989041000000000,2020-08-21 13:50:41.000000,19720.0,19840.0,19695.0,19820.0,nan,19765.0,3939,389271675.0,7493,19720.0,1,19715.0,3,nan,0,nan,0,nan,0,nan,0,nan,0,nan,0,nan,0,nan,0
1597989043512261120,1597989044000000000,2020-08-21 13:50:44.000000,19720.0,19840.0,19695.0,19820.0,nan,19765.0,3939,389271675.0,7493,19720.0,2,19715.0,3,nan,0,nan,0,nan,0,nan,0,nan,0,nan,0,nan,0,nan,0
1597989044017786880,1597989044000001024,2020-08-21 13:50:44.000001,19720.0,19840.0,19695.0,19820.0,nan,19765.0,3941,389469325.0,7495,19725.0,65,19715.0,3,nan,0,nan,0,nan,0,nan,0,nan,0,nan,0,nan,0,nan,0
1597989044513704960,1597989045000000000,2020-08-21 13:50:45.000000,19720.0,19840.0,19695.0,19820.0,nan,19765.0,3941,389469325.0,7495,19725.0,45,19715.0,3,nan,0,nan,0,nan,0,nan,0,nan,0,nan,0,nan,0,nan,0
1597989045018765056,1597989045000001024,2020-08-21 13:50:45.000001,19720.0,19840.0,19695.0,19820.0,nan,19765.0,3941,389469325.0,7495,19725.0,25,19715.0,3,nan,0,nan,0,nan,0,nan,0,nan,0,nan,0,nan,0,nan,0
1597989045514615040,1597989045000001792,2020-08-21 13:50:45.000002,19720.0,19840.0,19695.0,19820.0,nan,19765.0,3941,389469325.0,7495,19725.0,15,19715.0,3,nan,0,nan,0,nan,0,nan,0,nan,0,nan,0,nan,0,nan,0
1597989046519307008,1597989047000000000,2020-08-21 13:50:47.000000,19720.0,19840.0,19695.0,19820.0,nan,19765.0,3941,389469325.0,7495,19720.0,1,19715.0,3,nan,0,nan,0,nan,0,nan,0,nan,0,nan,0,nan,0,nan,0
1597989049517284096,1597989050000000000,2020-08-21 13:50:50.000000,19720.0,19840.0,19695.0,19820.0,nan,19765.0,3941,389469325.0,7495,19720.0,2,19715.0,3,nan,0,nan,0,nan,0,nan,0,nan,0,nan,0,nan,0,nan,0
1597989054021376000,1597989054000001024,2020-08-21 13:50:54.000001,19720.0,19840.0,19695.0,19820.0,nan,19765.0,3941,389469325.0,7495,19720.0,7,19715.0,3,nan,0,nan,0,nan,0,nan,0,nan,0,nan,0,nan,0,nan,0
1597989062534192128,1597989063000000000,2020-08-21 13:51:03.000000,19715.0,19840.0,19695.0,19820.0,nan,19765.0,3945,389864625.0,7492,19720.0,7,19710.0,82,nan,0,nan,0,nan,0,nan,0,nan,0,nan,0,nan,0,nan,0
1597989063030482944,1597989063000001024,2020-08-21 13:51:03.000001,19715.0,19840.0,19695.0,19820.0,nan,19765.0,3945,389864625.0,7492,19720.0,7,19710.0,32,nan,0,nan,0,nan,0,nan,0,nan,0,nan,0,nan,0,nan,0
1597989063531526912,1597989064000000000,2020-08-21 13:51:04.000000,19715.0,19840.0,19695.0,19820.0,nan,19765.0,3945,389864625.0,7492,19720.0,7,19710.0,12,nan,0,nan,0,nan,0,nan,0,nan,0,nan,0,nan,0,nan,0
1597989065045029888,1597989065000001024,2020-08-21 13:51:05.000001,19715.0,19840.0,19695.0,19820.0,nan,19765.0,3945,389864625.0,7492,19720.0,6,19710.0,12,nan,0,nan,0,nan,0,nan,0,nan,0,nan,0,nan,0,nan,0
1597989066032257024,1597989066000000000,2020-08-21 13:51:06.000000,19715.0,19840.0,19695.0,19820.0,nan,19765.0,3945,389864625.0,7492,19720.0,7,19710.0,12,nan,0,nan,0,nan,0,nan,0,nan,0,nan,0,nan,0,nan,0
1597989066535237120,1597989067000000000,2020-08-21 13:51:07.000000,19715.0,19840.0,19695.0,19820.0,nan,19765.0,3945,389864625.0,7492,19720.0,8,19710.0,12,nan,0,nan,0,nan,0,nan,0,nan,0,nan,0,nan,0,nan,0
1597989067033504000,1597989067000001024,2020-08-21 13:51:07.000001,19715.0,19840.0,19695.0,19820.0,nan,19765.0,3945,389864625.0,7492,19720.0,7,19710.0,12,nan,0,nan,0,nan,0,nan,0,nan,0,nan,0,nan,0,nan,0
1597989068037118976,1597989068000001024,2020-08-21 13:51:08.000001,19715.0,19840.0,19695.0,19820.0,nan,19765.0,3945,389864625.0,7492,19715.0,2,19710.0,12,nan,0,nan,0,nan,0,nan,0,nan,0,nan,0,nan,0,nan,0
1597989068530292992,1597989069000000000,2020-08-21 13:51:09.000000,19715.0,19840.0,19695.0,19820.0,nan,19765.0,3945,389864625.0,7492,19715.0,2,19710.0,2,nan,0,nan,0,nan,0,nan,0,nan,0,nan,0,nan,0,nan,0
1597989071024771072,1597989071000001024,2020-08-21 13:51:11.000001,19715.0,19840.0,19695.0,19820.0,nan,19765.0,3945,389864625.0,7492,19715.0,3,19710.0,2,nan,0,nan,0,nan,0,nan,0,nan,0,nan,0,nan,0,nan,0
1597989082030503936,1597989082000001024,2020-08-21 13:51:22.000001,19715.0,19840.0,19695.0,19820.0,nan,19765.0,3945,389864625.0,7492,19715.0,3,19710.0,3,nan,0,nan,0,nan,0,nan,0,nan,0,nan,0,nan,0,nan,0
1597989082534959104,1597989083000000000,2020-08-21 13:51:23.000000,19715.0,19840.0,19695.0,19820.0,nan,19765.0,3946,389963450.0,7493,19715.0,2,19710.0,3,nan,0,nan,0,nan,0,nan,0,nan,0,nan,0,nan,0,nan,0
1597989088033999872,1597989088000001024,2020-08-21 13:51:28.000001,19715.0,19840.0,19695.0,19820.0,nan,19765.0,3947,390062275.0,7493,19715.0,1,19710.0,3,nan,0,nan,0,nan,0,nan,0,nan,0,nan,0,nan,0,nan,0
1597989094542884096,1597989095000000000,2020-08-21 13:51:35.000000,19715.0,19840.0,19695.0,19820.0,nan,19765.0,3947,390062275.0,7493,19715.0,1,19710.0,4,nan,0,nan,0,nan,0,nan,0,nan,0,nan,0,nan,0,nan,0
1597989096039891968,1597989096000001024,2020-08-21 13:51:36.000001,19715.0,19840.0,19695.0,19820.0,nan,19765.0,3948,390161100.0,7494,19720.0,87,19710.0,4,nan,0,nan,0,nan,0,nan,0,nan,0,nan,0,nan,0,nan,0
1597989096543258880,1597989097000000000,2020-08-21 13:51:37.000000,19715.0,19840.0,19695.0,19820.0,nan,19765.0,3948,390161100.0,7494,19720.0,57,19710.0,4,nan,0,nan,0,nan,0,nan,0,nan,0,nan,0,nan,0,nan,0
1597989097039218944,1597989097000001024,2020-08-21 13:51:37.000001,19715.0,19840.0,19695.0,19820.0,nan,19765.0,3948,390161100.0,7494,19720.0,47,19710.0,4,nan,0,nan,0,nan,0,nan,0,nan,0,nan,0,nan,0,nan,0
1597989097540882944,1597989097000001792,2020-08-21 13:51:37.000002,19715.0,19840.0,19695.0,19820.0,nan,19765.0,3948,390161100.0,7494,19720.0,27,19710.0,4,nan,0,nan,0,nan,0,nan,0,nan,0,nan,0,nan,0,nan,0
1597989098045432064,1597989098000000000,2020-08-21 13:51:38.000000,19715.0,19840.0,19695.0,19820.0,nan,19765.0,3948,390161100.0,7494,19720.0,17,19710.0,4,nan,0,nan,0,nan,0,nan,0,nan,0,nan,0,nan,0,nan,0
1597989101034927104,1597989101000001024,2020-08-21 13:51:41.000001,19715.0,19840.0,19695.0,19820.0,nan,19765.0,3949,390259925.0,7494,19720.0,17,19710.0,34,nan,0,nan,0,nan,0,nan,0,nan,0,nan,0,nan,0,nan,0
1597989101538072064,1597989101000001792,2020-08-21 13:51:41.000002,19715.0,19840.0,19695.0,19820.0,nan,19765.0,3949,390259925.0,7494,19720.0,7,19710.0,14,nan,0,nan,0,nan,0,nan,0,nan,0,nan,0,nan,0,nan,0
1597989105041878016,1597989105000001024,2020-08-21 13:51:45.000001,19720.0,19840.0,19695.0,19820.0,nan,19765.0,3952,390556400.0,7497,19720.0,4,19710.0,14,nan,0,nan,0,nan,0,nan,0,nan,0,nan,0,nan,0,nan,0
1597989107050952960,1597989107000001024,2020-08-21 13:51:47.000001,19720.0,19840.0,19695.0,19820.0,nan,19765.0,3952,390556400.0,7497,19720.0,4,19715.0,1,nan,0,nan,0,nan,0,nan,0,nan,0,nan,0,nan,0,nan,0
1597989109541829888,1597989110000000000,2020-08-21 13:51:50.000000,19720.0,19840.0,19695.0,19820.0,nan,19765.0,3952,390556400.0,7497,19720.0,5,19715.0,1,nan,0,nan,0,nan,0,nan,0,nan,0,nan,0,nan,0,nan,0
1597989111544560128,1597989112000000000,2020-08-21 13:51:52.000000,19720.0,19840.0,19695.0,19820.0,nan,19765.0,3954,390754050.0,7499,19720.0,3,19715.0,1,nan,0,nan,0,nan,0,nan,0,nan,0,nan,0,nan,0,nan,0
1597989112541824000,1597989113000000000,2020-08-21 13:51:53.000000,19720.0,19840.0,19695.0,19820.0,nan,19765.0,3955,390852875.0,7499,19720.0,3,19715.0,1,nan,0,nan,0,nan,0,nan,0,nan,0,nan,0,nan,0,nan,0
1597989113046706944,1597989113000001024,2020-08-21 13:51:53.000001,19720.0,19840.0,19695.0,19820.0,nan,19765.0,3955,390852875.0,7499,19720.0,3,19715.0,2,nan,0,nan,0,nan,0,nan,0,nan,0,nan,0,nan,0,nan,0
1597989120048084992,1597989120000001024,2020-08-21 13:52:00.000001,19715.0,19840.0,19695.0,19820.0,nan,19765.0,3956,390951700.0,7499,19720.0,3,19715.0,1,nan,0,nan,0,nan,0,nan,0,nan,0,nan,0,nan,0,nan,0
1597989120548359936,1597989121000000000,2020-08-21 13:52:01.000000,19715.0,19840.0,19695.0,19820.0,nan,19765.0,3957,391050525.0,7499,19720.0,3,19710.0,74,nan,0,nan,0,nan,0,nan,0,nan,0,nan,0,nan,0,nan,0
1597989122551993088,1597989123000000000,2020-08-21 13:52:03.000000,19710.0,19840.0,19695.0,19820.0,nan,19765.0,3958,391149350.0,7500,19715.0,1,19710.0,33,nan,0,nan,0,nan,0,nan,0,nan,0,nan,0,nan,0,nan,0
1597989123042076928,1597989123000001024,2020-08-21 13:52:03.000001,19710.0,19840.0,19695.0,19820.0,nan,19765.0,3960,391347000.0,7502,19715.0,1,19710.0,2,nan,0,nan,0,nan,0,nan,0,nan,0,nan,0,nan,0,nan,0
1597989123549826048,1597989124000000000,2020-08-21 13:52:04.000000,19710.0,19840.0,19695.0,19820.0,nan,19765.0,3962,391544650.0,7504,19715.0,2,19705.0,83,nan,0,nan,0,nan,0,nan,0,nan,0,nan,0,nan,0,nan,0
1597989124053383936,1597989124000001024,2020-08-21 13:52:04.000001,19710.0,19840.0,19695.0,19820.0,nan,19765.0,3962,391544650.0,7504,19710.0,1,19705.0,53,nan,0,nan,0,nan,0,nan,0,nan,0,nan,0,nan,0,nan,0
1597989124551843072,1597989125000000000,2020-08-21 13:52:05.000000,19710.0,19840.0,19695.0,19820.0,nan,19765.0,3962,391544650.0,7504,19710.0,2,19705.0,23,nan,0,nan,0,nan,0,nan,0,nan,0,nan,0,nan,0,nan,0
1597989125069224960,1597989125000001024,2020-08-21 13:52:05.000001,19710.0,19840.0,19695.0,19820.0,nan,19765.0,3962,391544650.0,7504,19710.0,2,19705.0,13,nan,0,nan,0,nan,0,nan,0,nan,0,nan,0,nan,0,nan,0
1597989125542970112,1597989126000000000,2020-08-21 13:52:06.000000,19710.0,19840.0,19695.0,19820.0,nan,19765.0,3962,391544650.0,7504,19710.0,2,19705.0,3,nan,0,nan,0,nan,0,nan,0,nan,0,nan,0,nan,0,nan,0
1597989129050686976,1597989129000001024,2020-08-21 13:52:09.000001,19710.0,19840.0,19695.0,19820.0,nan,19765.0,3964,391742300.0,7505,19715.0,50,19705.0,3,nan,0,nan,0,nan,0,nan,0,nan,0,nan,0,nan,0,nan,0
1597989129576706048,1597989130000000000,2020-08-21 13:52:10.000000,19710.0,19840.0,19695.0,19820.0,nan,19765.0,3965,391841125.0,7506,19715.0,51,19705.0,3,nan,0,nan,0,nan,0,nan,0,nan,0,nan,0,nan,0,nan,0
1597989130046339072,1597989130000001024,2020-08-21 13:52:10.000001,19710.0,19840.0,19695.0,19820.0,nan,19765.0,3966,391939950.0,7507,19715.0,61,19705.0,3,nan,0,nan,0,nan,0,nan,0,nan,0,nan,0,nan,0,nan,0
1597989130547107072,1597989131000000000,2020-08-21 13:52:11.000000,19710.0,19840.0,19695.0,19820.0,nan,19765.0,3966,391939950.0,7507,19715.0,40,19705.0,3,nan,0,nan,0,nan,0,nan,0,nan,0,nan,0,nan,0,nan,0
1597989131081306880,1597989131000001024,2020-08-21 13:52:11.000001,19710.0,19840.0,19695.0,19820.0,nan,19765.0,3966,391939950.0,7507,19715.0,10,19705.0,3,nan,0,nan,0,nan,0,nan,0,nan,0,nan,0,nan,0,nan,0
1597989131548130048,1597989132000000000,2020-08-21 13:52:12.000000,19710.0,19840.0,19695.0,19820.0,nan,19765.0,3966,391939950.0,7507,19720.0,112,19705.0,3,nan,0,nan,0,nan,0,nan,0,nan,0,nan,0,nan,0,nan,0
1597989132082018048,1597989132000001024,2020-08-21 13:52:12.000001,19710.0,19840.0,19695.0,19820.0,nan,19765.0,3966,391939950.0,7507,19720.0,132,19705.0,13,nan,0,nan,0,nan,0,nan,0,nan,0,nan,0,nan,0,nan,0
1597989132548915968,1597989133000000000,2020-08-21 13:52:13.000000,19710.0,19840.0,19695.0,19820.0,nan,19765.0,3966,391939950.0,7507,19720.0,132,19705.0,13,nan,0,nan,0,nan,0,nan,0,nan,0,nan,0,nan,0,nan,0
1597989133048047104,1597989133000001024,2020-08-21 13:52:13.000001,19710.0,19840.0,19695.0,19820.0,nan,19765.0,3966,391939950.0,7507,19720.0,92,19710.0,1,nan,0,nan,0,nan,0,nan,0,nan,0,nan,0,nan,0,nan,0
1597989133548620032,1597989133000001792,2020-08-21 13:52:13.000002,19710.0,19840.0,19695.0,19820.0,nan,19765.0,3966,391939950.0,7507,19720.0,72,19710.0,1,nan,0,nan,0,nan,0,nan,0,nan,0,nan,0,nan,0,nan,0
1597989135549274112,1597989136000000000,2020-08-21 13:52:16.000000,19710.0,19840.0,19695.0,19820.0,nan,19765.0,3966,391939950.0,7507,19720.0,52,19710.0,1,nan,0,nan,0,nan,0,nan,0,nan,0,nan,0,nan,0,nan,0
1597989136050342912,1597989136000001024,2020-08-21 13:52:16.000001,19710.0,19840.0,19695.0,19820.0,nan,19765.0,3966,391939950.0,7507,19720.0,32,19710.0,2,nan,0,nan,0,nan,0,nan,0,nan,0,nan,0,nan,0,nan,0
1597989136551678976,1597989137000000000,2020-08-21 13:52:17.000000,19710.0,19840.0,19695.0,19820.0,nan,19765.0,3966,391939950.0,7507,19720.0,12,19710.0,3,nan,0,nan,0,nan,0,nan,0,nan,0,nan,0,nan,0,nan,0
1597989160060271104,1597989160000001024,2020-08-21 13:52:40.000001,19710.0,19840.0,19695.0,19820.0,nan,19765.0,3966,391939950.0,7507,19720.0,27,19710.0,3,nan,0,nan,0,nan,0,nan,0,nan,0,nan,0,nan,0,nan,0
1597989192567544064,1597989193000000000,2020-08-21 13:53:13.000000,19710.0,19840.0,19695.0,19820.0,nan,19765.0,3966,391939950.0,7507,19720.0,17,19715.0,1,nan,0,nan,0,nan,0,nan,0,nan,0,nan,0,nan,0,nan,0
1597989193070553088,1597989193000001024,2020-08-21 13:53:13.000001,19710.0,19840.0,19695.0,19820.0,nan,19765.0,3966,391939950.0,7507,19720.0,7,19710.0,53,nan,0,nan,0,nan,0,nan,0,nan,0,nan,0,nan,0,nan,0
1597989204101451008,1597989204000001024,2020-08-21 13:53:24.000001,19710.0,19840.0,19695.0,19820.0,nan,19765.0,3966,391939950.0,7507,19720.0,7,19715.0,2,nan,0,nan,0,nan,0,nan,0,nan,0,nan,0,nan,0,nan,0
1597989206579834880,1597989207000000000,2020-08-21 13:53:27.000000,19710.0,19840.0,19695.0,19820.0,nan,19765.0,3966,391939950.0,7507,19720.0,7,19715.0,3,nan,0,nan,0,nan,0,nan,0,nan,0,nan,0,nan,0,nan,0
1597989209087828992,1597989209000001024,2020-08-21 13:53:29.000001,19720.0,19840.0,19695.0,19820.0,nan,19765.0,3967,392038775.0,7507,19720.0,6,19715.0,3,nan,0,nan,0,nan,0,nan,0,nan,0,nan,0,nan,0,nan,0
1597989209585745920,1597989210000000000,2020-08-21 13:53:30.000000,19720.0,19840.0,19695.0,19820.0,nan,19765.0,3968,392137600.0,7508,19720.0,6,19715.0,3,nan,0,nan,0,nan,0,nan,0,nan,0,nan,0,nan,0,nan,0
1597989210584943104,1597989211000000000,2020-08-21 13:53:31.000000,19720.0,19840.0,19695.0,19820.0,nan,19765.0,3969,392236425.0,7508,19720.0,5,19715.0,3,nan,0,nan,0,nan,0,nan,0,nan,0,nan,0,nan,0,nan,0
1597989215091296000,1597989215000000000,2020-08-21 13:53:35.000000,19720.0,19840.0,19695.0,19820.0,nan,19765.0,3970,392335250.0,7509,19720.0,4,19715.0,3,nan,0,nan,0,nan,0,nan,0,nan,0,nan,0,nan,0,nan,0
1597989215577861888,1597989216000000000,2020-08-21 13:53:36.000000,19720.0,19840.0,19695.0,19820.0,nan,19765.0,3971,392434075.0,7510,19720.0,3,19715.0,3,nan,0,nan,0,nan,0,nan,0,nan,0,nan,0,nan,0,nan,0
1597989221586449920,1597989222000000000,2020-08-21 13:53:42.000000,19720.0,19840.0,19695.0,19820.0,nan,19765.0,3975,392829375.0,7510,19720.0,1,19715.0,3,nan,0,nan,0,nan,0,nan,0,nan,0,nan,0,nan,0,nan,0
1597989222103046912,1597989222000001024,2020-08-21 13:53:42.000001,19720.0,19840.0,19695.0,19820.0,nan,19765.0,3977,393027025.0,7511,19720.0,1,19715.0,3,nan,0,nan,0,nan,0,nan,0,nan,0,nan,0,nan,0,nan,0
1597989222588973056,1597989223000000000,2020-08-21 13:53:43.000000,19720.0,19840.0,19695.0,19820.0,nan,19765.0,3978,393125850.0,7511,19725.0,50,19715.0,3,nan,0,nan,0,nan,0,nan,0,nan,0,nan,0,nan,0,nan,0
1597989223086238976,1597989223000001024,2020-08-21 13:53:43.000001,19720.0,19840.0,19695.0,19820.0,nan,19765.0,3978,393125850.0,7511,19725.0,20,19715.0,3,nan,0,nan,0,nan,0,nan,0,nan,0,nan,0,nan,0,nan,0
1597989223589979904,1597989224000000000,2020-08-21 13:53:44.000000,19720.0,19840.0,19695.0,19820.0,nan,19765.0,3978,393125850.0,7511,19725.0,10,19715.0,3,nan,0,nan,0,nan,0,nan,0,nan,0,nan,0,nan,0,nan,0
1597989224109376000,1597989224000001024,2020-08-21 13:53:44.000001,19720.0,19840.0,19695.0,19820.0,nan,19765.0,3978,393125850.0,7511,19730.0,83,19720.0,1,nan,0,nan,0,nan,0,nan,0,nan,0,nan,0,nan,0,nan,0
1597989224588706048,1597989225000000000,2020-08-21 13:53:45.000000,19720.0,19840.0,19695.0,19820.0,nan,19765.0,3978,393125850.0,7511,19730.0,73,19720.0,1,nan,0,nan,0,nan,0,nan,0,nan,0,nan,0,nan,0,nan,0
1597989227594906880,1597989228000000000,2020-08-21 13:53:48.000000,19720.0,19840.0,19695.0,19820.0,nan,19765.0,3978,393125850.0,7511,19730.0,53,19720.0,1,nan,0,nan,0,nan,0,nan,0,nan,0,nan,0,nan,0,nan,0
1597989228096158976,1597989228000001024,2020-08-21 13:53:48.000001,19720.0,19840.0,19695.0,19820.0,nan,19765.0,3978,393125850.0,7511,19730.0,33,19720.0,1,nan,0,nan,0,nan,0,nan,0,nan,0,nan,0,nan,0,nan,0
1597989228581011968,1597989229000000000,2020-08-21 13:53:49.000000,19720.0,19840.0,19695.0,19820.0,nan,19765.0,3978,393125850.0,7511,19730.0,23,19720.0,1,nan,0,nan,0,nan,0,nan,0,nan,0,nan,0,nan,0,nan,0
1597989247101883904,1597989247000001024,2020-08-21 13:54:07.000001,19720.0,19840.0,19695.0,19820.0,nan,19765.0,3979,393224675.0,7512,19730.0,23,19715.0,122,nan,0,nan,0,nan,0,nan,0,nan,0,nan,0,nan,0,nan,0
1597989247599596032,1597989248000000000,2020-08-21 13:54:08.000000,19720.0,19840.0,19695.0,19820.0,nan,19765.0,3979,393224675.0,7512,19730.0,23,19715.0,132,nan,0,nan,0,nan,0,nan,0,nan,0,nan,0,nan,0,nan,0
1597989248104700928,1597989248000001024,2020-08-21 13:54:08.000001,19720.0,19840.0,19695.0,19820.0,nan,19765.0,3979,393224675.0,7512,19730.0,23,19715.0,131,nan,0,nan,0,nan,0,nan,0,nan,0,nan,0,nan,0,nan,0
1597989248594344960,1597989249000000000,2020-08-21 13:54:09.000000,19730.0,19840.0,19695.0,19820.0,nan,19765.0,3984,393718800.0,7512,19730.0,10,19725.0,2,nan,0,nan,0,nan,0,nan,0,nan,0,nan,0,nan,0,nan,0
1597989249101167104,1597989249000001024,2020-08-21 13:54:09.000001,19725.0,19840.0,19695.0,19820.0,nan,19765.0,3986,393916450.0,7514,19730.0,10,19720.0,50,nan,0,nan,0,nan,0,nan,0,nan,0,nan,0,nan,0,nan,0
1597989249601298944,1597989250000000000,2020-08-21 13:54:10.000000,19725.0,19840.0,19695.0,19820.0,nan,19765.0,3986,393916450.0,7514,19730.0,10,19715.0,131,nan,0,nan,0,nan,0,nan,0,nan,0,nan,0,nan,0,nan,0
1597989250101607936,1597989250000001024,2020-08-21 13:54:10.000001,19725.0,19840.0,19695.0,19820.0,nan,19765.0,3986,393916450.0,7514,19730.0,10,19715.0,121,nan,0,nan,0,nan,0,nan,0,nan,0,nan,0,nan,0,nan,0
1597989253612432896,1597989254000000000,2020-08-21 13:54:14.000000,19725.0,19840.0,19695.0,19820.0,nan,19765.0,3986,393916450.0,7514,19730.0,20,19715.0,131,nan,0,nan,0,nan,0,nan,0,nan,0,nan,0,nan,0,nan,0
1597989255132464896,1597989255000001024,2020-08-21 13:54:15.000001,19725.0,19840.0,19695.0,19820.0,nan,19765.0,3986,393916450.0,7514,19730.0,20,19715.0,121,nan,0,nan,0,nan,0,nan,0,nan,0,nan,0,nan,0,nan,0
1597989255601154048,1597989256000000000,2020-08-21 13:54:16.000000,19725.0,19840.0,19695.0,19820.0,nan,19765.0,3986,393916450.0,7514,19730.0,20,19715.0,131,nan,0,nan,0,nan,0,nan,0,nan,0,nan,0,nan,0,nan,0
1597989261131836928,1597989261000001024,2020-08-21 13:54:21.000001,19725.0,19840.0,19695.0,19820.0,nan,19765.0,3986,393916450.0,7514,19730.0,20,19715.0,121,nan,0,nan,0,nan,0,nan,0,nan,0,nan,0,nan,0,nan,0
1597989261597861888,1597989262000000000,2020-08-21 13:54:22.000000,19725.0,19840.0,19695.0,19820.0,nan,19765.0,3986,393916450.0,7514,19730.0,20,19715.0,131,nan,0,nan,0,nan,0,nan,0,nan,0,nan,0,nan,0,nan,0
1597989262598107904,1597989263000000000,2020-08-21 13:54:23.000000,19725.0,19840.0,19695.0,19820.0,nan,19765.0,3986,393916450.0,7514,19730.0,40,19720.0,1,nan,0,nan,0,nan,0,nan,0,nan,0,nan,0,nan,0,nan,0
1597989263117265920,1597989263000001024,2020-08-21 13:54:23.000001,19725.0,19840.0,19695.0,19820.0,nan,19765.0,3986,393916450.0,7514,19730.0,30,19720.0,1,nan,0,nan,0,nan,0,nan,0,nan,0,nan,0,nan,0,nan,0
1597989263602121984,1597989264000000000,2020-08-21 13:54:24.000000,19725.0,19840.0,19695.0,19820.0,nan,19765.0,3986,393916450.0,7514,19730.0,20,19720.0,1,nan,0,nan,0,nan,0,nan,0,nan,0,nan,0,nan,0,nan,0
1597989289124709120,1597989289000000000,2020-08-21 13:54:49.000000,19725.0,19840.0,19695.0,19820.0,nan,19765.0,3986,393916450.0,7514,19730.0,10,19720.0,2,nan,0,nan,0,nan,0,nan,0,nan,0,nan,0,nan,0,nan,0
1597989289630894080,1597989290000000000,2020-08-21 13:54:50.000000,19725.0,19840.0,19695.0,19820.0,nan,19765.0,3986,393916450.0,7514,19735.0,121,19720.0,2,nan,0,nan,0,nan,0,nan,0,nan,0,nan,0,nan,0,nan,0
1597989290137672960,1597989290000001024,2020-08-21 13:54:50.000001,19725.0,19840.0,19695.0,19820.0,nan,19765.0,3986,393916450.0,7514,19735.0,141,19720.0,12,nan,0,nan,0,nan,0,nan,0,nan,0,nan,0,nan,0,nan,0
1597989292636160000,1597989293000000000,2020-08-21 13:54:53.000000,19725.0,19840.0,19695.0,19820.0,nan,19765.0,3986,393916450.0,7514,19735.0,131,19720.0,12,nan,0,nan,0,nan,0,nan,0,nan,0,nan,0,nan,0,nan,0
1597989293158172928,1597989293000001024,2020-08-21 13:54:53.000001,19725.0,19840.0,19695.0,19820.0,nan,19765.0,3986,393916450.0,7514,19735.0,141,19720.0,12,nan,0,nan,0,nan,0,nan,0,nan,0,nan,0,nan,0,nan,0
1597989299160526080,1597989299000000000,2020-08-21 13:54:59.000000,19720.0,19840.0,19695.0,19820.0,nan,19765.0,3987,394015275.0,7514,19735.0,131,19720.0,11,nan,0,nan,0,nan,0,nan,0,nan,0,nan,0,nan,0,nan,0
1597989299654663936,1597989300000000000,2020-08-21 13:55:00.000000,19720.0,19840.0,19695.0,19820.0,nan,19765.0,3987,394015275.0,7514,19735.0,141,19720.0,11,nan,0,nan,0,nan,0,nan,0,nan,0,nan,0,nan,0,nan,0
1597989300132887040,1597989300000001024,2020-08-21 13:55:00.000001,19720.0,19840.0,19695.0,19820.0,nan,19765.0,3987,394015275.0,7514,19735.0,141,19720.0,11,nan,0,nan,0,nan,0,nan,0,nan,0,nan,0,nan,0,nan,0
1597989302176338944,1597989302000001024,2020-08-21 13:55:02.000001,19720.0,19840.0,19695.0,19820.0,nan,19765.0,3987,394015275.0,7514,19735.0,141,19720.0,11,nan,0,nan,0,nan,0,nan,0,nan,0,nan,0,nan,0,nan,0
1597989304114776064,1597989304000000000,2020-08-21 13:55:04.000000,19720.0,19840.0,19695.0,19820.0,nan,19765.0,3987,394015275.0,7514,19735.0,141,19720.0,11,nan,0,nan,0,nan,0,nan,0,nan,0,nan,0,nan,0,nan,0
1597989305188363008,1597989305000001024,2020-08-21 13:55:05.000001,19720.0,19840.0,19695.0,19820.0,nan,19765.0,3987,394015275.0,7514,19735.0,141,19720.0,11,nan,0,nan,0,nan,0,nan,0,nan,0,nan,0,nan,0,nan,0
1597989306160660992,1597989306000001024,2020-08-21 13:55:06.000001,19720.0,19840.0,19695.0,19820.0,nan,19765.0,3987,394015275.0,7514,19735.0,141,19720.0,11,nan,0,nan,0,nan,0,nan,0,nan,0,nan,0,nan,0,nan,0
1597989307628476928,1597989308000000000,2020-08-21 13:55:08.000000,19720.0,19840.0,19695.0,19820.0,nan,19765.0,3998,395102350.0,7515,19720.0,10,19715.0,121,nan,0,nan,0,nan,0,nan,0,nan,0,nan,0,nan,0,nan,0
1597989308158121984,1597989308000001024,2020-08-21 13:55:08.000001,19720.0,19840.0,19695.0,19820.0,nan,19765.0,3999,395201175.0,7516,19720.0,9,19710.0,111,nan,0,nan,0,nan,0,nan,0,nan,0,nan,0,nan,0,nan,0
1597989308648963072,1597989309000000000,2020-08-21 13:55:09.000000,19720.0,19840.0,19695.0,19820.0,nan,19765.0,3999,395201175.0,7516,19715.0,2,19710.0,31,nan,0,nan,0,nan,0,nan,0,nan,0,nan,0,nan,0,nan,0
1597989309172713984,1597989309000001024,2020-08-21 13:55:09.000001,19715.0,19840.0,19695.0,19820.0,nan,19765.0,4000,395300000.0,7516,19715.0,1,19710.0,11,nan,0,nan,0,nan,0,nan,0,nan,0,nan,0,nan,0,nan,0
1597989310628568064,1597989311000000000,2020-08-21 13:55:11.000000,19715.0,19840.0,19695.0,19820.0,nan,19765.0,4000,395300000.0,7516,19715.0,1,19710.0,1,nan,0,nan,0,nan,0,nan,0,nan,0,nan,0,nan,0,nan,0
1597989311644483072,1597989312000000000,2020-08-21 13:55:12.000000,19710.0,19840.0,19695.0,19820.0,nan,19765.0,4001,395398825.0,7517,19710.0,1,19705.0,92,nan,0,nan,0,nan,0,nan,0,nan,0,nan,0,nan,0,nan,0
1597989312151450880,1597989312000001024,2020-08-21 13:55:12.000001,19710.0,19840.0,19695.0,19820.0,nan,19765.0,4001,395398825.0,7517,19710.0,1,19705.0,2,nan,0,nan,0,nan,0,nan,0,nan,0,nan,0,nan,0,nan,0
1597989312662759936,1597989313000000000,2020-08-21 13:55:13.000000,19710.0,19840.0,19695.0,19820.0,nan,19765.0,4001,395398825.0,7517,19715.0,41,19705.0,2,nan,0,nan,0,nan,0,nan,0,nan,0,nan,0,nan,0,nan,0
1597989313128649984,1597989313000001024,2020-08-21 13:55:13.000001,19710.0,19840.0,19695.0,19820.0,nan,19765.0,4001,395398825.0,7517,19715.0,1,19705.0,2,nan,0,nan,0,nan,0,nan,0,nan,0,nan,0,nan,0,nan,0
1597989319701082112,1597989320000000000,2020-08-21 13:55:20.000000,19715.0,19840.0,19695.0,19820.0,nan,19765.0,4002,395497650.0,7518,19720.0,119,19705.0,2,nan,0,nan,0,nan,0,nan,0,nan,0,nan,0,nan,0,nan,0
1597989320219015936,1597989320000001024,2020-08-21 13:55:20.000001,19715.0,19840.0,19695.0,19820.0,nan,19765.0,4002,395497650.0,7518,19720.0,139,19705.0,12,nan,0,nan,0,nan,0,nan,0,nan,0,nan,0,nan,0,nan,0
1597989321184802048,1597989321000001024,2020-08-21 13:55:21.000001,19715.0,19840.0,19695.0,19820.0,nan,19765.0,4002,395497650.0,7518,19720.0,130,19705.0,12,nan,0,nan,0,nan,0,nan,0,nan,0,nan,0,nan,0,nan,0
1597989323637606912,1597989324000000000,2020-08-21 13:55:24.000000,19715.0,19840.0,19695.0,19820.0,nan,19765.0,4002,395497650.0,7518,19720.0,120,19705.0,12,nan,0,nan,0,nan,0,nan,0,nan,0,nan,0,nan,0,nan,0
1597989324181309952,1597989324000001024,2020-08-21 13:55:24.000001,19715.0,19840.0,19695.0,19820.0,nan,19765.0,4002,395497650.0,7518,19720.0,110,19705.0,16,nan,0,nan,0,nan,0,nan,0,nan,0,nan,0,nan,0,nan,0
1597989324639216896,1597989325000000000,2020-08-21 13:55:25.000000,19715.0,19840.0,19695.0,19820.0,nan,19765.0,4002,395497650.0,7518,19720.0,110,19705.0,26,nan,0,nan,0,nan,0,nan,0,nan,0,nan,0,nan,0,nan,0
1597989325623726080,1597989326000000000,2020-08-21 13:55:26.000000,19715.0,19840.0,19695.0,19820.0,nan,19765.0,4002,395497650.0,7518,19720.0,130,19705.0,26,nan,0,nan,0,nan,0,nan,0,nan,0,nan,0,nan,0,nan,0
1597989327140864000,1597989327000001024,2020-08-21 13:55:27.000001,19720.0,19840.0,19695.0,19820.0,nan,19765.0,4014,396683550.0,7520,19720.0,70,19705.0,28,nan,0,nan,0,nan,0,nan,0,nan,0,nan,0,nan,0,nan,0
1597989327650953984,1597989328000000000,2020-08-21 13:55:28.000000,19720.0,19840.0,19695.0,19820.0,nan,19765.0,4014,396683550.0,7520,19720.0,20,19710.0,2,nan,0,nan,0,nan,0,nan,0,nan,0,nan,0,nan,0,nan,0
1597989328133071872,1597989328000001024,2020-08-21 13:55:28.000001,19720.0,19840.0,19695.0,19820.0,nan,19765.0,4014,396683550.0,7520,19720.0,10,19710.0,2,nan,0,nan,0,nan,0,nan,0,nan,0,nan,0,nan,0,nan,0
1597989328669784064,1597989329000000000,2020-08-21 13:55:29.000000,19720.0,19840.0,19695.0,19820.0,nan,19765.0,4014,396683550.0,7520,19725.0,60,19710.0,2,nan,0,nan,0,nan,0,nan,0,nan,0,nan,0,nan,0,nan,0
1597989329165932032,1597989329000001024,2020-08-21 13:55:29.000001,19720.0,19840.0,19695.0,19820.0,nan,19765.0,4014,396683550.0,7520,19725.0,60,19710.0,14,nan,0,nan,0,nan,0,nan,0,nan,0,nan,0,nan,0,nan,0
1597989330140210944,1597989330000001024,2020-08-21 13:55:30.000001,19720.0,19840.0,19695.0,19820.0,nan,19765.0,4014,396683550.0,7520,19725.0,70,19710.0,14,nan,0,nan,0,nan,0,nan,0,nan,0,nan,0,nan,0,nan,0
1597989330659611904,1597989331000000000,2020-08-21 13:55:31.000000,19720.0,19840.0,19695.0,19820.0,nan,19765.0,4014,396683550.0,7520,19725.0,80,19710.0,14,nan,0,nan,0,nan,0,nan,0,nan,0,nan,0,nan,0,nan,0
1597989332136773120,1597989332000001024,2020-08-21 13:55:32.000001,19720.0,19840.0,19695.0,19820.0,nan,19765.0,4014,396683550.0,7520,19725.0,100,19710.0,14,nan,0,nan,0,nan,0,nan,0,nan,0,nan,0,nan,0,nan,0
1597989332651770880,1597989333000000000,2020-08-21 13:55:33.000000,19720.0,19840.0,19695.0,19820.0,nan,19765.0,4014,396683550.0,7520,19725.0,131,19710.0,14,nan,0,nan,0,nan,0,nan,0,nan,0,nan,0,nan,0,nan,0
1597989333159134976,1597989333000001024,2020-08-21 13:55:33.000001,19720.0,19840.0,19695.0,19820.0,nan,19765.0,4014,396683550.0,7520,19720.0,10,19710.0,14,nan,0,nan,0,nan,0,nan,0,nan,0,nan,0,nan,0,nan,0
1597989333638603008,1597989334000000000,2020-08-21 13:55:34.000000,19720.0,19840.0,19695.0,19820.0,nan,19765.0,4014,396683550.0,7520,19725.0,121,19710.0,14,nan,0,nan,0,nan,0,nan,0,nan,0,nan,0,nan,0,nan,0
1597989336158412032,1597989336000001024,2020-08-21 13:55:36.000001,19720.0,19840.0,19695.0,19820.0,nan,19765.0,4014,396683550.0,7520,19725.0,111,19710.0,18,nan,0,nan,0,nan,0,nan,0,nan,0,nan,0,nan,0,nan,0
1597989336694020096,1597989337000000000,2020-08-21 13:55:37.000000,19720.0,19840.0,19695.0,19820.0,nan,19765.0,4014,396683550.0,7520,19725.0,130,19710.0,18,nan,0,nan,0,nan,0,nan,0,nan,0,nan,0,nan,0,nan,0
1597989337147256064,1597989337000001024,2020-08-21 13:55:37.000001,19720.0,19840.0,19695.0,19820.0,nan,19765.0,4014,396683550.0,7520,19725.0,131,19710.0,14,nan,0,nan,0,nan,0,nan,0,nan,0,nan,0,nan,0,nan,0
1597989338659245056,1597989339000000000,2020-08-21 13:55:39.000000,19720.0,19840.0,19695.0,19820.0,nan,19765.0,4014,396683550.0,7520,19725.0,111,19710.0,24,nan,0,nan,0,nan,0,nan,0,nan,0,nan,0,nan,0,nan,0
1597989339162029056,1597989339000001024,2020-08-21 13:55:39.000001,19720.0,19840.0,19695.0,19820.0,nan,19765.0,4014,396683550.0,7520,19725.0,121,19710.0,14,nan,0,nan,0,nan,0,nan,0,nan,0,nan,0,nan,0,nan,0
1597989344650534912,1597989345000000000,2020-08-21 13:55:45.000000,19720.0,19840.0,19695.0,19820.0,nan,19765.0,4014,396683550.0,7520,19725.0,131,19710.0,14,nan,0,nan,0,nan,0,nan,0,nan,0,nan,0,nan,0,nan,0
1597989346151782912,1597989346000001024,2020-08-21 13:55:46.000001,19720.0,19840.0,19695.0,19820.0,nan,19765.0,4014,396683550.0,7520,19725.0,131,19710.0,18,nan,0,nan,0,nan,0,nan,0,nan,0,nan,0,nan,0,nan,0
1597989346646560000,1597989347000000000,2020-08-21 13:55:47.000000,19720.0,19840.0,19695.0,19820.0,nan,19765.0,4014,396683550.0,7520,19725.0,131,19710.0,18,nan,0,nan,0,nan,0,nan,0,nan,0,nan,0,nan,0,nan,0
1597989348643067904,1597989349000000000,2020-08-21 13:55:49.000000,19720.0,19840.0,19695.0,19820.0,nan,19765.0,4014,396683550.0,7520,19725.0,141,19710.0,18,nan,0,nan,0,nan,0,nan,0,nan,0,nan,0,nan,0,nan,0
1597989350649275904,1597989351000000000,2020-08-21 13:55:51.000000,19720.0,19840.0,19695.0,19820.0,nan,19765.0,4014,396683550.0,7520,19725.0,131,19710.0,18,nan,0,nan,0,nan,0,nan,0,nan,0,nan,0,nan,0,nan,0
1597989351188363008,1597989351000001024,2020-08-21 13:55:51.000001,19720.0,19840.0,19695.0,19820.0,nan,19765.0,4014,396683550.0,7520,19720.0,2,19710.0,18,nan,0,nan,0,nan,0,nan,0,nan,0,nan,0,nan,0,nan,0
1597989351640072960,1597989352000000000,2020-08-21 13:55:52.000000,19720.0,19840.0,19695.0,19820.0,nan,19765.0,4014,396683550.0,7520,19720.0,2,19710.0,18,nan,0,nan,0,nan,0,nan,0,nan,0,nan,0,nan,0,nan,0
1597989352641804032,1597989353000000000,2020-08-21 13:55:53.000000,19720.0,19840.0,19695.0,19820.0,nan,19765.0,4016,396881200.0,7518,19725.0,110,19710.0,28,nan,0,nan,0,nan,0,nan,0,nan,0,nan,0,nan,0,nan,0
1597989353234414080,1597989353000001024,2020-08-21 13:55:53.000001,19720.0,19840.0,19695.0,19820.0,nan,19765.0,4016,396881200.0,7518,19725.0,130,19710.0,28,nan,0,nan,0,nan,0,nan,0,nan,0,nan,0,nan,0,nan,0
1597989354647465984,1597989355000000000,2020-08-21 13:55:55.000000,19720.0,19840.0,19695.0,19820.0,nan,19765.0,4016,396881200.0,7518,19725.0,130,19710.0,28,nan,0,nan,0,nan,0,nan,0,nan,0,nan,0,nan,0,nan,0
1597989356658708992,1597989357000000000,2020-08-21 13:55:57.000000,19720.0,19840.0,19695.0,19820.0,nan,19765.0,4016,396881200.0,7518,19725.0,130,19710.0,28,nan,0,nan,0,nan,0,nan,0,nan,0,nan,0,nan,0,nan,0
1597989358146294016,1597989358000001024,2020-08-21 13:55:58.000001,19720.0,19840.0,19695.0,19820.0,nan,19765.0,4016,396881200.0,7518,19725.0,130,19710.0,28,nan,0,nan,0,nan,0,nan,0,nan,0,nan,0,nan,0,nan,0
