local_nano_time,quote_nano_time,datetime,last_price,highest,lowest,open,close,average,volume,amount,open_interest,ask_price1,ask_volume1,bid_price1,bid_volume1,ask_price2,ask_volume2,bid_price2,bid_volume2,ask_price3,ask_volume3,bid_price3,bid_volume3,ask_price4,ask_volume4,bid_price4,bid_volume4,ask_price5,ask_volume5,bid_price5,bid_volume5
1597988226566434048,1597988226500000000,2020-08-21 13:37:06.500000,3279.4,3300.0,3265.6,3282.0,nan,3281.336,27039,26617214700.0,43174,3279.4,2,3279.2,3,nan,0,nan,0,nan,0,nan,0,nan,0,nan,0,nan,0,nan,0
1597988227073682944,1597988227000000000,2020-08-21 13:37:07.000000,3279.2,3300.0,3265.6,3282.0,nan,3281.336,27044,26622133740.0,43178,3279.8,1,3279.2,1,nan,0,nan,0,nan,0,nan,0,nan,0,nan,0,nan,0,nan,0
1597988227560733952,1597988227500000000,2020-08-21 13:37:07.500000,3279.8,3300.0,3265.6,3282.0,nan,3281.336,27046,26624101620.0,43180,3279.2,1,3279.0,3,nan,0,nan,0,nan,0,nan,0,nan,0,nan,0,nan,0,nan,0
1597988228077470976,1597988228000000000,2020-08-21 13:37:08.000000,3279.2,3300.0,3265.6,3282.0,nan,3281.336,27047,26625085380.0,43180,3280.0,14,3279.4,1,nan,0,nan,0,nan,0,nan,0,nan,0,nan,0,nan,0,nan,0
1597988228557957888,1597988228500000000,2020-08-21 13:37:08.500000,3279.2,3300.0,3265.6,3282.0,nan,3281.336,27047,26625085380.0,43180,3279.8,1,3279.2,4,nan,0,nan,0,nan,0,nan,0,nan,0,nan,0,nan,0,nan,0
1597988231046236928,1597988231000000000,2020-08-21 13:37:11.000000,3279.2,3300.0,3265.6,3282.0,nan,3281.336,27047,26625085380.0,43180,3279.8,1,3279.2,2,nan,0,nan,0,nan,0,nan,0,nan,0,nan,0,nan,0,nan,0
1597988231555077120,1597988231500000000,2020-08-21 13:37:11.500000,3279.2,3300.0,3265.6,3282.0,nan,3281.336,27047,26625085380.0,43180,3279.8,1,3279.4,1,nan,0,nan,0,nan,0,nan,0,nan,0,nan,0,nan,0,nan,0
1597988232538512896,1597988232500000000,2020-08-21 13:37:12.500000,3279.2,3300.0,3265.6,3282.0,nan,3281.336,27047,26625085380.0,43180,3279.8,1,3279.4,1,nan,0,nan,0,nan,0,nan,0,nan,0,nan,0,nan,0,nan,0
1597988233040321024,1597988233000000000,2020-08-21 13:37:13.000000,3279.2,3300.0,3265.6,3282.0,nan,3281.336,27047,26625085380.0,43180,3279.8,1,3279.4,1,nan,0,nan,0,nan,0,nan,0,nan,0,nan,0,nan,0,nan,0
1597988233543042048,1597988233500000000,2020-08-21 13:37:13.500000,3279.2,3300.0,3265.6,3282.0,nan,3281.336,27047,26625085380.0,43180,3279.8,1,3279.4,2,nan,0,nan,0,nan,0,nan,0,nan,0,nan,0,nan,0,nan,0
1597988234045828096,1597988234000000000,2020-08-21 13:37:14.000000,3279.8,3300.0,3265.6,3282.0,nan,3281.336,27048,26626069320.0,43181,3280.0,21,3279.4,2,nan,0,nan,0,nan,0,nan,0,nan,0,nan,0,nan,0,nan,0
1597988234550514944,1597988234500000000,2020-08-21 13:37:14.500000,3279.8,3300.0,3265.6,3282.0,nan,3281.336,27049,26627053260.0,43182,3280.0,17,3279.4,2,nan,0,nan,0,nan,0,nan,0,nan,0,nan,0,nan,0,nan,0
1597988235033799936,1597988235000000000,2020-08-21 13:37:15.000000,3279.8,3300.0,3265.6,3282.0,nan,3281.336,27049,26627053260.0,43182,3280.0,17,3279.4,2,nan,0,nan,0,nan,0,nan,0,nan,0,nan,0,nan,0,nan,0
1597988235540865024,1597988235500000000,2020-08-21 13:37:15.500000,3279.8,3300.0,3265.6,3282.0,nan,3281.336,27049,26627053260.0,43182,3279.8,1,3279.4,2,nan,0,nan,0,nan,0,nan,0,nan,0,nan,0,nan,0,nan,0
1597988236044549888,1597988236000000000,2020-08-21 13:37:16.000000,3279.4,3300.0,3265.6,3282.0,nan,3281.335,27050,26628037080.0,43181,3279.8,1,3279.4,1,nan,0,nan,0,nan,0,nan,0,nan,0,nan,0,nan,0,nan,0
1597988236543939072,1597988236500000000,2020-08-21 13:37:16.500000,3279.4,3300.0,3265.6,3282.0,nan,3281.335,27051,26629020900.0,43181,3279.8,1,3279.2,5,nan,0,nan,0,nan,0,nan,0,nan,0,nan,0,nan,0,nan,0
1597988237042350080,1597988237000000000,2020-08-21 13:37:17.000000,3279.4,3300.0,3265.6,3282.0,nan,3281.335,27051,26629020900.0,43181,3279.8,1,3279.2,4,nan,0,nan,0,nan,0,nan,0,nan,0,nan,0,nan,0,nan,0
1597988237551700992,1597988237500000000,2020-08-21 13:37:17.500000,3279.2,3300.0,3265.6,3282.0,nan,3281.335,27055,26632955940.0,43184,3279.2,6,3279.0,3,nan,0,nan,0,nan,0,nan,0,nan,0,nan,0,nan,0,nan,0
1597988238058554880,1597988238000000000,2020-08-21 13:37:18.000000,3279.0,3300.0,3265.6,3282.0,nan,3281.335,27057,26634923340.0,43182,3279.2,1,3279.0,1,nan,0,nan,0,nan,0,nan,0,nan,0,nan,0,nan,0,nan,0
1597988238551073024,1597988238500000000,2020-08-21 13:37:18.500000,3279.2,3300.0,3265.6,3282.0,nan,3281.335,27059,26636890800.0,43184,3279.6,4,3278.4,1,nan,0,nan,0,nan,0,nan,0,nan,0,nan,0,nan,0,nan,0
1597988239054853120,1597988239000000000,2020-08-21 13:37:19.000000,3279.2,3300.0,3265.6,3282.0,nan,3281.335,27059,26636890800.0,43184,3279.4,2,3278.6,2,nan,0,nan,0,nan,0,nan,0,nan,0,nan,0,nan,0,nan,0
1597988239558577920,1597988239500000000,2020-08-21 13:37:19.500000,3278.6,3300.0,3265.6,3282.0,nan,3281.335,27060,26637874380.0,43185,3279.4,3,3278.6,1,nan,0,nan,0,nan,0,nan,0,nan,0,nan,0,nan,0,nan,0
1597988240065594112,1597988240000000000,2020-08-21 13:37:20.000000,3278.6,3300.0,3265.6,3282.0,nan,3281.335,27060,26637874380.0,43185,3279.2,3,3278.6,1,nan,0,nan,0,nan,0,nan,0,nan,0,nan,0,nan,0,nan,0
1597988240549458944,1597988240500000000,2020-08-21 13:37:20.500000,3278.6,3300.0,3265.6,3282.0,nan,3281.335,27061,26638857960.0,43185,3279.2,4,3278.4,1,nan,0,nan,0,nan,0,nan,0,nan,0,nan,0,nan,0,nan,0
1597988241066091008,1597988241000000000,2020-08-21 13:37:21.000000,3278.4,3300.0,3265.6,3282.0,nan,3281.334,27062,26639841480.0,43186,3278.4,1,3278.2,2,nan,0,nan,0,nan,0,nan,0,nan,0,nan,0,nan,0,nan,0
1597988241566465024,1597988241500000000,2020-08-21 13:37:21.500000,3278.2,3300.0,3265.6,3282.0,nan,3281.334,27067,26644758960.0,43190,3278.2,2,3278.0,4,nan,0,nan,0,nan,0,nan,0,nan,0,nan,0,nan,0,nan,0
1597988242074819072,1597988242000000000,2020-08-21 13:37:22.000000,3278.0,3300.0,3265.6,3282.0,nan,3281.333,27071,26648692560.0,43192,3278.0,1,3277.6,2,nan,0,nan,0,nan,0,nan,0,nan,0,nan,0,nan,0,nan,0
1597988242565889024,1597988242500000000,2020-08-21 13:37:22.500000,3277.6,3300.0,3265.6,3282.0,nan,3281.333,27074,26651642520.0,43193,3277.6,1,3277.2,4,nan,0,nan,0,nan,0,nan,0,nan,0,nan,0,nan,0,nan,0
1597988243068702976,1597988243000000000,2020-08-21 13:37:23.000000,3277.2,3300.0,3265.6,3282.0,nan,3281.333,27077,26654592240.0,43194,3278.2,3,3278.0,1,nan,0,nan,0,nan,0,nan,0,nan,0,nan,0,nan,0,nan,0
1597988243576431104,1597988243500000000,2020-08-21 13:37:23.500000,3278.0,3300.0,3265.6,3282.0,nan,3281.332,27078,26655575640.0,43194,3277.8,3,3277.2,3,nan,0,nan,0,nan,0,nan,0,nan,0,nan,0,nan,0,nan,0
1597988244068080896,1597988244000000000,2020-08-21 13:37:24.000000,3278.0,3300.0,3265.6,3282.0,nan,3281.332,27078,26655575640.0,43194,3277.8,1,3277.2,3,nan,0,nan,0,nan,0,nan,0,nan,0,nan,0,nan,0,nan,0
1597988244573451008,1597988244500000000,2020-08-21 13:37:24.500000,3277.2,3300.0,3265.6,3282.0,nan,3281.332,27079,26656558800.0,43194,3277.8,1,3277.2,2,nan,0,nan,0,nan,0,nan,0,nan,0,nan,0,nan,0,nan,0
1597988245072112896,1597988245000000000,2020-08-21 13:37:25.000000,3277.2,3300.0,3265.6,3282.0,nan,3281.332,27079,26656558800.0,43194,3277.8,1,3277.2,2,nan,0,nan,0,nan,0,nan,0,nan,0,nan,0,nan,0,nan,0
1597988245559494912,1597988245500000000,2020-08-21 13:37:25.500000,3277.2,3300.0,3265.6,3282.0,nan,3281.332,27080,26657541960.0,43194,3277.8,1,3277.2,1,nan,0,nan,0,nan,0,nan,0,nan,0,nan,0,nan,0,nan,0
1597988246093786880,1597988246000000000,2020-08-21 13:37:26.000000,3277.2,3300.0,3265.6,3282.0,nan,3281.332,27080,26657541960.0,43194,3277.8,1,3277.2,1,nan,0,nan,0,nan,0,nan,0,nan,0,nan,0,nan,0,nan,0
1597988246567709952,1597988246500000000,2020-08-21 13:37:26.500000,3277.8,3300.0,3265.6,3282.0,nan,3281.332,27081,26658525300.0,43195,3277.8,1,3277.2,1,nan,0,nan,0,nan,0,nan,0,nan,0,nan,0,nan,0,nan,0
1597988247570170880,1597988247500000000,2020-08-21 13:37:27.500000,3277.8,3300.0,3265.6,3282.0,nan,3281.332,27081,26658525300.0,43195,3277.8,1,3277.4,1,nan,0,nan,0,nan,0,nan,0,nan,0,nan,0,nan,0,nan,0
1597988248064609024,1597988248000000000,2020-08-21 13:37:28.000000,3277.8,3300.0,3265.6,3282.0,nan,3281.332,27082,26659508640.0,43196,3278.0,1,3277.4,2,nan,0,nan,0,nan,0,nan,0,nan,0,nan,0,nan,0,nan,0
1597988248556924928,1597988248500000000,2020-08-21 13:37:28.500000,3277.6,3300.0,3265.6,3282.0,nan,3281.332,27083,26660491920.0,43197,3278.2,2,3277.6,1,nan,0,nan,0,nan,0,nan,0,nan,0,nan,0,nan,0,nan,0
1597988249055183104,1597988249000000000,2020-08-21 13:37:29.000000,3277.6,3300.0,3265.6,3282.0,nan,3281.332,27083,26660491920.0,43197,3278.2,2,3277.6,2,nan,0,nan,0,nan,0,nan,0,nan,0,nan,0,nan,0,nan,0
1597988249553532928,1597988249500000000,2020-08-21 13:37:29.500000,3277.6,3300.0,3265.6,3282.0,nan,3281.332,27084,26661475200.0,43197,3278.2,2,3277.8,4,nan,0,nan,0,nan,0,nan,0,nan,0,nan,0,nan,0,nan,0
1597988250068130048,1597988250000000000,2020-08-21 13:37:30.000000,3277.8,3300.0,3265.6,3282.0,nan,3281.331,27088,26665408560.0,43201,3278.2,2,3277.6,1,nan,0,nan,0,nan,0,nan,0,nan,0,nan,0,nan,0,nan,0
1597988250565306112,1597988250500000000,2020-08-21 13:37:30.500000,3277.8,3300.0,3265.6,3282.0,nan,3281.331,27088,26665408560.0,43201,3278.0,1,3277.6,1,nan,0,nan,0,nan,0,nan,0,nan,0,nan,0,nan,0,nan,0
1597988251066198016,1597988251000000000,2020-08-21 13:37:31.000000,3278.2,3300.0,3265.6,3282.0,nan,3281.331,27091,26668358880.0,43204,3279.0,1,3278.2,1,nan,0,nan,0,nan,0,nan,0,nan,0,nan,0,nan,0,nan,0
1597988251553957888,1597988251500000000,2020-08-21 13:37:31.500000,3278.2,3300.0,3265.6,3282.0,nan,3281.331,27092,26669342340.0,43205,3278.0,5,3277.6,1,nan,0,nan,0,nan,0,nan,0,nan,0,nan,0,nan,0,nan,0
1597988252052827904,1597988252000000000,2020-08-21 13:37:32.000000,3277.6,3300.0,3265.6,3282.0,nan,3281.33,27093,26670325620.0,43206,3278.0,1,3277.6,1,nan,0,nan,0,nan,0,nan,0,nan,0,nan,0,nan,0,nan,0
1597988252572423936,1597988252500000000,2020-08-21 13:37:32.500000,3277.6,3300.0,3265.6,3282.0,nan,3281.33,27093,26670325620.0,43206,3278.2,1,3277.4,6,nan,0,nan,0,nan,0,nan,0,nan,0,nan,0,nan,0,nan,0
1597988253574044928,1597988253500000000,2020-08-21 13:37:33.500000,3277.6,3300.0,3265.6,3282.0,nan,3281.33,27093,26670325620.0,43206,3278.2,1,3277.4,6,nan,0,nan,0,nan,0,nan,0,nan,0,nan,0,nan,0,nan,0
1597988254067377920,1597988254000000000,2020-08-21 13:37:34.000000,3277.6,3300.0,3265.6,3282.0,nan,3281.33,27094,26671308900.0,43207,3278.2,1,3277.4,6,nan,0,nan,0,nan,0,nan,0,nan,0,nan,0,nan,0,nan,0
1597988255075648000,1597988255000000000,2020-08-21 13:37:35.000000,3277.6,3300.0,3265.6,3282.0,nan,3281.33,27094,26671308900.0,43207,3278.2,1,3277.4,6,nan,0,nan,0,nan,0,nan,0,nan,0,nan,0,nan,0,nan,0
1597988255586525952,1597988255500000000,2020-08-21 13:37:35.500000,3277.6,3300.0,3265.6,3282.0,nan,3281.33,27094,26671308900.0,43207,3278.2,1,3277.4,7,nan,0,nan,0,nan,0,nan,0,nan,0,nan,0,nan,0,nan,0
1597988256083339008,1597988256000000000,2020-08-21 13:37:36.000000,3277.6,3300.0,3265.6,3282.0,nan,3281.33,27094,26671308900.0,43207,3278.2,1,3277.6,1,nan,0,nan,0,nan,0,nan,0,nan,0,nan,0,nan,0,nan,0
1597988256584730880,1597988256500000000,2020-08-21 13:37:36.500000,3277.6,3300.0,3265.6,3282.0,nan,3281.33,27096,26673275460.0,43207,3278.2,1,3277.8,1,nan,0,nan,0,nan,0,nan,0,nan,0,nan,0,nan,0,nan,0
1597988257078958080,1597988257000000000,2020-08-21 13:37:37.000000,3278.2,3300.0,3265.6,3282.0,nan,3281.33,27097,26674258920.0,43208,3278.6,1,3277.8,1,nan,0,nan,0,nan,0,nan,0,nan,0,nan,0,nan,0,nan,0
1597988257586149120,1597988257500000000,2020-08-21 13:37:37.500000,3278.0,3300.0,3265.6,3282.0,nan,3281.33,27098,26675242320.0,43209,3278.6,1,3277.8,1,nan,0,nan,0,nan,0,nan,0,nan,0,nan,0,nan,0,nan,0
1597988258070671872,1597988258000000000,2020-08-21 13:37:38.000000,3278.0,3300.0,3265.6,3282.0,nan,3281.33,27099,26676225720.0,43210,3278.6,1,3278.0,1,nan,0,nan,0,nan,0,nan,0,nan,0,nan,0,nan,0,nan,0
1597988258572214016,1597988258500000000,2020-08-21 13:37:38.500000,3278.0,3300.0,3265.6,3282.0,nan,3281.33,27099,26676225720.0,43210,3278.6,2,3278.0,1,nan,0,nan,0,nan,0,nan,0,nan,0,nan,0,nan,0,nan,0
1597988259070981120,1597988259000000000,2020-08-21 13:37:39.000000,3278.0,3300.0,3265.6,3282.0,nan,3281.33,27099,26676225720.0,43210,3278.4,1,3277.4,7,nan,0,nan,0,nan,0,nan,0,nan,0,nan,0,nan,0,nan,0
1597988259574385920,1597988259500000000,2020-08-21 13:37:39.500000,3278.0,3300.0,3265.6,3282.0,nan,3281.33,27099,26676225720.0,43210,3278.2,1,3277.4,7,nan,0,nan,0,nan,0,nan,0,nan,0,nan,0,nan,0,nan,0
1597988260084718080,1597988260000000000,2020-08-21 13:37:40.000000,3278.0,3300.0,3265.6,3282.0,nan,3281.33,27100,26677209120.0,43210,3278.2,1,3277.4,7,nan,0,nan,0,nan,0,nan,0,nan,0,nan,0,nan,0,nan,0
1597988260571432960,1597988260500000000,2020-08-21 13:37:40.500000,3277.4,3300.0,3265.6,3282.0,nan,3281.329,27103,26680158780.0,43212,3277.8,1,3277.4,4,nan,0,nan,0,nan,0,nan,0,nan,0,nan,0,nan,0,nan,0
1597988261071187968,1597988261000000000,2020-08-21 13:37:41.000000,3277.4,3300.0,3265.6,3282.0,nan,3281.329,27106,26683108440.0,43214,3277.8,1,3277.4,2,nan,0,nan,0,nan,0,nan,0,nan,0,nan,0,nan,0,nan,0
1597988261572553984,1597988261500000000,2020-08-21 13:37:41.500000,3277.4,3300.0,3265.6,3282.0,nan,3281.329,27107,26684091660.0,43215,3277.8,1,3277.4,1,nan,0,nan,0,nan,0,nan,0,nan,0,nan,0,nan,0,nan,0
1597988262069366016,1597988262000000000,2020-08-21 13:37:42.000000,3277.8,3300.0,3265.6,3282.0,nan,3281.328,27108,26685075000.0,43216,3278.0,1,3277.4,1,nan,0,nan,0,nan,0,nan,0,nan,0,nan,0,nan,0,nan,0
1597988262577660928,1597988262500000000,2020-08-21 13:37:42.500000,3277.8,3300.0,3265.6,3282.0,nan,3281.328,27108,26685075000.0,43216,3278.0,2,3277.6,1,nan,0,nan,0,nan,0,nan,0,nan,0,nan,0,nan,0,nan,0
1597988263060811008,1597988263000000000,2020-08-21 13:37:43.000000,3277.8,3300.0,3265.6,3282.0,nan,3281.328,27108,26685075000.0,43216,3278.0,2,3277.4,1,nan,0,nan,0,nan,0,nan,0,nan,0,nan,0,nan,0,nan,0
1597988263578822912,1597988263500000000,2020-08-21 13:37:43.500000,3277.8,3300.0,3265.6,3282.0,nan,3281.328,27108,26685075000.0,43216,3278.0,2,3277.6,1,nan,0,nan,0,nan,0,nan,0,nan,0,nan,0,nan,0,nan,0
1597988264061108992,1597988264000000000,2020-08-21 13:37:44.000000,3277.8,3300.0,3265.6,3282.0,nan,3281.328,27108,26685075000.0,43216,3278.0,2,3277.6,1,nan,0,nan,0,nan,0,nan,0,nan,0,nan,0,nan,0,nan,0
1597988265065748992,1597988265000000000,2020-08-21 13:37:45.000000,3277.8,3300.0,3265.6,3282.0,nan,3281.328,27108,26685075000.0,43216,3278.0,2,3277.6,1,nan,0,nan,0,nan,0,nan,0,nan,0,nan,0,nan,0,nan,0
1597988265556965120,1597988265500000000,2020-08-21 13:37:45.500000,3277.6,3300.0,3265.6,3282.0,nan,3281.328,27109,26686058280.0,43217,3278.0,2,3277.4,2,nan,0,nan,0,nan,0,nan,0,nan,0,nan,0,nan,0,nan,0
1597988266083524096,1597988266000000000,2020-08-21 13:37:46.000000,3277.6,3300.0,3265.6,3282.0,nan,3281.328,27109,26686058280.0,43217,3278.0,2,3277.6,3,nan,0,nan,0,nan,0,nan,0,nan,0,nan,0,nan,0,nan,0
1597988266560623104,1597988266500000000,2020-08-21 13:37:46.500000,3278.0,3300.0,3265.6,3282.0,nan,3281.328,27111,26688025080.0,43217,3278.6,2,3278.2,3,nan,0,nan,0,nan,0,nan,0,nan,0,nan,0,nan,0,nan,0
1597988267098995968,1597988267000000000,2020-08-21 13:37:47.000000,3278.2,3300.0,3265.6,3282.0,nan,3281.327,27121,26697860460.0,43215,3279.0,1,3278.0,3,nan,0,nan,0,nan,0,nan,0,nan,0,nan,0,nan,0,nan,0
1597988267575343104,1597988267500000000,2020-08-21 13:37:47.500000,3278.2,3300.0,3265.6,3282.0,nan,3281.327,27122,26698843920.0,43216,3278.8,2,3278.0,3,nan,0,nan,0,nan,0,nan,0,nan,0,nan,0,nan,0,nan,0
1597988268081358080,1597988268000000000,2020-08-21 13:37:48.000000,3278.2,3300.0,3265.6,3282.0,nan,3281.327,27123,26699827380.0,43217,3279.0,1,3278.2,1,nan,0,nan,0,nan,0,nan,0,nan,0,nan,0,nan,0,nan,0
1597988269079488000,1597988269000000000,2020-08-21 13:37:49.000000,3278.2,3300.0,3265.6,3282.0,nan,3281.327,27123,26699827380.0,43217,3278.8,1,3278.0,4,nan,0,nan,0,nan,0,nan,0,nan,0,nan,0,nan,0,nan,0
1597988269577158912,1597988269500000000,2020-08-21 13:37:49.500000,3278.2,3300.0,3265.6,3282.0,nan,3281.326,27125,26701794300.0,43217,3278.8,1,3278.0,4,nan,0,nan,0,nan,0,nan,0,nan,0,nan,0,nan,0,nan,0
1597988270077360128,1597988270000000000,2020-08-21 13:37:50.000000,3278.2,3300.0,3265.6,3282.0,nan,3281.326,27125,26701794300.0,43217,3278.6,2,3278.2,2,nan,0,nan,0,nan,0,nan,0,nan,0,nan,0,nan,0,nan,0
1597988270567106048,1597988270500000000,2020-08-21 13:37:50.500000,3278.2,3300.0,3265.6,3282.0,nan,3281.326,27125,26701794300.0,43217,3278.6,2,3278.2,2,nan,0,nan,0,nan,0,nan,0,nan,0,nan,0,nan,0,nan,0
1597988273563098880,1597988273500000000,2020-08-21 13:37:53.500000,3278.2,3300.0,3265.6,3282.0,nan,3281.326,27125,26701794300.0,43217,3278.6,2,3278.2,2,nan,0,nan,0,nan,0,nan,0,nan,0,nan,0,nan,0,nan,0
1597988274067740928,1597988274000000000,2020-08-21 13:37:54.000000,3278.2,3300.0,3265.6,3282.0,nan,3281.326,27126,26702777760.0,43218,3278.6,2,3278.2,1,nan,0,nan,0,nan,0,nan,0,nan,0,nan,0,nan,0,nan,0
1597988274565976064,1597988274500000000,2020-08-21 13:37:54.500000,3278.4,3300.0,3265.6,3282.0,nan,3281.326,27128,26704744740.0,43219,3278.6,2,3278.4,1,nan,0,nan,0,nan,0,nan,0,nan,0,nan,0,nan,0,nan,0
1597988275063320064,1597988275000000000,2020-08-21 13:37:55.000000,3278.4,3300.0,3265.6,3282.0,nan,3281.326,27129,26705728260.0,43219,3278.6,2,3278.0,1,nan,0,nan,0,nan,0,nan,0,nan,0,nan,0,nan,0,nan,0
1597988275567158016,1597988275500000000,2020-08-21 13:37:55.500000,3278.4,3300.0,3265.6,3282.0,nan,3281.326,27129,26705728260.0,43219,3278.6,2,3278.2,1,nan,0,nan,0,nan,0,nan,0,nan,0,nan,0,nan,0,nan,0
1597988276086110976,1597988276000000000,2020-08-21 13:37:56.000000,3278.2,3300.0,3265.6,3282.0,nan,3281.326,27130,26706711720.0,43220,3278.8,1,3278.0,1,nan,0,nan,0,nan,0,nan,0,nan,0,nan,0,nan,0,nan,0
1597988277101992960,1597988277000000000,2020-08-21 13:37:57.000000,3278.2,3300.0,3265.6,3282.0,nan,3281.326,27130,26706711720.0,43220,3278.2,1,3278.0,1,nan,0,nan,0,nan,0,nan,0,nan,0,nan,0,nan,0,nan,0
1597988277578444032,1597988277500000000,2020-08-21 13:37:57.500000,3278.8,3300.0,3265.6,3282.0,nan,3281.326,27132,26708678820.0,43220,3279.0,1,3278.4,2,nan,0,nan,0,nan,0,nan,0,nan,0,nan,0,nan,0,nan,0
1597988278073092096,1597988278000000000,2020-08-21 13:37:58.000000,3278.8,3300.0,3265.6,3282.0,nan,3281.326,27132,26708678820.0,43220,3279.0,1,3278.4,2,nan,0,nan,0,nan,0,nan,0,nan,0,nan,0,nan,0,nan,0
1597988278567695104,1597988278500000000,2020-08-21 13:37:58.500000,3278.8,3300.0,3265.6,3282.0,nan,3281.326,27132,26708678820.0,43220,3279.0,1,3278.4,1,nan,0,nan,0,nan,0,nan,0,nan,0,nan,0,nan,0,nan,0
1597988279066614016,1597988279000000000,2020-08-21 13:37:59.000000,3278.8,3300.0,3265.6,3282.0,nan,3281.326,27132,26708678820.0,43220,3279.0,1,3278.4,1,nan,0,nan,0,nan,0,nan,0,nan,0,nan,0,nan,0,nan,0
1597988279572668928,1597988279500000000,2020-08-21 13:37:59.500000,3278.8,3300.0,3265.6,3282.0,nan,3281.326,27132,26708678820.0,43220,3279.0,1,3278.4,1,nan,0,nan,0,nan,0,nan,0,nan,0,nan,0,nan,0,nan,0
1597988280076862976,1597988280000000000,2020-08-21 13:38:00.000000,3278.8,3300.0,3265.6,3282.0,nan,3281.326,27132,26708678820.0,43220,3279.0,1,3278.4,1,nan,0,nan,0,nan,0,nan,0,nan,0,nan,0,nan,0,nan,0
1597988280570855936,1597988280500000000,2020-08-21 13:38:00.500000,3278.8,3300.0,3265.6,3282.0,nan,3281.326,27132,26708678820.0,43220,3279.0,1,3278.4,1,nan,0,nan,0,nan,0,nan,0,nan,0,nan,0,nan,0,nan,0
1597988281582996992,1597988281500000000,2020-08-21 13:38:01.500000,3278.8,3300.0,3265.6,3282.0,nan,3281.326,27132,26708678820.0,43220,3279.0,1,3278.4,1,nan,0,nan,0,nan,0,nan,0,nan,0,nan,0,nan,0,nan,0
1597988282063693056,1597988282000000000,2020-08-21 13:38:02.000000,3278.8,3300.0,3265.6,3282.0,nan,3281.326,27132,26708678820.0,43220,3279.0,1,3278.4,1,nan,0,nan,0,nan,0,nan,0,nan,0,nan,0,nan,0,nan,0
1597988282567894016,1597988282500000000,2020-08-21 13:38:02.500000,3278.8,3300.0,3265.6,3282.0,nan,3281.326,27132,26708678820.0,43220,3279.0,1,3278.6,1,nan,0,nan,0,nan,0,nan,0,nan,0,nan,0,nan,0,nan,0
1597988283066372096,1597988283000000000,2020-08-21 13:38:03.000000,3278.8,3300.0,3265.6,3282.0,nan,3281.326,27132,26708678820.0,43220,3279.0,1,3278.6,1,nan,0,nan,0,nan,0,nan,0,nan,0,nan,0,nan,0,nan,0
1597988283570142976,1597988283500000000,2020-08-21 13:38:03.500000,3278.8,3300.0,3265.6,3282.0,nan,3281.326,27132,26708678820.0,43220,3279.0,1,3278.6,1,nan,0,nan,0,nan,0,nan,0,nan,0,nan,0,nan,0,nan,0
1597988284566544896,1597988284500000000,2020-08-21 13:38:04.500000,3278.8,3300.0,3265.6,3282.0,nan,3281.326,27132,26708678820.0,43220,3279.0,1,3278.6,1,nan,0,nan,0,nan,0,nan,0,nan,0,nan,0,nan,0,nan,0
1597988285084125952,1597988285000000000,2020-08-21 13:38:05.000000,3278.6,3300.0,3265.6,3282.0,nan,3281.326,27133,26709662400.0,43220,3278.8,1,3278.4,1,nan,0,nan,0,nan,0,nan,0,nan,0,nan,0,nan,0,nan,0
1597988285579781120,1597988285500000000,2020-08-21 13:38:05.500000,3278.4,3300.0,3265.6,3282.0,nan,3281.325,27135,26711629500.0,43222,3278.4,1,3278.2,3,nan,0,nan,0,nan,0,nan,0,nan,0,nan,0,nan,0,nan,0
1597988286079845120,1597988286000000000,2020-08-21 13:38:06.000000,3278.4,3300.0,3265.6,3282.0,nan,3281.325,27135,26711629500.0,43222,3278.4,2,3278.2,3,nan,0,nan,0,nan,0,nan,0,nan,0,nan,0,nan,0,nan,0
1597988286584473088,1597988286500000000,2020-08-21 13:38:06.500000,3278.2,3300.0,3265.6,3282.0,nan,3281.325,27138,26714579880.0,43225,3278.2,7,3278.0,2,nan,0,nan,0,nan,0,nan,0,nan,0,nan,0,nan,0,nan,0
1597988287103889920,1597988287000000000,2020-08-21 13:38:07.000000,3278.0,3300.0,3265.6,3282.0,nan,3281.325,27140,26716546680.0,43227,3277.8,6,3277.6,1,nan,0,nan,0,nan,0,nan,0,nan,0,nan,0,nan,0,nan,0
1597988287587496960,1597988287500000000,2020-08-21 13:38:07.500000,3277.6,3300.0,3265.6,3282.0,nan,3281.325,27141,26717529960.0,43228,3277.8,1,3277.4,2,nan,0,nan,0,nan,0,nan,0,nan,0,nan,0,nan,0,nan,0
1597988288093332992,1597988288000000000,2020-08-21 13:38:08.000000,3277.4,3300.0,3265.6,3282.0,nan,3281.325,27142,26718513180.0,43228,3278.0,5,3277.4,1,nan,0,nan,0,nan,0,nan,0,nan,0,nan,0,nan,0,nan,0
1597988288596600064,1597988288500000000,2020-08-21 13:38:08.500000,3277.4,3300.0,3265.6,3282.0,nan,3281.325,27142,26718513180.0,43228,3277.6,1,3277.4,1,nan,0,nan,0,nan,0,nan,0,nan,0,nan,0,nan,0,nan,0
1597988289086384896,1597988289000000000,2020-08-21 13:38:09.000000,3277.6,3300.0,3265.6,3282.0,nan,3281.324,27143,26719496460.0,43229,3278.0,2,3277.4,1,nan,0,nan,0,nan,0,nan,0,nan,0,nan,0,nan,0,nan,0
1597988289578618880,1597988289500000000,2020-08-21 13:38:09.500000,3277.4,3300.0,3265.6,3282.0,nan,3281.324,27144,26720479680.0,43230,3278.0,2,3277.4,1,nan,0,nan,0,nan,0,nan,0,nan,0,nan,0,nan,0,nan,0
1597988291077692928,1597988291000000000,2020-08-21 13:38:11.000000,3277.4,3300.0,3265.6,3282.0,nan,3281.324,27145,26721462900.0,43231,3278.0,2,3277.2,1,nan,0,nan,0,nan,0,nan,0,nan,0,nan,0,nan,0,nan,0
1597988291579788032,1597988291500000000,2020-08-21 13:38:11.500000,3277.4,3300.0,3265.6,3282.0,nan,3281.324,27146,26722446120.0,43231,3278.0,2,3277.4,1,nan,0,nan,0,nan,0,nan,0,nan,0,nan,0,nan,0,nan,0
1597988292573969920,1597988292500000000,2020-08-21 13:38:12.500000,3277.4,3300.0,3265.6,3282.0,nan,3281.324,27149,26725395960.0,43233,3278.0,1,3277.2,2,nan,0,nan,0,nan,0,nan,0,nan,0,nan,0,nan,0,nan,0
1597988293081798912,1597988293000000000,2020-08-21 13:38:13.000000,3278.0,3300.0,3265.6,3282.0,nan,3281.323,27151,26727362760.0,43234,3278.2,2,3277.4,4,nan,0,nan,0,nan,0,nan,0,nan,0,nan,0,nan,0,nan,0
1597988293583694080,1597988293500000000,2020-08-21 13:38:13.500000,3278.2,3300.0,3265.6,3282.0,nan,3281.323,27153,26729329680.0,43236,3278.4,1,3277.6,2,nan,0,nan,0,nan,0,nan,0,nan,0,nan,0,nan,0,nan,0
1597988294078004992,1597988294000000000,2020-08-21 13:38:14.000000,3277.8,3300.0,3265.6,3282.0,nan,3281.323,27155,26731296360.0,43238,3278.4,1,3277.6,2,nan,0,nan,0,nan,0,nan,0,nan,0,nan,0,nan,0,nan,0
1597988295095312896,1597988295000000000,2020-08-21 13:38:15.000000,3277.8,3300.0,3265.6,3282.0,nan,3281.323,27155,26731296360.0,43238,3278.2,1,3277.6,2,nan,0,nan,0,nan,0,nan,0,nan,0,nan,0,nan,0,nan,0
1597988295585479936,1597988295500000000,2020-08-21 13:38:15.500000,3278.2,3300.0,3265.6,3282.0,nan,3281.323,27156,26732279820.0,43239,3278.2,1,3277.4,1,nan,0,nan,0,nan,0,nan,0,nan,0,nan,0,nan,0,nan,0
1597988296078300928,1597988296000000000,2020-08-21 13:38:16.000000,3278.2,3300.0,3265.6,3282.0,nan,3281.323,27156,26732279820.0,43239,3278.2,1,3277.4,1,nan,0,nan,0,nan,0,nan,0,nan,0,nan,0,nan,0,nan,0
1597988296590961920,1597988296500000000,2020-08-21 13:38:16.500000,3278.2,3300.0,3265.6,3282.0,nan,3281.323,27157,26733263280.0,43239,3278.2,1,3277.4,1,nan,0,nan,0,nan,0,nan,0,nan,0,nan,0,nan,0,nan,0
1597988297082732032,1597988297000000000,2020-08-21 13:38:17.000000,3277.6,3300.0,3265.6,3282.0,nan,3281.322,27158,26734246560.0,43239,3278.0,1,3277.4,1,nan,0,nan,0,nan,0,nan,0,nan,0,nan,0,nan,0,nan,0
1597988297586866944,1597988297500000000,2020-08-21 13:38:17.500000,3277.6,3300.0,3265.6,3282.0,nan,3281.322,27158,26734246560.0,43239,3278.0,2,3277.6,3,nan,0,nan,0,nan,0,nan,0,nan,0,nan,0,nan,0,nan,0
1597988298092699904,1597988298000000000,2020-08-21 13:38:18.000000,3277.6,3300.0,3265.6,3282.0,nan,3281.322,27158,26734246560.0,43239,3278.2,1,3277.6,3,nan,0,nan,0,nan,0,nan,0,nan,0,nan,0,nan,0,nan,0
1597988298582788096,1597988298500000000,2020-08-21 13:38:18.500000,3277.6,3300.0,3265.6,3282.0,nan,3281.322,27158,26734246560.0,43239,3278.2,1,3277.6,3,nan,0,nan,0,nan,0,nan,0,nan,0,nan,0,nan,0,nan,0
1597988299080256000,1597988299000000000,2020-08-21 13:38:19.000000,3277.6,3300.0,3265.6,3282.0,nan,3281.322,27158,26734246560.0,43239,3278.4,1,3277.6,3,nan,0,nan,0,nan,0,nan,0,nan,0,nan,0,nan,0,nan,0
1597988299576685056,1597988299500000000,2020-08-21 13:38:19.500000,3277.6,3300.0,3265.6,3282.0,nan,3281.322,27158,26734246560.0,43239,3278.4,1,3277.6,3,nan,0,nan,0,nan,0,nan,0,nan,0,nan,0,nan,0,nan,0
1597988300076094976,1597988300000000000,2020-08-21 13:38:20.000000,3277.6,3300.0,3265.6,3282.0,nan,3281.322,27158,26734246560.0,43239,3278.2,1,3277.6,3,nan,0,nan,0,nan,0,nan,0,nan,0,nan,0,nan,0,nan,0
1597988303788646912,1597988303500000000,2020-08-21 13:38:23.500000,3277.6,3300.0,3265.6,3282.0,nan,3281.322,27158,26734246560.0,43239,3278.2,1,3277.6,3,nan,0,nan,0,nan,0,nan,0,nan,0,nan,0,nan,0,nan,0
1597988305586932992,1597988305500000000,2020-08-21 13:38:25.500000,3277.6,3300.0,3265.6,3282.0,nan,3281.322,27159,26735229840.0,43239,3278.2,1,3277.6,2,nan,0,nan,0,nan,0,nan,0,nan,0,nan,0,nan,0,nan,0
1597988306595164928,1597988306500000000,2020-08-21 13:38:26.500000,3278.2,3300.0,3265.6,3282.0,nan,3281.322,27160,26736213300.0,43240,3278.4,1,3278.2,2,nan,0,nan,0,nan,0,nan,0,nan,0,nan,0,nan,0,nan,0
1597988307076886016,1597988307000000000,2020-08-21 13:38:27.000000,3278.2,3300.0,3265.6,3282.0,nan,3281.322,27162,26738180220.0,43242,3278.4,1,3277.6,2,nan,0,nan,0,nan,0,nan,0,nan,0,nan,0,nan,0,nan,0
1597988308598799872,1597988308500000000,2020-08-21 13:38:28.500000,3278.2,3300.0,3265.6,3282.0,nan,3281.322,27162,26738180220.0,43242,3278.4,1,3277.8,1,nan,0,nan,0,nan,0,nan,0,nan,0,nan,0,nan,0,nan,0
1597988309091951104,1597988309000000000,2020-08-21 13:38:29.000000,3278.2,3300.0,3265.6,3282.0,nan,3281.322,27162,26738180220.0,43242,3278.4,1,3277.8,1,nan,0,nan,0,nan,0,nan,0,nan,0,nan,0,nan,0,nan,0
1597988310089100032,1597988310000000000,2020-08-21 13:38:30.000000,3277.8,3300.0,3265.6,3282.0,nan,3281.322,27163,26739163560.0,43242,3278.4,1,3277.6,3,nan,0,nan,0,nan,0,nan,0,nan,0,nan,0,nan,0,nan,0
1597988310581585920,1597988310500000000,2020-08-21 13:38:30.500000,3277.8,3300.0,3265.6,3282.0,nan,3281.322,27163,26739163560.0,43242,3278.4,2,3277.6,3,nan,0,nan,0,nan,0,nan,0,nan,0,nan,0,nan,0,nan,0
1597988311086516992,1597988311000000000,2020-08-21 13:38:31.000000,3277.8,3300.0,3265.6,3282.0,nan,3281.322,27163,26739163560.0,43242,3278.4,1,3277.6,3,nan,0,nan,0,nan,0,nan,0,nan,0,nan,0,nan,0,nan,0
1597988311598344960,1597988311500000000,2020-08-21 13:38:31.500000,3277.8,3300.0,3265.6,3282.0,nan,3281.322,27163,26739163560.0,43242,3278.4,1,3277.8,5,nan,0,nan,0,nan,0,nan,0,nan,0,nan,0,nan,0,nan,0
1597988313591511040,1597988313500000000,2020-08-21 13:38:33.500000,3277.8,3300.0,3265.6,3282.0,nan,3281.322,27163,26739163560.0,43242,3278.4,1,3277.8,4,nan,0,nan,0,nan,0,nan,0,nan,0,nan,0,nan,0,nan,0
1597988314084020992,1597988314000000000,2020-08-21 13:38:34.000000,3277.8,3300.0,3265.6,3282.0,nan,3281.322,27163,26739163560.0,43242,3278.4,1,3277.8,2,nan,0,nan,0,nan,0,nan,0,nan,0,nan,0,nan,0,nan,0
1597988316085108992,1597988316000000000,2020-08-21 13:38:36.000000,3277.8,3300.0,3265.6,3282.0,nan,3281.322,27163,26739163560.0,43242,3278.4,2,3277.8,2,nan,0,nan,0,nan,0,nan,0,nan,0,nan,0,nan,0,nan,0
1597988316587715072,1597988316500000000,2020-08-21 13:38:36.500000,3277.6,3300.0,3265.6,3282.0,nan,3281.321,27166,26742113520.0,43242,3278.4,2,3277.6,2,nan,0,nan,0,nan,0,nan,0,nan,0,nan,0,nan,0,nan,0
1597988317090574080,1597988317000000000,2020-08-21 13:38:37.000000,3277.6,3300.0,3265.6,3282.0,nan,3281.321,27166,26742113520.0,43242,3278.4,2,3277.6,2,nan,0,nan,0,nan,0,nan,0,nan,0,nan,0,nan,0,nan,0
1597988317586507008,1597988317500000000,2020-08-21 13:38:37.500000,3278.4,3300.0,3265.6,3282.0,nan,3281.321,27167,26743097040.0,43242,3278.4,1,3277.6,3,nan,0,nan,0,nan,0,nan,0,nan,0,nan,0,nan,0,nan,0
1597988318095778048,1597988318000000000,2020-08-21 13:38:38.000000,3278.4,3300.0,3265.6,3282.0,nan,3281.321,27167,26743097040.0,43242,3278.4,1,3277.8,1,nan,0,nan,0,nan,0,nan,0,nan,0,nan,0,nan,0,nan,0
1597988318590030080,1597988318500000000,2020-08-21 13:38:38.500000,3277.8,3300.0,3265.6,3282.0,nan,3281.321,27168,26744080380.0,43242,3278.4,1,3277.6,3,nan,0,nan,0,nan,0,nan,0,nan,0,nan,0,nan,0,nan,0
1597988319093441024,1597988319000000000,2020-08-21 13:38:39.000000,3277.8,3300.0,3265.6,3282.0,nan,3281.321,27168,26744080380.0,43242,3278.4,2,3277.6,2,nan,0,nan,0,nan,0,nan,0,nan,0,nan,0,nan,0,nan,0
1597988319599059968,1597988319500000000,2020-08-21 13:38:39.500000,3277.8,3300.0,3265.6,3282.0,nan,3281.321,27168,26744080380.0,43242,3278.4,2,3277.6,3,nan,0,nan,0,nan,0,nan,0,nan,0,nan,0,nan,0,nan,0
1597988322090658048,1597988322000000000,2020-08-21 13:38:42.000000,3277.6,3300.0,3265.6,3282.0,nan,3281.321,27169,26745063660.0,43242,3278.4,2,3277.6,2,nan,0,nan,0,nan,0,nan,0,nan,0,nan,0,nan,0,nan,0
1597988322600003072,1597988322500000000,2020-08-21 13:38:42.500000,3277.6,3300.0,3265.6,3282.0,nan,3281.321,27169,26745063660.0,43242,3278.2,1,3277.8,1,nan,0,nan,0,nan,0,nan,0,nan,0,nan,0,nan,0,nan,0
1597988323088965888,1597988323000000000,2020-08-21 13:38:43.000000,3277.6,3300.0,3265.6,3282.0,nan,3281.321,27169,26745063660.0,43242,3278.2,1,3277.8,1,nan,0,nan,0,nan,0,nan,0,nan,0,nan,0,nan,0,nan,0
1597988323589891072,1597988323500000000,2020-08-21 13:38:43.500000,3277.8,3300.0,3265.6,3282.0,nan,3281.321,27170,26746047000.0,43242,3278.2,3,3277.6,2,nan,0,nan,0,nan,0,nan,0,nan,0,nan,0,nan,0,nan,0
1597988329602682112,1597988329500000000,2020-08-21 13:38:49.500000,3277.8,3300.0,3265.6,3282.0,nan,3281.321,27170,26746047000.0,43242,3278.2,3,3277.6,2,nan,0,nan,0,nan,0,nan,0,nan,0,nan,0,nan,0,nan,0
1597988331596312064,1597988331500000000,2020-08-21 13:38:51.500000,3277.0,3300.0,3265.6,3282.0,nan,3281.32,27177,26752929240.0,43239,3278.2,3,3277.0,3,nan,0,nan,0,nan,0,nan,0,nan,0,nan,0,nan,0,nan,0
1597988332098949888,1597988332000000000,2020-08-21 13:38:52.000000,3277.4,3300.0,3265.6,3282.0,nan,3281.319,27180,26755878840.0,43241,3277.6,1,3277.0,5,nan,0,nan,0,nan,0,nan,0,nan,0,nan,0,nan,0,nan,0
1597988332655899904,1597988332500000000,2020-08-21 13:38:52.500000,3277.4,3300.0,3265.6,3282.0,nan,3281.319,27180,26755878840.0,43241,3277.6,2,3277.0,5,nan,0,nan,0,nan,0,nan,0,nan,0,nan,0,nan,0,nan,0
1597988333104410880,1597988333000000000,2020-08-21 13:38:53.000000,3277.4,3300.0,3265.6,3282.0,nan,3281.319,27180,26755878840.0,43241,3277.6,1,3277.0,3,nan,0,nan,0,nan,0,nan,0,nan,0,nan,0,nan,0,nan,0
1597988333636780032,1597988333500000000,2020-08-21 13:38:53.500000,3277.4,3300.0,3265.6,3282.0,nan,3281.319,27180,26755878840.0,43241,3277.4,1,3277.0,3,nan,0,nan,0,nan,0,nan,0,nan,0,nan,0,nan,0,nan,0
1597988334110192896,1597988334000000000,2020-08-21 13:38:54.000000,3277.6,3300.0,3265.6,3282.0,nan,3281.319,27181,26756862120.0,43240,3278.0,2,3277.0,3,nan,0,nan,0,nan,0,nan,0,nan,0,nan,0,nan,0,nan,0
1597988334597501952,1597988334500000000,2020-08-21 13:38:54.500000,3277.6,3300.0,3265.6,3282.0,nan,3281.319,27181,26756862120.0,43240,3277.8,4,3277.0,3,nan,0,nan,0,nan,0,nan,0,nan,0,nan,0,nan,0,nan,0
1597988335088840960,1597988335000000000,2020-08-21 13:38:55.000000,3277.6,3300.0,3265.6,3282.0,nan,3281.319,27181,26756862120.0,43240,3277.6,2,3277.0,3,nan,0,nan,0,nan,0,nan,0,nan,0,nan,0,nan,0,nan,0
1597988335619587072,1597988335500000000,2020-08-21 13:38:55.500000,3277.0,3300.0,3265.6,3282.0,nan,3281.319,27183,26758828320.0,43240,3277.6,3,3277.0,1,nan,0,nan,0,nan,0,nan,0,nan,0,nan,0,nan,0,nan,0
1597988336105156096,1597988336000000000,2020-08-21 13:38:56.000000,3277.0,3300.0,3265.6,3282.0,nan,3281.319,27183,26758828320.0,43240,3277.4,1,3277.0,1,nan,0,nan,0,nan,0,nan,0,nan,0,nan,0,nan,0,nan,0
1597988336593598976,1597988336500000000,2020-08-21 13:38:56.500000,3277.4,3300.0,3265.6,3282.0,nan,3281.319,27184,26759811540.0,43241,3277.6,3,3277.0,1,nan,0,nan,0,nan,0,nan,0,nan,0,nan,0,nan,0,nan,0
1597988337106149120,1597988337000000000,2020-08-21 13:38:57.000000,3277.4,3300.0,3265.6,3282.0,nan,3281.319,27184,26759811540.0,43241,3277.6,2,3277.0,1,nan,0,nan,0,nan,0,nan,0,nan,0,nan,0,nan,0,nan,0
1597988338604888064,1597988338500000000,2020-08-21 13:38:58.500000,3277.6,3300.0,3265.6,3282.0,nan,3281.319,27186,26761778100.0,43241,3278.0,1,3277.6,2,nan,0,nan,0,nan,0,nan,0,nan,0,nan,0,nan,0,nan,0
1597988339165339904,1597988339000000000,2020-08-21 13:38:59.000000,3277.6,3300.0,3265.6,3282.0,nan,3281.319,27186,26761778100.0,43241,3277.8,1,3277.6,2,nan,0,nan,0,nan,0,nan,0,nan,0,nan,0,nan,0,nan,0
1597988340607358976,1597988340500000000,2020-08-21 13:39:00.500000,3277.6,3300.0,3265.6,3282.0,nan,3281.319,27186,26761778100.0,43241,3277.8,1,3277.6,2,nan,0,nan,0,nan,0,nan,0,nan,0,nan,0,nan,0,nan,0
1597988341134194944,1597988341000000000,2020-08-21 13:39:01.000000,3277.6,3300.0,3265.6,3282.0,nan,3281.319,27186,26761778100.0,43241,3278.0,1,3277.8,1,nan,0,nan,0,nan,0,nan,0,nan,0,nan,0,nan,0,nan,0
1597988341605074944,1597988341500000000,2020-08-21 13:39:01.500000,3277.6,3300.0,3265.6,3282.0,nan,3281.319,27186,26761778100.0,43241,3278.0,2,3277.6,2,nan,0,nan,0,nan,0,nan,0,nan,0,nan,0,nan,0,nan,0
1597988342105339904,1597988342000000000,2020-08-21 13:39:02.000000,3278.0,3300.0,3265.6,3282.0,nan,3281.318,27187,26762761500.0,43241,3278.0,1,3277.8,1,nan,0,nan,0,nan,0,nan,0,nan,0,nan,0,nan,0,nan,0
1597988342601387008,1597988342500000000,2020-08-21 13:39:02.500000,3277.8,3300.0,3265.6,3282.0,nan,3281.318,27189,26764728180.0,43243,3278.0,1,3277.6,3,nan,0,nan,0,nan,0,nan,0,nan,0,nan,0,nan,0,nan,0
1597988343102650880,1597988343000000000,2020-08-21 13:39:03.000000,3277.6,3300.0,3265.6,3282.0,nan,3281.318,27190,26765711460.0,43243,3278.0,2,3277.6,2,nan,0,nan,0,nan,0,nan,0,nan,0,nan,0,nan,0,nan,0
1597988343628957952,1597988343500000000,2020-08-21 13:39:03.500000,3277.6,3300.0,3265.6,3282.0,nan,3281.318,27190,26765711460.0,43243,3278.0,2,3277.6,2,nan,0,nan,0,nan,0,nan,0,nan,0,nan,0,nan,0,nan,0
1597988344099172096,1597988344000000000,2020-08-21 13:39:04.000000,3277.6,3300.0,3265.6,3282.0,nan,3281.318,27192,26767678020.0,43244,3277.6,1,3277.0,1,nan,0,nan,0,nan,0,nan,0,nan,0,nan,0,nan,0,nan,0
1597988344631284992,1597988344500000000,2020-08-21 13:39:04.500000,3277.6,3300.0,3265.6,3282.0,nan,3281.318,27192,26767678020.0,43244,3277.4,1,3277.2,2,nan,0,nan,0,nan,0,nan,0,nan,0,nan,0,nan,0,nan,0
1597988345102601984,1597988345000000000,2020-08-21 13:39:05.000000,3277.4,3300.0,3265.6,3282.0,nan,3281.317,27195,26770627740.0,43246,3277.6,2,3277.4,1,nan,0,nan,0,nan,0,nan,0,nan,0,nan,0,nan,0,nan,0
1597988345607153920,1597988345500000000,2020-08-21 13:39:05.500000,3277.4,3300.0,3265.6,3282.0,nan,3281.317,27196,26771610960.0,43247,3277.6,2,3277.0,1,nan,0,nan,0,nan,0,nan,0,nan,0,nan,0,nan,0,nan,0
1597988346113329920,1597988346000000000,2020-08-21 13:39:06.000000,3277.4,3300.0,3265.6,3282.0,nan,3281.317,27196,26771610960.0,43247,3277.6,2,3277.4,1,nan,0,nan,0,nan,0,nan,0,nan,0,nan,0,nan,0,nan,0
1597988347342588928,1597988347000000000,2020-08-21 13:39:07.000000,3277.4,3300.0,3265.6,3282.0,nan,3281.317,27197,26772594180.0,43248,3277.6,2,3277.0,1,nan,0,nan,0,nan,0,nan,0,nan,0,nan,0,nan,0,nan,0
1597988347609097984,1597988347500000000,2020-08-21 13:39:07.500000,3277.4,3300.0,3265.6,3282.0,nan,3281.317,27197,26772594180.0,43248,3277.6,2,3277.0,1,nan,0,nan,0,nan,0,nan,0,nan,0,nan,0,nan,0,nan,0
1597988348604772096,1597988348500000000,2020-08-21 13:39:08.500000,3277.4,3300.0,3265.6,3282.0,nan,3281.317,27197,26772594180.0,43248,3277.6,2,3277.4,1,nan,0,nan,0,nan,0,nan,0,nan,0,nan,0,nan,0,nan,0
1597988349113209088,1597988349000000000,2020-08-21 13:39:09.000000,3277.2,3300.0,3265.6,3282.0,nan,3281.317,27199,26774560560.0,43247,3277.6,2,3277.0,2,nan,0,nan,0,nan,0,nan,0,nan,0,nan,0,nan,0,nan,0
1597988349618459904,1597988349500000000,2020-08-21 13:39:09.500000,3277.2,3300.0,3265.6,3282.0,nan,3281.317,27199,26774560560.0,43247,3277.6,2,3277.2,1,nan,0,nan,0,nan,0,nan,0,nan,0,nan,0,nan,0,nan,0
1597988350094247936,1597988350000000000,2020-08-21 13:39:10.000000,3277.2,3300.0,3265.6,3282.0,nan,3281.317,27199,26774560560.0,43247,3277.6,2,3277.4,1,nan,0,nan,0,nan,0,nan,0,nan,0,nan,0,nan,0,nan,0
1597988350613059072,1597988350500000000,2020-08-21 13:39:10.500000,3277.2,3300.0,3265.6,3282.0,nan,3281.317,27199,26774560560.0,43247,3277.6,2,3277.4,2,nan,0,nan,0,nan,0,nan,0,nan,0,nan,0,nan,0,nan,0
1597988351110893056,1597988351000000000,2020-08-21 13:39:11.000000,3277.2,3300.0,3265.6,3282.0,nan,3281.317,27199,26774560560.0,43247,3277.6,2,3277.4,2,nan,0,nan,0,nan,0,nan,0,nan,0,nan,0,nan,0,nan,0
1597988351647772928,1597988351500000000,2020-08-21 13:39:11.500000,3277.6,3300.0,3265.6,3282.0,nan,3281.317,27201,26776527120.0,43248,3277.8,2,3277.6,1,nan,0,nan,0,nan,0,nan,0,nan,0,nan,0,nan,0,nan,0
1597988352103719936,1597988352000000000,2020-08-21 13:39:12.000000,3277.6,3300.0,3265.6,3282.0,nan,3281.317,27201,26776527120.0,43248,3277.8,2,3277.6,2,nan,0,nan,0,nan,0,nan,0,nan,0,nan,0,nan,0,nan,0
1597988352607450880,1597988352500000000,2020-08-21 13:39:12.500000,3277.6,3300.0,3265.6,3282.0,nan,3281.316,27202,26777510400.0,43248,3277.8,2,3277.6,2,nan,0,nan,0,nan,0,nan,0,nan,0,nan,0,nan,0,nan,0
1597988354604229120,1597988354500000000,2020-08-21 13:39:14.500000,3277.6,3300.0,3265.6,3282.0,nan,3281.316,27202,26777510400.0,43248,3277.8,2,3277.6,2,nan,0,nan,0,nan,0,nan,0,nan,0,nan,0,nan,0,nan,0
1597988355106255104,1597988355000000000,2020-08-21 13:39:15.000000,3277.6,3300.0,3265.6,3282.0,nan,3281.316,27202,26777510400.0,43248,3277.8,2,3277.6,2,nan,0,nan,0,nan,0,nan,0,nan,0,nan,0,nan,0,nan,0
1597988355608304896,1597988355500000000,2020-08-21 13:39:15.500000,3277.6,3300.0,3265.6,3282.0,nan,3281.316,27202,26777510400.0,43248,3277.8,3,3277.6,2,nan,0,nan,0,nan,0,nan,0,nan,0,nan,0,nan,0,nan,0
1597988356115217920,1597988356000000000,2020-08-21 13:39:16.000000,3277.6,3300.0,3265.6,3282.0,nan,3281.316,27204,26779476960.0,43248,3277.6,3,3277.4,1,nan,0,nan,0,nan,0,nan,0,nan,0,nan,0,nan,0,nan,0
1597988356623951104,1597988356500000000,2020-08-21 13:39:16.500000,3277.6,3300.0,3265.6,3282.0,nan,3281.316,27208,26783410020.0,43249,3277.8,3,3277.6,5,nan,0,nan,0,nan,0,nan,0,nan,0,nan,0,nan,0,nan,0
1597988357125125888,1597988357000000000,2020-08-21 13:39:17.000000,3277.8,3300.0,3265.6,3282.0,nan,3281.315,27211,26786360040.0,43250,3277.8,1,3277.6,5,nan,0,nan,0,nan,0,nan,0,nan,0,nan,0,nan,0,nan,0
1597988358108216064,1597988358000000000,2020-08-21 13:39:18.000000,3277.8,3300.0,3265.6,3282.0,nan,3281.315,27211,26786360040.0,43250,3277.8,1,3277.6,5,nan,0,nan,0,nan,0,nan,0,nan,0,nan,0,nan,0,nan,0
1597988359116382976,1597988359000000000,2020-08-21 13:39:19.000000,3277.8,3300.0,3265.6,3282.0,nan,3281.315,27211,26786360040.0,43250,3277.8,1,3277.6,5,nan,0,nan,0,nan,0,nan,0,nan,0,nan,0,nan,0,nan,0
1597988360611763968,1597988360500000000,2020-08-21 13:39:20.500000,3277.6,3300.0,3265.6,3282.0,nan,3281.315,27213,26788326660.0,43251,3278.0,1,3277.6,4,nan,0,nan,0,nan,0,nan,0,nan,0,nan,0,nan,0,nan,0
1597988361107567104,1597988361000000000,2020-08-21 13:39:21.000000,3277.6,3300.0,3265.6,3282.0,nan,3281.315,27213,26788326660.0,43251,3278.0,1,3277.8,1,nan,0,nan,0,nan,0,nan,0,nan,0,nan,0,nan,0,nan,0
1597988362108344064,1597988362000000000,2020-08-21 13:39:22.000000,3277.6,3300.0,3265.6,3282.0,nan,3281.315,27213,26788326660.0,43251,3278.0,1,3277.8,1,nan,0,nan,0,nan,0,nan,0,nan,0,nan,0,nan,0,nan,0
1597988362616129024,1597988362500000000,2020-08-21 13:39:22.500000,3277.6,3300.0,3265.6,3282.0,nan,3281.315,27213,26788326660.0,43251,3278.0,1,3277.6,5,nan,0,nan,0,nan,0,nan,0,nan,0,nan,0,nan,0,nan,0
1597988364127692032,1597988364000000000,2020-08-21 13:39:24.000000,3277.6,3300.0,3265.6,3282.0,nan,3281.315,27215,26790293220.0,43249,3278.0,2,3277.6,3,nan,0,nan,0,nan,0,nan,0,nan,0,nan,0,nan,0,nan,0
1597988364631212032,1597988364500000000,2020-08-21 13:39:24.500000,3278.0,3300.0,3265.6,3282.0,nan,3281.314,27218,26793243300.0,43250,3278.2,2,3278.0,2,nan,0,nan,0,nan,0,nan,0,nan,0,nan,0,nan,0,nan,0
1597988365114106112,1597988365000000000,2020-08-21 13:39:25.000000,3278.0,3300.0,3265.6,3282.0,nan,3281.314,27220,26795210100.0,43250,3278.2,2,3277.6,5,nan,0,nan,0,nan,0,nan,0,nan,0,nan,0,nan,0,nan,0
1597988365621958912,1597988365500000000,2020-08-21 13:39:25.500000,3277.6,3300.0,3265.6,3282.0,nan,3281.313,27225,26800126500.0,43252,3277.6,1,3277.2,4,nan,0,nan,0,nan,0,nan,0,nan,0,nan,0,nan,0,nan,0
1597988366169050880,1597988366000000000,2020-08-21 13:39:26.000000,3277.6,3300.0,3265.6,3282.0,nan,3281.313,27225,26800126500.0,43252,3277.6,1,3277.4,1,nan,0,nan,0,nan,0,nan,0,nan,0,nan,0,nan,0,nan,0
1597988366629826048,1597988366500000000,2020-08-21 13:39:26.500000,3277.6,3300.0,3265.6,3282.0,nan,3281.313,27226,26801109780.0,43253,3278.2,2,3277.4,1,nan,0,nan,0,nan,0,nan,0,nan,0,nan,0,nan,0,nan,0
1597988367159630080,1597988367000000000,2020-08-21 13:39:27.000000,3277.6,3300.0,3265.6,3282.0,nan,3281.313,27226,26801109780.0,43253,3278.0,1,3277.4,1,nan,0,nan,0,nan,0,nan,0,nan,0,nan,0,nan,0,nan,0
1597988367646412032,1597988367500000000,2020-08-21 13:39:27.500000,3277.6,3300.0,3265.6,3282.0,nan,3281.313,27226,26801109780.0,43253,3278.0,2,3277.2,4,nan,0,nan,0,nan,0,nan,0,nan,0,nan,0,nan,0,nan,0
1597988368108161024,1597988368000000000,2020-08-21 13:39:28.000000,3277.6,3300.0,3265.6,3282.0,nan,3281.313,27226,26801109780.0,43253,3277.8,1,3277.2,4,nan,0,nan,0,nan,0,nan,0,nan,0,nan,0,nan,0,nan,0
1597988368612982016,1597988368500000000,2020-08-21 13:39:28.500000,3277.6,3300.0,3265.6,3282.0,nan,3281.313,27226,26801109780.0,43253,3277.8,1,3277.2,5,nan,0,nan,0,nan,0,nan,0,nan,0,nan,0,nan,0,nan,0
1597988369130234880,1597988369000000000,2020-08-21 13:39:29.000000,3277.2,3300.0,3265.6,3282.0,nan,3281.313,27227,26802092940.0,43253,3277.8,1,3277.2,4,nan,0,nan,0,nan,0,nan,0,nan,0,nan,0,nan,0,nan,0
1597988369621588992,1597988369500000000,2020-08-21 13:39:29.500000,3277.2,3300.0,3265.6,3282.0,nan,3281.313,27227,26802092940.0,43253,3277.8,2,3277.2,4,nan,0,nan,0,nan,0,nan,0,nan,0,nan,0,nan,0,nan,0
1597988370120228096,1597988370000000000,2020-08-21 13:39:30.000000,3277.2,3300.0,3265.6,3282.0,nan,3281.313,27227,26802092940.0,43253,3277.8,2,3277.4,1,nan,0,nan,0,nan,0,nan,0,nan,0,nan,0,nan,0,nan,0
1597988371113348096,1597988371000000000,2020-08-21 13:39:31.000000,3278.0,3300.0,3265.6,3282.0,nan,3281.313,27230,26805043020.0,43255,3278.2,2,3277.6,1,nan,0,nan,0,nan,0,nan,0,nan,0,nan,0,nan,0,nan,0
1597988371653888000,1597988371500000000,2020-08-21 13:39:31.500000,3278.0,3300.0,3265.6,3282.0,nan,3281.313,27230,26805043020.0,43255,3278.0,3,3277.6,1,nan,0,nan,0,nan,0,nan,0,nan,0,nan,0,nan,0,nan,0
1597988372613638912,1597988372500000000,2020-08-21 13:39:32.500000,3278.0,3300.0,3265.6,3282.0,nan,3281.313,27230,26805043020.0,43255,3278.0,3,3277.6,1,nan,0,nan,0,nan,0,nan,0,nan,0,nan,0,nan,0,nan,0
1597988373112169984,1597988373000000000,2020-08-21 13:39:33.000000,3277.6,3300.0,3265.6,3282.0,nan,3281.313,27231,26806026300.0,43254,3278.0,3,3277.4,1,nan,0,nan,0,nan,0,nan,0,nan,0,nan,0,nan,0,nan,0
1597988373624066048,1597988373500000000,2020-08-21 13:39:33.500000,3277.6,3300.0,3265.6,3282.0,nan,3281.313,27231,26806026300.0,43254,3278.0,3,3277.6,1,nan,0,nan,0,nan,0,nan,0,nan,0,nan,0,nan,0,nan,0
1597988374130324992,1597988374000000000,2020-08-21 13:39:34.000000,3278.0,3300.0,3265.6,3282.0,nan,3281.312,27232,26807009700.0,43255,3278.2,2,3277.8,1,nan,0,nan,0,nan,0,nan,0,nan,0,nan,0,nan,0,nan,0
1597988374667649024,1597988374500000000,2020-08-21 13:39:34.500000,3278.0,3300.0,3265.6,3282.0,nan,3281.312,27232,26807009700.0,43255,3278.2,2,3277.8,1,nan,0,nan,0,nan,0,nan,0,nan,0,nan,0,nan,0,nan,0
1597988376120000000,1597988376000000000,2020-08-21 13:39:36.000000,3278.0,3300.0,3265.6,3282.0,nan,3281.312,27232,26807009700.0,43255,3278.2,2,3277.8,1,nan,0,nan,0,nan,0,nan,0,nan,0,nan,0,nan,0,nan,0
1597988376633739008,1597988376500000000,2020-08-21 13:39:36.500000,3277.8,3300.0,3265.6,3282.0,nan,3281.312,27233,26807993040.0,43256,3278.2,2,3277.4,1,nan,0,nan,0,nan,0,nan,0,nan,0,nan,0,nan,0,nan,0
1597988377146009088,1597988377000000000,2020-08-21 13:39:37.000000,3278.0,3300.0,3265.6,3282.0,nan,3281.312,27234,26808976440.0,43256,3278.0,1,3277.4,1,nan,0,nan,0,nan,0,nan,0,nan,0,nan,0,nan,0,nan,0
1597988377636804096,1597988377500000000,2020-08-21 13:39:37.500000,3278.0,3300.0,3265.6,3282.0,nan,3281.312,27234,26808976440.0,43256,3278.0,1,3277.4,2,nan,0,nan,0,nan,0,nan,0,nan,0,nan,0,nan,0,nan,0
1597988378134914048,1597988378000000000,2020-08-21 13:39:38.000000,3278.0,3300.0,3265.6,3282.0,nan,3281.312,27235,26809959840.0,43257,3278.2,2,3277.4,2,nan,0,nan,0,nan,0,nan,0,nan,0,nan,0,nan,0,nan,0
1597988379631830016,1597988379500000000,2020-08-21 13:39:39.500000,3278.0,3300.0,3265.6,3282.0,nan,3281.312,27235,26809959840.0,43257,3278.2,2,3277.4,2,nan,0,nan,0,nan,0,nan,0,nan,0,nan,0,nan,0,nan,0
1597988380143216128,1597988380000000000,2020-08-21 13:39:40.000000,3278.0,3300.0,3265.6,3282.0,nan,3281.312,27235,26809959840.0,43257,3278.2,2,3277.6,1,nan,0,nan,0,nan,0,nan,0,nan,0,nan,0,nan,0,nan,0
1597988380644386048,1597988380500000000,2020-08-21 13:39:40.500000,3278.0,3300.0,3265.6,3282.0,nan,3281.312,27235,26809959840.0,43257,3278.0,2,3277.6,2,nan,0,nan,0,nan,0,nan,0,nan,0,nan,0,nan,0,nan,0
1597988381162490880,1597988381000000000,2020-08-21 13:39:41.000000,3278.0,3300.0,3265.6,3282.0,nan,3281.312,27235,26809959840.0,43257,3278.2,2,3277.6,2,nan,0,nan,0,nan,0,nan,0,nan,0,nan,0,nan,0,nan,0
1597988381644143104,1597988381500000000,2020-08-21 13:39:41.500000,3278.0,3300.0,3265.6,3282.0,nan,3281.312,27235,26809959840.0,43257,3278.2,2,3277.6,2,nan,0,nan,0,nan,0,nan,0,nan,0,nan,0,nan,0,nan,0
1597988382135852032,1597988382000000000,2020-08-21 13:39:42.000000,3278.0,3300.0,3265.6,3282.0,nan,3281.312,27235,26809959840.0,43257,3278.2,2,3277.6,1,nan,0,nan,0,nan,0,nan,0,nan,0,nan,0,nan,0,nan,0
1597988382637614080,1597988382500000000,2020-08-21 13:39:42.500000,3278.0,3300.0,3265.6,3282.0,nan,3281.312,27235,26809959840.0,43257,3278.0,2,3277.6,2,nan,0,nan,0,nan,0,nan,0,nan,0,nan,0,nan,0,nan,0
1597988383129182976,1597988383000000000,2020-08-21 13:39:43.000000,3278.0,3300.0,3265.6,3282.0,nan,3281.312,27235,26809959840.0,43257,3278.0,2,3277.8,1,nan,0,nan,0,nan,0,nan,0,nan,0,nan,0,nan,0,nan,0
1597988383634498048,1597988383500000000,2020-08-21 13:39:43.500000,3278.0,3300.0,3265.6,3282.0,nan,3281.312,27236,26810943240.0,43257,3278.0,1,3277.8,2,nan,0,nan,0,nan,0,nan,0,nan,0,nan,0,nan,0,nan,0
1597988384139187968,1597988384000000000,2020-08-21 13:39:44.000000,3278.0,3300.0,3265.6,3282.0,nan,3281.312,27237,26811926640.0,43258,3278.2,2,3277.8,2,nan,0,nan,0,nan,0,nan,0,nan,0,nan,0,nan,0,nan,0
1597988385133708032,1597988385000000000,2020-08-21 13:39:45.000000,3278.0,3300.0,3265.6,3282.0,nan,3281.312,27237,26811926640.0,43258,3278.0,1,3277.8,3,nan,0,nan,0,nan,0,nan,0,nan,0,nan,0,nan,0,nan,0
1597988385639247872,1597988385500000000,2020-08-21 13:39:45.500000,3277.8,3300.0,3265.6,3282.0,nan,3281.312,27239,26813893320.0,43259,3278.0,1,3277.8,1,nan,0,nan,0,nan,0,nan,0,nan,0,nan,0,nan,0,nan,0
1597988386142301952,1597988386000000000,2020-08-21 13:39:46.000000,3277.8,3300.0,3265.6,3282.0,nan,3281.312,27239,26813893320.0,43259,3278.0,1,3277.8,1,nan,0,nan,0,nan,0,nan,0,nan,0,nan,0,nan,0,nan,0
1597988386637828096,1597988386500000000,2020-08-21 13:39:46.500000,3277.8,3300.0,3265.6,3282.0,nan,3281.312,27239,26813893320.0,43259,3278.0,2,3277.8,1,nan,0,nan,0,nan,0,nan,0,nan,0,nan,0,nan,0,nan,0
1597988387133936896,1597988387000000000,2020-08-21 13:39:47.000000,3277.8,3300.0,3265.6,3282.0,nan,3281.312,27239,26813893320.0,43259,3278.0,2,3277.8,1,nan,0,nan,0,nan,0,nan,0,nan,0,nan,0,nan,0,nan,0
1597988387644157952,1597988387500000000,2020-08-21 13:39:47.500000,3277.8,3300.0,3265.6,3282.0,nan,3281.312,27239,26813893320.0,43259,3278.0,4,3277.8,1,nan,0,nan,0,nan,0,nan,0,nan,0,nan,0,nan,0,nan,0
1597988388137997056,1597988388000000000,2020-08-21 13:39:48.000000,3277.8,3300.0,3265.6,3282.0,nan,3281.312,27239,26813893320.0,43259,3278.0,4,3277.8,1,nan,0,nan,0,nan,0,nan,0,nan,0,nan,0,nan,0,nan,0
1597988389130533120,1597988389000000000,2020-08-21 13:39:49.000000,3277.0,3300.0,3265.6,3282.0,nan,3281.31,27251,26825691420.0,43252,3278.0,4,3277.0,2,nan,0,nan,0,nan,0,nan,0,nan,0,nan,0,nan,0,nan,0
1597988389635156992,1597988389500000000,2020-08-21 13:39:49.500000,3277.0,3300.0,3265.6,3282.0,nan,3281.31,27251,26825691420.0,43252,3278.0,5,3277.2,2,nan,0,nan,0,nan,0,nan,0,nan,0,nan,0,nan,0,nan,0
1597988390140697088,1597988390000000000,2020-08-21 13:39:50.000000,3277.0,3300.0,3265.6,3282.0,nan,3281.31,27251,26825691420.0,43252,3277.8,1,3277.2,2,nan,0,nan,0,nan,0,nan,0,nan,0,nan,0,nan,0,nan,0
1597988390644508928,1597988390500000000,2020-08-21 13:39:50.500000,3277.0,3300.0,3265.6,3282.0,nan,3281.31,27251,26825691420.0,43252,3277.8,1,3277.2,2,nan,0,nan,0,nan,0,nan,0,nan,0,nan,0,nan,0,nan,0
1597988391124444928,1597988391000000000,2020-08-21 13:39:51.000000,3277.0,3300.0,3265.6,3282.0,nan,3281.31,27251,26825691420.0,43252,3277.8,1,3277.4,1,nan,0,nan,0,nan,0,nan,0,nan,0,nan,0,nan,0,nan,0
1597988391626609920,1597988391500000000,2020-08-21 13:39:51.500000,3277.0,3300.0,3265.6,3282.0,nan,3281.31,27251,26825691420.0,43252,3277.8,1,3277.4,1,nan,0,nan,0,nan,0,nan,0,nan,0,nan,0,nan,0,nan,0
1597988392128744960,1597988392000000000,2020-08-21 13:39:52.000000,3277.0,3300.0,3265.6,3282.0,nan,3281.31,27251,26825691420.0,43252,3277.8,1,3277.4,1,nan,0,nan,0,nan,0,nan,0,nan,0,nan,0,nan,0,nan,0
1597988394129661952,1597988394000000000,2020-08-21 13:39:54.000000,3277.4,3300.0,3265.6,3282.0,nan,3281.31,27252,26826674640.0,43252,3277.8,1,3277.2,2,nan,0,nan,0,nan,0,nan,0,nan,0,nan,0,nan,0,nan,0
1597988394641925888,1597988394500000000,2020-08-21 13:39:54.500000,3277.4,3300.0,3265.6,3282.0,nan,3281.31,27252,26826674640.0,43252,3277.8,1,3277.4,1,nan,0,nan,0,nan,0,nan,0,nan,0,nan,0,nan,0,nan,0
1597988395146648064,1597988395000000000,2020-08-21 13:39:55.000000,3277.4,3300.0,3265.6,3282.0,nan,3281.31,27252,26826674640.0,43252,3277.6,1,3277.4,1,nan,0,nan,0,nan,0,nan,0,nan,0,nan,0,nan,0,nan,0
1597988395629286912,1597988395500000000,2020-08-21 13:39:55.500000,3277.4,3300.0,3265.6,3282.0,nan,3281.309,27253,26827657860.0,43251,3277.4,1,3277.2,1,nan,0,nan,0,nan,0,nan,0,nan,0,nan,0,nan,0,nan,0
1597988396128638976,1597988396000000000,2020-08-21 13:39:56.000000,3277.4,3300.0,3265.6,3282.0,nan,3281.309,27253,26827657860.0,43251,3277.4,1,3277.2,1,nan,0,nan,0,nan,0,nan,0,nan,0,nan,0,nan,0,nan,0
1597988396654947072,1597988396500000000,2020-08-21 13:39:56.500000,3277.4,3300.0,3265.6,3282.0,nan,3281.309,27253,26827657860.0,43251,3277.4,1,3277.0,2,nan,0,nan,0,nan,0,nan,0,nan,0,nan,0,nan,0,nan,0
1597988397643951104,1597988397500000000,2020-08-21 13:39:57.500000,3277.4,3300.0,3265.6,3282.0,nan,3281.309,27253,26827657860.0,43251,3277.2,1,3277.0,3,nan,0,nan,0,nan,0,nan,0,nan,0,nan,0,nan,0,nan,0
1597988398135758080,1597988398000000000,2020-08-21 13:39:58.000000,3277.4,3300.0,3265.6,3282.0,nan,3281.309,27253,26827657860.0,43251,3277.2,1,3277.0,3,nan,0,nan,0,nan,0,nan,0,nan,0,nan,0,nan,0,nan,0
1597988398644583936,1597988398500000000,2020-08-21 13:39:58.500000,3277.4,3300.0,3265.6,3282.0,nan,3281.309,27254,26828641080.0,43252,3277.4,1,3277.0,4,nan,0,nan,0,nan,0,nan,0,nan,0,nan,0,nan,0,nan,0
1597988400637238016,1597988400500000000,2020-08-21 13:40:00.500000,3277.0,3300.0,3265.6,3282.0,nan,3281.309,27258,26832573600.0,43255,3277.2,1,3277.0,1,nan,0,nan,0,nan,0,nan,0,nan,0,nan,0,nan,0,nan,0
1597988401138042112,1597988401000000000,2020-08-21 13:40:01.000000,3277.0,3300.0,3265.6,3282.0,nan,3281.309,27259,26833556700.0,43256,3277.2,1,3276.8,1,nan,0,nan,0,nan,0,nan,0,nan,0,nan,0,nan,0,nan,0
1597988401648307968,1597988401500000000,2020-08-21 13:40:01.500000,3275.4,3300.0,3265.6,3282.0,nan,3281.306,27272,26846333640.0,43253,3276.8,1,3276.2,10,nan,0,nan,0,nan,0,nan,0,nan,0,nan,0,nan,0,nan,0
1597988402141831936,1597988402000000000,2020-08-21 13:40:02.000000,3276.2,3300.0,3265.6,3282.0,nan,3281.304,27284,26858128860.0,43255,3277.2,1,3276.2,16,nan,0,nan,0,nan,0,nan,0,nan,0,nan,0,nan,0,nan,0
1597988402639448064,1597988402500000000,2020-08-21 13:40:02.500000,3276.2,3300.0,3265.6,3282.0,nan,3281.303,27287,26861077440.0,43257,3277.0,1,3276.2,10,nan,0,nan,0,nan,0,nan,0,nan,0,nan,0,nan,0,nan,0
1597988403127969024,1597988403000000000,2020-08-21 13:40:03.000000,3276.2,3300.0,3265.6,3282.0,nan,3281.303,27287,26861077440.0,43257,3277.0,3,3276.2,12,nan,0,nan,0,nan,0,nan,0,nan,0,nan,0,nan,0,nan,0
1597988403648859904,1597988403500000000,2020-08-21 13:40:03.500000,3276.2,3300.0,3265.6,3282.0,nan,3281.303,27287,26861077440.0,43257,3277.0,2,3276.2,10,nan,0,nan,0,nan,0,nan,0,nan,0,nan,0,nan,0,nan,0
1597988404032377088,1597988404000000000,2020-08-21 13:40:04.000000,3276.2,3300.0,3265.6,3282.0,nan,3281.303,27288,26862060300.0,43258,3277.0,2,3276.2,13,nan,0,nan,0,nan,0,nan,0,nan,0,nan,0,nan,0,nan,0
1597988404539485952,1597988404500000000,2020-08-21 13:40:04.500000,3276.2,3300.0,3265.6,3282.0,nan,3281.303,27288,26862060300.0,43258,3277.0,4,3276.2,12,nan,0,nan,0,nan,0,nan,0,nan,0,nan,0,nan,0,nan,0
1597988405543813120,1597988405500000000,2020-08-21 13:40:05.500000,3276.2,3300.0,3265.6,3282.0,nan,3281.303,27289,26863043160.0,43258,3277.0,4,3276.2,11,nan,0,nan,0,nan,0,nan,0,nan,0,nan,0,nan,0,nan,0
1597988406047324928,1597988406000000000,2020-08-21 13:40:06.000000,3276.2,3300.0,3265.6,3282.0,nan,3281.303,27290,26864026020.0,43259,3276.8,2,3276.4,1,nan,0,nan,0,nan,0,nan,0,nan,0,nan,0,nan,0,nan,0
1597988406547527936,1597988406500000000,2020-08-21 13:40:06.500000,3276.4,3300.0,3265.6,3282.0,nan,3281.303,27291,26865008940.0,43259,3276.4,2,3276.2,7,nan,0,nan,0,nan,0,nan,0,nan,0,nan,0,nan,0,nan,0
1597988407075899904,1597988407000000000,2020-08-21 13:40:07.000000,3276.0,3300.0,3265.6,3282.0,nan,3281.301,27300,26873854680.0,43262,3276.2,5,3275.8,1,nan,0,nan,0,nan,0,nan,0,nan,0,nan,0,nan,0,nan,0
1597988407570675968,1597988407500000000,2020-08-21 13:40:07.500000,3275.8,3300.0,3265.6,3282.0,nan,3281.301,27301,26874837420.0,43261,3275.8,1,3275.6,1,nan,0,nan,0,nan,0,nan,0,nan,0,nan,0,nan,0,nan,0
1597988408078469888,1597988408000000000,2020-08-21 13:40:08.000000,3275.6,3300.0,3265.6,3282.0,nan,3281.3,27303,26876802840.0,43259,3276.2,5,3275.2,3,nan,0,nan,0,nan,0,nan,0,nan,0,nan,0,nan,0,nan,0
1597988408559375872,1597988408500000000,2020-08-21 13:40:08.500000,3275.6,3300.0,3265.6,3282.0,nan,3281.3,27303,26876802840.0,43259,3275.6,2,3275.2,3,nan,0,nan,0,nan,0,nan,0,nan,0,nan,0,nan,0,nan,0
1597988409077531904,1597988409000000000,2020-08-21 13:40:09.000000,3275.2,3300.0,3265.6,3282.0,nan,3281.3,27304,26877785400.0,43259,3275.6,2,3275.2,2,nan,0,nan,0,nan,0,nan,0,nan,0,nan,0,nan,0,nan,0
1597988409562784000,1597988409500000000,2020-08-21 13:40:09.500000,3275.2,3300.0,3265.6,3282.0,nan,3281.3,27304,26877785400.0,43259,3275.6,2,3275.2,5,nan,0,nan,0,nan,0,nan,0,nan,0,nan,0,nan,0,nan,0
1597988410076099072,1597988410000000000,2020-08-21 13:40:10.000000,3275.2,3300.0,3265.6,3282.0,nan,3281.3,27305,26878767960.0,43259,3275.6,2,3275.2,5,nan,0,nan,0,nan,0,nan,0,nan,0,nan,0,nan,0,nan,0
1597988410576034048,1597988410500000000,2020-08-21 13:40:10.500000,3275.6,3300.0,3265.6,3282.0,nan,3281.3,27306,26879750640.0,43259,3275.6,1,3275.2,5,nan,0,nan,0,nan,0,nan,0,nan,0,nan,0,nan,0,nan,0
1597988411058277120,1597988411000000000,2020-08-21 13:40:11.000000,3275.6,3300.0,3265.6,3282.0,nan,3281.3,27306,26879750640.0,43259,3275.6,1,3275.4,1,nan,0,nan,0,nan,0,nan,0,nan,0,nan,0,nan,0,nan,0
1597988411557799936,1597988411500000000,2020-08-21 13:40:11.500000,3275.2,3300.0,3265.6,3282.0,nan,3281.299,27308,26881715820.0,43261,3275.6,1,3275.2,4,nan,0,nan,0,nan,0,nan,0,nan,0,nan,0,nan,0,nan,0
1597988412062543104,1597988412000000000,2020-08-21 13:40:12.000000,3275.2,3300.0,3265.6,3282.0,nan,3281.299,27308,26881715820.0,43261,3275.6,1,3275.2,4,nan,0,nan,0,nan,0,nan,0,nan,0,nan,0,nan,0,nan,0
1597988412606158080,1597988412500000000,2020-08-21 13:40:12.500000,3275.6,3300.0,3265.6,3282.0,nan,3281.299,27310,26883681180.0,43263,3275.4,2,3275.2,4,nan,0,nan,0,nan,0,nan,0,nan,0,nan,0,nan,0,nan,0
1597988413072563968,1597988413000000000,2020-08-21 13:40:13.000000,3275.4,3300.0,3265.6,3282.0,nan,3281.298,27313,26886629040.0,43266,3276.0,1,3275.6,2,nan,0,nan,0,nan,0,nan,0,nan,0,nan,0,nan,0,nan,0
1597988413562990080,1597988413500000000,2020-08-21 13:40:13.500000,3275.4,3300.0,3265.6,3282.0,nan,3281.298,27315,26888594280.0,43267,3276.0,1,3275.4,3,nan,0,nan,0,nan,0,nan,0,nan,0,nan,0,nan,0,nan,0
1597988414094778880,1597988414000000000,2020-08-21 13:40:14.000000,3275.4,3300.0,3265.6,3282.0,nan,3281.298,27315,26888594280.0,43267,3276.0,2,3275.4,3,nan,0,nan,0,nan,0,nan,0,nan,0,nan,0,nan,0,nan,0
1597988414554662912,1597988414500000000,2020-08-21 13:40:14.500000,3275.4,3300.0,3265.6,3282.0,nan,3281.298,27315,26888594280.0,43267,3276.0,2,3275.4,3,nan,0,nan,0,nan,0,nan,0,nan,0,nan,0,nan,0,nan,0
1597988415065116928,1597988415000000000,2020-08-21 13:40:15.000000,3275.4,3300.0,3265.6,3282.0,nan,3281.297,27317,26890559640.0,43269,3275.8,3,3275.4,2,nan,0,nan,0,nan,0,nan,0,nan,0,nan,0,nan,0,nan,0
1597988415557575936,1597988415500000000,2020-08-21 13:40:15.500000,3275.4,3300.0,3265.6,3282.0,nan,3281.296,27321,26894490060.0,43271,3275.4,1,3275.2,2,nan,0,nan,0,nan,0,nan,0,nan,0,nan,0,nan,0,nan,0
1597988416082127872,1597988416000000000,2020-08-21 13:40:16.000000,3275.2,3300.0,3265.6,3282.0,nan,3281.296,27324,26897437740.0,43273,3275.2,1,3275.0,12,nan,0,nan,0,nan,0,nan,0,nan,0,nan,0,nan,0,nan,0
1597988416579191040,1597988416500000000,2020-08-21 13:40:16.500000,3275.2,3300.0,3265.6,3282.0,nan,3281.294,27333,26906280300.0,43275,3275.2,4,3275.0,6,nan,0,nan,0,nan,0,nan,0,nan,0,nan,0,nan,0,nan,0
1597988417072183040,1597988417000000000,2020-08-21 13:40:17.000000,3274.6,3300.0,3265.6,3282.0,nan,3281.291,27343,26916104940.0,43284,3275.0,3,3274.4,4,nan,0,nan,0,nan,0,nan,0,nan,0,nan,0,nan,0,nan,0
1597988417593894912,1597988417500000000,2020-08-21 13:40:17.500000,3275.2,3300.0,3265.6,3282.0,nan,3281.288,27356,26928876060.0,43284,3275.2,3,3274.6,1,nan,0,nan,0,nan,0,nan,0,nan,0,nan,0,nan,0,nan,0
1597988418074085120,1597988418000000000,2020-08-21 13:40:18.000000,3274.6,3300.0,3265.6,3282.0,nan,3281.288,27357,26929858440.0,43284,3274.8,2,3274.0,7,nan,0,nan,0,nan,0,nan,0,nan,0,nan,0,nan,0,nan,0
1597988418563848960,1597988418500000000,2020-08-21 13:40:18.500000,3274.8,3300.0,3265.6,3282.0,nan,3281.288,27358,26930840880.0,43283,3274.8,1,3274.6,2,nan,0,nan,0,nan,0,nan,0,nan,0,nan,0,nan,0,nan,0
1597988419079570944,1597988419000000000,2020-08-21 13:40:19.000000,3274.6,3300.0,3265.6,3282.0,nan,3281.287,27359,26931823260.0,43284,3274.6,4,3274.0,8,nan,0,nan,0,nan,0,nan,0,nan,0,nan,0,nan,0,nan,0
1597988419568911104,1597988419500000000,2020-08-21 13:40:19.500000,3274.2,3300.0,3265.6,3282.0,nan,3281.287,27360,26932805520.0,43285,3274.4,1,3274.0,8,nan,0,nan,0,nan,0,nan,0,nan,0,nan,0,nan,0,nan,0
1597988420071906048,1597988420000000000,2020-08-21 13:40:20.000000,3274.0,3300.0,3265.6,3282.0,nan,3281.286,27364,26936734740.0,43284,3274.6,2,3274.4,1,nan,0,nan,0,nan,0,nan,0,nan,0,nan,0,nan,0,nan,0
1597988420676347904,1597988420500000000,2020-08-21 13:40:20.500000,3274.0,3300.0,3265.6,3282.0,nan,3281.285,27367,26939681460.0,43285,3274.4,7,3274.0,4,nan,0,nan,0,nan,0,nan,0,nan,0,nan,0,nan,0,nan,0
1597988421078210048,1597988421000000000,2020-08-21 13:40:21.000000,3274.0,3300.0,3265.6,3282.0,nan,3281.285,27369,26941645980.0,43285,3274.4,5,3274.0,3,nan,0,nan,0,nan,0,nan,0,nan,0,nan,0,nan,0,nan,0
1597988421588770048,1597988421500000000,2020-08-21 13:40:21.500000,3274.0,3300.0,3265.6,3282.0,nan,3281.285,27369,26941645980.0,43285,3274.4,5,3274.0,3,nan,0,nan,0,nan,0,nan,0,nan,0,nan,0,nan,0,nan,0
1597988422073696000,1597988422000000000,2020-08-21 13:40:22.000000,3274.0,3300.0,3265.6,3282.0,nan,3281.283,27376,26948522040.0,43288,3274.6,2,3274.4,1,nan,0,nan,0,nan,0,nan,0,nan,0,nan,0,nan,0,nan,0
1597988422580209920,1597988422500000000,2020-08-21 13:40:22.500000,3274.6,3300.0,3265.6,3282.0,nan,3281.283,27378,26950486740.0,43289,3274.6,1,3274.2,3,nan,0,nan,0,nan,0,nan,0,nan,0,nan,0,nan,0,nan,0
1597988423078452992,1597988423000000000,2020-08-21 13:40:23.000000,3274.2,3300.0,3265.6,3282.0,nan,3281.282,27380,26952451380.0,43291,3274.4,1,3274.2,2,nan,0,nan,0,nan,0,nan,0,nan,0,nan,0,nan,0,nan,0
1597988423557720064,1597988423500000000,2020-08-21 13:40:23.500000,3274.4,3300.0,3265.6,3282.0,nan,3281.282,27381,26953433700.0,43292,3274.8,1,3274.2,2,nan,0,nan,0,nan,0,nan,0,nan,0,nan,0,nan,0,nan,0
1597988424116075008,1597988424000000000,2020-08-21 13:40:24.000000,3274.8,3300.0,3265.6,3282.0,nan,3281.282,27382,26954416140.0,43292,3274.6,1,3274.4,1,nan,0,nan,0,nan,0,nan,0,nan,0,nan,0,nan,0,nan,0
1597988424562132992,1597988424500000000,2020-08-21 13:40:24.500000,3274.6,3300.0,3265.6,3282.0,nan,3281.281,27384,26956380900.0,43294,3275.0,1,3274.4,1,nan,0,nan,0,nan,0,nan,0,nan,0,nan,0,nan,0,nan,0
1597988425062833920,1597988425000000000,2020-08-21 13:40:25.000000,3274.4,3300.0,3265.6,3282.0,nan,3281.281,27386,26958345600.0,43293,3274.8,2,3274.2,2,nan,0,nan,0,nan,0,nan,0,nan,0,nan,0,nan,0,nan,0
1597988425573336064,1597988425500000000,2020-08-21 13:40:25.500000,3274.4,3300.0,3265.6,3282.0,nan,3281.281,27386,26958345600.0,43293,3274.6,1,3274.4,1,nan,0,nan,0,nan,0,nan,0,nan,0,nan,0,nan,0,nan,0
1597988426055777024,1597988426000000000,2020-08-21 13:40:26.000000,3274.6,3300.0,3265.6,3282.0,nan,3281.28,27388,26960310360.0,43294,3275.0,1,3274.4,1,nan,0,nan,0,nan,0,nan,0,nan,0,nan,0,nan,0,nan,0
1597988426563800064,1597988426500000000,2020-08-21 13:40:26.500000,3274.4,3300.0,3265.6,3282.0,nan,3281.28,27389,26961292680.0,43294,3274.8,1,3274.4,2,nan,0,nan,0,nan,0,nan,0,nan,0,nan,0,nan,0,nan,0
1597988427087699968,1597988427000000000,2020-08-21 13:40:27.000000,3274.4,3300.0,3265.6,3282.0,nan,3281.28,27390,26962275000.0,43295,3274.6,1,3274.4,1,nan,0,nan,0,nan,0,nan,0,nan,0,nan,0,nan,0,nan,0
1597988427557337088,1597988427500000000,2020-08-21 13:40:27.500000,3274.6,3300.0,3265.6,3282.0,nan,3281.279,27391,26963257380.0,43296,3275.0,1,3274.4,1,nan,0,nan,0,nan,0,nan,0,nan,0,nan,0,nan,0,nan,0
1597988428062361088,1597988428000000000,2020-08-21 13:40:28.000000,3274.4,3300.0,3265.6,3282.0,nan,3281.279,27392,26964239700.0,43296,3274.8,1,3274.4,1,nan,0,nan,0,nan,0,nan,0,nan,0,nan,0,nan,0,nan,0
1597988428566653952,1597988428500000000,2020-08-21 13:40:28.500000,3274.4,3300.0,3265.6,3282.0,nan,3281.279,27393,26965222020.0,43296,3274.6,2,3274.2,2,nan,0,nan,0,nan,0,nan,0,nan,0,nan,0,nan,0,nan,0
1597988429067431936,1597988429000000000,2020-08-21 13:40:29.000000,3274.6,3300.0,3265.6,3282.0,nan,3281.278,27395,26967186780.0,43298,3275.0,1,3274.6,1,nan,0,nan,0,nan,0,nan,0,nan,0,nan,0,nan,0,nan,0
1597988429560206080,1597988429500000000,2020-08-21 13:40:29.500000,3274.6,3300.0,3265.6,3282.0,nan,3281.278,27396,26968169160.0,43298,3275.0,1,3274.4,1,nan,0,nan,0,nan,0,nan,0,nan,0,nan,0,nan,0,nan,0
1597988430052006912,1597988430000000000,2020-08-21 13:40:30.000000,3274.6,3300.0,3265.6,3282.0,nan,3281.278,27396,26968169160.0,43298,3275.0,1,3274.8,1,nan,0,nan,0,nan,0,nan,0,nan,0,nan,0,nan,0,nan,0
1597988430561298944,1597988430500000000,2020-08-21 13:40:30.500000,3274.6,3300.0,3265.6,3282.0,nan,3281.278,27396,26968169160.0,43298,3275.0,1,3274.8,1,nan,0,nan,0,nan,0,nan,0,nan,0,nan,0,nan,0,nan,0
1597988431059897088,1597988431000000000,2020-08-21 13:40:31.000000,3274.4,3300.0,3265.6,3282.0,nan,3281.277,27399,26971116420.0,43299,3275.2,1,3274.2,2,nan,0,nan,0,nan,0,nan,0,nan,0,nan,0,nan,0,nan,0
1597988431565592064,1597988431500000000,2020-08-21 13:40:31.500000,3274.4,3300.0,3265.6,3282.0,nan,3281.277,27400,26972098740.0,43300,3275.2,1,3274.2,2,nan,0,nan,0,nan,0,nan,0,nan,0,nan,0,nan,0,nan,0
1597988432062498048,1597988432000000000,2020-08-21 13:40:32.000000,3274.4,3300.0,3265.6,3282.0,nan,3281.277,27400,26972098740.0,43300,3275.0,6,3274.4,1,nan,0,nan,0,nan,0,nan,0,nan,0,nan,0,nan,0,nan,0
1597988432563585024,1597988432500000000,2020-08-21 13:40:32.500000,3274.4,3300.0,3265.6,3282.0,nan,3281.277,27400,26972098740.0,43300,3275.0,3,3274.6,1,nan,0,nan,0,nan,0,nan,0,nan,0,nan,0,nan,0,nan,0
1597988433075305984,1597988433000000000,2020-08-21 13:40:33.000000,3275.2,3300.0,3265.6,3282.0,nan,3281.276,27405,26977011360.0,43301,3275.4,1,3274.8,2,nan,0,nan,0,nan,0,nan,0,nan,0,nan,0,nan,0,nan,0
1597988433572217088,1597988433500000000,2020-08-21 13:40:33.500000,3275.4,3300.0,3265.6,3282.0,nan,3281.276,27406,26977993980.0,43301,3275.6,1,3275.4,2,nan,0,nan,0,nan,0,nan,0,nan,0,nan,0,nan,0,nan,0
1597988434077669888,1597988434000000000,2020-08-21 13:40:34.000000,3275.4,3300.0,3265.6,3282.0,nan,3281.275,27410,26981924640.0,43305,3275.8,1,3275.4,1,nan,0,nan,0,nan,0,nan,0,nan,0,nan,0,nan,0,nan,0
1597988434586920960,1597988434500000000,2020-08-21 13:40:34.500000,3275.8,3300.0,3265.6,3282.0,nan,3281.275,27411,26982907380.0,43304,3275.6,1,3275.4,1,nan,0,nan,0,nan,0,nan,0,nan,0,nan,0,nan,0,nan,0
1597988435077726976,1597988435000000000,2020-08-21 13:40:35.000000,3275.6,3300.0,3265.6,3282.0,nan,3281.274,27413,26984872740.0,43305,3276.0,1,3275.6,5,nan,0,nan,0,nan,0,nan,0,nan,0,nan,0,nan,0,nan,0
1597988435568987904,1597988435500000000,2020-08-21 13:40:35.500000,3275.6,3300.0,3265.6,3282.0,nan,3281.274,27415,26986838220.0,43306,3276.2,6,3275.6,1,nan,0,nan,0,nan,0,nan,0,nan,0,nan,0,nan,0,nan,0
1597988436098199040,1597988436000000000,2020-08-21 13:40:36.000000,3276.2,3300.0,3265.6,3282.0,nan,3281.273,27422,26993718240.0,43304,3276.4,1,3275.6,1,nan,0,nan,0,nan,0,nan,0,nan,0,nan,0,nan,0,nan,0
1597988436584136960,1597988436500000000,2020-08-21 13:40:36.500000,3276.4,3300.0,3265.6,3282.0,nan,3281.273,27423,26994701160.0,43305,3276.8,1,3276.4,1,nan,0,nan,0,nan,0,nan,0,nan,0,nan,0,nan,0,nan,0
1597988437080438016,1597988437000000000,2020-08-21 13:40:37.000000,3276.4,3300.0,3265.6,3282.0,nan,3281.273,27423,26994701160.0,43305,3276.6,1,3276.4,1,nan,0,nan,0,nan,0,nan,0,nan,0,nan,0,nan,0,nan,0
1597988437581079040,1597988437500000000,2020-08-21 13:40:37.500000,3276.4,3300.0,3265.6,3282.0,nan,3281.272,27425,26996667060.0,43307,3276.8,1,3276.0,1,nan,0,nan,0,nan,0,nan,0,nan,0,nan,0,nan,0,nan,0
1597988438081043968,1597988438000000000,2020-08-21 13:40:38.000000,3276.4,3300.0,3265.6,3282.0,nan,3281.272,27425,26996667060.0,43307,3276.4,2,3276.2,1,nan,0,nan,0,nan,0,nan,0,nan,0,nan,0,nan,0,nan,0
1597988438589491968,1597988438500000000,2020-08-21 13:40:38.500000,3276.4,3300.0,3265.6,3282.0,nan,3281.272,27427,26998632900.0,43308,3276.8,1,3276.6,4,nan,0,nan,0,nan,0,nan,0,nan,0,nan,0,nan,0,nan,0
1597988439092389888,1597988439000000000,2020-08-21 13:40:39.000000,3277.0,3300.0,3265.6,3282.0,nan,3281.272,27429,27000599040.0,43308,3277.0,5,3276.8,3,nan,0,nan,0,nan,0,nan,0,nan,0,nan,0,nan,0,nan,0
1597988439592517888,1597988439500000000,2020-08-21 13:40:39.500000,3277.0,3300.0,3265.6,3282.0,nan,3281.271,27434,27005514540.0,43312,3277.8,1,3277.2,2,nan,0,nan,0,nan,0,nan,0,nan,0,nan,0,nan,0,nan,0
1597988440082159104,1597988440000000000,2020-08-21 13:40:40.000000,3277.0,3300.0,3265.6,3282.0,nan,3281.271,27434,27005514540.0,43312,3277.6,5,3276.6,2,nan,0,nan,0,nan,0,nan,0,nan,0,nan,0,nan,0,nan,0
1597988440586977024,1597988440500000000,2020-08-21 13:40:40.500000,3276.6,3300.0,3265.6,3282.0,nan,3281.27,27436,27007480560.0,43311,3277.2,1,3276.6,1,nan,0,nan,0,nan,0,nan,0,nan,0,nan,0,nan,0,nan,0
1597988441079115008,1597988441000000000,2020-08-21 13:40:41.000000,3277.2,3300.0,3265.6,3282.0,nan,3281.27,27437,27008463720.0,43312,3277.4,3,3276.6,1,nan,0,nan,0,nan,0,nan,0,nan,0,nan,0,nan,0,nan,0
1597988441585408000,1597988441500000000,2020-08-21 13:40:41.500000,3277.2,3300.0,3265.6,3282.0,nan,3281.27,27437,27008463720.0,43312,3277.2,1,3276.6,2,nan,0,nan,0,nan,0,nan,0,nan,0,nan,0,nan,0,nan,0
1597988442071076096,1597988442000000000,2020-08-21 13:40:42.000000,3277.2,3300.0,3265.6,3282.0,nan,3281.27,27437,27008463720.0,43312,3277.2,3,3276.6,2,nan,0,nan,0,nan,0,nan,0,nan,0,nan,0,nan,0,nan,0
1597988442576005888,1597988442500000000,2020-08-21 13:40:42.500000,3277.2,3300.0,3265.6,3282.0,nan,3281.27,27438,27009446880.0,43313,3277.0,4,3276.6,2,nan,0,nan,0,nan,0,nan,0,nan,0,nan,0,nan,0,nan,0
1597988443086756096,1597988443000000000,2020-08-21 13:40:43.000000,3277.2,3300.0,3265.6,3282.0,nan,3281.27,27438,27009446880.0,43313,3277.0,4,3276.8,1,nan,0,nan,0,nan,0,nan,0,nan,0,nan,0,nan,0,nan,0
1597988443568935936,1597988443500000000,2020-08-21 13:40:43.500000,3277.2,3300.0,3265.6,3282.0,nan,3281.27,27438,27009446880.0,43313,3277.0,3,3276.8,1,nan,0,nan,0,nan,0,nan,0,nan,0,nan,0,nan,0,nan,0
1597988444067407872,1597988444000000000,2020-08-21 13:40:44.000000,3277.0,3300.0,3265.6,3282.0,nan,3281.27,27441,27012396180.0,43316,3277.4,2,3277.2,2,nan,0,nan,0,nan,0,nan,0,nan,0,nan,0,nan,0,nan,0
1597988444575782912,1597988444500000000,2020-08-21 13:40:44.500000,3277.6,3300.0,3265.6,3282.0,nan,3281.269,27444,27015345900.0,43317,3277.4,2,3277.0,1,nan,0,nan,0,nan,0,nan,0,nan,0,nan,0,nan,0,nan,0
1597988445087845120,1597988445000000000,2020-08-21 13:40:45.000000,3278.0,3300.0,3265.6,3282.0,nan,3281.268,27452,27023212800.0,43316,3278.0,1,3277.0,2,nan,0,nan,0,nan,0,nan,0,nan,0,nan,0,nan,0,nan,0
1597988445593199104,1597988445500000000,2020-08-21 13:40:45.500000,3278.0,3300.0,3265.6,3282.0,nan,3281.268,27452,27023212800.0,43316,3277.8,1,3277.2,2,nan,0,nan,0,nan,0,nan,0,nan,0,nan,0,nan,0,nan,0
1597988446108175104,1597988446000000000,2020-08-21 13:40:46.000000,3277.4,3300.0,3265.6,3282.0,nan,3281.268,27453,27024196020.0,43317,3277.4,1,3277.2,2,nan,0,nan,0,nan,0,nan,0,nan,0,nan,0,nan,0,nan,0
1597988446572832000,1597988446500000000,2020-08-21 13:40:46.500000,3277.4,3300.0,3265.6,3282.0,nan,3281.268,27454,27025179240.0,43318,3277.8,1,3277.6,1,nan,0,nan,0,nan,0,nan,0,nan,0,nan,0,nan,0,nan,0
1597988447067049984,1597988447000000000,2020-08-21 13:40:47.000000,3277.6,3300.0,3265.6,3282.0,nan,3281.268,27455,27026162520.0,43318,3277.6,4,3277.4,2,nan,0,nan,0,nan,0,nan,0,nan,0,nan,0,nan,0,nan,0
1597988447581134080,1597988447500000000,2020-08-21 13:40:47.500000,3277.4,3300.0,3265.6,3282.0,nan,3281.267,27459,27030095580.0,43319,3277.6,1,3277.4,2,nan,0,nan,0,nan,0,nan,0,nan,0,nan,0,nan,0,nan,0
1597988448085206016,1597988448000000000,2020-08-21 13:40:48.000000,3277.6,3300.0,3265.6,3282.0,nan,3281.267,27460,27031078860.0,43320,3277.6,1,3277.4,4,nan,0,nan,0,nan,0,nan,0,nan,0,nan,0,nan,0,nan,0
1597988448566808064,1597988448500000000,2020-08-21 13:40:48.500000,3277.6,3300.0,3265.6,3282.0,nan,3281.267,27461,27032062140.0,43321,3277.8,2,3277.4,4,nan,0,nan,0,nan,0,nan,0,nan,0,nan,0,nan,0,nan,0
1597988449068901120,1597988449000000000,2020-08-21 13:40:49.000000,3277.6,3300.0,3265.6,3282.0,nan,3281.267,27461,27032062140.0,43321,3277.8,2,3277.6,5,nan,0,nan,0,nan,0,nan,0,nan,0,nan,0,nan,0,nan,0
1597988449571865088,1597988449500000000,2020-08-21 13:40:49.500000,3277.6,3300.0,3265.6,3282.0,nan,3281.267,27463,27034028760.0,43322,3277.8,1,3277.6,4,nan,0,nan,0,nan,0,nan,0,nan,0,nan,0,nan,0,nan,0
1597988450081871872,1597988450000000000,2020-08-21 13:40:50.000000,3277.4,3300.0,3265.6,3282.0,nan,3281.266,27468,27038945100.0,43326,3277.6,1,3277.4,4,nan,0,nan,0,nan,0,nan,0,nan,0,nan,0,nan,0,nan,0
1597988450566577920,1597988450500000000,2020-08-21 13:40:50.500000,3277.4,3300.0,3265.6,3282.0,nan,3281.266,27470,27040911540.0,43326,3277.6,1,3277.4,3,nan,0,nan,0,nan,0,nan,0,nan,0,nan,0,nan,0,nan,0
1597988451081858048,1597988451000000000,2020-08-21 13:40:51.000000,3277.0,3300.0,3265.6,3282.0,nan,3281.265,27474,27044844300.0,43329,3277.2,2,3276.8,1,nan,0,nan,0,nan,0,nan,0,nan,0,nan,0,nan,0,nan,0
1597988451588990976,1597988451500000000,2020-08-21 13:40:51.500000,3277.0,3300.0,3265.6,3282.0,nan,3281.265,27474,27044844300.0,43329,3277.4,6,3276.8,2,nan,0,nan,0,nan,0,nan,0,nan,0,nan,0,nan,0,nan,0
1597988452086030080,1597988452000000000,2020-08-21 13:40:52.000000,3276.8,3300.0,3265.6,3282.0,nan,3281.265,27477,27047793600.0,43331,3277.4,4,3276.6,2,nan,0,nan,0,nan,0,nan,0,nan,0,nan,0,nan,0,nan,0
1597988452568114944,1597988452500000000,2020-08-21 13:40:52.500000,3276.8,3300.0,3265.6,3282.0,nan,3281.265,27477,27047793600.0,43331,3277.4,4,3276.6,2,nan,0,nan,0,nan,0,nan,0,nan,0,nan,0,nan,0,nan,0
1597988453068503040,1597988453000000000,2020-08-21 13:40:53.000000,3276.8,3300.0,3265.6,3282.0,nan,3281.265,27477,27047793600.0,43331,3277.2,2,3276.6,2,nan,0,nan,0,nan,0,nan,0,nan,0,nan,0,nan,0,nan,0
1597988453573404928,1597988453500000000,2020-08-21 13:40:53.500000,3276.8,3300.0,3265.6,3282.0,nan,3281.265,27477,27047793600.0,43331,3277.2,2,3276.6,3,nan,0,nan,0,nan,0,nan,0,nan,0,nan,0,nan,0,nan,0
1597988454068679936,1597988454000000000,2020-08-21 13:40:54.000000,3276.8,3300.0,3265.6,3282.0,nan,3281.265,27477,27047793600.0,43331,3277.2,2,3276.6,3,nan,0,nan,0,nan,0,nan,0,nan,0,nan,0,nan,0,nan,0
1597988454568389120,1597988454500000000,2020-08-21 13:40:54.500000,3276.8,3300.0,3265.6,3282.0,nan,3281.265,27477,27047793600.0,43331,3276.8,1,3276.6,3,nan,0,nan,0,nan,0,nan,0,nan,0,nan,0,nan,0,nan,0
1597988455066801920,1597988455000000000,2020-08-21 13:40:55.000000,3276.6,3300.0,3265.6,3282.0,nan,3281.264,27480,27050742540.0,43331,3276.6,1,3276.0,1,nan,0,nan,0,nan,0,nan,0,nan,0,nan,0,nan,0,nan,0
1597988455564687872,1597988455500000000,2020-08-21 13:40:55.500000,3276.6,3300.0,3265.6,3282.0,nan,3281.264,27480,27050742540.0,43331,3276.6,1,3276.0,2,nan,0,nan,0,nan,0,nan,0,nan,0,nan,0,nan,0,nan,0
1597988456073201920,1597988456000000000,2020-08-21 13:40:56.000000,3276.6,3300.0,3265.6,3282.0,nan,3281.264,27481,27051725520.0,43331,3276.8,1,3276.2,1,nan,0,nan,0,nan,0,nan,0,nan,0,nan,0,nan,0,nan,0
1597988457072136960,1597988457000000000,2020-08-21 13:40:57.000000,3276.6,3300.0,3265.6,3282.0,nan,3281.264,27481,27051725520.0,43331,3276.8,1,3276.2,1,nan,0,nan,0,nan,0,nan,0,nan,0,nan,0,nan,0,nan,0
1597988457580203008,1597988457500000000,2020-08-21 13:40:57.500000,3276.4,3300.0,3265.6,3282.0,nan,3281.264,27482,27052708440.0,43332,3276.8,1,3276.2,1,nan,0,nan,0,nan,0,nan,0,nan,0,nan,0,nan,0,nan,0
1597988458064827904,1597988458000000000,2020-08-21 13:40:58.000000,3276.4,3300.0,3265.6,3282.0,nan,3281.264,27482,27052708440.0,43332,3276.8,1,3276.2,1,nan,0,nan,0,nan,0,nan,0,nan,0,nan,0,nan,0,nan,0
1597988458563004928,1597988458500000000,2020-08-21 13:40:58.500000,3276.4,3300.0,3265.6,3282.0,nan,3281.264,27482,27052708440.0,43332,3276.8,1,3276.2,1,nan,0,nan,0,nan,0,nan,0,nan,0,nan,0,nan,0,nan,0
1597988459065295104,1597988459000000000,2020-08-21 13:40:59.000000,3276.4,3300.0,3265.6,3282.0,nan,3281.264,27482,27052708440.0,43332,3276.8,1,3276.2,1,nan,0,nan,0,nan,0,nan,0,nan,0,nan,0,nan,0,nan,0
1597988459565773056,1597988459500000000,2020-08-21 13:40:59.500000,3276.4,3300.0,3265.6,3282.0,nan,3281.264,27482,27052708440.0,43332,3276.8,1,3276.6,1,nan,0,nan,0,nan,0,nan,0,nan,0,nan,0,nan,0,nan,0
1597988460070160896,1597988460000000000,2020-08-21 13:41:00.000000,3276.4,3300.0,3265.6,3282.0,nan,3281.264,27482,27052708440.0,43332,3276.8,1,3276.6,1,nan,0,nan,0,nan,0,nan,0,nan,0,nan,0,nan,0,nan,0
1597988460570896896,1597988460500000000,2020-08-21 13:41:00.500000,3276.8,3300.0,3265.6,3282.0,nan,3281.264,27483,27053691480.0,43333,3277.4,1,3276.8,2,nan,0,nan,0,nan,0,nan,0,nan,0,nan,0,nan,0,nan,0
1597988461089340928,1597988461000000000,2020-08-21 13:41:01.000000,3277.4,3300.0,3265.6,3282.0,nan,3281.264,27484,27054674700.0,43334,3277.8,8,3276.8,3,nan,0,nan,0,nan,0,nan,0,nan,0,nan,0,nan,0,nan,0
1597988461577253888,1597988461500000000,2020-08-21 13:41:01.500000,3277.6,3300.0,3265.6,3282.0,nan,3281.263,27485,27055657980.0,43335,3277.6,4,3277.0,1,nan,0,nan,0,nan,0,nan,0,nan,0,nan,0,nan,0,nan,0
1597988462074169088,1597988462000000000,2020-08-21 13:41:02.000000,3277.6,3300.0,3265.6,3282.0,nan,3281.263,27485,27055657980.0,43335,3277.6,4,3277.2,1,nan,0,nan,0,nan,0,nan,0,nan,0,nan,0,nan,0,nan,0
1597988462580773888,1597988462500000000,2020-08-21 13:41:02.500000,3277.6,3300.0,3265.6,3282.0,nan,3281.263,27485,27055657980.0,43335,3277.6,3,3277.2,1,nan,0,nan,0,nan,0,nan,0,nan,0,nan,0,nan,0,nan,0
1597988463079055872,1597988463000000000,2020-08-21 13:41:03.000000,3277.2,3300.0,3265.6,3282.0,nan,3281.263,27486,27056641140.0,43336,3277.6,3,3277.0,1,nan,0,nan,0,nan,0,nan,0,nan,0,nan,0,nan,0,nan,0
1597988463578566912,1597988463500000000,2020-08-21 13:41:03.500000,3277.2,3300.0,3265.6,3282.0,nan,3281.263,27486,27056641140.0,43336,3277.6,2,3277.2,1,nan,0,nan,0,nan,0,nan,0,nan,0,nan,0,nan,0,nan,0
1597988464093960960,1597988464000000000,2020-08-21 13:41:04.000000,3277.2,3300.0,3265.6,3282.0,nan,3281.263,27487,27057624300.0,43337,3277.6,4,3277.0,1,nan,0,nan,0,nan,0,nan,0,nan,0,nan,0,nan,0,nan,0
1597988465086081024,1597988465000000000,2020-08-21 13:41:05.000000,3276.8,3300.0,3265.6,3282.0,nan,3281.263,27489,27059590440.0,43337,3277.6,4,3276.8,1,nan,0,nan,0,nan,0,nan,0,nan,0,nan,0,nan,0,nan,0
1597988465579515904,1597988465500000000,2020-08-21 13:41:05.500000,3276.8,3300.0,3265.6,3282.0,nan,3281.263,27490,27060573480.0,43337,3276.8,1,3276.6,2,nan,0,nan,0,nan,0,nan,0,nan,0,nan,0,nan,0,nan,0
1597988466079369984,1597988466000000000,2020-08-21 13:41:06.000000,3276.8,3300.0,3265.6,3282.0,nan,3281.263,27491,27061556520.0,43337,3277.2,1,3276.8,1,nan,0,nan,0,nan,0,nan,0,nan,0,nan,0,nan,0,nan,0
1597988466572832000,1597988466500000000,2020-08-21 13:41:06.500000,3277.2,3300.0,3265.6,3282.0,nan,3281.262,27492,27062539680.0,43338,3277.6,3,3277.0,1,nan,0,nan,0,nan,0,nan,0,nan,0,nan,0,nan,0,nan,0
1597988467085986048,1597988467000000000,2020-08-21 13:41:07.000000,3277.2,3300.0,3265.6,3282.0,nan,3281.262,27492,27062539680.0,43338,3277.4,5,3277.0,1,nan,0,nan,0,nan,0,nan,0,nan,0,nan,0,nan,0,nan,0
1597988467574630912,1597988467500000000,2020-08-21 13:41:07.500000,3277.0,3300.0,3265.6,3282.0,nan,3281.262,27493,27063522780.0,43339,3277.4,3,3277.2,3,nan,0,nan,0,nan,0,nan,0,nan,0,nan,0,nan,0,nan,0
1597988468078643968,1597988468000000000,2020-08-21 13:41:08.000000,3277.2,3300.0,3265.6,3282.0,nan,3281.262,27495,27065489100.0,43341,3277.4,1,3277.2,2,nan,0,nan,0,nan,0,nan,0,nan,0,nan,0,nan,0,nan,0
1597988468573362944,1597988468500000000,2020-08-21 13:41:08.500000,3277.2,3300.0,3265.6,3282.0,nan,3281.262,27495,27065489100.0,43341,3277.6,2,3277.2,5,nan,0,nan,0,nan,0,nan,0,nan,0,nan,0,nan,0,nan,0
1597988469097179904,1597988469000000000,2020-08-21 13:41:09.000000,3277.2,3300.0,3265.6,3282.0,nan,3281.262,27495,27065489100.0,43341,3277.6,2,3277.2,2,nan,0,nan,0,nan,0,nan,0,nan,0,nan,0,nan,0,nan,0
1597988469576322048,1597988469500000000,2020-08-21 13:41:09.500000,3277.2,3300.0,3265.6,3282.0,nan,3281.262,27497,27067455420.0,43341,3277.2,3,3276.6,2,nan,0,nan,0,nan,0,nan,0,nan,0,nan,0,nan,0,nan,0
1597988470077312000,1597988470000000000,2020-08-21 13:41:10.000000,3277.2,3300.0,3265.6,3282.0,nan,3281.262,27497,27067455420.0,43341,3277.2,4,3276.8,1,nan,0,nan,0,nan,0,nan,0,nan,0,nan,0,nan,0,nan,0
1597988470582107904,1597988470500000000,2020-08-21 13:41:10.500000,3277.2,3300.0,3265.6,3282.0,nan,3281.262,27497,27067455420.0,43341,3277.2,4,3276.8,1,nan,0,nan,0,nan,0,nan,0,nan,0,nan,0,nan,0,nan,0
1597988471085152000,1597988471000000000,2020-08-21 13:41:11.000000,3277.2,3300.0,3265.6,3282.0,nan,3281.262,27497,27067455420.0,43341,3277.0,1,3276.8,1,nan,0,nan,0,nan,0,nan,0,nan,0,nan,0,nan,0,nan,0
1597988471591133952,1597988471500000000,2020-08-21 13:41:11.500000,3277.0,3300.0,3265.6,3282.0,nan,3281.261,27498,27068438520.0,43342,3277.2,4,3277.0,1,nan,0,nan,0,nan,0,nan,0,nan,0,nan,0,nan,0,nan,0
1597988472076880896,1597988472000000000,2020-08-21 13:41:12.000000,3277.0,3300.0,3265.6,3282.0,nan,3281.261,27499,27069421620.0,43343,3277.0,1,3276.8,1,nan,0,nan,0,nan,0,nan,0,nan,0,nan,0,nan,0,nan,0
1597988472581430016,1597988472500000000,2020-08-21 13:41:12.500000,3277.0,3300.0,3265.6,3282.0,nan,3281.261,27499,27069421620.0,43343,3277.0,1,3276.8,1,nan,0,nan,0,nan,0,nan,0,nan,0,nan,0,nan,0,nan,0
1597988473075365120,1597988473000000000,2020-08-21 13:41:13.000000,3276.8,3300.0,3265.6,3282.0,nan,3281.261,27500,27070404660.0,43344,3277.0,1,3276.6,2,nan,0,nan,0,nan,0,nan,0,nan,0,nan,0,nan,0,nan,0
1597988473579534080,1597988473500000000,2020-08-21 13:41:13.500000,3276.8,3300.0,3265.6,3282.0,nan,3281.261,27500,27070404660.0,43344,3277.0,2,3276.6,2,nan,0,nan,0,nan,0,nan,0,nan,0,nan,0,nan,0,nan,0
1597988474079358976,1597988474000000000,2020-08-21 13:41:14.000000,3276.6,3300.0,3265.6,3282.0,nan,3281.261,27501,27071387640.0,43344,3277.0,4,3276.8,1,nan,0,nan,0,nan,0,nan,0,nan,0,nan,0,nan,0,nan,0
1597988474677876992,1597988474500000000,2020-08-21 13:41:14.500000,3276.6,3300.0,3265.6,3282.0,nan,3281.261,27503,27073353600.0,43346,3276.8,4,3276.4,4,nan,0,nan,0,nan,0,nan,0,nan,0,nan,0,nan,0,nan,0
1597988475076706048,1597988475000000000,2020-08-21 13:41:15.000000,3276.6,3300.0,3265.6,3282.0,nan,3281.261,27503,27073353600.0,43346,3276.8,5,3276.4,4,nan,0,nan,0,nan,0,nan,0,nan,0,nan,0,nan,0,nan,0
1597988475596770048,1597988475500000000,2020-08-21 13:41:15.500000,3276.4,3300.0,3265.6,3282.0,nan,3281.26,27507,27077285280.0,43350,3276.8,4,3276.2,1,nan,0,nan,0,nan,0,nan,0,nan,0,nan,0,nan,0,nan,0
1597988476091561984,1597988476000000000,2020-08-21 13:41:16.000000,3276.4,3300.0,3265.6,3282.0,nan,3281.26,27507,27077285280.0,43350,3276.8,5,3276.2,1,nan,0,nan,0,nan,0,nan,0,nan,0,nan,0,nan,0,nan,0
1597988476598260992,1597988476500000000,2020-08-21 13:41:16.500000,3276.4,3300.0,3265.6,3282.0,nan,3281.26,27507,27077285280.0,43350,3276.8,4,3276.2,1,nan,0,nan,0,nan,0,nan,0,nan,0,nan,0,nan,0,nan,0
1597988477084247040,1597988477000000000,2020-08-21 13:41:17.000000,3276.4,3300.0,3265.6,3282.0,nan,3281.26,27507,27077285280.0,43350,3276.8,4,3276.2,1,nan,0,nan,0,nan,0,nan,0,nan,0,nan,0,nan,0,nan,0
1597988477585187072,1597988477500000000,2020-08-21 13:41:17.500000,3276.4,3300.0,3265.6,3282.0,nan,3281.26,27507,27077285280.0,43350,3276.8,4,3276.2,1,nan,0,nan,0,nan,0,nan,0,nan,0,nan,0,nan,0,nan,0
1597988478078618880,1597988478000000000,2020-08-21 13:41:18.000000,3276.2,3300.0,3265.6,3282.0,nan,3281.26,27508,27078268140.0,43351,3276.8,4,3276.0,3,nan,0,nan,0,nan,0,nan,0,nan,0,nan,0,nan,0,nan,0
1597988478592892928,1597988478500000000,2020-08-21 13:41:18.500000,3276.8,3300.0,3265.6,3282.0,nan,3281.26,27509,27079251180.0,43352,3276.8,3,3276.0,3,nan,0,nan,0,nan,0,nan,0,nan,0,nan,0,nan,0,nan,0
1597988479081765120,1597988479000000000,2020-08-21 13:41:19.000000,3276.8,3300.0,3265.6,3282.0,nan,3281.26,27509,27079251180.0,43352,3276.6,2,3276.0,4,nan,0,nan,0,nan,0,nan,0,nan,0,nan,0,nan,0,nan,0
1597988479590659072,1597988479500000000,2020-08-21 13:41:19.500000,3276.8,3300.0,3265.6,3282.0,nan,3281.26,27509,27079251180.0,43352,3276.6,2,3276.0,4,nan,0,nan,0,nan,0,nan,0,nan,0,nan,0,nan,0,nan,0
1597988480081647104,1597988480000000000,2020-08-21 13:41:20.000000,3276.6,3300.0,3265.6,3282.0,nan,3281.259,27510,27080234160.0,43353,3276.6,2,3276.2,1,nan,0,nan,0,nan,0,nan,0,nan,0,nan,0,nan,0,nan,0
1597988480584962048,1597988480500000000,2020-08-21 13:41:20.500000,3276.2,3300.0,3265.6,3282.0,nan,3281.259,27511,27081217020.0,43354,3276.2,1,3276.0,4,nan,0,nan,0,nan,0,nan,0,nan,0,nan,0,nan,0,nan,0
1597988481078386944,1597988481000000000,2020-08-21 13:41:21.000000,3276.2,3300.0,3265.6,3282.0,nan,3281.259,27512,27082199880.0,43355,3276.6,2,3276.4,1,nan,0,nan,0,nan,0,nan,0,nan,0,nan,0,nan,0,nan,0
1597988481579889920,1597988481500000000,2020-08-21 13:41:21.500000,3276.2,3300.0,3265.6,3282.0,nan,3281.259,27512,27082199880.0,43355,3276.6,2,3276.2,2,nan,0,nan,0,nan,0,nan,0,nan,0,nan,0,nan,0,nan,0
1597988482072100096,1597988482000000000,2020-08-21 13:41:22.000000,3276.6,3300.0,3265.6,3282.0,nan,3281.259,27513,27083182860.0,43355,3276.6,2,3276.2,2,nan,0,nan,0,nan,0,nan,0,nan,0,nan,0,nan,0,nan,0
1597988482583113984,1597988482500000000,2020-08-21 13:41:22.500000,3276.6,3300.0,3265.6,3282.0,nan,3281.259,27514,27084165840.0,43356,3276.6,1,3276.4,1,nan,0,nan,0,nan,0,nan,0,nan,0,nan,0,nan,0,nan,0
1597988483079098112,1597988483000000000,2020-08-21 13:41:23.000000,3276.8,3300.0,3265.6,3282.0,nan,3281.258,27516,27086131860.0,43358,3277.0,3,3276.6,2,nan,0,nan,0,nan,0,nan,0,nan,0,nan,0,nan,0,nan,0
1597988483577476096,1597988483500000000,2020-08-21 13:41:23.500000,3276.6,3300.0,3265.6,3282.0,nan,3281.258,27517,27087114840.0,43358,3277.0,3,3276.6,1,nan,0,nan,0,nan,0,nan,0,nan,0,nan,0,nan,0,nan,0
1597988484083194112,1597988484000000000,2020-08-21 13:41:24.000000,3276.6,3300.0,3265.6,3282.0,nan,3281.258,27518,27088097820.0,43359,3277.0,3,3276.4,1,nan,0,nan,0,nan,0,nan,0,nan,0,nan,0,nan,0,nan,0
1597988484578839040,1597988484500000000,2020-08-21 13:41:24.500000,3276.6,3300.0,3265.6,3282.0,nan,3281.258,27518,27088097820.0,43359,3276.6,1,3276.4,1,nan,0,nan,0,nan,0,nan,0,nan,0,nan,0,nan,0,nan,0
1597988485077987072,1597988485000000000,2020-08-21 13:41:25.000000,3276.6,3300.0,3265.6,3282.0,nan,3281.258,27518,27088097820.0,43359,3276.6,1,3276.4,1,nan,0,nan,0,nan,0,nan,0,nan,0,nan,0,nan,0,nan,0
1597988485580261888,1597988485500000000,2020-08-21 13:41:25.500000,3276.6,3300.0,3265.6,3282.0,nan,3281.258,27518,27088097820.0,43359,3276.6,3,3276.4,1,nan,0,nan,0,nan,0,nan,0,nan,0,nan,0,nan,0,nan,0
1597988486078456064,1597988486000000000,2020-08-21 13:41:26.000000,3276.6,3300.0,3265.6,3282.0,nan,3281.258,27518,27088097820.0,43359,3276.6,3,3276.4,1,nan,0,nan,0,nan,0,nan,0,nan,0,nan,0,nan,0,nan,0
1597988488077657088,1597988488000000000,2020-08-21 13:41:28.000000,3276.6,3300.0,3265.6,3282.0,nan,3281.258,27519,27089080800.0,43359,3276.6,2,3276.4,1,nan,0,nan,0,nan,0,nan,0,nan,0,nan,0,nan,0,nan,0
1597988488581443072,1597988488500000000,2020-08-21 13:41:28.500000,3276.4,3300.0,3265.6,3282.0,nan,3281.258,27520,27090063720.0,43360,3276.6,2,3276.2,1,nan,0,nan,0,nan,0,nan,0,nan,0,nan,0,nan,0,nan,0
1597988489079749888,1597988489000000000,2020-08-21 13:41:29.000000,3276.2,3300.0,3265.6,3282.0,nan,3281.258,27521,27091046580.0,43361,3276.2,1,3276.0,2,nan,0,nan,0,nan,0,nan,0,nan,0,nan,0,nan,0,nan,0
1597988489581978880,1597988489500000000,2020-08-21 13:41:29.500000,3276.2,3300.0,3265.6,3282.0,nan,3281.257,27522,27092029440.0,43362,3276.6,2,3276.0,2,nan,0,nan,0,nan,0,nan,0,nan,0,nan,0,nan,0,nan,0
1597988490099060992,1597988490000000000,2020-08-21 13:41:30.000000,3276.6,3300.0,3265.6,3282.0,nan,3281.257,27524,27093995400.0,43364,3277.0,1,3276.6,5,nan,0,nan,0,nan,0,nan,0,nan,0,nan,0,nan,0,nan,0
1597988490580946944,1597988490500000000,2020-08-21 13:41:30.500000,3276.6,3300.0,3265.6,3282.0,nan,3281.257,27524,27093995400.0,43364,3277.0,1,3276.6,5,nan,0,nan,0,nan,0,nan,0,nan,0,nan,0,nan,0,nan,0
1597988491580771072,1597988491500000000,2020-08-21 13:41:31.500000,3276.6,3300.0,3265.6,3282.0,nan,3281.257,27524,27093995400.0,43364,3276.8,1,3276.6,5,nan,0,nan,0,nan,0,nan,0,nan,0,nan,0,nan,0,nan,0
1597988492082455040,1597988492000000000,2020-08-21 13:41:32.000000,3276.8,3300.0,3265.6,3282.0,nan,3281.257,27525,27094978440.0,43365,3277.0,1,3276.6,5,nan,0,nan,0,nan,0,nan,0,nan,0,nan,0,nan,0,nan,0
1597988492580547072,1597988492500000000,2020-08-21 13:41:32.500000,3276.8,3300.0,3265.6,3282.0,nan,3281.257,27525,27094978440.0,43365,3277.0,1,3276.8,1,nan,0,nan,0,nan,0,nan,0,nan,0,nan,0,nan,0,nan,0
1597988494075471104,1597988494000000000,2020-08-21 13:41:34.000000,3276.8,3300.0,3265.6,3282.0,nan,3281.257,27525,27094978440.0,43365,3277.0,1,3276.8,1,nan,0,nan,0,nan,0,nan,0,nan,0,nan,0,nan,0,nan,0
1597988494598140928,1597988494500000000,2020-08-21 13:41:34.500000,3276.6,3300.0,3265.6,3282.0,nan,3281.257,27527,27096944460.0,43365,3276.8,1,3276.6,4,nan,0,nan,0,nan,0,nan,0,nan,0,nan,0,nan,0,nan,0
1597988495097477120,1597988495000000000,2020-08-21 13:41:35.000000,3276.6,3300.0,3265.6,3282.0,nan,3281.256,27531,27100876380.0,43369,3276.6,1,3276.2,3,nan,0,nan,0,nan,0,nan,0,nan,0,nan,0,nan,0,nan,0
1597988495598675968,1597988495500000000,2020-08-21 13:41:35.500000,3276.6,3300.0,3265.6,3282.0,nan,3281.256,27531,27100876380.0,43369,3276.6,1,3276.4,1,nan,0,nan,0,nan,0,nan,0,nan,0,nan,0,nan,0,nan,0
1597988496088356096,1597988496000000000,2020-08-21 13:41:36.000000,3276.6,3300.0,3265.6,3282.0,nan,3281.255,27533,27102842280.0,43369,3277.0,2,3276.2,3,nan,0,nan,0,nan,0,nan,0,nan,0,nan,0,nan,0,nan,0
1597988496591992064,1597988496500000000,2020-08-21 13:41:36.500000,3276.6,3300.0,3265.6,3282.0,nan,3281.255,27533,27102842280.0,43369,3277.0,3,3276.6,2,nan,0,nan,0,nan,0,nan,0,nan,0,nan,0,nan,0,nan,0
1597988497080422912,1597988497000000000,2020-08-21 13:41:37.000000,3276.6,3300.0,3265.6,3282.0,nan,3281.255,27533,27102842280.0,43369,3276.8,1,3276.6,2,nan,0,nan,0,nan,0,nan,0,nan,0,nan,0,nan,0,nan,0
1597988497582110976,1597988497500000000,2020-08-21 13:41:37.500000,3276.6,3300.0,3265.6,3282.0,nan,3281.255,27534,27103825260.0,43369,3276.8,1,3276.6,1,nan,0,nan,0,nan,0,nan,0,nan,0,nan,0,nan,0,nan,0
1597988498079304960,1597988498000000000,2020-08-21 13:41:38.000000,3276.6,3300.0,3265.6,3282.0,nan,3281.255,27535,27104808240.0,43369,3276.8,1,3276.2,3,nan,0,nan,0,nan,0,nan,0,nan,0,nan,0,nan,0,nan,0
1597988498595176960,1597988498500000000,2020-08-21 13:41:38.500000,3276.6,3300.0,3265.6,3282.0,nan,3281.255,27535,27104808240.0,43369,3276.6,1,3276.4,1,nan,0,nan,0,nan,0,nan,0,nan,0,nan,0,nan,0,nan,0
1597988499086418944,1597988499000000000,2020-08-21 13:41:39.000000,3276.6,3300.0,3265.6,3282.0,nan,3281.255,27536,27105791220.0,43370,3276.8,1,3276.4,2,nan,0,nan,0,nan,0,nan,0,nan,0,nan,0,nan,0,nan,0
1597988499585139968,1597988499500000000,2020-08-21 13:41:39.500000,3276.6,3300.0,3265.6,3282.0,nan,3281.255,27536,27105791220.0,43370,3276.8,1,3276.4,2,nan,0,nan,0,nan,0,nan,0,nan,0,nan,0,nan,0,nan,0
1597988500579493888,1597988500500000000,2020-08-21 13:41:40.500000,3276.6,3300.0,3265.6,3282.0,nan,3281.255,27536,27105791220.0,43370,3276.8,1,3276.4,2,nan,0,nan,0,nan,0,nan,0,nan,0,nan,0,nan,0,nan,0
1597988501103337984,1597988501000000000,2020-08-21 13:41:41.000000,3276.8,3300.0,3265.6,3282.0,nan,3281.255,27538,27107757300.0,43372,3277.0,1,3276.4,3,nan,0,nan,0,nan,0,nan,0,nan,0,nan,0,nan,0,nan,0
1597988501593716992,1597988501500000000,2020-08-21 13:41:41.500000,3276.8,3300.0,3265.6,3282.0,nan,3281.255,27538,27107757300.0,43372,3277.0,1,3276.6,1,nan,0,nan,0,nan,0,nan,0,nan,0,nan,0,nan,0,nan,0
1597988502094597888,1597988502000000000,2020-08-21 13:41:42.000000,3276.8,3300.0,3265.6,3282.0,nan,3281.255,27538,27107757300.0,43372,3277.0,1,3276.6,2,nan,0,nan,0,nan,0,nan,0,nan,0,nan,0,nan,0,nan,0
1597988502599791104,1597988502500000000,2020-08-21 13:41:42.500000,3277.0,3300.0,3265.6,3282.0,nan,3281.255,27539,27108740400.0,43373,3277.2,4,3277.0,2,nan,0,nan,0,nan,0,nan,0,nan,0,nan,0,nan,0,nan,0
1597988503096859904,1597988503000000000,2020-08-21 13:41:43.000000,3277.0,3300.0,3265.6,3282.0,nan,3281.255,27539,27108740400.0,43373,3277.2,4,3276.6,2,nan,0,nan,0,nan,0,nan,0,nan,0,nan,0,nan,0,nan,0
1597988503616035072,1597988503500000000,2020-08-21 13:41:43.500000,3276.8,3300.0,3265.6,3282.0,nan,3281.254,27542,27111689760.0,43374,3277.0,4,3276.6,2,nan,0,nan,0,nan,0,nan,0,nan,0,nan,0,nan,0,nan,0
1597988504098406912,1597988504000000000,2020-08-21 13:41:44.000000,3277.0,3300.0,3265.6,3282.0,nan,3281.254,27545,27114639060.0,43377,3277.0,1,3276.6,2,nan,0,nan,0,nan,0,nan,0,nan,0,nan,0,nan,0,nan,0
1597988504601259008,1597988504500000000,2020-08-21 13:41:44.500000,3277.0,3300.0,3265.6,3282.0,nan,3281.253,27546,27115622160.0,43378,3277.2,2,3277.0,1,nan,0,nan,0,nan,0,nan,0,nan,0,nan,0,nan,0,nan,0
1597988506109298944,1597988506000000000,2020-08-21 13:41:46.000000,3277.0,3300.0,3265.6,3282.0,nan,3281.253,27549,27118571580.0,43377,3277.0,1,3276.8,4,nan,0,nan,0,nan,0,nan,0,nan,0,nan,0,nan,0,nan,0
1597988506594116096,1597988506500000000,2020-08-21 13:41:46.500000,3277.0,3300.0,3265.6,3282.0,nan,3281.253,27551,27120537780.0,43378,3277.6,1,3277.0,4,nan,0,nan,0,nan,0,nan,0,nan,0,nan,0,nan,0,nan,0
1597988507090178048,1597988507000000000,2020-08-21 13:41:47.000000,3277.0,3300.0,3265.6,3282.0,nan,3281.253,27551,27120537780.0,43378,3277.6,5,3277.0,2,nan,0,nan,0,nan,0,nan,0,nan,0,nan,0,nan,0,nan,0
1597988507601950976,1597988507500000000,2020-08-21 13:41:47.500000,3277.0,3300.0,3265.6,3282.0,nan,3281.253,27551,27120537780.0,43378,3277.6,5,3277.0,1,nan,0,nan,0,nan,0,nan,0,nan,0,nan,0,nan,0,nan,0
1597988508099456000,1597988508000000000,2020-08-21 13:41:48.000000,3277.0,3300.0,3265.6,3282.0,nan,3281.253,27551,27120537780.0,43378,3277.6,6,3277.0,1,nan,0,nan,0,nan,0,nan,0,nan,0,nan,0,nan,0,nan,0
1597988508603963904,1597988508500000000,2020-08-21 13:41:48.500000,3277.0,3300.0,3265.6,3282.0,nan,3281.253,27551,27120537780.0,43378,3277.4,2,3277.0,1,nan,0,nan,0,nan,0,nan,0,nan,0,nan,0,nan,0,nan,0
1597988509095835904,1597988509000000000,2020-08-21 13:41:49.000000,3277.4,3300.0,3265.6,3282.0,nan,3281.253,27552,27121521000.0,43379,3277.4,1,3277.0,1,nan,0,nan,0,nan,0,nan,0,nan,0,nan,0,nan,0,nan,0
1597988509592904960,1597988509500000000,2020-08-21 13:41:49.500000,3277.4,3300.0,3265.6,3282.0,nan,3281.253,27552,27121521000.0,43379,3277.4,1,3277.0,1,nan,0,nan,0,nan,0,nan,0,nan,0,nan,0,nan,0,nan,0
1597988510103904000,1597988510000000000,2020-08-21 13:41:50.000000,3277.0,3300.0,3265.6,3282.0,nan,3281.252,27555,27124470420.0,43380,3277.4,1,3276.4,2,nan,0,nan,0,nan,0,nan,0,nan,0,nan,0,nan,0,nan,0
1597988510597223936,1597988510500000000,2020-08-21 13:41:50.500000,3277.2,3300.0,3265.6,3282.0,nan,3281.252,27556,27125453580.0,43380,3277.4,1,3276.6,1,nan,0,nan,0,nan,0,nan,0,nan,0,nan,0,nan,0,nan,0
1597988511107918080,1597988511000000000,2020-08-21 13:41:51.000000,3277.2,3300.0,3265.6,3282.0,nan,3281.252,27556,27125453580.0,43380,3277.4,1,3276.6,1,nan,0,nan,0,nan,0,nan,0,nan,0,nan,0,nan,0,nan,0
1597988511595731968,1597988511500000000,2020-08-21 13:41:51.500000,3277.2,3300.0,3265.6,3282.0,nan,3281.252,27556,27125453580.0,43380,3277.0,1,3276.6,1,nan,0,nan,0,nan,0,nan,0,nan,0,nan,0,nan,0,nan,0
1597988512081825024,1597988512000000000,2020-08-21 13:41:52.000000,3277.2,3300.0,3265.6,3282.0,nan,3281.252,27556,27125453580.0,43380,3277.0,1,3276.6,1,nan,0,nan,0,nan,0,nan,0,nan,0,nan,0,nan,0,nan,0
1597988512587588096,1597988512500000000,2020-08-21 13:41:52.500000,3276.6,3300.0,3265.6,3282.0,nan,3281.252,27557,27126436560.0,43381,3277.0,1,3276.8,1,nan,0,nan,0,nan,0,nan,0,nan,0,nan,0,nan,0,nan,0
1597988513089464064,1597988513000000000,2020-08-21 13:41:53.000000,3276.8,3300.0,3265.6,3282.0,nan,3281.252,27558,27127419600.0,43381,3276.8,3,3276.4,4,nan,0,nan,0,nan,0,nan,0,nan,0,nan,0,nan,0,nan,0
1597988514593880064,1597988514500000000,2020-08-21 13:41:54.500000,3276.8,3300.0,3265.6,3282.0,nan,3281.252,27558,27127419600.0,43381,3276.8,3,3276.4,3,nan,0,nan,0,nan,0,nan,0,nan,0,nan,0,nan,0,nan,0
1597988515101803008,1597988515000000000,2020-08-21 13:41:55.000000,3276.8,3300.0,3265.6,3282.0,nan,3281.251,27559,27128402640.0,43382,3276.8,3,3276.4,2,nan,0,nan,0,nan,0,nan,0,nan,0,nan,0,nan,0,nan,0
1597988515592305920,1597988515500000000,2020-08-21 13:41:55.500000,3276.8,3300.0,3265.6,3282.0,nan,3281.251,27559,27128402640.0,43382,3276.6,1,3276.4,2,nan,0,nan,0,nan,0,nan,0,nan,0,nan,0,nan,0,nan,0
1597988517097271040,1597988517000000000,2020-08-21 13:41:57.000000,3276.8,3300.0,3265.6,3282.0,nan,3281.251,27559,27128402640.0,43382,3276.6,1,3276.4,3,nan,0,nan,0,nan,0,nan,0,nan,0,nan,0,nan,0,nan,0
1597988517600643072,1597988517500000000,2020-08-21 13:41:57.500000,3276.4,3300.0,3265.6,3282.0,nan,3281.251,27562,27131351400.0,43384,3276.6,1,3276.2,2,nan,0,nan,0,nan,0,nan,0,nan,0,nan,0,nan,0,nan,0
1597988518094574080,1597988518000000000,2020-08-21 13:41:58.000000,3276.6,3300.0,3265.6,3282.0,nan,3281.251,27563,27132334380.0,43385,3276.8,3,3276.2,2,nan,0,nan,0,nan,0,nan,0,nan,0,nan,0,nan,0,nan,0
1597988518592242944,1597988518500000000,2020-08-21 13:41:58.500000,3276.6,3300.0,3265.6,3282.0,nan,3281.251,27563,27132334380.0,43385,3276.8,3,3276.2,2,nan,0,nan,0,nan,0,nan,0,nan,0,nan,0,nan,0,nan,0
1597988519092659968,1597988519000000000,2020-08-21 13:41:59.000000,3276.4,3300.0,3265.6,3282.0,nan,3281.251,27564,27133317300.0,43385,3276.8,5,3276.2,2,nan,0,nan,0,nan,0,nan,0,nan,0,nan,0,nan,0,nan,0
1597988519593136896,1597988519500000000,2020-08-21 13:41:59.500000,3276.4,3300.0,3265.6,3282.0,nan,3281.251,27564,27133317300.0,43385,3276.8,5,3276.2,3,nan,0,nan,0,nan,0,nan,0,nan,0,nan,0,nan,0,nan,0
1597988520095136000,1597988520000000000,2020-08-21 13:42:00.000000,3276.4,3300.0,3265.6,3282.0,nan,3281.251,27564,27133317300.0,43385,3276.8,5,3276.2,3,nan,0,nan,0,nan,0,nan,0,nan,0,nan,0,nan,0,nan,0
1597988520589601024,1597988520500000000,2020-08-21 13:42:00.500000,3276.4,3300.0,3265.6,3282.0,nan,3281.251,27564,27133317300.0,43385,3276.8,2,3276.2,3,nan,0,nan,0,nan,0,nan,0,nan,0,nan,0,nan,0,nan,0
1597988521093862912,1597988521000000000,2020-08-21 13:42:01.000000,3276.4,3300.0,3265.6,3282.0,nan,3281.251,27564,27133317300.0,43385,3276.8,2,3276.2,3,nan,0,nan,0,nan,0,nan,0,nan,0,nan,0,nan,0,nan,0
1597988522093019904,1597988522000000000,2020-08-21 13:42:02.000000,3276.4,3300.0,3265.6,3282.0,nan,3281.251,27564,27133317300.0,43385,3276.8,2,3276.4,1,nan,0,nan,0,nan,0,nan,0,nan,0,nan,0,nan,0,nan,0
1597988522602351104,1597988522500000000,2020-08-21 13:42:02.500000,3276.4,3300.0,3265.6,3282.0,nan,3281.251,27564,27133317300.0,43385,3277.4,1,3276.4,2,nan,0,nan,0,nan,0,nan,0,nan,0,nan,0,nan,0,nan,0
1597988523096724992,1597988523000000000,2020-08-21 13:42:03.000000,3276.4,3300.0,3265.6,3282.0,nan,3281.251,27564,27133317300.0,43385,3277.2,2,3276.4,2,nan,0,nan,0,nan,0,nan,0,nan,0,nan,0,nan,0,nan,0
1597988523598514944,1597988523500000000,2020-08-21 13:42:03.500000,3276.4,3300.0,3265.6,3282.0,nan,3281.251,27564,27133317300.0,43385,3277.0,2,3276.6,2,nan,0,nan,0,nan,0,nan,0,nan,0,nan,0,nan,0,nan,0
1597988524112994048,1597988524000000000,2020-08-21 13:42:04.000000,3276.6,3300.0,3265.6,3282.0,nan,3281.25,27566,27135283320.0,43387,3277.2,2,3276.6,1,nan,0,nan,0,nan,0,nan,0,nan,0,nan,0,nan,0,nan,0
1597988524612599040,1597988524500000000,2020-08-21 13:42:04.500000,3276.6,3300.0,3265.6,3282.0,nan,3281.25,27567,27136266300.0,43388,3277.0,2,3276.4,2,nan,0,nan,0,nan,0,nan,0,nan,0,nan,0,nan,0,nan,0
1597988525096620032,1597988525000000000,2020-08-21 13:42:05.000000,3276.6,3300.0,3265.6,3282.0,nan,3281.25,27568,27137249280.0,43389,3277.0,2,3276.6,1,nan,0,nan,0,nan,0,nan,0,nan,0,nan,0,nan,0,nan,0
1597988525601157120,1597988525500000000,2020-08-21 13:42:05.500000,3276.6,3300.0,3265.6,3282.0,nan,3281.25,27568,27137249280.0,43389,3277.0,1,3276.6,1,nan,0,nan,0,nan,0,nan,0,nan,0,nan,0,nan,0,nan,0
1597988526101229056,1597988526000000000,2020-08-21 13:42:06.000000,3276.6,3300.0,3265.6,3282.0,nan,3281.25,27568,27137249280.0,43389,3277.2,3,3276.6,1,nan,0,nan,0,nan,0,nan,0,nan,0,nan,0,nan,0,nan,0
1597988527099560960,1597988527000000000,2020-08-21 13:42:07.000000,3276.6,3300.0,3265.6,3282.0,nan,3281.25,27568,27137249280.0,43389,3276.8,1,3276.6,1,nan,0,nan,0,nan,0,nan,0,nan,0,nan,0,nan,0,nan,0
1597988527603804928,1597988527500000000,2020-08-21 13:42:07.500000,3276.8,3300.0,3265.6,3282.0,nan,3281.25,27569,27138232320.0,43389,3277.2,3,3276.6,1,nan,0,nan,0,nan,0,nan,0,nan,0,nan,0,nan,0,nan,0
1597988528104700928,1597988528000000000,2020-08-21 13:42:08.000000,3276.6,3300.0,3265.6,3282.0,nan,3281.249,27571,27140198280.0,43391,3277.0,2,3276.4,3,nan,0,nan,0,nan,0,nan,0,nan,0,nan,0,nan,0,nan,0
