local_nano_time,quote_nano_time,datetime,last_price,highest,lowest,open,close,average,volume,amount,open_interest,ask_price1,ask_volume1,bid_price1,bid_volume1,ask_price2,ask_volume2,bid_price2,bid_volume2,ask_price3,ask_volume3,bid_price3,bid_volume3,ask_price4,ask_volume4,bid_price4,bid_volume4,ask_price5,ask_volume5,bid_price5,bid_volume5
1597988231037199104,1597988231000000000,2020-08-21 13:37:11.000000,3279.2,3300.0,3265.6,3282.0,nan,3281.3,27047,26625085380.0,43180,3279.8,1,3279.2,2,nan,0,nan,0,nan,0,nan,0,nan,0,nan,0,nan,0,nan,0
1597988231530523904,1597988231500000000,2020-08-21 13:37:11.500000,3279.2,3300.0,3265.6,3282.0,nan,3281.3,27047,26625085380.0,43180,3279.8,1,3279.4,1,nan,0,nan,0,nan,0,nan,0,nan,0,nan,0,nan,0,nan,0
1597988232530392064,1597988232500000000,2020-08-21 13:37:12.500000,3279.2,3300.0,3265.6,3282.0,nan,3281.3,27047,26625085380.0,43180,3279.8,1,3279.4,1,nan,0,nan,0,nan,0,nan,0,nan,0,nan,0,nan,0,nan,0
1597988233030697984,1597988233000000000,2020-08-21 13:37:13.000000,3279.2,3300.0,3265.6,3282.0,nan,3281.3,27047,26625085380.0,43180,3279.8,1,3279.4,1,nan,0,nan,0,nan,0,nan,0,nan,0,nan,0,nan,0,nan,0
1597988233531043072,1597988233500000000,2020-08-21 13:37:13.500000,3279.2,3300.0,3265.6,3282.0,nan,3281.3,27047,26625085380.0,43180,3279.8,1,3279.4,2,nan,0,nan,0,nan,0,nan,0,nan,0,nan,0,nan,0,nan,0
1597988234032571904,1597988234000000000,2020-08-21 13:37:14.000000,3279.8,3300.0,3265.6,3282.0,nan,3281.3,27048,26626069320.0,43181,3280.0,21,3279.4,2,nan,0,nan,0,nan,0,nan,0,nan,0,nan,0,nan,0,nan,0
1597988234534726912,1597988234500000000,2020-08-21 13:37:14.500000,3279.8,3300.0,3265.6,3282.0,nan,3281.3,27049,26627053260.0,43182,3280.0,17,3279.4,2,nan,0,nan,0,nan,0,nan,0,nan,0,nan,0,nan,0,nan,0
1597988235028037120,1597988235000000000,2020-08-21 13:37:15.000000,3279.8,3300.0,3265.6,3282.0,nan,3281.3,27049,26627053260.0,43182,3280.0,17,3279.4,2,nan,0,nan,0,nan,0,nan,0,nan,0,nan,0,nan,0,nan,0
1597988235530888960,1597988235500000000,2020-08-21 13:37:15.500000,3279.8,3300.0,3265.6,3282.0,nan,3281.3,27049,26627053260.0,43182,3279.8,1,3279.4,2,nan,0,nan,0,nan,0,nan,0,nan,0,nan,0,nan,0,nan,0
1597988236033773056,1597988236000000000,2020-08-21 13:37:16.000000,3279.4,3300.0,3265.6,3282.0,nan,3281.3,27050,26628037080.0,43181,3279.8,1,3279.4,1,nan,0,nan,0,nan,0,nan,0,nan,0,nan,0,nan,0,nan,0
1597988236551890944,1597988236500000000,2020-08-21 13:37:16.500000,3279.4,3300.0,3265.6,3282.0,nan,3281.3,27051,26629020900.0,43181,3279.8,1,3279.2,5,nan,0,nan,0,nan,0,nan,0,nan,0,nan,0,nan,0,nan,0
1597988237034167040,1597988237000000000,2020-08-21 13:37:17.000000,3279.4,3300.0,3265.6,3282.0,nan,3281.3,27051,26629020900.0,43181,3279.8,1,3279.2,4,nan,0,nan,0,nan,0,nan,0,nan,0,nan,0,nan,0,nan,0
1597988237541780992,1597988237500000000,2020-08-21 13:37:17.500000,3279.2,3300.0,3265.6,3282.0,nan,3281.3,27055,26632955940.0,43184,3279.2,6,3279.0,3,nan,0,nan,0,nan,0,nan,0,nan,0,nan,0,nan,0,nan,0
1597988238040918016,1597988238000000000,2020-08-21 13:37:18.000000,3279.0,3300.0,3265.6,3282.0,nan,3281.3,27057,26634923340.0,43182,3279.2,1,3279.0,1,nan,0,nan,0,nan,0,nan,0,nan,0,nan,0,nan,0,nan,0
1597988238537981952,1597988238500000000,2020-08-21 13:37:18.500000,3279.2,3300.0,3265.6,3282.0,nan,3281.3,27059,26636890800.0,43184,3279.6,4,3278.4,1,nan,0,nan,0,nan,0,nan,0,nan,0,nan,0,nan,0,nan,0
1597988239038384128,1597988239000000000,2020-08-21 13:37:19.000000,3279.2,3300.0,3265.6,3282.0,nan,3281.3,27059,26636890800.0,43184,3279.4,2,3278.6,2,nan,0,nan,0,nan,0,nan,0,nan,0,nan,0,nan,0,nan,0
1597988239550043904,1597988239500000000,2020-08-21 13:37:19.500000,3278.6,3300.0,3265.6,3282.0,nan,3281.3,27060,26637874380.0,43185,3279.4,3,3278.6,1,nan,0,nan,0,nan,0,nan,0,nan,0,nan,0,nan,0,nan,0
1597988240040151040,1597988240000000000,2020-08-21 13:37:20.000000,3278.6,3300.0,3265.6,3282.0,nan,3281.3,27060,26637874380.0,43185,3279.2,3,3278.6,1,nan,0,nan,0,nan,0,nan,0,nan,0,nan,0,nan,0,nan,0
1597988240539463936,1597988240500000000,2020-08-21 13:37:20.500000,3278.6,3300.0,3265.6,3282.0,nan,3281.3,27061,26638857960.0,43185,3279.2,4,3278.4,1,nan,0,nan,0,nan,0,nan,0,nan,0,nan,0,nan,0,nan,0
1597988241076372992,1597988241000000000,2020-08-21 13:37:21.000000,3278.4,3300.0,3265.6,3282.0,nan,3281.3,27062,26639841480.0,43186,3278.4,1,3278.2,2,nan,0,nan,0,nan,0,nan,0,nan,0,nan,0,nan,0,nan,0
1597988241546394880,1597988241500000000,2020-08-21 13:37:21.500000,3278.2,3300.0,3265.6,3282.0,nan,3281.3,27067,26644758960.0,43190,3278.2,2,3278.0,4,nan,0,nan,0,nan,0,nan,0,nan,0,nan,0,nan,0,nan,0
1597988242049331968,1597988242000000000,2020-08-21 13:37:22.000000,3278.0,3300.0,3265.6,3282.0,nan,3281.3,27071,26648692560.0,43192,3278.0,1,3277.6,2,nan,0,nan,0,nan,0,nan,0,nan,0,nan,0,nan,0,nan,0
1597988242554980096,1597988242500000000,2020-08-21 13:37:22.500000,3277.6,3300.0,3265.6,3282.0,nan,3281.3,27074,26651642520.0,43193,3277.6,1,3277.2,4,nan,0,nan,0,nan,0,nan,0,nan,0,nan,0,nan,0,nan,0
1597988243081273088,1597988243000000000,2020-08-21 13:37:23.000000,3277.2,3300.0,3265.6,3282.0,nan,3281.3,27077,26654592240.0,43194,3278.2,3,3278.0,1,nan,0,nan,0,nan,0,nan,0,nan,0,nan,0,nan,0,nan,0
1597988243549168128,1597988243500000000,2020-08-21 13:37:23.500000,3278.0,3300.0,3265.6,3282.0,nan,3281.3,27078,26655575640.0,43194,3277.8,3,3277.2,3,nan,0,nan,0,nan,0,nan,0,nan,0,nan,0,nan,0,nan,0
1597988244076070912,1597988244000000000,2020-08-21 13:37:24.000000,3278.0,3300.0,3265.6,3282.0,nan,3281.3,27078,26655575640.0,43194,3277.8,1,3277.2,3,nan,0,nan,0,nan,0,nan,0,nan,0,nan,0,nan,0,nan,0
1597988244541931008,1597988244500000000,2020-08-21 13:37:24.500000,3277.2,3300.0,3265.6,3282.0,nan,3281.3,27079,26656558800.0,43194,3277.8,1,3277.2,2,nan,0,nan,0,nan,0,nan,0,nan,0,nan,0,nan,0,nan,0
1597988245051038976,1597988245000000000,2020-08-21 13:37:25.000000,3277.2,3300.0,3265.6,3282.0,nan,3281.3,27079,26656558800.0,43194,3277.8,1,3277.2,2,nan,0,nan,0,nan,0,nan,0,nan,0,nan,0,nan,0,nan,0
1597988245540177920,1597988245500000000,2020-08-21 13:37:25.500000,3277.2,3300.0,3265.6,3282.0,nan,3281.3,27080,26657541960.0,43194,3277.8,1,3277.2,1,nan,0,nan,0,nan,0,nan,0,nan,0,nan,0,nan,0,nan,0
1597988246048720896,1597988246000000000,2020-08-21 13:37:26.000000,3277.2,3300.0,3265.6,3282.0,nan,3281.3,27080,26657541960.0,43194,3277.8,1,3277.2,1,nan,0,nan,0,nan,0,nan,0,nan,0,nan,0,nan,0,nan,0
1597988246549839872,1597988246500000000,2020-08-21 13:37:26.500000,3277.8,3300.0,3265.6,3282.0,nan,3281.3,27081,26658525300.0,43195,3277.8,1,3277.2,1,nan,0,nan,0,nan,0,nan,0,nan,0,nan,0,nan,0,nan,0
1597988247542769920,1597988247500000000,2020-08-21 13:37:27.500000,3277.8,3300.0,3265.6,3282.0,nan,3281.3,27081,26658525300.0,43195,3277.8,1,3277.4,1,nan,0,nan,0,nan,0,nan,0,nan,0,nan,0,nan,0,nan,0
1597988248048955904,1597988248000000000,2020-08-21 13:37:28.000000,3277.8,3300.0,3265.6,3282.0,nan,3281.3,27082,26659508640.0,43196,3278.0,1,3277.4,2,nan,0,nan,0,nan,0,nan,0,nan,0,nan,0,nan,0,nan,0
1597988248556556032,1597988248500000000,2020-08-21 13:37:28.500000,3277.6,3300.0,3265.6,3282.0,nan,3281.3,27083,26660491920.0,43197,3278.2,2,3277.6,1,nan,0,nan,0,nan,0,nan,0,nan,0,nan,0,nan,0,nan,0
1597988249041238016,1597988249000000000,2020-08-21 13:37:29.000000,3277.6,3300.0,3265.6,3282.0,nan,3281.3,27083,26660491920.0,43197,3278.2,2,3277.6,2,nan,0,nan,0,nan,0,nan,0,nan,0,nan,0,nan,0,nan,0
1597988249540093952,1597988249500000000,2020-08-21 13:37:29.500000,3277.6,3300.0,3265.6,3282.0,nan,3281.3,27084,26661475200.0,43197,3278.2,2,3277.8,4,nan,0,nan,0,nan,0,nan,0,nan,0,nan,0,nan,0,nan,0
1597988250049112064,1597988250000000000,2020-08-21 13:37:30.000000,3277.8,3300.0,3265.6,3282.0,nan,3281.3,27088,26665408560.0,43201,3278.2,2,3277.6,1,nan,0,nan,0,nan,0,nan,0,nan,0,nan,0,nan,0,nan,0
1597988250557626880,1597988250500000000,2020-08-21 13:37:30.500000,3277.8,3300.0,3265.6,3282.0,nan,3281.3,27088,26665408560.0,43201,3278.0,1,3277.6,1,nan,0,nan,0,nan,0,nan,0,nan,0,nan,0,nan,0,nan,0
1597988251045537024,1597988251000000000,2020-08-21 13:37:31.000000,3278.2,3300.0,3265.6,3282.0,nan,3281.3,27091,26668358880.0,43204,3279.0,1,3278.2,1,nan,0,nan,0,nan,0,nan,0,nan,0,nan,0,nan,0,nan,0
1597988251543058944,1597988251500000000,2020-08-21 13:37:31.500000,3278.2,3300.0,3265.6,3282.0,nan,3281.3,27092,26669342340.0,43205,3278.0,5,3277.6,1,nan,0,nan,0,nan,0,nan,0,nan,0,nan,0,nan,0,nan,0
1597988252042441984,1597988252000000000,2020-08-21 13:37:32.000000,3277.6,3300.0,3265.6,3282.0,nan,3281.3,27093,26670325620.0,43206,3278.0,1,3277.6,1,nan,0,nan,0,nan,0,nan,0,nan,0,nan,0,nan,0,nan,0
1597988252553319936,1597988252500000000,2020-08-21 13:37:32.500000,3277.6,3300.0,3265.6,3282.0,nan,3281.3,27093,26670325620.0,43206,3278.2,1,3277.4,6,nan,0,nan,0,nan,0,nan,0,nan,0,nan,0,nan,0,nan,0
1597988253551709952,1597988253500000000,2020-08-21 13:37:33.500000,3277.6,3300.0,3265.6,3282.0,nan,3281.3,27093,26670325620.0,43206,3278.2,1,3277.4,6,nan,0,nan,0,nan,0,nan,0,nan,0,nan,0,nan,0,nan,0
1597988254054190080,1597988254000000000,2020-08-21 13:37:34.000000,3277.6,3300.0,3265.6,3282.0,nan,3281.3,27094,26671308900.0,43207,3278.2,1,3277.4,6,nan,0,nan,0,nan,0,nan,0,nan,0,nan,0,nan,0,nan,0
1597988255077647104,1597988255000000000,2020-08-21 13:37:35.000000,3277.6,3300.0,3265.6,3282.0,nan,3281.3,27094,26671308900.0,43207,3278.2,1,3277.4,6,nan,0,nan,0,nan,0,nan,0,nan,0,nan,0,nan,0,nan,0
1597988255562385920,1597988255500000000,2020-08-21 13:37:35.500000,3277.6,3300.0,3265.6,3282.0,nan,3281.3,27094,26671308900.0,43207,3278.2,1,3277.4,7,nan,0,nan,0,nan,0,nan,0,nan,0,nan,0,nan,0,nan,0
1597988256078619904,1597988256000000000,2020-08-21 13:37:36.000000,3277.6,3300.0,3265.6,3282.0,nan,3281.3,27094,26671308900.0,43207,3278.2,1,3277.6,1,nan,0,nan,0,nan,0,nan,0,nan,0,nan,0,nan,0,nan,0
1597988256556250112,1597988256500000000,2020-08-21 13:37:36.500000,3277.6,3300.0,3265.6,3282.0,nan,3281.3,27096,26673275460.0,43207,3278.2,1,3277.8,1,nan,0,nan,0,nan,0,nan,0,nan,0,nan,0,nan,0,nan,0
1597988257057743104,1597988257000000000,2020-08-21 13:37:37.000000,3278.2,3300.0,3265.6,3282.0,nan,3281.3,27097,26674258920.0,43208,3278.6,1,3277.8,1,nan,0,nan,0,nan,0,nan,0,nan,0,nan,0,nan,0,nan,0
1597988257553392128,1597988257500000000,2020-08-21 13:37:37.500000,3278.0,3300.0,3265.6,3282.0,nan,3281.3,27098,26675242320.0,43209,3278.6,1,3277.8,1,nan,0,nan,0,nan,0,nan,0,nan,0,nan,0,nan,0,nan,0
1597988258076793088,1597988258000000000,2020-08-21 13:37:38.000000,3278.0,3300.0,3265.6,3282.0,nan,3281.3,27099,26676225720.0,43210,3278.6,1,3278.0,1,nan,0,nan,0,nan,0,nan,0,nan,0,nan,0,nan,0,nan,0
1597988258555599872,1597988258500000000,2020-08-21 13:37:38.500000,3278.0,3300.0,3265.6,3282.0,nan,3281.3,27099,26676225720.0,43210,3278.6,2,3278.0,1,nan,0,nan,0,nan,0,nan,0,nan,0,nan,0,nan,0,nan,0
1597988259070000896,1597988259000000000,2020-08-21 13:37:39.000000,3278.0,3300.0,3265.6,3282.0,nan,3281.3,27099,26676225720.0,43210,3278.4,1,3277.4,7,nan,0,nan,0,nan,0,nan,0,nan,0,nan,0,nan,0,nan,0
1597988259557568000,1597988259500000000,2020-08-21 13:37:39.500000,3278.0,3300.0,3265.6,3282.0,nan,3281.3,27099,26676225720.0,43210,3278.2,1,3277.4,7,nan,0,nan,0,nan,0,nan,0,nan,0,nan,0,nan,0,nan,0
1597988260060185088,1597988260000000000,2020-08-21 13:37:40.000000,3278.0,3300.0,3265.6,3282.0,nan,3281.3,27100,26677209120.0,43210,3278.2,1,3277.4,7,nan,0,nan,0,nan,0,nan,0,nan,0,nan,0,nan,0,nan,0
1597988260557069056,1597988260500000000,2020-08-21 13:37:40.500000,3277.4,3300.0,3265.6,3282.0,nan,3281.3,27103,26680158780.0,43212,3277.8,1,3277.4,4,nan,0,nan,0,nan,0,nan,0,nan,0,nan,0,nan,0,nan,0
1597988261074237952,1597988261000000000,2020-08-21 13:37:41.000000,3277.4,3300.0,3265.6,3282.0,nan,3281.3,27106,26683108440.0,43214,3277.8,1,3277.4,2,nan,0,nan,0,nan,0,nan,0,nan,0,nan,0,nan,0,nan,0
1597988261552876032,1597988261500000000,2020-08-21 13:37:41.500000,3277.4,3300.0,3265.6,3282.0,nan,3281.3,27107,26684091660.0,43215,3277.8,1,3277.4,1,nan,0,nan,0,nan,0,nan,0,nan,0,nan,0,nan,0,nan,0
1597988262073176064,1597988262000000000,2020-08-21 13:37:42.000000,3277.8,3300.0,3265.6,3282.0,nan,3281.3,27108,26685075000.0,43216,3278.0,1,3277.4,1,nan,0,nan,0,nan,0,nan,0,nan,0,nan,0,nan,0,nan,0
1597988262553517056,1597988262500000000,2020-08-21 13:37:42.500000,3277.8,3300.0,3265.6,3282.0,nan,3281.3,27108,26685075000.0,43216,3278.0,2,3277.6,1,nan,0,nan,0,nan,0,nan,0,nan,0,nan,0,nan,0,nan,0
1597988263047981056,1597988263000000000,2020-08-21 13:37:43.000000,3277.8,3300.0,3265.6,3282.0,nan,3281.3,27108,26685075000.0,43216,3278.0,2,3277.4,1,nan,0,nan,0,nan,0,nan,0,nan,0,nan,0,nan,0,nan,0
1597988263551098112,1597988263500000000,2020-08-21 13:37:43.500000,3277.8,3300.0,3265.6,3282.0,nan,3281.3,27108,26685075000.0,43216,3278.0,2,3277.6,1,nan,0,nan,0,nan,0,nan,0,nan,0,nan,0,nan,0,nan,0
1597988264091724032,1597988264000000000,2020-08-21 13:37:44.000000,3277.8,3300.0,3265.6,3282.0,nan,3281.3,27108,26685075000.0,43216,3278.0,2,3277.6,1,nan,0,nan,0,nan,0,nan,0,nan,0,nan,0,nan,0,nan,0
1597988265048666880,1597988265000000000,2020-08-21 13:37:45.000000,3277.8,3300.0,3265.6,3282.0,nan,3281.3,27108,26685075000.0,43216,3278.0,2,3277.6,1,nan,0,nan,0,nan,0,nan,0,nan,0,nan,0,nan,0,nan,0
1597988265547741952,1597988265500000000,2020-08-21 13:37:45.500000,3277.6,3300.0,3265.6,3282.0,nan,3281.3,27109,26686058280.0,43217,3278.0,2,3277.4,2,nan,0,nan,0,nan,0,nan,0,nan,0,nan,0,nan,0,nan,0
1597988266048645120,1597988266000000000,2020-08-21 13:37:46.000000,3277.6,3300.0,3265.6,3282.0,nan,3281.3,27109,26686058280.0,43217,3278.0,2,3277.6,3,nan,0,nan,0,nan,0,nan,0,nan,0,nan,0,nan,0,nan,0
1597988266548355072,1597988266500000000,2020-08-21 13:37:46.500000,3278.0,3300.0,3265.6,3282.0,nan,3281.3,27111,26688025080.0,43217,3278.6,2,3278.2,3,nan,0,nan,0,nan,0,nan,0,nan,0,nan,0,nan,0,nan,0
1597988267093835008,1597988267000000000,2020-08-21 13:37:47.000000,3278.2,3300.0,3265.6,3282.0,nan,3281.3,27121,26697860460.0,43215,3279.0,1,3278.0,3,nan,0,nan,0,nan,0,nan,0,nan,0,nan,0,nan,0,nan,0
1597988267558078976,1597988267500000000,2020-08-21 13:37:47.500000,3278.2,3300.0,3265.6,3282.0,nan,3281.3,27122,26698843920.0,43216,3278.8,2,3278.0,3,nan,0,nan,0,nan,0,nan,0,nan,0,nan,0,nan,0,nan,0
1597988268081392896,1597988268000000000,2020-08-21 13:37:48.000000,3278.2,3300.0,3265.6,3282.0,nan,3281.3,27123,26699827380.0,43217,3279.0,1,3278.2,1,nan,0,nan,0,nan,0,nan,0,nan,0,nan,0,nan,0,nan,0
1597988269067885056,1597988269000000000,2020-08-21 13:37:49.000000,3278.2,3300.0,3265.6,3282.0,nan,3281.3,27123,26699827380.0,43217,3278.8,1,3278.0,4,nan,0,nan,0,nan,0,nan,0,nan,0,nan,0,nan,0,nan,0
1597988269563553024,1597988269500000000,2020-08-21 13:37:49.500000,3278.2,3300.0,3265.6,3282.0,nan,3281.3,27125,26701794300.0,43217,3278.8,1,3278.0,4,nan,0,nan,0,nan,0,nan,0,nan,0,nan,0,nan,0,nan,0
1597988270078539008,1597988270000000000,2020-08-21 13:37:50.000000,3278.2,3300.0,3265.6,3282.0,nan,3281.3,27125,26701794300.0,43217,3278.6,2,3278.2,2,nan,0,nan,0,nan,0,nan,0,nan,0,nan,0,nan,0,nan,0
1597988270554253056,1597988270500000000,2020-08-21 13:37:50.500000,3278.2,3300.0,3265.6,3282.0,nan,3281.3,27125,26701794300.0,43217,3278.6,2,3278.2,2,nan,0,nan,0,nan,0,nan,0,nan,0,nan,0,nan,0,nan,0
1597988273559495936,1597988273500000000,2020-08-21 13:37:53.500000,3278.2,3300.0,3265.6,3282.0,nan,3281.3,27125,26701794300.0,43217,3278.6,2,3278.2,2,nan,0,nan,0,nan,0,nan,0,nan,0,nan,0,nan,0,nan,0
1597988274074767872,1597988274000000000,2020-08-21 13:37:54.000000,3278.2,3300.0,3265.6,3282.0,nan,3281.3,27126,26702777760.0,43218,3278.6,2,3278.2,1,nan,0,nan,0,nan,0,nan,0,nan,0,nan,0,nan,0,nan,0
1597988274557425920,1597988274500000000,2020-08-21 13:37:54.500000,3278.4,3300.0,3265.6,3282.0,nan,3281.3,27128,26704744740.0,43219,3278.6,2,3278.4,1,nan,0,nan,0,nan,0,nan,0,nan,0,nan,0,nan,0,nan,0
1597988275051783936,1597988275000000000,2020-08-21 13:37:55.000000,3278.4,3300.0,3265.6,3282.0,nan,3281.3,27129,26705728260.0,43219,3278.6,2,3278.0,1,nan,0,nan,0,nan,0,nan,0,nan,0,nan,0,nan,0,nan,0
1597988275564252928,1597988275500000000,2020-08-21 13:37:55.500000,3278.4,3300.0,3265.6,3282.0,nan,3281.3,27129,26705728260.0,43219,3278.6,2,3278.2,1,nan,0,nan,0,nan,0,nan,0,nan,0,nan,0,nan,0,nan,0
1597988276085283072,1597988276000000000,2020-08-21 13:37:56.000000,3278.2,3300.0,3265.6,3282.0,nan,3281.3,27130,26706711720.0,43220,3278.8,1,3278.0,1,nan,0,nan,0,nan,0,nan,0,nan,0,nan,0,nan,0,nan,0
1597988277214233088,1597988277000000000,2020-08-21 13:37:57.000000,3278.2,3300.0,3265.6,3282.0,nan,3281.3,27130,26706711720.0,43220,3278.2,1,3278.0,1,nan,0,nan,0,nan,0,nan,0,nan,0,nan,0,nan,0,nan,0
1597988277558886912,1597988277500000000,2020-08-21 13:37:57.500000,3278.8,3300.0,3265.6,3282.0,nan,3281.3,27132,26708678820.0,43220,3279.0,1,3278.4,2,nan,0,nan,0,nan,0,nan,0,nan,0,nan,0,nan,0,nan,0
1597988278059623936,1597988278000000000,2020-08-21 13:37:58.000000,3278.8,3300.0,3265.6,3282.0,nan,3281.3,27132,26708678820.0,43220,3279.0,1,3278.4,2,nan,0,nan,0,nan,0,nan,0,nan,0,nan,0,nan,0,nan,0
1597988278554234112,1597988278500000000,2020-08-21 13:37:58.500000,3278.8,3300.0,3265.6,3282.0,nan,3281.3,27132,26708678820.0,43220,3279.0,1,3278.4,1,nan,0,nan,0,nan,0,nan,0,nan,0,nan,0,nan,0,nan,0
1597988279076387072,1597988279000000000,2020-08-21 13:37:59.000000,3278.8,3300.0,3265.6,3282.0,nan,3281.3,27132,26708678820.0,43220,3279.0,1,3278.4,1,nan,0,nan,0,nan,0,nan,0,nan,0,nan,0,nan,0,nan,0
1597988279557670912,1597988279500000000,2020-08-21 13:37:59.500000,3278.8,3300.0,3265.6,3282.0,nan,3281.3,27132,26708678820.0,43220,3279.0,1,3278.4,1,nan,0,nan,0,nan,0,nan,0,nan,0,nan,0,nan,0,nan,0
1597988280056623104,1597988280000000000,2020-08-21 13:38:00.000000,3278.8,3300.0,3265.6,3282.0,nan,3281.3,27132,26708678820.0,43220,3279.0,1,3278.4,1,nan,0,nan,0,nan,0,nan,0,nan,0,nan,0,nan,0,nan,0
1597988280558641920,1597988280500000000,2020-08-21 13:38:00.500000,3278.8,3300.0,3265.6,3282.0,nan,3281.3,27132,26708678820.0,43220,3279.0,1,3278.4,1,nan,0,nan,0,nan,0,nan,0,nan,0,nan,0,nan,0,nan,0
1597988281557040896,1597988281500000000,2020-08-21 13:38:01.500000,3278.8,3300.0,3265.6,3282.0,nan,3281.3,27132,26708678820.0,43220,3279.0,1,3278.4,1,nan,0,nan,0,nan,0,nan,0,nan,0,nan,0,nan,0,nan,0
1597988282076992000,1597988282000000000,2020-08-21 13:38:02.000000,3278.8,3300.0,3265.6,3282.0,nan,3281.3,27132,26708678820.0,43220,3279.0,1,3278.4,1,nan,0,nan,0,nan,0,nan,0,nan,0,nan,0,nan,0,nan,0
1597988282556328960,1597988282500000000,2020-08-21 13:38:02.500000,3278.8,3300.0,3265.6,3282.0,nan,3281.3,27132,26708678820.0,43220,3279.0,1,3278.6,1,nan,0,nan,0,nan,0,nan,0,nan,0,nan,0,nan,0,nan,0
1597988283058767872,1597988283000000000,2020-08-21 13:38:03.000000,3278.8,3300.0,3265.6,3282.0,nan,3281.3,27132,26708678820.0,43220,3279.0,1,3278.6,1,nan,0,nan,0,nan,0,nan,0,nan,0,nan,0,nan,0,nan,0
1597988283557188096,1597988283500000000,2020-08-21 13:38:03.500000,3278.8,3300.0,3265.6,3282.0,nan,3281.3,27132,26708678820.0,43220,3279.0,1,3278.6,1,nan,0,nan,0,nan,0,nan,0,nan,0,nan,0,nan,0,nan,0
1597988284559601920,1597988284500000000,2020-08-21 13:38:04.500000,3278.8,3300.0,3265.6,3282.0,nan,3281.3,27132,26708678820.0,43220,3279.0,1,3278.6,1,nan,0,nan,0,nan,0,nan,0,nan,0,nan,0,nan,0,nan,0
1597988285076122112,1597988285000000000,2020-08-21 13:38:05.000000,3278.6,3300.0,3265.6,3282.0,nan,3281.3,27133,26709662400.0,43220,3278.8,1,3278.4,1,nan,0,nan,0,nan,0,nan,0,nan,0,nan,0,nan,0,nan,0
1597988285564173056,1597988285500000000,2020-08-21 13:38:05.500000,3278.4,3300.0,3265.6,3282.0,nan,3281.3,27135,26711629500.0,43222,3278.4,1,3278.2,3,nan,0,nan,0,nan,0,nan,0,nan,0,nan,0,nan,0,nan,0
1597988286079666944,1597988286000000000,2020-08-21 13:38:06.000000,3278.4,3300.0,3265.6,3282.0,nan,3281.3,27135,26711629500.0,43222,3278.4,2,3278.2,3,nan,0,nan,0,nan,0,nan,0,nan,0,nan,0,nan,0,nan,0
1597988286568943104,1597988286500000000,2020-08-21 13:38:06.500000,3278.2,3300.0,3265.6,3282.0,nan,3281.3,27138,26714579880.0,43225,3278.2,7,3278.0,2,nan,0,nan,0,nan,0,nan,0,nan,0,nan,0,nan,0,nan,0
1597988287075280896,1597988287000000000,2020-08-21 13:38:07.000000,3278.0,3300.0,3265.6,3282.0,nan,3281.3,27140,26716546680.0,43227,3277.8,6,3277.6,1,nan,0,nan,0,nan,0,nan,0,nan,0,nan,0,nan,0,nan,0
1597988287575171072,1597988287500000000,2020-08-21 13:38:07.500000,3277.6,3300.0,3265.6,3282.0,nan,3281.3,27141,26717529960.0,43228,3277.8,1,3277.4,2,nan,0,nan,0,nan,0,nan,0,nan,0,nan,0,nan,0,nan,0
1597988288080210944,1597988288000000000,2020-08-21 13:38:08.000000,3277.4,3300.0,3265.6,3282.0,nan,3281.3,27142,26718513180.0,43228,3278.0,5,3277.4,1,nan,0,nan,0,nan,0,nan,0,nan,0,nan,0,nan,0,nan,0
1597988288564230912,1597988288500000000,2020-08-21 13:38:08.500000,3277.4,3300.0,3265.6,3282.0,nan,3281.3,27142,26718513180.0,43228,3277.6,1,3277.4,1,nan,0,nan,0,nan,0,nan,0,nan,0,nan,0,nan,0,nan,0
1597988289081313024,1597988289000000000,2020-08-21 13:38:09.000000,3277.6,3300.0,3265.6,3282.0,nan,3281.3,27143,26719496460.0,43229,3278.0,2,3277.4,1,nan,0,nan,0,nan,0,nan,0,nan,0,nan,0,nan,0,nan,0
1597988289564787968,1597988289500000000,2020-08-21 13:38:09.500000,3277.4,3300.0,3265.6,3282.0,nan,3281.3,27144,26720479680.0,43230,3278.0,2,3277.4,1,nan,0,nan,0,nan,0,nan,0,nan,0,nan,0,nan,0,nan,0
1597988291079642112,1597988291000000000,2020-08-21 13:38:11.000000,3277.4,3300.0,3265.6,3282.0,nan,3281.3,27145,26721462900.0,43231,3278.0,2,3277.2,1,nan,0,nan,0,nan,0,nan,0,nan,0,nan,0,nan,0,nan,0
1597988291566902016,1597988291500000000,2020-08-21 13:38:11.500000,3277.4,3300.0,3265.6,3282.0,nan,3281.3,27146,26722446120.0,43231,3278.0,2,3277.4,1,nan,0,nan,0,nan,0,nan,0,nan,0,nan,0,nan,0,nan,0
1597988292572493056,1597988292500000000,2020-08-21 13:38:12.500000,3277.4,3300.0,3265.6,3282.0,nan,3281.3,27149,26725395960.0,43233,3278.0,1,3277.2,2,nan,0,nan,0,nan,0,nan,0,nan,0,nan,0,nan,0,nan,0
1597988293068421120,1597988293000000000,2020-08-21 13:38:13.000000,3278.0,3300.0,3265.6,3282.0,nan,3281.3,27151,26727362760.0,43234,3278.2,2,3277.4,4,nan,0,nan,0,nan,0,nan,0,nan,0,nan,0,nan,0,nan,0
1597988293569598976,1597988293500000000,2020-08-21 13:38:13.500000,3278.2,3300.0,3265.6,3282.0,nan,3281.3,27153,26729329680.0,43236,3278.4,1,3277.6,2,nan,0,nan,0,nan,0,nan,0,nan,0,nan,0,nan,0,nan,0
1597988294077082112,1597988294000000000,2020-08-21 13:38:14.000000,3277.8,3300.0,3265.6,3282.0,nan,3281.3,27155,26731296360.0,43238,3278.4,1,3277.6,2,nan,0,nan,0,nan,0,nan,0,nan,0,nan,0,nan,0,nan,0
1597988295095452928,1597988295000000000,2020-08-21 13:38:15.000000,3277.8,3300.0,3265.6,3282.0,nan,3281.3,27155,26731296360.0,43238,3278.2,1,3277.6,2,nan,0,nan,0,nan,0,nan,0,nan,0,nan,0,nan,0,nan,0
1597988295570402048,1597988295500000000,2020-08-21 13:38:15.500000,3278.2,3300.0,3265.6,3282.0,nan,3281.3,27156,26732279820.0,43239,3278.2,1,3277.4,1,nan,0,nan,0,nan,0,nan,0,nan,0,nan,0,nan,0,nan,0
1597988296064578048,1597988296000000000,2020-08-21 13:38:16.000000,3278.2,3300.0,3265.6,3282.0,nan,3281.3,27156,26732279820.0,43239,3278.2,1,3277.4,1,nan,0,nan,0,nan,0,nan,0,nan,0,nan,0,nan,0,nan,0
1597988296577519104,1597988296500000000,2020-08-21 13:38:16.500000,3278.2,3300.0,3265.6,3282.0,nan,3281.3,27157,26733263280.0,43239,3278.2,1,3277.4,1,nan,0,nan,0,nan,0,nan,0,nan,0,nan,0,nan,0,nan,0
1597988297075770880,1597988297000000000,2020-08-21 13:38:17.000000,3277.6,3300.0,3265.6,3282.0,nan,3281.3,27158,26734246560.0,43239,3278.0,1,3277.4,1,nan,0,nan,0,nan,0,nan,0,nan,0,nan,0,nan,0,nan,0
1597988297571917056,1597988297500000000,2020-08-21 13:38:17.500000,3277.6,3300.0,3265.6,3282.0,nan,3281.3,27158,26734246560.0,43239,3278.0,2,3277.6,3,nan,0,nan,0,nan,0,nan,0,nan,0,nan,0,nan,0,nan,0
1597988298075401984,1597988298000000000,2020-08-21 13:38:18.000000,3277.6,3300.0,3265.6,3282.0,nan,3281.3,27158,26734246560.0,43239,3278.2,1,3277.6,3,nan,0,nan,0,nan,0,nan,0,nan,0,nan,0,nan,0,nan,0
1597988298565669120,1597988298500000000,2020-08-21 13:38:18.500000,3277.6,3300.0,3265.6,3282.0,nan,3281.3,27158,26734246560.0,43239,3278.2,1,3277.6,3,nan,0,nan,0,nan,0,nan,0,nan,0,nan,0,nan,0,nan,0
1597988299066240000,1597988299000000000,2020-08-21 13:38:19.000000,3277.6,3300.0,3265.6,3282.0,nan,3281.3,27158,26734246560.0,43239,3278.4,1,3277.6,3,nan,0,nan,0,nan,0,nan,0,nan,0,nan,0,nan,0,nan,0
1597988299563910912,1597988299500000000,2020-08-21 13:38:19.500000,3277.6,3300.0,3265.6,3282.0,nan,3281.3,27158,26734246560.0,43239,3278.4,1,3277.6,3,nan,0,nan,0,nan,0,nan,0,nan,0,nan,0,nan,0,nan,0
1597988300079993088,1597988300000000000,2020-08-21 13:38:20.000000,3277.6,3300.0,3265.6,3282.0,nan,3281.3,27158,26734246560.0,43239,3278.2,1,3277.6,3,nan,0,nan,0,nan,0,nan,0,nan,0,nan,0,nan,0,nan,0
1597988303576067072,1597988303500000000,2020-08-21 13:38:23.500000,3277.6,3300.0,3265.6,3282.0,nan,3281.3,27158,26734246560.0,43239,3278.2,1,3277.6,3,nan,0,nan,0,nan,0,nan,0,nan,0,nan,0,nan,0,nan,0
1597988305573552896,1597988305500000000,2020-08-21 13:38:25.500000,3277.6,3300.0,3265.6,3282.0,nan,3281.3,27159,26735229840.0,43239,3278.2,1,3277.6,2,nan,0,nan,0,nan,0,nan,0,nan,0,nan,0,nan,0,nan,0
1597988306579226112,1597988306500000000,2020-08-21 13:38:26.500000,3278.2,3300.0,3265.6,3282.0,nan,3281.3,27160,26736213300.0,43240,3278.4,1,3278.2,2,nan,0,nan,0,nan,0,nan,0,nan,0,nan,0,nan,0,nan,0
1597988307076285952,1597988307000000000,2020-08-21 13:38:27.000000,3278.2,3300.0,3265.6,3282.0,nan,3281.3,27162,26738180220.0,43242,3278.4,1,3277.6,2,nan,0,nan,0,nan,0,nan,0,nan,0,nan,0,nan,0,nan,0
1597988308574760960,1597988308500000000,2020-08-21 13:38:28.500000,3278.2,3300.0,3265.6,3282.0,nan,3281.3,27162,26738180220.0,43242,3278.4,1,3277.8,1,nan,0,nan,0,nan,0,nan,0,nan,0,nan,0,nan,0,nan,0
1597988309088110080,1597988309000000000,2020-08-21 13:38:29.000000,3278.2,3300.0,3265.6,3282.0,nan,3281.3,27162,26738180220.0,43242,3278.4,1,3277.8,1,nan,0,nan,0,nan,0,nan,0,nan,0,nan,0,nan,0,nan,0
1597988310096342016,1597988310000000000,2020-08-21 13:38:30.000000,3277.8,3300.0,3265.6,3282.0,nan,3281.3,27163,26739163560.0,43242,3278.4,1,3277.6,3,nan,0,nan,0,nan,0,nan,0,nan,0,nan,0,nan,0,nan,0
1597988310572037120,1597988310500000000,2020-08-21 13:38:30.500000,3277.8,3300.0,3265.6,3282.0,nan,3281.3,27163,26739163560.0,43242,3278.4,2,3277.6,3,nan,0,nan,0,nan,0,nan,0,nan,0,nan,0,nan,0,nan,0
1597988311073334016,1597988311000000000,2020-08-21 13:38:31.000000,3277.8,3300.0,3265.6,3282.0,nan,3281.3,27163,26739163560.0,43242,3278.4,1,3277.6,3,nan,0,nan,0,nan,0,nan,0,nan,0,nan,0,nan,0,nan,0
1597988311584391936,1597988311500000000,2020-08-21 13:38:31.500000,3277.8,3300.0,3265.6,3282.0,nan,3281.3,27163,26739163560.0,43242,3278.4,1,3277.8,5,nan,0,nan,0,nan,0,nan,0,nan,0,nan,0,nan,0,nan,0
1597988313583926016,1597988313500000000,2020-08-21 13:38:33.500000,3277.8,3300.0,3265.6,3282.0,nan,3281.3,27163,26739163560.0,43242,3278.4,1,3277.8,4,nan,0,nan,0,nan,0,nan,0,nan,0,nan,0,nan,0,nan,0
1597988314073520896,1597988314000000000,2020-08-21 13:38:34.000000,3277.8,3300.0,3265.6,3282.0,nan,3281.3,27163,26739163560.0,43242,3278.4,1,3277.8,2,nan,0,nan,0,nan,0,nan,0,nan,0,nan,0,nan,0,nan,0
1597988316085213952,1597988316000000000,2020-08-21 13:38:36.000000,3277.8,3300.0,3265.6,3282.0,nan,3281.3,27163,26739163560.0,43242,3278.4,2,3277.8,2,nan,0,nan,0,nan,0,nan,0,nan,0,nan,0,nan,0,nan,0
1597988316577661952,1597988316500000000,2020-08-21 13:38:36.500000,3277.6,3300.0,3265.6,3282.0,nan,3281.3,27166,26742113520.0,43242,3278.4,2,3277.6,2,nan,0,nan,0,nan,0,nan,0,nan,0,nan,0,nan,0,nan,0
1597988317090620928,1597988317000000000,2020-08-21 13:38:37.000000,3277.6,3300.0,3265.6,3282.0,nan,3281.3,27166,26742113520.0,43242,3278.4,2,3277.6,2,nan,0,nan,0,nan,0,nan,0,nan,0,nan,0,nan,0,nan,0
1597988317577474048,1597988317500000000,2020-08-21 13:38:37.500000,3278.4,3300.0,3265.6,3282.0,nan,3281.3,27167,26743097040.0,43242,3278.4,1,3277.6,3,nan,0,nan,0,nan,0,nan,0,nan,0,nan,0,nan,0,nan,0
1597988318087041024,1597988318000000000,2020-08-21 13:38:38.000000,3278.4,3300.0,3265.6,3282.0,nan,3281.3,27167,26743097040.0,43242,3278.4,1,3277.8,1,nan,0,nan,0,nan,0,nan,0,nan,0,nan,0,nan,0,nan,0
1597988318580476928,1597988318500000000,2020-08-21 13:38:38.500000,3277.8,3300.0,3265.6,3282.0,nan,3281.3,27168,26744080380.0,43242,3278.4,1,3277.6,3,nan,0,nan,0,nan,0,nan,0,nan,0,nan,0,nan,0,nan,0
1597988319105763072,1597988319000000000,2020-08-21 13:38:39.000000,3277.8,3300.0,3265.6,3282.0,nan,3281.3,27168,26744080380.0,43242,3278.4,2,3277.6,2,nan,0,nan,0,nan,0,nan,0,nan,0,nan,0,nan,0,nan,0
1597988319582878976,1597988319500000000,2020-08-21 13:38:39.500000,3277.8,3300.0,3265.6,3282.0,nan,3281.3,27168,26744080380.0,43242,3278.4,2,3277.6,3,nan,0,nan,0,nan,0,nan,0,nan,0,nan,0,nan,0,nan,0
1597988322103226112,1597988322000000000,2020-08-21 13:38:42.000000,3277.6,3300.0,3265.6,3282.0,nan,3281.3,27169,26745063660.0,43242,3278.4,2,3277.6,2,nan,0,nan,0,nan,0,nan,0,nan,0,nan,0,nan,0,nan,0
1597988322580401920,1597988322500000000,2020-08-21 13:38:42.500000,3277.6,3300.0,3265.6,3282.0,nan,3281.3,27169,26745063660.0,43242,3278.2,1,3277.8,1,nan,0,nan,0,nan,0,nan,0,nan,0,nan,0,nan,0,nan,0
1597988323080998912,1597988323000000000,2020-08-21 13:38:43.000000,3277.6,3300.0,3265.6,3282.0,nan,3281.3,27169,26745063660.0,43242,3278.2,1,3277.8,1,nan,0,nan,0,nan,0,nan,0,nan,0,nan,0,nan,0,nan,0
1597988323579908096,1597988323500000000,2020-08-21 13:38:43.500000,3277.8,3300.0,3265.6,3282.0,nan,3281.3,27170,26746047000.0,43242,3278.2,3,3277.6,2,nan,0,nan,0,nan,0,nan,0,nan,0,nan,0,nan,0,nan,0
1597988329581975040,1597988329500000000,2020-08-21 13:38:49.500000,3277.8,3300.0,3265.6,3282.0,nan,3281.3,27170,26746047000.0,43242,3278.2,3,3277.6,2,nan,0,nan,0,nan,0,nan,0,nan,0,nan,0,nan,0,nan,0
1597988331579213056,1597988331500000000,2020-08-21 13:38:51.500000,3277.0,3300.0,3265.6,3282.0,nan,3281.3,27177,26752929240.0,43239,3278.2,3,3277.0,3,nan,0,nan,0,nan,0,nan,0,nan,0,nan,0,nan,0,nan,0
1597988332093454080,1597988332000000000,2020-08-21 13:38:52.000000,3277.4,3300.0,3265.6,3282.0,nan,3281.3,27180,26755878840.0,43241,3277.6,1,3277.0,5,nan,0,nan,0,nan,0,nan,0,nan,0,nan,0,nan,0,nan,0
1597988332650714880,1597988332500000000,2020-08-21 13:38:52.500000,3277.4,3300.0,3265.6,3282.0,nan,3281.3,27180,26755878840.0,43241,3277.6,2,3277.0,5,nan,0,nan,0,nan,0,nan,0,nan,0,nan,0,nan,0,nan,0
1597988333116220928,1597988333000000000,2020-08-21 13:38:53.000000,3277.4,3300.0,3265.6,3282.0,nan,3281.3,27180,26755878840.0,43241,3277.6,1,3277.0,3,nan,0,nan,0,nan,0,nan,0,nan,0,nan,0,nan,0,nan,0
1597988333601421056,1597988333500000000,2020-08-21 13:38:53.500000,3277.4,3300.0,3265.6,3282.0,nan,3281.3,27180,26755878840.0,43241,3277.4,1,3277.0,3,nan,0,nan,0,nan,0,nan,0,nan,0,nan,0,nan,0,nan,0
1597988334129741056,1597988334000000000,2020-08-21 13:38:54.000000,3277.6,3300.0,3265.6,3282.0,nan,3281.3,27181,26756862120.0,43240,3278.0,2,3277.0,3,nan,0,nan,0,nan,0,nan,0,nan,0,nan,0,nan,0,nan,0
1597988334586055936,1597988334500000000,2020-08-21 13:38:54.500000,3277.6,3300.0,3265.6,3282.0,nan,3281.3,27181,26756862120.0,43240,3277.8,4,3277.0,3,nan,0,nan,0,nan,0,nan,0,nan,0,nan,0,nan,0,nan,0
1597988335083841024,1597988335000000000,2020-08-21 13:38:55.000000,3277.6,3300.0,3265.6,3282.0,nan,3281.3,27181,26756862120.0,43240,3277.6,2,3277.0,3,nan,0,nan,0,nan,0,nan,0,nan,0,nan,0,nan,0,nan,0
1597988335617830912,1597988335500000000,2020-08-21 13:38:55.500000,3277.0,3300.0,3265.6,3282.0,nan,3281.3,27183,26758828320.0,43240,3277.6,3,3277.0,1,nan,0,nan,0,nan,0,nan,0,nan,0,nan,0,nan,0,nan,0
1597988336111823872,1597988336000000000,2020-08-21 13:38:56.000000,3277.0,3300.0,3265.6,3282.0,nan,3281.3,27183,26758828320.0,43240,3277.4,1,3277.0,1,nan,0,nan,0,nan,0,nan,0,nan,0,nan,0,nan,0,nan,0
1597988336582444032,1597988336500000000,2020-08-21 13:38:56.500000,3277.4,3300.0,3265.6,3282.0,nan,3281.3,27184,26759811540.0,43241,3277.6,3,3277.0,1,nan,0,nan,0,nan,0,nan,0,nan,0,nan,0,nan,0,nan,0
1597988337111980032,1597988337000000000,2020-08-21 13:38:57.000000,3277.4,3300.0,3265.6,3282.0,nan,3281.3,27184,26759811540.0,43241,3277.6,2,3277.0,1,nan,0,nan,0,nan,0,nan,0,nan,0,nan,0,nan,0,nan,0
1597988338597228032,1597988338500000000,2020-08-21 13:38:58.500000,3277.6,3300.0,3265.6,3282.0,nan,3281.3,27186,26761778100.0,43241,3278.0,1,3277.6,2,nan,0,nan,0,nan,0,nan,0,nan,0,nan,0,nan,0,nan,0
1597988339169734912,1597988339000000000,2020-08-21 13:38:59.000000,3277.6,3300.0,3265.6,3282.0,nan,3281.3,27186,26761778100.0,43241,3277.8,1,3277.6,2,nan,0,nan,0,nan,0,nan,0,nan,0,nan,0,nan,0,nan,0
1597988340589250048,1597988340500000000,2020-08-21 13:39:00.500000,3277.6,3300.0,3265.6,3282.0,nan,3281.3,27186,26761778100.0,43241,3277.8,1,3277.6,2,nan,0,nan,0,nan,0,nan,0,nan,0,nan,0,nan,0,nan,0
1597988341091426048,1597988341000000000,2020-08-21 13:39:01.000000,3277.6,3300.0,3265.6,3282.0,nan,3281.3,27186,26761778100.0,43241,3278.0,1,3277.8,1,nan,0,nan,0,nan,0,nan,0,nan,0,nan,0,nan,0,nan,0
1597988341602535936,1597988341500000000,2020-08-21 13:39:01.500000,3277.6,3300.0,3265.6,3282.0,nan,3281.3,27186,26761778100.0,43241,3278.0,2,3277.6,2,nan,0,nan,0,nan,0,nan,0,nan,0,nan,0,nan,0,nan,0
1597988342113822976,1597988342000000000,2020-08-21 13:39:02.000000,3278.0,3300.0,3265.6,3282.0,nan,3281.3,27187,26762761500.0,43241,3278.0,1,3277.8,1,nan,0,nan,0,nan,0,nan,0,nan,0,nan,0,nan,0,nan,0
1597988342590074112,1597988342500000000,2020-08-21 13:39:02.500000,3277.8,3300.0,3265.6,3282.0,nan,3281.3,27189,26764728180.0,43243,3278.0,1,3277.6,3,nan,0,nan,0,nan,0,nan,0,nan,0,nan,0,nan,0,nan,0
1597988343110596096,1597988343000000000,2020-08-21 13:39:03.000000,3277.6,3300.0,3265.6,3282.0,nan,3281.3,27190,26765711460.0,43243,3278.0,2,3277.6,2,nan,0,nan,0,nan,0,nan,0,nan,0,nan,0,nan,0,nan,0
1597988343618889984,1597988343500000000,2020-08-21 13:39:03.500000,3277.6,3300.0,3265.6,3282.0,nan,3281.3,27190,26765711460.0,43243,3278.0,2,3277.6,2,nan,0,nan,0,nan,0,nan,0,nan,0,nan,0,nan,0,nan,0
1597988344088591104,1597988344000000000,2020-08-21 13:39:04.000000,3277.6,3300.0,3265.6,3282.0,nan,3281.3,27192,26767678020.0,43244,3277.6,1,3277.0,1,nan,0,nan,0,nan,0,nan,0,nan,0,nan,0,nan,0,nan,0
1597988344588960000,1597988344500000000,2020-08-21 13:39:04.500000,3277.6,3300.0,3265.6,3282.0,nan,3281.3,27192,26767678020.0,43244,3277.4,1,3277.2,2,nan,0,nan,0,nan,0,nan,0,nan,0,nan,0,nan,0,nan,0
1597988345112705024,1597988345000000000,2020-08-21 13:39:05.000000,3277.4,3300.0,3265.6,3282.0,nan,3281.3,27195,26770627740.0,43246,3277.6,2,3277.4,1,nan,0,nan,0,nan,0,nan,0,nan,0,nan,0,nan,0,nan,0
1597988345600420096,1597988345500000000,2020-08-21 13:39:05.500000,3277.4,3300.0,3265.6,3282.0,nan,3281.3,27196,26771610960.0,43247,3277.6,2,3277.0,1,nan,0,nan,0,nan,0,nan,0,nan,0,nan,0,nan,0,nan,0
1597988346106126080,1597988346000000000,2020-08-21 13:39:06.000000,3277.4,3300.0,3265.6,3282.0,nan,3281.3,27196,26771610960.0,43247,3277.6,2,3277.4,1,nan,0,nan,0,nan,0,nan,0,nan,0,nan,0,nan,0,nan,0
1597988347105379072,1597988347000000000,2020-08-21 13:39:07.000000,3277.4,3300.0,3265.6,3282.0,nan,3281.3,27197,26772594180.0,43248,3277.6,2,3277.0,1,nan,0,nan,0,nan,0,nan,0,nan,0,nan,0,nan,0,nan,0
1597988347600509952,1597988347500000000,2020-08-21 13:39:07.500000,3277.4,3300.0,3265.6,3282.0,nan,3281.3,27197,26772594180.0,43248,3277.6,2,3277.0,1,nan,0,nan,0,nan,0,nan,0,nan,0,nan,0,nan,0,nan,0
1597988348602327040,1597988348500000000,2020-08-21 13:39:08.500000,3277.4,3300.0,3265.6,3282.0,nan,3281.3,27197,26772594180.0,43248,3277.6,2,3277.4,1,nan,0,nan,0,nan,0,nan,0,nan,0,nan,0,nan,0,nan,0
1597988349118166016,1597988349000000000,2020-08-21 13:39:09.000000,3277.2,3300.0,3265.6,3282.0,nan,3281.3,27199,26774560560.0,43247,3277.6,2,3277.0,2,nan,0,nan,0,nan,0,nan,0,nan,0,nan,0,nan,0,nan,0
1597988349596091904,1597988349500000000,2020-08-21 13:39:09.500000,3277.2,3300.0,3265.6,3282.0,nan,3281.3,27199,26774560560.0,43247,3277.6,2,3277.2,1,nan,0,nan,0,nan,0,nan,0,nan,0,nan,0,nan,0,nan,0
1597988350085795072,1597988350000000000,2020-08-21 13:39:10.000000,3277.2,3300.0,3265.6,3282.0,nan,3281.3,27199,26774560560.0,43247,3277.6,2,3277.4,1,nan,0,nan,0,nan,0,nan,0,nan,0,nan,0,nan,0,nan,0
1597988350600807936,1597988350500000000,2020-08-21 13:39:10.500000,3277.2,3300.0,3265.6,3282.0,nan,3281.3,27199,26774560560.0,43247,3277.6,2,3277.4,2,nan,0,nan,0,nan,0,nan,0,nan,0,nan,0,nan,0,nan,0
1597988351120502016,1597988351000000000,2020-08-21 13:39:11.000000,3277.2,3300.0,3265.6,3282.0,nan,3281.3,27199,26774560560.0,43247,3277.6,2,3277.4,2,nan,0,nan,0,nan,0,nan,0,nan,0,nan,0,nan,0,nan,0
1597988351629747968,1597988351500000000,2020-08-21 13:39:11.500000,3277.6,3300.0,3265.6,3282.0,nan,3281.3,27201,26776527120.0,43248,3277.8,2,3277.6,1,nan,0,nan,0,nan,0,nan,0,nan,0,nan,0,nan,0,nan,0
1597988352103159040,1597988352000000000,2020-08-21 13:39:12.000000,3277.6,3300.0,3265.6,3282.0,nan,3281.3,27201,26776527120.0,43248,3277.8,2,3277.6,2,nan,0,nan,0,nan,0,nan,0,nan,0,nan,0,nan,0,nan,0
1597988352598927104,1597988352500000000,2020-08-21 13:39:12.500000,3277.6,3300.0,3265.6,3282.0,nan,3281.3,27202,26777510400.0,43248,3277.8,2,3277.6,2,nan,0,nan,0,nan,0,nan,0,nan,0,nan,0,nan,0,nan,0
1597988354594405120,1597988354500000000,2020-08-21 13:39:14.500000,3277.6,3300.0,3265.6,3282.0,nan,3281.3,27202,26777510400.0,43248,3277.8,2,3277.6,2,nan,0,nan,0,nan,0,nan,0,nan,0,nan,0,nan,0,nan,0
1597988355101015040,1597988355000000000,2020-08-21 13:39:15.000000,3277.6,3300.0,3265.6,3282.0,nan,3281.3,27202,26777510400.0,43248,3277.8,2,3277.6,2,nan,0,nan,0,nan,0,nan,0,nan,0,nan,0,nan,0,nan,0
1597988355593892096,1597988355500000000,2020-08-21 13:39:15.500000,3277.6,3300.0,3265.6,3282.0,nan,3281.3,27202,26777510400.0,43248,3277.8,3,3277.6,2,nan,0,nan,0,nan,0,nan,0,nan,0,nan,0,nan,0,nan,0
1597988356098488064,1597988356000000000,2020-08-21 13:39:16.000000,3277.6,3300.0,3265.6,3282.0,nan,3281.3,27204,26779476960.0,43248,3277.6,3,3277.4,1,nan,0,nan,0,nan,0,nan,0,nan,0,nan,0,nan,0,nan,0
1597988356602096896,1597988356500000000,2020-08-21 13:39:16.500000,3277.6,3300.0,3265.6,3282.0,nan,3281.3,27208,26783410020.0,43249,3277.8,3,3277.6,5,nan,0,nan,0,nan,0,nan,0,nan,0,nan,0,nan,0,nan,0
1597988357107077120,1597988357000000000,2020-08-21 13:39:17.000000,3277.8,3300.0,3265.6,3282.0,nan,3281.3,27211,26786360040.0,43250,3277.8,1,3277.6,5,nan,0,nan,0,nan,0,nan,0,nan,0,nan,0,nan,0,nan,0
1597988358108206080,1597988358000000000,2020-08-21 13:39:18.000000,3277.8,3300.0,3265.6,3282.0,nan,3281.3,27211,26786360040.0,43250,3277.8,1,3277.6,5,nan,0,nan,0,nan,0,nan,0,nan,0,nan,0,nan,0,nan,0
1597988359099244032,1597988359000000000,2020-08-21 13:39:19.000000,3277.8,3300.0,3265.6,3282.0,nan,3281.3,27211,26786360040.0,43250,3277.8,1,3277.6,5,nan,0,nan,0,nan,0,nan,0,nan,0,nan,0,nan,0,nan,0
1597988360602673920,1597988360500000000,2020-08-21 13:39:20.500000,3277.6,3300.0,3265.6,3282.0,nan,3281.3,27213,26788326660.0,43251,3278.0,1,3277.6,4,nan,0,nan,0,nan,0,nan,0,nan,0,nan,0,nan,0,nan,0
1597988361121568000,1597988361000000000,2020-08-21 13:39:21.000000,3277.6,3300.0,3265.6,3282.0,nan,3281.3,27213,26788326660.0,43251,3278.0,1,3277.8,1,nan,0,nan,0,nan,0,nan,0,nan,0,nan,0,nan,0,nan,0
1597988362099808000,1597988362000000000,2020-08-21 13:39:22.000000,3277.6,3300.0,3265.6,3282.0,nan,3281.3,27213,26788326660.0,43251,3278.0,1,3277.8,1,nan,0,nan,0,nan,0,nan,0,nan,0,nan,0,nan,0,nan,0
1597988362602880000,1597988362500000000,2020-08-21 13:39:22.500000,3277.6,3300.0,3265.6,3282.0,nan,3281.3,27213,26788326660.0,43251,3278.0,1,3277.6,5,nan,0,nan,0,nan,0,nan,0,nan,0,nan,0,nan,0,nan,0
1597988364132595968,1597988364000000000,2020-08-21 13:39:24.000000,3277.6,3300.0,3265.6,3282.0,nan,3281.3,27215,26790293220.0,43249,3278.0,2,3277.6,3,nan,0,nan,0,nan,0,nan,0,nan,0,nan,0,nan,0,nan,0
1597988364630588928,1597988364500000000,2020-08-21 13:39:24.500000,3278.0,3300.0,3265.6,3282.0,nan,3281.3,27218,26793243300.0,43250,3278.2,2,3278.0,2,nan,0,nan,0,nan,0,nan,0,nan,0,nan,0,nan,0,nan,0
1597988365101721088,1597988365000000000,2020-08-21 13:39:25.000000,3278.0,3300.0,3265.6,3282.0,nan,3281.3,27220,26795210100.0,43250,3278.2,2,3277.6,5,nan,0,nan,0,nan,0,nan,0,nan,0,nan,0,nan,0,nan,0
1597988365599792896,1597988365500000000,2020-08-21 13:39:25.500000,3277.6,3300.0,3265.6,3282.0,nan,3281.3,27225,26800126500.0,43252,3277.6,1,3277.2,4,nan,0,nan,0,nan,0,nan,0,nan,0,nan,0,nan,0,nan,0
1597988366125976064,1597988366000000000,2020-08-21 13:39:26.000000,3277.6,3300.0,3265.6,3282.0,nan,3281.3,27225,26800126500.0,43252,3277.6,1,3277.4,1,nan,0,nan,0,nan,0,nan,0,nan,0,nan,0,nan,0,nan,0
1597988366603769088,1597988366500000000,2020-08-21 13:39:26.500000,3277.6,3300.0,3265.6,3282.0,nan,3281.3,27226,26801109780.0,43253,3278.2,2,3277.4,1,nan,0,nan,0,nan,0,nan,0,nan,0,nan,0,nan,0,nan,0
1597988367123709952,1597988367000000000,2020-08-21 13:39:27.000000,3277.6,3300.0,3265.6,3282.0,nan,3281.3,27226,26801109780.0,43253,3278.0,1,3277.4,1,nan,0,nan,0,nan,0,nan,0,nan,0,nan,0,nan,0,nan,0
1597988367602312960,1597988367500000000,2020-08-21 13:39:27.500000,3277.6,3300.0,3265.6,3282.0,nan,3281.3,27226,26801109780.0,43253,3278.0,2,3277.2,4,nan,0,nan,0,nan,0,nan,0,nan,0,nan,0,nan,0,nan,0
1597988368098363904,1597988368000000000,2020-08-21 13:39:28.000000,3277.6,3300.0,3265.6,3282.0,nan,3281.3,27226,26801109780.0,43253,3277.8,1,3277.2,4,nan,0,nan,0,nan,0,nan,0,nan,0,nan,0,nan,0,nan,0
1597988368603962880,1597988368500000000,2020-08-21 13:39:28.500000,3277.6,3300.0,3265.6,3282.0,nan,3281.3,27226,26801109780.0,43253,3277.8,1,3277.2,5,nan,0,nan,0,nan,0,nan,0,nan,0,nan,0,nan,0,nan,0
1597988369132268032,1597988369000000000,2020-08-21 13:39:29.000000,3277.2,3300.0,3265.6,3282.0,nan,3281.3,27227,26802092940.0,43253,3277.8,1,3277.2,4,nan,0,nan,0,nan,0,nan,0,nan,0,nan,0,nan,0,nan,0
1597988369620818944,1597988369500000000,2020-08-21 13:39:29.500000,3277.2,3300.0,3265.6,3282.0,nan,3281.3,27227,26802092940.0,43253,3277.8,2,3277.2,4,nan,0,nan,0,nan,0,nan,0,nan,0,nan,0,nan,0,nan,0
1597988370121707008,1597988370000000000,2020-08-21 13:39:30.000000,3277.2,3300.0,3265.6,3282.0,nan,3281.3,27227,26802092940.0,43253,3277.8,2,3277.4,1,nan,0,nan,0,nan,0,nan,0,nan,0,nan,0,nan,0,nan,0
1597988371106667008,1597988371000000000,2020-08-21 13:39:31.000000,3278.0,3300.0,3265.6,3282.0,nan,3281.3,27230,26805043020.0,43255,3278.2,2,3277.6,1,nan,0,nan,0,nan,0,nan,0,nan,0,nan,0,nan,0,nan,0
1597988371621730048,1597988371500000000,2020-08-21 13:39:31.500000,3278.0,3300.0,3265.6,3282.0,nan,3281.3,27230,26805043020.0,43255,3278.0,3,3277.6,1,nan,0,nan,0,nan,0,nan,0,nan,0,nan,0,nan,0,nan,0
1597988372602770944,1597988372500000000,2020-08-21 13:39:32.500000,3278.0,3300.0,3265.6,3282.0,nan,3281.3,27230,26805043020.0,43255,3278.0,3,3277.6,1,nan,0,nan,0,nan,0,nan,0,nan,0,nan,0,nan,0,nan,0
1597988373129686016,1597988373000000000,2020-08-21 13:39:33.000000,3277.6,3300.0,3265.6,3282.0,nan,3281.3,27231,26806026300.0,43254,3278.0,3,3277.4,1,nan,0,nan,0,nan,0,nan,0,nan,0,nan,0,nan,0,nan,0
1597988373624819968,1597988373500000000,2020-08-21 13:39:33.500000,3277.6,3300.0,3265.6,3282.0,nan,3281.3,27231,26806026300.0,43254,3278.0,3,3277.6,1,nan,0,nan,0,nan,0,nan,0,nan,0,nan,0,nan,0,nan,0
1597988374125594112,1597988374000000000,2020-08-21 13:39:34.000000,3278.0,3300.0,3265.6,3282.0,nan,3281.3,27232,26807009700.0,43255,3278.2,2,3277.8,1,nan,0,nan,0,nan,0,nan,0,nan,0,nan,0,nan,0,nan,0
1597988374668966912,1597988374500000000,2020-08-21 13:39:34.500000,3278.0,3300.0,3265.6,3282.0,nan,3281.3,27232,26807009700.0,43255,3278.2,2,3277.8,1,nan,0,nan,0,nan,0,nan,0,nan,0,nan,0,nan,0,nan,0
1597988376121839104,1597988376000000000,2020-08-21 13:39:36.000000,3278.0,3300.0,3265.6,3282.0,nan,3281.3,27232,26807009700.0,43255,3278.2,2,3277.8,1,nan,0,nan,0,nan,0,nan,0,nan,0,nan,0,nan,0,nan,0
1597988376615127040,1597988376500000000,2020-08-21 13:39:36.500000,3277.8,3300.0,3265.6,3282.0,nan,3281.3,27233,26807993040.0,43256,3278.2,2,3277.4,1,nan,0,nan,0,nan,0,nan,0,nan,0,nan,0,nan,0,nan,0
1597988377139646976,1597988377000000000,2020-08-21 13:39:37.000000,3278.0,3300.0,3265.6,3282.0,nan,3281.3,27234,26808976440.0,43256,3278.0,1,3277.4,1,nan,0,nan,0,nan,0,nan,0,nan,0,nan,0,nan,0,nan,0
1597988377616436992,1597988377500000000,2020-08-21 13:39:37.500000,3278.0,3300.0,3265.6,3282.0,nan,3281.3,27234,26808976440.0,43256,3278.0,1,3277.4,2,nan,0,nan,0,nan,0,nan,0,nan,0,nan,0,nan,0,nan,0
1597988378121319936,1597988378000000000,2020-08-21 13:39:38.000000,3278.0,3300.0,3265.6,3282.0,nan,3281.3,27235,26809959840.0,43257,3278.2,2,3277.4,2,nan,0,nan,0,nan,0,nan,0,nan,0,nan,0,nan,0,nan,0
1597988379631290880,1597988379500000000,2020-08-21 13:39:39.500000,3278.0,3300.0,3265.6,3282.0,nan,3281.3,27235,26809959840.0,43257,3278.2,2,3277.4,2,nan,0,nan,0,nan,0,nan,0,nan,0,nan,0,nan,0,nan,0
1597988380136589056,1597988380000000000,2020-08-21 13:39:40.000000,3278.0,3300.0,3265.6,3282.0,nan,3281.3,27235,26809959840.0,43257,3278.2,2,3277.6,1,nan,0,nan,0,nan,0,nan,0,nan,0,nan,0,nan,0,nan,0
1597988380652491008,1597988380500000000,2020-08-21 13:39:40.500000,3278.0,3300.0,3265.6,3282.0,nan,3281.3,27235,26809959840.0,43257,3278.0,2,3277.6,2,nan,0,nan,0,nan,0,nan,0,nan,0,nan,0,nan,0,nan,0
1597988381154525952,1597988381000000000,2020-08-21 13:39:41.000000,3278.0,3300.0,3265.6,3282.0,nan,3281.3,27235,26809959840.0,43257,3278.2,2,3277.6,2,nan,0,nan,0,nan,0,nan,0,nan,0,nan,0,nan,0,nan,0
1597988381630619904,1597988381500000000,2020-08-21 13:39:41.500000,3278.0,3300.0,3265.6,3282.0,nan,3281.3,27235,26809959840.0,43257,3278.2,2,3277.6,2,nan,0,nan,0,nan,0,nan,0,nan,0,nan,0,nan,0,nan,0
1597988382142586112,1597988382000000000,2020-08-21 13:39:42.000000,3278.0,3300.0,3265.6,3282.0,nan,3281.3,27235,26809959840.0,43257,3278.2,2,3277.6,1,nan,0,nan,0,nan,0,nan,0,nan,0,nan,0,nan,0,nan,0
1597988382616769024,1597988382500000000,2020-08-21 13:39:42.500000,3278.0,3300.0,3265.6,3282.0,nan,3281.3,27235,26809959840.0,43257,3278.0,2,3277.6,2,nan,0,nan,0,nan,0,nan,0,nan,0,nan,0,nan,0,nan,0
1597988383121750016,1597988383000000000,2020-08-21 13:39:43.000000,3278.0,3300.0,3265.6,3282.0,nan,3281.3,27235,26809959840.0,43257,3278.0,2,3277.8,1,nan,0,nan,0,nan,0,nan,0,nan,0,nan,0,nan,0,nan,0
1597988383630025984,1597988383500000000,2020-08-21 13:39:43.500000,3278.0,3300.0,3265.6,3282.0,nan,3281.3,27236,26810943240.0,43257,3278.0,1,3277.8,2,nan,0,nan,0,nan,0,nan,0,nan,0,nan,0,nan,0,nan,0
1597988384133596928,1597988384000000000,2020-08-21 13:39:44.000000,3278.0,3300.0,3265.6,3282.0,nan,3281.3,27237,26811926640.0,43258,3278.2,2,3277.8,2,nan,0,nan,0,nan,0,nan,0,nan,0,nan,0,nan,0,nan,0
1597988385130937088,1597988385000000000,2020-08-21 13:39:45.000000,3278.0,3300.0,3265.6,3282.0,nan,3281.3,27237,26811926640.0,43258,3278.0,1,3277.8,3,nan,0,nan,0,nan,0,nan,0,nan,0,nan,0,nan,0,nan,0
1597988385624166912,1597988385500000000,2020-08-21 13:39:45.500000,3277.8,3300.0,3265.6,3282.0,nan,3281.3,27239,26813893320.0,43259,3278.0,1,3277.8,1,nan,0,nan,0,nan,0,nan,0,nan,0,nan,0,nan,0,nan,0
1597988386117932032,1597988386000000000,2020-08-21 13:39:46.000000,3277.8,3300.0,3265.6,3282.0,nan,3281.3,27239,26813893320.0,43259,3278.0,1,3277.8,1,nan,0,nan,0,nan,0,nan,0,nan,0,nan,0,nan,0,nan,0
1597988386626799104,1597988386500000000,2020-08-21 13:39:46.500000,3277.8,3300.0,3265.6,3282.0,nan,3281.3,27239,26813893320.0,43259,3278.0,2,3277.8,1,nan,0,nan,0,nan,0,nan,0,nan,0,nan,0,nan,0,nan,0
1597988387144424960,1597988387000000000,2020-08-21 13:39:47.000000,3277.8,3300.0,3265.6,3282.0,nan,3281.3,27239,26813893320.0,43259,3278.0,2,3277.8,1,nan,0,nan,0,nan,0,nan,0,nan,0,nan,0,nan,0,nan,0
1597988387638300928,1597988387500000000,2020-08-21 13:39:47.500000,3277.8,3300.0,3265.6,3282.0,nan,3281.3,27239,26813893320.0,43259,3278.0,4,3277.8,1,nan,0,nan,0,nan,0,nan,0,nan,0,nan,0,nan,0,nan,0
1597988388144499968,1597988388000000000,2020-08-21 13:39:48.000000,3277.8,3300.0,3265.6,3282.0,nan,3281.3,27239,26813893320.0,43259,3278.0,4,3277.8,1,nan,0,nan,0,nan,0,nan,0,nan,0,nan,0,nan,0,nan,0
1597988389130950912,1597988389000000000,2020-08-21 13:39:49.000000,3277.0,3300.0,3265.6,3282.0,nan,3281.3,27251,26825691420.0,43252,3278.0,4,3277.0,2,nan,0,nan,0,nan,0,nan,0,nan,0,nan,0,nan,0,nan,0
1597988389625964032,1597988389500000000,2020-08-21 13:39:49.500000,3277.0,3300.0,3265.6,3282.0,nan,3281.3,27251,26825691420.0,43252,3278.0,5,3277.2,2,nan,0,nan,0,nan,0,nan,0,nan,0,nan,0,nan,0,nan,0
1597988390160827904,1597988390000000000,2020-08-21 13:39:50.000000,3277.0,3300.0,3265.6,3282.0,nan,3281.3,27251,26825691420.0,43252,3277.8,1,3277.2,2,nan,0,nan,0,nan,0,nan,0,nan,0,nan,0,nan,0,nan,0
1597988390616087040,1597988390500000000,2020-08-21 13:39:50.500000,3277.0,3300.0,3265.6,3282.0,nan,3281.3,27251,26825691420.0,43252,3277.8,1,3277.2,2,nan,0,nan,0,nan,0,nan,0,nan,0,nan,0,nan,0,nan,0
1597988391128176896,1597988391000000000,2020-08-21 13:39:51.000000,3277.0,3300.0,3265.6,3282.0,nan,3281.3,27251,26825691420.0,43252,3277.8,1,3277.4,1,nan,0,nan,0,nan,0,nan,0,nan,0,nan,0,nan,0,nan,0
1597988391626368000,1597988391500000000,2020-08-21 13:39:51.500000,3277.0,3300.0,3265.6,3282.0,nan,3281.3,27251,26825691420.0,43252,3277.8,1,3277.4,1,nan,0,nan,0,nan,0,nan,0,nan,0,nan,0,nan,0,nan,0
1597988392124004096,1597988392000000000,2020-08-21 13:39:52.000000,3277.0,3300.0,3265.6,3282.0,nan,3281.3,27251,26825691420.0,43252,3277.8,1,3277.4,1,nan,0,nan,0,nan,0,nan,0,nan,0,nan,0,nan,0,nan,0
1597988394152954880,1597988394000000000,2020-08-21 13:39:54.000000,3277.4,3300.0,3265.6,3282.0,nan,3281.3,27252,26826674640.0,43252,3277.8,1,3277.2,2,nan,0,nan,0,nan,0,nan,0,nan,0,nan,0,nan,0,nan,0
1597988394642905088,1597988394500000000,2020-08-21 13:39:54.500000,3277.4,3300.0,3265.6,3282.0,nan,3281.3,27252,26826674640.0,43252,3277.8,1,3277.4,1,nan,0,nan,0,nan,0,nan,0,nan,0,nan,0,nan,0,nan,0
1597988395128161024,1597988395000000000,2020-08-21 13:39:55.000000,3277.4,3300.0,3265.6,3282.0,nan,3281.3,27252,26826674640.0,43252,3277.6,1,3277.4,1,nan,0,nan,0,nan,0,nan,0,nan,0,nan,0,nan,0,nan,0
1597988395625640960,1597988395500000000,2020-08-21 13:39:55.500000,3277.4,3300.0,3265.6,3282.0,nan,3281.3,27253,26827657860.0,43251,3277.4,1,3277.2,1,nan,0,nan,0,nan,0,nan,0,nan,0,nan,0,nan,0,nan,0
1597988396146540032,1597988396000000000,2020-08-21 13:39:56.000000,3277.4,3300.0,3265.6,3282.0,nan,3281.3,27253,26827657860.0,43251,3277.4,1,3277.2,1,nan,0,nan,0,nan,0,nan,0,nan,0,nan,0,nan,0,nan,0
1597988396635994112,1597988396500000000,2020-08-21 13:39:56.500000,3277.4,3300.0,3265.6,3282.0,nan,3281.3,27253,26827657860.0,43251,3277.4,1,3277.0,2,nan,0,nan,0,nan,0,nan,0,nan,0,nan,0,nan,0,nan,0
1597988397645352960,1597988397500000000,2020-08-21 13:39:57.500000,3277.4,3300.0,3265.6,3282.0,nan,3281.3,27253,26827657860.0,43251,3277.2,1,3277.0,3,nan,0,nan,0,nan,0,nan,0,nan,0,nan,0,nan,0,nan,0
1597988398132685056,1597988398000000000,2020-08-21 13:39:58.000000,3277.4,3300.0,3265.6,3282.0,nan,3281.3,27253,26827657860.0,43251,3277.2,1,3277.0,3,nan,0,nan,0,nan,0,nan,0,nan,0,nan,0,nan,0,nan,0
1597988398637273088,1597988398500000000,2020-08-21 13:39:58.500000,3277.4,3300.0,3265.6,3282.0,nan,3281.3,27254,26828641080.0,43252,3277.4,1,3277.0,4,nan,0,nan,0,nan,0,nan,0,nan,0,nan,0,nan,0,nan,0
1597988400631251968,1597988400500000000,2020-08-21 13:40:00.500000,3277.0,3300.0,3265.6,3282.0,nan,3281.3,27258,26832573600.0,43255,3277.2,1,3277.0,1,nan,0,nan,0,nan,0,nan,0,nan,0,nan,0,nan,0,nan,0
1597988401121060096,1597988401000000000,2020-08-21 13:40:01.000000,3277.0,3300.0,3265.6,3282.0,nan,3281.3,27259,26833556700.0,43256,3277.2,1,3276.8,1,nan,0,nan,0,nan,0,nan,0,nan,0,nan,0,nan,0,nan,0
1597988401626821888,1597988401500000000,2020-08-21 13:40:01.500000,3275.4,3300.0,3265.6,3282.0,nan,3281.3,27272,26846333640.0,43253,3276.8,1,3276.2,10,nan,0,nan,0,nan,0,nan,0,nan,0,nan,0,nan,0,nan,0
1597988402149473024,1597988402000000000,2020-08-21 13:40:02.000000,3276.2,3300.0,3265.6,3282.0,nan,3281.3,27284,26858128860.0,43255,3277.2,1,3276.2,16,nan,0,nan,0,nan,0,nan,0,nan,0,nan,0,nan,0,nan,0
1597988402627746048,1597988402500000000,2020-08-21 13:40:02.500000,3276.2,3300.0,3265.6,3282.0,nan,3281.3,27287,26861077440.0,43257,3277.0,1,3276.2,10,nan,0,nan,0,nan,0,nan,0,nan,0,nan,0,nan,0,nan,0
1597988403137946880,1597988403000000000,2020-08-21 13:40:03.000000,3276.2,3300.0,3265.6,3282.0,nan,3281.3,27287,26861077440.0,43257,3277.0,3,3276.2,12,nan,0,nan,0,nan,0,nan,0,nan,0,nan,0,nan,0,nan,0
1597988403624423936,1597988403500000000,2020-08-21 13:40:03.500000,3276.2,3300.0,3265.6,3282.0,nan,3281.3,27287,26861077440.0,43257,3277.0,2,3276.2,10,nan,0,nan,0,nan,0,nan,0,nan,0,nan,0,nan,0,nan,0
1597988404023753984,1597988404000000000,2020-08-21 13:40:04.000000,3276.2,3300.0,3265.6,3282.0,nan,3281.3,27288,26862060300.0,43258,3277.0,2,3276.2,13,nan,0,nan,0,nan,0,nan,0,nan,0,nan,0,nan,0,nan,0
1597988404537112064,1597988404500000000,2020-08-21 13:40:04.500000,3276.2,3300.0,3265.6,3282.0,nan,3281.3,27288,26862060300.0,43258,3277.0,4,3276.2,12,nan,0,nan,0,nan,0,nan,0,nan,0,nan,0,nan,0,nan,0
1597988405530021120,1597988405500000000,2020-08-21 13:40:05.500000,3276.2,3300.0,3265.6,3282.0,nan,3281.3,27289,26863043160.0,43258,3277.0,4,3276.2,11,nan,0,nan,0,nan,0,nan,0,nan,0,nan,0,nan,0,nan,0
1597988406023815936,1597988406000000000,2020-08-21 13:40:06.000000,3276.2,3300.0,3265.6,3282.0,nan,3281.3,27290,26864026020.0,43259,3276.8,2,3276.4,1,nan,0,nan,0,nan,0,nan,0,nan,0,nan,0,nan,0,nan,0
1597988406536200960,1597988406500000000,2020-08-21 13:40:06.500000,3276.4,3300.0,3265.6,3282.0,nan,3281.3,27291,26865008940.0,43259,3276.4,2,3276.2,7,nan,0,nan,0,nan,0,nan,0,nan,0,nan,0,nan,0,nan,0
1597988407039383040,1597988407000000000,2020-08-21 13:40:07.000000,3276.0,3300.0,3265.6,3282.0,nan,3281.3,27300,26873854680.0,43262,3276.2,5,3275.8,1,nan,0,nan,0,nan,0,nan,0,nan,0,nan,0,nan,0,nan,0
1597988407545107968,1597988407500000000,2020-08-21 13:40:07.500000,3275.8,3300.0,3265.6,3282.0,nan,3281.3,27301,26874837420.0,43261,3275.8,1,3275.6,1,nan,0,nan,0,nan,0,nan,0,nan,0,nan,0,nan,0,nan,0
1597988408088544000,1597988408000000000,2020-08-21 13:40:08.000000,3275.6,3300.0,3265.6,3282.0,nan,3281.3,27303,26876802840.0,43259,3276.2,5,3275.2,3,nan,0,nan,0,nan,0,nan,0,nan,0,nan,0,nan,0,nan,0
1597988408544679936,1597988408500000000,2020-08-21 13:40:08.500000,3275.6,3300.0,3265.6,3282.0,nan,3281.3,27303,26876802840.0,43259,3275.6,2,3275.2,3,nan,0,nan,0,nan,0,nan,0,nan,0,nan,0,nan,0,nan,0
1597988409077890048,1597988409000000000,2020-08-21 13:40:09.000000,3275.2,3300.0,3265.6,3282.0,nan,3281.3,27304,26877785400.0,43259,3275.6,2,3275.2,2,nan,0,nan,0,nan,0,nan,0,nan,0,nan,0,nan,0,nan,0
1597988409547741952,1597988409500000000,2020-08-21 13:40:09.500000,3275.2,3300.0,3265.6,3282.0,nan,3281.3,27304,26877785400.0,43259,3275.6,2,3275.2,5,nan,0,nan,0,nan,0,nan,0,nan,0,nan,0,nan,0,nan,0
1597988410043368960,1597988410000000000,2020-08-21 13:40:10.000000,3275.2,3300.0,3265.6,3282.0,nan,3281.3,27305,26878767960.0,43259,3275.6,2,3275.2,5,nan,0,nan,0,nan,0,nan,0,nan,0,nan,0,nan,0,nan,0
1597988410546290944,1597988410500000000,2020-08-21 13:40:10.500000,3275.6,3300.0,3265.6,3282.0,nan,3281.3,27306,26879750640.0,43259,3275.6,1,3275.2,5,nan,0,nan,0,nan,0,nan,0,nan,0,nan,0,nan,0,nan,0
1597988411041511936,1597988411000000000,2020-08-21 13:40:11.000000,3275.6,3300.0,3265.6,3282.0,nan,3281.3,27306,26879750640.0,43259,3275.6,1,3275.4,1,nan,0,nan,0,nan,0,nan,0,nan,0,nan,0,nan,0,nan,0
1597988411542373888,1597988411500000000,2020-08-21 13:40:11.500000,3275.2,3300.0,3265.6,3282.0,nan,3281.3,27308,26881715820.0,43261,3275.6,1,3275.2,4,nan,0,nan,0,nan,0,nan,0,nan,0,nan,0,nan,0,nan,0
1597988412044606976,1597988412000000000,2020-08-21 13:40:12.000000,3275.2,3300.0,3265.6,3282.0,nan,3281.3,27308,26881715820.0,43261,3275.6,1,3275.2,4,nan,0,nan,0,nan,0,nan,0,nan,0,nan,0,nan,0,nan,0
1597988412539208960,1597988412500000000,2020-08-21 13:40:12.500000,3275.6,3300.0,3265.6,3282.0,nan,3281.3,27310,26883681180.0,43263,3275.4,2,3275.2,4,nan,0,nan,0,nan,0,nan,0,nan,0,nan,0,nan,0,nan,0
1597988413054057984,1597988413000000000,2020-08-21 13:40:13.000000,3275.4,3300.0,3265.6,3282.0,nan,3281.3,27313,26886629040.0,43266,3276.0,1,3275.6,2,nan,0,nan,0,nan,0,nan,0,nan,0,nan,0,nan,0,nan,0
1597988413544088064,1597988413500000000,2020-08-21 13:40:13.500000,3275.4,3300.0,3265.6,3282.0,nan,3281.3,27315,26888594280.0,43267,3276.0,1,3275.4,3,nan,0,nan,0,nan,0,nan,0,nan,0,nan,0,nan,0,nan,0
1597988414094810112,1597988414000000000,2020-08-21 13:40:14.000000,3275.4,3300.0,3265.6,3282.0,nan,3281.3,27315,26888594280.0,43267,3276.0,2,3275.4,3,nan,0,nan,0,nan,0,nan,0,nan,0,nan,0,nan,0,nan,0
1597988414541123072,1597988414500000000,2020-08-21 13:40:14.500000,3275.4,3300.0,3265.6,3282.0,nan,3281.3,27315,26888594280.0,43267,3276.0,2,3275.4,3,nan,0,nan,0,nan,0,nan,0,nan,0,nan,0,nan,0,nan,0
1597988415041286912,1597988415000000000,2020-08-21 13:40:15.000000,3275.4,3300.0,3265.6,3282.0,nan,3281.3,27317,26890559640.0,43269,3275.8,3,3275.4,2,nan,0,nan,0,nan,0,nan,0,nan,0,nan,0,nan,0,nan,0
1597988415541459968,1597988415500000000,2020-08-21 13:40:15.500000,3275.4,3300.0,3265.6,3282.0,nan,3281.3,27321,26894490060.0,43271,3275.4,1,3275.2,2,nan,0,nan,0,nan,0,nan,0,nan,0,nan,0,nan,0,nan,0
1597988416056112896,1597988416000000000,2020-08-21 13:40:16.000000,3275.2,3300.0,3265.6,3282.0,nan,3281.3,27324,26897437740.0,43273,3275.2,1,3275.0,12,nan,0,nan,0,nan,0,nan,0,nan,0,nan,0,nan,0,nan,0
1597988416561593088,1597988416500000000,2020-08-21 13:40:16.500000,3275.2,3300.0,3265.6,3282.0,nan,3281.3,27333,26906280300.0,43275,3275.2,4,3275.0,6,nan,0,nan,0,nan,0,nan,0,nan,0,nan,0,nan,0,nan,0
1597988417078945024,1597988417000000000,2020-08-21 13:40:17.000000,3274.6,3300.0,3265.6,3282.0,nan,3281.3,27343,26916104940.0,43284,3275.0,3,3274.4,4,nan,0,nan,0,nan,0,nan,0,nan,0,nan,0,nan,0,nan,0
1597988417557086976,1597988417500000000,2020-08-21 13:40:17.500000,3275.2,3300.0,3265.6,3282.0,nan,3281.3,27356,26928876060.0,43284,3275.2,3,3274.6,1,nan,0,nan,0,nan,0,nan,0,nan,0,nan,0,nan,0,nan,0
1597988418076472064,1597988418000000000,2020-08-21 13:40:18.000000,3274.6,3300.0,3265.6,3282.0,nan,3281.3,27357,26929858440.0,43284,3274.8,2,3274.0,7,nan,0,nan,0,nan,0,nan,0,nan,0,nan,0,nan,0,nan,0
1597988418552955904,1597988418500000000,2020-08-21 13:40:18.500000,3274.8,3300.0,3265.6,3282.0,nan,3281.3,27358,26930840880.0,43283,3274.8,1,3274.6,2,nan,0,nan,0,nan,0,nan,0,nan,0,nan,0,nan,0,nan,0
1597988419048728064,1597988419000000000,2020-08-21 13:40:19.000000,3274.6,3300.0,3265.6,3282.0,nan,3281.3,27359,26931823260.0,43284,3274.6,4,3274.0,8,nan,0,nan,0,nan,0,nan,0,nan,0,nan,0,nan,0,nan,0
1597988419547113984,1597988419500000000,2020-08-21 13:40:19.500000,3274.2,3300.0,3265.6,3282.0,nan,3281.3,27360,26932805520.0,43285,3274.4,1,3274.0,8,nan,0,nan,0,nan,0,nan,0,nan,0,nan,0,nan,0,nan,0
1597988420080576000,1597988420000000000,2020-08-21 13:40:20.000000,3274.0,3300.0,3265.6,3282.0,nan,3281.3,27364,26936734740.0,43284,3274.6,2,3274.4,1,nan,0,nan,0,nan,0,nan,0,nan,0,nan,0,nan,0,nan,0
1597988420559993088,1597988420500000000,2020-08-21 13:40:20.500000,3274.0,3300.0,3265.6,3282.0,nan,3281.3,27367,26939681460.0,43285,3274.4,7,3274.0,4,nan,0,nan,0,nan,0,nan,0,nan,0,nan,0,nan,0,nan,0
1597988421078644992,1597988421000000000,2020-08-21 13:40:21.000000,3274.0,3300.0,3265.6,3282.0,nan,3281.3,27369,26941645980.0,43285,3274.4,5,3274.0,3,nan,0,nan,0,nan,0,nan,0,nan,0,nan,0,nan,0,nan,0
1597988421564009984,1597988421500000000,2020-08-21 13:40:21.500000,3274.0,3300.0,3265.6,3282.0,nan,3281.3,27369,26941645980.0,43285,3274.4,5,3274.0,3,nan,0,nan,0,nan,0,nan,0,nan,0,nan,0,nan,0,nan,0
1597988422053804032,1597988422000000000,2020-08-21 13:40:22.000000,3274.0,3300.0,3265.6,3282.0,nan,3281.3,27376,26948522040.0,43288,3274.6,2,3274.4,1,nan,0,nan,0,nan,0,nan,0,nan,0,nan,0,nan,0,nan,0
1597988422555855872,1597988422500000000,2020-08-21 13:40:22.500000,3274.6,3300.0,3265.6,3282.0,nan,3281.3,27378,26950486740.0,43289,3274.6,1,3274.2,3,nan,0,nan,0,nan,0,nan,0,nan,0,nan,0,nan,0,nan,0
1597988423076790016,1597988423000000000,2020-08-21 13:40:23.000000,3274.2,3300.0,3265.6,3282.0,nan,3281.3,27380,26952451380.0,43291,3274.4,1,3274.2,2,nan,0,nan,0,nan,0,nan,0,nan,0,nan,0,nan,0,nan,0
1597988423541842944,1597988423500000000,2020-08-21 13:40:23.500000,3274.4,3300.0,3265.6,3282.0,nan,3281.3,27381,26953433700.0,43292,3274.8,1,3274.2,2,nan,0,nan,0,nan,0,nan,0,nan,0,nan,0,nan,0,nan,0
1597988424119737088,1597988424000000000,2020-08-21 13:40:24.000000,3274.8,3300.0,3265.6,3282.0,nan,3281.3,27382,26954416140.0,43292,3274.6,1,3274.4,1,nan,0,nan,0,nan,0,nan,0,nan,0,nan,0,nan,0,nan,0
1597988424544353024,1597988424500000000,2020-08-21 13:40:24.500000,3274.6,3300.0,3265.6,3282.0,nan,3281.3,27384,26956380900.0,43294,3275.0,1,3274.4,1,nan,0,nan,0,nan,0,nan,0,nan,0,nan,0,nan,0,nan,0
1597988425050386944,1597988425000000000,2020-08-21 13:40:25.000000,3274.4,3300.0,3265.6,3282.0,nan,3281.3,27386,26958345600.0,43293,3274.8,2,3274.2,2,nan,0,nan,0,nan,0,nan,0,nan,0,nan,0,nan,0,nan,0
1597988425558503936,1597988425500000000,2020-08-21 13:40:25.500000,3274.4,3300.0,3265.6,3282.0,nan,3281.3,27386,26958345600.0,43293,3274.6,1,3274.4,1,nan,0,nan,0,nan,0,nan,0,nan,0,nan,0,nan,0,nan,0
1597988426111048960,1597988426000000000,2020-08-21 13:40:26.000000,3274.6,3300.0,3265.6,3282.0,nan,3281.3,27388,26960310360.0,43294,3275.0,1,3274.4,1,nan,0,nan,0,nan,0,nan,0,nan,0,nan,0,nan,0,nan,0
1597988426546298112,1597988426500000000,2020-08-21 13:40:26.500000,3274.4,3300.0,3265.6,3282.0,nan,3281.3,27389,26961292680.0,43294,3274.8,1,3274.4,2,nan,0,nan,0,nan,0,nan,0,nan,0,nan,0,nan,0,nan,0
1597988427040233984,1597988427000000000,2020-08-21 13:40:27.000000,3274.4,3300.0,3265.6,3282.0,nan,3281.3,27390,26962275000.0,43295,3274.6,1,3274.4,1,nan,0,nan,0,nan,0,nan,0,nan,0,nan,0,nan,0,nan,0
1597988427540698880,1597988427500000000,2020-08-21 13:40:27.500000,3274.6,3300.0,3265.6,3282.0,nan,3281.3,27391,26963257380.0,43296,3275.0,1,3274.4,1,nan,0,nan,0,nan,0,nan,0,nan,0,nan,0,nan,0,nan,0
1597988428039168000,1597988428000000000,2020-08-21 13:40:28.000000,3274.4,3300.0,3265.6,3282.0,nan,3281.3,27392,26964239700.0,43296,3274.8,1,3274.4,1,nan,0,nan,0,nan,0,nan,0,nan,0,nan,0,nan,0,nan,0
1597988428557766912,1597988428500000000,2020-08-21 13:40:28.500000,3274.4,3300.0,3265.6,3282.0,nan,3281.3,27393,26965222020.0,43296,3274.6,2,3274.2,2,nan,0,nan,0,nan,0,nan,0,nan,0,nan,0,nan,0,nan,0
1597988429077302016,1597988429000000000,2020-08-21 13:40:29.000000,3274.6,3300.0,3265.6,3282.0,nan,3281.3,27395,26967186780.0,43298,3275.0,1,3274.6,1,nan,0,nan,0,nan,0,nan,0,nan,0,nan,0,nan,0,nan,0
1597988429547120896,1597988429500000000,2020-08-21 13:40:29.500000,3274.6,3300.0,3265.6,3282.0,nan,3281.3,27396,26968169160.0,43298,3275.0,1,3274.4,1,nan,0,nan,0,nan,0,nan,0,nan,0,nan,0,nan,0,nan,0
1597988430041605120,1597988430000000000,2020-08-21 13:40:30.000000,3274.6,3300.0,3265.6,3282.0,nan,3281.3,27396,26968169160.0,43298,3275.0,1,3274.8,1,nan,0,nan,0,nan,0,nan,0,nan,0,nan,0,nan,0,nan,0
1597988430542356992,1597988430500000000,2020-08-21 13:40:30.500000,3274.6,3300.0,3265.6,3282.0,nan,3281.3,27396,26968169160.0,43298,3275.0,1,3274.8,1,nan,0,nan,0,nan,0,nan,0,nan,0,nan,0,nan,0,nan,0
1597988431043116032,1597988431000000000,2020-08-21 13:40:31.000000,3274.4,3300.0,3265.6,3282.0,nan,3281.3,27399,26971116420.0,43299,3275.2,1,3274.2,2,nan,0,nan,0,nan,0,nan,0,nan,0,nan,0,nan,0,nan,0
1597988431558074880,1597988431500000000,2020-08-21 13:40:31.500000,3274.4,3300.0,3265.6,3282.0,nan,3281.3,27400,26972098740.0,43300,3275.2,1,3274.2,2,nan,0,nan,0,nan,0,nan,0,nan,0,nan,0,nan,0,nan,0
1597988432076530944,1597988432000000000,2020-08-21 13:40:32.000000,3274.4,3300.0,3265.6,3282.0,nan,3281.3,27400,26972098740.0,43300,3275.0,6,3274.4,1,nan,0,nan,0,nan,0,nan,0,nan,0,nan,0,nan,0,nan,0
1597988432548781056,1597988432500000000,2020-08-21 13:40:32.500000,3274.4,3300.0,3265.6,3282.0,nan,3281.3,27400,26972098740.0,43300,3275.0,3,3274.6,1,nan,0,nan,0,nan,0,nan,0,nan,0,nan,0,nan,0,nan,0
1597988433086170112,1597988433000000000,2020-08-21 13:40:33.000000,3275.2,3300.0,3265.6,3282.0,nan,3281.3,27405,26977011360.0,43301,3275.4,1,3274.8,2,nan,0,nan,0,nan,0,nan,0,nan,0,nan,0,nan,0,nan,0
1597988433558821888,1597988433500000000,2020-08-21 13:40:33.500000,3275.4,3300.0,3265.6,3282.0,nan,3281.3,27406,26977993980.0,43301,3275.6,1,3275.4,2,nan,0,nan,0,nan,0,nan,0,nan,0,nan,0,nan,0,nan,0
1597988434055664896,1597988434000000000,2020-08-21 13:40:34.000000,3275.4,3300.0,3265.6,3282.0,nan,3281.3,27410,26981924640.0,43305,3275.8,1,3275.4,1,nan,0,nan,0,nan,0,nan,0,nan,0,nan,0,nan,0,nan,0
1597988434566612992,1597988434500000000,2020-08-21 13:40:34.500000,3275.8,3300.0,3265.6,3282.0,nan,3281.3,27411,26982907380.0,43304,3275.6,1,3275.4,1,nan,0,nan,0,nan,0,nan,0,nan,0,nan,0,nan,0,nan,0
1597988435076108032,1597988435000000000,2020-08-21 13:40:35.000000,3275.6,3300.0,3265.6,3282.0,nan,3281.3,27413,26984872740.0,43305,3276.0,1,3275.6,5,nan,0,nan,0,nan,0,nan,0,nan,0,nan,0,nan,0,nan,0
1597988435551994880,1597988435500000000,2020-08-21 13:40:35.500000,3275.6,3300.0,3265.6,3282.0,nan,3281.3,27415,26986838220.0,43306,3276.2,6,3275.6,1,nan,0,nan,0,nan,0,nan,0,nan,0,nan,0,nan,0,nan,0
1597988436098526976,1597988436000000000,2020-08-21 13:40:36.000000,3276.2,3300.0,3265.6,3282.0,nan,3281.3,27422,26993718240.0,43304,3276.4,1,3275.6,1,nan,0,nan,0,nan,0,nan,0,nan,0,nan,0,nan,0,nan,0
1597988436566916096,1597988436500000000,2020-08-21 13:40:36.500000,3276.4,3300.0,3265.6,3282.0,nan,3281.3,27423,26994701160.0,43305,3276.8,1,3276.4,1,nan,0,nan,0,nan,0,nan,0,nan,0,nan,0,nan,0,nan,0
1597988437072386048,1597988437000000000,2020-08-21 13:40:37.000000,3276.4,3300.0,3265.6,3282.0,nan,3281.3,27423,26994701160.0,43305,3276.6,1,3276.4,1,nan,0,nan,0,nan,0,nan,0,nan,0,nan,0,nan,0,nan,0
1597988437560463872,1597988437500000000,2020-08-21 13:40:37.500000,3276.4,3300.0,3265.6,3282.0,nan,3281.3,27425,26996667060.0,43307,3276.8,1,3276.0,1,nan,0,nan,0,nan,0,nan,0,nan,0,nan,0,nan,0,nan,0
1597988438081280000,1597988438000000000,2020-08-21 13:40:38.000000,3276.4,3300.0,3265.6,3282.0,nan,3281.3,27425,26996667060.0,43307,3276.4,2,3276.2,1,nan,0,nan,0,nan,0,nan,0,nan,0,nan,0,nan,0,nan,0
1597988438565838080,1597988438500000000,2020-08-21 13:40:38.500000,3276.4,3300.0,3265.6,3282.0,nan,3281.3,27427,26998632900.0,43308,3276.8,1,3276.6,4,nan,0,nan,0,nan,0,nan,0,nan,0,nan,0,nan,0,nan,0
1597988439071496960,1597988439000000000,2020-08-21 13:40:39.000000,3277.0,3300.0,3265.6,3282.0,nan,3281.3,27429,27000599040.0,43308,3277.0,5,3276.8,3,nan,0,nan,0,nan,0,nan,0,nan,0,nan,0,nan,0,nan,0
1597988439564290048,1597988439500000000,2020-08-21 13:40:39.500000,3277.0,3300.0,3265.6,3282.0,nan,3281.3,27434,27005514540.0,43312,3277.8,1,3277.2,2,nan,0,nan,0,nan,0,nan,0,nan,0,nan,0,nan,0,nan,0
1597988440065773056,1597988440000000000,2020-08-21 13:40:40.000000,3277.0,3300.0,3265.6,3282.0,nan,3281.3,27434,27005514540.0,43312,3277.6,5,3276.6,2,nan,0,nan,0,nan,0,nan,0,nan,0,nan,0,nan,0,nan,0
1597988440576015872,1597988440500000000,2020-08-21 13:40:40.500000,3276.6,3300.0,3265.6,3282.0,nan,3281.3,27436,27007480560.0,43311,3277.2,1,3276.6,1,nan,0,nan,0,nan,0,nan,0,nan,0,nan,0,nan,0,nan,0
1597988441072496896,1597988441000000000,2020-08-21 13:40:41.000000,3277.2,3300.0,3265.6,3282.0,nan,3281.3,27437,27008463720.0,43312,3277.4,3,3276.6,1,nan,0,nan,0,nan,0,nan,0,nan,0,nan,0,nan,0,nan,0
1597988441565924096,1597988441500000000,2020-08-21 13:40:41.500000,3277.2,3300.0,3265.6,3282.0,nan,3281.3,27437,27008463720.0,43312,3277.2,1,3276.6,2,nan,0,nan,0,nan,0,nan,0,nan,0,nan,0,nan,0,nan,0
1597988442075187968,1597988442000000000,2020-08-21 13:40:42.000000,3277.2,3300.0,3265.6,3282.0,nan,3281.3,27437,27008463720.0,43312,3277.2,3,3276.6,2,nan,0,nan,0,nan,0,nan,0,nan,0,nan,0,nan,0,nan,0
1597988442563636992,1597988442500000000,2020-08-21 13:40:42.500000,3277.2,3300.0,3265.6,3282.0,nan,3281.3,27438,27009446880.0,43313,3277.0,4,3276.6,2,nan,0,nan,0,nan,0,nan,0,nan,0,nan,0,nan,0,nan,0
1597988443082729984,1597988443000000000,2020-08-21 13:40:43.000000,3277.2,3300.0,3265.6,3282.0,nan,3281.3,27438,27009446880.0,43313,3277.0,4,3276.8,1,nan,0,nan,0,nan,0,nan,0,nan,0,nan,0,nan,0,nan,0
1597988443551216896,1597988443500000000,2020-08-21 13:40:43.500000,3277.2,3300.0,3265.6,3282.0,nan,3281.3,27438,27009446880.0,43313,3277.0,3,3276.8,1,nan,0,nan,0,nan,0,nan,0,nan,0,nan,0,nan,0,nan,0
1597988444087089920,1597988444000000000,2020-08-21 13:40:44.000000,3277.0,3300.0,3265.6,3282.0,nan,3281.3,27441,27012396180.0,43316,3277.4,2,3277.2,2,nan,0,nan,0,nan,0,nan,0,nan,0,nan,0,nan,0,nan,0
1597988444560901888,1597988444500000000,2020-08-21 13:40:44.500000,3277.6,3300.0,3265.6,3282.0,nan,3281.3,27444,27015345900.0,43317,3277.4,2,3277.0,1,nan,0,nan,0,nan,0,nan,0,nan,0,nan,0,nan,0,nan,0
1597988445059684096,1597988445000000000,2020-08-21 13:40:45.000000,3278.0,3300.0,3265.6,3282.0,nan,3281.3,27452,27023212800.0,43316,3278.0,1,3277.0,2,nan,0,nan,0,nan,0,nan,0,nan,0,nan,0,nan,0,nan,0
1597988445574744064,1597988445500000000,2020-08-21 13:40:45.500000,3278.0,3300.0,3265.6,3282.0,nan,3281.3,27452,27023212800.0,43316,3277.8,1,3277.2,2,nan,0,nan,0,nan,0,nan,0,nan,0,nan,0,nan,0,nan,0
1597988446082959104,1597988446000000000,2020-08-21 13:40:46.000000,3277.4,3300.0,3265.6,3282.0,nan,3281.3,27453,27024196020.0,43317,3277.4,1,3277.2,2,nan,0,nan,0,nan,0,nan,0,nan,0,nan,0,nan,0,nan,0
1597988446557647872,1597988446500000000,2020-08-21 13:40:46.500000,3277.4,3300.0,3265.6,3282.0,nan,3281.3,27454,27025179240.0,43318,3277.8,1,3277.6,1,nan,0,nan,0,nan,0,nan,0,nan,0,nan,0,nan,0,nan,0
1597988447076413952,1597988447000000000,2020-08-21 13:40:47.000000,3277.6,3300.0,3265.6,3282.0,nan,3281.3,27455,27026162520.0,43318,3277.6,4,3277.4,2,nan,0,nan,0,nan,0,nan,0,nan,0,nan,0,nan,0,nan,0
1597988447568110080,1597988447500000000,2020-08-21 13:40:47.500000,3277.4,3300.0,3265.6,3282.0,nan,3281.3,27459,27030095580.0,43319,3277.6,1,3277.4,2,nan,0,nan,0,nan,0,nan,0,nan,0,nan,0,nan,0,nan,0
1597988448078622976,1597988448000000000,2020-08-21 13:40:48.000000,3277.6,3300.0,3265.6,3282.0,nan,3281.3,27460,27031078860.0,43320,3277.6,1,3277.4,4,nan,0,nan,0,nan,0,nan,0,nan,0,nan,0,nan,0,nan,0
1597988448564049920,1597988448500000000,2020-08-21 13:40:48.500000,3277.6,3300.0,3265.6,3282.0,nan,3281.3,27461,27032062140.0,43321,3277.8,2,3277.4,4,nan,0,nan,0,nan,0,nan,0,nan,0,nan,0,nan,0,nan,0
1597988449055815936,1597988449000000000,2020-08-21 13:40:49.000000,3277.6,3300.0,3265.6,3282.0,nan,3281.3,27461,27032062140.0,43321,3277.8,2,3277.6,5,nan,0,nan,0,nan,0,nan,0,nan,0,nan,0,nan,0,nan,0
1597988449554659072,1597988449500000000,2020-08-21 13:40:49.500000,3277.6,3300.0,3265.6,3282.0,nan,3281.3,27463,27034028760.0,43322,3277.8,1,3277.6,4,nan,0,nan,0,nan,0,nan,0,nan,0,nan,0,nan,0,nan,0
1597988450070458880,1597988450000000000,2020-08-21 13:40:50.000000,3277.4,3300.0,3265.6,3282.0,nan,3281.3,27468,27038945100.0,43326,3277.6,1,3277.4,4,nan,0,nan,0,nan,0,nan,0,nan,0,nan,0,nan,0,nan,0
1597988450559951104,1597988450500000000,2020-08-21 13:40:50.500000,3277.4,3300.0,3265.6,3282.0,nan,3281.3,27470,27040911540.0,43326,3277.6,1,3277.4,3,nan,0,nan,0,nan,0,nan,0,nan,0,nan,0,nan,0,nan,0
1597988451079311104,1597988451000000000,2020-08-21 13:40:51.000000,3277.0,3300.0,3265.6,3282.0,nan,3281.3,27474,27044844300.0,43329,3277.2,2,3276.8,1,nan,0,nan,0,nan,0,nan,0,nan,0,nan,0,nan,0,nan,0
1597988451563430912,1597988451500000000,2020-08-21 13:40:51.500000,3277.0,3300.0,3265.6,3282.0,nan,3281.3,27474,27044844300.0,43329,3277.4,6,3276.8,2,nan,0,nan,0,nan,0,nan,0,nan,0,nan,0,nan,0,nan,0
1597988452068739072,1597988452000000000,2020-08-21 13:40:52.000000,3276.8,3300.0,3265.6,3282.0,nan,3281.3,27477,27047793600.0,43331,3277.4,4,3276.6,2,nan,0,nan,0,nan,0,nan,0,nan,0,nan,0,nan,0,nan,0
1597988452557391872,1597988452500000000,2020-08-21 13:40:52.500000,3276.8,3300.0,3265.6,3282.0,nan,3281.3,27477,27047793600.0,43331,3277.4,4,3276.6,2,nan,0,nan,0,nan,0,nan,0,nan,0,nan,0,nan,0,nan,0
1597988453076822016,1597988453000000000,2020-08-21 13:40:53.000000,3276.8,3300.0,3265.6,3282.0,nan,3281.3,27477,27047793600.0,43331,3277.2,2,3276.6,2,nan,0,nan,0,nan,0,nan,0,nan,0,nan,0,nan,0,nan,0
1597988453563869952,1597988453500000000,2020-08-21 13:40:53.500000,3276.8,3300.0,3265.6,3282.0,nan,3281.3,27477,27047793600.0,43331,3277.2,2,3276.6,3,nan,0,nan,0,nan,0,nan,0,nan,0,nan,0,nan,0,nan,0
1597988454075173888,1597988454000000000,2020-08-21 13:40:54.000000,3276.8,3300.0,3265.6,3282.0,nan,3281.3,27477,27047793600.0,43331,3277.2,2,3276.6,3,nan,0,nan,0,nan,0,nan,0,nan,0,nan,0,nan,0,nan,0
1597988454558179072,1597988454500000000,2020-08-21 13:40:54.500000,3276.8,3300.0,3265.6,3282.0,nan,3281.3,27477,27047793600.0,43331,3276.8,1,3276.6,3,nan,0,nan,0,nan,0,nan,0,nan,0,nan,0,nan,0,nan,0
1597988455057760000,1597988455000000000,2020-08-21 13:40:55.000000,3276.6,3300.0,3265.6,3282.0,nan,3281.3,27480,27050742540.0,43331,3276.6,1,3276.0,1,nan,0,nan,0,nan,0,nan,0,nan,0,nan,0,nan,0,nan,0
1597988455555919872,1597988455500000000,2020-08-21 13:40:55.500000,3276.6,3300.0,3265.6,3282.0,nan,3281.3,27480,27050742540.0,43331,3276.6,1,3276.0,2,nan,0,nan,0,nan,0,nan,0,nan,0,nan,0,nan,0,nan,0
1597988456076666112,1597988456000000000,2020-08-21 13:40:56.000000,3276.6,3300.0,3265.6,3282.0,nan,3281.3,27481,27051725520.0,43331,3276.8,1,3276.2,1,nan,0,nan,0,nan,0,nan,0,nan,0,nan,0,nan,0,nan,0
1597988457075778048,1597988457000000000,2020-08-21 13:40:57.000000,3276.6,3300.0,3265.6,3282.0,nan,3281.3,27481,27051725520.0,43331,3276.8,1,3276.2,1,nan,0,nan,0,nan,0,nan,0,nan,0,nan,0,nan,0,nan,0
1597988457556611072,1597988457500000000,2020-08-21 13:40:57.500000,3276.4,3300.0,3265.6,3282.0,nan,3281.3,27482,27052708440.0,43332,3276.8,1,3276.2,1,nan,0,nan,0,nan,0,nan,0,nan,0,nan,0,nan,0,nan,0
1597988458058982912,1597988458000000000,2020-08-21 13:40:58.000000,3276.4,3300.0,3265.6,3282.0,nan,3281.3,27482,27052708440.0,43332,3276.8,1,3276.2,1,nan,0,nan,0,nan,0,nan,0,nan,0,nan,0,nan,0,nan,0
1597988458552557056,1597988458500000000,2020-08-21 13:40:58.500000,3276.4,3300.0,3265.6,3282.0,nan,3281.3,27482,27052708440.0,43332,3276.8,1,3276.2,1,nan,0,nan,0,nan,0,nan,0,nan,0,nan,0,nan,0,nan,0
1597988459077136896,1597988459000000000,2020-08-21 13:40:59.000000,3276.4,3300.0,3265.6,3282.0,nan,3281.3,27482,27052708440.0,43332,3276.8,1,3276.2,1,nan,0,nan,0,nan,0,nan,0,nan,0,nan,0,nan,0,nan,0
1597988459557498880,1597988459500000000,2020-08-21 13:40:59.500000,3276.4,3300.0,3265.6,3282.0,nan,3281.3,27482,27052708440.0,43332,3276.8,1,3276.6,1,nan,0,nan,0,nan,0,nan,0,nan,0,nan,0,nan,0,nan,0
1597988460058070016,1597988460000000000,2020-08-21 13:41:00.000000,3276.4,3300.0,3265.6,3282.0,nan,3281.3,27482,27052708440.0,43332,3276.8,1,3276.6,1,nan,0,nan,0,nan,0,nan,0,nan,0,nan,0,nan,0,nan,0
1597988460558251008,1597988460500000000,2020-08-21 13:41:00.500000,3276.8,3300.0,3265.6,3282.0,nan,3281.3,27483,27053691480.0,43333,3277.4,1,3276.8,2,nan,0,nan,0,nan,0,nan,0,nan,0,nan,0,nan,0,nan,0
1597988461057412096,1597988461000000000,2020-08-21 13:41:01.000000,3277.4,3300.0,3265.6,3282.0,nan,3281.3,27484,27054674700.0,43334,3277.8,8,3276.8,3,nan,0,nan,0,nan,0,nan,0,nan,0,nan,0,nan,0,nan,0
1597988461565026048,1597988461500000000,2020-08-21 13:41:01.500000,3277.6,3300.0,3265.6,3282.0,nan,3281.3,27485,27055657980.0,43335,3277.6,4,3277.0,1,nan,0,nan,0,nan,0,nan,0,nan,0,nan,0,nan,0,nan,0
1597988462078147072,1597988462000000000,2020-08-21 13:41:02.000000,3277.6,3300.0,3265.6,3282.0,nan,3281.3,27485,27055657980.0,43335,3277.6,4,3277.2,1,nan,0,nan,0,nan,0,nan,0,nan,0,nan,0,nan,0,nan,0
1597988462574789120,1597988462500000000,2020-08-21 13:41:02.500000,3277.6,3300.0,3265.6,3282.0,nan,3281.3,27485,27055657980.0,43335,3277.6,3,3277.2,1,nan,0,nan,0,nan,0,nan,0,nan,0,nan,0,nan,0,nan,0
1597988463079049984,1597988463000000000,2020-08-21 13:41:03.000000,3277.2,3300.0,3265.6,3282.0,nan,3281.3,27486,27056641140.0,43336,3277.6,3,3277.0,1,nan,0,nan,0,nan,0,nan,0,nan,0,nan,0,nan,0,nan,0
1597988463568602112,1597988463500000000,2020-08-21 13:41:03.500000,3277.2,3300.0,3265.6,3282.0,nan,3281.3,27486,27056641140.0,43336,3277.6,2,3277.2,1,nan,0,nan,0,nan,0,nan,0,nan,0,nan,0,nan,0,nan,0
1597988464072299008,1597988464000000000,2020-08-21 13:41:04.000000,3277.2,3300.0,3265.6,3282.0,nan,3281.3,27487,27057624300.0,43337,3277.6,4,3277.0,1,nan,0,nan,0,nan,0,nan,0,nan,0,nan,0,nan,0,nan,0
1597988465086100992,1597988465000000000,2020-08-21 13:41:05.000000,3276.8,3300.0,3265.6,3282.0,nan,3281.3,27489,27059590440.0,43337,3277.6,4,3276.8,1,nan,0,nan,0,nan,0,nan,0,nan,0,nan,0,nan,0,nan,0
1597988465570753024,1597988465500000000,2020-08-21 13:41:05.500000,3276.8,3300.0,3265.6,3282.0,nan,3281.3,27490,27060573480.0,43337,3276.8,1,3276.6,2,nan,0,nan,0,nan,0,nan,0,nan,0,nan,0,nan,0,nan,0
1597988466076348928,1597988466000000000,2020-08-21 13:41:06.000000,3276.8,3300.0,3265.6,3282.0,nan,3281.3,27491,27061556520.0,43337,3277.2,1,3276.8,1,nan,0,nan,0,nan,0,nan,0,nan,0,nan,0,nan,0,nan,0
1597988466557580032,1597988466500000000,2020-08-21 13:41:06.500000,3277.2,3300.0,3265.6,3282.0,nan,3281.3,27492,27062539680.0,43338,3277.6,3,3277.0,1,nan,0,nan,0,nan,0,nan,0,nan,0,nan,0,nan,0,nan,0
1597988467061752064,1597988467000000000,2020-08-21 13:41:07.000000,3277.2,3300.0,3265.6,3282.0,nan,3281.3,27492,27062539680.0,43338,3277.4,5,3277.0,1,nan,0,nan,0,nan,0,nan,0,nan,0,nan,0,nan,0,nan,0
1597988467569261056,1597988467500000000,2020-08-21 13:41:07.500000,3277.0,3300.0,3265.6,3282.0,nan,3281.3,27493,27063522780.0,43339,3277.4,3,3277.2,3,nan,0,nan,0,nan,0,nan,0,nan,0,nan,0,nan,0,nan,0
1597988468078632960,1597988468000000000,2020-08-21 13:41:08.000000,3277.2,3300.0,3265.6,3282.0,nan,3281.3,27495,27065489100.0,43341,3277.4,1,3277.2,2,nan,0,nan,0,nan,0,nan,0,nan,0,nan,0,nan,0,nan,0
1597988468562668032,1597988468500000000,2020-08-21 13:41:08.500000,3277.2,3300.0,3265.6,3282.0,nan,3281.3,27495,27065489100.0,43341,3277.6,2,3277.2,5,nan,0,nan,0,nan,0,nan,0,nan,0,nan,0,nan,0,nan,0
1597988469078425088,1597988469000000000,2020-08-21 13:41:09.000000,3277.2,3300.0,3265.6,3282.0,nan,3281.3,27495,27065489100.0,43341,3277.6,2,3277.2,2,nan,0,nan,0,nan,0,nan,0,nan,0,nan,0,nan,0,nan,0
1597988469570567936,1597988469500000000,2020-08-21 13:41:09.500000,3277.2,3300.0,3265.6,3282.0,nan,3281.3,27497,27067455420.0,43341,3277.2,3,3276.6,2,nan,0,nan,0,nan,0,nan,0,nan,0,nan,0,nan,0,nan,0
1597988470068014080,1597988470000000000,2020-08-21 13:41:10.000000,3277.2,3300.0,3265.6,3282.0,nan,3281.3,27497,27067455420.0,43341,3277.2,4,3276.8,1,nan,0,nan,0,nan,0,nan,0,nan,0,nan,0,nan,0,nan,0
1597988470568047104,1597988470500000000,2020-08-21 13:41:10.500000,3277.2,3300.0,3265.6,3282.0,nan,3281.3,27497,27067455420.0,43341,3277.2,4,3276.8,1,nan,0,nan,0,nan,0,nan,0,nan,0,nan,0,nan,0,nan,0
1597988471076942080,1597988471000000000,2020-08-21 13:41:11.000000,3277.2,3300.0,3265.6,3282.0,nan,3281.3,27497,27067455420.0,43341,3277.0,1,3276.8,1,nan,0,nan,0,nan,0,nan,0,nan,0,nan,0,nan,0,nan,0
1597988471576440064,1597988471500000000,2020-08-21 13:41:11.500000,3277.0,3300.0,3265.6,3282.0,nan,3281.3,27498,27068438520.0,43342,3277.2,4,3277.0,1,nan,0,nan,0,nan,0,nan,0,nan,0,nan,0,nan,0,nan,0
1597988472076822016,1597988472000000000,2020-08-21 13:41:12.000000,3277.0,3300.0,3265.6,3282.0,nan,3281.3,27499,27069421620.0,43343,3277.0,1,3276.8,1,nan,0,nan,0,nan,0,nan,0,nan,0,nan,0,nan,0,nan,0
1597988472565630976,1597988472500000000,2020-08-21 13:41:12.500000,3277.0,3300.0,3265.6,3282.0,nan,3281.3,27499,27069421620.0,43343,3277.0,1,3276.8,1,nan,0,nan,0,nan,0,nan,0,nan,0,nan,0,nan,0,nan,0
1597988473061419008,1597988473000000000,2020-08-21 13:41:13.000000,3276.8,3300.0,3265.6,3282.0,nan,3281.3,27500,27070404660.0,43344,3277.0,1,3276.6,2,nan,0,nan,0,nan,0,nan,0,nan,0,nan,0,nan,0,nan,0
1597988473563697920,1597988473500000000,2020-08-21 13:41:13.500000,3276.8,3300.0,3265.6,3282.0,nan,3281.3,27500,27070404660.0,43344,3277.0,2,3276.6,2,nan,0,nan,0,nan,0,nan,0,nan,0,nan,0,nan,0,nan,0
1597988474074574080,1597988474000000000,2020-08-21 13:41:14.000000,3276.6,3300.0,3265.6,3282.0,nan,3281.3,27501,27071387640.0,43344,3277.0,4,3276.8,1,nan,0,nan,0,nan,0,nan,0,nan,0,nan,0,nan,0,nan,0
1597988474561422080,1597988474500000000,2020-08-21 13:41:14.500000,3276.6,3300.0,3265.6,3282.0,nan,3281.3,27503,27073353600.0,43346,3276.8,4,3276.4,4,nan,0,nan,0,nan,0,nan,0,nan,0,nan,0,nan,0,nan,0
1597988475086021120,1597988475000000000,2020-08-21 13:41:15.000000,3276.6,3300.0,3265.6,3282.0,nan,3281.3,27503,27073353600.0,43346,3276.8,5,3276.4,4,nan,0,nan,0,nan,0,nan,0,nan,0,nan,0,nan,0,nan,0
1597988475575193088,1597988475500000000,2020-08-21 13:41:15.500000,3276.4,3300.0,3265.6,3282.0,nan,3281.3,27507,27077285280.0,43350,3276.8,4,3276.2,1,nan,0,nan,0,nan,0,nan,0,nan,0,nan,0,nan,0,nan,0
1597988476080024064,1597988476000000000,2020-08-21 13:41:16.000000,3276.4,3300.0,3265.6,3282.0,nan,3281.3,27507,27077285280.0,43350,3276.8,5,3276.2,1,nan,0,nan,0,nan,0,nan,0,nan,0,nan,0,nan,0,nan,0
1597988476572389120,1597988476500000000,2020-08-21 13:41:16.500000,3276.4,3300.0,3265.6,3282.0,nan,3281.3,27507,27077285280.0,43350,3276.8,4,3276.2,1,nan,0,nan,0,nan,0,nan,0,nan,0,nan,0,nan,0,nan,0
1597988477079060992,1597988477000000000,2020-08-21 13:41:17.000000,3276.4,3300.0,3265.6,3282.0,nan,3281.3,27507,27077285280.0,43350,3276.8,4,3276.2,1,nan,0,nan,0,nan,0,nan,0,nan,0,nan,0,nan,0,nan,0
1597988477570779904,1597988477500000000,2020-08-21 13:41:17.500000,3276.4,3300.0,3265.6,3282.0,nan,3281.3,27507,27077285280.0,43350,3276.8,4,3276.2,1,nan,0,nan,0,nan,0,nan,0,nan,0,nan,0,nan,0,nan,0
1597988478078394880,1597988478000000000,2020-08-21 13:41:18.000000,3276.2,3300.0,3265.6,3282.0,nan,3281.3,27508,27078268140.0,43351,3276.8,4,3276.0,3,nan,0,nan,0,nan,0,nan,0,nan,0,nan,0,nan,0,nan,0
1597988478573811968,1597988478500000000,2020-08-21 13:41:18.500000,3276.8,3300.0,3265.6,3282.0,nan,3281.3,27509,27079251180.0,43352,3276.8,3,3276.0,3,nan,0,nan,0,nan,0,nan,0,nan,0,nan,0,nan,0,nan,0
1597988479070467072,1597988479000000000,2020-08-21 13:41:19.000000,3276.8,3300.0,3265.6,3282.0,nan,3281.3,27509,27079251180.0,43352,3276.6,2,3276.0,4,nan,0,nan,0,nan,0,nan,0,nan,0,nan,0,nan,0,nan,0
1597988479573317120,1597988479500000000,2020-08-21 13:41:19.500000,3276.8,3300.0,3265.6,3282.0,nan,3281.3,27509,27079251180.0,43352,3276.6,2,3276.0,4,nan,0,nan,0,nan,0,nan,0,nan,0,nan,0,nan,0,nan,0
1597988480075367936,1597988480000000000,2020-08-21 13:41:20.000000,3276.6,3300.0,3265.6,3282.0,nan,3281.3,27510,27080234160.0,43353,3276.6,2,3276.2,1,nan,0,nan,0,nan,0,nan,0,nan,0,nan,0,nan,0,nan,0
1597988480569534976,1597988480500000000,2020-08-21 13:41:20.500000,3276.2,3300.0,3265.6,3282.0,nan,3281.3,27511,27081217020.0,43354,3276.2,1,3276.0,4,nan,0,nan,0,nan,0,nan,0,nan,0,nan,0,nan,0,nan,0
1597988481079091968,1597988481000000000,2020-08-21 13:41:21.000000,3276.2,3300.0,3265.6,3282.0,nan,3281.3,27512,27082199880.0,43355,3276.6,2,3276.4,1,nan,0,nan,0,nan,0,nan,0,nan,0,nan,0,nan,0,nan,0
1597988481568948992,1597988481500000000,2020-08-21 13:41:21.500000,3276.2,3300.0,3265.6,3282.0,nan,3281.3,27512,27082199880.0,43355,3276.6,2,3276.2,2,nan,0,nan,0,nan,0,nan,0,nan,0,nan,0,nan,0,nan,0
1597988482064137984,1597988482000000000,2020-08-21 13:41:22.000000,3276.6,3300.0,3265.6,3282.0,nan,3281.3,27513,27083182860.0,43355,3276.6,2,3276.2,2,nan,0,nan,0,nan,0,nan,0,nan,0,nan,0,nan,0,nan,0
1597988482573710080,1597988482500000000,2020-08-21 13:41:22.500000,3276.6,3300.0,3265.6,3282.0,nan,3281.3,27514,27084165840.0,43356,3276.6,1,3276.4,1,nan,0,nan,0,nan,0,nan,0,nan,0,nan,0,nan,0,nan,0
1597988483077957888,1597988483000000000,2020-08-21 13:41:23.000000,3276.8,3300.0,3265.6,3282.0,nan,3281.3,27516,27086131860.0,43358,3277.0,3,3276.6,2,nan,0,nan,0,nan,0,nan,0,nan,0,nan,0,nan,0,nan,0
1597988483566802944,1597988483500000000,2020-08-21 13:41:23.500000,3276.6,3300.0,3265.6,3282.0,nan,3281.3,27517,27087114840.0,43358,3277.0,3,3276.6,1,nan,0,nan,0,nan,0,nan,0,nan,0,nan,0,nan,0,nan,0
1597988484083442944,1597988484000000000,2020-08-21 13:41:24.000000,3276.6,3300.0,3265.6,3282.0,nan,3281.3,27518,27088097820.0,43359,3277.0,3,3276.4,1,nan,0,nan,0,nan,0,nan,0,nan,0,nan,0,nan,0,nan,0
1597988484568165120,1597988484500000000,2020-08-21 13:41:24.500000,3276.6,3300.0,3265.6,3282.0,nan,3281.3,27518,27088097820.0,43359,3276.6,1,3276.4,1,nan,0,nan,0,nan,0,nan,0,nan,0,nan,0,nan,0,nan,0
1597988485069011968,1597988485000000000,2020-08-21 13:41:25.000000,3276.6,3300.0,3265.6,3282.0,nan,3281.3,27518,27088097820.0,43359,3276.6,1,3276.4,1,nan,0,nan,0,nan,0,nan,0,nan,0,nan,0,nan,0,nan,0
1597988485570202112,1597988485500000000,2020-08-21 13:41:25.500000,3276.6,3300.0,3265.6,3282.0,nan,3281.3,27518,27088097820.0,43359,3276.6,3,3276.4,1,nan,0,nan,0,nan,0,nan,0,nan,0,nan,0,nan,0,nan,0
1597988486102268928,1597988486000000000,2020-08-21 13:41:26.000000,3276.6,3300.0,3265.6,3282.0,nan,3281.3,27518,27088097820.0,43359,3276.6,3,3276.4,1,nan,0,nan,0,nan,0,nan,0,nan,0,nan,0,nan,0,nan,0
1597988488066710016,1597988488000000000,2020-08-21 13:41:28.000000,3276.6,3300.0,3265.6,3282.0,nan,3281.3,27519,27089080800.0,43359,3276.6,2,3276.4,1,nan,0,nan,0,nan,0,nan,0,nan,0,nan,0,nan,0,nan,0
1597988488573094912,1597988488500000000,2020-08-21 13:41:28.500000,3276.4,3300.0,3265.6,3282.0,nan,3281.3,27520,27090063720.0,43360,3276.6,2,3276.2,1,nan,0,nan,0,nan,0,nan,0,nan,0,nan,0,nan,0,nan,0
1597988489076507904,1597988489000000000,2020-08-21 13:41:29.000000,3276.2,3300.0,3265.6,3282.0,nan,3281.3,27521,27091046580.0,43361,3276.2,1,3276.0,2,nan,0,nan,0,nan,0,nan,0,nan,0,nan,0,nan,0,nan,0
1597988489572730880,1597988489500000000,2020-08-21 13:41:29.500000,3276.2,3300.0,3265.6,3282.0,nan,3281.3,27522,27092029440.0,43362,3276.6,2,3276.0,2,nan,0,nan,0,nan,0,nan,0,nan,0,nan,0,nan,0,nan,0
1597988490074715904,1597988490000000000,2020-08-21 13:41:30.000000,3276.6,3300.0,3265.6,3282.0,nan,3281.3,27524,27093995400.0,43364,3277.0,1,3276.6,5,nan,0,nan,0,nan,0,nan,0,nan,0,nan,0,nan,0,nan,0
1597988490573283072,1597988490500000000,2020-08-21 13:41:30.500000,3276.6,3300.0,3265.6,3282.0,nan,3281.3,27524,27093995400.0,43364,3277.0,1,3276.6,5,nan,0,nan,0,nan,0,nan,0,nan,0,nan,0,nan,0,nan,0
1597988491575602944,1597988491500000000,2020-08-21 13:41:31.500000,3276.6,3300.0,3265.6,3282.0,nan,3281.3,27524,27093995400.0,43364,3276.8,1,3276.6,5,nan,0,nan,0,nan,0,nan,0,nan,0,nan,0,nan,0,nan,0
1597988492082072064,1597988492000000000,2020-08-21 13:41:32.000000,3276.8,3300.0,3265.6,3282.0,nan,3281.3,27525,27094978440.0,43365,3277.0,1,3276.6,5,nan,0,nan,0,nan,0,nan,0,nan,0,nan,0,nan,0,nan,0
1597988492573052928,1597988492500000000,2020-08-21 13:41:32.500000,3276.8,3300.0,3265.6,3282.0,nan,3281.3,27525,27094978440.0,43365,3277.0,1,3276.8,1,nan,0,nan,0,nan,0,nan,0,nan,0,nan,0,nan,0,nan,0
1597988494069463040,1597988494000000000,2020-08-21 13:41:34.000000,3276.8,3300.0,3265.6,3282.0,nan,3281.3,27525,27094978440.0,43365,3277.0,1,3276.8,1,nan,0,nan,0,nan,0,nan,0,nan,0,nan,0,nan,0,nan,0
1597988494580563968,1597988494500000000,2020-08-21 13:41:34.500000,3276.6,3300.0,3265.6,3282.0,nan,3281.3,27527,27096944460.0,43365,3276.8,1,3276.6,4,nan,0,nan,0,nan,0,nan,0,nan,0,nan,0,nan,0,nan,0
1597988495115320064,1597988495000000000,2020-08-21 13:41:35.000000,3276.6,3300.0,3265.6,3282.0,nan,3281.3,27531,27100876380.0,43369,3276.6,1,3276.2,3,nan,0,nan,0,nan,0,nan,0,nan,0,nan,0,nan,0,nan,0
1597988495596495104,1597988495500000000,2020-08-21 13:41:35.500000,3276.6,3300.0,3265.6,3282.0,nan,3281.3,27531,27100876380.0,43369,3276.6,1,3276.4,1,nan,0,nan,0,nan,0,nan,0,nan,0,nan,0,nan,0,nan,0
1597988496108698112,1597988496000000000,2020-08-21 13:41:36.000000,3276.6,3300.0,3265.6,3282.0,nan,3281.3,27533,27102842280.0,43369,3277.0,2,3276.2,3,nan,0,nan,0,nan,0,nan,0,nan,0,nan,0,nan,0,nan,0
1597988496575548928,1597988496500000000,2020-08-21 13:41:36.500000,3276.6,3300.0,3265.6,3282.0,nan,3281.3,27533,27102842280.0,43369,3277.0,3,3276.6,2,nan,0,nan,0,nan,0,nan,0,nan,0,nan,0,nan,0,nan,0
1597988497072510976,1597988497000000000,2020-08-21 13:41:37.000000,3276.6,3300.0,3265.6,3282.0,nan,3281.3,27533,27102842280.0,43369,3276.8,1,3276.6,2,nan,0,nan,0,nan,0,nan,0,nan,0,nan,0,nan,0,nan,0
1597988497572225024,1597988497500000000,2020-08-21 13:41:37.500000,3276.6,3300.0,3265.6,3282.0,nan,3281.3,27534,27103825260.0,43369,3276.8,1,3276.6,1,nan,0,nan,0,nan,0,nan,0,nan,0,nan,0,nan,0,nan,0
1597988498079439104,1597988498000000000,2020-08-21 13:41:38.000000,3276.6,3300.0,3265.6,3282.0,nan,3281.3,27535,27104808240.0,43369,3276.8,1,3276.2,3,nan,0,nan,0,nan,0,nan,0,nan,0,nan,0,nan,0,nan,0
1597988498582725120,1597988498500000000,2020-08-21 13:41:38.500000,3276.6,3300.0,3265.6,3282.0,nan,3281.3,27535,27104808240.0,43369,3276.6,1,3276.4,1,nan,0,nan,0,nan,0,nan,0,nan,0,nan,0,nan,0,nan,0
1597988499076454912,1597988499000000000,2020-08-21 13:41:39.000000,3276.6,3300.0,3265.6,3282.0,nan,3281.3,27536,27105791220.0,43370,3276.8,1,3276.4,2,nan,0,nan,0,nan,0,nan,0,nan,0,nan,0,nan,0,nan,0
1597988499576295936,1597988499500000000,2020-08-21 13:41:39.500000,3276.6,3300.0,3265.6,3282.0,nan,3281.3,27536,27105791220.0,43370,3276.8,1,3276.4,2,nan,0,nan,0,nan,0,nan,0,nan,0,nan,0,nan,0,nan,0
1597988500571806976,1597988500500000000,2020-08-21 13:41:40.500000,3276.6,3300.0,3265.6,3282.0,nan,3281.3,27536,27105791220.0,43370,3276.8,1,3276.4,2,nan,0,nan,0,nan,0,nan,0,nan,0,nan,0,nan,0,nan,0
1597988501105473024,1597988501000000000,2020-08-21 13:41:41.000000,3276.8,3300.0,3265.6,3282.0,nan,3281.3,27538,27107757300.0,43372,3277.0,1,3276.4,3,nan,0,nan,0,nan,0,nan,0,nan,0,nan,0,nan,0,nan,0
1597988501577826048,1597988501500000000,2020-08-21 13:41:41.500000,3276.8,3300.0,3265.6,3282.0,nan,3281.3,27538,27107757300.0,43372,3277.0,1,3276.6,1,nan,0,nan,0,nan,0,nan,0,nan,0,nan,0,nan,0,nan,0
1597988502079077888,1597988502000000000,2020-08-21 13:41:42.000000,3276.8,3300.0,3265.6,3282.0,nan,3281.3,27538,27107757300.0,43372,3277.0,1,3276.6,2,nan,0,nan,0,nan,0,nan,0,nan,0,nan,0,nan,0,nan,0
1597988502582472960,1597988502500000000,2020-08-21 13:41:42.500000,3277.0,3300.0,3265.6,3282.0,nan,3281.3,27539,27108740400.0,43373,3277.2,4,3277.0,2,nan,0,nan,0,nan,0,nan,0,nan,0,nan,0,nan,0,nan,0
1597988503082827008,1597988503000000000,2020-08-21 13:41:43.000000,3277.0,3300.0,3265.6,3282.0,nan,3281.3,27539,27108740400.0,43373,3277.2,4,3276.6,2,nan,0,nan,0,nan,0,nan,0,nan,0,nan,0,nan,0,nan,0
1597988503579768064,1597988503500000000,2020-08-21 13:41:43.500000,3276.8,3300.0,3265.6,3282.0,nan,3281.3,27542,27111689760.0,43374,3277.0,4,3276.6,2,nan,0,nan,0,nan,0,nan,0,nan,0,nan,0,nan,0,nan,0
1597988504113669120,1597988504000000000,2020-08-21 13:41:44.000000,3277.0,3300.0,3265.6,3282.0,nan,3281.3,27545,27114639060.0,43377,3277.0,1,3276.6,2,nan,0,nan,0,nan,0,nan,0,nan,0,nan,0,nan,0,nan,0
1597988504587161088,1597988504500000000,2020-08-21 13:41:44.500000,3277.0,3300.0,3265.6,3282.0,nan,3281.3,27546,27115622160.0,43378,3277.2,2,3277.0,1,nan,0,nan,0,nan,0,nan,0,nan,0,nan,0,nan,0,nan,0
1597988506086204928,1597988506000000000,2020-08-21 13:41:46.000000,3277.0,3300.0,3265.6,3282.0,nan,3281.3,27549,27118571580.0,43377,3277.0,1,3276.8,4,nan,0,nan,0,nan,0,nan,0,nan,0,nan,0,nan,0,nan,0
1597988506580851968,1597988506500000000,2020-08-21 13:41:46.500000,3277.0,3300.0,3265.6,3282.0,nan,3281.3,27551,27120537780.0,43378,3277.6,1,3277.0,4,nan,0,nan,0,nan,0,nan,0,nan,0,nan,0,nan,0,nan,0
1597988507115919872,1597988507000000000,2020-08-21 13:41:47.000000,3277.0,3300.0,3265.6,3282.0,nan,3281.3,27551,27120537780.0,43378,3277.6,5,3277.0,2,nan,0,nan,0,nan,0,nan,0,nan,0,nan,0,nan,0,nan,0
1597988507579068928,1597988507500000000,2020-08-21 13:41:47.500000,3277.0,3300.0,3265.6,3282.0,nan,3281.3,27551,27120537780.0,43378,3277.6,5,3277.0,1,nan,0,nan,0,nan,0,nan,0,nan,0,nan,0,nan,0,nan,0
1597988508104318976,1597988508000000000,2020-08-21 13:41:48.000000,3277.0,3300.0,3265.6,3282.0,nan,3281.3,27551,27120537780.0,43378,3277.6,6,3277.0,1,nan,0,nan,0,nan,0,nan,0,nan,0,nan,0,nan,0,nan,0
1597988508579184896,1597988508500000000,2020-08-21 13:41:48.500000,3277.0,3300.0,3265.6,3282.0,nan,3281.3,27551,27120537780.0,43378,3277.4,2,3277.0,1,nan,0,nan,0,nan,0,nan,0,nan,0,nan,0,nan,0,nan,0
1597988509079059968,1597988509000000000,2020-08-21 13:41:49.000000,3277.4,3300.0,3265.6,3282.0,nan,3281.3,27552,27121521000.0,43379,3277.4,1,3277.0,1,nan,0,nan,0,nan,0,nan,0,nan,0,nan,0,nan,0,nan,0
1597988509581207040,1597988509500000000,2020-08-21 13:41:49.500000,3277.4,3300.0,3265.6,3282.0,nan,3281.3,27552,27121521000.0,43379,3277.4,1,3277.0,1,nan,0,nan,0,nan,0,nan,0,nan,0,nan,0,nan,0,nan,0
1597988510114213888,1597988510000000000,2020-08-21 13:41:50.000000,3277.0,3300.0,3265.6,3282.0,nan,3281.3,27555,27124470420.0,43380,3277.4,1,3276.4,2,nan,0,nan,0,nan,0,nan,0,nan,0,nan,0,nan,0,nan,0
1597988510587795968,1597988510500000000,2020-08-21 13:41:50.500000,3277.2,3300.0,3265.6,3282.0,nan,3281.3,27556,27125453580.0,43380,3277.4,1,3276.6,1,nan,0,nan,0,nan,0,nan,0,nan,0,nan,0,nan,0,nan,0
1597988511108027904,1597988511000000000,2020-08-21 13:41:51.000000,3277.2,3300.0,3265.6,3282.0,nan,3281.3,27556,27125453580.0,43380,3277.4,1,3276.6,1,nan,0,nan,0,nan,0,nan,0,nan,0,nan,0,nan,0,nan,0
1597988511587129088,1597988511500000000,2020-08-21 13:41:51.500000,3277.2,3300.0,3265.6,3282.0,nan,3281.3,27556,27125453580.0,43380,3277.0,1,3276.6,1,nan,0,nan,0,nan,0,nan,0,nan,0,nan,0,nan,0,nan,0
1597988512078135040,1597988512000000000,2020-08-21 13:41:52.000000,3277.2,3300.0,3265.6,3282.0,nan,3281.3,27556,27125453580.0,43380,3277.0,1,3276.6,1,nan,0,nan,0,nan,0,nan,0,nan,0,nan,0,nan,0,nan,0
1597988512576712960,1597988512500000000,2020-08-21 13:41:52.500000,3276.6,3300.0,3265.6,3282.0,nan,3281.3,27557,27126436560.0,43381,3277.0,1,3276.8,1,nan,0,nan,0,nan,0,nan,0,nan,0,nan,0,nan,0,nan,0
1597988513103457024,1597988513000000000,2020-08-21 13:41:53.000000,3276.8,3300.0,3265.6,3282.0,nan,3281.3,27558,27127419600.0,43381,3276.8,3,3276.4,4,nan,0,nan,0,nan,0,nan,0,nan,0,nan,0,nan,0,nan,0
1597988514589179904,1597988514500000000,2020-08-21 13:41:54.500000,3276.8,3300.0,3265.6,3282.0,nan,3281.3,27558,27127419600.0,43381,3276.8,3,3276.4,3,nan,0,nan,0,nan,0,nan,0,nan,0,nan,0,nan,0,nan,0
1597988515083254016,1597988515000000000,2020-08-21 13:41:55.000000,3276.8,3300.0,3265.6,3282.0,nan,3281.3,27559,27128402640.0,43382,3276.8,3,3276.4,2,nan,0,nan,0,nan,0,nan,0,nan,0,nan,0,nan,0,nan,0
1597988515578872064,1597988515500000000,2020-08-21 13:41:55.500000,3276.8,3300.0,3265.6,3282.0,nan,3281.3,27559,27128402640.0,43382,3276.6,1,3276.4,2,nan,0,nan,0,nan,0,nan,0,nan,0,nan,0,nan,0,nan,0
1597988517102415104,1597988517000000000,2020-08-21 13:41:57.000000,3276.8,3300.0,3265.6,3282.0,nan,3281.3,27559,27128402640.0,43382,3276.6,1,3276.4,3,nan,0,nan,0,nan,0,nan,0,nan,0,nan,0,nan,0,nan,0
1597988517581031936,1597988517500000000,2020-08-21 13:41:57.500000,3276.4,3300.0,3265.6,3282.0,nan,3281.3,27562,27131351400.0,43384,3276.6,1,3276.2,2,nan,0,nan,0,nan,0,nan,0,nan,0,nan,0,nan,0,nan,0
1597988518086872064,1597988518000000000,2020-08-21 13:41:58.000000,3276.6,3300.0,3265.6,3282.0,nan,3281.3,27563,27132334380.0,43385,3276.8,3,3276.2,2,nan,0,nan,0,nan,0,nan,0,nan,0,nan,0,nan,0,nan,0
1597988518583525120,1597988518500000000,2020-08-21 13:41:58.500000,3276.6,3300.0,3265.6,3282.0,nan,3281.3,27563,27132334380.0,43385,3276.8,3,3276.2,2,nan,0,nan,0,nan,0,nan,0,nan,0,nan,0,nan,0,nan,0
1597988519082479104,1597988519000000000,2020-08-21 13:41:59.000000,3276.4,3300.0,3265.6,3282.0,nan,3281.3,27564,27133317300.0,43385,3276.8,5,3276.2,2,nan,0,nan,0,nan,0,nan,0,nan,0,nan,0,nan,0,nan,0
1597988519584418048,1597988519500000000,2020-08-21 13:41:59.500000,3276.4,3300.0,3265.6,3282.0,nan,3281.3,27564,27133317300.0,43385,3276.8,5,3276.2,3,nan,0,nan,0,nan,0,nan,0,nan,0,nan,0,nan,0,nan,0
1597988520094362880,1597988520000000000,2020-08-21 13:42:00.000000,3276.4,3300.0,3265.6,3282.0,nan,3281.3,27564,27133317300.0,43385,3276.8,5,3276.2,3,nan,0,nan,0,nan,0,nan,0,nan,0,nan,0,nan,0,nan,0
1597988520584176896,1597988520500000000,2020-08-21 13:42:00.500000,3276.4,3300.0,3265.6,3282.0,nan,3281.3,27564,27133317300.0,43385,3276.8,2,3276.2,3,nan,0,nan,0,nan,0,nan,0,nan,0,nan,0,nan,0,nan,0
1597988521091144960,1597988521000000000,2020-08-21 13:42:01.000000,3276.4,3300.0,3265.6,3282.0,nan,3281.3,27564,27133317300.0,43385,3276.8,2,3276.2,3,nan,0,nan,0,nan,0,nan,0,nan,0,nan,0,nan,0,nan,0
1597988522105197056,1597988522000000000,2020-08-21 13:42:02.000000,3276.4,3300.0,3265.6,3282.0,nan,3281.3,27564,27133317300.0,43385,3276.8,2,3276.4,1,nan,0,nan,0,nan,0,nan,0,nan,0,nan,0,nan,0,nan,0
1597988522588600064,1597988522500000000,2020-08-21 13:42:02.500000,3276.4,3300.0,3265.6,3282.0,nan,3281.3,27564,27133317300.0,43385,3277.4,1,3276.4,2,nan,0,nan,0,nan,0,nan,0,nan,0,nan,0,nan,0,nan,0
1597988523110569984,1597988523000000000,2020-08-21 13:42:03.000000,3276.4,3300.0,3265.6,3282.0,nan,3281.3,27564,27133317300.0,43385,3277.2,2,3276.4,2,nan,0,nan,0,nan,0,nan,0,nan,0,nan,0,nan,0,nan,0
1597988523588225024,1597988523500000000,2020-08-21 13:42:03.500000,3276.4,3300.0,3265.6,3282.0,nan,3281.3,27564,27133317300.0,43385,3277.0,2,3276.6,2,nan,0,nan,0,nan,0,nan,0,nan,0,nan,0,nan,0,nan,0
1597988524107614976,1597988524000000000,2020-08-21 13:42:04.000000,3276.6,3300.0,3265.6,3282.0,nan,3281.3,27566,27135283320.0,43387,3277.2,2,3276.6,1,nan,0,nan,0,nan,0,nan,0,nan,0,nan,0,nan,0,nan,0
1597988524596020992,1597988524500000000,2020-08-21 13:42:04.500000,3276.6,3300.0,3265.6,3282.0,nan,3281.3,27567,27136266300.0,43388,3277.0,2,3276.4,2,nan,0,nan,0,nan,0,nan,0,nan,0,nan,0,nan,0,nan,0
1597988525110909952,1597988525000000000,2020-08-21 13:42:05.000000,3276.6,3300.0,3265.6,3282.0,nan,3281.2,27568,27137249280.0,43389,3277.0,2,3276.6,1,nan,0,nan,0,nan,0,nan,0,nan,0,nan,0,nan,0,nan,0
1597988525585559040,1597988525500000000,2020-08-21 13:42:05.500000,3276.6,3300.0,3265.6,3282.0,nan,3281.2,27568,27137249280.0,43389,3277.0,1,3276.6,1,nan,0,nan,0,nan,0,nan,0,nan,0,nan,0,nan,0,nan,0
1597988526105530880,1597988526000000000,2020-08-21 13:42:06.000000,3276.6,3300.0,3265.6,3282.0,nan,3281.2,27568,27137249280.0,43389,3277.2,3,3276.6,1,nan,0,nan,0,nan,0,nan,0,nan,0,nan,0,nan,0,nan,0
1597988527088961024,1597988527000000000,2020-08-21 13:42:07.000000,3276.6,3300.0,3265.6,3282.0,nan,3281.2,27568,27137249280.0,43389,3276.8,1,3276.6,1,nan,0,nan,0,nan,0,nan,0,nan,0,nan,0,nan,0,nan,0
1597988527592368896,1597988527500000000,2020-08-21 13:42:07.500000,3276.8,3300.0,3265.6,3282.0,nan,3281.2,27569,27138232320.0,43389,3277.2,3,3276.6,1,nan,0,nan,0,nan,0,nan,0,nan,0,nan,0,nan,0,nan,0
1597988528118068992,1597988528000000000,2020-08-21 13:42:08.000000,3276.6,3300.0,3265.6,3282.0,nan,3281.2,27571,27140198280.0,43391,3277.0,2,3276.4,3,nan,0,nan,0,nan,0,nan,0,nan,0,nan,0,nan,0,nan,0
1597988528593028096,1597988528500000000,2020-08-21 13:42:08.500000,3276.6,3300.0,3265.6,3282.0,nan,3281.2,27571,27140198280.0,43391,3276.8,2,3276.4,3,nan,0,nan,0,nan,0,nan,0,nan,0,nan,0,nan,0,nan,0
1597988530602651904,1597988530500000000,2020-08-21 13:42:10.500000,3276.6,3300.0,3265.6,3282.0,nan,3281.2,27571,27140198280.0,43391,3276.8,2,3276.4,3,nan,0,nan,0,nan,0,nan,0,nan,0,nan,0,nan,0,nan,0
1597988531116371968,1597988531000000000,2020-08-21 13:42:11.000000,3276.4,3300.0,3265.6,3282.0,nan,3281.2,27572,27141181200.0,43392,3276.8,2,3276.4,2,nan,0,nan,0,nan,0,nan,0,nan,0,nan,0,nan,0,nan,0
1597988531604648960,1597988531500000000,2020-08-21 13:42:11.500000,3276.4,3300.0,3265.6,3282.0,nan,3281.2,27573,27142164120.0,43393,3276.8,2,3276.4,1,nan,0,nan,0,nan,0,nan,0,nan,0,nan,0,nan,0,nan,0
1597988532105166080,1597988532000000000,2020-08-21 13:42:12.000000,3276.8,3300.0,3265.6,3282.0,nan,3281.2,27574,27143147160.0,43393,3277.0,2,3276.4,1,nan,0,nan,0,nan,0,nan,0,nan,0,nan,0,nan,0,nan,0
1597988532595482880,1597988532500000000,2020-08-21 13:42:12.500000,3276.8,3300.0,3265.6,3282.0,nan,3281.2,27574,27143147160.0,43393,3277.2,2,3276.4,2,nan,0,nan,0,nan,0,nan,0,nan,0,nan,0,nan,0,nan,0
1597988533094619904,1597988533000000000,2020-08-21 13:42:13.000000,3276.8,3300.0,3265.6,3282.0,nan,3281.2,27574,27143147160.0,43393,3276.8,1,3276.4,2,nan,0,nan,0,nan,0,nan,0,nan,0,nan,0,nan,0,nan,0
1597988533599332096,1597988533500000000,2020-08-21 13:42:13.500000,3276.8,3300.0,3265.6,3282.0,nan,3281.2,27574,27143147160.0,43393,3276.8,1,3276.4,2,nan,0,nan,0,nan,0,nan,0,nan,0,nan,0,nan,0,nan,0
1597988534109126912,1597988534000000000,2020-08-21 13:42:14.000000,3276.8,3300.0,3265.6,3282.0,nan,3281.2,27574,27143147160.0,43393,3276.6,1,3276.4,2,nan,0,nan,0,nan,0,nan,0,nan,0,nan,0,nan,0,nan,0
