local_nano_time,quote_nano_time,datetime,last_price,highest,lowest,open,close,average,volume,amount,open_interest,ask_price1,ask_volume1,bid_price1,bid_volume1,ask_price2,ask_volume2,bid_price2,bid_volume2,ask_price3,ask_volume3,bid_price3,bid_volume3,ask_price4,ask_volume4,bid_price4,bid_volume4,ask_price5,ask_volume5,bid_price5,bid_volume5
1597988233116712960,1597988233000000000,2020-08-21 13:37:13.000000,14770.0,14945.0,14700.0,14890.0,nan,14764.693548,25371,1872975200.0,28065,14780.0,55,14770.0,12,14785.0,125,14765.0,137,14790.0,11,14760.0,23,14795.0,42,14755.0,28,14800.0,65,14750.0,7
1597988247131397888,1597988247000000000,2020-08-21 13:37:27.000000,14770.0,14945.0,14700.0,14890.0,nan,14764.693548,25371,1872975200.0,28065,14780.0,55,14770.0,11,14785.0,125,14765.0,137,14790.0,11,14760.0,23,14795.0,42,14755.0,28,14800.0,65,14750.0,7
1597988247607428096,1597988247500000000,2020-08-21 13:37:27.500000,14770.0,14945.0,14700.0,14890.0,nan,14764.693548,25371,1872975200.0,28065,14775.0,6,14770.0,11,14780.0,55,14765.0,137,14785.0,125,14760.0,23,14790.0,11,14755.0,28,14795.0,42,14750.0,7
1597988248141078016,1597988248000000000,2020-08-21 13:37:28.000000,14770.0,14945.0,14700.0,14890.0,nan,14764.693548,25371,1872975200.0,28065,14775.0,3,14770.0,9,14780.0,52,14765.0,126,14785.0,113,14760.0,23,14790.0,11,14755.0,28,14795.0,42,14750.0,7
1597988248628029952,1597988248500000000,2020-08-21 13:37:28.500000,14770.0,14945.0,14700.0,14890.0,nan,14764.693548,25371,1872975200.0,28065,14775.0,3,14770.0,9,14780.0,52,14765.0,136,14785.0,125,14760.0,23,14790.0,11,14755.0,28,14795.0,42,14750.0,7
1597988249133446912,1597988249000000000,2020-08-21 13:37:29.000000,14770.0,14945.0,14700.0,14890.0,nan,14764.693548,25371,1872975200.0,28065,14775.0,3,14770.0,11,14780.0,52,14765.0,136,14785.0,125,14760.0,23,14790.0,11,14755.0,28,14795.0,42,14750.0,7
1597988252146452992,1597988252000000000,2020-08-21 13:37:32.000000,14770.0,14945.0,14700.0,14890.0,nan,14764.693757,25372,1873049050.0,28065,14775.0,3,14770.0,10,14780.0,52,14765.0,136,14785.0,125,14760.0,23,14790.0,11,14755.0,28,14795.0,42,14750.0,7
1597988252632361984,1597988252500000000,2020-08-21 13:37:32.500000,14770.0,14945.0,14700.0,14890.0,nan,14764.693757,25372,1873049050.0,28065,14775.0,9,14770.0,10,14780.0,52,14765.0,136,14785.0,125,14760.0,23,14790.0,11,14755.0,28,14795.0,42,14750.0,7
1597988253161126912,1597988253000000000,2020-08-21 13:37:33.000000,14770.0,14945.0,14700.0,14890.0,nan,14764.693757,25372,1873049050.0,28065,14775.0,9,14770.0,8,14780.0,52,14765.0,136,14785.0,125,14760.0,23,14790.0,11,14755.0,28,14795.0,42,14750.0,7
1597988253623398912,1597988253500000000,2020-08-21 13:37:33.500000,14770.0,14945.0,14700.0,14890.0,nan,14764.693757,25372,1873049050.0,28065,14775.0,9,14770.0,8,14780.0,100,14765.0,90,14785.0,74,14760.0,71,14790.0,11,14755.0,28,14795.0,42,14750.0,7
1597988254120216064,1597988254000000000,2020-08-21 13:37:34.000000,14770.0,14945.0,14700.0,14890.0,nan,14764.693757,25372,1873049050.0,28065,14775.0,9,14770.0,8,14780.0,112,14765.0,54,14785.0,38,14760.0,83,14790.0,11,14755.0,28,14795.0,42,14750.0,7
1597988254618164992,1597988254500000000,2020-08-21 13:37:34.500000,14770.0,14945.0,14700.0,14890.0,nan,14764.693757,25372,1873049050.0,28065,14775.0,9,14770.0,8,14780.0,136,14765.0,54,14785.0,38,14760.0,107,14790.0,11,14755.0,28,14795.0,42,14750.0,7
1597988255108496896,1597988255000000000,2020-08-21 13:37:35.000000,14770.0,14945.0,14700.0,14890.0,nan,14764.693757,25372,1873049050.0,28065,14775.0,9,14770.0,9,14780.0,136,14765.0,54,14785.0,38,14760.0,107,14790.0,11,14755.0,28,14795.0,42,14750.0,7
1597988255613861888,1597988255500000000,2020-08-21 13:37:35.500000,14770.0,14945.0,14700.0,14890.0,nan,14764.693757,25372,1873049050.0,28065,14775.0,9,14770.0,9,14780.0,88,14765.0,102,14785.0,86,14760.0,59,14790.0,11,14755.0,28,14795.0,42,14750.0,7
1597988256142628096,1597988256000000000,2020-08-21 13:37:36.000000,14770.0,14945.0,14700.0,14890.0,nan,14764.693757,25372,1873049050.0,28065,14775.0,9,14770.0,9,14780.0,64,14765.0,114,14785.0,97,14760.0,35,14790.0,11,14755.0,28,14795.0,42,14750.0,7
1597988256640300032,1597988256500000000,2020-08-21 13:37:36.500000,14770.0,14945.0,14700.0,14890.0,nan,14764.693757,25372,1873049050.0,28065,14775.0,9,14770.0,9,14780.0,52,14765.0,126,14785.0,109,14760.0,23,14790.0,11,14755.0,28,14795.0,42,14750.0,7
1597988257136376064,1597988257000000000,2020-08-21 13:37:37.000000,14770.0,14945.0,14700.0,14890.0,nan,14764.693757,25372,1873049050.0,28065,14775.0,9,14770.0,9,14780.0,52,14765.0,138,14785.0,108,14760.0,23,14790.0,11,14755.0,28,14795.0,42,14750.0,7
1597988257613019904,1597988257500000000,2020-08-21 13:37:37.500000,14770.0,14945.0,14700.0,14890.0,nan,14764.693757,25372,1873049050.0,28065,14775.0,9,14770.0,9,14780.0,52,14765.0,138,14785.0,120,14760.0,23,14790.0,11,14755.0,28,14795.0,42,14750.0,7
1597988260119164928,1597988260000000000,2020-08-21 13:37:40.000000,14770.0,14945.0,14700.0,14890.0,nan,14764.694175,25374,1873196750.0,28065,14775.0,9,14770.0,7,14780.0,52,14765.0,138,14785.0,120,14760.0,23,14790.0,11,14755.0,28,14795.0,42,14750.0,7
1597988260621853952,1597988260500000000,2020-08-21 13:37:40.500000,14770.0,14945.0,14700.0,14890.0,nan,14764.694175,25374,1873196750.0,28065,14775.0,9,14770.0,7,14780.0,100,14765.0,90,14785.0,72,14760.0,71,14790.0,11,14755.0,28,14795.0,42,14750.0,7
1597988261147589120,1597988261000000000,2020-08-21 13:37:41.000000,14770.0,14945.0,14700.0,14890.0,nan,14764.694175,25374,1873196750.0,28065,14775.0,9,14770.0,7,14780.0,112,14765.0,54,14785.0,36,14760.0,83,14790.0,11,14755.0,28,14795.0,42,14750.0,7
1597988261615590912,1597988261500000000,2020-08-21 13:37:41.500000,14770.0,14945.0,14700.0,14890.0,nan,14764.694175,25374,1873196750.0,28065,14775.0,9,14770.0,7,14780.0,136,14765.0,54,14785.0,36,14760.0,107,14790.0,11,14755.0,28,14795.0,42,14750.0,7
1597988268620858112,1597988268500000000,2020-08-21 13:37:48.500000,14770.0,14945.0,14700.0,14890.0,nan,14764.694175,25374,1873196750.0,28065,14775.0,9,14770.0,7,14780.0,136,14765.0,54,14785.0,36,14760.0,107,14790.0,11,14755.0,28,14795.0,41,14750.0,7
1597988271145858048,1597988271000000000,2020-08-21 13:37:51.000000,14770.0,14945.0,14700.0,14890.0,nan,14764.694384,25375,1873270600.0,28065,14775.0,9,14770.0,6,14780.0,136,14765.0,54,14785.0,36,14760.0,107,14790.0,11,14755.0,28,14795.0,41,14750.0,7
1597988271604206080,1597988271500000000,2020-08-21 13:37:51.500000,14770.0,14945.0,14700.0,14890.0,nan,14764.696056,25383,1873861400.0,28064,14775.0,7,14770.0,3,14780.0,102,14765.0,32,14785.0,36,14760.0,95,14790.0,11,14755.0,28,14795.0,41,14750.0,7
1597988272136039936,1597988272000000000,2020-08-21 13:37:52.000000,14775.0,14945.0,14700.0,14890.0,nan,14764.699523,25393,1874600075.0,28067,14775.0,5,14765.0,32,14780.0,78,14760.0,83,14785.0,36,14755.0,28,14790.0,11,14750.0,7,14795.0,41,14745.0,29
1597988272617810944,1597988272500000000,2020-08-21 13:37:52.500000,14770.0,14945.0,14700.0,14890.0,nan,14764.700138,25395,1874747800.0,28066,14775.0,8,14770.0,1,14780.0,100,14765.0,32,14785.0,24,14760.0,83,14790.0,11,14755.0,28,14795.0,41,14750.0,7
1597988273112212992,1597988273000000000,2020-08-21 13:37:53.000000,14775.0,14945.0,14700.0,14890.0,nan,14764.700543,25396,1874821675.0,28065,14775.0,13,14770.0,3,14780.0,124,14765.0,54,14785.0,36,14760.0,95,14790.0,11,14755.0,28,14795.0,41,14750.0,7
1597988273604236032,1597988273500000000,2020-08-21 13:37:53.500000,14775.0,14945.0,14700.0,14890.0,nan,14764.700543,25396,1874821675.0,28065,14775.0,13,14770.0,3,14780.0,136,14765.0,54,14785.0,36,14760.0,107,14790.0,11,14755.0,28,14795.0,41,14750.0,7
1597988276144089088,1597988276000000000,2020-08-21 13:37:56.000000,14770.0,14945.0,14700.0,14890.0,nan,14764.700752,25397,1874895525.0,28065,14775.0,13,14770.0,2,14780.0,136,14765.0,54,14785.0,36,14760.0,107,14790.0,11,14755.0,28,14795.0,41,14750.0,7
1597988277225957120,1597988277000000000,2020-08-21 13:37:57.000000,14770.0,14945.0,14700.0,14890.0,nan,14764.701169,25399,1875043225.0,28066,14770.0,2,14765.0,32,14775.0,11,14760.0,95,14780.0,102,14755.0,28,14785.0,36,14750.0,7,14790.0,11,14745.0,29
1597988277625037056,1597988277500000000,2020-08-21 13:37:57.500000,14770.0,14945.0,14700.0,14890.0,nan,14764.701587,25401,1875190925.0,28065,14770.0,7,14765.0,7,14775.0,11,14760.0,83,14780.0,88,14755.0,28,14785.0,12,14750.0,7,14790.0,11,14745.0,29
1597988278133348096,1597988278000000000,2020-08-21 13:37:58.000000,14770.0,14945.0,14700.0,14890.0,nan,14764.701587,25401,1875190925.0,28065,14770.0,16,14765.0,6,14775.0,47,14760.0,130,14780.0,116,14755.0,40,14785.0,12,14750.0,7,14790.0,11,14745.0,29
1597988278620986880,1597988278500000000,2020-08-21 13:37:58.500000,14770.0,14945.0,14700.0,14890.0,nan,14764.701587,25401,1875190925.0,28065,14770.0,16,14765.0,6,14775.0,96,14760.0,97,14780.0,80,14755.0,88,14785.0,12,14750.0,7,14790.0,11,14745.0,29
1597988279153129984,1597988279000000000,2020-08-21 13:37:59.000000,14770.0,14945.0,14700.0,14890.0,nan,14764.701587,25401,1875190925.0,28065,14770.0,10,14765.0,12,14775.0,108,14760.0,73,14780.0,56,14755.0,100,14785.0,12,14750.0,7,14790.0,11,14745.0,29
1597988279643611904,1597988279500000000,2020-08-21 13:37:59.500000,14770.0,14945.0,14700.0,14890.0,nan,14764.701587,25401,1875190925.0,28065,14770.0,10,14765.0,12,14775.0,72,14760.0,109,14780.0,92,14755.0,64,14785.0,12,14750.0,7,14790.0,11,14745.0,29
1597988280165904896,1597988280000000000,2020-08-21 13:38:00.000000,14770.0,14945.0,14700.0,14890.0,nan,14764.701587,25401,1875190925.0,28065,14770.0,10,14765.0,12,14775.0,48,14760.0,133,14780.0,116,14755.0,40,14785.0,12,14750.0,7,14790.0,11,14745.0,29
1597988280619004928,1597988280500000000,2020-08-21 13:38:00.500000,14770.0,14945.0,14700.0,14890.0,nan,14764.701587,25401,1875190925.0,28065,14770.0,10,14765.0,12,14775.0,48,14760.0,145,14780.0,128,14755.0,40,14785.0,12,14750.0,7,14790.0,11,14745.0,29
1597988281616965888,1597988281500000000,2020-08-21 13:38:01.500000,14770.0,14945.0,14700.0,14890.0,nan,14764.701587,25401,1875190925.0,28065,14770.0,10,14765.0,12,14775.0,49,14760.0,145,14780.0,128,14755.0,40,14785.0,12,14750.0,7,14790.0,11,14745.0,29
1597988284618226944,1597988284500000000,2020-08-21 13:38:04.500000,14770.0,14945.0,14700.0,14890.0,nan,14764.701587,25401,1875190925.0,28065,14770.0,10,14765.0,13,14775.0,49,14760.0,145,14780.0,128,14755.0,40,14785.0,12,14750.0,7,14790.0,11,14745.0,29
1597988286631472128,1597988286500000000,2020-08-21 13:38:06.500000,14770.0,14945.0,14700.0,14890.0,nan,14764.701587,25401,1875190925.0,28065,14770.0,17,14765.0,13,14775.0,49,14760.0,145,14780.0,128,14755.0,40,14785.0,12,14750.0,7,14790.0,11,14745.0,29
1597988287128423936,1597988287000000000,2020-08-21 13:38:07.000000,14770.0,14945.0,14700.0,14890.0,nan,14764.701587,25401,1875190925.0,28065,14770.0,17,14765.0,7,14775.0,97,14760.0,97,14780.0,80,14755.0,88,14785.0,12,14750.0,7,14790.0,11,14745.0,29
1597988287621032960,1597988287500000000,2020-08-21 13:38:07.500000,14770.0,14945.0,14700.0,14890.0,nan,14764.701587,25401,1875190925.0,28065,14770.0,17,14765.0,7,14775.0,109,14760.0,73,14780.0,56,14755.0,100,14785.0,12,14750.0,7,14790.0,11,14745.0,29
1597988288148771072,1597988288000000000,2020-08-21 13:38:08.000000,14770.0,14945.0,14700.0,14890.0,nan,14764.701587,25401,1875190925.0,28065,14770.0,17,14765.0,7,14775.0,121,14760.0,61,14780.0,44,14755.0,112,14785.0,12,14750.0,7,14790.0,11,14745.0,29
1597988288607334912,1597988288500000000,2020-08-21 13:38:08.500000,14770.0,14945.0,14700.0,14890.0,nan,14764.701587,25401,1875190925.0,28065,14770.0,17,14765.0,7,14775.0,133,14760.0,61,14780.0,44,14755.0,124,14785.0,12,14750.0,7,14790.0,11,14745.0,29
1597988295165232896,1597988295000000000,2020-08-21 13:38:15.000000,14765.0,14945.0,14700.0,14890.0,nan,14764.70161,25403,1875338575.0,28064,14770.0,17,14765.0,5,14775.0,133,14760.0,61,14780.0,44,14755.0,124,14785.0,12,14750.0,7,14790.0,11,14745.0,29
1597988295618915072,1597988295500000000,2020-08-21 13:38:15.500000,14765.0,14945.0,14700.0,14890.0,nan,14764.701669,25408,1875707700.0,28064,14770.0,15,14760.0,39,14775.0,99,14755.0,112,14780.0,44,14750.0,7,14785.0,12,14745.0,29,14790.0,11,14740.0,46
1597988296116350976,1597988296000000000,2020-08-21 13:38:16.000000,14765.0,14945.0,14700.0,14890.0,nan,14764.701669,25408,1875707700.0,28064,14770.0,15,14760.0,27,14775.0,87,14755.0,100,14780.0,32,14750.0,7,14785.0,12,14745.0,29,14790.0,11,14740.0,46
1597988296648244992,1597988296500000000,2020-08-21 13:38:16.500000,14765.0,14945.0,14700.0,14890.0,nan,14764.701669,25408,1875707700.0,28064,14770.0,17,14760.0,38,14775.0,144,14755.0,136,14780.0,20,14750.0,7,14785.0,12,14745.0,29,14790.0,11,14740.0,46
1597988297155868928,1597988297000000000,2020-08-21 13:38:17.000000,14765.0,14945.0,14700.0,14890.0,nan,14764.701669,25408,1875707700.0,28064,14770.0,17,14760.0,51,14775.0,145,14755.0,136,14780.0,32,14750.0,7,14785.0,12,14745.0,29,14790.0,11,14740.0,46
1597988302628680960,1597988302500000000,2020-08-21 13:38:22.500000,14760.0,14945.0,14700.0,14890.0,nan,14764.701299,25410,1875855300.0,28064,14770.0,15,14760.0,49,14775.0,145,14755.0,136,14780.0,32,14750.0,7,14785.0,12,14745.0,29,14790.0,11,14740.0,46
1597988303121672960,1597988303000000000,2020-08-21 13:38:23.000000,14760.0,14945.0,14700.0,14890.0,nan,14764.701299,25410,1875855300.0,28064,14770.0,15,14760.0,50,14775.0,143,14755.0,136,14780.0,32,14750.0,7,14785.0,12,14745.0,29,14790.0,11,14740.0,46
1597988303618854912,1597988303500000000,2020-08-21 13:38:23.500000,14760.0,14945.0,14700.0,14890.0,nan,14764.701299,25410,1875855300.0,28064,14770.0,17,14765.0,1,14775.0,143,14760.0,50,14780.0,32,14755.0,136,14785.0,12,14750.0,7,14790.0,11,14745.0,29
1597988304160617984,1597988304000000000,2020-08-21 13:38:24.000000,14765.0,14945.0,14700.0,14890.0,nan,14764.701346,25414,1876150600.0,28062,14770.0,15,14765.0,1,14775.0,97,14760.0,26,14780.0,32,14755.0,112,14785.0,12,14750.0,7,14790.0,11,14745.0,29
1597988304625690112,1597988304500000000,2020-08-21 13:38:24.500000,14765.0,14945.0,14700.0,14890.0,nan,14764.701346,25414,1876150600.0,28062,14770.0,16,14765.0,1,14775.0,96,14760.0,25,14780.0,32,14755.0,112,14785.0,12,14750.0,7,14790.0,11,14745.0,29
1597988305113614080,1597988305000000000,2020-08-21 13:38:25.000000,14765.0,14945.0,14700.0,14890.0,nan,14764.701346,25414,1876150600.0,28062,14770.0,18,14765.0,3,14775.0,130,14760.0,47,14780.0,32,14755.0,124,14785.0,12,14750.0,7,14790.0,11,14745.0,29
1597988305636131072,1597988305500000000,2020-08-21 13:38:25.500000,14765.0,14945.0,14700.0,14890.0,nan,14764.701346,25414,1876150600.0,28062,14770.0,18,14765.0,3,14775.0,131,14760.0,48,14780.0,32,14755.0,124,14785.0,12,14750.0,7,14790.0,11,14745.0,29
1597988311111187968,1597988311000000000,2020-08-21 13:38:31.000000,14765.0,14945.0,14700.0,14890.0,nan,14764.701346,25414,1876150600.0,28062,14770.0,17,14765.0,3,14775.0,131,14760.0,48,14780.0,32,14755.0,124,14785.0,12,14750.0,7,14790.0,11,14745.0,29
1597988311608579072,1597988311500000000,2020-08-21 13:38:31.500000,14765.0,14945.0,14700.0,14890.0,nan,14764.701346,25414,1876150600.0,28062,14770.0,15,14765.0,3,14775.0,131,14760.0,48,14780.0,32,14755.0,124,14785.0,12,14750.0,7,14790.0,11,14745.0,29
1597988312147343872,1597988312000000000,2020-08-21 13:38:32.000000,14765.0,14945.0,14700.0,14890.0,nan,14764.701346,25414,1876150600.0,28062,14770.0,15,14765.0,5,14775.0,133,14760.0,48,14780.0,32,14755.0,124,14785.0,12,14750.0,7,14790.0,11,14745.0,29
1597988317144310016,1597988317000000000,2020-08-21 13:38:37.000000,14765.0,14945.0,14700.0,14890.0,nan,14764.701404,25419,1876519725.0,28065,14765.0,2,14760.0,26,14770.0,13,14755.0,112,14775.0,99,14750.0,7,14780.0,32,14745.0,29,14785.0,12,14740.0,46
1597988317643197952,1597988317500000000,2020-08-21 13:38:37.500000,14765.0,14945.0,14700.0,14890.0,nan,14764.701428,25421,1876667375.0,28066,14770.0,15,14760.0,13,14775.0,96,14755.0,112,14780.0,20,14750.0,7,14785.0,12,14745.0,29,14790.0,11,14740.0,46
1597988318184464896,1597988318000000000,2020-08-21 13:38:38.000000,14765.0,14945.0,14700.0,14890.0,nan,14764.701428,25421,1876667375.0,28066,14770.0,42,14760.0,16,14775.0,108,14755.0,146,14780.0,20,14750.0,7,14785.0,12,14745.0,29,14790.0,11,14740.0,46
1597988318613696000,1597988318500000000,2020-08-21 13:38:38.500000,14765.0,14945.0,14700.0,14890.0,nan,14764.701428,25421,1876667375.0,28066,14770.0,55,14760.0,14,14775.0,120,14755.0,159,14780.0,20,14750.0,19,14785.0,12,14745.0,29,14790.0,11,14740.0,46
1597988319138059008,1597988319000000000,2020-08-21 13:38:39.000000,14765.0,14945.0,14700.0,14890.0,nan,14764.701428,25421,1876667375.0,28066,14770.0,55,14760.0,12,14775.0,120,14755.0,161,14780.0,20,14750.0,19,14785.0,12,14745.0,29,14790.0,11,14740.0,46
1597988336613978112,1597988336500000000,2020-08-21 13:38:56.500000,14765.0,14945.0,14700.0,14890.0,nan,14764.701428,25421,1876667375.0,28066,14770.0,55,14760.0,12,14775.0,120,14755.0,161,14780.0,21,14750.0,19,14785.0,12,14745.0,29,14790.0,11,14740.0,46
1597988337650884096,1597988337500000000,2020-08-21 13:38:57.500000,14765.0,14945.0,14700.0,14890.0,nan,14764.701428,25421,1876667375.0,28066,14765.0,1,14760.0,12,14770.0,55,14755.0,161,14775.0,120,14750.0,19,14780.0,21,14745.0,29,14785.0,12,14740.0,46
1597988338138230016,1597988338000000000,2020-08-21 13:38:58.000000,14765.0,14945.0,14700.0,14890.0,nan,14764.701463,25424,1876888850.0,28067,14770.0,18,14765.0,2,14775.0,96,14760.0,9,14780.0,21,14755.0,113,14785.0,12,14750.0,7,14790.0,11,14745.0,29
1597988338621684992,1597988338500000000,2020-08-21 13:38:58.500000,14765.0,14945.0,14700.0,14890.0,nan,14764.701487,25426,1877036500.0,28066,14770.0,18,14765.0,2,14775.0,96,14760.0,24,14780.0,33,14755.0,112,14785.0,12,14750.0,7,14790.0,11,14745.0,29
1597988339291772928,1597988339000000000,2020-08-21 13:38:59.000000,14765.0,14945.0,14700.0,14890.0,nan,14764.701487,25426,1877036500.0,28066,14770.0,20,14765.0,4,14775.0,142,14760.0,46,14780.0,33,14755.0,136,14785.0,12,14750.0,7,14790.0,11,14745.0,29
1597988339626298880,1597988339500000000,2020-08-21 13:38:59.500000,14765.0,14945.0,14700.0,14890.0,nan,14764.701487,25426,1877036500.0,28066,14770.0,18,14765.0,4,14775.0,143,14760.0,47,14780.0,33,14755.0,136,14785.0,12,14750.0,7,14790.0,11,14745.0,29
1597988340140470016,1597988340000000000,2020-08-21 13:39:00.000000,14765.0,14945.0,14700.0,14890.0,nan,14764.701487,25426,1877036500.0,28066,14770.0,18,14765.0,4,14775.0,145,14760.0,47,14780.0,33,14755.0,136,14785.0,12,14750.0,7,14790.0,11,14745.0,29
1597988355616057088,1597988355500000000,2020-08-21 13:39:15.500000,14765.0,14945.0,14700.0,14890.0,nan,14764.701487,25426,1877036500.0,28066,14770.0,19,14765.0,4,14775.0,145,14760.0,47,14780.0,33,14755.0,136,14785.0,12,14750.0,7,14790.0,11,14745.0,29
1597988356609249024,1597988356500000000,2020-08-21 13:39:16.500000,14765.0,14945.0,14700.0,14890.0,nan,14764.701487,25426,1877036500.0,28066,14770.0,19,14765.0,6,14775.0,145,14760.0,47,14780.0,33,14755.0,136,14785.0,12,14750.0,7,14790.0,11,14745.0,29
1597988357605812992,1597988357500000000,2020-08-21 13:39:17.500000,14765.0,14945.0,14700.0,14890.0,nan,14764.701487,25426,1877036500.0,28066,14770.0,20,14765.0,6,14775.0,145,14760.0,47,14780.0,33,14755.0,136,14785.0,12,14750.0,7,14790.0,11,14745.0,29
1597988360144580096,1597988360000000000,2020-08-21 13:39:20.000000,14770.0,14945.0,14700.0,14890.0,nan,14764.702528,25431,1877405750.0,28066,14770.0,15,14765.0,6,14775.0,145,14760.0,47,14780.0,33,14755.0,136,14785.0,12,14750.0,7,14790.0,11,14745.0,29
1597988360607911936,1597988360500000000,2020-08-21 13:39:20.500000,14765.0,14945.0,14700.0,14890.0,nan,14764.70254,25432,1877479575.0,28066,14770.0,15,14765.0,5,14775.0,145,14760.0,47,14780.0,33,14755.0,136,14785.0,12,14750.0,7,14790.0,11,14745.0,29
1597988363627318016,1597988363500000000,2020-08-21 13:39:23.500000,14770.0,14945.0,14700.0,14890.0,nan,14764.702748,25433,1877553425.0,28065,14770.0,14,14765.0,4,14775.0,145,14760.0,47,14780.0,33,14755.0,136,14785.0,12,14750.0,7,14790.0,11,14745.0,29
1597988366157558016,1597988366000000000,2020-08-21 13:39:26.000000,14770.0,14945.0,14700.0,14890.0,nan,14764.702748,25433,1877553425.0,28065,14770.0,14,14765.0,13,14775.0,145,14760.0,47,14780.0,33,14755.0,136,14785.0,12,14750.0,7,14790.0,11,14745.0,29
1597988366642017024,1597988366500000000,2020-08-21 13:39:26.500000,14770.0,14945.0,14700.0,14890.0,nan,14764.702748,25433,1877553425.0,28065,14770.0,9,14765.0,13,14775.0,145,14760.0,47,14780.0,33,14755.0,136,14785.0,12,14750.0,7,14790.0,11,14745.0,29
1597988367135729920,1597988367000000000,2020-08-21 13:39:27.000000,14770.0,14945.0,14700.0,14890.0,nan,14764.702748,25433,1877553425.0,28065,14770.0,9,14765.0,13,14775.0,97,14760.0,95,14780.0,81,14755.0,88,14785.0,12,14750.0,7,14790.0,11,14745.0,29
1597988367622217984,1597988367500000000,2020-08-21 13:39:27.500000,14770.0,14945.0,14700.0,14890.0,nan,14764.702748,25433,1877553425.0,28065,14770.0,9,14765.0,13,14775.0,73,14760.0,107,14780.0,93,14755.0,64,14785.0,12,14750.0,7,14790.0,11,14745.0,29
1597988368124372992,1597988368000000000,2020-08-21 13:39:28.000000,14770.0,14945.0,14700.0,14890.0,nan,14764.702748,25433,1877553425.0,28065,14770.0,11,14765.0,13,14775.0,61,14760.0,119,14780.0,105,14755.0,52,14785.0,12,14750.0,7,14790.0,11,14745.0,29
1597988368622829056,1597988368500000000,2020-08-21 13:39:28.500000,14770.0,14945.0,14700.0,14890.0,nan,14764.702748,25433,1877553425.0,28065,14770.0,11,14765.0,13,14775.0,61,14760.0,131,14780.0,117,14755.0,52,14785.0,12,14750.0,7,14790.0,11,14745.0,29
1597988370640631040,1597988370500000000,2020-08-21 13:39:30.500000,14770.0,14945.0,14700.0,14890.0,nan,14764.702748,25433,1877553425.0,28065,14770.0,11,14765.0,13,14775.0,61,14760.0,131,14780.0,106,14755.0,52,14785.0,12,14750.0,7,14790.0,11,14745.0,29
1597988386612602880,1597988386500000000,2020-08-21 13:39:46.500000,14770.0,14945.0,14700.0,14890.0,nan,14764.704206,25440,1878070375.0,28065,14770.0,12,14765.0,11,14775.0,39,14760.0,97,14780.0,94,14755.0,52,14785.0,12,14750.0,7,14790.0,11,14745.0,29
1597988387150771968,1597988387000000000,2020-08-21 13:39:47.000000,14765.0,14945.0,14700.0,14890.0,nan,14764.704334,25451,1878882450.0,28065,14770.0,12,14760.0,61,14775.0,75,14755.0,88,14780.0,58,14750.0,7,14785.0,12,14745.0,29,14790.0,11,14740.0,46
1597988387626515968,1597988387500000000,2020-08-21 13:39:47.500000,14765.0,14945.0,14700.0,14890.0,nan,14764.704334,25451,1878882450.0,28065,14770.0,14,14760.0,49,14775.0,97,14755.0,88,14780.0,22,14750.0,7,14785.0,12,14745.0,29,14790.0,11,14740.0,46
1597988388151661056,1597988388000000000,2020-08-21 13:39:48.000000,14765.0,14945.0,14700.0,14890.0,nan,14764.704334,25451,1878882450.0,28065,14770.0,14,14760.0,49,14775.0,145,14755.0,136,14780.0,22,14750.0,7,14785.0,12,14745.0,29,14790.0,11,14740.0,46
1597988398620594944,1597988398500000000,2020-08-21 13:39:58.500000,14765.0,14945.0,14700.0,14890.0,nan,14764.704334,25451,1878882450.0,28065,14770.0,14,14760.0,49,14775.0,145,14755.0,136,14780.0,23,14750.0,7,14785.0,12,14745.0,29,14790.0,11,14740.0,46
1597988399151164928,1597988399000000000,2020-08-21 13:39:59.000000,14765.0,14945.0,14700.0,14890.0,nan,14764.704334,25451,1878882450.0,28065,14770.0,14,14765.0,1,14775.0,145,14760.0,49,14780.0,23,14755.0,136,14785.0,12,14750.0,7,14790.0,11,14745.0,29
1597988399614163968,1597988399500000000,2020-08-21 13:39:59.500000,14765.0,14945.0,14700.0,14890.0,nan,14764.704334,25451,1878882450.0,28065,14770.0,14,14765.0,8,14775.0,131,14760.0,47,14780.0,23,14755.0,124,14785.0,12,14750.0,7,14790.0,11,14745.0,29
1597988400148080128,1597988400000000000,2020-08-21 13:40:00.000000,14765.0,14945.0,14700.0,14890.0,nan,14764.704334,25451,1878882450.0,28065,14770.0,14,14765.0,8,14775.0,145,14760.0,47,14780.0,23,14755.0,136,14785.0,12,14750.0,7,14790.0,11,14745.0,29
1597988400615089920,1597988400500000000,2020-08-21 13:40:00.500000,14765.0,14945.0,14700.0,14890.0,nan,14764.704427,25459,1879473050.0,28064,14765.0,2,14760.0,25,14770.0,12,14755.0,124,14775.0,111,14750.0,7,14780.0,23,14745.0,29,14785.0,12,14740.0,46
1597988401109122048,1597988401000000000,2020-08-21 13:40:01.000000,14760.0,14945.0,14700.0,14890.0,nan,14764.702984,25470,1880284925.0,28058,14765.0,9,14760.0,3,14770.0,3,14755.0,113,14775.0,96,14750.0,19,14780.0,11,14745.0,29,14785.0,12,14740.0,46
1597988401610023936,1597988401500000000,2020-08-21 13:40:01.500000,14760.0,14945.0,14700.0,14890.0,nan,14764.702904,25480,1881023150.0,28060,14765.0,8,14760.0,10,14770.0,64,14755.0,110,14775.0,72,14750.0,43,14780.0,11,14745.0,29,14785.0,12,14740.0,46
1597988402155491072,1597988402000000000,2020-08-21 13:40:02.000000,14760.0,14945.0,14700.0,14890.0,nan,14764.702755,25484,1881318425.0,28060,14770.0,6,14760.0,13,14775.0,108,14755.0,128,14780.0,11,14750.0,19,14785.0,12,14745.0,29,14790.0,11,14740.0,46
1597988402615234048,1597988402500000000,2020-08-21 13:40:02.500000,14760.0,14945.0,14700.0,14890.0,nan,14764.702755,25484,1881318425.0,28060,14770.0,4,14760.0,15,14775.0,96,14755.0,112,14780.0,11,14750.0,7,14785.0,12,14745.0,29,14790.0,11,14740.0,46
1597988403146616064,1597988403000000000,2020-08-21 13:40:03.000000,14760.0,14945.0,14700.0,14890.0,nan,14764.702755,25484,1881318425.0,28060,14770.0,18,14760.0,41,14775.0,132,14755.0,124,14780.0,11,14750.0,7,14785.0,12,14745.0,29,14790.0,11,14740.0,46
1597988403649285888,1597988403500000000,2020-08-21 13:40:03.500000,14760.0,14945.0,14700.0,14890.0,nan,14764.702755,25484,1881318425.0,28060,14770.0,17,14760.0,54,14775.0,145,14755.0,136,14780.0,23,14750.0,7,14785.0,12,14745.0,29,14790.0,11,14740.0,46
1597988404652182016,1597988404500000000,2020-08-21 13:40:04.500000,14760.0,14945.0,14700.0,14890.0,nan,14764.702755,25484,1881318425.0,28060,14770.0,18,14760.0,54,14775.0,133,14755.0,124,14780.0,23,14750.0,7,14785.0,12,14745.0,29,14790.0,11,14740.0,46
1597988405632326912,1597988405500000000,2020-08-21 13:40:05.500000,14760.0,14945.0,14700.0,14890.0,nan,14764.702755,25484,1881318425.0,28060,14765.0,1,14760.0,62,14770.0,18,14755.0,124,14775.0,133,14750.0,7,14780.0,23,14745.0,29,14785.0,12,14740.0,46
1597988406155102976,1597988406000000000,2020-08-21 13:40:06.000000,14765.0,14945.0,14700.0,14890.0,nan,14764.702801,25488,1881613725.0,28058,14770.0,16,14765.0,1,14775.0,85,14760.0,38,14780.0,23,14755.0,100,14785.0,12,14750.0,7,14790.0,11,14745.0,29
1597988406638938112,1597988406500000000,2020-08-21 13:40:06.500000,14765.0,14945.0,14700.0,14890.0,nan,14764.702801,25488,1881613725.0,28058,14770.0,19,14765.0,9,14775.0,73,14760.0,30,14780.0,23,14755.0,88,14785.0,12,14750.0,7,14790.0,11,14745.0,29
1597988407129893888,1597988407000000000,2020-08-21 13:40:07.000000,14765.0,14945.0,14700.0,14890.0,nan,14764.702801,25488,1881613725.0,28058,14770.0,12,14765.0,17,14775.0,119,14760.0,52,14780.0,23,14755.0,112,14785.0,12,14750.0,7,14790.0,11,14745.0,29
1597988407631954944,1597988407500000000,2020-08-21 13:40:07.500000,14765.0,14945.0,14700.0,14890.0,nan,14764.702801,25488,1881613725.0,28058,14770.0,12,14765.0,17,14775.0,97,14760.0,100,14780.0,59,14755.0,88,14785.0,12,14750.0,7,14790.0,11,14745.0,29
1597988408186006016,1597988408000000000,2020-08-21 13:40:08.000000,14765.0,14945.0,14700.0,14890.0,nan,14764.702801,25488,1881613725.0,28058,14770.0,12,14765.0,17,14775.0,73,14760.0,112,14780.0,70,14755.0,64,14785.0,12,14750.0,7,14790.0,11,14745.0,29
1597988408648344064,1597988408500000000,2020-08-21 13:40:08.500000,14765.0,14945.0,14700.0,14890.0,nan,14764.702813,25489,1881687550.0,28058,14770.0,12,14765.0,16,14775.0,73,14760.0,124,14780.0,83,14755.0,64,14785.0,12,14750.0,7,14790.0,11,14745.0,29
1597988409140464896,1597988409000000000,2020-08-21 13:40:09.000000,14765.0,14945.0,14700.0,14890.0,nan,14764.702813,25489,1881687550.0,28058,14770.0,12,14765.0,16,14775.0,61,14760.0,124,14780.0,83,14755.0,52,14785.0,12,14750.0,7,14790.0,11,14745.0,29
1597988409633605888,1597988409500000000,2020-08-21 13:40:09.500000,14765.0,14945.0,14700.0,14890.0,nan,14764.702813,25489,1881687550.0,28058,14770.0,12,14765.0,16,14775.0,61,14760.0,136,14780.0,95,14755.0,52,14785.0,12,14750.0,7,14790.0,11,14745.0,29
1597988414645084928,1597988414500000000,2020-08-21 13:40:14.500000,14765.0,14945.0,14700.0,14890.0,nan,14764.702813,25489,1881687550.0,28058,14770.0,12,14765.0,16,14775.0,61,14760.0,137,14780.0,95,14755.0,52,14785.0,12,14750.0,7,14790.0,11,14745.0,29
1597988415139488000,1597988415000000000,2020-08-21 13:40:15.000000,14765.0,14945.0,14700.0,14890.0,nan,14764.702813,25489,1881687550.0,28058,14770.0,12,14765.0,16,14775.0,61,14760.0,125,14780.0,95,14755.0,52,14785.0,12,14750.0,7,14790.0,11,14745.0,29
1597988415701377024,1597988415500000000,2020-08-21 13:40:15.500000,14765.0,14945.0,14700.0,14890.0,nan,14764.702813,25489,1881687550.0,28058,14770.0,12,14765.0,16,14775.0,61,14760.0,137,14780.0,95,14755.0,52,14785.0,12,14750.0,7,14790.0,11,14745.0,29
1597988417189586944,1597988417000000000,2020-08-21 13:40:17.000000,14765.0,14945.0,14700.0,14890.0,nan,14764.702813,25489,1881687550.0,28058,14770.0,12,14765.0,16,14775.0,61,14760.0,138,14780.0,95,14755.0,52,14785.0,12,14750.0,7,14790.0,11,14745.0,29
1597988423628065024,1597988423500000000,2020-08-21 13:40:23.500000,14770.0,14945.0,14700.0,14890.0,nan,14764.705098,25500,1882499900.0,28060,14770.0,1,14765.0,15,14775.0,50,14760.0,127,14780.0,95,14755.0,52,14785.0,12,14750.0,7,14790.0,11,14745.0,29
1597988424214734080,1597988424000000000,2020-08-21 13:40:24.000000,14770.0,14945.0,14700.0,14890.0,nan,14764.705917,25503,1882721475.0,28058,14775.0,26,14770.0,1,14780.0,83,14765.0,14,14785.0,12,14760.0,102,14790.0,11,14755.0,52,14795.0,41,14750.0,7
1597988424648038912,1597988424500000000,2020-08-21 13:40:24.500000,14775.0,14945.0,14700.0,14890.0,nan,14764.706736,25506,1882943050.0,28056,14775.0,12,14770.0,10,14780.0,60,14765.0,20,14785.0,12,14760.0,64,14790.0,11,14755.0,28,14795.0,41,14750.0,7
1597988425117561088,1597988425000000000,2020-08-21 13:40:25.000000,14775.0,14945.0,14700.0,14890.0,nan,14764.706736,25506,1882943050.0,28056,14775.0,12,14770.0,12,14780.0,95,14765.0,67,14785.0,48,14760.0,88,14790.0,11,14755.0,28,14795.0,41,14750.0,7
1597988425616282112,1597988425500000000,2020-08-21 13:40:25.500000,14775.0,14945.0,14700.0,14890.0,nan,14764.706736,25506,1882943050.0,28056,14775.0,12,14770.0,12,14780.0,73,14765.0,103,14785.0,84,14760.0,64,14790.0,11,14755.0,28,14795.0,41,14750.0,7
1597988426191273984,1597988426000000000,2020-08-21 13:40:26.000000,14775.0,14945.0,14700.0,14890.0,nan,14764.706736,25506,1882943050.0,28056,14775.0,12,14770.0,12,14780.0,37,14765.0,115,14785.0,96,14760.0,28,14790.0,11,14755.0,28,14795.0,41,14750.0,7
1597988426697678080,1597988426500000000,2020-08-21 13:40:26.500000,14775.0,14945.0,14700.0,14890.0,nan,14764.706736,25506,1882943050.0,28056,14775.0,12,14770.0,12,14780.0,37,14765.0,139,14785.0,120,14760.0,28,14790.0,11,14755.0,28,14795.0,41,14750.0,7
1597988427620612096,1597988427500000000,2020-08-21 13:40:27.500000,14775.0,14945.0,14700.0,14890.0,nan,14764.706736,25506,1882943050.0,28056,14775.0,6,14770.0,12,14780.0,37,14765.0,139,14785.0,120,14760.0,28,14790.0,11,14755.0,28,14795.0,41,14750.0,7
1597988431635699968,1597988431500000000,2020-08-21 13:40:31.500000,14770.0,14945.0,14700.0,14890.0,nan,14764.706943,25507,1883016900.0,28055,14775.0,6,14770.0,13,14780.0,37,14765.0,139,14785.0,120,14760.0,28,14790.0,11,14755.0,28,14795.0,41,14750.0,7
1597988439639038976,1597988439500000000,2020-08-21 13:40:39.500000,14770.0,14945.0,14700.0,14890.0,nan,14764.706943,25507,1883016900.0,28055,14775.0,6,14770.0,13,14780.0,39,14765.0,139,14785.0,120,14760.0,28,14790.0,11,14755.0,28,14795.0,41,14750.0,7
1597988447607179008,1597988447500000000,2020-08-21 13:40:47.500000,14770.0,14945.0,14700.0,14890.0,nan,14764.706943,25507,1883016900.0,28055,14775.0,6,14770.0,14,14780.0,39,14765.0,139,14785.0,120,14760.0,28,14790.0,11,14755.0,28,14795.0,41,14750.0,7
1597988449616544000,1597988449500000000,2020-08-21 13:40:49.500000,14775.0,14945.0,14700.0,14890.0,nan,14764.70775,25509,1883164650.0,28054,14775.0,4,14770.0,12,14780.0,39,14765.0,139,14785.0,120,14760.0,28,14790.0,11,14755.0,28,14795.0,41,14750.0,7
1597988450118042112,1597988450000000000,2020-08-21 13:40:50.000000,14775.0,14945.0,14700.0,14890.0,nan,14764.709364,25513,1883460150.0,28051,14780.0,17,14775.0,2,14785.0,108,14770.0,10,14790.0,11,14765.0,105,14795.0,41,14760.0,28,14800.0,60,14755.0,28
1597988450601549056,1597988450500000000,2020-08-21 13:40:50.500000,14775.0,14945.0,14700.0,14890.0,nan,14764.71017,25515,1883607900.0,28050,14780.0,15,14775.0,14,14785.0,72,14770.0,13,14790.0,23,14765.0,66,14795.0,41,14760.0,28,14800.0,60,14755.0,28
1597988451151011072,1597988451000000000,2020-08-21 13:40:51.000000,14775.0,14945.0,14700.0,14890.0,nan,14764.712187,25520,1883977275.0,28049,14780.0,16,14775.0,11,14785.0,106,14770.0,37,14790.0,23,14765.0,78,14795.0,41,14760.0,28,14800.0,60,14755.0,28
1597988451612930048,1597988451500000000,2020-08-21 13:40:51.500000,14775.0,14945.0,14700.0,14890.0,nan,14764.716619,25531,1884789900.0,28050,14775.0,2,14770.0,16,14780.0,14,14765.0,78,14785.0,87,14760.0,28,14790.0,23,14755.0,28,14795.0,41,14750.0,7
1597988452124316928,1597988452000000000,2020-08-21 13:40:52.000000,14770.0,14945.0,14700.0,14890.0,nan,14764.717447,25535,1885085300.0,28051,14775.0,10,14770.0,1,14780.0,15,14765.0,78,14785.0,84,14760.0,28,14790.0,11,14755.0,28,14795.0,41,14750.0,7
1597988452622615040,1597988452500000000,2020-08-21 13:40:52.500000,14770.0,14945.0,14700.0,14890.0,nan,14764.718329,25544,1885749825.0,28053,14775.0,12,14765.0,50,14780.0,38,14760.0,54,14785.0,60,14755.0,28,14790.0,11,14750.0,7,14795.0,41,14745.0,29
1597988453148631040,1597988453000000000,2020-08-21 13:40:53.000000,14770.0,14945.0,14700.0,14890.0,nan,14764.718329,25544,1885749825.0,28053,14770.0,2,14765.0,14,14775.0,12,14760.0,64,14780.0,50,14755.0,28,14785.0,24,14750.0,7,14790.0,11,14745.0,29
1597988453634117888,1597988453500000000,2020-08-21 13:40:53.500000,14770.0,14945.0,14700.0,14890.0,nan,14764.718329,25544,1885749825.0,28053,14770.0,5,14765.0,3,14775.0,45,14760.0,125,14780.0,86,14755.0,40,14785.0,12,14750.0,7,14790.0,11,14745.0,29
1597988454124750080,1597988454000000000,2020-08-21 13:40:54.000000,14770.0,14945.0,14700.0,14890.0,nan,14764.718329,25544,1885749825.0,28053,14770.0,5,14765.0,10,14775.0,80,14760.0,114,14780.0,74,14755.0,76,14785.0,12,14750.0,7,14790.0,11,14745.0,29
1597988454634224896,1597988454500000000,2020-08-21 13:40:54.500000,14770.0,14945.0,14700.0,14890.0,nan,14764.718329,25544,1885749825.0,28053,14770.0,5,14765.0,10,14775.0,46,14760.0,138,14780.0,98,14755.0,40,14785.0,12,14750.0,7,14790.0,11,14745.0,29
1597988455136837120,1597988455000000000,2020-08-21 13:40:55.000000,14770.0,14945.0,14700.0,14890.0,nan,14764.718329,25544,1885749825.0,28053,14770.0,5,14765.0,10,14775.0,46,14760.0,150,14780.0,110,14755.0,40,14785.0,12,14750.0,7,14790.0,11,14745.0,29
1597988455614547968,1597988455500000000,2020-08-21 13:40:55.500000,14770.0,14945.0,14700.0,14890.0,nan,14764.718329,25544,1885749825.0,28053,14770.0,5,14765.0,11,14775.0,46,14760.0,150,14780.0,110,14755.0,40,14785.0,12,14750.0,7,14790.0,11,14745.0,29
1597988456618640896,1597988456500000000,2020-08-21 13:40:56.500000,14770.0,14945.0,14700.0,14890.0,nan,14764.718329,25544,1885749825.0,28053,14770.0,5,14765.0,12,14775.0,46,14760.0,150,14780.0,110,14755.0,40,14785.0,12,14750.0,7,14790.0,11,14745.0,29
1597988458614512128,1597988458500000000,2020-08-21 13:40:58.500000,14770.0,14945.0,14700.0,14890.0,nan,14764.718329,25544,1885749825.0,28053,14770.0,5,14765.0,11,14775.0,47,14760.0,150,14780.0,110,14755.0,40,14785.0,12,14750.0,7,14790.0,11,14745.0,29
1597988459123241984,1597988459000000000,2020-08-21 13:40:59.000000,14770.0,14945.0,14700.0,14890.0,nan,14764.718329,25544,1885749825.0,28053,14770.0,11,14765.0,11,14775.0,47,14760.0,150,14780.0,110,14755.0,40,14785.0,12,14750.0,7,14790.0,11,14745.0,29
1597988459636024064,1597988459500000000,2020-08-21 13:40:59.500000,14770.0,14945.0,14700.0,14890.0,nan,14764.718536,25545,1885823675.0,28053,14770.0,10,14765.0,8,14775.0,47,14760.0,148,14780.0,110,14755.0,40,14785.0,12,14750.0,7,14790.0,11,14745.0,29
1597988460142299904,1597988460000000000,2020-08-21 13:41:00.000000,14770.0,14945.0,14700.0,14890.0,nan,14764.718536,25545,1885823675.0,28053,14770.0,10,14765.0,8,14775.0,83,14760.0,112,14780.0,74,14755.0,76,14785.0,12,14750.0,7,14790.0,11,14745.0,29
1597988460610641920,1597988460500000000,2020-08-21 13:41:00.500000,14770.0,14945.0,14700.0,14890.0,nan,14764.718536,25545,1885823675.0,28053,14770.0,10,14765.0,16,14775.0,83,14760.0,100,14780.0,62,14755.0,76,14785.0,12,14750.0,7,14790.0,11,14745.0,29
1597988461112969984,1597988461000000000,2020-08-21 13:41:01.000000,14770.0,14945.0,14700.0,14890.0,nan,14764.718536,25545,1885823675.0,28053,14770.0,10,14765.0,16,14775.0,59,14760.0,136,14780.0,98,14755.0,52,14785.0,12,14750.0,7,14790.0,11,14745.0,29
1597988461624743936,1597988461500000000,2020-08-21 13:41:01.500000,14770.0,14945.0,14700.0,14890.0,nan,14764.718536,25545,1885823675.0,28053,14770.0,4,14765.0,16,14775.0,47,14760.0,136,14780.0,98,14755.0,40,14785.0,12,14750.0,7,14790.0,11,14745.0,29
1597988462168633088,1597988462000000000,2020-08-21 13:41:02.000000,14770.0,14945.0,14700.0,14890.0,nan,14764.718536,25545,1885823675.0,28053,14770.0,4,14765.0,16,14775.0,47,14760.0,148,14780.0,110,14755.0,40,14785.0,12,14750.0,7,14790.0,11,14745.0,29
1597988463610909952,1597988463500000000,2020-08-21 13:41:03.500000,14770.0,14945.0,14700.0,14890.0,nan,14764.719363,25549,1886119075.0,28053,14775.0,13,14770.0,1,14780.0,98,14765.0,14,14785.0,12,14760.0,115,14790.0,11,14755.0,40,14795.0,41,14750.0,7
1597988464138291968,1597988464000000000,2020-08-21 13:41:04.000000,14770.0,14945.0,14700.0,14890.0,nan,14764.719363,25549,1886119075.0,28053,14775.0,12,14770.0,17,14780.0,75,14765.0,30,14785.0,24,14760.0,77,14790.0,11,14755.0,28,14795.0,41,14750.0,7
1597988464619153920,1597988464500000000,2020-08-21 13:41:04.500000,14770.0,14945.0,14700.0,14890.0,nan,14764.719363,25549,1886119075.0,28053,14775.0,12,14770.0,19,14780.0,74,14765.0,89,14785.0,72,14760.0,63,14790.0,11,14755.0,28,14795.0,41,14750.0,7
1597988465148135936,1597988465000000000,2020-08-21 13:41:05.000000,14770.0,14945.0,14700.0,14890.0,nan,14764.719363,25549,1886119075.0,28053,14775.0,12,14770.0,19,14780.0,64,14765.0,115,14785.0,96,14760.0,51,14790.0,11,14755.0,28,14795.0,41,14750.0,7
1597988465622446080,1597988465500000000,2020-08-21 13:41:05.500000,14770.0,14945.0,14700.0,14890.0,nan,14764.719363,25549,1886119075.0,28053,14775.0,12,14770.0,19,14780.0,52,14765.0,115,14785.0,96,14760.0,39,14790.0,11,14755.0,28,14795.0,41,14750.0,7
1597988466151454976,1597988466000000000,2020-08-21 13:41:06.000000,14770.0,14945.0,14700.0,14890.0,nan,14764.719363,25549,1886119075.0,28053,14775.0,6,14770.0,19,14780.0,52,14765.0,127,14785.0,108,14760.0,39,14790.0,11,14755.0,28,14795.0,41,14750.0,7
1597988467628851968,1597988467500000000,2020-08-21 13:41:07.500000,14770.0,14945.0,14700.0,14890.0,nan,14764.719363,25549,1886119075.0,28053,14775.0,6,14770.0,20,14780.0,52,14765.0,127,14785.0,108,14760.0,39,14790.0,11,14755.0,28,14795.0,41,14750.0,7
1597988469148556032,1597988469000000000,2020-08-21 13:41:09.000000,14775.0,14945.0,14700.0,14890.0,nan,14764.721777,25555,1886562325.0,28050,14780.0,30,14775.0,2,14785.0,96,14770.0,18,14790.0,11,14765.0,93,14795.0,41,14760.0,39,14800.0,60,14755.0,28
1597988469618778112,1597988469500000000,2020-08-21 13:41:09.500000,14775.0,14945.0,14700.0,14890.0,nan,14764.722581,25557,1886710075.0,28049,14780.0,16,14775.0,10,14785.0,60,14770.0,21,14790.0,23,14765.0,56,14795.0,41,14760.0,27,14800.0,60,14755.0,28
1597988470129253888,1597988470000000000,2020-08-21 13:41:10.000000,14775.0,14945.0,14700.0,14890.0,nan,14764.722581,25557,1886710075.0,28049,14780.0,12,14775.0,12,14785.0,95,14770.0,56,14790.0,40,14765.0,66,14795.0,41,14760.0,27,14800.0,60,14755.0,28
1597988470671425024,1597988470500000000,2020-08-21 13:41:10.500000,14775.0,14945.0,14700.0,14890.0,nan,14764.722581,25557,1886710075.0,28049,14780.0,10,14775.0,12,14785.0,71,14770.0,94,14790.0,76,14765.0,42,14795.0,41,14760.0,27,14800.0,60,14755.0,28
1597988471151625984,1597988471000000000,2020-08-21 13:41:11.000000,14775.0,14945.0,14700.0,14890.0,nan,14764.722581,25557,1886710075.0,28049,14780.0,16,14775.0,12,14785.0,37,14770.0,106,14790.0,88,14765.0,6,14795.0,41,14760.0,27,14800.0,60,14755.0,28
1597988471619841024,1597988471500000000,2020-08-21 13:41:11.500000,14775.0,14945.0,14700.0,14890.0,nan,14764.722581,25557,1886710075.0,28049,14780.0,17,14775.0,12,14785.0,71,14770.0,94,14790.0,76,14765.0,42,14795.0,41,14760.0,27,14800.0,60,14755.0,28
1597988472121765120,1597988472000000000,2020-08-21 13:41:12.000000,14775.0,14945.0,14700.0,14890.0,nan,14764.722581,25557,1886710075.0,28049,14780.0,19,14775.0,12,14785.0,71,14770.0,94,14790.0,76,14765.0,42,14795.0,41,14760.0,27,14800.0,60,14755.0,28
1597988472614895104,1597988472500000000,2020-08-21 13:41:12.500000,14775.0,14945.0,14700.0,14890.0,nan,14764.722581,25557,1886710075.0,28049,14780.0,19,14775.0,13,14785.0,72,14770.0,106,14790.0,88,14765.0,42,14795.0,41,14760.0,27,14800.0,60,14755.0,28
1597988473609754880,1597988473500000000,2020-08-21 13:41:13.500000,14775.0,14945.0,14700.0,14890.0,nan,14764.722581,25557,1886710075.0,28049,14780.0,19,14775.0,13,14785.0,72,14770.0,107,14790.0,88,14765.0,42,14795.0,41,14760.0,27,14800.0,60,14755.0,28
1597988491634455040,1597988491500000000,2020-08-21 13:41:31.500000,14775.0,14945.0,14700.0,14890.0,nan,14764.722581,25557,1886710075.0,28049,14780.0,19,14775.0,13,14785.0,72,14770.0,106,14790.0,88,14765.0,42,14795.0,41,14760.0,27,14800.0,60,14755.0,28
1597988494622764032,1597988494500000000,2020-08-21 13:41:34.500000,14780.0,14945.0,14700.0,14890.0,nan,14764.723776,25559,1886857875.0,28048,14780.0,17,14775.0,11,14785.0,72,14770.0,106,14790.0,88,14765.0,42,14795.0,41,14760.0,27,14800.0,60,14755.0,28
1597988495138568960,1597988495000000000,2020-08-21 13:41:35.000000,14775.0,14945.0,14700.0,14890.0,nan,14764.724178,25560,1886931750.0,28047,14780.0,12,14775.0,10,14785.0,72,14770.0,106,14790.0,88,14765.0,42,14795.0,41,14760.0,27,14800.0,60,14755.0,28
1597988495620609024,1597988495500000000,2020-08-21 13:41:35.500000,14775.0,14945.0,14700.0,14890.0,nan,14764.724178,25560,1886931750.0,28047,14780.0,10,14775.0,16,14785.0,72,14770.0,106,14790.0,88,14765.0,42,14795.0,41,14760.0,27,14800.0,60,14755.0,28
1597988496146823936,1597988496000000000,2020-08-21 13:41:36.000000,14775.0,14945.0,14700.0,14890.0,nan,14764.724178,25560,1886931750.0,28047,14780.0,10,14775.0,16,14785.0,38,14770.0,142,14790.0,124,14765.0,6,14795.0,41,14760.0,27,14800.0,60,14755.0,28
1597988501144139008,1597988501000000000,2020-08-21 13:41:41.000000,14775.0,14945.0,14700.0,14890.0,nan,14764.724178,25560,1886931750.0,28047,14780.0,18,14775.0,16,14785.0,38,14770.0,142,14790.0,124,14765.0,7,14795.0,41,14760.0,27,14800.0,60,14755.0,28
1597988501619053056,1597988501500000000,2020-08-21 13:41:41.500000,14775.0,14945.0,14700.0,14890.0,nan,14764.724178,25560,1886931750.0,28047,14780.0,18,14775.0,16,14785.0,74,14770.0,106,14790.0,88,14765.0,44,14795.0,41,14760.0,27,14800.0,60,14755.0,28
1597988506141366016,1597988506000000000,2020-08-21 13:41:46.000000,14780.0,14945.0,14700.0,14890.0,nan,14764.724776,25561,1887005650.0,28047,14780.0,17,14775.0,16,14785.0,74,14770.0,106,14790.0,88,14765.0,44,14795.0,41,14760.0,27,14800.0,60,14755.0,28
1597988508623677952,1597988508500000000,2020-08-21 13:41:48.500000,14780.0,14945.0,14700.0,14890.0,nan,14764.724776,25561,1887005650.0,28047,14780.0,17,14775.0,16,14785.0,74,14770.0,111,14790.0,88,14765.0,44,14795.0,41,14760.0,27,14800.0,60,14755.0,28
1597988510120186880,1597988510000000000,2020-08-21 13:41:50.000000,14780.0,14945.0,14700.0,14890.0,nan,14764.725374,25562,1887079550.0,28047,14780.0,16,14775.0,16,14785.0,74,14770.0,111,14790.0,83,14765.0,44,14795.0,41,14760.0,27,14800.0,60,14755.0,28
1597988510612402944,1597988510500000000,2020-08-21 13:41:50.500000,14780.0,14945.0,14700.0,14890.0,nan,14764.734928,25578,1888261950.0,28038,14785.0,16,14780.0,2,14790.0,107,14775.0,14,14795.0,46,14770.0,113,14800.0,60,14765.0,8,14805.0,1,14760.0,27
1597988511150810112,1597988511000000000,2020-08-21 13:41:51.000000,14780.0,14945.0,14700.0,14890.0,nan,14764.734928,25578,1888261950.0,28038,14785.0,14,14780.0,15,14790.0,71,14775.0,18,14795.0,58,14770.0,74,14800.0,60,14765.0,8,14805.0,1,14760.0,27
1597988511623537920,1597988511500000000,2020-08-21 13:41:51.500000,14780.0,14945.0,14700.0,14890.0,nan,14764.734928,25578,1888261950.0,28038,14785.0,14,14780.0,17,14790.0,82,14775.0,55,14795.0,70,14770.0,62,14800.0,60,14765.0,8,14805.0,1,14760.0,27
1597988512128816128,1597988512000000000,2020-08-21 13:41:52.000000,14780.0,14945.0,14700.0,14890.0,nan,14764.734928,25578,1888261950.0,28038,14785.0,14,14780.0,17,14790.0,72,14775.0,79,14795.0,94,14770.0,50,14800.0,60,14765.0,8,14805.0,1,14760.0,27
1597988512653782016,1597988512500000000,2020-08-21 13:41:52.500000,14780.0,14945.0,14700.0,14890.0,nan,14764.734928,25578,1888261950.0,28038,14785.0,14,14780.0,17,14790.0,48,14775.0,91,14795.0,106,14770.0,26,14800.0,60,14765.0,8,14805.0,1,14760.0,27
1597988513144546048,1597988513000000000,2020-08-21 13:41:53.000000,14780.0,14945.0,14700.0,14890.0,nan,14764.734928,25578,1888261950.0,28038,14785.0,14,14780.0,17,14790.0,48,14775.0,115,14795.0,130,14770.0,26,14800.0,60,14765.0,8,14805.0,1,14760.0,27
1597988515111782912,1597988515000000000,2020-08-21 13:41:55.000000,14780.0,14945.0,14700.0,14890.0,nan,14764.734928,25578,1888261950.0,28038,14785.0,15,14780.0,17,14790.0,48,14775.0,116,14795.0,130,14770.0,26,14800.0,60,14765.0,8,14805.0,1,14760.0,27
1597988515623279104,1597988515500000000,2020-08-21 13:41:55.500000,14785.0,14945.0,14700.0,14890.0,nan,14764.735721,25579,1888335875.0,28038,14785.0,16,14780.0,17,14790.0,48,14775.0,116,14795.0,130,14770.0,26,14800.0,60,14765.0,8,14805.0,1,14760.0,27
1597988516120865024,1597988516000000000,2020-08-21 13:41:56.000000,14785.0,14945.0,14700.0,14890.0,nan,14764.736513,25580,1888409800.0,28039,14785.0,16,14780.0,17,14790.0,48,14775.0,116,14795.0,130,14770.0,26,14800.0,60,14765.0,8,14805.0,1,14760.0,27
1597988516600823040,1597988516500000000,2020-08-21 13:41:56.500000,14785.0,14945.0,14700.0,14890.0,nan,14764.736513,25580,1888409800.0,28039,14785.0,15,14780.0,17,14790.0,48,14775.0,116,14795.0,130,14770.0,26,14800.0,60,14765.0,8,14805.0,1,14760.0,27
1597988518731288064,1597988518500000000,2020-08-21 13:41:58.500000,14785.0,14945.0,14700.0,14890.0,nan,14764.736513,25580,1888409800.0,28039,14785.0,15,14780.0,17,14790.0,48,14775.0,116,14795.0,130,14770.0,26,14800.0,60,14765.0,8,14805.0,1,14760.0,28
1597988519640628992,1597988519500000000,2020-08-21 13:41:59.500000,14785.0,14945.0,14700.0,14890.0,nan,14764.737305,25581,1888483725.0,28040,14785.0,14,14780.0,17,14790.0,48,14775.0,116,14795.0,130,14770.0,26,14800.0,60,14765.0,8,14805.0,1,14760.0,28
1597988520641043968,1597988520500000000,2020-08-21 13:42:00.500000,14785.0,14945.0,14700.0,14890.0,nan,14764.738097,25582,1888557650.0,28041,14785.0,13,14780.0,17,14790.0,48,14775.0,116,14795.0,130,14770.0,26,14800.0,60,14765.0,8,14805.0,1,14760.0,28
1597988521135563008,1597988521000000000,2020-08-21 13:42:01.000000,14785.0,14945.0,14700.0,14890.0,nan,14764.738097,25582,1888557650.0,28041,14785.0,13,14780.0,18,14790.0,49,14775.0,128,14795.0,142,14770.0,26,14800.0,60,14765.0,8,14805.0,1,14760.0,28
1597988525621175040,1597988525500000000,2020-08-21 13:42:05.500000,14785.0,14945.0,14700.0,14890.0,nan,14764.738097,25582,1888557650.0,28041,14785.0,12,14780.0,18,14790.0,49,14775.0,128,14795.0,142,14770.0,26,14800.0,60,14765.0,8,14805.0,1,14760.0,28
1597988530631456000,1597988530500000000,2020-08-21 13:42:10.500000,14780.0,14945.0,14700.0,14890.0,nan,14764.749424,25601,1889961750.0,28042,14780.0,2,14775.0,82,14785.0,10,14770.0,26,14790.0,27,14765.0,8,14795.0,130,14760.0,28,14800.0,60,14755.0,28
1597988531121879040,1597988531000000000,2020-08-21 13:42:11.000000,14780.0,14945.0,14700.0,14890.0,nan,14764.750615,25603,1890109550.0,28041,14780.0,8,14775.0,44,14785.0,22,14770.0,51,14790.0,36,14765.0,8,14795.0,82,14760.0,28,14800.0,60,14755.0,28
1597988531640781056,1597988531500000000,2020-08-21 13:42:11.500000,14780.0,14945.0,14700.0,14890.0,nan,14764.750615,25603,1890109550.0,28041,14780.0,10,14775.0,21,14785.0,46,14770.0,87,14790.0,59,14765.0,20,14795.0,58,14760.0,28,14800.0,60,14755.0,28
1597988532161901056,1597988532000000000,2020-08-21 13:42:12.000000,14780.0,14945.0,14700.0,14890.0,nan,14764.750615,25603,1890109550.0,28041,14780.0,10,14775.0,9,14785.0,47,14770.0,131,14790.0,107,14765.0,20,14795.0,46,14760.0,28,14800.0,60,14755.0,28
1597988532613805056,1597988532500000000,2020-08-21 13:42:12.500000,14780.0,14945.0,14700.0,14890.0,nan,14764.750615,25603,1890109550.0,28041,14780.0,10,14775.0,9,14785.0,83,14770.0,95,14790.0,71,14765.0,57,14795.0,46,14760.0,28,14800.0,60,14755.0,28
1597988533123639040,1597988533000000000,2020-08-21 13:42:13.000000,14780.0,14945.0,14700.0,14890.0,nan,14764.750615,25603,1890109550.0,28041,14780.0,10,14775.0,9,14785.0,83,14770.0,83,14790.0,59,14765.0,57,14795.0,46,14760.0,28,14800.0,60,14755.0,28
1597988533617047040,1597988533500000000,2020-08-21 13:42:13.500000,14780.0,14945.0,14700.0,14890.0,nan,14764.750615,25603,1890109550.0,28041,14780.0,16,14775.0,3,14785.0,107,14770.0,59,14790.0,35,14765.0,81,14795.0,46,14760.0,28,14800.0,60,14755.0,28
1597988534114571008,1597988534000000000,2020-08-21 13:42:14.000000,14780.0,14945.0,14700.0,14890.0,nan,14764.750615,25603,1890109550.0,28041,14780.0,16,14775.0,3,14785.0,117,14770.0,59,14790.0,35,14765.0,93,14795.0,46,14760.0,28,14800.0,60,14755.0,28
1597988534614184960,1597988534500000000,2020-08-21 13:42:14.500000,14780.0,14945.0,14700.0,14890.0,nan,14764.750615,25603,1890109550.0,28041,14780.0,18,14775.0,3,14785.0,117,14770.0,59,14790.0,35,14765.0,93,14795.0,46,14760.0,28,14800.0,60,14755.0,28
1597988535166174976,1597988535000000000,2020-08-21 13:42:15.000000,14780.0,14945.0,14700.0,14890.0,nan,14764.750615,25603,1890109550.0,28041,14780.0,19,14775.0,4,14785.0,116,14770.0,59,14790.0,35,14765.0,92,14795.0,46,14760.0,28,14800.0,60,14755.0,28
1597988537604020992,1597988537500000000,2020-08-21 13:42:17.500000,14775.0,14945.0,14700.0,14890.0,nan,14764.752216,25607,1890405050.0,28042,14775.0,8,14770.0,37,14780.0,16,14765.0,81,14785.0,83,14760.0,28,14790.0,35,14755.0,28,14795.0,46,14750.0,7
1597988538163572992,1597988538000000000,2020-08-21 13:42:18.000000,14775.0,14945.0,14700.0,14890.0,nan,14764.752216,25607,1890405050.0,28042,14775.0,9,14770.0,22,14780.0,27,14765.0,46,14785.0,47,14760.0,40,14790.0,23,14755.0,28,14795.0,46,14750.0,7
1597988538626885888,1597988538500000000,2020-08-21 13:42:18.500000,14775.0,14945.0,14700.0,14890.0,nan,14764.752216,25607,1890405050.0,28042,14775.0,12,14770.0,12,14780.0,49,14765.0,117,14785.0,93,14760.0,40,14790.0,11,14755.0,28,14795.0,46,14750.0,7
1597988539138255104,1597988539000000000,2020-08-21 13:42:19.000000,14775.0,14945.0,14700.0,14890.0,nan,14764.752216,25607,1890405050.0,28042,14775.0,12,14770.0,12,14780.0,50,14765.0,130,14785.0,105,14760.0,40,14790.0,11,14755.0,28,14795.0,46,14750.0,7
1597988541156656128,1597988541000000000,2020-08-21 13:42:21.000000,14775.0,14945.0,14700.0,14890.0,nan,14764.752616,25608,1890478925.0,28043,14775.0,11,14770.0,12,14780.0,50,14765.0,130,14785.0,105,14760.0,40,14790.0,11,14755.0,28,14795.0,46,14750.0,7
1597988542614540032,1597988542500000000,2020-08-21 13:42:22.500000,14775.0,14945.0,14700.0,14890.0,nan,14764.753017,25609,1890552800.0,28044,14775.0,10,14770.0,12,14780.0,50,14765.0,130,14785.0,105,14760.0,40,14790.0,11,14755.0,28,14795.0,46,14750.0,7
1597988543621131008,1597988543500000000,2020-08-21 13:42:23.500000,14775.0,14945.0,14700.0,14890.0,nan,14764.757016,25619,1891291550.0,28039,14780.0,16,14775.0,3,14785.0,94,14770.0,9,14790.0,11,14765.0,97,14795.0,46,14760.0,40,14800.0,60,14755.0,28
1597988544125723904,1597988544000000000,2020-08-21 13:42:24.000000,14775.0,14945.0,14700.0,14890.0,nan,14764.757416,25620,1891365425.0,28039,14780.0,15,14775.0,6,14785.0,71,14770.0,34,14790.0,23,14765.0,57,14795.0,46,14760.0,28,14800.0,60,14755.0,28
1597988544623297024,1597988544500000000,2020-08-21 13:42:24.500000,14775.0,14945.0,14700.0,14890.0,nan,14764.761217,25630,1892104150.0,28036,14775.0,6,14770.0,12,14780.0,15,14765.0,68,14785.0,72,14760.0,28,14790.0,23,14755.0,28,14795.0,46,14750.0,7
1597988545175528960,1597988545000000000,2020-08-21 13:42:25.000000,14775.0,14945.0,14700.0,14890.0,nan,14764.764013,25637,1892621275.0,28037,14780.0,15,14770.0,3,14785.0,70,14765.0,81,14790.0,11,14760.0,28,14795.0,46,14755.0,28,14800.0,60,14750.0,7
1597988545631439872,1597988545500000000,2020-08-21 13:42:25.500000,14775.0,14945.0,14700.0,14890.0,nan,14764.764013,25637,1892621275.0,28037,14780.0,41,14770.0,18,14785.0,81,14765.0,103,14790.0,11,14760.0,28,14795.0,46,14755.0,28,14800.0,60,14750.0,7
1597988546152645888,1597988546000000000,2020-08-21 13:42:26.000000,14775.0,14945.0,14700.0,14890.0,nan,14764.764013,25637,1892621275.0,28037,14780.0,55,14770.0,18,14785.0,105,14765.0,128,14790.0,11,14760.0,40,14795.0,46,14755.0,28,14800.0,60,14750.0,7
1597988547161814016,1597988547000000000,2020-08-21 13:42:27.000000,14775.0,14945.0,14700.0,14890.0,nan,14764.764013,25637,1892621275.0,28037,14780.0,55,14770.0,20,14785.0,105,14765.0,128,14790.0,11,14760.0,40,14795.0,46,14755.0,28,14800.0,60,14750.0,7
1597988548121628928,1597988548000000000,2020-08-21 13:42:28.000000,14775.0,14945.0,14700.0,14890.0,nan,14764.764013,25637,1892621275.0,28037,14780.0,55,14770.0,21,14785.0,105,14765.0,128,14790.0,11,14760.0,40,14795.0,46,14755.0,28,14800.0,60,14750.0,7
1597988552621179904,1597988552500000000,2020-08-21 13:42:32.500000,14775.0,14945.0,14700.0,14890.0,nan,14764.764013,25637,1892621275.0,28037,14775.0,2,14770.0,21,14780.0,55,14765.0,128,14785.0,105,14760.0,40,14790.0,11,14755.0,28,14795.0,46,14750.0,7
1597988553130857984,1597988553000000000,2020-08-21 13:42:33.000000,14775.0,14945.0,14700.0,14890.0,nan,14764.764412,25638,1892695150.0,28037,14775.0,4,14770.0,21,14780.0,40,14765.0,128,14785.0,105,14760.0,28,14790.0,11,14755.0,28,14795.0,46,14750.0,7
1597988553625136128,1597988553500000000,2020-08-21 13:42:33.500000,14775.0,14945.0,14700.0,14890.0,nan,14764.764412,25638,1892695150.0,28037,14775.0,5,14770.0,20,14780.0,51,14765.0,127,14785.0,105,14760.0,40,14790.0,11,14755.0,28,14795.0,46,14750.0,7
1597988556166094080,1597988556000000000,2020-08-21 13:42:36.000000,14770.0,14945.0,14700.0,14890.0,nan,14764.764821,25640,1892842850.0,28037,14775.0,5,14770.0,18,14780.0,49,14765.0,127,14785.0,105,14760.0,40,14790.0,11,14755.0,28,14795.0,46,14750.0,7
1597988556630142976,1597988556500000000,2020-08-21 13:42:36.500000,14770.0,14945.0,14700.0,14890.0,nan,14764.764821,25640,1892842850.0,28037,14775.0,11,14770.0,19,14780.0,49,14765.0,127,14785.0,105,14760.0,40,14790.0,11,14755.0,28,14795.0,46,14750.0,7
1597988557143753984,1597988557000000000,2020-08-21 13:42:37.000000,14770.0,14945.0,14700.0,14890.0,nan,14764.764821,25640,1892842850.0,28037,14775.0,11,14770.0,12,14780.0,49,14765.0,127,14785.0,105,14760.0,40,14790.0,11,14755.0,28,14795.0,46,14750.0,7
1597988557632860928,1597988557500000000,2020-08-21 13:42:37.500000,14770.0,14945.0,14700.0,14890.0,nan,14764.764821,25640,1892842850.0,28037,14775.0,12,14770.0,12,14780.0,49,14765.0,127,14785.0,105,14760.0,40,14790.0,11,14755.0,28,14795.0,46,14750.0,7
1597988558141568000,1597988558000000000,2020-08-21 13:42:38.000000,14770.0,14945.0,14700.0,14890.0,nan,14764.764821,25640,1892842850.0,28037,14775.0,12,14770.0,7,14780.0,60,14765.0,116,14785.0,94,14760.0,51,14790.0,11,14755.0,28,14795.0,46,14750.0,7
1597988558645672960,1597988558500000000,2020-08-21 13:42:38.500000,14770.0,14945.0,14700.0,14890.0,nan,14764.764821,25640,1892842850.0,28037,14775.0,12,14770.0,7,14780.0,84,14765.0,92,14785.0,70,14760.0,75,14790.0,11,14755.0,28,14795.0,46,14750.0,7
1597988559138131968,1597988559000000000,2020-08-21 13:42:39.000000,14770.0,14945.0,14700.0,14890.0,nan,14764.764821,25640,1892842850.0,28037,14775.0,12,14770.0,7,14780.0,84,14765.0,68,14785.0,46,14760.0,75,14790.0,11,14755.0,28,14795.0,46,14750.0,7
1597988559659638016,1597988559500000000,2020-08-21 13:42:39.500000,14770.0,14945.0,14700.0,14890.0,nan,14764.764821,25640,1892842850.0,28037,14775.0,12,14770.0,7,14780.0,108,14765.0,56,14785.0,34,14760.0,99,14790.0,11,14755.0,28,14795.0,46,14750.0,7
1597988560149324032,1597988560000000000,2020-08-21 13:42:40.000000,14770.0,14945.0,14700.0,14890.0,nan,14764.764821,25640,1892842850.0,28037,14775.0,12,14770.0,7,14780.0,120,14765.0,56,14785.0,34,14760.0,111,14790.0,11,14755.0,28,14795.0,46,14750.0,7
1597988563626171904,1597988563500000000,2020-08-21 13:42:43.500000,14770.0,14945.0,14700.0,14890.0,nan,14764.766249,25647,1893359800.0,28041,14770.0,3,14765.0,34,14775.0,10,14760.0,100,14780.0,87,14755.0,28,14785.0,34,14750.0,7,14790.0,11,14745.0,29
1597988564149147904,1597988564000000000,2020-08-21 13:42:44.000000,14770.0,14945.0,14700.0,14890.0,nan,14764.766249,25647,1893359800.0,28041,14770.0,3,14765.0,7,14775.0,8,14760.0,76,14780.0,61,14755.0,28,14785.0,10,14750.0,7,14790.0,11,14745.0,29
1597988564619452928,1597988564500000000,2020-08-21 13:42:44.500000,14770.0,14945.0,14700.0,14890.0,nan,14764.766249,25647,1893359800.0,28041,14770.0,6,14765.0,15,14775.0,32,14760.0,135,14780.0,95,14755.0,28,14785.0,10,14750.0,7,14790.0,11,14745.0,29
1597988565140379904,1597988565000000000,2020-08-21 13:42:45.000000,14765.0,14945.0,14700.0,14890.0,nan,14764.766259,25648,1893433625.0,28041,14770.0,6,14765.0,14,14775.0,33,14760.0,148,14780.0,107,14755.0,28,14785.0,10,14750.0,7,14790.0,11,14745.0,29
1597988565633900032,1597988565500000000,2020-08-21 13:42:45.500000,14765.0,14945.0,14700.0,14890.0,nan,14764.766259,25648,1893433625.0,28041,14770.0,7,14765.0,14,14775.0,45,14760.0,149,14780.0,107,14755.0,40,14785.0,10,14750.0,7,14790.0,11,14745.0,29
1597988566138414080,1597988566000000000,2020-08-21 13:42:46.000000,14765.0,14945.0,14700.0,14890.0,nan,14764.766259,25648,1893433625.0,28041,14770.0,8,14765.0,14,14775.0,46,14760.0,149,14780.0,107,14755.0,40,14785.0,10,14750.0,7,14790.0,11,14745.0,29
1597988566639792128,1597988566500000000,2020-08-21 13:42:46.500000,14765.0,14945.0,14700.0,14890.0,nan,14764.766259,25648,1893433625.0,28041,14770.0,7,14765.0,13,14775.0,46,14760.0,138,14780.0,96,14755.0,40,14785.0,10,14750.0,7,14790.0,11,14745.0,29
1597988567156004096,1597988567000000000,2020-08-21 13:42:47.000000,14765.0,14945.0,14700.0,14890.0,nan,14764.766259,25648,1893433625.0,28041,14770.0,8,14765.0,14,14775.0,46,14760.0,149,14780.0,107,14755.0,40,14785.0,10,14750.0,7,14790.0,11,14745.0,29
1597988569132485888,1597988569000000000,2020-08-21 13:42:49.000000,14770.0,14945.0,14700.0,14890.0,nan,14764.766463,25649,1893507475.0,28042,14770.0,7,14765.0,14,14775.0,46,14760.0,149,14780.0,107,14755.0,40,14785.0,10,14750.0,7,14790.0,11,14745.0,29
1597988573152184064,1597988573000000000,2020-08-21 13:42:53.000000,14770.0,14945.0,14700.0,14890.0,nan,14764.766667,25650,1893581325.0,28042,14770.0,6,14765.0,14,14775.0,46,14760.0,149,14780.0,107,14755.0,40,14785.0,10,14750.0,7,14790.0,11,14745.0,29
1597988575116381952,1597988575000000000,2020-08-21 13:42:55.000000,14770.0,14945.0,14700.0,14890.0,nan,14764.766667,25650,1893581325.0,28042,14770.0,6,14765.0,14,14775.0,46,14760.0,149,14780.0,107,14755.0,41,14785.0,10,14750.0,7,14790.0,11,14745.0,29
1597988576162432000,1597988576000000000,2020-08-21 13:42:56.000000,14770.0,14945.0,14700.0,14890.0,nan,14764.766667,25650,1893581325.0,28042,14770.0,6,14765.0,14,14775.0,47,14760.0,149,14780.0,107,14755.0,41,14785.0,10,14750.0,7,14790.0,11,14745.0,29
1597988579156262912,1597988579000000000,2020-08-21 13:42:59.000000,14765.0,14945.0,14700.0,14890.0,nan,14764.766676,25651,1893655150.0,28042,14770.0,6,14765.0,13,14775.0,47,14760.0,149,14780.0,107,14755.0,41,14785.0,10,14750.0,7,14790.0,11,14745.0,29
1597988579609217024,1597988579500000000,2020-08-21 13:42:59.500000,14765.0,14945.0,14700.0,14890.0,nan,14764.766676,25651,1893655150.0,28042,14770.0,12,14765.0,13,14775.0,47,14760.0,149,14780.0,107,14755.0,41,14785.0,10,14750.0,7,14790.0,11,14745.0,29
1597988580130629888,1597988580000000000,2020-08-21 13:43:00.000000,14765.0,14945.0,14700.0,14890.0,nan,14764.766676,25651,1893655150.0,28042,14770.0,12,14765.0,7,14775.0,47,14760.0,149,14780.0,107,14755.0,41,14785.0,10,14750.0,7,14790.0,11,14745.0,29
1597988580637267968,1597988580500000000,2020-08-21 13:43:00.500000,14765.0,14945.0,14700.0,14890.0,nan,14764.766685,25652,1893728975.0,28042,14770.0,13,14765.0,6,14775.0,82,14760.0,114,14780.0,72,14755.0,76,14785.0,8,14750.0,7,14790.0,11,14745.0,29
1597988581125100032,1597988581000000000,2020-08-21 13:43:01.000000,14765.0,14945.0,14700.0,14890.0,nan,14764.766694,25653,1893802800.0,28042,14770.0,13,14765.0,4,14775.0,82,14760.0,102,14780.0,60,14755.0,76,14785.0,8,14750.0,7,14790.0,11,14745.0,29
1597988581646691072,1597988581500000000,2020-08-21 13:43:01.500000,14765.0,14945.0,14700.0,14890.0,nan,14764.76673,25657,1894098100.0,28040,14765.0,3,14760.0,80,14770.0,10,14755.0,77,14775.0,59,14750.0,7,14780.0,60,14745.0,29,14785.0,8,14740.0,46
1597988582133967872,1597988582000000000,2020-08-21 13:43:02.000000,14760.0,14945.0,14700.0,14890.0,nan,14764.766359,25659,1894245700.0,28042,14765.0,3,14760.0,51,14770.0,11,14755.0,41,14775.0,27,14750.0,7,14780.0,36,14745.0,29,14785.0,8,14740.0,46
1597988582661797120,1597988582500000000,2020-08-21 13:43:02.500000,14760.0,14945.0,14700.0,14890.0,nan,14764.766359,25659,1894245700.0,28042,14765.0,6,14760.0,55,14770.0,33,14755.0,100,14775.0,62,14750.0,7,14780.0,36,14745.0,29,14785.0,8,14740.0,46
1597988583178324992,1597988583000000000,2020-08-21 13:43:03.000000,14760.0,14945.0,14700.0,14890.0,nan,14764.766359,25659,1894245700.0,28042,14765.0,6,14760.0,30,14770.0,32,14755.0,124,14775.0,85,14750.0,7,14780.0,12,14745.0,29,14785.0,8,14740.0,46
1597988583619296000,1597988583500000000,2020-08-21 13:43:03.500000,14760.0,14945.0,14700.0,14890.0,nan,14764.766359,25659,1894245700.0,28042,14765.0,7,14760.0,31,14770.0,33,14755.0,136,14775.0,97,14750.0,7,14780.0,12,14745.0,29,14785.0,8,14740.0,46
1597988584137326080,1597988584000000000,2020-08-21 13:43:04.000000,14760.0,14945.0,14700.0,14890.0,nan,14764.766359,25659,1894245700.0,28042,14765.0,13,14760.0,31,14770.0,33,14755.0,136,14775.0,97,14750.0,7,14780.0,12,14745.0,29,14785.0,8,14740.0,46
1597988584625507072,1597988584500000000,2020-08-21 13:43:04.500000,14760.0,14945.0,14700.0,14890.0,nan,14764.766359,25659,1894245700.0,28042,14765.0,13,14760.0,25,14770.0,33,14755.0,136,14775.0,97,14750.0,7,14780.0,12,14745.0,29,14785.0,8,14740.0,46
1597988585154348032,1597988585000000000,2020-08-21 13:43:05.000000,14760.0,14945.0,14700.0,14890.0,nan,14764.766359,25659,1894245700.0,28042,14765.0,13,14760.0,24,14770.0,32,14755.0,136,14775.0,97,14750.0,7,14780.0,12,14745.0,29,14785.0,8,14740.0,46
1597988585655440896,1597988585500000000,2020-08-21 13:43:05.500000,14760.0,14945.0,14700.0,14890.0,nan,14764.766359,25659,1894245700.0,28042,14765.0,13,14760.0,24,14770.0,33,14755.0,137,14775.0,97,14750.0,7,14780.0,12,14745.0,29,14785.0,8,14740.0,46
1597988586622330880,1597988586500000000,2020-08-21 13:43:06.500000,14760.0,14945.0,14700.0,14890.0,nan,14764.766359,25659,1894245700.0,28042,14765.0,13,14760.0,21,14770.0,33,14755.0,137,14775.0,97,14750.0,7,14780.0,12,14745.0,29,14785.0,8,14740.0,46
1597988587134804992,1597988587000000000,2020-08-21 13:43:07.000000,14760.0,14945.0,14700.0,14890.0,nan,14764.766359,25659,1894245700.0,28042,14765.0,13,14760.0,21,14770.0,34,14755.0,137,14775.0,97,14750.0,7,14780.0,12,14745.0,29,14785.0,8,14740.0,46
1597988587644418048,1597988587500000000,2020-08-21 13:43:07.500000,14760.0,14945.0,14700.0,14890.0,nan,14764.765987,25661,1894393300.0,28043,14765.0,13,14760.0,19,14770.0,34,14755.0,137,14775.0,97,14750.0,7,14780.0,12,14745.0,29,14785.0,8,14740.0,46
1597988588134203904,1597988588000000000,2020-08-21 13:43:08.000000,14760.0,14945.0,14700.0,14890.0,nan,14764.765987,25661,1894393300.0,28043,14765.0,24,14760.0,19,14770.0,46,14755.0,138,14775.0,97,14750.0,19,14780.0,12,14745.0,29,14785.0,8,14740.0,46
1597988588672007936,1597988588500000000,2020-08-21 13:43:08.500000,14760.0,14945.0,14700.0,14890.0,nan,14764.765802,25662,1894467100.0,28043,14765.0,24,14760.0,18,14770.0,81,14755.0,103,14775.0,62,14750.0,54,14780.0,12,14745.0,29,14785.0,8,14740.0,46
1597988589157940992,1597988589000000000,2020-08-21 13:43:09.000000,14760.0,14945.0,14700.0,14890.0,nan,14764.765802,25662,1894467100.0,28043,14765.0,24,14760.0,18,14770.0,81,14755.0,91,14775.0,50,14750.0,54,14780.0,12,14745.0,29,14785.0,8,14740.0,46
1597988589616897024,1597988589500000000,2020-08-21 13:43:09.500000,14760.0,14945.0,14700.0,14890.0,nan,14764.765802,25662,1894467100.0,28043,14765.0,24,14760.0,18,14770.0,93,14755.0,91,14775.0,50,14750.0,66,14780.0,12,14745.0,29,14785.0,8,14740.0,46
1597988591162551040,1597988591000000000,2020-08-21 13:43:11.000000,14760.0,14945.0,14700.0,14890.0,nan,14764.764316,25670,1895057500.0,28049,14765.0,23,14760.0,10,14770.0,93,14755.0,91,14775.0,50,14750.0,66,14780.0,12,14745.0,29,14785.0,8,14740.0,46
1597988591667578112,1597988591500000000,2020-08-21 13:43:11.500000,14760.0,14945.0,14700.0,14890.0,nan,14764.762461,25680,1895795500.0,28056,14760.0,8,14755.0,69,14765.0,20,14750.0,55,14770.0,60,14745.0,29,14775.0,50,14740.0,46,14780.0,12,14735.0,37
1597988592165812992,1597988592000000000,2020-08-21 13:43:12.000000,14760.0,14945.0,14700.0,14890.0,nan,14764.762461,25680,1895795500.0,28056,14760.0,8,14755.0,42,14765.0,19,14750.0,19,14770.0,22,14745.0,29,14775.0,26,14740.0,46,14780.0,12,14735.0,37
1597988592651486976,1597988592500000000,2020-08-21 13:43:12.500000,14760.0,14945.0,14700.0,14890.0,nan,14764.762461,25680,1895795500.0,28056,14760.0,11,14755.0,45,14765.0,55,14750.0,66,14770.0,46,14745.0,41,14775.0,26,14740.0,46,14780.0,12,14735.0,37
1597988593159752960,1597988593000000000,2020-08-21 13:43:13.000000,14760.0,14945.0,14700.0,14890.0,nan,14764.762461,25680,1895795500.0,28056,14760.0,11,14755.0,32,14765.0,55,14750.0,102,14770.0,81,14745.0,41,14775.0,14,14740.0,46,14780.0,12,14735.0,37
1597988593665095936,1597988593500000000,2020-08-21 13:43:13.500000,14760.0,14945.0,14700.0,14890.0,nan,14764.762461,25680,1895795500.0,28056,14760.0,11,14755.0,33,14765.0,44,14750.0,102,14770.0,81,14745.0,29,14775.0,14,14740.0,46,14780.0,12,14735.0,37
1597988594184355072,1597988594000000000,2020-08-21 13:43:14.000000,14760.0,14945.0,14700.0,14890.0,nan,14764.762461,25680,1895795500.0,28056,14760.0,11,14755.0,33,14765.0,44,14750.0,114,14770.0,93,14745.0,29,14775.0,14,14740.0,46,14780.0,12,14735.0,37
1597988595632616960,1597988595500000000,2020-08-21 13:43:15.500000,14760.0,14945.0,14700.0,14890.0,nan,14764.762461,25680,1895795500.0,28056,14760.0,11,14755.0,33,14765.0,44,14750.0,114,14770.0,93,14745.0,29,14775.0,14,14740.0,46,14780.0,13,14735.0,37
1597988598178220032,1597988598000000000,2020-08-21 13:43:18.000000,14760.0,14945.0,14700.0,14890.0,nan,14764.762461,25680,1895795500.0,28056,14760.0,11,14755.0,34,14765.0,45,14750.0,114,14770.0,93,14745.0,29,14775.0,14,14740.0,46,14780.0,13,14735.0,37
1597988601148064000,1597988601000000000,2020-08-21 13:43:21.000000,14760.0,14945.0,14700.0,14890.0,nan,14764.762461,25680,1895795500.0,28056,14760.0,11,14755.0,34,14765.0,45,14750.0,126,14770.0,105,14745.0,29,14775.0,14,14740.0,46,14780.0,13,14735.0,37
1597988601614006016,1597988601500000000,2020-08-21 13:43:21.500000,14760.0,14945.0,14700.0,14890.0,nan,14764.762461,25680,1895795500.0,28056,14760.0,11,14755.0,34,14765.0,45,14750.0,114,14770.0,93,14745.0,29,14775.0,14,14740.0,46,14780.0,13,14735.0,37
1597988602123862016,1597988602000000000,2020-08-21 13:43:22.000000,14755.0,14945.0,14700.0,14890.0,nan,14764.762081,25681,1895869275.0,28056,14760.0,11,14755.0,33,14765.0,45,14750.0,102,14770.0,93,14745.0,29,14775.0,14,14740.0,46,14780.0,13,14735.0,37
1597988602621516032,1597988602500000000,2020-08-21 13:43:22.500000,14760.0,14945.0,14700.0,14890.0,nan,14764.761895,25682,1895943075.0,28055,14760.0,10,14755.0,43,14765.0,45,14750.0,102,14770.0,93,14745.0,29,14775.0,14,14740.0,46,14780.0,13,14735.0,37
1597988603137472000,1597988603000000000,2020-08-21 13:43:23.000000,14760.0,14945.0,14700.0,14890.0,nan,14764.760042,25692,1896681075.0,28047,14765.0,23,14760.0,3,14770.0,82,14755.0,40,14775.0,14,14750.0,69,14780.0,13,14745.0,29,14785.0,8,14740.0,46
1597988603633059072,1597988603500000000,2020-08-21 13:43:23.500000,14760.0,14945.0,14700.0,14890.0,nan,14764.760042,25692,1896681075.0,28047,14765.0,23,14760.0,3,14770.0,70,14755.0,42,14775.0,14,14750.0,55,14780.0,13,14745.0,29,14785.0,8,14740.0,46
1597988604130135040,1597988604000000000,2020-08-21 13:43:24.000000,14760.0,14945.0,14700.0,14890.0,nan,14764.760042,25692,1896681075.0,28047,14765.0,26,14760.0,6,14770.0,128,14755.0,79,14775.0,26,14750.0,90,14780.0,13,14745.0,29,14785.0,8,14740.0,46
1597988604629477120,1597988604500000000,2020-08-21 13:43:24.500000,14760.0,14945.0,14700.0,14890.0,nan,14764.760042,25692,1896681075.0,28047,14765.0,26,14760.0,6,14770.0,140,14755.0,79,14775.0,26,14750.0,102,14780.0,13,14745.0,29,14785.0,8,14740.0,46
1597988605139899904,1597988605000000000,2020-08-21 13:43:25.000000,14760.0,14945.0,14700.0,14890.0,nan,14764.760042,25692,1896681075.0,28047,14765.0,24,14760.0,6,14770.0,140,14755.0,79,14775.0,26,14750.0,102,14780.0,13,14745.0,29,14785.0,8,14740.0,46
1597988605623419904,1597988605500000000,2020-08-21 13:43:25.500000,14760.0,14945.0,14700.0,14890.0,nan,14764.760042,25692,1896681075.0,28047,14765.0,24,14760.0,6,14770.0,142,14755.0,79,14775.0,26,14750.0,102,14780.0,13,14745.0,29,14785.0,8,14740.0,46
1597988608112103936,1597988608000000000,2020-08-21 13:43:28.000000,14760.0,14945.0,14700.0,14890.0,nan,14764.760042,25692,1896681075.0,28047,14765.0,24,14760.0,6,14770.0,131,14755.0,79,14775.0,26,14750.0,91,14780.0,13,14745.0,29,14785.0,8,14740.0,46
1597988608639828992,1597988608500000000,2020-08-21 13:43:28.500000,14760.0,14945.0,14700.0,14890.0,nan,14764.760042,25692,1896681075.0,28047,14765.0,24,14760.0,6,14770.0,142,14755.0,79,14775.0,26,14750.0,102,14780.0,13,14745.0,29,14785.0,8,14740.0,46
1597988613152431104,1597988613000000000,2020-08-21 13:43:33.000000,14760.0,14945.0,14700.0,14890.0,nan,14764.760042,25692,1896681075.0,28047,14765.0,14,14760.0,6,14770.0,142,14755.0,79,14775.0,26,14750.0,102,14780.0,13,14745.0,29,14785.0,8,14740.0,46
1597988613634883072,1597988613500000000,2020-08-21 13:43:33.500000,14760.0,14945.0,14700.0,14890.0,nan,14764.760042,25692,1896681075.0,28047,14765.0,14,14760.0,12,14770.0,142,14755.0,79,14775.0,36,14750.0,102,14780.0,13,14745.0,29,14785.0,8,14740.0,46
1597988614154733056,1597988614000000000,2020-08-21 13:43:34.000000,14760.0,14945.0,14700.0,14890.0,nan,14764.760042,25692,1896681075.0,28047,14765.0,8,14760.0,12,14770.0,142,14755.0,79,14775.0,36,14750.0,102,14780.0,13,14745.0,29,14785.0,8,14740.0,46
1597988614630117120,1597988614500000000,2020-08-21 13:43:34.500000,14760.0,14945.0,14700.0,14890.0,nan,14764.760042,25692,1896681075.0,28047,14765.0,8,14760.0,12,14770.0,95,14755.0,114,14775.0,71,14750.0,67,14780.0,13,14745.0,29,14785.0,8,14740.0,46
1597988615150454016,1597988615000000000,2020-08-21 13:43:35.000000,14765.0,14945.0,14700.0,14890.0,nan,14764.760117,25700,1897271675.0,28041,14770.0,37,14765.0,3,14775.0,72,14760.0,9,14780.0,13,14755.0,93,14785.0,8,14750.0,43,14790.0,11,14745.0,29
1597988615632324096,1597988615500000000,2020-08-21 13:43:35.500000,14765.0,14945.0,14700.0,14890.0,nan,14764.760358,25705,1897640825.0,28041,14765.0,1,14760.0,21,14770.0,9,14755.0,78,14775.0,73,14750.0,7,14780.0,25,14745.0,29,14785.0,8,14740.0,46
1597988616130065920,1597988616000000000,2020-08-21 13:43:36.000000,14765.0,14945.0,14700.0,14890.0,nan,14764.760414,25711,1898083775.0,28038,14770.0,10,14765.0,5,14775.0,85,14760.0,11,14780.0,13,14755.0,114,14785.0,8,14750.0,7,14790.0,11,14745.0,29
1597988616638227968,1597988616500000000,2020-08-21 13:43:36.500000,14770.0,14945.0,14700.0,14890.0,nan,14764.761636,25717,1898526875.0,28042,14775.0,86,14770.0,2,14780.0,13,14765.0,12,14785.0,8,14760.0,23,14790.0,11,14755.0,97,14795.0,40,14750.0,7
1597988617142162944,1597988617000000000,2020-08-21 13:43:37.000000,14770.0,14945.0,14700.0,14890.0,nan,14764.762247,25720,1898748425.0,28040,14775.0,50,14765.0,24,14780.0,27,14760.0,22,14785.0,20,14755.0,73,14790.0,11,14750.0,7,14795.0,40,14745.0,29
1597988617693350912,1597988617500000000,2020-08-21 13:43:37.500000,14770.0,14945.0,14700.0,14890.0,nan,14764.762247,25720,1898748425.0,28040,14770.0,2,14765.0,18,14775.0,63,14760.0,103,14780.0,84,14755.0,61,14785.0,8,14750.0,7,14790.0,11,14745.0,29
1597988618169393920,1597988618000000000,2020-08-21 13:43:38.000000,14770.0,14945.0,14700.0,14890.0,nan,14764.763672,25727,1899265375.0,28037,14775.0,28,14765.0,15,14780.0,86,14760.0,83,14785.0,8,14755.0,49,14790.0,11,14750.0,7,14795.0,40,14745.0,29
1597988618632873984,1597988618500000000,2020-08-21 13:43:38.500000,14770.0,14945.0,14700.0,14890.0,nan,14764.763672,25727,1899265375.0,28037,14775.0,27,14765.0,15,14780.0,74,14760.0,70,14785.0,8,14755.0,49,14790.0,11,14750.0,7,14795.0,40,14745.0,29
1597988619175844096,1597988619000000000,2020-08-21 13:43:39.000000,14770.0,14945.0,14700.0,14890.0,nan,14764.763672,25727,1899265375.0,28037,14775.0,52,14765.0,18,14780.0,97,14760.0,115,14785.0,8,14755.0,49,14790.0,11,14750.0,7,14795.0,40,14745.0,29
1597988619661555968,1597988619500000000,2020-08-21 13:43:39.500000,14770.0,14945.0,14700.0,14890.0,nan,14764.763672,25727,1899265375.0,28037,14775.0,53,14765.0,18,14780.0,109,14760.0,128,14785.0,8,14755.0,49,14790.0,11,14750.0,7,14795.0,40,14745.0,29
1597988620137629952,1597988620000000000,2020-08-21 13:43:40.000000,14770.0,14945.0,14700.0,14890.0,nan,14764.763672,25727,1899265375.0,28037,14775.0,53,14765.0,18,14780.0,109,14760.0,129,14785.0,8,14755.0,49,14790.0,11,14750.0,7,14795.0,40,14745.0,29
1597988622149197056,1597988622000000000,2020-08-21 13:43:42.000000,14770.0,14945.0,14700.0,14890.0,nan,14764.763672,25727,1899265375.0,28037,14770.0,5,14765.0,18,14775.0,53,14760.0,129,14780.0,109,14755.0,49,14785.0,8,14750.0,7,14790.0,11,14745.0,29
1597988622621328896,1597988622500000000,2020-08-21 13:43:42.500000,14770.0,14945.0,14700.0,14890.0,nan,14764.763672,25727,1899265375.0,28037,14770.0,8,14765.0,18,14775.0,50,14760.0,117,14780.0,97,14755.0,49,14785.0,8,14750.0,7,14790.0,11,14745.0,29
1597988623126324992,1597988623000000000,2020-08-21 13:43:43.000000,14770.0,14945.0,14700.0,14890.0,nan,14764.763672,25727,1899265375.0,28037,14770.0,8,14765.0,16,14775.0,50,14760.0,129,14780.0,109,14755.0,49,14785.0,8,14750.0,7,14790.0,11,14745.0,29
1597988623623066880,1597988623500000000,2020-08-21 13:43:43.500000,14770.0,14945.0,14700.0,14890.0,nan,14764.763672,25727,1899265375.0,28037,14770.0,8,14765.0,16,14775.0,50,14760.0,131,14780.0,109,14755.0,49,14785.0,8,14750.0,7,14790.0,11,14745.0,29
1597988624163629056,1597988624000000000,2020-08-21 13:43:44.000000,14770.0,14945.0,14700.0,14890.0,nan,14764.763672,25727,1899265375.0,28037,14770.0,8,14765.0,16,14775.0,50,14760.0,143,14780.0,121,14755.0,49,14785.0,8,14750.0,7,14790.0,11,14745.0,29
1597988626126916096,1597988626000000000,2020-08-21 13:43:46.000000,14770.0,14945.0,14700.0,14890.0,nan,14764.763672,25727,1899265375.0,28037,14770.0,14,14765.0,16,14775.0,50,14760.0,143,14780.0,121,14755.0,49,14785.0,8,14750.0,7,14790.0,11,14745.0,29
1597988626630479872,1597988626500000000,2020-08-21 13:43:46.500000,14770.0,14945.0,14700.0,14890.0,nan,14764.763672,25727,1899265375.0,28037,14770.0,14,14765.0,10,14775.0,50,14760.0,143,14780.0,121,14755.0,49,14785.0,8,14750.0,7,14790.0,11,14745.0,29
1597988627148090880,1597988627000000000,2020-08-21 13:43:47.000000,14770.0,14945.0,14700.0,14890.0,nan,14764.763672,25727,1899265375.0,28037,14770.0,14,14765.0,8,14775.0,85,14760.0,108,14780.0,86,14755.0,84,14785.0,8,14750.0,7,14790.0,11,14745.0,29
1597988631628048896,1597988631500000000,2020-08-21 13:43:51.500000,14770.0,14945.0,14700.0,14890.0,nan,14764.763672,25727,1899265375.0,28037,14770.0,14,14765.0,7,14775.0,85,14760.0,109,14780.0,86,14755.0,84,14785.0,8,14750.0,7,14790.0,11,14745.0,29
1597988638123866880,1597988638000000000,2020-08-21 13:43:58.000000,14770.0,14945.0,14700.0,14890.0,nan,14764.763672,25727,1899265375.0,28037,14770.0,14,14765.0,7,14775.0,85,14760.0,109,14780.0,86,14755.0,84,14785.0,8,14750.0,12,14790.0,11,14745.0,29
1597988638608702976,1597988638500000000,2020-08-21 13:43:58.500000,14770.0,14945.0,14700.0,14890.0,nan,14764.763672,25727,1899265375.0,28037,14770.0,8,14765.0,13,14775.0,85,14760.0,109,14780.0,86,14755.0,84,14785.0,8,14750.0,12,14790.0,11,14745.0,29
1597988639162100992,1597988639000000000,2020-08-21 13:43:59.000000,14770.0,14945.0,14700.0,14890.0,nan,14764.763672,25727,1899265375.0,28037,14770.0,8,14765.0,13,14775.0,50,14760.0,144,14780.0,121,14755.0,49,14785.0,8,14750.0,12,14790.0,11,14745.0,29
1597988645134173952,1597988645000000000,2020-08-21 13:44:05.000000,14770.0,14945.0,14700.0,14890.0,nan,14764.763672,25727,1899265375.0,28037,14770.0,9,14765.0,13,14775.0,50,14760.0,144,14780.0,121,14755.0,49,14785.0,8,14750.0,12,14790.0,11,14745.0,29
1597988645632784896,1597988645500000000,2020-08-21 13:44:05.500000,14770.0,14945.0,14700.0,14890.0,nan,14764.763672,25727,1899265375.0,28037,14770.0,15,14765.0,13,14775.0,50,14760.0,144,14780.0,121,14755.0,49,14785.0,8,14750.0,12,14790.0,11,14745.0,29
1597988646116595968,1597988646000000000,2020-08-21 13:44:06.000000,14770.0,14945.0,14700.0,14890.0,nan,14764.763672,25727,1899265375.0,28037,14770.0,15,14765.0,7,14775.0,85,14760.0,109,14780.0,86,14755.0,84,14785.0,8,14750.0,12,14790.0,11,14745.0,29
1597988646620207104,1597988646500000000,2020-08-21 13:44:06.500000,14770.0,14945.0,14700.0,14890.0,nan,14764.763672,25727,1899265375.0,28037,14770.0,16,14765.0,7,14775.0,85,14760.0,109,14780.0,86,14755.0,84,14785.0,8,14750.0,12,14790.0,11,14745.0,29
1597988651623579904,1597988651500000000,2020-08-21 13:44:11.500000,14770.0,14945.0,14700.0,14890.0,nan,14764.763672,25727,1899265375.0,28037,14770.0,16,14765.0,7,14775.0,85,14760.0,110,14780.0,86,14755.0,84,14785.0,8,14750.0,12,14790.0,11,14745.0,29
1597988652110151936,1597988652000000000,2020-08-21 13:44:12.000000,14770.0,14945.0,14700.0,14890.0,nan,14764.763672,25727,1899265375.0,28037,14770.0,15,14765.0,7,14775.0,85,14760.0,110,14780.0,86,14755.0,84,14785.0,8,14750.0,12,14790.0,11,14745.0,29
1597988652619430912,1597988652500000000,2020-08-21 13:44:12.500000,14770.0,14945.0,14700.0,14890.0,nan,14764.763672,25727,1899265375.0,28037,14770.0,15,14765.0,7,14775.0,85,14760.0,110,14780.0,88,14755.0,84,14785.0,8,14750.0,12,14790.0,11,14745.0,29
1597988656635417088,1597988656500000000,2020-08-21 13:44:16.500000,14770.0,14945.0,14700.0,14890.0,nan,14764.763672,25727,1899265375.0,28037,14770.0,15,14765.0,7,14775.0,86,14760.0,110,14780.0,88,14755.0,84,14785.0,8,14750.0,12,14790.0,11,14745.0,29
1597988659131214080,1597988659000000000,2020-08-21 13:44:19.000000,14770.0,14945.0,14700.0,14890.0,nan,14764.763672,25727,1899265375.0,28037,14770.0,15,14765.0,13,14775.0,86,14760.0,110,14780.0,88,14755.0,84,14785.0,8,14750.0,12,14790.0,11,14745.0,29
1597988659612932096,1597988659500000000,2020-08-21 13:44:19.500000,14770.0,14945.0,14700.0,14890.0,nan,14764.764098,25731,1899560725.0,28038,14770.0,7,14765.0,11,14775.0,86,14760.0,110,14780.0,88,14755.0,84,14785.0,8,14750.0,12,14790.0,11,14745.0,29
1597988660148621056,1597988660000000000,2020-08-21 13:44:20.000000,14770.0,14945.0,14700.0,14890.0,nan,14764.764098,25731,1899560725.0,28038,14770.0,7,14765.0,11,14775.0,51,14760.0,145,14780.0,123,14755.0,49,14785.0,8,14750.0,12,14790.0,11,14745.0,29
1597988662128751104,1597988662000000000,2020-08-21 13:44:22.000000,14770.0,14945.0,14700.0,14890.0,nan,14764.764098,25731,1899560725.0,28038,14770.0,7,14765.0,11,14775.0,50,14760.0,145,14780.0,123,14755.0,49,14785.0,8,14750.0,12,14790.0,11,14745.0,29
1597988664119177984,1597988664000000000,2020-08-21 13:44:24.000000,14770.0,14945.0,14700.0,14890.0,nan,14764.764098,25731,1899560725.0,28038,14770.0,7,14765.0,11,14775.0,50,14760.0,145,14780.0,121,14755.0,49,14785.0,8,14750.0,12,14790.0,11,14745.0,29
1597988665116347904,1597988665000000000,2020-08-21 13:44:25.000000,14770.0,14945.0,14700.0,14890.0,nan,14764.764098,25731,1899560725.0,28038,14770.0,8,14765.0,11,14775.0,50,14760.0,145,14780.0,121,14755.0,49,14785.0,8,14750.0,12,14790.0,11,14745.0,29
1597988668633528064,1597988668500000000,2020-08-21 13:44:28.500000,14770.0,14945.0,14700.0,14890.0,nan,14764.764098,25731,1899560725.0,28038,14770.0,8,14765.0,11,14775.0,51,14760.0,145,14780.0,121,14755.0,49,14785.0,8,14750.0,12,14790.0,11,14745.0,29
1597988671606765056,1597988671500000000,2020-08-21 13:44:31.500000,14770.0,14945.0,14700.0,14890.0,nan,14764.764098,25731,1899560725.0,28038,14770.0,8,14765.0,11,14775.0,51,14760.0,145,14780.0,122,14755.0,49,14785.0,8,14750.0,12,14790.0,11,14745.0,29
1597988679618423040,1597988679500000000,2020-08-21 13:44:39.500000,14770.0,14945.0,14700.0,14890.0,nan,14764.764098,25731,1899560725.0,28038,14770.0,8,14765.0,11,14775.0,51,14760.0,145,14780.0,121,14755.0,49,14785.0,8,14750.0,12,14790.0,11,14745.0,29
1597988681126705920,1597988681000000000,2020-08-21 13:44:41.000000,14770.0,14945.0,14700.0,14890.0,nan,14764.764098,25731,1899560725.0,28038,14770.0,8,14765.0,11,14775.0,50,14760.0,145,14780.0,121,14755.0,49,14785.0,8,14750.0,12,14790.0,11,14745.0,29
1597988684644841984,1597988684500000000,2020-08-21 13:44:44.500000,14770.0,14945.0,14700.0,14890.0,nan,14764.764098,25731,1899560725.0,28038,14770.0,8,14765.0,11,14775.0,50,14760.0,145,14780.0,122,14755.0,49,14785.0,8,14750.0,12,14790.0,11,14745.0,29
1597988687144648960,1597988687000000000,2020-08-21 13:44:47.000000,14770.0,14945.0,14700.0,14890.0,nan,14764.764098,25731,1899560725.0,28038,14770.0,8,14765.0,11,14775.0,51,14760.0,145,14780.0,122,14755.0,49,14785.0,8,14750.0,12,14790.0,11,14745.0,29
1597988691655918080,1597988691500000000,2020-08-21 13:44:51.500000,14770.0,14945.0,14700.0,14890.0,nan,14764.764098,25731,1899560725.0,28038,14770.0,14,14765.0,5,14775.0,51,14760.0,145,14780.0,122,14755.0,49,14785.0,8,14750.0,12,14790.0,11,14745.0,29
1597988692127618048,1597988692000000000,2020-08-21 13:44:52.000000,14770.0,14945.0,14700.0,14890.0,nan,14764.764098,25731,1899560725.0,28038,14770.0,14,14765.0,5,14775.0,86,14760.0,110,14780.0,87,14755.0,84,14785.0,8,14750.0,12,14790.0,11,14745.0,29
1597988692629351936,1597988692500000000,2020-08-21 13:44:52.500000,14765.0,14945.0,14700.0,14890.0,nan,14764.764144,25736,1899929850.0,28039,14765.0,3,14760.0,76,14770.0,11,14755.0,77,14775.0,65,14750.0,12,14780.0,87,14745.0,29,14785.0,8,14740.0,46
1597988693148457984,1597988693000000000,2020-08-21 13:44:53.000000,14765.0,14945.0,14700.0,14890.0,nan,14764.764144,25736,1899929850.0,28039,14765.0,4,14760.0,28,14770.0,23,14755.0,90,14775.0,62,14750.0,16,14780.0,27,14745.0,29,14785.0,8,14740.0,46
1597988693645892096,1597988693500000000,2020-08-21 13:44:53.500000,14765.0,14945.0,14700.0,14890.0,nan,14764.764144,25736,1899929850.0,28039,14765.0,13,14760.0,12,14770.0,47,14755.0,159,14775.0,120,14750.0,28,14780.0,15,14745.0,29,14785.0,8,14740.0,46
1597988694134301952,1597988694000000000,2020-08-21 13:44:54.000000,14765.0,14945.0,14700.0,14890.0,nan,14764.764144,25736,1899929850.0,28039,14765.0,13,14760.0,10,14770.0,95,14755.0,125,14775.0,85,14750.0,75,14780.0,15,14745.0,29,14785.0,8,14740.0,46
1597988694621757952,1597988694500000000,2020-08-21 13:44:54.500000,14765.0,14945.0,14700.0,14890.0,nan,14764.764144,25736,1899929850.0,28039,14765.0,13,14760.0,10,14770.0,95,14755.0,115,14775.0,73,14750.0,75,14780.0,15,14745.0,29,14785.0,8,14740.0,46
1597988695117123072,1597988695000000000,2020-08-21 13:44:55.000000,14765.0,14945.0,14700.0,14890.0,nan,14764.764144,25736,1899929850.0,28039,14765.0,13,14760.0,10,14770.0,107,14755.0,115,14775.0,73,14750.0,87,14780.0,15,14745.0,29,14785.0,8,14740.0,46
1597988697611202048,1597988697500000000,2020-08-21 13:44:57.500000,14765.0,14945.0,14700.0,14890.0,nan,14764.764144,25736,1899929850.0,28039,14765.0,13,14760.0,11,14770.0,107,14755.0,115,14775.0,73,14750.0,87,14780.0,15,14745.0,29,14785.0,8,14740.0,46
1597988703630297088,1597988703500000000,2020-08-21 13:45:03.500000,14760.0,14945.0,14700.0,14890.0,nan,14764.763959,25737,1900003650.0,28039,14765.0,13,14760.0,10,14770.0,107,14755.0,115,14775.0,73,14750.0,87,14780.0,15,14745.0,29,14785.0,8,14740.0,46
1597988704189519872,1597988704000000000,2020-08-21 13:45:04.000000,14760.0,14945.0,14700.0,14890.0,nan,14764.763588,25739,1900151250.0,28038,14765.0,14,14760.0,9,14770.0,107,14755.0,115,14775.0,73,14750.0,87,14780.0,15,14745.0,29,14785.0,8,14740.0,46
1597988706147438080,1597988706000000000,2020-08-21 13:45:06.000000,14760.0,14945.0,14700.0,14890.0,nan,14764.763588,25739,1900151250.0,28038,14765.0,14,14760.0,17,14770.0,107,14755.0,115,14775.0,73,14750.0,87,14780.0,15,14745.0,29,14785.0,7,14740.0,46
1597988706622840064,1597988706500000000,2020-08-21 13:45:06.500000,14760.0,14945.0,14700.0,14890.0,nan,14764.760444,25756,1901405850.0,28043,14760.0,3,14755.0,129,14765.0,11,14750.0,36,14770.0,38,14745.0,33,14775.0,109,14740.0,46,14780.0,15,14735.0,37
1597988707136772096,1597988707000000000,2020-08-21 13:45:07.000000,14755.0,14945.0,14700.0,14890.0,nan,14764.760065,25757,1901479625.0,28044,14760.0,5,14755.0,79,14765.0,9,14750.0,36,14770.0,36,14745.0,33,14775.0,61,14740.0,46,14780.0,15,14735.0,37
1597988707626575104,1597988707500000000,2020-08-21 13:45:07.500000,14755.0,14945.0,14700.0,14890.0,nan,14764.760065,25757,1901479625.0,28044,14760.0,10,14755.0,82,14765.0,33,14750.0,81,14770.0,59,14745.0,33,14775.0,61,14740.0,46,14780.0,15,14735.0,37
1597988708153444096,1597988708000000000,2020-08-21 13:45:08.000000,14755.0,14945.0,14700.0,14890.0,nan,14764.760065,25757,1901479625.0,28044,14760.0,10,14755.0,57,14765.0,33,14750.0,129,14770.0,106,14745.0,33,14775.0,37,14740.0,46,14780.0,15,14735.0,37
1597988708624123904,1597988708500000000,2020-08-21 13:45:08.500000,14755.0,14945.0,14700.0,14890.0,nan,14764.760065,25757,1901479625.0,28044,14760.0,10,14755.0,46,14765.0,34,14750.0,129,14770.0,106,14745.0,33,14775.0,25,14740.0,46,14780.0,15,14735.0,37
1597988709132770048,1597988709000000000,2020-08-21 13:45:09.000000,14755.0,14945.0,14700.0,14890.0,nan,14764.760065,25757,1901479625.0,28044,14760.0,16,14755.0,46,14765.0,34,14750.0,141,14770.0,118,14745.0,33,14775.0,25,14740.0,46,14780.0,15,14735.0,37
1597988710629753088,1597988710500000000,2020-08-21 13:45:10.500000,14755.0,14945.0,14700.0,14890.0,nan,14764.760065,25757,1901479625.0,28044,14760.0,10,14755.0,46,14765.0,34,14750.0,141,14770.0,118,14745.0,33,14775.0,25,14740.0,46,14780.0,15,14735.0,37
1597988711160015872,1597988711000000000,2020-08-21 13:45:11.000000,14760.0,14945.0,14700.0,14890.0,nan,14764.758218,25767,1902217625.0,28037,14765.0,12,14760.0,3,14770.0,107,14755.0,43,14775.0,25,14750.0,108,14780.0,15,14745.0,33,14785.0,7,14740.0,46
1597988711633423104,1597988711500000000,2020-08-21 13:45:11.500000,14760.0,14945.0,14700.0,14890.0,nan,14764.758218,25767,1902217625.0,28037,14765.0,10,14760.0,3,14770.0,95,14755.0,43,14775.0,25,14750.0,96,14780.0,15,14745.0,33,14785.0,7,14740.0,46
1597988712134085888,1597988712000000000,2020-08-21 13:45:12.000000,14760.0,14945.0,14700.0,14890.0,nan,14764.757858,25770,1902439050.0,28038,14765.0,12,14760.0,4,14770.0,130,14755.0,78,14775.0,37,14750.0,107,14780.0,15,14745.0,33,14785.0,7,14740.0,46
1597988712608183040,1597988712500000000,2020-08-21 13:45:12.500000,14760.0,14945.0,14700.0,14890.0,nan,14764.757858,25770,1902439050.0,28038,14765.0,12,14760.0,4,14770.0,142,14755.0,78,14775.0,37,14750.0,119,14780.0,15,14745.0,33,14785.0,7,14740.0,46
1597988713622763008,1597988713500000000,2020-08-21 13:45:13.500000,14760.0,14945.0,14700.0,14890.0,nan,14764.757858,25770,1902439050.0,28038,14765.0,12,14760.0,5,14770.0,142,14755.0,78,14775.0,37,14750.0,119,14780.0,15,14745.0,33,14785.0,7,14740.0,46
1597988715131648000,1597988715000000000,2020-08-21 13:45:15.000000,14760.0,14945.0,14700.0,14890.0,nan,14764.757673,25771,1902512850.0,28038,14765.0,12,14760.0,4,14770.0,142,14755.0,78,14775.0,37,14750.0,119,14780.0,15,14745.0,33,14785.0,7,14740.0,46
1597988717645344000,1597988717500000000,2020-08-21 13:45:17.500000,14760.0,14945.0,14700.0,14890.0,nan,14764.757673,25771,1902512850.0,28038,14765.0,13,14760.0,4,14770.0,142,14755.0,78,14775.0,37,14750.0,119,14780.0,15,14745.0,33,14785.0,7,14740.0,46
1597988718155578880,1597988718000000000,2020-08-21 13:45:18.000000,14760.0,14945.0,14700.0,14890.0,nan,14764.757673,25771,1902512850.0,28038,14765.0,13,14760.0,3,14770.0,131,14755.0,78,14775.0,37,14750.0,108,14780.0,15,14745.0,33,14785.0,7,14740.0,46
1597988718627023104,1597988718500000000,2020-08-21 13:45:18.500000,14760.0,14945.0,14700.0,14890.0,nan,14764.757673,25771,1902512850.0,28038,14765.0,14,14760.0,4,14770.0,142,14755.0,78,14775.0,37,14750.0,119,14780.0,15,14745.0,33,14785.0,7,14740.0,46
1597988719626894080,1597988719500000000,2020-08-21 13:45:19.500000,14760.0,14945.0,14700.0,14890.0,nan,14764.757673,25771,1902512850.0,28038,14765.0,14,14760.0,4,14770.0,144,14755.0,78,14775.0,37,14750.0,119,14780.0,15,14745.0,33,14785.0,7,14740.0,46
1597988724616353024,1597988724500000000,2020-08-21 13:45:24.500000,14760.0,14945.0,14700.0,14890.0,nan,14764.756935,25775,1902808050.0,28037,14760.0,2,14755.0,56,14765.0,11,14750.0,108,14770.0,111,14745.0,33,14775.0,37,14740.0,46,14780.0,15,14735.0,37
1597988725113721088,1597988725000000000,2020-08-21 13:45:25.000000,14755.0,14945.0,14700.0,14890.0,nan,14764.756187,25778,1903029425.0,28037,14760.0,1,14755.0,54,14765.0,21,14750.0,85,14770.0,85,14745.0,45,14775.0,37,14740.0,46,14780.0,15,14735.0,37
1597988725648265984,1597988725500000000,2020-08-21 13:45:25.500000,14760.0,14945.0,14700.0,14890.0,nan,14764.756003,25779,1903103225.0,28036,14760.0,3,14755.0,57,14765.0,33,14750.0,118,14770.0,96,14745.0,45,14775.0,37,14740.0,46,14780.0,15,14735.0,37
1597988726152406016,1597988726000000000,2020-08-21 13:45:26.000000,14760.0,14945.0,14700.0,14890.0,nan,14764.75545,25782,1903324625.0,28035,14765.0,12,14760.0,3,14770.0,120,14755.0,42,14775.0,25,14750.0,120,14780.0,15,14745.0,33,14785.0,7,14740.0,46
1597988726615770112,1597988726500000000,2020-08-21 13:45:26.500000,14760.0,14945.0,14700.0,14890.0,nan,14764.75545,25782,1903324625.0,28035,14765.0,10,14760.0,4,14770.0,86,14755.0,66,14775.0,49,14750.0,84,14780.0,15,14745.0,33,14785.0,7,14740.0,46
1597988727119252992,1597988727000000000,2020-08-21 13:45:27.000000,14760.0,14945.0,14700.0,14890.0,nan,14764.75545,25782,1903324625.0,28035,14765.0,13,14760.0,13,14770.0,121,14755.0,88,14775.0,49,14750.0,95,14780.0,15,14745.0,33,14785.0,7,14740.0,46
1597988727626934016,1597988727500000000,2020-08-21 13:45:27.500000,14760.0,14945.0,14700.0,14890.0,nan,14764.75545,25782,1903324625.0,28035,14765.0,13,14760.0,7,14770.0,74,14755.0,147,14775.0,108,14750.0,48,14780.0,15,14745.0,33,14785.0,7,14740.0,46
1597988728150494976,1597988728000000000,2020-08-21 13:45:28.000000,14760.0,14945.0,14700.0,14890.0,nan,14764.75545,25782,1903324625.0,28035,14765.0,13,14760.0,7,14770.0,97,14755.0,112,14775.0,73,14750.0,71,14780.0,15,14745.0,33,14785.0,7,14740.0,46
1597988728643065088,1597988728500000000,2020-08-21 13:45:28.500000,14760.0,14945.0,14700.0,14890.0,nan,14764.75545,25782,1903324625.0,28035,14765.0,13,14760.0,7,14770.0,109,14755.0,112,14775.0,73,14750.0,83,14780.0,15,14745.0,33,14785.0,7,14740.0,46
1597988729180619008,1597988729000000000,2020-08-21 13:45:29.000000,14760.0,14945.0,14700.0,14890.0,nan,14764.75545,25782,1903324625.0,28035,14765.0,13,14760.0,7,14770.0,121,14755.0,100,14775.0,61,14750.0,95,14780.0,15,14745.0,33,14785.0,7,14740.0,46
1597988730135553024,1597988730000000000,2020-08-21 13:45:30.000000,14760.0,14945.0,14700.0,14890.0,nan,14764.755265,25783,1903398425.0,28034,14765.0,13,14760.0,10,14770.0,121,14755.0,100,14775.0,61,14750.0,95,14780.0,15,14745.0,33,14785.0,7,14740.0,46
1597988730641113088,1597988730500000000,2020-08-21 13:45:30.500000,14760.0,14945.0,14700.0,14890.0,nan,14764.755265,25783,1903398425.0,28034,14765.0,13,14760.0,14,14770.0,121,14755.0,100,14775.0,61,14750.0,95,14780.0,15,14745.0,33,14785.0,7,14740.0,46
1597988731119838976,1597988731000000000,2020-08-21 13:45:31.000000,14760.0,14945.0,14700.0,14890.0,nan,14764.755265,25783,1903398425.0,28034,14765.0,12,14760.0,14,14770.0,74,14755.0,147,14775.0,108,14750.0,48,14780.0,15,14745.0,33,14785.0,7,14740.0,46
1597988731614945024,1597988731500000000,2020-08-21 13:45:31.500000,14760.0,14945.0,14700.0,14890.0,nan,14764.755265,25783,1903398425.0,28034,14765.0,12,14760.0,14,14770.0,50,14755.0,159,14775.0,120,14750.0,24,14780.0,15,14745.0,33,14785.0,7,14740.0,46
1597988732131184128,1597988732000000000,2020-08-21 13:45:32.000000,14760.0,14945.0,14700.0,14890.0,nan,14764.753974,25790,1903915025.0,28030,14765.0,9,14760.0,6,14770.0,28,14755.0,138,14775.0,121,14750.0,24,14780.0,15,14745.0,33,14785.0,7,14740.0,46
1597988732616289024,1597988732500000000,2020-08-21 13:45:32.500000,14765.0,14945.0,14700.0,14890.0,nan,14764.754041,25797,1904431800.0,28035,14765.0,2,14760.0,6,14770.0,64,14755.0,102,14775.0,85,14750.0,60,14780.0,15,14745.0,33,14785.0,7,14740.0,46
1597988733142695936,1597988733000000000,2020-08-21 13:45:33.000000,14765.0,14945.0,14700.0,14890.0,nan,14764.754041,25797,1904431800.0,28035,14765.0,4,14760.0,15,14770.0,50,14755.0,169,14775.0,132,14750.0,24,14780.0,15,14745.0,33,14785.0,7,14740.0,46
1597988733621381120,1597988733500000000,2020-08-21 13:45:33.500000,14765.0,14945.0,14700.0,14890.0,nan,14764.754041,25797,1904431800.0,28035,14765.0,4,14760.0,17,14770.0,50,14755.0,169,14775.0,132,14750.0,24,14780.0,15,14745.0,33,14785.0,7,14740.0,46
1597988734629052928,1597988734500000000,2020-08-21 13:45:34.500000,14765.0,14945.0,14700.0,14890.0,nan,14764.754079,25801,1904727100.0,28033,14770.0,28,14765.0,3,14775.0,121,14760.0,14,14780.0,15,14755.0,136,14785.0,7,14750.0,24,14790.0,11,14745.0,33
1597988735133603072,1597988735000000000,2020-08-21 13:45:35.000000,14770.0,14945.0,14700.0,14890.0,nan,14764.754302,25804,1904948600.0,28032,14770.0,11,14765.0,7,14775.0,86,14760.0,32,14780.0,39,14755.0,99,14785.0,7,14750.0,12,14790.0,11,14745.0,33
1597988735613100032,1597988735500000000,2020-08-21 13:45:35.500000,14765.0,14945.0,14700.0,14890.0,nan,14764.754311,25805,1905022425.0,28032,14770.0,15,14765.0,9,14775.0,122,14760.0,67,14780.0,51,14755.0,110,14785.0,7,14750.0,12,14790.0,11,14745.0,33
1597988736148685056,1597988736000000000,2020-08-21 13:45:36.000000,14765.0,14945.0,14700.0,14890.0,nan,14764.754321,25806,1905096250.0,28032,14770.0,16,14765.0,8,14775.0,134,14760.0,67,14780.0,51,14755.0,122,14785.0,7,14750.0,12,14790.0,11,14745.0,33
1597988736615923968,1597988736500000000,2020-08-21 13:45:36.500000,14765.0,14945.0,14700.0,14890.0,nan,14764.75434,25808,1905243900.0,28031,14770.0,16,14765.0,6,14775.0,134,14760.0,67,14780.0,51,14755.0,122,14785.0,7,14750.0,12,14790.0,11,14745.0,33
1597988737141949952,1597988737000000000,2020-08-21 13:45:37.000000,14765.0,14945.0,14700.0,14890.0,nan,14764.754397,25814,1905686850.0,28032,14765.0,3,14760.0,33,14770.0,13,14755.0,111,14775.0,101,14750.0,12,14780.0,51,14745.0,33,14785.0,7,14740.0,46
1597988737641673984,1597988737500000000,2020-08-21 13:45:37.500000,14765.0,14945.0,14700.0,14890.0,nan,14764.754397,25814,1905686850.0,28032,14765.0,4,14760.0,9,14770.0,24,14755.0,124,14775.0,98,14750.0,12,14780.0,15,14745.0,33,14785.0,7,14740.0,46
1597988738177138944,1597988738000000000,2020-08-21 13:45:38.000000,14765.0,14945.0,14700.0,14890.0,nan,14764.754397,25814,1905686850.0,28032,14765.0,13,14760.0,5,14770.0,48,14755.0,169,14775.0,132,14750.0,24,14780.0,15,14745.0,33,14785.0,7,14740.0,46
1597988738625563904,1597988738500000000,2020-08-21 13:45:38.500000,14765.0,14945.0,14700.0,14890.0,nan,14764.754397,25814,1905686850.0,28032,14765.0,13,14760.0,3,14770.0,96,14755.0,123,14775.0,85,14750.0,71,14780.0,15,14745.0,33,14785.0,7,14740.0,46
1597988739145039872,1597988739000000000,2020-08-21 13:45:39.000000,14765.0,14945.0,14700.0,14890.0,nan,14764.754397,25814,1905686850.0,28032,14765.0,13,14760.0,3,14770.0,96,14755.0,113,14775.0,73,14750.0,71,14780.0,15,14745.0,33,14785.0,7,14740.0,46
1597988739622169088,1597988739500000000,2020-08-21 13:45:39.500000,14765.0,14945.0,14700.0,14890.0,nan,14764.754397,25814,1905686850.0,28032,14765.0,13,14760.0,3,14770.0,109,14755.0,113,14775.0,73,14750.0,83,14780.0,15,14745.0,33,14785.0,7,14740.0,46
1597988740118221056,1597988740000000000,2020-08-21 13:45:40.000000,14765.0,14945.0,14700.0,14890.0,nan,14764.754397,25814,1905686850.0,28032,14765.0,13,14760.0,3,14770.0,121,14755.0,101,14775.0,61,14750.0,95,14780.0,15,14745.0,33,14785.0,7,14740.0,46
1597988744168295936,1597988744000000000,2020-08-21 13:45:44.000000,14765.0,14945.0,14700.0,14890.0,nan,14764.754397,25814,1905686850.0,28032,14765.0,13,14760.0,4,14770.0,120,14755.0,101,14775.0,61,14750.0,95,14780.0,15,14745.0,33,14785.0,7,14740.0,46
1597988746144335104,1597988746000000000,2020-08-21 13:45:46.000000,14765.0,14945.0,14700.0,14890.0,nan,14764.754397,25814,1905686850.0,28032,14765.0,13,14760.0,5,14770.0,120,14755.0,101,14775.0,61,14750.0,95,14780.0,15,14745.0,33,14785.0,7,14740.0,46
1597988746643367936,1597988746500000000,2020-08-21 13:45:46.500000,14765.0,14945.0,14700.0,14890.0,nan,14764.754397,25814,1905686850.0,28032,14765.0,13,14760.0,6,14770.0,120,14755.0,101,14775.0,61,14750.0,95,14780.0,15,14745.0,33,14785.0,7,14740.0,46
1597988751631922944,1597988751500000000,2020-08-21 13:45:51.500000,14765.0,14945.0,14700.0,14890.0,nan,14764.75452,25827,1906646575.0,28027,14770.0,75,14765.0,3,14775.0,61,14760.0,4,14780.0,15,14755.0,79,14785.0,7,14750.0,84,14790.0,11,14745.0,33
1597988752126917120,1597988752000000000,2020-08-21 13:45:52.000000,14770.0,14945.0,14700.0,14890.0,nan,14764.754724,25828,1906720425.0,28027,14770.0,36,14765.0,4,14775.0,74,14760.0,32,14780.0,27,14755.0,76,14785.0,7,14750.0,36,14790.0,11,14745.0,33
1597988752627122944,1597988752500000000,2020-08-21 13:45:52.500000,14770.0,14945.0,14700.0,14890.0,nan,14764.754927,25829,1906794275.0,28027,14770.0,13,14765.0,7,14775.0,121,14760.0,44,14780.0,27,14755.0,122,14785.0,7,14750.0,12,14790.0,11,14745.0,33
1597988753119891968,1597988753000000000,2020-08-21 13:45:53.000000,14770.0,14945.0,14700.0,14890.0,nan,14764.754927,25829,1906794275.0,28027,14770.0,14,14765.0,7,14775.0,134,14760.0,57,14780.0,39,14755.0,122,14785.0,7,14750.0,12,14790.0,11,14745.0,33
1597988753643343104,1597988753500000000,2020-08-21 13:45:53.500000,14770.0,14945.0,14700.0,14890.0,nan,14764.754927,25829,1906794275.0,28027,14770.0,16,14765.0,7,14775.0,134,14760.0,57,14780.0,39,14755.0,122,14785.0,7,14750.0,12,14790.0,11,14745.0,33
1597988754176284928,1597988754000000000,2020-08-21 13:45:54.000000,14770.0,14945.0,14700.0,14890.0,nan,14764.755333,25831,1906941975.0,28027,14770.0,14,14765.0,7,14775.0,134,14760.0,57,14780.0,39,14755.0,122,14785.0,7,14750.0,12,14790.0,11,14745.0,33
1597988756634337024,1597988756500000000,2020-08-21 13:45:56.500000,14770.0,14945.0,14700.0,14890.0,nan,14764.755333,25831,1906941975.0,28027,14770.0,14,14765.0,7,14775.0,122,14760.0,57,14780.0,39,14755.0,110,14785.0,7,14750.0,12,14790.0,11,14745.0,33
1597988757162370048,1597988757000000000,2020-08-21 13:45:57.000000,14770.0,14945.0,14700.0,14890.0,nan,14764.755333,25831,1906941975.0,28027,14770.0,14,14765.0,7,14775.0,134,14760.0,57,14780.0,39,14755.0,122,14785.0,7,14750.0,12,14790.0,11,14745.0,33
1597988760140617984,1597988760000000000,2020-08-21 13:46:00.000000,14770.0,14945.0,14700.0,14890.0,nan,14764.755333,25831,1906941975.0,28027,14770.0,14,14765.0,7,14775.0,134,14760.0,59,14780.0,39,14755.0,122,14785.0,7,14750.0,12,14790.0,11,14745.0,33
