local_nano_time,quote_nano_time,datetime,last_price,highest,lowest,open,close,average,volume,amount,open_interest,ask_price1,ask_volume1,bid_price1,bid_volume1,ask_price2,ask_volume2,bid_price2,bid_volume2,ask_price3,ask_volume3,bid_price3,bid_volume3,ask_price4,ask_volume4,bid_price4,bid_volume4,ask_price5,ask_volume5,bid_price5,bid_volume5
1597988229826220032,1597988230368000000,2020-08-21 13:37:10.368000,4514.0,4538.0,4466.0,4505.0,nan,4504.0,168674,7598436350.0,143271,4515.0,78,4514.0,21,nan,0,nan,0,nan,0,nan,0,nan,0,nan,0,nan,0,nan,0
1597988230362999040,1597988230868999936,2020-08-21 13:37:10.869000,4514.0,4538.0,4466.0,4505.0,nan,4504.0,168703,7599745430.0,143272,4515.0,72,4514.0,4,nan,0,nan,0,nan,0,nan,0,nan,0,nan,0,nan,0,nan,0
1597988230825860096,1597988231385999872,2020-08-21 13:37:11.386000,4515.0,4538.0,4466.0,4505.0,nan,4504.0,168705,7599835720.0,143273,4515.0,71,4514.0,8,nan,0,nan,0,nan,0,nan,0,nan,0,nan,0,nan,0,nan,0
1597988231323557120,1597988231885999872,2020-08-21 13:37:11.886000,4515.0,4538.0,4466.0,4505.0,nan,4504.0,168706,7599880870.0,143274,4515.0,68,4514.0,8,nan,0,nan,0,nan,0,nan,0,nan,0,nan,0,nan,0,nan,0
1597988231823703040,1597988232336999936,2020-08-21 13:37:12.337000,4515.0,4538.0,4466.0,4505.0,nan,4504.0,168707,7599926020.0,143275,4515.0,71,4514.0,10,nan,0,nan,0,nan,0,nan,0,nan,0,nan,0,nan,0,nan,0
1597988232325750016,1597988232928000000,2020-08-21 13:37:12.928000,4514.0,4538.0,4466.0,4505.0,nan,4504.0,168719,7600467700.0,143276,4514.0,41,4513.0,23,nan,0,nan,0,nan,0,nan,0,nan,0,nan,0,nan,0,nan,0
1597988232823342080,1597988233396000000,2020-08-21 13:37:13.396000,4514.0,4538.0,4466.0,4505.0,nan,4504.0,168730,7600964240.0,143266,4514.0,30,4513.0,25,nan,0,nan,0,nan,0,nan,0,nan,0,nan,0,nan,0,nan,0
1597988233348534016,1597988233885999872,2020-08-21 13:37:13.886000,4514.0,4538.0,4466.0,4505.0,nan,4504.0,168730,7600964240.0,143266,4514.0,30,4513.0,26,nan,0,nan,0,nan,0,nan,0,nan,0,nan,0,nan,0,nan,0
1597988233825761024,1597988234381999872,2020-08-21 13:37:14.382000,4514.0,4538.0,4466.0,4505.0,nan,4504.0,168731,7601009380.0,143266,4514.0,30,4513.0,27,nan,0,nan,0,nan,0,nan,0,nan,0,nan,0,nan,0,nan,0
1597988234324544000,1597988234932000000,2020-08-21 13:37:14.932000,4514.0,4538.0,4466.0,4505.0,nan,4504.0,168734,7601144800.0,143266,4514.0,27,4513.0,27,nan,0,nan,0,nan,0,nan,0,nan,0,nan,0,nan,0,nan,0
1597988234825512960,1597988235413000192,2020-08-21 13:37:15.413000,4514.0,4538.0,4466.0,4505.0,nan,4504.0,168736,7601235080.0,143264,4514.0,25,4513.0,27,nan,0,nan,0,nan,0,nan,0,nan,0,nan,0,nan,0,nan,0
1597988235337904128,1597988235884999936,2020-08-21 13:37:15.885000,4514.0,4538.0,4466.0,4505.0,nan,4504.0,168736,7601235080.0,143264,4514.0,25,4513.0,28,nan,0,nan,0,nan,0,nan,0,nan,0,nan,0,nan,0,nan,0
1597988235825894912,1597988236377000192,2020-08-21 13:37:16.377000,4514.0,4538.0,4466.0,4505.0,nan,4504.0,168737,7601280220.0,143264,4514.0,24,4513.0,28,nan,0,nan,0,nan,0,nan,0,nan,0,nan,0,nan,0,nan,0
1597988236327344128,1597988236841000192,2020-08-21 13:37:16.841000,4514.0,4538.0,4466.0,4505.0,nan,4504.0,168739,7601370500.0,143264,4514.0,22,4513.0,30,nan,0,nan,0,nan,0,nan,0,nan,0,nan,0,nan,0,nan,0
1597988236827716096,1597988237356000000,2020-08-21 13:37:17.356000,4513.0,4538.0,4466.0,4505.0,nan,4504.0,168740,7601415630.0,143265,4514.0,23,4513.0,31,nan,0,nan,0,nan,0,nan,0,nan,0,nan,0,nan,0,nan,0
1597988237322959872,1597988237824999936,2020-08-21 13:37:17.825000,4514.0,4538.0,4466.0,4505.0,nan,4504.0,168745,7601641330.0,143265,4514.0,19,4513.0,34,nan,0,nan,0,nan,0,nan,0,nan,0,nan,0,nan,0,nan,0
1597988237825477888,1597988238430000128,2020-08-21 13:37:18.430000,4513.0,4538.0,4466.0,4505.0,nan,4504.0,168746,7601686460.0,143265,4514.0,20,4513.0,35,nan,0,nan,0,nan,0,nan,0,nan,0,nan,0,nan,0,nan,0
1597988238331520000,1597988238932000000,2020-08-21 13:37:18.932000,4514.0,4538.0,4466.0,4505.0,nan,4504.0,168748,7601776740.0,143264,4514.0,18,4513.0,35,nan,0,nan,0,nan,0,nan,0,nan,0,nan,0,nan,0,nan,0
1597988238823365888,1597988239323000064,2020-08-21 13:37:19.323000,4514.0,4538.0,4466.0,4505.0,nan,4504.0,168748,7601776740.0,143264,4514.0,19,4513.0,35,nan,0,nan,0,nan,0,nan,0,nan,0,nan,0,nan,0,nan,0
1597988239337445120,1597988239908000000,2020-08-21 13:37:19.908000,4514.0,4538.0,4466.0,4505.0,nan,4504.0,168748,7601776740.0,143264,4514.0,20,4513.0,26,nan,0,nan,0,nan,0,nan,0,nan,0,nan,0,nan,0,nan,0
1597988239824832000,1597988240324000000,2020-08-21 13:37:20.324000,4514.0,4538.0,4466.0,4505.0,nan,4504.0,168748,7601776740.0,143264,4514.0,20,4513.0,25,nan,0,nan,0,nan,0,nan,0,nan,0,nan,0,nan,0,nan,0
1597988240325662976,1597988240916000000,2020-08-21 13:37:20.916000,4513.0,4538.0,4466.0,4505.0,nan,4504.0,168749,7601821870.0,143264,4514.0,20,4513.0,24,nan,0,nan,0,nan,0,nan,0,nan,0,nan,0,nan,0,nan,0
1597988240823104000,1597988241421999872,2020-08-21 13:37:21.422000,4512.0,4538.0,4466.0,4505.0,nan,4504.0,168779,7603175710.0,143263,4514.0,20,4513.0,2,nan,0,nan,0,nan,0,nan,0,nan,0,nan,0,nan,0,nan,0
1597988241326113024,1597988241855000064,2020-08-21 13:37:21.855000,4513.0,4538.0,4466.0,4505.0,nan,4504.0,168787,7603536750.0,143263,4513.0,9,4512.0,10,nan,0,nan,0,nan,0,nan,0,nan,0,nan,0,nan,0,nan,0
1597988242823877120,1597988243426000128,2020-08-21 13:37:23.426000,4513.0,4538.0,4466.0,4505.0,nan,4504.0,168798,7604033180.0,143264,4513.0,12,4512.0,12,nan,0,nan,0,nan,0,nan,0,nan,0,nan,0,nan,0,nan,0
1597988243327115008,1597988243868999936,2020-08-21 13:37:23.869000,4513.0,4538.0,4466.0,4505.0,nan,4504.0,168809,7604529610.0,143275,4513.0,7,4512.0,17,nan,0,nan,0,nan,0,nan,0,nan,0,nan,0,nan,0,nan,0
1597988243826372096,1597988244374000128,2020-08-21 13:37:24.374000,4513.0,4538.0,4466.0,4505.0,nan,4504.0,168825,7605251680.0,143282,4514.0,25,4513.0,25,nan,0,nan,0,nan,0,nan,0,nan,0,nan,0,nan,0,nan,0
1597988244323389952,1597988244805000192,2020-08-21 13:37:24.805000,4513.0,4538.0,4466.0,4505.0,nan,4504.0,168825,7605251680.0,143282,4514.0,25,4513.0,28,nan,0,nan,0,nan,0,nan,0,nan,0,nan,0,nan,0,nan,0
1597988244824466944,1597988245427000064,2020-08-21 13:37:25.427000,4514.0,4538.0,4466.0,4505.0,nan,4504.0,168837,7605793260.0,143281,4514.0,23,4513.0,19,nan,0,nan,0,nan,0,nan,0,nan,0,nan,0,nan,0,nan,0
1597988245341233920,1597988245838000128,2020-08-21 13:37:25.838000,4514.0,4538.0,4466.0,4505.0,nan,4504.0,168837,7605793260.0,143281,4514.0,22,4513.0,19,nan,0,nan,0,nan,0,nan,0,nan,0,nan,0,nan,0,nan,0
1597988246823448064,1597988247434000128,2020-08-21 13:37:27.434000,4513.0,4538.0,4466.0,4505.0,nan,4504.0,168838,7605838390.0,143282,4514.0,23,4513.0,27,nan,0,nan,0,nan,0,nan,0,nan,0,nan,0,nan,0,nan,0
1597988247326078976,1597988247823000064,2020-08-21 13:37:27.823000,4514.0,4538.0,4466.0,4505.0,nan,4504.0,168843,7606064090.0,143282,4514.0,17,4513.0,35,nan,0,nan,0,nan,0,nan,0,nan,0,nan,0,nan,0,nan,0
1597988247821659904,1597988248341000192,2020-08-21 13:37:28.341000,4513.0,4538.0,4466.0,4505.0,nan,4504.0,168844,7606109220.0,143282,4514.0,17,4513.0,38,nan,0,nan,0,nan,0,nan,0,nan,0,nan,0,nan,0,nan,0
1597988248352860928,1597988248826999808,2020-08-21 13:37:28.827000,4513.0,4538.0,4466.0,4505.0,nan,4504.0,168844,7606109220.0,143282,4514.0,19,4513.0,38,nan,0,nan,0,nan,0,nan,0,nan,0,nan,0,nan,0,nan,0
1597988248822156032,1597988249323000064,2020-08-21 13:37:29.323000,4514.0,4538.0,4466.0,4505.0,nan,4504.0,168849,7606334920.0,143282,4514.0,13,4513.0,39,nan,0,nan,0,nan,0,nan,0,nan,0,nan,0,nan,0,nan,0
1597988249824171008,1597988250401999872,2020-08-21 13:37:30.402000,4514.0,4538.0,4466.0,4505.0,nan,4504.0,168849,7606334920.0,143282,4514.0,14,4513.0,39,nan,0,nan,0,nan,0,nan,0,nan,0,nan,0,nan,0,nan,0
1597988250325383936,1597988250920000000,2020-08-21 13:37:30.920000,4514.0,4538.0,4466.0,4505.0,nan,4504.0,168849,7606334920.0,143282,4514.0,14,4513.0,41,nan,0,nan,0,nan,0,nan,0,nan,0,nan,0,nan,0,nan,0
1597988250824152064,1597988251436000000,2020-08-21 13:37:31.436000,4513.0,4538.0,4466.0,4505.0,nan,4504.0,168850,7606380050.0,143282,4514.0,15,4513.0,45,nan,0,nan,0,nan,0,nan,0,nan,0,nan,0,nan,0,nan,0
1597988252323842048,1597988252872000000,2020-08-21 13:37:32.872000,4513.0,4538.0,4466.0,4505.0,nan,4504.0,168850,7606380050.0,143282,4514.0,15,4513.0,46,nan,0,nan,0,nan,0,nan,0,nan,0,nan,0,nan,0,nan,0
1597988254346107904,1597988254935000064,2020-08-21 13:37:34.935000,4513.0,4538.0,4466.0,4505.0,nan,4504.0,168857,7606696010.0,143286,4514.0,10,4513.0,43,nan,0,nan,0,nan,0,nan,0,nan,0,nan,0,nan,0,nan,0
1597988254827469056,1597988255424000000,2020-08-21 13:37:35.424000,4513.0,4538.0,4466.0,4505.0,nan,4504.0,168857,7606696010.0,143286,4514.0,10,4513.0,44,nan,0,nan,0,nan,0,nan,0,nan,0,nan,0,nan,0,nan,0
1597988255322454016,1597988255826999808,2020-08-21 13:37:35.827000,4513.0,4538.0,4466.0,4505.0,nan,4504.0,168857,7606696010.0,143286,4514.0,12,4513.0,44,nan,0,nan,0,nan,0,nan,0,nan,0,nan,0,nan,0,nan,0
1597988256326333952,1597988256825999872,2020-08-21 13:37:36.826000,4514.0,4538.0,4466.0,4505.0,nan,4504.0,168859,7606786290.0,143287,4514.0,11,4513.0,43,nan,0,nan,0,nan,0,nan,0,nan,0,nan,0,nan,0,nan,0
1597988256821496064,1597988257357000192,2020-08-21 13:37:37.357000,4513.0,4538.0,4466.0,4505.0,nan,4504.0,168860,7606831420.0,143287,4514.0,11,4513.0,47,nan,0,nan,0,nan,0,nan,0,nan,0,nan,0,nan,0,nan,0
1597988257352047104,1597988257840000000,2020-08-21 13:37:37.840000,4514.0,4538.0,4466.0,4505.0,nan,4504.0,168880,7607734190.0,143293,4515.0,92,4514.0,10,nan,0,nan,0,nan,0,nan,0,nan,0,nan,0,nan,0,nan,0
1597988257823753984,1597988258407000064,2020-08-21 13:37:38.407000,4514.0,4538.0,4466.0,4505.0,nan,4504.0,168881,7607779330.0,143294,4515.0,92,4514.0,16,nan,0,nan,0,nan,0,nan,0,nan,0,nan,0,nan,0,nan,0
1597988258824322048,1597988259380999936,2020-08-21 13:37:39.381000,4514.0,4538.0,4466.0,4505.0,nan,4504.0,168881,7607779330.0,143294,4515.0,92,4514.0,17,nan,0,nan,0,nan,0,nan,0,nan,0,nan,0,nan,0,nan,0
1597988259824452096,1597988260424999936,2020-08-21 13:37:40.425000,4514.0,4538.0,4466.0,4505.0,nan,4504.0,168882,7607824470.0,143294,4515.0,92,4514.0,36,nan,0,nan,0,nan,0,nan,0,nan,0,nan,0,nan,0,nan,0
1597988261322576896,1597988261842999808,2020-08-21 13:37:41.843000,4514.0,4538.0,4466.0,4505.0,nan,4504.0,168883,7607869610.0,143295,4515.0,92,4514.0,45,nan,0,nan,0,nan,0,nan,0,nan,0,nan,0,nan,0,nan,0
1597988261823241984,1597988262435000064,2020-08-21 13:37:42.435000,4514.0,4538.0,4466.0,4505.0,nan,4504.0,168884,7607914750.0,143295,4515.0,92,4514.0,44,nan,0,nan,0,nan,0,nan,0,nan,0,nan,0,nan,0,nan,0
1597988262328038912,1597988262880999936,2020-08-21 13:37:42.881000,4515.0,4538.0,4466.0,4505.0,nan,4504.0,168896,7608456520.0,143300,4515.0,85,4514.0,42,nan,0,nan,0,nan,0,nan,0,nan,0,nan,0,nan,0,nan,0
1597988262824062976,1597988263324999936,2020-08-21 13:37:43.325000,4515.0,4538.0,4466.0,4505.0,nan,4504.0,168896,7608456520.0,143300,4515.0,90,4514.0,42,nan,0,nan,0,nan,0,nan,0,nan,0,nan,0,nan,0,nan,0
1597988263349059072,1597988263832000000,2020-08-21 13:37:43.832000,4515.0,4538.0,4466.0,4505.0,nan,4504.0,168904,7608817660.0,143308,4515.0,88,4514.0,37,nan,0,nan,0,nan,0,nan,0,nan,0,nan,0,nan,0,nan,0
1597988263821572096,1597988264416000000,2020-08-21 13:37:44.416000,4515.0,4538.0,4466.0,4505.0,nan,4504.0,168904,7608817660.0,143308,4515.0,89,4514.0,37,nan,0,nan,0,nan,0,nan,0,nan,0,nan,0,nan,0,nan,0
1597988264325872128,1597988264927000064,2020-08-21 13:37:44.927000,4515.0,4538.0,4466.0,4505.0,nan,4504.0,168904,7608817660.0,143308,4515.0,90,4514.0,37,nan,0,nan,0,nan,0,nan,0,nan,0,nan,0,nan,0,nan,0
1597988265326160896,1597988265935000064,2020-08-21 13:37:45.935000,4515.0,4538.0,4466.0,4505.0,nan,4504.0,168904,7608817660.0,143308,4515.0,93,4514.0,38,nan,0,nan,0,nan,0,nan,0,nan,0,nan,0,nan,0,nan,0
1597988265827664896,1597988266424999936,2020-08-21 13:37:46.425000,4515.0,4538.0,4466.0,4505.0,nan,4504.0,168924,7609720660.0,143328,4515.0,71,4514.0,39,nan,0,nan,0,nan,0,nan,0,nan,0,nan,0,nan,0,nan,0
1597988267328730880,1597988267823000064,2020-08-21 13:37:47.823000,4515.0,4538.0,4466.0,4505.0,nan,4504.0,168929,7609946410.0,143328,4515.0,65,4514.0,39,nan,0,nan,0,nan,0,nan,0,nan,0,nan,0,nan,0,nan,0
1597988267822593024,1597988268368999936,2020-08-21 13:37:48.369000,4515.0,4538.0,4466.0,4505.0,nan,4504.0,168929,7609946410.0,143328,4515.0,65,4514.0,42,nan,0,nan,0,nan,0,nan,0,nan,0,nan,0,nan,0,nan,0
1597988268827300096,1597988269364000000,2020-08-21 13:37:49.364000,4515.0,4538.0,4466.0,4505.0,nan,4504.0,168929,7609946410.0,143328,4515.0,65,4514.0,47,nan,0,nan,0,nan,0,nan,0,nan,0,nan,0,nan,0,nan,0
1597988269351126016,1597988269816999936,2020-08-21 13:37:49.817000,4515.0,4538.0,4466.0,4505.0,nan,4504.0,168932,7610081860.0,143331,4515.0,63,4514.0,47,nan,0,nan,0,nan,0,nan,0,nan,0,nan,0,nan,0,nan,0
1597988269827223040,1597988270416000000,2020-08-21 13:37:50.416000,4514.0,4538.0,4466.0,4505.0,nan,4504.0,168937,7610307560.0,143329,4515.0,63,4514.0,51,nan,0,nan,0,nan,0,nan,0,nan,0,nan,0,nan,0,nan,0
1597988270325681920,1597988270935000064,2020-08-21 13:37:50.935000,4515.0,4538.0,4466.0,4505.0,nan,4504.0,168946,7610713890.0,143327,4515.0,60,4514.0,49,nan,0,nan,0,nan,0,nan,0,nan,0,nan,0,nan,0,nan,0
1597988270825605888,1597988271269999872,2020-08-21 13:37:51.270000,4515.0,4538.0,4466.0,4505.0,nan,4504.0,168946,7610713890.0,143327,4515.0,61,4514.0,49,nan,0,nan,0,nan,0,nan,0,nan,0,nan,0,nan,0,nan,0
1597988271322752000,1597988271740000000,2020-08-21 13:37:51.740000,4514.0,4538.0,4466.0,4505.0,nan,4504.0,168947,7610759030.0,143327,4515.0,61,4514.0,48,nan,0,nan,0,nan,0,nan,0,nan,0,nan,0,nan,0,nan,0
1597988272335863040,1597988272868999936,2020-08-21 13:37:52.869000,4514.0,4538.0,4466.0,4505.0,nan,4504.0,168948,7610804170.0,143328,4515.0,61,4514.0,47,nan,0,nan,0,nan,0,nan,0,nan,0,nan,0,nan,0,nan,0
1597988272823356928,1597988273434000128,2020-08-21 13:37:53.434000,4515.0,4538.0,4466.0,4505.0,nan,4504.0,168949,7610849320.0,143329,4515.0,60,4514.0,48,nan,0,nan,0,nan,0,nan,0,nan,0,nan,0,nan,0,nan,0
1597988273325296128,1597988273824000000,2020-08-21 13:37:53.824000,4513.0,4538.0,4466.0,4505.0,nan,4504.0,168999,7613106300.0,143372,4514.0,22,4513.0,37,nan,0,nan,0,nan,0,nan,0,nan,0,nan,0,nan,0,nan,0
1597988273824017920,1597988274360000000,2020-08-21 13:37:54.360000,4514.0,4538.0,4466.0,4505.0,nan,4504.0,169002,7613241720.0,143375,4514.0,20,4513.0,37,nan,0,nan,0,nan,0,nan,0,nan,0,nan,0,nan,0,nan,0
1597988274321032960,1597988274848999936,2020-08-21 13:37:54.849000,4514.0,4538.0,4466.0,4505.0,nan,4504.0,169002,7613241720.0,143375,4514.0,21,4513.0,37,nan,0,nan,0,nan,0,nan,0,nan,0,nan,0,nan,0,nan,0
1597988275828551936,1597988276404000000,2020-08-21 13:37:56.404000,4514.0,4538.0,4466.0,4505.0,nan,4504.0,169026,7614325080.0,143395,4515.0,61,4514.0,27,nan,0,nan,0,nan,0,nan,0,nan,0,nan,0,nan,0,nan,0
1597988276357094912,1597988276736999936,2020-08-21 13:37:56.737000,4514.0,4538.0,4466.0,4505.0,nan,4504.0,169026,7614325080.0,143395,4515.0,62,4514.0,28,nan,0,nan,0,nan,0,nan,0,nan,0,nan,0,nan,0,nan,0
1597988276829958912,1597988277325999872,2020-08-21 13:37:57.326000,4514.0,4538.0,4466.0,4505.0,nan,4504.0,169026,7614325080.0,143395,4515.0,62,4514.0,36,nan,0,nan,0,nan,0,nan,0,nan,0,nan,0,nan,0,nan,0
1597988277320975872,1597988277915000064,2020-08-21 13:37:57.915000,4514.0,4538.0,4466.0,4505.0,nan,4504.0,169026,7614325080.0,143395,4515.0,63,4514.0,36,nan,0,nan,0,nan,0,nan,0,nan,0,nan,0,nan,0,nan,0
1597988277826127872,1597988278332999936,2020-08-21 13:37:58.333000,4514.0,4538.0,4466.0,4505.0,nan,4504.0,169027,7614370220.0,143395,4515.0,67,4514.0,35,nan,0,nan,0,nan,0,nan,0,nan,0,nan,0,nan,0,nan,0
1597988278355611904,1597988278937999872,2020-08-21 13:37:58.938000,4514.0,4538.0,4466.0,4505.0,nan,4504.0,169028,7614415360.0,143396,4515.0,67,4514.0,38,nan,0,nan,0,nan,0,nan,0,nan,0,nan,0,nan,0,nan,0
1597988278825232896,1597988279392000000,2020-08-21 13:37:59.392000,4514.0,4538.0,4466.0,4505.0,nan,4504.0,169029,7614460500.0,143397,4515.0,67,4514.0,37,nan,0,nan,0,nan,0,nan,0,nan,0,nan,0,nan,0,nan,0
1597988279826074880,1597988280368000000,2020-08-21 13:38:00.368000,4514.0,4538.0,4466.0,4505.0,nan,4504.0,169030,7614505640.0,143397,4515.0,67,4514.0,36,nan,0,nan,0,nan,0,nan,0,nan,0,nan,0,nan,0,nan,0
1597988280824004096,1597988281396000000,2020-08-21 13:38:01.396000,4514.0,4538.0,4466.0,4505.0,nan,4504.0,169030,7614505640.0,143397,4515.0,67,4514.0,37,nan,0,nan,0,nan,0,nan,0,nan,0,nan,0,nan,0,nan,0
1597988281344334080,1597988281783000064,2020-08-21 13:38:01.783000,4514.0,4538.0,4466.0,4505.0,nan,4504.0,169031,7614550780.0,143397,4515.0,69,4514.0,37,nan,0,nan,0,nan,0,nan,0,nan,0,nan,0,nan,0,nan,0
1597988281821876992,1597988282408999936,2020-08-21 13:38:02.409000,4514.0,4538.0,4466.0,4505.0,nan,4504.0,169047,7615273030.0,143413,4515.0,76,4514.0,22,nan,0,nan,0,nan,0,nan,0,nan,0,nan,0,nan,0,nan,0
1597988282324168960,1597988282879000064,2020-08-21 13:38:02.879000,4514.0,4538.0,4466.0,4505.0,nan,4504.0,169047,7615273030.0,143413,4515.0,77,4514.0,23,nan,0,nan,0,nan,0,nan,0,nan,0,nan,0,nan,0,nan,0
1597988282823296000,1597988283324000000,2020-08-21 13:38:03.324000,4514.0,4538.0,4466.0,4505.0,nan,4504.0,169071,7616356390.0,143434,4514.0,26,4513.0,34,nan,0,nan,0,nan,0,nan,0,nan,0,nan,0,nan,0,nan,0
1597988283322540032,1597988283828999936,2020-08-21 13:38:03.829000,4514.0,4538.0,4466.0,4505.0,nan,4504.0,169071,7616356390.0,143434,4514.0,29,4513.0,38,nan,0,nan,0,nan,0,nan,0,nan,0,nan,0,nan,0,nan,0
1597988283826108928,1597988284400999936,2020-08-21 13:38:04.401000,4513.0,4538.0,4466.0,4505.0,nan,4504.0,169072,7616401520.0,143434,4514.0,29,4513.0,37,nan,0,nan,0,nan,0,nan,0,nan,0,nan,0,nan,0,nan,0
1597988284353860096,1597988284900000000,2020-08-21 13:38:04.900000,4514.0,4538.0,4466.0,4505.0,nan,4504.0,169073,7616446660.0,143435,4514.0,29,4513.0,37,nan,0,nan,0,nan,0,nan,0,nan,0,nan,0,nan,0,nan,0
1597988285326297088,1597988285924000000,2020-08-21 13:38:05.924000,4514.0,4538.0,4466.0,4505.0,nan,4504.0,169083,7616897980.0,143440,4514.0,32,4513.0,28,nan,0,nan,0,nan,0,nan,0,nan,0,nan,0,nan,0,nan,0
1597988286823475968,1597988287240000000,2020-08-21 13:38:07.240000,4514.0,4538.0,4466.0,4505.0,nan,4504.0,169083,7616897980.0,143440,4514.0,33,4513.0,29,nan,0,nan,0,nan,0,nan,0,nan,0,nan,0,nan,0,nan,0
1597988287323600896,1597988287885999872,2020-08-21 13:38:07.886000,4514.0,4538.0,4466.0,4505.0,nan,4504.0,169084,7616943120.0,143441,4514.0,39,4513.0,29,nan,0,nan,0,nan,0,nan,0,nan,0,nan,0,nan,0,nan,0
1597988287823188992,1597988288250999808,2020-08-21 13:38:08.251000,4514.0,4538.0,4466.0,4505.0,nan,4504.0,169085,7616988260.0,143442,4514.0,38,4513.0,32,nan,0,nan,0,nan,0,nan,0,nan,0,nan,0,nan,0,nan,0
1597988288323369984,1597988288869999872,2020-08-21 13:38:08.870000,4514.0,4538.0,4466.0,4505.0,nan,4504.0,169085,7616988260.0,143442,4514.0,42,4513.0,32,nan,0,nan,0,nan,0,nan,0,nan,0,nan,0,nan,0,nan,0
1597988288822018048,1597988289324000000,2020-08-21 13:38:09.324000,4514.0,4538.0,4466.0,4505.0,nan,4504.0,169085,7616988260.0,143442,4514.0,42,4513.0,34,nan,0,nan,0,nan,0,nan,0,nan,0,nan,0,nan,0,nan,0
1597988290346417920,1597988290823000064,2020-08-21 13:38:10.823000,4514.0,4538.0,4466.0,4505.0,nan,4504.0,169085,7616988260.0,143442,4514.0,42,4513.0,36,nan,0,nan,0,nan,0,nan,0,nan,0,nan,0,nan,0,nan,0
1597988290825138944,1597988291410000128,2020-08-21 13:38:11.410000,4514.0,4538.0,4466.0,4505.0,nan,4504.0,169085,7616988260.0,143442,4514.0,44,4513.0,38,nan,0,nan,0,nan,0,nan,0,nan,0,nan,0,nan,0,nan,0
1597988291322028032,1597988291861999872,2020-08-21 13:38:11.862000,4514.0,4538.0,4466.0,4505.0,nan,4504.0,169085,7616988260.0,143442,4514.0,44,4513.0,39,nan,0,nan,0,nan,0,nan,0,nan,0,nan,0,nan,0,nan,0
1597988292824545024,1597988293424999936,2020-08-21 13:38:13.425000,4514.0,4538.0,4466.0,4505.0,nan,4504.0,169085,7616988260.0,143442,4514.0,46,4513.0,38,nan,0,nan,0,nan,0,nan,0,nan,0,nan,0,nan,0,nan,0
1597988293347511040,1597988293887000064,2020-08-21 13:38:13.887000,4514.0,4538.0,4466.0,4505.0,nan,4504.0,169089,7617168810.0,143445,4514.0,44,4513.0,37,nan,0,nan,0,nan,0,nan,0,nan,0,nan,0,nan,0,nan,0
1597988293824092928,1597988294298000128,2020-08-21 13:38:14.298000,4514.0,4538.0,4466.0,4505.0,nan,4504.0,169095,7617439650.0,143451,4514.0,45,4513.0,37,nan,0,nan,0,nan,0,nan,0,nan,0,nan,0,nan,0,nan,0
1597988294324268032,1597988294824999936,2020-08-21 13:38:14.825000,4514.0,4538.0,4466.0,4505.0,nan,4504.0,169095,7617439650.0,143451,4514.0,45,4513.0,43,nan,0,nan,0,nan,0,nan,0,nan,0,nan,0,nan,0,nan,0
1597988296824502016,1597988297424999936,2020-08-21 13:38:17.425000,4514.0,4538.0,4466.0,4505.0,nan,4504.0,169095,7617439650.0,143451,4514.0,45,4513.0,44,nan,0,nan,0,nan,0,nan,0,nan,0,nan,0,nan,0,nan,0
1597988297824704000,1597988298416000000,2020-08-21 13:38:18.416000,4513.0,4538.0,4466.0,4505.0,nan,4504.0,169096,7617484780.0,143452,4514.0,45,4513.0,44,nan,0,nan,0,nan,0,nan,0,nan,0,nan,0,nan,0,nan,0
1597988298323712000,1597988298823000064,2020-08-21 13:38:18.823000,4513.0,4538.0,4466.0,4505.0,nan,4504.0,169096,7617484780.0,143452,4514.0,46,4513.0,47,nan,0,nan,0,nan,0,nan,0,nan,0,nan,0,nan,0,nan,0
1597988299343091968,1597988299877000192,2020-08-21 13:38:19.877000,4513.0,4538.0,4466.0,4505.0,nan,4504.0,169100,7617665330.0,143456,4514.0,45,4513.0,46,nan,0,nan,0,nan,0,nan,0,nan,0,nan,0,nan,0,nan,0
1597988299824925952,1597988300324000000,2020-08-21 13:38:20.324000,4513.0,4538.0,4466.0,4505.0,nan,4504.0,169100,7617665330.0,143456,4514.0,46,4513.0,49,nan,0,nan,0,nan,0,nan,0,nan,0,nan,0,nan,0,nan,0
1597988300825580032,1597988301433000192,2020-08-21 13:38:21.433000,4513.0,4538.0,4466.0,4505.0,nan,4504.0,169100,7617665330.0,143456,4514.0,46,4513.0,50,nan,0,nan,0,nan,0,nan,0,nan,0,nan,0,nan,0,nan,0
1597988301451643904,1597988301927000064,2020-08-21 13:38:21.927000,4513.0,4538.0,4466.0,4505.0,nan,4504.0,169168,7620734170.0,143465,4513.0,12,4512.0,27,nan,0,nan,0,nan,0,nan,0,nan,0,nan,0,nan,0,nan,0
1597988302074455040,1597988302352000000,2020-08-21 13:38:22.352000,4513.0,4538.0,4466.0,4505.0,nan,4504.0,169175,7621050080.0,143462,4513.0,3,4512.0,31,nan,0,nan,0,nan,0,nan,0,nan,0,nan,0,nan,0,nan,0
1597988302344975104,1597988302823000064,2020-08-21 13:38:22.823000,4513.0,4538.0,4466.0,4505.0,nan,4504.0,169175,7621050080.0,143462,4513.0,10,4512.0,34,nan,0,nan,0,nan,0,nan,0,nan,0,nan,0,nan,0,nan,0
1597988302829160960,1597988303398000128,2020-08-21 13:38:23.398000,4513.0,4538.0,4466.0,4505.0,nan,4504.0,169180,7621275730.0,143462,4513.0,6,4512.0,34,nan,0,nan,0,nan,0,nan,0,nan,0,nan,0,nan,0,nan,0
1597988303323810048,1597988303917999872,2020-08-21 13:38:23.918000,4513.0,4538.0,4466.0,4505.0,nan,4504.0,169180,7621275730.0,143462,4513.0,7,4512.0,34,nan,0,nan,0,nan,0,nan,0,nan,0,nan,0,nan,0,nan,0
1597988303847111936,1597988304324999936,2020-08-21 13:38:24.325000,4513.0,4538.0,4466.0,4505.0,nan,4504.0,169181,7621320860.0,143461,4513.0,6,4512.0,35,nan,0,nan,0,nan,0,nan,0,nan,0,nan,0,nan,0,nan,0
1597988304322884096,1597988304860000000,2020-08-21 13:38:24.860000,4513.0,4538.0,4466.0,4505.0,nan,4504.0,169182,7621365990.0,143460,4513.0,12,4512.0,35,nan,0,nan,0,nan,0,nan,0,nan,0,nan,0,nan,0,nan,0
1597988305822781952,1597988306417999872,2020-08-21 13:38:26.418000,4513.0,4538.0,4466.0,4505.0,nan,4504.0,169185,7621501380.0,143460,4513.0,9,4512.0,38,nan,0,nan,0,nan,0,nan,0,nan,0,nan,0,nan,0,nan,0
1597988307325833984,1597988307867000064,2020-08-21 13:38:27.867000,4513.0,4538.0,4466.0,4505.0,nan,4504.0,169186,7621546510.0,143461,4513.0,8,4512.0,38,nan,0,nan,0,nan,0,nan,0,nan,0,nan,0,nan,0,nan,0
1597988307822373120,1597988308432000000,2020-08-21 13:38:28.432000,4513.0,4538.0,4466.0,4505.0,nan,4504.0,169186,7621546510.0,143461,4513.0,8,4512.0,39,nan,0,nan,0,nan,0,nan,0,nan,0,nan,0,nan,0,nan,0
1597988309332573952,1597988309823000064,2020-08-21 13:38:29.823000,4513.0,4538.0,4466.0,4505.0,nan,4504.0,169194,7621907550.0,143459,4514.0,36,4512.0,39,nan,0,nan,0,nan,0,nan,0,nan,0,nan,0,nan,0,nan,0
1597988309961792000,1597988310391000064,2020-08-21 13:38:30.391000,4513.0,4538.0,4466.0,4505.0,nan,4504.0,169194,7621907550.0,143459,4513.0,2,4512.0,39,nan,0,nan,0,nan,0,nan,0,nan,0,nan,0,nan,0,nan,0
1597988310380939008,1597988310826999808,2020-08-21 13:38:30.827000,4513.0,4538.0,4466.0,4505.0,nan,4504.0,169196,7621997810.0,143457,4513.0,7,4512.0,59,nan,0,nan,0,nan,0,nan,0,nan,0,nan,0,nan,0,nan,0
1597988310829093888,1597988311325999872,2020-08-21 13:38:31.326000,4513.0,4538.0,4466.0,4505.0,nan,4504.0,169203,7622313720.0,143450,4514.0,35,4512.0,59,nan,0,nan,0,nan,0,nan,0,nan,0,nan,0,nan,0,nan,0
1597988311357050880,1597988311936000000,2020-08-21 13:38:31.936000,4513.0,4538.0,4466.0,4505.0,nan,4504.0,169203,7622313720.0,143450,4514.0,36,4512.0,59,nan,0,nan,0,nan,0,nan,0,nan,0,nan,0,nan,0,nan,0
1597988312325972992,1597988312913000192,2020-08-21 13:38:32.913000,4513.0,4538.0,4466.0,4505.0,nan,4504.0,169203,7622313720.0,143450,4514.0,37,4512.0,59,nan,0,nan,0,nan,0,nan,0,nan,0,nan,0,nan,0,nan,0
1597988312827816960,1597988313345999872,2020-08-21 13:38:33.346000,4513.0,4538.0,4466.0,4505.0,nan,4504.0,169203,7622313720.0,143450,4514.0,38,4513.0,1,nan,0,nan,0,nan,0,nan,0,nan,0,nan,0,nan,0,nan,0
1597988313325398016,1597988313825999872,2020-08-21 13:38:33.826000,4513.0,4538.0,4466.0,4505.0,nan,4504.0,169203,7622313720.0,143450,4514.0,38,4513.0,18,nan,0,nan,0,nan,0,nan,0,nan,0,nan,0,nan,0,nan,0
1597988314823493888,1597988315306999808,2020-08-21 13:38:35.307000,4513.0,4538.0,4466.0,4505.0,nan,4504.0,169205,7622403980.0,143449,4514.0,41,4513.0,16,nan,0,nan,0,nan,0,nan,0,nan,0,nan,0,nan,0,nan,0
1597988315821402112,1597988316360999936,2020-08-21 13:38:36.361000,4513.0,4538.0,4466.0,4505.0,nan,4504.0,169210,7622629630.0,143450,4514.0,42,4513.0,11,nan,0,nan,0,nan,0,nan,0,nan,0,nan,0,nan,0,nan,0
1597988316323959040,1597988316920000000,2020-08-21 13:38:36.920000,4513.0,4538.0,4466.0,4505.0,nan,4504.0,169212,7622719890.0,143450,4514.0,42,4513.0,10,nan,0,nan,0,nan,0,nan,0,nan,0,nan,0,nan,0,nan,0
1597988316821934080,1597988317240999936,2020-08-21 13:38:37.241000,4513.0,4538.0,4466.0,4505.0,nan,4504.0,169213,7622765020.0,143450,4514.0,42,4513.0,11,nan,0,nan,0,nan,0,nan,0,nan,0,nan,0,nan,0,nan,0
1597988317342584064,1597988317900999936,2020-08-21 13:38:37.901000,4513.0,4538.0,4466.0,4505.0,nan,4504.0,169213,7622765020.0,143450,4514.0,42,4513.0,12,nan,0,nan,0,nan,0,nan,0,nan,0,nan,0,nan,0,nan,0
1597988317821671936,1597988318385999872,2020-08-21 13:38:38.386000,4513.0,4538.0,4466.0,4505.0,nan,4504.0,169213,7622765020.0,143450,4514.0,43,4513.0,12,nan,0,nan,0,nan,0,nan,0,nan,0,nan,0,nan,0,nan,0
1597988319325103104,1597988319826999808,2020-08-21 13:38:39.827000,4513.0,4538.0,4466.0,4505.0,nan,4504.0,169214,7622810150.0,143450,4514.0,43,4513.0,11,nan,0,nan,0,nan,0,nan,0,nan,0,nan,0,nan,0,nan,0
1597988319825404928,1597988320329999872,2020-08-21 13:38:40.330000,4513.0,4538.0,4466.0,4505.0,nan,4504.0,169214,7622810150.0,143450,4514.0,43,4513.0,14,nan,0,nan,0,nan,0,nan,0,nan,0,nan,0,nan,0,nan,0
1597988320355824128,1597988320750000128,2020-08-21 13:38:40.750000,4513.0,4538.0,4466.0,4505.0,nan,4504.0,169215,7622855280.0,143450,4514.0,43,4513.0,18,nan,0,nan,0,nan,0,nan,0,nan,0,nan,0,nan,0,nan,0
1597988320824608000,1597988321404000000,2020-08-21 13:38:41.404000,4513.0,4538.0,4466.0,4505.0,nan,4504.0,169215,7622855280.0,143450,4514.0,47,4513.0,22,nan,0,nan,0,nan,0,nan,0,nan,0,nan,0,nan,0,nan,0
1597988321324613888,1597988321881999872,2020-08-21 13:38:41.882000,4513.0,4538.0,4466.0,4505.0,nan,4504.0,169215,7622855280.0,143450,4514.0,48,4513.0,23,nan,0,nan,0,nan,0,nan,0,nan,0,nan,0,nan,0,nan,0
1597988322823078912,1597988323392000000,2020-08-21 13:38:43.392000,4513.0,4538.0,4466.0,4505.0,nan,4504.0,169217,7622945540.0,143448,4514.0,49,4513.0,22,nan,0,nan,0,nan,0,nan,0,nan,0,nan,0,nan,0,nan,0
1597988323324883968,1597988323920000000,2020-08-21 13:38:43.920000,4513.0,4538.0,4466.0,4505.0,nan,4504.0,169217,7622945540.0,143448,4514.0,53,4513.0,19,nan,0,nan,0,nan,0,nan,0,nan,0,nan,0,nan,0,nan,0
1597988323822796032,1597988324289999872,2020-08-21 13:38:44.290000,4513.0,4538.0,4466.0,4505.0,nan,4504.0,169217,7622945540.0,143448,4514.0,54,4513.0,19,nan,0,nan,0,nan,0,nan,0,nan,0,nan,0,nan,0,nan,0
1597988326833826048,1597988327224999936,2020-08-21 13:38:47.225000,4513.0,4538.0,4466.0,4505.0,nan,4504.0,169220,7623080930.0,143448,4514.0,55,4513.0,16,nan,0,nan,0,nan,0,nan,0,nan,0,nan,0,nan,0,nan,0
1597988327896273920,1597988328326999808,2020-08-21 13:38:48.327000,4513.0,4538.0,4466.0,4505.0,nan,4504.0,169240,7623983530.0,143458,4514.0,55,4512.0,40,nan,0,nan,0,nan,0,nan,0,nan,0,nan,0,nan,0,nan,0
1597988328838572032,1597988329325999872,2020-08-21 13:38:49.326000,4513.0,4538.0,4466.0,4505.0,nan,4504.0,169241,7624028660.0,143457,4514.0,55,4512.0,40,nan,0,nan,0,nan,0,nan,0,nan,0,nan,0,nan,0,nan,0
1597988329479547904,1597988329838000128,2020-08-21 13:38:49.838000,4513.0,4538.0,4466.0,4505.0,nan,4504.0,169241,7624028660.0,143457,4513.0,3,4512.0,40,nan,0,nan,0,nan,0,nan,0,nan,0,nan,0,nan,0,nan,0
1597988329862516992,1597988330338000128,2020-08-21 13:38:50.338000,4513.0,4538.0,4466.0,4505.0,nan,4504.0,169245,7624209180.0,143458,4514.0,55,4513.0,39,nan,0,nan,0,nan,0,nan,0,nan,0,nan,0,nan,0,nan,0
1597988330336434944,1597988330931000064,2020-08-21 13:38:50.931000,4513.0,4538.0,4466.0,4505.0,nan,4504.0,169245,7624209180.0,143458,4514.0,56,4513.0,41,nan,0,nan,0,nan,0,nan,0,nan,0,nan,0,nan,0,nan,0
1597988331328378112,1597988331820000000,2020-08-21 13:38:51.820000,4513.0,4538.0,4466.0,4505.0,nan,4504.0,169246,7624254310.0,143458,4514.0,56,4513.0,41,nan,0,nan,0,nan,0,nan,0,nan,0,nan,0,nan,0,nan,0
1597988332822516992,1597988333286000128,2020-08-21 13:38:53.286000,4513.0,4538.0,4466.0,4505.0,nan,4504.0,169246,7624254310.0,143458,4514.0,55,4513.0,41,nan,0,nan,0,nan,0,nan,0,nan,0,nan,0,nan,0,nan,0
1597988333325470976,1597988333813999872,2020-08-21 13:38:53.814000,4513.0,4538.0,4466.0,4505.0,nan,4504.0,169247,7624299440.0,143458,4514.0,56,4513.0,40,nan,0,nan,0,nan,0,nan,0,nan,0,nan,0,nan,0,nan,0
1597988333865858048,1597988334436000000,2020-08-21 13:38:54.436000,4513.0,4538.0,4466.0,4505.0,nan,4504.0,169250,7624434830.0,143456,4514.0,55,4513.0,37,nan,0,nan,0,nan,0,nan,0,nan,0,nan,0,nan,0,nan,0
1597988334321989888,1597988334921999872,2020-08-21 13:38:54.922000,4513.0,4538.0,4466.0,4505.0,nan,4504.0,169253,7624570220.0,143453,4514.0,55,4513.0,34,nan,0,nan,0,nan,0,nan,0,nan,0,nan,0,nan,0,nan,0
1597988335325831936,1597988335908999936,2020-08-21 13:38:55.909000,4513.0,4538.0,4466.0,4505.0,nan,4504.0,169253,7624570220.0,143453,4514.0,57,4513.0,34,nan,0,nan,0,nan,0,nan,0,nan,0,nan,0,nan,0,nan,0
1597988335822146048,1597988336325999872,2020-08-21 13:38:56.326000,4513.0,4538.0,4466.0,4505.0,nan,4504.0,169253,7624570220.0,143453,4514.0,56,4513.0,34,nan,0,nan,0,nan,0,nan,0,nan,0,nan,0,nan,0,nan,0
1597988336331596032,1597988336936000000,2020-08-21 13:38:56.936000,4514.0,4538.0,4466.0,4505.0,nan,4504.0,169257,7624750760.0,143454,4514.0,56,4513.0,1,nan,0,nan,0,nan,0,nan,0,nan,0,nan,0,nan,0,nan,0
1597988336857712896,1597988337336000000,2020-08-21 13:38:57.336000,4513.0,4538.0,4466.0,4505.0,nan,4504.0,169258,7624795890.0,143455,4513.0,4,4512.0,63,nan,0,nan,0,nan,0,nan,0,nan,0,nan,0,nan,0,nan,0
1597988337857306112,1597988338385999872,2020-08-21 13:38:58.386000,4513.0,4538.0,4466.0,4505.0,nan,4504.0,169264,7625066670.0,143454,4514.0,56,4513.0,10,nan,0,nan,0,nan,0,nan,0,nan,0,nan,0,nan,0,nan,0
1597988338344621056,1597988338836000000,2020-08-21 13:38:58.836000,4513.0,4538.0,4466.0,4505.0,nan,4504.0,169264,7625066670.0,143454,4514.0,56,4513.0,11,nan,0,nan,0,nan,0,nan,0,nan,0,nan,0,nan,0,nan,0
1597988338822011904,1597988339407000064,2020-08-21 13:38:59.407000,4513.0,4538.0,4466.0,4505.0,nan,4504.0,169265,7625111800.0,143453,4514.0,57,4513.0,10,nan,0,nan,0,nan,0,nan,0,nan,0,nan,0,nan,0,nan,0
1597988339324516096,1597988339884000000,2020-08-21 13:38:59.884000,4513.0,4538.0,4466.0,4505.0,nan,4504.0,169270,7625337450.0,143448,4514.0,57,4513.0,5,nan,0,nan,0,nan,0,nan,0,nan,0,nan,0,nan,0,nan,0
1597988339824139008,1597988340432000000,2020-08-21 13:39:00.432000,4513.0,4538.0,4466.0,4505.0,nan,4504.0,169275,7625563100.0,143443,4514.0,60,4512.0,44,nan,0,nan,0,nan,0,nan,0,nan,0,nan,0,nan,0,nan,0
1597988340328385024,1597988340855000064,2020-08-21 13:39:00.855000,4513.0,4538.0,4466.0,4505.0,nan,4504.0,169276,7625608230.0,143443,4514.0,60,4513.0,1,nan,0,nan,0,nan,0,nan,0,nan,0,nan,0,nan,0,nan,0
1597988340846087936,1597988341323000064,2020-08-21 13:39:01.323000,4513.0,4538.0,4466.0,4505.0,nan,4504.0,169276,7625608230.0,143443,4514.0,60,4513.0,5,nan,0,nan,0,nan,0,nan,0,nan,0,nan,0,nan,0,nan,0
1597988341332244992,1597988341854000128,2020-08-21 13:39:01.854000,4513.0,4538.0,4466.0,4505.0,nan,4504.0,169277,7625653360.0,143444,4514.0,61,4513.0,4,nan,0,nan,0,nan,0,nan,0,nan,0,nan,0,nan,0,nan,0
1597988341882779904,1597988342324000000,2020-08-21 13:39:02.324000,4513.0,4538.0,4466.0,4505.0,nan,4504.0,169278,7625698490.0,143444,4514.0,63,4513.0,3,nan,0,nan,0,nan,0,nan,0,nan,0,nan,0,nan,0,nan,0
1597988342324338944,1597988342832000000,2020-08-21 13:39:02.832000,4512.0,4538.0,4466.0,4505.0,nan,4504.0,169333,7628180190.0,143479,4513.0,117,4511.0,30,nan,0,nan,0,nan,0,nan,0,nan,0,nan,0,nan,0,nan,0
1597988342825266944,1597988343435000064,2020-08-21 13:39:03.435000,4512.0,4538.0,4466.0,4505.0,nan,4504.0,169356,7629217960.0,143495,4513.0,120,4511.0,30,nan,0,nan,0,nan,0,nan,0,nan,0,nan,0,nan,0,nan,0
1597988343325348096,1597988343846999808,2020-08-21 13:39:03.847000,4513.0,4538.0,4466.0,4505.0,nan,4504.0,169358,7629308220.0,143495,4513.0,124,4512.0,11,nan,0,nan,0,nan,0,nan,0,nan,0,nan,0,nan,0,nan,0
1597988343833651968,1597988344323000064,2020-08-21 13:39:04.323000,4513.0,4538.0,4466.0,4505.0,nan,4504.0,169358,7629308220.0,143495,4513.0,122,4512.0,9,nan,0,nan,0,nan,0,nan,0,nan,0,nan,0,nan,0,nan,0
1597988344348836096,1597988344901999872,2020-08-21 13:39:04.902000,4513.0,4538.0,4466.0,4505.0,nan,4504.0,169361,7629443610.0,143494,4513.0,119,4512.0,9,nan,0,nan,0,nan,0,nan,0,nan,0,nan,0,nan,0,nan,0
1597988344845551104,1597988345416999936,2020-08-21 13:39:05.417000,4513.0,4538.0,4466.0,4505.0,nan,4504.0,169361,7629443610.0,143494,4513.0,119,4512.0,14,nan,0,nan,0,nan,0,nan,0,nan,0,nan,0,nan,0,nan,0
1597988345377149952,1597988345869999872,2020-08-21 13:39:05.870000,4512.0,4538.0,4466.0,4505.0,nan,4504.0,169362,7629488730.0,143494,4513.0,119,4512.0,13,nan,0,nan,0,nan,0,nan,0,nan,0,nan,0,nan,0,nan,0
1597988345857911040,1597988346326999808,2020-08-21 13:39:06.327000,4513.0,4538.0,4466.0,4505.0,nan,4504.0,169363,7629533860.0,143494,4513.0,120,4512.0,13,nan,0,nan,0,nan,0,nan,0,nan,0,nan,0,nan,0,nan,0
1597988347385255936,1597988347846999808,2020-08-21 13:39:07.847000,4513.0,4538.0,4466.0,4505.0,nan,4504.0,169367,7629714380.0,143494,4513.0,116,4512.0,13,nan,0,nan,0,nan,0,nan,0,nan,0,nan,0,nan,0,nan,0
1597988348325249024,1597988348896000000,2020-08-21 13:39:08.896000,4513.0,4538.0,4466.0,4505.0,nan,4504.0,169367,7629714380.0,143494,4513.0,119,4512.0,13,nan,0,nan,0,nan,0,nan,0,nan,0,nan,0,nan,0,nan,0
1597988348832218880,1597988349437999872,2020-08-21 13:39:09.438000,4513.0,4538.0,4466.0,4505.0,nan,4504.0,169372,7629940010.0,143493,4513.0,116,4512.0,11,nan,0,nan,0,nan,0,nan,0,nan,0,nan,0,nan,0,nan,0
1597988349329688064,1597988349898000128,2020-08-21 13:39:09.898000,4513.0,4538.0,4466.0,4505.0,nan,4504.0,169372,7629940010.0,143493,4513.0,116,4512.0,12,nan,0,nan,0,nan,0,nan,0,nan,0,nan,0,nan,0,nan,0
1597988349820924928,1597988350412000000,2020-08-21 13:39:10.412000,4513.0,4538.0,4466.0,4505.0,nan,4504.0,169372,7629940010.0,143493,4513.0,118,4512.0,32,nan,0,nan,0,nan,0,nan,0,nan,0,nan,0,nan,0,nan,0
1597988350408199936,1597988350864000000,2020-08-21 13:39:10.864000,4513.0,4538.0,4466.0,4505.0,nan,4504.0,169372,7629940010.0,143493,4513.0,118,4512.0,33,nan,0,nan,0,nan,0,nan,0,nan,0,nan,0,nan,0,nan,0
1597988351327492096,1597988351901999872,2020-08-21 13:39:11.902000,4513.0,4538.0,4466.0,4505.0,nan,4504.0,169373,7629985140.0,143493,4513.0,120,4512.0,33,nan,0,nan,0,nan,0,nan,0,nan,0,nan,0,nan,0,nan,0
1597988351825122048,1597988352324999936,2020-08-21 13:39:12.325000,4513.0,4538.0,4466.0,4505.0,nan,4504.0,169376,7630120530.0,143490,4513.0,117,4512.0,33,nan,0,nan,0,nan,0,nan,0,nan,0,nan,0,nan,0,nan,0
1597988352409884928,1597988352872000000,2020-08-21 13:39:12.872000,4512.0,4538.0,4466.0,4505.0,nan,4504.0,169386,7630571730.0,143497,4513.0,117,4512.0,24,nan,0,nan,0,nan,0,nan,0,nan,0,nan,0,nan,0,nan,0
1597988353821248000,1597988354378000128,2020-08-21 13:39:14.378000,4512.0,4538.0,4466.0,4505.0,nan,4504.0,169410,7631654610.0,143506,4513.0,117,4511.0,28,nan,0,nan,0,nan,0,nan,0,nan,0,nan,0,nan,0,nan,0
1597988354325050112,1597988354903000064,2020-08-21 13:39:14.903000,4511.0,4538.0,4466.0,4505.0,nan,4504.0,169411,7631699720.0,143506,4512.0,6,4511.0,27,nan,0,nan,0,nan,0,nan,0,nan,0,nan,0,nan,0,nan,0
1597988354824143104,1597988355365999872,2020-08-21 13:39:15.366000,4511.0,4538.0,4466.0,4505.0,nan,4504.0,169413,7631789940.0,143506,4512.0,12,4511.0,25,nan,0,nan,0,nan,0,nan,0,nan,0,nan,0,nan,0,nan,0
1597988355321995008,1597988355915000064,2020-08-21 13:39:15.915000,4511.0,4538.0,4466.0,4505.0,nan,4504.0,169413,7631789940.0,143506,4512.0,17,4511.0,25,nan,0,nan,0,nan,0,nan,0,nan,0,nan,0,nan,0,nan,0
1597988355821842944,1597988356397000192,2020-08-21 13:39:16.397000,4511.0,4538.0,4466.0,4505.0,nan,4504.0,169414,7631835050.0,143506,4512.0,17,4511.0,27,nan,0,nan,0,nan,0,nan,0,nan,0,nan,0,nan,0,nan,0
1597988356349204992,1597988356910000128,2020-08-21 13:39:16.910000,4512.0,4538.0,4466.0,4505.0,nan,4504.0,169417,7631970410.0,143508,4512.0,14,4511.0,27,nan,0,nan,0,nan,0,nan,0,nan,0,nan,0,nan,0,nan,0
1597988357323970048,1597988357880000000,2020-08-21 13:39:17.880000,4511.0,4538.0,4466.0,4505.0,nan,4504.0,169418,7632015520.0,143508,4512.0,15,4511.0,26,nan,0,nan,0,nan,0,nan,0,nan,0,nan,0,nan,0,nan,0
1597988357822128128,1597988358344000000,2020-08-21 13:39:18.344000,4511.0,4538.0,4466.0,4505.0,nan,4504.0,169444,7633188380.0,143507,4512.0,16,4510.0,40,nan,0,nan,0,nan,0,nan,0,nan,0,nan,0,nan,0,nan,0
1597988358325189888,1597988358892000000,2020-08-21 13:39:18.892000,4511.0,4538.0,4466.0,4505.0,nan,4504.0,169444,7633188380.0,143507,4511.0,4,4510.0,39,nan,0,nan,0,nan,0,nan,0,nan,0,nan,0,nan,0,nan,0
1597988358822322944,1597988359380999936,2020-08-21 13:39:19.381000,4510.0,4538.0,4466.0,4505.0,nan,4504.0,169445,7633233480.0,143507,4511.0,13,4510.0,40,nan,0,nan,0,nan,0,nan,0,nan,0,nan,0,nan,0,nan,0
1597988359332052992,1597988359855000064,2020-08-21 13:39:19.855000,4510.0,4538.0,4466.0,4505.0,nan,4504.0,169450,7633458980.0,143508,4511.0,13,4510.0,35,nan,0,nan,0,nan,0,nan,0,nan,0,nan,0,nan,0,nan,0
1597988359823145984,1597988360408999936,2020-08-21 13:39:20.409000,4510.0,4538.0,4466.0,4505.0,nan,4504.0,169450,7633458980.0,143508,4511.0,13,4510.0,43,nan,0,nan,0,nan,0,nan,0,nan,0,nan,0,nan,0,nan,0
1597988360823512064,1597988361430000128,2020-08-21 13:39:21.430000,4510.0,4538.0,4466.0,4505.0,nan,4504.0,169468,7634270950.0,143505,4512.0,21,4510.0,44,nan,0,nan,0,nan,0,nan,0,nan,0,nan,0,nan,0,nan,0
1597988361323780096,1597988361825999872,2020-08-21 13:39:21.826000,4510.0,4538.0,4466.0,4505.0,nan,4504.0,169469,7634316050.0,143504,4512.0,21,4511.0,9,nan,0,nan,0,nan,0,nan,0,nan,0,nan,0,nan,0,nan,0
1597988362345377024,1597988362824000000,2020-08-21 13:39:22.824000,4512.0,4538.0,4466.0,4505.0,nan,4504.0,169470,7634361170.0,143503,4512.0,21,4511.0,11,nan,0,nan,0,nan,0,nan,0,nan,0,nan,0,nan,0,nan,0
1597988362820613120,1597988363433000192,2020-08-21 13:39:23.433000,4511.0,4538.0,4466.0,4505.0,nan,4504.0,169471,7634406280.0,143504,4512.0,21,4511.0,10,nan,0,nan,0,nan,0,nan,0,nan,0,nan,0,nan,0,nan,0
1597988364328349952,1597988364881999872,2020-08-21 13:39:24.882000,4511.0,4538.0,4466.0,4505.0,nan,4504.0,169471,7634406280.0,143504,4512.0,22,4511.0,11,nan,0,nan,0,nan,0,nan,0,nan,0,nan,0,nan,0,nan,0
1597988364824130048,1597988365416999936,2020-08-21 13:39:25.417000,4511.0,4538.0,4466.0,4505.0,nan,4504.0,169473,7634496500.0,143506,4512.0,25,4511.0,10,nan,0,nan,0,nan,0,nan,0,nan,0,nan,0,nan,0,nan,0
1597988365344132096,1597988365881999872,2020-08-21 13:39:25.882000,4511.0,4538.0,4466.0,4505.0,nan,4504.0,169474,7634541610.0,143506,4512.0,25,4511.0,13,nan,0,nan,0,nan,0,nan,0,nan,0,nan,0,nan,0,nan,0
1597988365820992000,1597988366392000000,2020-08-21 13:39:26.392000,4512.0,4538.0,4466.0,4505.0,nan,4504.0,169478,7634722080.0,143507,4512.0,23,4511.0,13,nan,0,nan,0,nan,0,nan,0,nan,0,nan,0,nan,0,nan,0
1597988366323795968,1597988366823000064,2020-08-21 13:39:26.823000,4511.0,4538.0,4466.0,4505.0,nan,4504.0,169481,7634857410.0,143509,4512.0,24,4511.0,11,nan,0,nan,0,nan,0,nan,0,nan,0,nan,0,nan,0,nan,0
1597988367823641088,1597988368416000000,2020-08-21 13:39:28.416000,4512.0,4538.0,4466.0,4505.0,nan,4504.0,169485,7635037890.0,143511,4512.0,21,4511.0,11,nan,0,nan,0,nan,0,nan,0,nan,0,nan,0,nan,0,nan,0
1597988369823500032,1597988370369999872,2020-08-21 13:39:30.370000,4512.0,4538.0,4466.0,4505.0,nan,4504.0,169485,7635037890.0,143511,4512.0,23,4511.0,11,nan,0,nan,0,nan,0,nan,0,nan,0,nan,0,nan,0,nan,0
1597988370821979904,1597988371328000000,2020-08-21 13:39:31.328000,4512.0,4538.0,4466.0,4505.0,nan,4504.0,169488,7635173250.0,143511,4512.0,20,4511.0,12,nan,0,nan,0,nan,0,nan,0,nan,0,nan,0,nan,0,nan,0
1597988371330661888,1597988371842000128,2020-08-21 13:39:31.842000,4511.0,4538.0,4466.0,4505.0,nan,4504.0,169489,7635218360.0,143511,4512.0,22,4511.0,12,nan,0,nan,0,nan,0,nan,0,nan,0,nan,0,nan,0,nan,0
1597988371821616128,1597988372376000000,2020-08-21 13:39:32.376000,4511.0,4538.0,4466.0,4505.0,nan,4504.0,169491,7635308580.0,143512,4512.0,24,4511.0,10,nan,0,nan,0,nan,0,nan,0,nan,0,nan,0,nan,0,nan,0
1597988372321989120,1597988372742000128,2020-08-21 13:39:32.742000,4511.0,4538.0,4466.0,4505.0,nan,4504.0,169491,7635308580.0,143512,4512.0,25,4511.0,10,nan,0,nan,0,nan,0,nan,0,nan,0,nan,0,nan,0,nan,0
1597988372844624896,1597988373272000000,2020-08-21 13:39:33.272000,4511.0,4538.0,4466.0,4505.0,nan,4504.0,169493,7635398810.0,143513,4512.0,24,4511.0,9,nan,0,nan,0,nan,0,nan,0,nan,0,nan,0,nan,0,nan,0
1597988373321666048,1597988373927000064,2020-08-21 13:39:33.927000,4511.0,4538.0,4466.0,4505.0,nan,4504.0,169493,7635398810.0,143513,4512.0,24,4511.0,12,nan,0,nan,0,nan,0,nan,0,nan,0,nan,0,nan,0,nan,0
1597988376327046912,1597988376935000064,2020-08-21 13:39:36.935000,4511.0,4538.0,4466.0,4505.0,nan,4504.0,169505,7635940130.0,143521,4511.0,26,4510.0,85,nan,0,nan,0,nan,0,nan,0,nan,0,nan,0,nan,0,nan,0
1597988376824929024,1597988377367000064,2020-08-21 13:39:37.367000,4511.0,4538.0,4466.0,4505.0,nan,4504.0,169505,7635940130.0,143521,4511.0,26,4510.0,89,nan,0,nan,0,nan,0,nan,0,nan,0,nan,0,nan,0,nan,0
1597988377334906112,1597988377916000000,2020-08-21 13:39:37.916000,4511.0,4538.0,4466.0,4505.0,nan,4504.0,169505,7635940130.0,143521,4511.0,27,4510.0,88,nan,0,nan,0,nan,0,nan,0,nan,0,nan,0,nan,0,nan,0
1597988377820904960,1597988378398999808,2020-08-21 13:39:38.399000,4511.0,4538.0,4466.0,4505.0,nan,4504.0,169505,7635940130.0,143521,4511.0,28,4510.0,88,nan,0,nan,0,nan,0,nan,0,nan,0,nan,0,nan,0,nan,0
1597988378321703936,1597988378897000192,2020-08-21 13:39:38.897000,4511.0,4538.0,4466.0,4505.0,nan,4504.0,169505,7635940130.0,143521,4511.0,38,4510.0,88,nan,0,nan,0,nan,0,nan,0,nan,0,nan,0,nan,0,nan,0
1597988378823629056,1597988379323000064,2020-08-21 13:39:39.323000,4511.0,4538.0,4466.0,4505.0,nan,4504.0,169505,7635940130.0,143521,4511.0,39,4510.0,88,nan,0,nan,0,nan,0,nan,0,nan,0,nan,0,nan,0,nan,0
1597988379324054016,1597988379720999936,2020-08-21 13:39:39.721000,4511.0,4538.0,4466.0,4505.0,nan,4504.0,169506,7635985240.0,143522,4511.0,39,4510.0,88,nan,0,nan,0,nan,0,nan,0,nan,0,nan,0,nan,0,nan,0
1597988379824164096,1597988380372999936,2020-08-21 13:39:40.373000,4511.0,4538.0,4466.0,4505.0,nan,4504.0,169506,7635985240.0,143522,4511.0,39,4510.0,97,nan,0,nan,0,nan,0,nan,0,nan,0,nan,0,nan,0,nan,0
1597988380353312000,1597988380934000128,2020-08-21 13:39:40.934000,4511.0,4538.0,4466.0,4505.0,nan,4504.0,169507,7636030350.0,143522,4511.0,38,4510.0,96,nan,0,nan,0,nan,0,nan,0,nan,0,nan,0,nan,0,nan,0
1597988381324203008,1597988381852999936,2020-08-21 13:39:41.853000,4511.0,4538.0,4466.0,4505.0,nan,4504.0,169508,7636075460.0,143523,4511.0,37,4510.0,96,nan,0,nan,0,nan,0,nan,0,nan,0,nan,0,nan,0,nan,0
1597988381824604928,1597988382348999936,2020-08-21 13:39:42.349000,4510.0,4538.0,4466.0,4505.0,nan,4504.0,169511,7636210770.0,143526,4511.0,36,4510.0,96,nan,0,nan,0,nan,0,nan,0,nan,0,nan,0,nan,0,nan,0
1597988382321761024,1597988382921999872,2020-08-21 13:39:42.922000,4510.0,4538.0,4466.0,4505.0,nan,4504.0,169514,7636346080.0,143528,4511.0,35,4510.0,94,nan,0,nan,0,nan,0,nan,0,nan,0,nan,0,nan,0,nan,0
1597988382825801984,1597988383234999808,2020-08-21 13:39:43.235000,4510.0,4538.0,4466.0,4505.0,nan,4504.0,169514,7636346080.0,143528,4511.0,34,4510.0,95,nan,0,nan,0,nan,0,nan,0,nan,0,nan,0,nan,0,nan,0
1597988385323535872,1597988385844000000,2020-08-21 13:39:45.844000,4510.0,4538.0,4466.0,4505.0,nan,4504.0,169515,7636391180.0,143528,4511.0,34,4510.0,94,nan,0,nan,0,nan,0,nan,0,nan,0,nan,0,nan,0,nan,0
1597988385821498880,1597988386428999936,2020-08-21 13:39:46.429000,4510.0,4538.0,4466.0,4505.0,nan,4504.0,169515,7636391180.0,143528,4511.0,35,4510.0,96,nan,0,nan,0,nan,0,nan,0,nan,0,nan,0,nan,0,nan,0
1597988386336504064,1597988386704999936,2020-08-21 13:39:46.705000,4510.0,4538.0,4466.0,4505.0,nan,4504.0,169517,7636481380.0,143530,4511.0,37,4510.0,97,nan,0,nan,0,nan,0,nan,0,nan,0,nan,0,nan,0,nan,0
1597988387821836032,1597988388401999872,2020-08-21 13:39:48.402000,4510.0,4538.0,4466.0,4505.0,nan,4504.0,169518,7636526480.0,143530,4511.0,37,4510.0,98,nan,0,nan,0,nan,0,nan,0,nan,0,nan,0,nan,0,nan,0
1597988388323720960,1597988388908999936,2020-08-21 13:39:48.909000,4510.0,4538.0,4466.0,4505.0,nan,4504.0,169518,7636526480.0,143530,4511.0,41,4510.0,99,nan,0,nan,0,nan,0,nan,0,nan,0,nan,0,nan,0,nan,0
1597988388821750016,1597988389336999936,2020-08-21 13:39:49.337000,4510.0,4538.0,4466.0,4505.0,nan,4504.0,169519,7636571580.0,143531,4511.0,41,4510.0,97,nan,0,nan,0,nan,0,nan,0,nan,0,nan,0,nan,0,nan,0
1597988389333084928,1597988389823000064,2020-08-21 13:39:49.823000,4510.0,4538.0,4466.0,4505.0,nan,4504.0,169521,7636661780.0,143531,4511.0,41,4510.0,94,nan,0,nan,0,nan,0,nan,0,nan,0,nan,0,nan,0,nan,0
1597988389822757120,1597988390325999872,2020-08-21 13:39:50.326000,4510.0,4538.0,4466.0,4505.0,nan,4504.0,169522,7636706880.0,143531,4511.0,41,4510.0,93,nan,0,nan,0,nan,0,nan,0,nan,0,nan,0,nan,0,nan,0
1597988390825423872,1597988391324999936,2020-08-21 13:39:51.325000,4510.0,4538.0,4466.0,4505.0,nan,4504.0,169523,7636751980.0,143531,4511.0,41,4510.0,95,nan,0,nan,0,nan,0,nan,0,nan,0,nan,0,nan,0,nan,0
1597988391322775040,1597988391932000000,2020-08-21 13:39:51.932000,4510.0,4538.0,4466.0,4505.0,nan,4504.0,169524,7636797080.0,143531,4511.0,42,4510.0,94,nan,0,nan,0,nan,0,nan,0,nan,0,nan,0,nan,0,nan,0
1597988392340996096,1597988392930000128,2020-08-21 13:39:52.930000,4510.0,4538.0,4466.0,4505.0,nan,4504.0,169524,7636797080.0,143531,4511.0,42,4510.0,96,nan,0,nan,0,nan,0,nan,0,nan,0,nan,0,nan,0,nan,0
1597988392822403072,1597988393392000000,2020-08-21 13:39:53.392000,4510.0,4538.0,4466.0,4505.0,nan,4504.0,169533,7637203060.0,143539,4511.0,35,4510.0,95,nan,0,nan,0,nan,0,nan,0,nan,0,nan,0,nan,0,nan,0
1597988393322968064,1597988393860999936,2020-08-21 13:39:53.861000,4510.0,4538.0,4466.0,4505.0,nan,4504.0,169534,7637248160.0,143538,4511.0,36,4510.0,94,nan,0,nan,0,nan,0,nan,0,nan,0,nan,0,nan,0,nan,0
1597988393824642048,1597988394323000064,2020-08-21 13:39:54.323000,4510.0,4538.0,4466.0,4505.0,nan,4504.0,169535,7637293260.0,143539,4511.0,36,4510.0,96,nan,0,nan,0,nan,0,nan,0,nan,0,nan,0,nan,0,nan,0
1597988394323634944,1597988394832999936,2020-08-21 13:39:54.833000,4510.0,4538.0,4466.0,4505.0,nan,4504.0,169536,7637338360.0,143540,4511.0,36,4510.0,96,nan,0,nan,0,nan,0,nan,0,nan,0,nan,0,nan,0,nan,0
1597988394826352896,1597988395243000064,2020-08-21 13:39:55.243000,4511.0,4538.0,4466.0,4505.0,nan,4504.0,169542,7637609010.0,143539,4511.0,31,4510.0,95,nan,0,nan,0,nan,0,nan,0,nan,0,nan,0,nan,0,nan,0
1597988395334411008,1597988395903000064,2020-08-21 13:39:55.903000,4510.0,4538.0,4466.0,4505.0,nan,4504.0,169543,7637654110.0,143540,4511.0,31,4510.0,94,nan,0,nan,0,nan,0,nan,0,nan,0,nan,0,nan,0,nan,0
1597988396324630016,1597988396937999872,2020-08-21 13:39:56.938000,4510.0,4538.0,4466.0,4505.0,nan,4504.0,169543,7637654110.0,143540,4511.0,31,4510.0,96,nan,0,nan,0,nan,0,nan,0,nan,0,nan,0,nan,0,nan,0
1597988396846605056,1597988397384000000,2020-08-21 13:39:57.384000,4510.0,4538.0,4466.0,4505.0,nan,4504.0,169543,7637654110.0,143540,4511.0,39,4510.0,98,nan,0,nan,0,nan,0,nan,0,nan,0,nan,0,nan,0,nan,0
1597988397945556992,1597988398239000064,2020-08-21 13:39:58.239000,4510.0,4538.0,4466.0,4505.0,nan,4504.0,169543,7637654110.0,143540,4511.0,49,4510.0,98,nan,0,nan,0,nan,0,nan,0,nan,0,nan,0,nan,0,nan,0
1597988401821306112,1597988402352999936,2020-08-21 13:40:02.353000,4510.0,4538.0,4466.0,4505.0,nan,4504.0,169543,7637654110.0,143540,4511.0,51,4510.0,98,nan,0,nan,0,nan,0,nan,0,nan,0,nan,0,nan,0,nan,0
1597988403822735872,1597988404387000064,2020-08-21 13:40:04.387000,4510.0,4538.0,4466.0,4505.0,nan,4504.0,169546,7637789410.0,143543,4511.0,51,4510.0,95,nan,0,nan,0,nan,0,nan,0,nan,0,nan,0,nan,0,nan,0
1597988404358777088,1597988404903000064,2020-08-21 13:40:04.903000,4511.0,4538.0,4466.0,4505.0,nan,4504.0,169547,7637834520.0,143544,4511.0,51,4510.0,101,nan,0,nan,0,nan,0,nan,0,nan,0,nan,0,nan,0,nan,0
1597988405322492928,1597988405897000192,2020-08-21 13:40:05.897000,4511.0,4538.0,4466.0,4505.0,nan,4504.0,169547,7637834520.0,143544,4511.0,51,4510.0,137,nan,0,nan,0,nan,0,nan,0,nan,0,nan,0,nan,0,nan,0
1597988405824151040,1597988406390000128,2020-08-21 13:40:06.390000,4511.0,4538.0,4466.0,4505.0,nan,4504.0,169598,7640135130.0,143559,4512.0,30,4511.0,18,nan,0,nan,0,nan,0,nan,0,nan,0,nan,0,nan,0,nan,0
1597988406322466048,1597988406897000192,2020-08-21 13:40:06.897000,4512.0,4538.0,4466.0,4505.0,nan,4504.0,169628,7641488730.0,143552,4513.0,135,4512.0,24,nan,0,nan,0,nan,0,nan,0,nan,0,nan,0,nan,0,nan,0
1597988406834220032,1597988407324999936,2020-08-21 13:40:07.325000,4512.0,4538.0,4466.0,4505.0,nan,4504.0,169668,7643293530.0,143536,4513.0,135,4512.0,43,nan,0,nan,0,nan,0,nan,0,nan,0,nan,0,nan,0,nan,0
1597988407341605888,1597988407839000064,2020-08-21 13:40:07.839000,4512.0,4538.0,4466.0,4505.0,nan,4504.0,169673,7643519130.0,143536,4513.0,135,4512.0,40,nan,0,nan,0,nan,0,nan,0,nan,0,nan,0,nan,0,nan,0
1597988407821611008,1597988408239000064,2020-08-21 13:40:08.239000,4512.0,4538.0,4466.0,4505.0,nan,4504.0,169673,7643519130.0,143536,4513.0,135,4512.0,39,nan,0,nan,0,nan,0,nan,0,nan,0,nan,0,nan,0,nan,0
1597988408849893888,1597988409262000128,2020-08-21 13:40:09.262000,4512.0,4538.0,4466.0,4505.0,nan,4504.0,169673,7643519130.0,143536,4513.0,135,4512.0,40,nan,0,nan,0,nan,0,nan,0,nan,0,nan,0,nan,0,nan,0
1597988409821490944,1597988410403000064,2020-08-21 13:40:10.403000,4512.0,4538.0,4466.0,4505.0,nan,4504.0,169675,7643609380.0,143536,4513.0,135,4512.0,46,nan,0,nan,0,nan,0,nan,0,nan,0,nan,0,nan,0,nan,0
1597988410339492096,1597988410824999936,2020-08-21 13:40:10.825000,4513.0,4538.0,4466.0,4505.0,nan,4504.0,169676,7643654510.0,143536,4513.0,137,4512.0,49,nan,0,nan,0,nan,0,nan,0,nan,0,nan,0,nan,0,nan,0
1597988410824820992,1597988411408999936,2020-08-21 13:40:11.409000,4513.0,4538.0,4466.0,4505.0,nan,4504.0,169685,7644060600.0,143528,4513.0,136,4512.0,47,nan,0,nan,0,nan,0,nan,0,nan,0,nan,0,nan,0,nan,0
1597988411321189888,1597988411924999936,2020-08-21 13:40:11.925000,4513.0,4538.0,4466.0,4505.0,nan,4504.0,169687,7644150860.0,143528,4513.0,134,4512.0,47,nan,0,nan,0,nan,0,nan,0,nan,0,nan,0,nan,0,nan,0
1597988411822004992,1597988412364999936,2020-08-21 13:40:12.365000,4513.0,4538.0,4466.0,4505.0,nan,4504.0,169688,7644195990.0,143528,4513.0,133,4512.0,47,nan,0,nan,0,nan,0,nan,0,nan,0,nan,0,nan,0,nan,0
1597988412322010880,1597988412872000000,2020-08-21 13:40:12.872000,4512.0,4538.0,4466.0,4505.0,nan,4504.0,169697,7644602070.0,143519,4513.0,133,4512.0,38,nan,0,nan,0,nan,0,nan,0,nan,0,nan,0,nan,0,nan,0
1597988412833726976,1597988413236999936,2020-08-21 13:40:13.237000,4513.0,4538.0,4466.0,4505.0,nan,4504.0,169710,7645188640.0,143507,4513.0,132,4512.0,26,nan,0,nan,0,nan,0,nan,0,nan,0,nan,0,nan,0,nan,0
1597988413342638080,1597988413832999936,2020-08-21 13:40:13.833000,4513.0,4538.0,4466.0,4505.0,nan,4504.0,169712,7645278900.0,143507,4513.0,130,4512.0,26,nan,0,nan,0,nan,0,nan,0,nan,0,nan,0,nan,0,nan,0
1597988413823579904,1597988414289999872,2020-08-21 13:40:14.290000,4512.0,4538.0,4466.0,4505.0,nan,4504.0,169713,7645324020.0,143507,4513.0,131,4512.0,25,nan,0,nan,0,nan,0,nan,0,nan,0,nan,0,nan,0,nan,0
1597988414827719936,1597988415323000064,2020-08-21 13:40:15.323000,4512.0,4538.0,4466.0,4505.0,nan,4504.0,169718,7645549620.0,143502,4513.0,131,4512.0,21,nan,0,nan,0,nan,0,nan,0,nan,0,nan,0,nan,0,nan,0
1597988415829327104,1597988416256000000,2020-08-21 13:40:16.256000,4512.0,4538.0,4466.0,4505.0,nan,4504.0,169718,7645549620.0,143502,4513.0,133,4512.0,21,nan,0,nan,0,nan,0,nan,0,nan,0,nan,0,nan,0,nan,0
1597988416339800064,1597988416842000128,2020-08-21 13:40:16.842000,4513.0,4538.0,4466.0,4505.0,nan,4504.0,169719,7645594750.0,143501,4513.0,132,4512.0,22,nan,0,nan,0,nan,0,nan,0,nan,0,nan,0,nan,0,nan,0
1597988416825446912,1597988417244000000,2020-08-21 13:40:17.244000,4513.0,4538.0,4466.0,4505.0,nan,4504.0,169720,7645639880.0,143501,4513.0,131,4512.0,22,nan,0,nan,0,nan,0,nan,0,nan,0,nan,0,nan,0,nan,0
1597988417322522112,1597988417869999872,2020-08-21 13:40:17.870000,4512.0,4538.0,4466.0,4505.0,nan,4504.0,169725,7645865480.0,143504,4513.0,131,4512.0,18,nan,0,nan,0,nan,0,nan,0,nan,0,nan,0,nan,0,nan,0
1597988417856890112,1597988418243000064,2020-08-21 13:40:18.243000,4513.0,4538.0,4466.0,4505.0,nan,4504.0,169726,7645910610.0,143504,4513.0,130,4512.0,19,nan,0,nan,0,nan,0,nan,0,nan,0,nan,0,nan,0,nan,0
1597988418322891008,1597988418823000064,2020-08-21 13:40:18.823000,4512.0,4538.0,4466.0,4505.0,nan,4504.0,169735,7646316690.0,143505,4513.0,126,4512.0,10,nan,0,nan,0,nan,0,nan,0,nan,0,nan,0,nan,0,nan,0
1597988418822755072,1597988419332999936,2020-08-21 13:40:19.333000,4513.0,4538.0,4466.0,4505.0,nan,4504.0,169736,7646361820.0,143505,4513.0,125,4512.0,10,nan,0,nan,0,nan,0,nan,0,nan,0,nan,0,nan,0,nan,0
1597988419345232896,1597988419924999936,2020-08-21 13:40:19.925000,4513.0,4538.0,4466.0,4505.0,nan,4504.0,169736,7646361820.0,143505,4513.0,125,4512.0,11,nan,0,nan,0,nan,0,nan,0,nan,0,nan,0,nan,0,nan,0
1597988419822810880,1597988420400000000,2020-08-21 13:40:20.400000,4513.0,4538.0,4466.0,4505.0,nan,4504.0,169736,7646361820.0,143505,4513.0,128,4512.0,19,nan,0,nan,0,nan,0,nan,0,nan,0,nan,0,nan,0,nan,0
1597988420323727104,1597988420816000000,2020-08-21 13:40:20.816000,4513.0,4538.0,4466.0,4505.0,nan,4504.0,169736,7646361820.0,143505,4513.0,129,4512.0,19,nan,0,nan,0,nan,0,nan,0,nan,0,nan,0,nan,0,nan,0
1597988420820474112,1597988421323000064,2020-08-21 13:40:21.323000,4512.0,4538.0,4466.0,4505.0,nan,4504.0,169741,7646587420.0,143505,4513.0,129,4512.0,13,nan,0,nan,0,nan,0,nan,0,nan,0,nan,0,nan,0,nan,0
1597988421824531968,1597988422318000128,2020-08-21 13:40:22.318000,4512.0,4538.0,4466.0,4505.0,nan,4504.0,169741,7646587420.0,143505,4513.0,129,4512.0,17,nan,0,nan,0,nan,0,nan,0,nan,0,nan,0,nan,0,nan,0
1597988422822504960,1597988423390000128,2020-08-21 13:40:23.390000,4512.0,4538.0,4466.0,4505.0,nan,4504.0,169744,7646722780.0,143507,4513.0,129,4512.0,14,nan,0,nan,0,nan,0,nan,0,nan,0,nan,0,nan,0,nan,0
1597988423323278080,1597988423823000064,2020-08-21 13:40:23.823000,4512.0,4538.0,4466.0,4505.0,nan,4504.0,169746,7646813020.0,143506,4513.0,129,4512.0,12,nan,0,nan,0,nan,0,nan,0,nan,0,nan,0,nan,0,nan,0
1597988423819715072,1597988424434000128,2020-08-21 13:40:24.434000,4512.0,4538.0,4466.0,4505.0,nan,4504.0,169749,7646948400.0,143506,4513.0,128,4512.0,11,nan,0,nan,0,nan,0,nan,0,nan,0,nan,0,nan,0,nan,0
1597988424320632064,1597988424828000000,2020-08-21 13:40:24.828000,4512.0,4538.0,4466.0,4505.0,nan,4504.0,169750,7646993520.0,143506,4513.0,129,4512.0,11,nan,0,nan,0,nan,0,nan,0,nan,0,nan,0,nan,0,nan,0
1597988424822747904,1597988425331000064,2020-08-21 13:40:25.331000,4512.0,4538.0,4466.0,4505.0,nan,4504.0,169750,7646993520.0,143506,4513.0,129,4512.0,12,nan,0,nan,0,nan,0,nan,0,nan,0,nan,0,nan,0,nan,0
1597988425822269952,1597988426431000064,2020-08-21 13:40:26.431000,4512.0,4538.0,4466.0,4505.0,nan,4504.0,169750,7646993520.0,143506,4513.0,129,4512.0,13,nan,0,nan,0,nan,0,nan,0,nan,0,nan,0,nan,0,nan,0
1597988426374593024,1597988426823000064,2020-08-21 13:40:26.823000,4513.0,4538.0,4466.0,4505.0,nan,4504.0,169760,7647444820.0,143506,4513.0,119,4512.0,21,nan,0,nan,0,nan,0,nan,0,nan,0,nan,0,nan,0,nan,0
1597988426835958016,1597988427428999936,2020-08-21 13:40:27.429000,4513.0,4538.0,4466.0,4505.0,nan,4504.0,169761,7647489950.0,143506,4513.0,118,4512.0,24,nan,0,nan,0,nan,0,nan,0,nan,0,nan,0,nan,0,nan,0
1597988427322032896,1597988427796999936,2020-08-21 13:40:27.797000,4513.0,4538.0,4466.0,4505.0,nan,4504.0,169761,7647489950.0,143506,4513.0,123,4512.0,25,nan,0,nan,0,nan,0,nan,0,nan,0,nan,0,nan,0,nan,0
1597988427825871872,1597988428334000128,2020-08-21 13:40:28.334000,4513.0,4538.0,4466.0,4505.0,nan,4504.0,169884,7653040940.0,143500,4514.0,51,4512.0,29,nan,0,nan,0,nan,0,nan,0,nan,0,nan,0,nan,0,nan,0
1597988428339132928,1597988428905999872,2020-08-21 13:40:28.906000,4515.0,4538.0,4466.0,4505.0,nan,4504.0,169937,7655433390.0,143524,4515.0,96,4514.0,15,nan,0,nan,0,nan,0,nan,0,nan,0,nan,0,nan,0,nan,0
1597988428822661120,1597988429418999808,2020-08-21 13:40:29.419000,4514.0,4538.0,4466.0,4505.0,nan,4504.0,169940,7655568820.0,143526,4515.0,96,4514.0,14,nan,0,nan,0,nan,0,nan,0,nan,0,nan,0,nan,0,nan,0
1597988429323345920,1597988429823000064,2020-08-21 13:40:29.823000,4515.0,4538.0,4466.0,4505.0,nan,4504.0,169955,7656246030.0,143534,4515.0,84,4514.0,12,nan,0,nan,0,nan,0,nan,0,nan,0,nan,0,nan,0,nan,0
1597988429823542016,1597988430323000064,2020-08-21 13:40:30.323000,4515.0,4538.0,4466.0,4505.0,nan,4504.0,169956,7656291180.0,143534,4515.0,82,4514.0,28,nan,0,nan,0,nan,0,nan,0,nan,0,nan,0,nan,0,nan,0
1597988430370017024,1597988430905999872,2020-08-21 13:40:30.906000,4515.0,4538.0,4466.0,4505.0,nan,4504.0,169958,7656381480.0,143536,4515.0,80,4514.0,64,nan,0,nan,0,nan,0,nan,0,nan,0,nan,0,nan,0,nan,0
1597988430822600960,1597988431395000064,2020-08-21 13:40:31.395000,4514.0,4538.0,4466.0,4505.0,nan,4504.0,169961,7656516920.0,143539,4515.0,78,4514.0,65,nan,0,nan,0,nan,0,nan,0,nan,0,nan,0,nan,0,nan,0
1597988431367161088,1597988431895000064,2020-08-21 13:40:31.895000,4515.0,4538.0,4466.0,4505.0,nan,4504.0,169962,7656562070.0,143538,4515.0,77,4514.0,65,nan,0,nan,0,nan,0,nan,0,nan,0,nan,0,nan,0,nan,0
1597988432322818048,1597988432823000064,2020-08-21 13:40:32.823000,4515.0,4538.0,4466.0,4505.0,nan,4504.0,169971,7656968420.0,143533,4515.0,67,4514.0,49,nan,0,nan,0,nan,0,nan,0,nan,0,nan,0,nan,0,nan,0
1597988432829420032,1597988433432000000,2020-08-21 13:40:33.432000,4514.0,4538.0,4466.0,4505.0,nan,4504.0,169972,7657013560.0,143534,4515.0,92,4514.0,48,nan,0,nan,0,nan,0,nan,0,nan,0,nan,0,nan,0,nan,0
1597988433322152960,1597988433854000128,2020-08-21 13:40:33.854000,4514.0,4538.0,4466.0,4505.0,nan,4504.0,169974,7657103850.0,143533,4515.0,92,4514.0,47,nan,0,nan,0,nan,0,nan,0,nan,0,nan,0,nan,0,nan,0
1597988433826906880,1597988434323000064,2020-08-21 13:40:34.323000,4515.0,4538.0,4466.0,4505.0,nan,4504.0,169990,7657826120.0,143531,4515.0,90,4514.0,34,nan,0,nan,0,nan,0,nan,0,nan,0,nan,0,nan,0,nan,0
1597988434348046080,1597988434805000192,2020-08-21 13:40:34.805000,4515.0,4538.0,4466.0,4505.0,nan,4504.0,170001,7658322770.0,143539,4515.0,78,4514.0,34,nan,0,nan,0,nan,0,nan,0,nan,0,nan,0,nan,0,nan,0
1597988434830151936,1597988435336999936,2020-08-21 13:40:35.337000,4515.0,4538.0,4466.0,4505.0,nan,4504.0,170021,7659225770.0,143547,4515.0,58,4514.0,34,nan,0,nan,0,nan,0,nan,0,nan,0,nan,0,nan,0,nan,0
1597988435328488960,1597988435825999872,2020-08-21 13:40:35.826000,4515.0,4538.0,4466.0,4505.0,nan,4504.0,170021,7659225770.0,143547,4515.0,56,4514.0,34,nan,0,nan,0,nan,0,nan,0,nan,0,nan,0,nan,0,nan,0
1597988436331891968,1597988436740000000,2020-08-21 13:40:36.740000,4515.0,4538.0,4466.0,4505.0,nan,4504.0,170021,7659225770.0,143547,4515.0,56,4514.0,36,nan,0,nan,0,nan,0,nan,0,nan,0,nan,0,nan,0,nan,0
1597988436834546944,1597988437324000000,2020-08-21 13:40:37.324000,4514.0,4538.0,4466.0,4505.0,nan,4504.0,170036,7659902870.0,143547,4515.0,57,4514.0,21,nan,0,nan,0,nan,0,nan,0,nan,0,nan,0,nan,0,nan,0
1597988437358148096,1597988437935000064,2020-08-21 13:40:37.935000,4515.0,4538.0,4466.0,4505.0,nan,4504.0,170059,7660941100.0,143529,4514.0,16,4513.0,12,nan,0,nan,0,nan,0,nan,0,nan,0,nan,0,nan,0,nan,0
1597988437824992000,1597988438401999872,2020-08-21 13:40:38.402000,4515.0,4538.0,4466.0,4505.0,nan,4504.0,170059,7660941100.0,143529,4514.0,22,4513.0,11,nan,0,nan,0,nan,0,nan,0,nan,0,nan,0,nan,0,nan,0
1597988438322748928,1597988438823000064,2020-08-21 13:40:38.823000,4515.0,4538.0,4466.0,4505.0,nan,4504.0,170064,7661166850.0,143534,4514.0,16,4513.0,15,nan,0,nan,0,nan,0,nan,0,nan,0,nan,0,nan,0,nan,0
1597988438832564992,1597988439426000128,2020-08-21 13:40:39.426000,4514.0,4538.0,4466.0,4505.0,nan,4504.0,170075,7661663390.0,143544,4514.0,6,4513.0,15,nan,0,nan,0,nan,0,nan,0,nan,0,nan,0,nan,0,nan,0
1597988439324472064,1597988439888999936,2020-08-21 13:40:39.889000,4514.0,4538.0,4466.0,4505.0,nan,4504.0,170076,7661708530.0,143545,4514.0,8,4513.0,13,nan,0,nan,0,nan,0,nan,0,nan,0,nan,0,nan,0,nan,0
1597988439832357888,1597988440400999936,2020-08-21 13:40:40.401000,4514.0,4538.0,4466.0,4505.0,nan,4504.0,170076,7661708530.0,143545,4514.0,10,4513.0,20,nan,0,nan,0,nan,0,nan,0,nan,0,nan,0,nan,0,nan,0
1597988440356805120,1597988440908000000,2020-08-21 13:40:40.908000,4513.0,4538.0,4466.0,4505.0,nan,4504.0,170096,7662611290.0,143545,4514.0,15,4513.0,18,nan,0,nan,0,nan,0,nan,0,nan,0,nan,0,nan,0,nan,0
1597988440828318976,1597988441323000064,2020-08-21 13:40:41.323000,4513.0,4538.0,4466.0,4505.0,nan,4504.0,170096,7662611290.0,143545,4514.0,15,4513.0,20,nan,0,nan,0,nan,0,nan,0,nan,0,nan,0,nan,0,nan,0
1597988441322905088,1597988441744000000,2020-08-21 13:40:41.744000,4513.0,4538.0,4466.0,4505.0,nan,4504.0,170097,7662656420.0,143546,4514.0,15,4513.0,20,nan,0,nan,0,nan,0,nan,0,nan,0,nan,0,nan,0,nan,0
1597988442326827008,1597988442824000000,2020-08-21 13:40:42.824000,4513.0,4538.0,4466.0,4505.0,nan,4504.0,170101,7662836940.0,143550,4514.0,22,4513.0,16,nan,0,nan,0,nan,0,nan,0,nan,0,nan,0,nan,0,nan,0
1597988442822440960,1597988443316000000,2020-08-21 13:40:43.316000,4513.0,4538.0,4466.0,4505.0,nan,4504.0,170101,7662836940.0,143550,4514.0,23,4513.0,16,nan,0,nan,0,nan,0,nan,0,nan,0,nan,0,nan,0,nan,0
1597988443826675968,1597988444390000128,2020-08-21 13:40:44.390000,4513.0,4538.0,4466.0,4505.0,nan,4504.0,170105,7663017490.0,143551,4514.0,21,4513.0,15,nan,0,nan,0,nan,0,nan,0,nan,0,nan,0,nan,0,nan,0
1597988445319505920,1597988445855000064,2020-08-21 13:40:45.855000,4513.0,4538.0,4466.0,4505.0,nan,4504.0,170105,7663017490.0,143551,4514.0,20,4513.0,16,nan,0,nan,0,nan,0,nan,0,nan,0,nan,0,nan,0,nan,0
1597988446368097024,1597988446924999936,2020-08-21 13:40:46.925000,4514.0,4538.0,4466.0,4505.0,nan,4504.0,170106,7663062630.0,143551,4514.0,19,4513.0,16,nan,0,nan,0,nan,0,nan,0,nan,0,nan,0,nan,0,nan,0
1597988446852388096,1597988447344999936,2020-08-21 13:40:47.345000,4513.0,4538.0,4466.0,4505.0,nan,4504.0,170108,7663152900.0,143551,4514.0,18,4513.0,15,nan,0,nan,0,nan,0,nan,0,nan,0,nan,0,nan,0,nan,0
1597988448855367936,1597988449410000128,2020-08-21 13:40:49.410000,4514.0,4538.0,4466.0,4505.0,nan,4504.0,170109,7663198040.0,143551,4514.0,17,4513.0,16,nan,0,nan,0,nan,0,nan,0,nan,0,nan,0,nan,0,nan,0
1597988449828001024,1597988450360999936,2020-08-21 13:40:50.361000,4514.0,4538.0,4466.0,4505.0,nan,4504.0,170109,7663198040.0,143551,4514.0,18,4513.0,17,nan,0,nan,0,nan,0,nan,0,nan,0,nan,0,nan,0,nan,0
1597988450321819904,1597988450928000000,2020-08-21 13:40:50.928000,4514.0,4538.0,4466.0,4505.0,nan,4504.0,170109,7663198040.0,143551,4514.0,20,4513.0,17,nan,0,nan,0,nan,0,nan,0,nan,0,nan,0,nan,0,nan,0
1597988451321260032,1597988451832999936,2020-08-21 13:40:51.833000,4513.0,4538.0,4466.0,4505.0,nan,4504.0,170110,7663243170.0,143552,4514.0,20,4513.0,16,nan,0,nan,0,nan,0,nan,0,nan,0,nan,0,nan,0,nan,0
1597988451842780928,1597988452299000064,2020-08-21 13:40:52.299000,4513.0,4538.0,4466.0,4505.0,nan,4504.0,170110,7663243170.0,143552,4514.0,20,4513.0,17,nan,0,nan,0,nan,0,nan,0,nan,0,nan,0,nan,0,nan,0
1597988453322097920,1597988453731000064,2020-08-21 13:40:53.731000,4513.0,4538.0,4466.0,4505.0,nan,4504.0,170110,7663243170.0,143552,4514.0,21,4513.0,17,nan,0,nan,0,nan,0,nan,0,nan,0,nan,0,nan,0,nan,0
1597988453819411968,1597988454296000000,2020-08-21 13:40:54.296000,4513.0,4538.0,4466.0,4505.0,nan,4504.0,170111,7663288300.0,143553,4514.0,21,4513.0,16,nan,0,nan,0,nan,0,nan,0,nan,0,nan,0,nan,0,nan,0
1597988454317809920,1597988454719000064,2020-08-21 13:40:54.719000,4514.0,4538.0,4466.0,4505.0,nan,4504.0,170113,7663378580.0,143551,4514.0,19,4513.0,16,nan,0,nan,0,nan,0,nan,0,nan,0,nan,0,nan,0,nan,0
1597988454821827072,1597988455368999936,2020-08-21 13:40:55.369000,4514.0,4538.0,4466.0,4505.0,nan,4504.0,170113,7663378580.0,143551,4514.0,19,4513.0,17,nan,0,nan,0,nan,0,nan,0,nan,0,nan,0,nan,0,nan,0
1597988455361876992,1597988455803000064,2020-08-21 13:40:55.803000,4514.0,4538.0,4466.0,4505.0,nan,4504.0,170114,7663423720.0,143550,4514.0,18,4513.0,17,nan,0,nan,0,nan,0,nan,0,nan,0,nan,0,nan,0,nan,0
1597988456322531072,1597988456894000128,2020-08-21 13:40:56.894000,4514.0,4538.0,4466.0,4505.0,nan,4504.0,170114,7663423720.0,143550,4514.0,18,4513.0,18,nan,0,nan,0,nan,0,nan,0,nan,0,nan,0,nan,0,nan,0
1597988456826298880,1597988457418999808,2020-08-21 13:40:57.419000,4513.0,4538.0,4466.0,4505.0,nan,4504.0,170115,7663468850.0,143550,4514.0,18,4513.0,26,nan,0,nan,0,nan,0,nan,0,nan,0,nan,0,nan,0,nan,0
1597988457323060992,1597988457931000064,2020-08-21 13:40:57.931000,4513.0,4538.0,4466.0,4505.0,nan,4504.0,170115,7663468850.0,143550,4514.0,17,4513.0,27,nan,0,nan,0,nan,0,nan,0,nan,0,nan,0,nan,0,nan,0
1597988457830667008,1597988458335000064,2020-08-21 13:40:58.335000,4514.0,4538.0,4466.0,4505.0,nan,4504.0,170116,7663513990.0,143550,4514.0,16,4513.0,27,nan,0,nan,0,nan,0,nan,0,nan,0,nan,0,nan,0,nan,0
1597988458330160896,1597988458882999808,2020-08-21 13:40:58.883000,4514.0,4538.0,4466.0,4505.0,nan,4504.0,170116,7663513990.0,143550,4514.0,18,4513.0,27,nan,0,nan,0,nan,0,nan,0,nan,0,nan,0,nan,0,nan,0
1597988459321840128,1597988459824999936,2020-08-21 13:40:59.825000,4514.0,4538.0,4466.0,4505.0,nan,4504.0,170116,7663513990.0,143550,4514.0,18,4513.0,28,nan,0,nan,0,nan,0,nan,0,nan,0,nan,0,nan,0,nan,0
1597988459827235072,1597988460326999808,2020-08-21 13:41:00.327000,4513.0,4538.0,4466.0,4505.0,nan,4504.0,170120,7663694520.0,143549,4514.0,18,4513.0,25,nan,0,nan,0,nan,0,nan,0,nan,0,nan,0,nan,0,nan,0
1597988460319158016,1597988460823000064,2020-08-21 13:41:00.823000,4514.0,4538.0,4466.0,4505.0,nan,4504.0,170127,7664010500.0,143552,4514.0,11,4513.0,54,nan,0,nan,0,nan,0,nan,0,nan,0,nan,0,nan,0,nan,0
1597988460827641088,1597988461355000064,2020-08-21 13:41:01.355000,4514.0,4538.0,4466.0,4505.0,nan,4504.0,170128,7664055640.0,143553,4514.0,10,4513.0,54,nan,0,nan,0,nan,0,nan,0,nan,0,nan,0,nan,0,nan,0
1597988461393106944,1597988461767000064,2020-08-21 13:41:01.767000,4514.0,4538.0,4466.0,4505.0,nan,4504.0,170128,7664055640.0,143553,4514.0,18,4513.0,54,nan,0,nan,0,nan,0,nan,0,nan,0,nan,0,nan,0,nan,0
1597988461833052928,1597988462345999872,2020-08-21 13:41:02.346000,4514.0,4538.0,4466.0,4505.0,nan,4504.0,170128,7664055640.0,143553,4514.0,18,4513.0,56,nan,0,nan,0,nan,0,nan,0,nan,0,nan,0,nan,0,nan,0
1597988462347490048,1597988462901999872,2020-08-21 13:41:02.902000,4514.0,4538.0,4466.0,4505.0,nan,4504.0,170128,7664055640.0,143553,4514.0,20,4513.0,56,nan,0,nan,0,nan,0,nan,0,nan,0,nan,0,nan,0,nan,0
1597988462850405120,1597988463372000000,2020-08-21 13:41:03.372000,4514.0,4538.0,4466.0,4505.0,nan,4504.0,170129,7664100780.0,143554,4514.0,20,4513.0,56,nan,0,nan,0,nan,0,nan,0,nan,0,nan,0,nan,0,nan,0
1597988463850093056,1597988464360999936,2020-08-21 13:41:04.361000,4513.0,4538.0,4466.0,4505.0,nan,4504.0,170130,7664145910.0,143555,4514.0,22,4513.0,57,nan,0,nan,0,nan,0,nan,0,nan,0,nan,0,nan,0,nan,0
1597988464349988096,1597988464823000064,2020-08-21 13:41:04.823000,4514.0,4538.0,4466.0,4505.0,nan,4504.0,170131,7664191050.0,143556,4514.0,25,4513.0,57,nan,0,nan,0,nan,0,nan,0,nan,0,nan,0,nan,0,nan,0
1597988464835077888,1597988465360999936,2020-08-21 13:41:05.361000,4514.0,4538.0,4466.0,4505.0,nan,4504.0,170131,7664191050.0,143556,4514.0,25,4513.0,58,nan,0,nan,0,nan,0,nan,0,nan,0,nan,0,nan,0,nan,0
1597988467834095104,1597988468187000064,2020-08-21 13:41:08.187000,4514.0,4538.0,4466.0,4505.0,nan,4504.0,170131,7664191050.0,143556,4514.0,26,4513.0,58,nan,0,nan,0,nan,0,nan,0,nan,0,nan,0,nan,0,nan,0
1597988469330814976,1597988469732000000,2020-08-21 13:41:09.732000,4514.0,4538.0,4466.0,4505.0,nan,4504.0,170132,7664236190.0,143557,4514.0,25,4513.0,58,nan,0,nan,0,nan,0,nan,0,nan,0,nan,0,nan,0,nan,0
1597988469827945984,1597988470401999872,2020-08-21 13:41:10.402000,4513.0,4538.0,4466.0,4505.0,nan,4504.0,170190,7666853730.0,143581,4513.0,23,4512.0,10,nan,0,nan,0,nan,0,nan,0,nan,0,nan,0,nan,0,nan,0
1597988470348802048,1597988470848000000,2020-08-21 13:41:10.848000,4513.0,4538.0,4466.0,4505.0,nan,4504.0,170190,7666853730.0,143581,4513.0,23,4512.0,16,nan,0,nan,0,nan,0,nan,0,nan,0,nan,0,nan,0,nan,0
1597988470834614016,1597988471351000064,2020-08-21 13:41:11.351000,4513.0,4538.0,4466.0,4505.0,nan,4504.0,170190,7666853730.0,143581,4513.0,23,4512.0,18,nan,0,nan,0,nan,0,nan,0,nan,0,nan,0,nan,0,nan,0
1597988471828891904,1597988472436999936,2020-08-21 13:41:12.437000,4513.0,4538.0,4466.0,4505.0,nan,4504.0,170190,7666853730.0,143581,4513.0,25,4512.0,18,nan,0,nan,0,nan,0,nan,0,nan,0,nan,0,nan,0,nan,0
1597988473347080960,1597988473824999936,2020-08-21 13:41:13.825000,4513.0,4538.0,4466.0,4505.0,nan,4504.0,170191,7666898860.0,143580,4513.0,25,4512.0,18,nan,0,nan,0,nan,0,nan,0,nan,0,nan,0,nan,0,nan,0
1597988473832048896,1597988474324999936,2020-08-21 13:41:14.325000,4512.0,4538.0,4466.0,4505.0,nan,4504.0,170192,7666943980.0,143581,4513.0,25,4512.0,17,nan,0,nan,0,nan,0,nan,0,nan,0,nan,0,nan,0,nan,0
1597988474317792000,1597988474752999936,2020-08-21 13:41:14.753000,4512.0,4538.0,4466.0,4505.0,nan,4504.0,170192,7666943980.0,143581,4513.0,29,4512.0,15,nan,0,nan,0,nan,0,nan,0,nan,0,nan,0,nan,0,nan,0
1597988475316706048,1597988475908000000,2020-08-21 13:41:15.908000,4512.0,4538.0,4466.0,4505.0,nan,4504.0,170193,7666989100.0,143581,4513.0,29,4512.0,14,nan,0,nan,0,nan,0,nan,0,nan,0,nan,0,nan,0,nan,0
1597988475835123968,1597988476232000000,2020-08-21 13:41:16.232000,4512.0,4538.0,4466.0,4505.0,nan,4504.0,170194,7667034220.0,143581,4513.0,29,4512.0,13,nan,0,nan,0,nan,0,nan,0,nan,0,nan,0,nan,0,nan,0
1597988476842925056,1597988477325999872,2020-08-21 13:41:17.326000,4513.0,4538.0,4466.0,4505.0,nan,4504.0,170196,7667124480.0,143583,4513.0,28,4512.0,12,nan,0,nan,0,nan,0,nan,0,nan,0,nan,0,nan,0,nan,0
1597988477316497920,1597988477860999936,2020-08-21 13:41:17.861000,4513.0,4538.0,4466.0,4505.0,nan,4504.0,170197,7667169610.0,143584,4513.0,27,4512.0,13,nan,0,nan,0,nan,0,nan,0,nan,0,nan,0,nan,0,nan,0
1597988477827938048,1597988478401999872,2020-08-21 13:41:18.402000,4513.0,4538.0,4466.0,4505.0,nan,4504.0,170215,7667981950.0,143596,4513.0,9,4512.0,13,nan,0,nan,0,nan,0,nan,0,nan,0,nan,0,nan,0,nan,0
1597988478336038912,1597988478911000064,2020-08-21 13:41:18.911000,4513.0,4538.0,4466.0,4505.0,nan,4504.0,170219,7668162470.0,143597,4513.0,3,4512.0,17,nan,0,nan,0,nan,0,nan,0,nan,0,nan,0,nan,0,nan,0
1597988478839809024,1597988479416999936,2020-08-21 13:41:19.417000,4513.0,4538.0,4466.0,4505.0,nan,4504.0,170224,7668388110.0,143598,4514.0,26,4513.0,3,nan,0,nan,0,nan,0,nan,0,nan,0,nan,0,nan,0,nan,0
1597988479350679040,1597988479825999872,2020-08-21 13:41:19.826000,4514.0,4538.0,4466.0,4505.0,nan,4504.0,170231,7668704040.0,143603,4514.0,24,4513.0,7,nan,0,nan,0,nan,0,nan,0,nan,0,nan,0,nan,0,nan,0
1597988479831941888,1597988480415000064,2020-08-21 13:41:20.415000,4514.0,4538.0,4466.0,4505.0,nan,4504.0,170232,7668749180.0,143603,4514.0,23,4513.0,10,nan,0,nan,0,nan,0,nan,0,nan,0,nan,0,nan,0,nan,0
1597988480322405888,1597988480844000000,2020-08-21 13:41:20.844000,4514.0,4538.0,4466.0,4505.0,nan,4504.0,170235,7668884600.0,143604,4514.0,11,4513.0,13,nan,0,nan,0,nan,0,nan,0,nan,0,nan,0,nan,0,nan,0
1597988480831403008,1597988481250999808,2020-08-21 13:41:21.251000,4514.0,4538.0,4466.0,4505.0,nan,4504.0,170236,7668929740.0,143605,4514.0,9,4513.0,13,nan,0,nan,0,nan,0,nan,0,nan,0,nan,0,nan,0,nan,0
1597988481318241024,1597988481932000000,2020-08-21 13:41:21.932000,4514.0,4538.0,4466.0,4505.0,nan,4504.0,170236,7668929740.0,143605,4514.0,9,4513.0,16,nan,0,nan,0,nan,0,nan,0,nan,0,nan,0,nan,0,nan,0
1597988482341262080,1597988482916000000,2020-08-21 13:41:22.916000,4514.0,4538.0,4466.0,4505.0,nan,4504.0,170246,7669381140.0,143610,4515.0,74,4513.0,16,nan,0,nan,0,nan,0,nan,0,nan,0,nan,0,nan,0,nan,0
1597988482825807872,1597988483432000000,2020-08-21 13:41:23.432000,4514.0,4538.0,4466.0,4505.0,nan,4504.0,170246,7669381140.0,143610,4515.0,74,4513.0,25,nan,0,nan,0,nan,0,nan,0,nan,0,nan,0,nan,0,nan,0
1597988483836646912,1597988484434000128,2020-08-21 13:41:24.434000,4513.0,4538.0,4466.0,4505.0,nan,4504.0,170248,7669471420.0,143611,4515.0,74,4514.0,1,nan,0,nan,0,nan,0,nan,0,nan,0,nan,0,nan,0,nan,0
1597988484326170880,1597988484878000128,2020-08-21 13:41:24.878000,4513.0,4538.0,4466.0,4505.0,nan,4504.0,170252,7669651940.0,143615,4515.0,74,4514.0,9,nan,0,nan,0,nan,0,nan,0,nan,0,nan,0,nan,0,nan,0
1597988484829147904,1597988485423000064,2020-08-21 13:41:25.423000,4513.0,4538.0,4466.0,4505.0,nan,4504.0,170252,7669651940.0,143615,4515.0,74,4514.0,10,nan,0,nan,0,nan,0,nan,0,nan,0,nan,0,nan,0,nan,0
1597988485823179008,1597988486335000064,2020-08-21 13:41:26.335000,4514.0,4538.0,4466.0,4505.0,nan,4504.0,170257,7669877640.0,143620,4515.0,74,4514.0,5,nan,0,nan,0,nan,0,nan,0,nan,0,nan,0,nan,0,nan,0
1597988486316261888,1597988486904000000,2020-08-21 13:41:26.904000,4515.0,4538.0,4466.0,4505.0,nan,4504.0,170258,7669922790.0,143619,4515.0,73,4514.0,5,nan,0,nan,0,nan,0,nan,0,nan,0,nan,0,nan,0,nan,0
1597988486826063104,1597988487380999936,2020-08-21 13:41:27.381000,4515.0,4538.0,4466.0,4505.0,nan,4504.0,170258,7669922790.0,143619,4515.0,73,4514.0,9,nan,0,nan,0,nan,0,nan,0,nan,0,nan,0,nan,0,nan,0
1597988487329294080,1597988487926000128,2020-08-21 13:41:27.926000,4515.0,4538.0,4466.0,4505.0,nan,4504.0,170261,7670058220.0,143622,4515.0,72,4514.0,11,nan,0,nan,0,nan,0,nan,0,nan,0,nan,0,nan,0,nan,0
1597988487829060096,1597988488323000064,2020-08-21 13:41:28.323000,4515.0,4538.0,4466.0,4505.0,nan,4504.0,170262,7670103370.0,143622,4515.0,74,4514.0,12,nan,0,nan,0,nan,0,nan,0,nan,0,nan,0,nan,0,nan,0
1597988488346765056,1597988488877000192,2020-08-21 13:41:28.877000,4515.0,4538.0,4466.0,4505.0,nan,4504.0,170262,7670103370.0,143622,4515.0,74,4514.0,16,nan,0,nan,0,nan,0,nan,0,nan,0,nan,0,nan,0,nan,0
1597988488826480896,1597988489397000192,2020-08-21 13:41:29.397000,4515.0,4538.0,4466.0,4505.0,nan,4504.0,170262,7670103370.0,143622,4515.0,74,4514.0,17,nan,0,nan,0,nan,0,nan,0,nan,0,nan,0,nan,0,nan,0
1597988489833232896,1597988490397000192,2020-08-21 13:41:30.397000,4514.0,4538.0,4466.0,4505.0,nan,4504.0,170263,7670148510.0,143623,4515.0,79,4514.0,16,nan,0,nan,0,nan,0,nan,0,nan,0,nan,0,nan,0,nan,0
1597988490328446976,1597988490934000128,2020-08-21 13:41:30.934000,4514.0,4538.0,4466.0,4505.0,nan,4504.0,170275,7670690190.0,143631,4515.0,84,4514.0,26,nan,0,nan,0,nan,0,nan,0,nan,0,nan,0,nan,0,nan,0
1597988490833152000,1597988491427000064,2020-08-21 13:41:31.427000,4515.0,4538.0,4466.0,4505.0,nan,4504.0,170279,7670870790.0,143631,4515.0,80,4514.0,27,nan,0,nan,0,nan,0,nan,0,nan,0,nan,0,nan,0,nan,0
1597988491832078080,1597988492431000064,2020-08-21 13:41:32.431000,4515.0,4538.0,4466.0,4505.0,nan,4504.0,170279,7670870790.0,143631,4515.0,81,4514.0,27,nan,0,nan,0,nan,0,nan,0,nan,0,nan,0,nan,0,nan,0
1597988493830095872,1597988494364000000,2020-08-21 13:41:34.364000,4514.0,4538.0,4466.0,4505.0,nan,4504.0,170280,7670915930.0,143631,4515.0,85,4514.0,27,nan,0,nan,0,nan,0,nan,0,nan,0,nan,0,nan,0,nan,0
1597988494346971904,1597988494824999936,2020-08-21 13:41:34.825000,4515.0,4538.0,4466.0,4505.0,nan,4504.0,170281,7670961080.0,143632,4515.0,84,4514.0,30,nan,0,nan,0,nan,0,nan,0,nan,0,nan,0,nan,0,nan,0
1597988495331333120,1597988495935000064,2020-08-21 13:41:35.935000,4514.0,4538.0,4466.0,4505.0,nan,4504.0,170282,7671006220.0,143631,4515.0,84,4514.0,29,nan,0,nan,0,nan,0,nan,0,nan,0,nan,0,nan,0,nan,0
1597988495848722944,1597988496256999936,2020-08-21 13:41:36.257000,4515.0,4538.0,4466.0,4505.0,nan,4504.0,170285,7671141650.0,143631,4515.0,84,4514.0,28,nan,0,nan,0,nan,0,nan,0,nan,0,nan,0,nan,0,nan,0
1597988498827454976,1597988499212000000,2020-08-21 13:41:39.212000,4514.0,4538.0,4466.0,4505.0,nan,4504.0,170286,7671186790.0,143631,4515.0,84,4514.0,27,nan,0,nan,0,nan,0,nan,0,nan,0,nan,0,nan,0,nan,0
1597988500822885888,1597988501323000064,2020-08-21 13:41:41.323000,4515.0,4538.0,4466.0,4505.0,nan,4504.0,170287,7671231940.0,143632,4515.0,84,4514.0,27,nan,0,nan,0,nan,0,nan,0,nan,0,nan,0,nan,0,nan,0
1597988501832282880,1597988502227000064,2020-08-21 13:41:42.227000,4514.0,4538.0,4466.0,4505.0,nan,4504.0,170288,7671277080.0,143632,4515.0,84,4514.0,26,nan,0,nan,0,nan,0,nan,0,nan,0,nan,0,nan,0,nan,0
1597988502327616000,1597988502884999936,2020-08-21 13:41:42.885000,4514.0,4538.0,4466.0,4505.0,nan,4504.0,170290,7671367360.0,143634,4515.0,94,4514.0,24,nan,0,nan,0,nan,0,nan,0,nan,0,nan,0,nan,0,nan,0
1597988502834695936,1597988503308000000,2020-08-21 13:41:43.308000,4514.0,4538.0,4466.0,4505.0,nan,4504.0,170291,7671412500.0,143635,4515.0,94,4514.0,23,nan,0,nan,0,nan,0,nan,0,nan,0,nan,0,nan,0,nan,0
1597988503341424128,1597988503740999936,2020-08-21 13:41:43.741000,4515.0,4538.0,4466.0,4505.0,nan,4504.0,170293,7671502800.0,143637,4515.0,92,4514.0,23,nan,0,nan,0,nan,0,nan,0,nan,0,nan,0,nan,0,nan,0
1597988503825863936,1597988504324999936,2020-08-21 13:41:44.325000,4514.0,4538.0,4466.0,4505.0,nan,4504.0,170294,7671547940.0,143638,4515.0,94,4514.0,24,nan,0,nan,0,nan,0,nan,0,nan,0,nan,0,nan,0,nan,0
1597988504319248896,1597988504819000064,2020-08-21 13:41:44.819000,4515.0,4538.0,4466.0,4505.0,nan,4504.0,170296,7671638240.0,143640,4515.0,92,4514.0,24,nan,0,nan,0,nan,0,nan,0,nan,0,nan,0,nan,0,nan,0
1597988505319176960,1597988505936999936,2020-08-21 13:41:45.937000,4515.0,4538.0,4466.0,4505.0,nan,4504.0,170302,7671909140.0,143646,4515.0,86,4514.0,24,nan,0,nan,0,nan,0,nan,0,nan,0,nan,0,nan,0,nan,0
1597988505838593024,1597988506427000064,2020-08-21 13:41:46.427000,4515.0,4538.0,4466.0,4505.0,nan,4504.0,170387,7675746890.0,143683,4516.0,66,4515.0,37,nan,0,nan,0,nan,0,nan,0,nan,0,nan,0,nan,0,nan,0
1597988506324090880,1597988506834000128,2020-08-21 13:41:46.834000,4515.0,4538.0,4466.0,4505.0,nan,4504.0,170388,7675792040.0,143684,4516.0,67,4515.0,43,nan,0,nan,0,nan,0,nan,0,nan,0,nan,0,nan,0,nan,0
1597988506833012992,1597988507423000064,2020-08-21 13:41:47.423000,4516.0,4538.0,4466.0,4505.0,nan,4504.0,170409,7676740390.0,143701,4516.0,51,4515.0,42,nan,0,nan,0,nan,0,nan,0,nan,0,nan,0,nan,0,nan,0
1597988507330123008,1597988507823000064,2020-08-21 13:41:47.823000,4516.0,4538.0,4466.0,4505.0,nan,4504.0,170419,7677191950.0,143706,4516.0,43,4515.0,39,nan,0,nan,0,nan,0,nan,0,nan,0,nan,0,nan,0,nan,0
1597988507836898048,1597988508369999872,2020-08-21 13:41:48.370000,4516.0,4538.0,4466.0,4505.0,nan,4504.0,170462,7679133830.0,143736,4517.0,32,4515.0,40,nan,0,nan,0,nan,0,nan,0,nan,0,nan,0,nan,0,nan,0
1597988508322690048,1597988508914000128,2020-08-21 13:41:48.914000,4516.0,4538.0,4466.0,4505.0,nan,4504.0,170480,7679946710.0,143749,4517.0,29,4516.0,6,nan,0,nan,0,nan,0,nan,0,nan,0,nan,0,nan,0,nan,0
1597988508836211968,1597988509432000000,2020-08-21 13:41:49.432000,4516.0,4538.0,4466.0,4505.0,nan,4504.0,170491,7680443440.0,143754,4517.0,29,4516.0,1,nan,0,nan,0,nan,0,nan,0,nan,0,nan,0,nan,0,nan,0
1597988509335987968,1597988509860999936,2020-08-21 13:41:49.861000,4517.0,4538.0,4466.0,4505.0,nan,4504.0,170493,7680533780.0,143755,4517.0,28,4516.0,5,nan,0,nan,0,nan,0,nan,0,nan,0,nan,0,nan,0,nan,0
1597988509844308992,1597988510395000064,2020-08-21 13:41:50.395000,4517.0,4538.0,4466.0,4505.0,nan,4504.0,170532,7682295170.0,143737,4517.0,8,4516.0,4,nan,0,nan,0,nan,0,nan,0,nan,0,nan,0,nan,0,nan,0
1597988510324315904,1597988510936999936,2020-08-21 13:41:50.937000,4517.0,4538.0,4466.0,4505.0,nan,4504.0,170533,7682340340.0,143738,4517.0,10,4516.0,4,nan,0,nan,0,nan,0,nan,0,nan,0,nan,0,nan,0,nan,0
1597988510835760896,1597988511332000000,2020-08-21 13:41:51.332000,4516.0,4538.0,4466.0,4505.0,nan,4504.0,170537,7682521010.0,143741,4517.0,8,4516.0,3,nan,0,nan,0,nan,0,nan,0,nan,0,nan,0,nan,0,nan,0
1597988511322284032,1597988511806999808,2020-08-21 13:41:51.807000,4517.0,4538.0,4466.0,4505.0,nan,4504.0,170538,7682566180.0,143742,4517.0,7,4516.0,3,nan,0,nan,0,nan,0,nan,0,nan,0,nan,0,nan,0,nan,0
1597988511836101120,1597988512410000128,2020-08-21 13:41:52.410000,4517.0,4538.0,4466.0,4505.0,nan,4504.0,170540,7682656520.0,143742,4517.0,7,4516.0,4,nan,0,nan,0,nan,0,nan,0,nan,0,nan,0,nan,0,nan,0
1597988512342167040,1597988512914000128,2020-08-21 13:41:52.914000,4517.0,4538.0,4466.0,4505.0,nan,4504.0,170540,7682656520.0,143742,4517.0,297,4516.0,4,nan,0,nan,0,nan,0,nan,0,nan,0,nan,0,nan,0,nan,0
1597988512832867072,1597988513436999936,2020-08-21 13:41:53.437000,4515.0,4538.0,4466.0,4505.0,nan,4504.0,170584,7684643160.0,143764,4515.0,47,4514.0,9,nan,0,nan,0,nan,0,nan,0,nan,0,nan,0,nan,0,nan,0
1597988513327932928,1597988513928000000,2020-08-21 13:41:53.928000,4515.0,4538.0,4466.0,4505.0,nan,4504.0,170591,7684959170.0,143769,4515.0,4,4514.0,23,nan,0,nan,0,nan,0,nan,0,nan,0,nan,0,nan,0,nan,0
1597988513842790912,1597988514384000000,2020-08-21 13:41:54.384000,4515.0,4538.0,4466.0,4505.0,nan,4504.0,170594,7685094600.0,143770,4515.0,4,4514.0,22,nan,0,nan,0,nan,0,nan,0,nan,0,nan,0,nan,0,nan,0
1597988514328688896,1597988514759000064,2020-08-21 13:41:54.759000,4515.0,4538.0,4466.0,4505.0,nan,4504.0,170598,7685275200.0,143772,4516.0,26,4514.0,22,nan,0,nan,0,nan,0,nan,0,nan,0,nan,0,nan,0,nan,0
1597988514839548928,1597988515421999872,2020-08-21 13:41:55.422000,4515.0,4538.0,4466.0,4505.0,nan,4504.0,170598,7685275200.0,143772,4516.0,26,4515.0,4,nan,0,nan,0,nan,0,nan,0,nan,0,nan,0,nan,0,nan,0
1597988516850823936,1597988517387000064,2020-08-21 13:41:57.387000,4516.0,4538.0,4466.0,4505.0,nan,4504.0,170609,7685771960.0,143775,4516.0,15,4515.0,16,nan,0,nan,0,nan,0,nan,0,nan,0,nan,0,nan,0,nan,0
1597988517331119104,1597988517905999872,2020-08-21 13:41:57.906000,4516.0,4538.0,4466.0,4505.0,nan,4504.0,170639,7687126560.0,143798,4516.0,10,4515.0,2,nan,0,nan,0,nan,0,nan,0,nan,0,nan,0,nan,0,nan,0
1597988517858731008,1597988518324999936,2020-08-21 13:41:58.325000,4516.0,4538.0,4466.0,4505.0,nan,4504.0,170649,7687578160.0,143800,4516.0,6,4515.0,16,nan,0,nan,0,nan,0,nan,0,nan,0,nan,0,nan,0,nan,0
1597988518326855936,1597988518928999936,2020-08-21 13:41:58.929000,4516.0,4538.0,4466.0,4505.0,nan,4504.0,170656,7687894280.0,143805,4517.0,303,4516.0,4,nan,0,nan,0,nan,0,nan,0,nan,0,nan,0,nan,0,nan,0
1597988518860880896,1597988519336000000,2020-08-21 13:41:59.336000,4516.0,4538.0,4466.0,4505.0,nan,4504.0,170663,7688210400.0,143803,4516.0,17,4515.0,15,nan,0,nan,0,nan,0,nan,0,nan,0,nan,0,nan,0,nan,0
1597988519334970112,1597988519868999936,2020-08-21 13:41:59.869000,4515.0,4538.0,4466.0,4505.0,nan,4504.0,170664,7688255550.0,143803,4516.0,17,4515.0,16,nan,0,nan,0,nan,0,nan,0,nan,0,nan,0,nan,0,nan,0
1597988519855067904,1597988520426000128,2020-08-21 13:42:00.426000,4516.0,4538.0,4466.0,4505.0,nan,4504.0,170685,7689203910.0,143811,4516.0,18,4515.0,17,nan,0,nan,0,nan,0,nan,0,nan,0,nan,0,nan,0,nan,0
1597988520319691008,1597988520897000192,2020-08-21 13:42:00.897000,4516.0,4538.0,4466.0,4505.0,nan,4504.0,170708,7690242590.0,143822,4516.0,14,4515.0,17,nan,0,nan,0,nan,0,nan,0,nan,0,nan,0,nan,0,nan,0
1597988520851760128,1597988521323000064,2020-08-21 13:42:01.323000,4516.0,4538.0,4466.0,4505.0,nan,4504.0,170720,7690784510.0,143834,4517.0,304,4515.0,27,nan,0,nan,0,nan,0,nan,0,nan,0,nan,0,nan,0,nan,0
1597988521346149888,1597988521734999808,2020-08-21 13:42:01.735000,4516.0,4538.0,4466.0,4505.0,nan,4504.0,170720,7690784510.0,143834,4517.0,307,4516.0,38,nan,0,nan,0,nan,0,nan,0,nan,0,nan,0,nan,0,nan,0
1597988522851500032,1597988523381999872,2020-08-21 13:42:03.382000,4516.0,4538.0,4466.0,4505.0,nan,4504.0,170722,7690874830.0,143834,4517.0,17,4516.0,37,nan,0,nan,0,nan,0,nan,0,nan,0,nan,0,nan,0,nan,0
1597988523323094016,1597988523891000064,2020-08-21 13:42:03.891000,4517.0,4538.0,4466.0,4505.0,nan,4504.0,170743,7691823400.0,143830,4518.0,50,4517.0,12,nan,0,nan,0,nan,0,nan,0,nan,0,nan,0,nan,0,nan,0
1597988523839870976,1597988524380000000,2020-08-21 13:42:04.380000,4517.0,4538.0,4466.0,4505.0,nan,4504.0,170746,7691958910.0,143830,4518.0,50,4517.0,13,nan,0,nan,0,nan,0,nan,0,nan,0,nan,0,nan,0,nan,0
1597988524344453120,1597988524908000000,2020-08-21 13:42:04.908000,4518.0,4538.0,4466.0,4505.0,nan,4504.0,170747,7692004090.0,143831,4518.0,50,4517.0,24,nan,0,nan,0,nan,0,nan,0,nan,0,nan,0,nan,0,nan,0
1597988524836036096,1597988525421999872,2020-08-21 13:42:05.422000,4518.0,4538.0,4466.0,4505.0,nan,4504.0,170797,7694263090.0,143815,4519.0,63,4518.0,27,nan,0,nan,0,nan,0,nan,0,nan,0,nan,0,nan,0,nan,0
1597988525343962112,1597988525878000128,2020-08-21 13:42:05.878000,4519.0,4538.0,4466.0,4505.0,nan,4504.0,170803,7694534220.0,143815,4519.0,65,4518.0,32,nan,0,nan,0,nan,0,nan,0,nan,0,nan,0,nan,0,nan,0
1597988525846435072,1597988526336999936,2020-08-21 13:42:06.337000,4519.0,4538.0,4466.0,4505.0,nan,4504.0,170807,7694714960.0,143816,4519.0,64,4518.0,30,nan,0,nan,0,nan,0,nan,0,nan,0,nan,0,nan,0,nan,0
1597988526326209024,1597988526892999936,2020-08-21 13:42:06.893000,4519.0,4538.0,4466.0,4505.0,nan,4504.0,170808,7694760150.0,143816,4519.0,63,4518.0,32,nan,0,nan,0,nan,0,nan,0,nan,0,nan,0,nan,0,nan,0
1597988526843993088,1597988527326999808,2020-08-21 13:42:07.327000,4519.0,4538.0,4466.0,4505.0,nan,4504.0,170810,7694850520.0,143817,4519.0,83,4518.0,31,nan,0,nan,0,nan,0,nan,0,nan,0,nan,0,nan,0,nan,0
1597988527343051008,1597988527927000064,2020-08-21 13:42:07.927000,4518.0,4538.0,4466.0,4505.0,nan,4504.0,170811,7694895700.0,143818,4519.0,83,4518.0,30,nan,0,nan,0,nan,0,nan,0,nan,0,nan,0,nan,0,nan,0
1597988527856388096,1597988528432000000,2020-08-21 13:42:08.432000,4518.0,4538.0,4466.0,4505.0,nan,4504.0,170904,7699096850.0,143813,4519.0,83,4518.0,7,nan,0,nan,0,nan,0,nan,0,nan,0,nan,0,nan,0,nan,0
1597988528326578944,1597988528825999872,2020-08-21 13:42:08.826000,4518.0,4538.0,4466.0,4505.0,nan,4504.0,170915,7699593830.0,143813,4518.0,27,4517.0,2,nan,0,nan,0,nan,0,nan,0,nan,0,nan,0,nan,0,nan,0
1597988528847550976,1597988529323000064,2020-08-21 13:42:09.323000,4518.0,4538.0,4466.0,4505.0,nan,4504.0,170916,7699639010.0,143814,4518.0,26,4517.0,5,nan,0,nan,0,nan,0,nan,0,nan,0,nan,0,nan,0,nan,0
1597988529317399040,1597988529923000064,2020-08-21 13:42:09.923000,4517.0,4538.0,4466.0,4505.0,nan,4504.0,170920,7699819700.0,143818,4517.0,2,4516.0,242,nan,0,nan,0,nan,0,nan,0,nan,0,nan,0,nan,0,nan,0
1597988529842660096,1597988530427000064,2020-08-21 13:42:10.427000,4518.0,4538.0,4466.0,4505.0,nan,4504.0,170927,7700135910.0,143823,4518.0,46,4517.0,1,nan,0,nan,0,nan,0,nan,0,nan,0,nan,0,nan,0,nan,0
1597988530329638912,1597988530936999936,2020-08-21 13:42:10.937000,4518.0,4538.0,4466.0,4505.0,nan,4504.0,170928,7700181090.0,143824,4518.0,47,4517.0,4,nan,0,nan,0,nan,0,nan,0,nan,0,nan,0,nan,0,nan,0
1597988530842829056,1597988531323000064,2020-08-21 13:42:11.323000,4517.0,4538.0,4466.0,4505.0,nan,4504.0,170936,7700542450.0,143832,4517.0,2,4516.0,243,nan,0,nan,0,nan,0,nan,0,nan,0,nan,0,nan,0,nan,0
1597988531326010880,1597988531934000128,2020-08-21 13:42:11.934000,4517.0,4538.0,4466.0,4505.0,nan,4504.0,170975,7702304080.0,143828,4518.0,49,4517.0,2,nan,0,nan,0,nan,0,nan,0,nan,0,nan,0,nan,0,nan,0
1597988531851974912,1597988532381999872,2020-08-21 13:42:12.382000,4517.0,4538.0,4466.0,4505.0,nan,4504.0,170992,7703072050.0,143837,4517.0,13,4516.0,243,nan,0,nan,0,nan,0,nan,0,nan,0,nan,0,nan,0,nan,0
1597988532327393024,1597988532890000128,2020-08-21 13:42:12.890000,4516.0,4538.0,4466.0,4505.0,nan,4504.0,170993,7703117210.0,143838,4517.0,15,4516.0,243,nan,0,nan,0,nan,0,nan,0,nan,0,nan,0,nan,0,nan,0
1597988532846949120,1597988533332999936,2020-08-21 13:42:13.333000,4516.0,4538.0,4466.0,4505.0,nan,4504.0,170999,7703388190.0,143840,4517.0,13,4516.0,239,nan,0,nan,0,nan,0,nan,0,nan,0,nan,0,nan,0,nan,0
1597988533339077888,1597988533867000064,2020-08-21 13:42:13.867000,4516.0,4538.0,4466.0,4505.0,nan,4504.0,171000,7703433350.0,143841,4517.0,13,4516.0,239,nan,0,nan,0,nan,0,nan,0,nan,0,nan,0,nan,0,nan,0
1597988533844410112,1597988534331000064,2020-08-21 13:42:14.331000,4516.0,4538.0,4466.0,4505.0,nan,4504.0,171002,7703523670.0,143843,4517.0,14,4516.0,237,nan,0,nan,0,nan,0,nan,0,nan,0,nan,0,nan,0,nan,0
1597988534320956928,1597988534823000064,2020-08-21 13:42:14.823000,4517.0,4538.0,4466.0,4505.0,nan,4504.0,171003,7703568840.0,143844,4517.0,13,4516.0,238,nan,0,nan,0,nan,0,nan,0,nan,0,nan,0,nan,0,nan,0
1597988534855578880,1597988535384000000,2020-08-21 13:42:15.384000,4517.0,4538.0,4466.0,4505.0,nan,4504.0,171004,7703614010.0,143844,4517.0,17,4516.0,233,nan,0,nan,0,nan,0,nan,0,nan,0,nan,0,nan,0,nan,0
1597988535321305088,1597988535842000128,2020-08-21 13:42:15.842000,4517.0,4538.0,4466.0,4505.0,nan,4504.0,171013,7704020530.0,143852,4517.0,16,4516.0,232,nan,0,nan,0,nan,0,nan,0,nan,0,nan,0,nan,0,nan,0
1597988535820638976,1597988536394000128,2020-08-21 13:42:16.394000,4517.0,4538.0,4466.0,4505.0,nan,4504.0,171017,7704201180.0,143853,4517.0,21,4516.0,235,nan,0,nan,0,nan,0,nan,0,nan,0,nan,0,nan,0,nan,0
1597988536323083008,1597988536920999936,2020-08-21 13:42:16.921000,4517.0,4538.0,4466.0,4505.0,nan,4504.0,171020,7704336690.0,143854,4517.0,24,4516.0,235,nan,0,nan,0,nan,0,nan,0,nan,0,nan,0,nan,0,nan,0
1597988536857605888,1597988537325999872,2020-08-21 13:42:17.326000,4517.0,4538.0,4466.0,4505.0,nan,4504.0,171023,7704472200.0,143857,4517.0,311,4516.0,236,nan,0,nan,0,nan,0,nan,0,nan,0,nan,0,nan,0,nan,0
1597988537323832064,1597988537890000128,2020-08-21 13:42:17.890000,4515.0,4538.0,4466.0,4505.0,nan,4504.0,171301,7717026360.0,143879,4515.0,1,4514.0,26,nan,0,nan,0,nan,0,nan,0,nan,0,nan,0,nan,0,nan,0
1597988537820820992,1597988538335000064,2020-08-21 13:42:18.335000,4516.0,4538.0,4466.0,4505.0,nan,4504.0,171324,7718065010.0,143873,4516.0,35,4515.0,22,nan,0,nan,0,nan,0,nan,0,nan,0,nan,0,nan,0,nan,0
1597988538321224960,1597988538887000064,2020-08-21 13:42:18.887000,4516.0,4538.0,4466.0,4505.0,nan,4504.0,171324,7718065010.0,143873,4516.0,35,4515.0,29,nan,0,nan,0,nan,0,nan,0,nan,0,nan,0,nan,0,nan,0
1597988538823723008,1597988539323000064,2020-08-21 13:42:19.323000,4516.0,4538.0,4466.0,4505.0,nan,4504.0,171329,7718290810.0,143868,4516.0,26,4515.0,29,nan,0,nan,0,nan,0,nan,0,nan,0,nan,0,nan,0,nan,0
1597988539347454976,1597988539898999808,2020-08-21 13:42:19.899000,4516.0,4538.0,4466.0,4505.0,nan,4504.0,171329,7718290810.0,143868,4516.0,33,4515.0,29,nan,0,nan,0,nan,0,nan,0,nan,0,nan,0,nan,0,nan,0
1597988539822195968,1597988540260999936,2020-08-21 13:42:20.261000,4516.0,4538.0,4466.0,4505.0,nan,4504.0,171330,7718335970.0,143868,4516.0,31,4515.0,48,nan,0,nan,0,nan,0,nan,0,nan,0,nan,0,nan,0,nan,0
1597988540322127872,1597988540832000000,2020-08-21 13:42:20.832000,4518.0,4538.0,4466.0,4505.0,nan,4504.0,171708,7735410230.0,144176,4519.0,83,4517.0,6,nan,0,nan,0,nan,0,nan,0,nan,0,nan,0,nan,0,nan,0
1597988540823080960,1597988541416999936,2020-08-21 13:42:21.417000,4518.0,4538.0,4466.0,4505.0,nan,4504.0,171735,7736630120.0,144192,4519.0,79,4518.0,15,nan,0,nan,0,nan,0,nan,0,nan,0,nan,0,nan,0,nan,0
1597988541324803072,1597988541894000128,2020-08-21 13:42:21.894000,4517.0,4538.0,4466.0,4505.0,nan,4504.0,171785,7738888800.0,144194,4517.0,80,4516.0,280,nan,0,nan,0,nan,0,nan,0,nan,0,nan,0,nan,0,nan,0
1597988541822254080,1597988542404999936,2020-08-21 13:42:22.405000,4518.0,4538.0,4466.0,4505.0,nan,4504.0,171870,7742728290.0,144273,4519.0,83,4518.0,11,nan,0,nan,0,nan,0,nan,0,nan,0,nan,0,nan,0,nan,0
1597988542357594880,1597988542894000128,2020-08-21 13:42:22.894000,4519.0,4538.0,4466.0,4505.0,nan,4504.0,171871,7742773480.0,144274,4519.0,82,4518.0,11,nan,0,nan,0,nan,0,nan,0,nan,0,nan,0,nan,0,nan,0
1597988542822119936,1597988543388000000,2020-08-21 13:42:23.388000,4518.0,4538.0,4466.0,4505.0,nan,4504.0,171886,7743451180.0,144281,4518.0,8,4517.0,54,nan,0,nan,0,nan,0,nan,0,nan,0,nan,0,nan,0,nan,0
1597988543322029056,1597988543823000064,2020-08-21 13:42:23.823000,4517.0,4538.0,4466.0,4505.0,nan,4504.0,171889,7743586710.0,144281,4518.0,33,4517.0,50,nan,0,nan,0,nan,0,nan,0,nan,0,nan,0,nan,0,nan,0
1597988543823215104,1597988544372000000,2020-08-21 13:42:24.372000,4516.0,4538.0,4466.0,4505.0,nan,4504.0,171960,7746793590.0,144248,4517.0,207,4516.0,385,nan,0,nan,0,nan,0,nan,0,nan,0,nan,0,nan,0,nan,0
1597988544332549120,1597988544806999808,2020-08-21 13:42:24.807000,4517.0,4538.0,4466.0,4505.0,nan,4504.0,171962,7746883930.0,144246,4517.0,206,4516.0,385,nan,0,nan,0,nan,0,nan,0,nan,0,nan,0,nan,0,nan,0
1597988544820317952,1597988545388999936,2020-08-21 13:42:25.389000,4517.0,4538.0,4466.0,4505.0,nan,4504.0,171962,7746883930.0,144246,4517.0,204,4516.0,365,nan,0,nan,0,nan,0,nan,0,nan,0,nan,0,nan,0,nan,0
1597988545881634048,1597988546398000128,2020-08-21 13:42:26.398000,4518.0,4538.0,4466.0,4505.0,nan,4504.0,171971,7747290480.0,144243,4518.0,31,4517.0,14,nan,0,nan,0,nan,0,nan,0,nan,0,nan,0,nan,0,nan,0
1597988546322533888,1597988546845999872,2020-08-21 13:42:26.846000,4518.0,4538.0,4466.0,4505.0,nan,4504.0,171971,7747290480.0,144243,4518.0,33,4517.0,15,nan,0,nan,0,nan,0,nan,0,nan,0,nan,0,nan,0,nan,0
1597988546848601088,1597988547384000000,2020-08-21 13:42:27.384000,4517.0,4538.0,4466.0,4505.0,nan,4504.0,171986,7747968030.0,144231,4517.0,202,4516.0,389,nan,0,nan,0,nan,0,nan,0,nan,0,nan,0,nan,0,nan,0
1597988547326700032,1597988547823000064,2020-08-21 13:42:27.823000,4517.0,4538.0,4466.0,4505.0,nan,4504.0,171993,7748284160.0,144231,4517.0,202,4516.0,386,nan,0,nan,0,nan,0,nan,0,nan,0,nan,0,nan,0,nan,0
1597988547823529984,1597988548360999936,2020-08-21 13:42:28.361000,4517.0,4538.0,4466.0,4505.0,nan,4505.0,171999,7748555180.0,144231,4517.0,196,4516.0,396,nan,0,nan,0,nan,0,nan,0,nan,0,nan,0,nan,0,nan,0
1597988548342287872,1597988548865999872,2020-08-21 13:42:28.866000,4516.0,4538.0,4466.0,4505.0,nan,4505.0,172000,7748600340.0,144231,4517.0,198,4516.0,395,nan,0,nan,0,nan,0,nan,0,nan,0,nan,0,nan,0,nan,0
1597988548846572032,1597988549391000064,2020-08-21 13:42:29.391000,4517.0,4538.0,4466.0,4505.0,nan,4505.0,172003,7748735840.0,144232,4517.0,196,4516.0,394,nan,0,nan,0,nan,0,nan,0,nan,0,nan,0,nan,0,nan,0
1597988549321754112,1597988549764000000,2020-08-21 13:42:29.764000,4516.0,4538.0,4466.0,4505.0,nan,4505.0,172015,7749277780.0,144241,4517.0,194,4516.0,390,nan,0,nan,0,nan,0,nan,0,nan,0,nan,0,nan,0,nan,0
1597988549819092992,1597988550371000064,2020-08-21 13:42:30.371000,4516.0,4538.0,4466.0,4505.0,nan,4505.0,172020,7749503580.0,144241,4517.0,194,4516.0,385,nan,0,nan,0,nan,0,nan,0,nan,0,nan,0,nan,0,nan,0
1597988550324310016,1597988550836999936,2020-08-21 13:42:30.837000,4516.0,4538.0,4466.0,4505.0,nan,4505.0,172405,7766890180.0,144335,4517.0,194,4515.0,31,nan,0,nan,0,nan,0,nan,0,nan,0,nan,0,nan,0,nan,0
1597988550822941952,1597988551404999936,2020-08-21 13:42:31.405000,4514.0,4538.0,4466.0,4505.0,nan,4505.0,172465,7769598940.0,144345,4514.0,1,4513.0,26,nan,0,nan,0,nan,0,nan,0,nan,0,nan,0,nan,0,nan,0
1597988551344790016,1597988551829999872,2020-08-21 13:42:31.830000,4515.0,4538.0,4466.0,4505.0,nan,4505.0,172538,7772894620.0,144348,4516.0,65,4515.0,16,nan,0,nan,0,nan,0,nan,0,nan,0,nan,0,nan,0,nan,0
1597988551834242048,1597988552398999808,2020-08-21 13:42:32.399000,4516.0,4538.0,4466.0,4505.0,nan,4505.0,172550,7773436520.0,144349,4516.0,57,4515.0,17,nan,0,nan,0,nan,0,nan,0,nan,0,nan,0,nan,0,nan,0
1597988552321522944,1597988552894000128,2020-08-21 13:42:32.894000,4516.0,4538.0,4466.0,4505.0,nan,4505.0,172559,7773842910.0,144346,4516.0,52,4515.0,12,nan,0,nan,0,nan,0,nan,0,nan,0,nan,0,nan,0,nan,0
1597988553324718080,1597988553832000000,2020-08-21 13:42:33.832000,4516.0,4538.0,4466.0,4505.0,nan,4505.0,172559,7773842910.0,144346,4516.0,53,4515.0,12,nan,0,nan,0,nan,0,nan,0,nan,0,nan,0,nan,0,nan,0
1597988553825196032,1597988554346999808,2020-08-21 13:42:34.347000,4515.0,4538.0,4466.0,4505.0,nan,4505.0,172572,7774429860.0,144336,4515.0,24,4514.0,109,nan,0,nan,0,nan,0,nan,0,nan,0,nan,0,nan,0,nan,0
1597988554337575936,1597988554911000064,2020-08-21 13:42:34.911000,4515.0,4538.0,4466.0,4505.0,nan,4505.0,172597,7775558610.0,144338,4515.0,1,4514.0,109,nan,0,nan,0,nan,0,nan,0,nan,0,nan,0,nan,0,nan,0
1597988554823546112,1597988555400000000,2020-08-21 13:42:35.400000,4516.0,4538.0,4466.0,4505.0,nan,4505.0,172661,7778448840.0,144325,4516.0,24,4515.0,3,nan,0,nan,0,nan,0,nan,0,nan,0,nan,0,nan,0,nan,0
1597988555321562880,1597988555865999872,2020-08-21 13:42:35.866000,4515.0,4538.0,4466.0,4505.0,nan,4505.0,172682,7779396990.0,144313,4516.0,59,4514.0,113,nan,0,nan,0,nan,0,nan,0,nan,0,nan,0,nan,0,nan,0
1597988555824594944,1597988556431000064,2020-08-21 13:42:36.431000,4516.0,4538.0,4466.0,4505.0,nan,4505.0,172747,7782332310.0,144296,4517.0,235,4516.0,3,nan,0,nan,0,nan,0,nan,0,nan,0,nan,0,nan,0,nan,0
1597988556320393984,1597988556878000128,2020-08-21 13:42:36.878000,4516.0,4538.0,4466.0,4505.0,nan,4505.0,172751,7782512950.0,144295,4517.0,249,4515.0,60,nan,0,nan,0,nan,0,nan,0,nan,0,nan,0,nan,0,nan,0
1597988556834309120,1597988557364000000,2020-08-21 13:42:37.364000,4515.0,4538.0,4466.0,4505.0,nan,4505.0,172769,7783325740.0,144293,4517.0,248,4515.0,50,nan,0,nan,0,nan,0,nan,0,nan,0,nan,0,nan,0,nan,0
1597988557344153088,1597988557856000000,2020-08-21 13:42:37.856000,4516.0,4538.0,4466.0,4505.0,nan,4505.0,172772,7783461220.0,144294,4516.0,1,4515.0,11,nan,0,nan,0,nan,0,nan,0,nan,0,nan,0,nan,0,nan,0
1597988557823399936,1597988558323000064,2020-08-21 13:42:38.323000,4516.0,4538.0,4466.0,4505.0,nan,4505.0,172772,7783461220.0,144294,4516.0,12,4515.0,11,nan,0,nan,0,nan,0,nan,0,nan,0,nan,0,nan,0,nan,0
1597988558321615872,1597988558865999872,2020-08-21 13:42:38.866000,4516.0,4538.0,4466.0,4505.0,nan,4505.0,172772,7783461220.0,144294,4516.0,12,4515.0,13,nan,0,nan,0,nan,0,nan,0,nan,0,nan,0,nan,0,nan,0
1597988558819725056,1597988559437999872,2020-08-21 13:42:39.438000,4516.0,4538.0,4466.0,4505.0,nan,4505.0,172785,7784048300.0,144284,4517.0,247,4516.0,48,nan,0,nan,0,nan,0,nan,0,nan,0,nan,0,nan,0,nan,0
1597988559327104000,1597988559936999936,2020-08-21 13:42:39.937000,4516.0,4538.0,4466.0,4505.0,nan,4505.0,172786,7784093460.0,144284,4517.0,247,4516.0,57,nan,0,nan,0,nan,0,nan,0,nan,0,nan,0,nan,0,nan,0
1597988559820431104,1597988560340000000,2020-08-21 13:42:40.340000,4516.0,4538.0,4466.0,4505.0,nan,4505.0,172791,7784319260.0,144279,4517.0,247,4516.0,52,nan,0,nan,0,nan,0,nan,0,nan,0,nan,0,nan,0,nan,0
1597988560340237056,1597988560823000064,2020-08-21 13:42:40.823000,4517.0,4538.0,4466.0,4505.0,nan,4505.0,172793,7784409600.0,144279,4517.0,245,4516.0,52,nan,0,nan,0,nan,0,nan,0,nan,0,nan,0,nan,0,nan,0
1597988560822074112,1597988561385999872,2020-08-21 13:42:41.386000,4517.0,4538.0,4466.0,4505.0,nan,4505.0,172793,7784409600.0,144279,4517.0,246,4516.0,52,nan,0,nan,0,nan,0,nan,0,nan,0,nan,0,nan,0,nan,0
