local_nano_time,quote_nano_time,datetime,last_price,highest,lowest,open,close,average,volume,amount,open_interest,ask_price1,ask_volume1,bid_price1,bid_volume1,ask_price2,ask_volume2,bid_price2,bid_volume2,ask_price3,ask_volume3,bid_price3,bid_volume3,ask_price4,ask_volume4,bid_price4,bid_volume4,ask_price5,ask_volume5,bid_price5,bid_volume5
1597988226566760960,1597988226500000000,2020-08-21 13:37:06.500000,6540.0,6605.8,6523.0,6540.0,nan,6563.508,83476,109579077360.0,116065,6539.8,2,6538.6,1,nan,0,nan,0,nan,0,nan,0,nan,0,nan,0,nan,0,nan,0
1597988227074106112,1597988227000000000,2020-08-21 13:37:07.000000,6540.0,6605.8,6523.0,6540.0,nan,6563.508,83476,109579077360.0,116065,6539.0,1,6538.6,1,nan,0,nan,0,nan,0,nan,0,nan,0,nan,0,nan,0,nan,0
1597988227561036032,1597988227500000000,2020-08-21 13:37:07.500000,6539.0,6605.8,6523.0,6540.0,nan,6563.507,83479,109583000920.0,116067,6538.8,2,6538.6,1,nan,0,nan,0,nan,0,nan,0,nan,0,nan,0,nan,0,nan,0
1597988228077787904,1597988228000000000,2020-08-21 13:37:08.000000,6538.8,6605.8,6523.0,6540.0,nan,6563.504,83488,109594770760.0,116072,6538.8,1,6538.6,1,nan,0,nan,0,nan,0,nan,0,nan,0,nan,0,nan,0,nan,0
1597988228558351872,1597988228500000000,2020-08-21 13:37:08.500000,6538.8,6605.8,6523.0,6540.0,nan,6563.504,83490,109597386280.0,116073,6539.8,2,6539.0,1,nan,0,nan,0,nan,0,nan,0,nan,0,nan,0,nan,0,nan,0
1597988229079736064,1597988229000000000,2020-08-21 13:37:09.000000,6539.8,6605.8,6523.0,6540.0,nan,6563.504,83491,109598694240.0,116074,6539.8,1,6538.8,3,nan,0,nan,0,nan,0,nan,0,nan,0,nan,0,nan,0,nan,0
1597988229560899072,1597988229500000000,2020-08-21 13:37:09.500000,6540.0,6605.8,6523.0,6540.0,nan,6563.503,83494,109602618200.0,116075,6540.0,2,6539.0,3,nan,0,nan,0,nan,0,nan,0,nan,0,nan,0,nan,0,nan,0
1597988230051205120,1597988230000000000,2020-08-21 13:37:10.000000,6540.0,6605.8,6523.0,6540.0,nan,6563.502,83498,109607850200.0,116075,6540.8,2,6540.4,2,nan,0,nan,0,nan,0,nan,0,nan,0,nan,0,nan,0,nan,0
1597988230549618944,1597988230500000000,2020-08-21 13:37:10.500000,6539.2,6605.8,6523.0,6540.0,nan,6563.501,83500,109610465920.0,116074,6540.2,3,6539.0,3,nan,0,nan,0,nan,0,nan,0,nan,0,nan,0,nan,0,nan,0
1597988231046647040,1597988231000000000,2020-08-21 13:37:11.000000,6539.8,6605.8,6523.0,6540.0,nan,6563.5,83502,109613081840.0,116075,6540.2,1,6540.0,2,nan,0,nan,0,nan,0,nan,0,nan,0,nan,0,nan,0,nan,0
1597988231556002048,1597988231500000000,2020-08-21 13:37:11.500000,6540.0,6605.8,6523.0,6540.0,nan,6563.499,83506,109618313680.0,116079,6539.8,1,6539.0,1,nan,0,nan,0,nan,0,nan,0,nan,0,nan,0,nan,0,nan,0
1597988232042152960,1597988232000000000,2020-08-21 13:37:12.000000,6538.8,6605.8,6523.0,6540.0,nan,6563.499,83507,109619621440.0,116080,6540.0,1,6538.8,2,nan,0,nan,0,nan,0,nan,0,nan,0,nan,0,nan,0,nan,0
1597988232538852096,1597988232500000000,2020-08-21 13:37:12.500000,6539.0,6605.8,6523.0,6540.0,nan,6563.499,83508,109620929240.0,116081,6539.0,1,6538.8,2,nan,0,nan,0,nan,0,nan,0,nan,0,nan,0,nan,0,nan,0
1597988233040699904,1597988233000000000,2020-08-21 13:37:13.000000,6539.8,6605.8,6523.0,6540.0,nan,6563.497,83514,109628776280.0,116084,6540.0,1,6539.8,1,nan,0,nan,0,nan,0,nan,0,nan,0,nan,0,nan,0,nan,0
1597988233543386112,1597988233500000000,2020-08-21 13:37:13.500000,6539.8,6605.8,6523.0,6540.0,nan,6563.497,83515,109630084240.0,116085,6540.0,2,6539.8,2,nan,0,nan,0,nan,0,nan,0,nan,0,nan,0,nan,0,nan,0
1597988234046139904,1597988234000000000,2020-08-21 13:37:14.000000,6539.8,6605.8,6523.0,6540.0,nan,6563.497,83515,109630084240.0,116085,6540.0,2,6539.8,2,nan,0,nan,0,nan,0,nan,0,nan,0,nan,0,nan,0,nan,0
1597988234550853888,1597988234500000000,2020-08-21 13:37:14.500000,6540.0,6605.8,6523.0,6540.0,nan,6563.496,83517,109632700240.0,116087,6540.8,1,6540.0,1,nan,0,nan,0,nan,0,nan,0,nan,0,nan,0,nan,0,nan,0
1597988235034230016,1597988235000000000,2020-08-21 13:37:15.000000,6541.0,6605.8,6523.0,6540.0,nan,6563.495,83520,109636624600.0,116090,6541.0,4,6540.0,1,nan,0,nan,0,nan,0,nan,0,nan,0,nan,0,nan,0,nan,0
1597988235541200896,1597988235500000000,2020-08-21 13:37:15.500000,6540.8,6605.8,6523.0,6540.0,nan,6563.495,83522,109639240800.0,116091,6541.0,4,6540.0,1,nan,0,nan,0,nan,0,nan,0,nan,0,nan,0,nan,0,nan,0
1597988236044889088,1597988236000000000,2020-08-21 13:37:16.000000,6540.0,6605.8,6523.0,6540.0,nan,6563.494,83523,109640548800.0,116092,6541.0,4,6539.8,2,nan,0,nan,0,nan,0,nan,0,nan,0,nan,0,nan,0,nan,0
1597988236544448000,1597988236500000000,2020-08-21 13:37:16.500000,6540.0,6605.8,6523.0,6540.0,nan,6563.494,83523,109640548800.0,116092,6540.0,2,6539.8,2,nan,0,nan,0,nan,0,nan,0,nan,0,nan,0,nan,0,nan,0
1597988237044701952,1597988237000000000,2020-08-21 13:37:17.000000,6538.6,6605.8,6523.0,6540.0,nan,6563.493,83528,109647088000.0,116097,6538.2,3,6538.0,5,nan,0,nan,0,nan,0,nan,0,nan,0,nan,0,nan,0,nan,0
1597988237552050944,1597988237500000000,2020-08-21 13:37:17.500000,6538.0,6605.8,6523.0,6540.0,nan,6563.49,83537,109658856400.0,116099,6538.0,2,6537.8,1,nan,0,nan,0,nan,0,nan,0,nan,0,nan,0,nan,0,nan,0
1597988238047944960,1597988238000000000,2020-08-21 13:37:18.000000,6538.0,6605.8,6523.0,6540.0,nan,6563.488,83544,109668009560.0,116104,6539.6,5,6538.6,1,nan,0,nan,0,nan,0,nan,0,nan,0,nan,0,nan,0,nan,0
1597988238551505920,1597988238500000000,2020-08-21 13:37:18.500000,6538.0,6605.8,6523.0,6540.0,nan,6563.487,83547,109671932480.0,116102,6538.0,1,6537.4,3,nan,0,nan,0,nan,0,nan,0,nan,0,nan,0,nan,0,nan,0
1597988239055382016,1597988239000000000,2020-08-21 13:37:19.000000,6538.0,6605.8,6523.0,6540.0,nan,6563.487,83548,109673240080.0,116103,6538.6,1,6537.4,5,nan,0,nan,0,nan,0,nan,0,nan,0,nan,0,nan,0,nan,0
1597988239559166976,1597988239500000000,2020-08-21 13:37:19.500000,6537.8,6605.8,6523.0,6540.0,nan,6563.486,83550,109675855360.0,116105,6539.2,1,6537.6,1,nan,0,nan,0,nan,0,nan,0,nan,0,nan,0,nan,0,nan,0
1597988240065944064,1597988240000000000,2020-08-21 13:37:20.000000,6537.8,6605.8,6523.0,6540.0,nan,6563.486,83552,109678470480.0,116107,6538.6,2,6537.6,1,nan,0,nan,0,nan,0,nan,0,nan,0,nan,0,nan,0,nan,0
1597988240549869056,1597988240500000000,2020-08-21 13:37:20.500000,6537.8,6605.8,6523.0,6540.0,nan,6563.486,83552,109678470480.0,116107,6538.2,1,6537.6,1,nan,0,nan,0,nan,0,nan,0,nan,0,nan,0,nan,0,nan,0
1597988241066650112,1597988241000000000,2020-08-21 13:37:21.000000,6537.6,6605.8,6523.0,6540.0,nan,6563.483,83559,109687622960.0,116109,6538.0,1,6537.4,1,nan,0,nan,0,nan,0,nan,0,nan,0,nan,0,nan,0,nan,0
1597988241567379968,1597988241500000000,2020-08-21 13:37:21.500000,6537.0,6605.8,6523.0,6540.0,nan,6563.482,83565,109695467600.0,116113,6537.0,1,6536.6,2,nan,0,nan,0,nan,0,nan,0,nan,0,nan,0,nan,0,nan,0
1597988242075162112,1597988242000000000,2020-08-21 13:37:22.000000,6538.0,6605.8,6523.0,6540.0,nan,6563.481,83566,109696775200.0,116113,6538.0,1,6537.8,1,nan,0,nan,0,nan,0,nan,0,nan,0,nan,0,nan,0,nan,0
1597988242567408128,1597988242500000000,2020-08-21 13:37:22.500000,6536.6,6605.8,6523.0,6540.0,nan,6563.48,83569,109700697480.0,116115,6537.2,1,6536.6,1,nan,0,nan,0,nan,0,nan,0,nan,0,nan,0,nan,0,nan,0
1597988243069335040,1597988243000000000,2020-08-21 13:37:23.000000,6536.6,6605.8,6523.0,6540.0,nan,6563.48,83569,109700697480.0,116115,6537.2,2,6536.6,1,nan,0,nan,0,nan,0,nan,0,nan,0,nan,0,nan,0,nan,0
1597988243577004032,1597988243500000000,2020-08-21 13:37:23.500000,6536.6,6605.8,6523.0,6540.0,nan,6563.48,83569,109700697480.0,116115,6537.0,2,6536.6,1,nan,0,nan,0,nan,0,nan,0,nan,0,nan,0,nan,0,nan,0
1597988244068417024,1597988244000000000,2020-08-21 13:37:24.000000,6536.0,6605.8,6523.0,6540.0,nan,6563.479,83573,109705926800.0,116118,6537.2,2,6535.4,4,nan,0,nan,0,nan,0,nan,0,nan,0,nan,0,nan,0,nan,0
1597988244559431936,1597988244500000000,2020-08-21 13:37:24.500000,6537.2,6605.8,6523.0,6540.0,nan,6563.478,83576,109709848920.0,116118,6537.6,1,6536.6,4,nan,0,nan,0,nan,0,nan,0,nan,0,nan,0,nan,0,nan,0
1597988245072453120,1597988245000000000,2020-08-21 13:37:25.000000,6536.6,6605.8,6523.0,6540.0,nan,6563.477,83581,109716386200.0,116121,6537.4,1,6536.6,2,nan,0,nan,0,nan,0,nan,0,nan,0,nan,0,nan,0,nan,0
1597988245559809024,1597988245500000000,2020-08-21 13:37:25.500000,6536.6,6605.8,6523.0,6540.0,nan,6563.476,83584,109720308320.0,116123,6537.8,2,6536.0,1,nan,0,nan,0,nan,0,nan,0,nan,0,nan,0,nan,0,nan,0
1597988246094266112,1597988246000000000,2020-08-21 13:37:26.000000,6536.2,6605.8,6523.0,6540.0,nan,6563.475,83585,109721615560.0,116123,6536.4,5,6536.2,1,nan,0,nan,0,nan,0,nan,0,nan,0,nan,0,nan,0,nan,0
1597988246571198976,1597988246500000000,2020-08-21 13:37:26.500000,6536.0,6605.8,6523.0,6540.0,nan,6563.473,83592,109730766360.0,116127,6536.4,2,6535.6,2,nan,0,nan,0,nan,0,nan,0,nan,0,nan,0,nan,0,nan,0
1597988247059834880,1597988247000000000,2020-08-21 13:37:27.000000,6536.4,6605.8,6523.0,6540.0,nan,6563.472,83594,109733380920.0,116129,6536.6,1,6536.0,20,nan,0,nan,0,nan,0,nan,0,nan,0,nan,0,nan,0,nan,0
1597988247570512896,1597988247500000000,2020-08-21 13:37:27.500000,6536.6,6605.8,6523.0,6540.0,nan,6563.47,83602,109743839480.0,116133,6537.8,2,6536.8,2,nan,0,nan,0,nan,0,nan,0,nan,0,nan,0,nan,0,nan,0
1597988248066138112,1597988248000000000,2020-08-21 13:37:28.000000,6537.8,6605.8,6523.0,6540.0,nan,6563.469,83604,109746454600.0,116133,6539.2,1,6537.2,4,nan,0,nan,0,nan,0,nan,0,nan,0,nan,0,nan,0,nan,0
1597988248557240064,1597988248500000000,2020-08-21 13:37:28.500000,6537.6,6605.8,6523.0,6540.0,nan,6563.469,83605,109747762120.0,116132,6537.6,3,6537.2,2,nan,0,nan,0,nan,0,nan,0,nan,0,nan,0,nan,0,nan,0
1597988249055606016,1597988249000000000,2020-08-21 13:37:29.000000,6536.6,6605.8,6523.0,6540.0,nan,6563.468,83609,109752991760.0,116133,6539.6,2,6537.0,1,nan,0,nan,0,nan,0,nan,0,nan,0,nan,0,nan,0,nan,0
1597988249553865984,1597988249500000000,2020-08-21 13:37:29.500000,6537.0,6605.8,6523.0,6540.0,nan,6563.466,83613,109758221480.0,116132,6537.8,2,6536.6,1,nan,0,nan,0,nan,0,nan,0,nan,0,nan,0,nan,0,nan,0
1597988250068537088,1597988250000000000,2020-08-21 13:37:30.000000,6537.0,6605.8,6523.0,6540.0,nan,6563.466,83613,109758221480.0,116132,6537.6,2,6536.8,1,nan,0,nan,0,nan,0,nan,0,nan,0,nan,0,nan,0,nan,0
1597988250565918976,1597988250500000000,2020-08-21 13:37:30.500000,6536.6,6605.8,6523.0,6540.0,nan,6563.466,83615,109760836160.0,116131,6536.8,1,6536.6,1,nan,0,nan,0,nan,0,nan,0,nan,0,nan,0,nan,0,nan,0
1597988251066770944,1597988251000000000,2020-08-21 13:37:31.000000,6536.0,6605.8,6523.0,6540.0,nan,6563.464,83620,109767372600.0,116133,6536.6,1,6536.0,21,nan,0,nan,0,nan,0,nan,0,nan,0,nan,0,nan,0,nan,0
1597988251554319104,1597988251500000000,2020-08-21 13:37:31.500000,6536.6,6605.8,6523.0,6540.0,nan,6563.463,83624,109772601760.0,116134,6536.6,1,6536.0,20,nan,0,nan,0,nan,0,nan,0,nan,0,nan,0,nan,0,nan,0
1597988252572709888,1597988252500000000,2020-08-21 13:37:32.500000,6536.6,6605.8,6523.0,6540.0,nan,6563.463,83624,109772601760.0,116134,6536.2,2,6536.0,21,nan,0,nan,0,nan,0,nan,0,nan,0,nan,0,nan,0,nan,0
1597988253056274944,1597988253000000000,2020-08-21 13:37:33.000000,6536.2,6605.8,6523.0,6540.0,nan,6563.462,83627,109776523480.0,116134,6536.6,1,6536.0,20,nan,0,nan,0,nan,0,nan,0,nan,0,nan,0,nan,0,nan,0
1597988253574385920,1597988253500000000,2020-08-21 13:37:33.500000,6536.0,6605.8,6523.0,6540.0,nan,6563.459,83635,109786981080.0,116134,6536.4,1,6536.0,13,nan,0,nan,0,nan,0,nan,0,nan,0,nan,0,nan,0,nan,0
1597988254067702016,1597988254000000000,2020-08-21 13:37:34.000000,6535.0,6605.8,6523.0,6540.0,nan,6563.451,83660,109819659160.0,116142,6535.6,1,6534.6,1,nan,0,nan,0,nan,0,nan,0,nan,0,nan,0,nan,0,nan,0
1597988254569533952,1597988254500000000,2020-08-21 13:37:34.500000,6535.6,6605.8,6523.0,6540.0,nan,6563.449,83665,109826194600.0,116143,6534.4,1,6534.2,1,nan,0,nan,0,nan,0,nan,0,nan,0,nan,0,nan,0,nan,0
1597988255076232960,1597988255000000000,2020-08-21 13:37:35.000000,6536.0,6605.8,6523.0,6540.0,nan,6563.447,83670,109832730160.0,116146,6536.4,2,6536.0,11,nan,0,nan,0,nan,0,nan,0,nan,0,nan,0,nan,0,nan,0
1597988255586857984,1597988255500000000,2020-08-21 13:37:35.500000,6536.4,6605.8,6523.0,6540.0,nan,6563.446,83675,109839266560.0,116150,6536.8,3,6536.2,1,nan,0,nan,0,nan,0,nan,0,nan,0,nan,0,nan,0,nan,0
1597988256072950016,1597988256000000000,2020-08-21 13:37:36.000000,6536.8,6605.8,6523.0,6540.0,nan,6563.445,83678,109843188640.0,116152,6538.0,1,6536.8,2,nan,0,nan,0,nan,0,nan,0,nan,0,nan,0,nan,0,nan,0
1597988256585306880,1597988256500000000,2020-08-21 13:37:36.500000,6536.8,6605.8,6523.0,6540.0,nan,6563.445,83679,109844496000.0,116153,6538.0,4,6536.4,2,nan,0,nan,0,nan,0,nan,0,nan,0,nan,0,nan,0,nan,0
1597988257079296000,1597988257000000000,2020-08-21 13:37:37.000000,6537.2,6605.8,6523.0,6540.0,nan,6563.444,83680,109845803440.0,116154,6537.8,2,6536.4,3,nan,0,nan,0,nan,0,nan,0,nan,0,nan,0,nan,0,nan,0
1597988257586489088,1597988257500000000,2020-08-21 13:37:37.500000,6536.4,6605.8,6523.0,6540.0,nan,6563.444,83681,109847110720.0,116155,6537.8,4,6536.4,2,nan,0,nan,0,nan,0,nan,0,nan,0,nan,0,nan,0,nan,0
1597988258071005952,1597988258000000000,2020-08-21 13:37:38.000000,6536.4,6605.8,6523.0,6540.0,nan,6563.444,83682,109848418000.0,116156,6536.8,2,6536.6,1,nan,0,nan,0,nan,0,nan,0,nan,0,nan,0,nan,0,nan,0
1597988258572570880,1597988258500000000,2020-08-21 13:37:38.500000,6536.8,6605.8,6523.0,6540.0,nan,6563.442,83686,109853647320.0,116159,6536.8,4,6536.4,2,nan,0,nan,0,nan,0,nan,0,nan,0,nan,0,nan,0,nan,0
1597988259071333120,1597988259000000000,2020-08-21 13:37:39.000000,6536.8,6605.8,6523.0,6540.0,nan,6563.442,83686,109853647320.0,116159,6536.8,4,6536.4,2,nan,0,nan,0,nan,0,nan,0,nan,0,nan,0,nan,0,nan,0
1597988259575421952,1597988259500000000,2020-08-21 13:37:39.500000,6536.4,6605.8,6523.0,6540.0,nan,6563.442,83688,109856261880.0,116159,6536.4,1,6536.0,11,nan,0,nan,0,nan,0,nan,0,nan,0,nan,0,nan,0,nan,0
1597988260085808896,1597988260000000000,2020-08-21 13:37:40.000000,6536.0,6605.8,6523.0,6540.0,nan,6563.438,83700,109871948280.0,116168,6535.2,1,6534.8,1,nan,0,nan,0,nan,0,nan,0,nan,0,nan,0,nan,0,nan,0
1597988260572045056,1597988260500000000,2020-08-21 13:37:40.500000,6534.6,6605.8,6523.0,6540.0,nan,6563.436,83704,109877176240.0,116169,6534.6,3,6534.4,1,nan,0,nan,0,nan,0,nan,0,nan,0,nan,0,nan,0,nan,0
1597988261071525120,1597988261000000000,2020-08-21 13:37:41.000000,6534.6,6605.8,6523.0,6540.0,nan,6563.436,83704,109877176240.0,116169,6534.6,3,6534.4,1,nan,0,nan,0,nan,0,nan,0,nan,0,nan,0,nan,0,nan,0
1597988261573191936,1597988261500000000,2020-08-21 13:37:41.500000,6534.6,6605.8,6523.0,6540.0,nan,6563.435,83709,109883710840.0,116173,6535.2,2,6534.4,1,nan,0,nan,0,nan,0,nan,0,nan,0,nan,0,nan,0,nan,0
1597988262070017024,1597988262000000000,2020-08-21 13:37:42.000000,6534.6,6605.8,6523.0,6540.0,nan,6563.434,83710,109885017760.0,116173,6535.0,1,6534.4,1,nan,0,nan,0,nan,0,nan,0,nan,0,nan,0,nan,0,nan,0
1597988262578002944,1597988262500000000,2020-08-21 13:37:42.500000,6534.4,6605.8,6523.0,6540.0,nan,6563.429,83724,109903314000.0,116183,6534.4,5,6534.2,1,nan,0,nan,0,nan,0,nan,0,nan,0,nan,0,nan,0,nan,0
1597988263061148928,1597988263000000000,2020-08-21 13:37:43.000000,6534.4,6605.8,6523.0,6540.0,nan,6563.427,83731,109912461960.0,116189,6534.4,3,6534.0,32,nan,0,nan,0,nan,0,nan,0,nan,0,nan,0,nan,0,nan,0
1597988263579164928,1597988263500000000,2020-08-21 13:37:43.500000,6534.0,6605.8,6523.0,6540.0,nan,6563.425,83737,109920303000.0,116194,6535.2,2,6534.0,30,nan,0,nan,0,nan,0,nan,0,nan,0,nan,0,nan,0,nan,0
1597988264061485056,1597988264000000000,2020-08-21 13:37:44.000000,6535.0,6605.8,6523.0,6540.0,nan,6563.422,83745,109930758080.0,116199,6535.2,2,6534.0,27,nan,0,nan,0,nan,0,nan,0,nan,0,nan,0,nan,0,nan,0
1597988264560449024,1597988264500000000,2020-08-21 13:37:44.500000,6534.4,6605.8,6523.0,6540.0,nan,6563.422,83746,109932064960.0,116200,6535.2,2,6534.0,28,nan,0,nan,0,nan,0,nan,0,nan,0,nan,0,nan,0,nan,0
1597988265066048000,1597988265000000000,2020-08-21 13:37:45.000000,6535.2,6605.8,6523.0,6540.0,nan,6563.421,83748,109934679040.0,116200,6535.6,2,6535.2,5,nan,0,nan,0,nan,0,nan,0,nan,0,nan,0,nan,0,nan,0
1597988265557281024,1597988265500000000,2020-08-21 13:37:45.500000,6536.0,6605.8,6523.0,6540.0,nan,6563.418,83757,109946443120.0,116206,6536.8,1,6536.2,2,nan,0,nan,0,nan,0,nan,0,nan,0,nan,0,nan,0,nan,0
1597988266084110080,1597988266000000000,2020-08-21 13:37:46.000000,6536.8,6605.8,6523.0,6540.0,nan,6563.418,83758,109947750480.0,116207,6537.2,1,6536.2,2,nan,0,nan,0,nan,0,nan,0,nan,0,nan,0,nan,0,nan,0
1597988266561011968,1597988266500000000,2020-08-21 13:37:46.500000,6536.8,6605.8,6523.0,6540.0,nan,6563.418,83759,109949057840.0,116206,6537.2,1,6536.4,2,nan,0,nan,0,nan,0,nan,0,nan,0,nan,0,nan,0,nan,0
1597988267101036032,1597988267000000000,2020-08-21 13:37:47.000000,6536.8,6605.8,6523.0,6540.0,nan,6563.418,83759,109949057840.0,116206,6537.2,1,6536.6,1,nan,0,nan,0,nan,0,nan,0,nan,0,nan,0,nan,0,nan,0
1597988267575723008,1597988267500000000,2020-08-21 13:37:47.500000,6536.8,6605.8,6523.0,6540.0,nan,6563.418,83759,109949057840.0,116206,6537.2,1,6536.8,5,nan,0,nan,0,nan,0,nan,0,nan,0,nan,0,nan,0,nan,0
1597988268082064896,1597988268000000000,2020-08-21 13:37:48.000000,6536.8,6605.8,6523.0,6540.0,nan,6563.418,83759,109949057840.0,116206,6537.2,1,6537.0,1,nan,0,nan,0,nan,0,nan,0,nan,0,nan,0,nan,0,nan,0
1597988268586098944,1597988268500000000,2020-08-21 13:37:48.500000,6537.0,6605.8,6523.0,6540.0,nan,6563.417,83761,109951672680.0,116207,6537.4,1,6537.0,1,nan,0,nan,0,nan,0,nan,0,nan,0,nan,0,nan,0,nan,0
1597988269080587008,1597988269000000000,2020-08-21 13:37:49.000000,6536.8,6605.8,6523.0,6540.0,nan,6563.416,83763,109954287440.0,116209,6537.0,1,6536.8,4,nan,0,nan,0,nan,0,nan,0,nan,0,nan,0,nan,0,nan,0
1597988269577750016,1597988269500000000,2020-08-21 13:37:49.500000,6536.8,6605.8,6523.0,6540.0,nan,6563.415,83767,109959516880.0,116213,6537.0,1,6536.4,1,nan,0,nan,0,nan,0,nan,0,nan,0,nan,0,nan,0,nan,0
1597988270077720064,1597988270000000000,2020-08-21 13:37:50.000000,6536.4,6605.8,6523.0,6540.0,nan,6563.414,83769,109962131440.0,116214,6536.8,2,6536.2,2,nan,0,nan,0,nan,0,nan,0,nan,0,nan,0,nan,0,nan,0
1597988270567446016,1597988270500000000,2020-08-21 13:37:50.500000,6536.4,6605.8,6523.0,6540.0,nan,6563.414,83769,109962131440.0,116214,6536.6,1,6536.4,2,nan,0,nan,0,nan,0,nan,0,nan,0,nan,0,nan,0,nan,0
1597988271069638912,1597988271000000000,2020-08-21 13:37:51.000000,6536.8,6605.8,6523.0,6540.0,nan,6563.413,83772,109966053480.0,116216,6537.0,1,6536.4,2,nan,0,nan,0,nan,0,nan,0,nan,0,nan,0,nan,0,nan,0
1597988271566406912,1597988271500000000,2020-08-21 13:37:51.500000,6536.8,6605.8,6523.0,6540.0,nan,6563.413,83772,109966053480.0,116216,6537.0,1,6536.4,2,nan,0,nan,0,nan,0,nan,0,nan,0,nan,0,nan,0,nan,0
1597988272068218880,1597988272000000000,2020-08-21 13:37:52.000000,6536.8,6605.8,6523.0,6540.0,nan,6563.413,83772,109966053480.0,116216,6537.0,1,6536.4,2,nan,0,nan,0,nan,0,nan,0,nan,0,nan,0,nan,0,nan,0
1597988272568465920,1597988272500000000,2020-08-21 13:37:52.500000,6536.8,6605.8,6523.0,6540.0,nan,6563.413,83772,109966053480.0,116216,6537.0,2,6536.6,1,nan,0,nan,0,nan,0,nan,0,nan,0,nan,0,nan,0,nan,0
1597988273077946112,1597988273000000000,2020-08-21 13:37:53.000000,6536.6,6605.8,6523.0,6540.0,nan,6563.413,83773,109967360800.0,116217,6537.0,2,6536.8,2,nan,0,nan,0,nan,0,nan,0,nan,0,nan,0,nan,0,nan,0
1597988273563618048,1597988273500000000,2020-08-21 13:37:53.500000,6536.6,6605.8,6523.0,6540.0,nan,6563.413,83773,109967360800.0,116217,6537.0,2,6536.8,2,nan,0,nan,0,nan,0,nan,0,nan,0,nan,0,nan,0,nan,0
1597988274068339968,1597988274000000000,2020-08-21 13:37:54.000000,6536.6,6605.8,6523.0,6540.0,nan,6563.413,83774,109968668120.0,116218,6537.0,2,6536.8,1,nan,0,nan,0,nan,0,nan,0,nan,0,nan,0,nan,0,nan,0
1597988274566364928,1597988274500000000,2020-08-21 13:37:54.500000,6537.0,6605.8,6523.0,6540.0,nan,6563.411,83778,109973897680.0,116220,6537.2,1,6537.0,3,nan,0,nan,0,nan,0,nan,0,nan,0,nan,0,nan,0,nan,0
1597988275063700992,1597988275000000000,2020-08-21 13:37:55.000000,6537.2,6605.8,6523.0,6540.0,nan,6563.411,83780,109976512560.0,116221,6537.4,1,6537.2,1,nan,0,nan,0,nan,0,nan,0,nan,0,nan,0,nan,0,nan,0
1597988275567522048,1597988275500000000,2020-08-21 13:37:55.500000,6537.4,6605.8,6523.0,6540.0,nan,6563.411,83781,109977820040.0,116222,6538.0,1,6537.4,3,nan,0,nan,0,nan,0,nan,0,nan,0,nan,0,nan,0,nan,0
1597988276086519040,1597988276000000000,2020-08-21 13:37:56.000000,6537.4,6605.8,6523.0,6540.0,nan,6563.411,83781,109977820040.0,116222,6538.0,1,6537.6,2,nan,0,nan,0,nan,0,nan,0,nan,0,nan,0,nan,0,nan,0
1597988276576783872,1597988276500000000,2020-08-21 13:37:56.500000,6538.8,6605.8,6523.0,6540.0,nan,6563.41,83784,109981743040.0,116223,6538.8,1,6537.6,2,nan,0,nan,0,nan,0,nan,0,nan,0,nan,0,nan,0,nan,0
1597988277090560000,1597988277000000000,2020-08-21 13:37:57.000000,6538.8,6605.8,6523.0,6540.0,nan,6563.41,83784,109981743040.0,116223,6538.8,1,6538.0,2,nan,0,nan,0,nan,0,nan,0,nan,0,nan,0,nan,0,nan,0
1597988277578854912,1597988277500000000,2020-08-21 13:37:57.500000,6538.8,6605.8,6523.0,6540.0,nan,6563.41,83784,109981743040.0,116223,6538.8,1,6538.0,3,nan,0,nan,0,nan,0,nan,0,nan,0,nan,0,nan,0,nan,0
1597988278073453056,1597988278000000000,2020-08-21 13:37:58.000000,6538.0,6605.8,6523.0,6540.0,nan,6563.409,83785,109983050640.0,116224,6538.6,1,6538.0,2,nan,0,nan,0,nan,0,nan,0,nan,0,nan,0,nan,0,nan,0
1597988278568154112,1597988278500000000,2020-08-21 13:37:58.500000,6538.6,6605.8,6523.0,6540.0,nan,6563.409,83786,109984358360.0,116225,6538.8,1,6538.6,1,nan,0,nan,0,nan,0,nan,0,nan,0,nan,0,nan,0,nan,0
1597988279066928128,1597988279000000000,2020-08-21 13:37:59.000000,6538.6,6605.8,6523.0,6540.0,nan,6563.409,83786,109984358360.0,116225,6538.8,1,6538.6,1,nan,0,nan,0,nan,0,nan,0,nan,0,nan,0,nan,0,nan,0
1597988279573161984,1597988279500000000,2020-08-21 13:37:59.500000,6538.6,6605.8,6523.0,6540.0,nan,6563.409,83787,109985666080.0,116226,6538.8,1,6538.2,1,nan,0,nan,0,nan,0,nan,0,nan,0,nan,0,nan,0,nan,0
1597988280077161984,1597988280000000000,2020-08-21 13:38:00.000000,6538.8,6605.8,6523.0,6540.0,nan,6563.408,83788,109986973840.0,116225,6539.0,1,6538.4,1,nan,0,nan,0,nan,0,nan,0,nan,0,nan,0,nan,0,nan,0
1597988280571430912,1597988280500000000,2020-08-21 13:38:00.500000,6539.0,6605.8,6523.0,6540.0,nan,6563.408,83790,109989589440.0,116227,6538.6,1,6538.4,1,nan,0,nan,0,nan,0,nan,0,nan,0,nan,0,nan,0,nan,0
1597988281073797120,1597988281000000000,2020-08-21 13:38:01.000000,6538.4,6605.8,6523.0,6540.0,nan,6563.407,83792,109992204840.0,116227,6539.6,1,6538.2,1,nan,0,nan,0,nan,0,nan,0,nan,0,nan,0,nan,0,nan,0
1597988281584018944,1597988281500000000,2020-08-21 13:38:01.500000,6538.4,6605.8,6523.0,6540.0,nan,6563.407,83792,109992204840.0,116227,6539.4,3,6538.2,1,nan,0,nan,0,nan,0,nan,0,nan,0,nan,0,nan,0,nan,0
1597988282064663040,1597988282000000000,2020-08-21 13:38:02.000000,6538.4,6605.8,6523.0,6540.0,nan,6563.407,83792,109992204840.0,116227,6538.6,1,6538.2,1,nan,0,nan,0,nan,0,nan,0,nan,0,nan,0,nan,0,nan,0
1597988282568235008,1597988282500000000,2020-08-21 13:38:02.500000,6538.6,6605.8,6523.0,6540.0,nan,6563.407,83794,109994820200.0,116229,6538.8,1,6538.0,1,nan,0,nan,0,nan,0,nan,0,nan,0,nan,0,nan,0,nan,0
1597988283067817984,1597988283000000000,2020-08-21 13:38:03.000000,6538.0,6605.8,6523.0,6540.0,nan,6563.406,83798,110000051160.0,116232,6538.0,4,6537.8,1,nan,0,nan,0,nan,0,nan,0,nan,0,nan,0,nan,0,nan,0
1597988283570481920,1597988283500000000,2020-08-21 13:38:03.500000,6538.0,6605.8,6523.0,6540.0,nan,6563.406,83798,110000051160.0,116232,6538.0,5,6537.8,2,nan,0,nan,0,nan,0,nan,0,nan,0,nan,0,nan,0,nan,0
1597988284072069888,1597988284000000000,2020-08-21 13:38:04.000000,6537.8,6605.8,6523.0,6540.0,nan,6563.405,83800,110002666280.0,116233,6538.0,5,6537.4,6,nan,0,nan,0,nan,0,nan,0,nan,0,nan,0,nan,0,nan,0
1597988284566884096,1597988284500000000,2020-08-21 13:38:04.500000,6537.6,6605.8,6523.0,6540.0,nan,6563.404,83803,110006588760.0,116235,6538.0,5,6537.4,4,nan,0,nan,0,nan,0,nan,0,nan,0,nan,0,nan,0,nan,0
1597988285084773888,1597988285000000000,2020-08-21 13:38:05.000000,6537.4,6605.8,6523.0,6540.0,nan,6563.404,83804,110007896240.0,116235,6538.0,6,6537.6,1,nan,0,nan,0,nan,0,nan,0,nan,0,nan,0,nan,0,nan,0
1597988285580268032,1597988285500000000,2020-08-21 13:38:05.500000,6537.6,6605.8,6523.0,6540.0,nan,6563.403,83807,110011818800.0,116237,6537.6,2,6537.4,3,nan,0,nan,0,nan,0,nan,0,nan,0,nan,0,nan,0,nan,0
1597988286080218880,1597988286000000000,2020-08-21 13:38:06.000000,6537.0,6605.8,6523.0,6540.0,nan,6563.401,83813,110019663440.0,116239,6537.0,2,6536.4,1,nan,0,nan,0,nan,0,nan,0,nan,0,nan,0,nan,0,nan,0
1597988286584812032,1597988286500000000,2020-08-21 13:38:06.500000,6536.4,6605.8,6523.0,6540.0,nan,6563.4,83816,110023585280.0,116238,6536.4,2,6535.8,1,nan,0,nan,0,nan,0,nan,0,nan,0,nan,0,nan,0,nan,0
1597988287104321024,1597988287000000000,2020-08-21 13:38:07.000000,6535.8,6605.8,6523.0,6540.0,nan,6563.399,83819,110027506760.0,116240,6536.2,4,6535.6,1,nan,0,nan,0,nan,0,nan,0,nan,0,nan,0,nan,0,nan,0
1597988287587918080,1597988287500000000,2020-08-21 13:38:07.500000,6535.8,6605.8,6523.0,6540.0,nan,6563.398,83821,110030121040.0,116240,6536.2,4,6535.2,4,nan,0,nan,0,nan,0,nan,0,nan,0,nan,0,nan,0,nan,0
1597988288093680128,1597988288000000000,2020-08-21 13:38:08.000000,6535.8,6605.8,6523.0,6540.0,nan,6563.398,83821,110030121040.0,116240,6536.2,4,6535.2,4,nan,0,nan,0,nan,0,nan,0,nan,0,nan,0,nan,0,nan,0
1597988289087418112,1597988289000000000,2020-08-21 13:38:09.000000,6535.8,6605.8,6523.0,6540.0,nan,6563.398,83821,110030121040.0,116240,6536.2,4,6535.2,5,nan,0,nan,0,nan,0,nan,0,nan,0,nan,0,nan,0,nan,0
1597988289579212032,1597988289500000000,2020-08-21 13:38:09.500000,6535.8,6605.8,6523.0,6540.0,nan,6563.398,83821,110030121040.0,116240,6536.2,3,6535.2,5,nan,0,nan,0,nan,0,nan,0,nan,0,nan,0,nan,0,nan,0
1597988290076594944,1597988290000000000,2020-08-21 13:38:10.000000,6536.2,6605.8,6523.0,6540.0,nan,6563.397,83824,110034042760.0,116240,6536.4,1,6535.4,2,nan,0,nan,0,nan,0,nan,0,nan,0,nan,0,nan,0,nan,0
1597988290588783104,1597988290500000000,2020-08-21 13:38:10.500000,6537.6,6605.8,6523.0,6540.0,nan,6563.397,83826,110036657560.0,116239,6537.6,1,6537.0,1,nan,0,nan,0,nan,0,nan,0,nan,0,nan,0,nan,0,nan,0
1597988291078267904,1597988291000000000,2020-08-21 13:38:11.000000,6537.6,6605.8,6523.0,6540.0,nan,6563.397,83826,110036657560.0,116239,6537.6,1,6537.0,1,nan,0,nan,0,nan,0,nan,0,nan,0,nan,0,nan,0,nan,0
1597988291580143104,1597988291500000000,2020-08-21 13:38:11.500000,6537.0,6605.8,6523.0,6540.0,nan,6563.396,83827,110037964960.0,116240,6537.6,1,6536.4,2,nan,0,nan,0,nan,0,nan,0,nan,0,nan,0,nan,0,nan,0
1597988292071433984,1597988292000000000,2020-08-21 13:38:12.000000,6537.6,6605.8,6523.0,6540.0,nan,6563.395,83830,110041887080.0,116243,6538.0,5,6536.4,1,nan,0,nan,0,nan,0,nan,0,nan,0,nan,0,nan,0,nan,0
1597988292574309120,1597988292500000000,2020-08-21 13:38:12.500000,6537.6,6605.8,6523.0,6540.0,nan,6563.395,83830,110041887080.0,116243,6537.8,2,6537.6,20,nan,0,nan,0,nan,0,nan,0,nan,0,nan,0,nan,0,nan,0
1597988293082368000,1597988293000000000,2020-08-21 13:38:13.000000,6537.8,6605.8,6523.0,6540.0,nan,6563.393,83837,110051040200.0,116249,6538.4,1,6538.0,4,nan,0,nan,0,nan,0,nan,0,nan,0,nan,0,nan,0,nan,0
1597988293584032000,1597988293500000000,2020-08-21 13:38:13.500000,6539.6,6605.8,6523.0,6540.0,nan,6563.392,83840,110054963560.0,116251,6539.6,4,6538.8,3,nan,0,nan,0,nan,0,nan,0,nan,0,nan,0,nan,0,nan,0
1597988294078353920,1597988294000000000,2020-08-21 13:38:14.000000,6539.0,6605.8,6523.0,6540.0,nan,6563.391,83846,110062810720.0,116252,6539.6,1,6538.2,1,nan,0,nan,0,nan,0,nan,0,nan,0,nan,0,nan,0,nan,0
1597988294593875968,1597988294500000000,2020-08-21 13:38:14.500000,6538.2,6605.8,6523.0,6540.0,nan,6563.39,83849,110066733760.0,116253,6539.6,1,6537.8,3,nan,0,nan,0,nan,0,nan,0,nan,0,nan,0,nan,0,nan,0
1597988295097359872,1597988295000000000,2020-08-21 13:38:15.000000,6537.8,6605.8,6523.0,6540.0,nan,6563.389,83852,110070656440.0,116256,6539.2,1,6537.6,20,nan,0,nan,0,nan,0,nan,0,nan,0,nan,0,nan,0,nan,0
1597988295585811968,1597988295500000000,2020-08-21 13:38:15.500000,6537.6,6605.8,6523.0,6540.0,nan,6563.386,83860,110081116600.0,116258,6537.8,2,6537.6,12,nan,0,nan,0,nan,0,nan,0,nan,0,nan,0,nan,0,nan,0
1597988296078728960,1597988296000000000,2020-08-21 13:38:16.000000,6537.6,6605.8,6523.0,6540.0,nan,6563.383,83872,110096806840.0,116264,6536.6,1,6535.4,2,nan,0,nan,0,nan,0,nan,0,nan,0,nan,0,nan,0,nan,0
1597988296591666944,1597988296500000000,2020-08-21 13:38:16.500000,6535.4,6605.8,6523.0,6540.0,nan,6563.382,83873,110098113920.0,116264,6536.0,1,6535.4,1,nan,0,nan,0,nan,0,nan,0,nan,0,nan,0,nan,0,nan,0
1597988297083023872,1597988297000000000,2020-08-21 13:38:17.000000,6536.0,6605.8,6523.0,6540.0,nan,6563.382,83875,110100728320.0,116266,6536.2,1,6535.4,1,nan,0,nan,0,nan,0,nan,0,nan,0,nan,0,nan,0,nan,0
1597988297587271936,1597988297500000000,2020-08-21 13:38:17.500000,6537.6,6605.8,6523.0,6540.0,nan,6563.38,83881,110108572520.0,116272,6537.6,4,6535.6,2,nan,0,nan,0,nan,0,nan,0,nan,0,nan,0,nan,0,nan,0
1597988298093776896,1597988298000000000,2020-08-21 13:38:18.000000,6537.6,6605.8,6523.0,6540.0,nan,6563.38,83881,110108572520.0,116272,6537.4,2,6536.6,1,nan,0,nan,0,nan,0,nan,0,nan,0,nan,0,nan,0,nan,0
1597988298583088896,1597988298500000000,2020-08-21 13:38:18.500000,6537.6,6605.8,6523.0,6540.0,nan,6563.38,83882,110109880040.0,116271,6537.6,5,6536.6,1,nan,0,nan,0,nan,0,nan,0,nan,0,nan,0,nan,0,nan,0
1597988299080591104,1597988299000000000,2020-08-21 13:38:19.000000,6536.8,6605.8,6523.0,6540.0,nan,6563.379,83883,110111187400.0,116270,6537.6,4,6536.6,1,nan,0,nan,0,nan,0,nan,0,nan,0,nan,0,nan,0,nan,0
1597988300076431104,1597988300000000000,2020-08-21 13:38:20.000000,6536.8,6605.8,6523.0,6540.0,nan,6563.379,83883,110111187400.0,116270,6537.6,4,6536.8,1,nan,0,nan,0,nan,0,nan,0,nan,0,nan,0,nan,0,nan,0
1597988300578784000,1597988300500000000,2020-08-21 13:38:20.500000,6537.6,6605.8,6523.0,6540.0,nan,6563.379,83884,110112494920.0,116270,6537.6,3,6536.8,1,nan,0,nan,0,nan,0,nan,0,nan,0,nan,0,nan,0,nan,0
1597988301225743872,1597988301000000000,2020-08-21 13:38:21.000000,6536.8,6605.8,6523.0,6540.0,nan,6563.379,83885,110113802280.0,116271,6537.6,3,6536.6,2,nan,0,nan,0,nan,0,nan,0,nan,0,nan,0,nan,0,nan,0
1597988301579124992,1597988301500000000,2020-08-21 13:38:21.500000,6536.8,6605.8,6523.0,6540.0,nan,6563.379,83885,110113802280.0,116271,6536.8,1,6536.6,2,nan,0,nan,0,nan,0,nan,0,nan,0,nan,0,nan,0,nan,0
1597988302085152000,1597988302000000000,2020-08-21 13:38:22.000000,6536.8,6605.8,6523.0,6540.0,nan,6563.379,83885,110113802280.0,116271,6536.8,1,6536.6,1,nan,0,nan,0,nan,0,nan,0,nan,0,nan,0,nan,0,nan,0
1597988302586252032,1597988302500000000,2020-08-21 13:38:22.500000,6536.8,6605.8,6523.0,6540.0,nan,6563.379,83885,110113802280.0,116271,6536.8,1,6536.6,1,nan,0,nan,0,nan,0,nan,0,nan,0,nan,0,nan,0,nan,0
1597988303077052928,1597988303000000000,2020-08-21 13:38:23.000000,6536.8,6605.8,6523.0,6540.0,nan,6563.378,83886,110115109640.0,116272,6537.6,3,6536.6,1,nan,0,nan,0,nan,0,nan,0,nan,0,nan,0,nan,0,nan,0
1597988303788952064,1597988303500000000,2020-08-21 13:38:23.500000,6536.6,6605.8,6523.0,6540.0,nan,6563.378,83887,110116416960.0,116272,6537.6,3,6536.0,2,nan,0,nan,0,nan,0,nan,0,nan,0,nan,0,nan,0,nan,0
1597988304081154048,1597988304000000000,2020-08-21 13:38:24.000000,6536.4,6605.8,6523.0,6540.0,nan,6563.378,83888,110117724240.0,116272,6537.6,1,6536.2,1,nan,0,nan,0,nan,0,nan,0,nan,0,nan,0,nan,0,nan,0
1597988304580097024,1597988304500000000,2020-08-21 13:38:24.500000,6536.4,6605.8,6523.0,6540.0,nan,6563.376,83894,110125568400.0,116275,6539.6,2,6536.2,1,nan,0,nan,0,nan,0,nan,0,nan,0,nan,0,nan,0,nan,0
1597988305083235072,1597988305000000000,2020-08-21 13:38:25.000000,6538.6,6605.8,6523.0,6540.0,nan,6563.375,83896,110128183800.0,116277,6538.6,2,6537.0,1,nan,0,nan,0,nan,0,nan,0,nan,0,nan,0,nan,0,nan,0
1597988305587339008,1597988305500000000,2020-08-21 13:38:25.500000,6538.6,6605.8,6523.0,6540.0,nan,6563.375,83896,110128183800.0,116277,6538.4,3,6537.2,1,nan,0,nan,0,nan,0,nan,0,nan,0,nan,0,nan,0,nan,0
1597988306087918080,1597988306000000000,2020-08-21 13:38:26.000000,6538.6,6605.8,6523.0,6540.0,nan,6563.375,83896,110128183800.0,116277,6538.4,1,6537.2,1,nan,0,nan,0,nan,0,nan,0,nan,0,nan,0,nan,0,nan,0
1597988306595612928,1597988306500000000,2020-08-21 13:38:26.500000,6538.6,6605.8,6523.0,6540.0,nan,6563.375,83897,110129491520.0,116276,6538.4,1,6537.2,1,nan,0,nan,0,nan,0,nan,0,nan,0,nan,0,nan,0,nan,0
1597988307077282048,1597988307000000000,2020-08-21 13:38:27.000000,6538.6,6605.8,6523.0,6540.0,nan,6563.375,83897,110129491520.0,116276,6538.4,1,6537.4,1,nan,0,nan,0,nan,0,nan,0,nan,0,nan,0,nan,0,nan,0
1597988307583120896,1597988307500000000,2020-08-21 13:38:27.500000,6537.6,6605.8,6523.0,6540.0,nan,6563.375,83898,110130799040.0,116277,6538.4,1,6537.4,1,nan,0,nan,0,nan,0,nan,0,nan,0,nan,0,nan,0,nan,0
1597988308083472896,1597988308000000000,2020-08-21 13:38:28.000000,6537.6,6605.8,6523.0,6540.0,nan,6563.375,83898,110130799040.0,116277,6538.4,1,6537.4,1,nan,0,nan,0,nan,0,nan,0,nan,0,nan,0,nan,0,nan,0
1597988308599219968,1597988308500000000,2020-08-21 13:38:28.500000,6537.2,6605.8,6523.0,6540.0,nan,6563.374,83900,110133413960.0,116279,6538.4,1,6536.2,6,nan,0,nan,0,nan,0,nan,0,nan,0,nan,0,nan,0,nan,0
1597988309092514048,1597988309000000000,2020-08-21 13:38:29.000000,6537.2,6605.8,6523.0,6540.0,nan,6563.374,83900,110133413960.0,116279,6538.0,1,6536.8,2,nan,0,nan,0,nan,0,nan,0,nan,0,nan,0,nan,0,nan,0
1597988309695920128,1597988309500000000,2020-08-21 13:38:29.500000,6537.2,6605.8,6523.0,6540.0,nan,6563.374,83900,110133413960.0,116279,6538.2,1,6536.8,2,nan,0,nan,0,nan,0,nan,0,nan,0,nan,0,nan,0,nan,0
1597988310089452032,1597988310000000000,2020-08-21 13:38:30.000000,6537.4,6605.8,6523.0,6540.0,nan,6563.374,83901,110134721440.0,116279,6538.4,1,6536.8,2,nan,0,nan,0,nan,0,nan,0,nan,0,nan,0,nan,0,nan,0
1597988310581862912,1597988310500000000,2020-08-21 13:38:30.500000,6538.4,6605.8,6523.0,6540.0,nan,6563.373,83902,110136029120.0,116280,6538.6,2,6537.2,1,nan,0,nan,0,nan,0,nan,0,nan,0,nan,0,nan,0,nan,0
1597988311086808064,1597988311000000000,2020-08-21 13:38:31.000000,6538.6,6605.8,6523.0,6540.0,nan,6563.373,83904,110138644560.0,116282,6539.4,3,6537.2,2,nan,0,nan,0,nan,0,nan,0,nan,0,nan,0,nan,0,nan,0
1597988311598680064,1597988311500000000,2020-08-21 13:38:31.500000,6538.6,6605.8,6523.0,6540.0,nan,6563.373,83904,110138644560.0,116282,6539.0,4,6538.2,1,nan,0,nan,0,nan,0,nan,0,nan,0,nan,0,nan,0,nan,0
1597988312087764992,1597988312000000000,2020-08-21 13:38:32.000000,6537.8,6605.8,6523.0,6540.0,nan,6563.372,83906,110141259760.0,116283,6538.6,1,6537.6,3,nan,0,nan,0,nan,0,nan,0,nan,0,nan,0,nan,0,nan,0
1597988312604965888,1597988312500000000,2020-08-21 13:38:32.500000,6537.8,6605.8,6523.0,6540.0,nan,6563.372,83906,110141259760.0,116283,6538.6,1,6537.4,1,nan,0,nan,0,nan,0,nan,0,nan,0,nan,0,nan,0,nan,0
1597988313081088000,1597988313000000000,2020-08-21 13:38:33.000000,6538.6,6605.8,6523.0,6540.0,nan,6563.372,83907,110142567480.0,116283,6539.4,1,6539.0,4,nan,0,nan,0,nan,0,nan,0,nan,0,nan,0,nan,0,nan,0
1597988313591830016,1597988313500000000,2020-08-21 13:38:33.500000,6538.6,6605.8,6523.0,6540.0,nan,6563.37,83913,110150414200.0,116285,6539.0,2,6538.6,1,nan,0,nan,0,nan,0,nan,0,nan,0,nan,0,nan,0,nan,0
1597988314084361984,1597988314000000000,2020-08-21 13:38:34.000000,6538.6,6605.8,6523.0,6540.0,nan,6563.37,83913,110150414200.0,116285,6539.0,2,6538.8,1,nan,0,nan,0,nan,0,nan,0,nan,0,nan,0,nan,0,nan,0
1597988314587076096,1597988314500000000,2020-08-21 13:38:34.500000,6538.6,6605.8,6523.0,6540.0,nan,6563.37,83913,110150414200.0,116285,6539.0,1,6538.8,1,nan,0,nan,0,nan,0,nan,0,nan,0,nan,0,nan,0,nan,0
1597988315085352960,1597988315000000000,2020-08-21 13:38:35.000000,6539.0,6605.8,6523.0,6540.0,nan,6563.37,83914,110151722000.0,116285,6539.6,2,6539.0,2,nan,0,nan,0,nan,0,nan,0,nan,0,nan,0,nan,0,nan,0
1597988315608097024,1597988315500000000,2020-08-21 13:38:35.500000,6539.0,6605.8,6523.0,6540.0,nan,6563.37,83914,110151722000.0,116285,6539.6,2,6539.2,1,nan,0,nan,0,nan,0,nan,0,nan,0,nan,0,nan,0,nan,0
1597988316085501952,1597988316000000000,2020-08-21 13:38:36.000000,6539.0,6605.8,6523.0,6540.0,nan,6563.369,83915,110153029800.0,116285,6539.6,2,6539.0,2,nan,0,nan,0,nan,0,nan,0,nan,0,nan,0,nan,0,nan,0
1597988317090959872,1597988317000000000,2020-08-21 13:38:37.000000,6539.6,6605.8,6523.0,6540.0,nan,6563.367,83923,110163492520.0,116290,6539.6,6,6538.8,1,nan,0,nan,0,nan,0,nan,0,nan,0,nan,0,nan,0,nan,0
1597988317587129088,1597988317500000000,2020-08-21 13:38:37.500000,6538.8,6605.8,6523.0,6540.0,nan,6563.367,83924,110164800280.0,116291,6539.6,6,6539.0,1,nan,0,nan,0,nan,0,nan,0,nan,0,nan,0,nan,0,nan,0
1597988318590368000,1597988318500000000,2020-08-21 13:38:38.500000,6538.8,6605.8,6523.0,6540.0,nan,6563.367,83924,110164800280.0,116291,6539.6,6,6539.0,1,nan,0,nan,0,nan,0,nan,0,nan,0,nan,0,nan,0,nan,0
1597988319093778944,1597988319000000000,2020-08-21 13:38:39.000000,6538.8,6605.8,6523.0,6540.0,nan,6563.367,83924,110164800280.0,116291,6539.6,6,6539.0,2,nan,0,nan,0,nan,0,nan,0,nan,0,nan,0,nan,0,nan,0
1597988319599831040,1597988319500000000,2020-08-21 13:38:39.500000,6538.8,6605.8,6523.0,6540.0,nan,6563.367,83924,110164800280.0,116291,6539.6,6,6539.0,2,nan,0,nan,0,nan,0,nan,0,nan,0,nan,0,nan,0,nan,0
1597988320086696960,1597988320000000000,2020-08-21 13:38:40.000000,6538.8,6605.8,6523.0,6540.0,nan,6563.366,83926,110167415800.0,116293,6539.6,7,6538.6,1,nan,0,nan,0,nan,0,nan,0,nan,0,nan,0,nan,0,nan,0
1597988320609338112,1597988320500000000,2020-08-21 13:38:40.500000,6538.6,6605.8,6523.0,6540.0,nan,6563.366,83927,110168723520.0,116292,6538.6,2,6537.6,6,nan,0,nan,0,nan,0,nan,0,nan,0,nan,0,nan,0,nan,0
1597988321089096960,1597988321000000000,2020-08-21 13:38:41.000000,6538.6,6605.8,6523.0,6540.0,nan,6563.366,83927,110168723520.0,116292,6538.6,1,6537.6,6,nan,0,nan,0,nan,0,nan,0,nan,0,nan,0,nan,0,nan,0
1597988321606971904,1597988321500000000,2020-08-21 13:38:41.500000,6538.6,6605.8,6523.0,6540.0,nan,6563.366,83927,110168723520.0,116292,6538.6,1,6537.6,6,nan,0,nan,0,nan,0,nan,0,nan,0,nan,0,nan,0,nan,0
1597988322090999040,1597988322000000000,2020-08-21 13:38:42.000000,6538.6,6605.8,6523.0,6540.0,nan,6563.366,83927,110168723520.0,116292,6538.6,1,6537.6,6,nan,0,nan,0,nan,0,nan,0,nan,0,nan,0,nan,0,nan,0
1597988322600556032,1597988322500000000,2020-08-21 13:38:42.500000,6538.6,6605.8,6523.0,6540.0,nan,6563.366,83927,110168723520.0,116292,6538.6,1,6537.6,6,nan,0,nan,0,nan,0,nan,0,nan,0,nan,0,nan,0,nan,0
1597988323089306880,1597988323000000000,2020-08-21 13:38:43.000000,6538.6,6605.8,6523.0,6540.0,nan,6563.366,83927,110168723520.0,116292,6538.6,1,6537.6,6,nan,0,nan,0,nan,0,nan,0,nan,0,nan,0,nan,0,nan,0
1597988323590244096,1597988323500000000,2020-08-21 13:38:43.500000,6538.6,6605.8,6523.0,6540.0,nan,6563.366,83927,110168723520.0,116292,6538.6,1,6537.6,6,nan,0,nan,0,nan,0,nan,0,nan,0,nan,0,nan,0,nan,0
1597988324088944128,1597988324000000000,2020-08-21 13:38:44.000000,6538.6,6605.8,6523.0,6540.0,nan,6563.366,83927,110168723520.0,116292,6538.6,2,6537.6,6,nan,0,nan,0,nan,0,nan,0,nan,0,nan,0,nan,0,nan,0
1597988324596047872,1597988324500000000,2020-08-21 13:38:44.500000,6538.6,6605.8,6523.0,6540.0,nan,6563.366,83927,110168723520.0,116292,6538.6,2,6537.6,6,nan,0,nan,0,nan,0,nan,0,nan,0,nan,0,nan,0,nan,0
1597988325104523008,1597988325000000000,2020-08-21 13:38:45.000000,6538.6,6605.8,6523.0,6540.0,nan,6563.366,83927,110168723520.0,116292,6538.6,2,6538.4,6,nan,0,nan,0,nan,0,nan,0,nan,0,nan,0,nan,0,nan,0
1597988325606384128,1597988325500000000,2020-08-21 13:38:45.500000,6538.6,6605.8,6523.0,6540.0,nan,6563.366,83927,110168723520.0,116292,6538.6,3,6538.4,7,nan,0,nan,0,nan,0,nan,0,nan,0,nan,0,nan,0,nan,0
1597988326102793984,1597988326000000000,2020-08-21 13:38:46.000000,6538.6,6605.8,6523.0,6540.0,nan,6563.366,83927,110168723520.0,116292,6538.6,3,6538.4,7,nan,0,nan,0,nan,0,nan,0,nan,0,nan,0,nan,0,nan,0
1597988326594939904,1597988326500000000,2020-08-21 13:38:46.500000,6538.6,6605.8,6523.0,6540.0,nan,6563.366,83927,110168723520.0,116292,6538.6,3,6538.4,7,nan,0,nan,0,nan,0,nan,0,nan,0,nan,0,nan,0,nan,0
1597988327085558016,1597988327000000000,2020-08-21 13:38:47.000000,6538.6,6605.8,6523.0,6540.0,nan,6563.365,83931,110173954280.0,116293,6538.6,2,6538.4,4,nan,0,nan,0,nan,0,nan,0,nan,0,nan,0,nan,0,nan,0
1597988327600841984,1597988327500000000,2020-08-21 13:38:47.500000,6538.4,6605.8,6523.0,6540.0,nan,6563.364,83935,110179185000.0,116294,6538.4,1,6538.0,1,nan,0,nan,0,nan,0,nan,0,nan,0,nan,0,nan,0,nan,0
1597988328092830976,1597988328000000000,2020-08-21 13:38:48.000000,6538.0,6605.8,6523.0,6540.0,nan,6563.363,83936,110180492600.0,116294,6538.4,1,6537.6,6,nan,0,nan,0,nan,0,nan,0,nan,0,nan,0,nan,0,nan,0
1597988328604273920,1597988328500000000,2020-08-21 13:38:48.500000,6537.6,6605.8,6523.0,6540.0,nan,6563.362,83941,110187030200.0,116294,6538.4,1,6537.6,1,nan,0,nan,0,nan,0,nan,0,nan,0,nan,0,nan,0,nan,0
1597988329124057088,1597988329000000000,2020-08-21 13:38:49.000000,6537.6,6605.8,6523.0,6540.0,nan,6563.362,83941,110187030200.0,116294,6538.2,2,6537.6,1,nan,0,nan,0,nan,0,nan,0,nan,0,nan,0,nan,0,nan,0
1597988329603584000,1597988329500000000,2020-08-21 13:38:49.500000,6537.6,6605.8,6523.0,6540.0,nan,6563.361,83942,110188337720.0,116294,6537.6,4,6537.2,1,nan,0,nan,0,nan,0,nan,0,nan,0,nan,0,nan,0,nan,0
1597988330095013120,1597988330000000000,2020-08-21 13:38:50.000000,6537.6,6605.8,6523.0,6540.0,nan,6563.361,83942,110188337720.0,116294,6537.6,4,6537.2,1,nan,0,nan,0,nan,0,nan,0,nan,0,nan,0,nan,0,nan,0
1597988330591525888,1597988330500000000,2020-08-21 13:38:50.500000,6537.6,6605.8,6523.0,6540.0,nan,6563.361,83942,110188337720.0,116294,6537.6,4,6537.2,1,nan,0,nan,0,nan,0,nan,0,nan,0,nan,0,nan,0,nan,0
1597988331099571968,1597988331000000000,2020-08-21 13:38:51.000000,6537.6,6605.8,6523.0,6540.0,nan,6563.361,83942,110188337720.0,116294,6537.6,4,6537.2,1,nan,0,nan,0,nan,0,nan,0,nan,0,nan,0,nan,0,nan,0
1597988331596815104,1597988331500000000,2020-08-21 13:38:51.500000,6537.6,6605.8,6523.0,6540.0,nan,6563.361,83943,110189645240.0,116294,6537.6,3,6537.2,1,nan,0,nan,0,nan,0,nan,0,nan,0,nan,0,nan,0,nan,0
1597988333105432064,1597988333000000000,2020-08-21 13:38:53.000000,6537.6,6605.8,6523.0,6540.0,nan,6563.361,83944,110190952760.0,116295,6537.6,3,6537.2,1,nan,0,nan,0,nan,0,nan,0,nan,0,nan,0,nan,0,nan,0
1597988333637285120,1597988333500000000,2020-08-21 13:38:53.500000,6537.2,6605.8,6523.0,6540.0,nan,6563.359,83949,110197490040.0,116295,6537.6,2,6537.4,1,nan,0,nan,0,nan,0,nan,0,nan,0,nan,0,nan,0,nan,0
1597988334110752000,1597988334000000000,2020-08-21 13:38:54.000000,6537.6,6605.8,6523.0,6540.0,nan,6563.359,83951,110200105080.0,116296,6537.6,1,6537.4,1,nan,0,nan,0,nan,0,nan,0,nan,0,nan,0,nan,0,nan,0
1597988334597806080,1597988334500000000,2020-08-21 13:38:54.500000,6537.6,6605.8,6523.0,6540.0,nan,6563.358,83953,110202720120.0,116298,6538.6,1,6537.6,1,nan,0,nan,0,nan,0,nan,0,nan,0,nan,0,nan,0,nan,0
1597988335089465088,1597988335000000000,2020-08-21 13:38:55.000000,6537.6,6605.8,6523.0,6540.0,nan,6563.357,83955,110205335320.0,116299,6538.0,2,6537.4,1,nan,0,nan,0,nan,0,nan,0,nan,0,nan,0,nan,0,nan,0
1597988335620188928,1597988335500000000,2020-08-21 13:38:55.500000,6537.6,6605.8,6523.0,6540.0,nan,6563.357,83955,110205335320.0,116299,6537.6,7,6537.4,1,nan,0,nan,0,nan,0,nan,0,nan,0,nan,0,nan,0,nan,0
1597988336105702912,1597988336000000000,2020-08-21 13:38:56.000000,6537.4,6605.8,6523.0,6540.0,nan,6563.357,83956,110206642800.0,116300,6537.4,7,6537.0,1,nan,0,nan,0,nan,0,nan,0,nan,0,nan,0,nan,0,nan,0
1597988336594676992,1597988336500000000,2020-08-21 13:38:56.500000,6537.0,6605.8,6523.0,6540.0,nan,6563.357,83957,110207950200.0,116300,6537.4,5,6536.8,1,nan,0,nan,0,nan,0,nan,0,nan,0,nan,0,nan,0,nan,0
1597988337106857984,1597988337000000000,2020-08-21 13:38:57.000000,6537.4,6605.8,6523.0,6540.0,nan,6563.357,83958,110209257680.0,116301,6537.4,4,6536.8,1,nan,0,nan,0,nan,0,nan,0,nan,0,nan,0,nan,0,nan,0
1597988337598685952,1597988337500000000,2020-08-21 13:38:57.500000,6536.2,6605.8,6523.0,6540.0,nan,6563.356,83961,110213179680.0,116303,6536.8,3,6536.2,5,nan,0,nan,0,nan,0,nan,0,nan,0,nan,0,nan,0,nan,0
1597988338097245952,1597988338000000000,2020-08-21 13:38:58.000000,6536.2,6605.8,6523.0,6540.0,nan,6563.354,83966,110219715880.0,116308,6536.8,3,6536.0,1,nan,0,nan,0,nan,0,nan,0,nan,0,nan,0,nan,0,nan,0
1597988339165852928,1597988339000000000,2020-08-21 13:38:59.000000,6536.0,6605.8,6523.0,6540.0,nan,6563.354,83967,110221023080.0,116308,6536.8,3,6535.6,2,nan,0,nan,0,nan,0,nan,0,nan,0,nan,0,nan,0,nan,0
1597988339603216896,1597988339500000000,2020-08-21 13:38:59.500000,6536.0,6605.8,6523.0,6540.0,nan,6563.354,83967,110221023080.0,116308,6537.4,4,6535.6,2,nan,0,nan,0,nan,0,nan,0,nan,0,nan,0,nan,0,nan,0
1597988340097850112,1597988340000000000,2020-08-21 13:39:00.000000,6536.0,6605.8,6523.0,6540.0,nan,6563.354,83967,110221023080.0,116308,6537.4,4,6536.8,1,nan,0,nan,0,nan,0,nan,0,nan,0,nan,0,nan,0,nan,0
1597988340607928064,1597988340500000000,2020-08-21 13:39:00.500000,6536.8,6605.8,6523.0,6540.0,nan,6563.353,83968,110222330440.0,116308,6537.4,4,6536.8,1,nan,0,nan,0,nan,0,nan,0,nan,0,nan,0,nan,0,nan,0
1597988341134498048,1597988341000000000,2020-08-21 13:39:01.000000,6536.8,6605.8,6523.0,6540.0,nan,6563.353,83970,110224945280.0,116307,6535.8,1,6535.6,3,nan,0,nan,0,nan,0,nan,0,nan,0,nan,0,nan,0,nan,0
1597988341605605120,1597988341500000000,2020-08-21 13:39:01.500000,6537.4,6605.8,6523.0,6540.0,nan,6563.351,83974,110230174240.0,116306,6537.4,2,6536.8,1,nan,0,nan,0,nan,0,nan,0,nan,0,nan,0,nan,0,nan,0
1597988342109505024,1597988342000000000,2020-08-21 13:39:02.000000,6536.8,6605.8,6523.0,6540.0,nan,6563.351,83976,110232788960.0,116307,6536.8,1,6535.8,3,nan,0,nan,0,nan,0,nan,0,nan,0,nan,0,nan,0,nan,0
1597988342601724928,1597988342500000000,2020-08-21 13:39:02.500000,6536.0,6605.8,6523.0,6540.0,nan,6563.35,83979,110236710520.0,116308,6536.0,1,6535.8,1,nan,0,nan,0,nan,0,nan,0,nan,0,nan,0,nan,0,nan,0
1597988343103020032,1597988343000000000,2020-08-21 13:39:03.000000,6536.0,6605.8,6523.0,6540.0,nan,6563.349,83981,110239324920.0,116310,6537.4,2,6536.2,1,nan,0,nan,0,nan,0,nan,0,nan,0,nan,0,nan,0,nan,0
1597988343629485056,1597988343500000000,2020-08-21 13:39:03.500000,6536.2,6605.8,6523.0,6540.0,nan,6563.349,83982,110240632160.0,116311,6537.2,1,6536.0,1,nan,0,nan,0,nan,0,nan,0,nan,0,nan,0,nan,0,nan,0
1597988344099508992,1597988344000000000,2020-08-21 13:39:04.000000,6536.0,6605.8,6523.0,6540.0,nan,6563.348,83983,110241939360.0,116311,6537.0,1,6535.8,1,nan,0,nan,0,nan,0,nan,0,nan,0,nan,0,nan,0,nan,0
1597988344631638016,1597988344500000000,2020-08-21 13:39:04.500000,6535.8,6605.8,6523.0,6540.0,nan,6563.348,83986,110245860880.0,116312,6535.8,2,6535.6,2,nan,0,nan,0,nan,0,nan,0,nan,0,nan,0,nan,0,nan,0
1597988345103140096,1597988345000000000,2020-08-21 13:39:05.000000,6535.8,6605.8,6523.0,6540.0,nan,6563.347,83989,110249782320.0,116315,6536.8,1,6535.6,1,nan,0,nan,0,nan,0,nan,0,nan,0,nan,0,nan,0,nan,0
1597988345607681024,1597988345500000000,2020-08-21 13:39:05.500000,6535.8,6605.8,6523.0,6540.0,nan,6563.347,83989,110249782320.0,116315,6536.6,1,6535.6,2,nan,0,nan,0,nan,0,nan,0,nan,0,nan,0,nan,0,nan,0
1597988346113917952,1597988346000000000,2020-08-21 13:39:06.000000,6535.8,6605.8,6523.0,6540.0,nan,6563.347,83989,110249782320.0,116315,6536.6,1,6535.6,2,nan,0,nan,0,nan,0,nan,0,nan,0,nan,0,nan,0,nan,0
1597988346609359872,1597988346500000000,2020-08-21 13:39:06.500000,6535.6,6605.8,6523.0,6540.0,nan,6563.346,83991,110252396600.0,116316,6536.6,1,6535.8,1,nan,0,nan,0,nan,0,nan,0,nan,0,nan,0,nan,0,nan,0
1597988347115772928,1597988347000000000,2020-08-21 13:39:07.000000,6536.6,6605.8,6523.0,6540.0,nan,6563.345,83994,110256318400.0,116318,6537.0,1,6535.8,1,nan,0,nan,0,nan,0,nan,0,nan,0,nan,0,nan,0,nan,0
1597988347609648896,1597988347500000000,2020-08-21 13:39:07.500000,6536.4,6605.8,6523.0,6540.0,nan,6563.344,83996,110258932840.0,116319,6537.0,1,6535.6,2,nan,0,nan,0,nan,0,nan,0,nan,0,nan,0,nan,0,nan,0
1597988348112995072,1597988348000000000,2020-08-21 13:39:08.000000,6535.6,6605.8,6523.0,6540.0,nan,6563.344,83997,110260239960.0,116320,6537.0,1,6535.6,1,nan,0,nan,0,nan,0,nan,0,nan,0,nan,0,nan,0,nan,0
1597988348605346048,1597988348500000000,2020-08-21 13:39:08.500000,6535.6,6605.8,6523.0,6540.0,nan,6563.344,83997,110260239960.0,116320,6536.8,1,6536.6,1,nan,0,nan,0,nan,0,nan,0,nan,0,nan,0,nan,0,nan,0
1597988349113729024,1597988349000000000,2020-08-21 13:39:09.000000,6535.6,6605.8,6523.0,6540.0,nan,6563.343,84000,110264161520.0,116322,6535.6,1,6535.4,2,nan,0,nan,0,nan,0,nan,0,nan,0,nan,0,nan,0,nan,0
1597988349618839040,1597988349500000000,2020-08-21 13:39:09.500000,6535.6,6605.8,6523.0,6540.0,nan,6563.343,84001,110265468640.0,116322,6537.0,2,6535.6,6,nan,0,nan,0,nan,0,nan,0,nan,0,nan,0,nan,0,nan,0
1597988350094565888,1597988350000000000,2020-08-21 13:39:10.000000,6535.6,6605.8,6523.0,6540.0,nan,6563.343,84001,110265468640.0,116322,6537.0,1,6535.8,1,nan,0,nan,0,nan,0,nan,0,nan,0,nan,0,nan,0,nan,0
1597988350613636096,1597988350500000000,2020-08-21 13:39:10.500000,6537.0,6605.8,6523.0,6540.0,nan,6563.342,84002,110266776040.0,116322,6537.0,1,6535.8,2,nan,0,nan,0,nan,0,nan,0,nan,0,nan,0,nan,0,nan,0
1597988351111394048,1597988351000000000,2020-08-21 13:39:11.000000,6537.0,6605.8,6523.0,6540.0,nan,6563.342,84004,110269390840.0,116324,6537.4,2,6536.0,3,nan,0,nan,0,nan,0,nan,0,nan,0,nan,0,nan,0,nan,0
1597988351648518912,1597988351500000000,2020-08-21 13:39:11.500000,6537.0,6605.8,6523.0,6540.0,nan,6563.342,84004,110269390840.0,116324,6537.4,2,6536.2,1,nan,0,nan,0,nan,0,nan,0,nan,0,nan,0,nan,0,nan,0
1597988352104086016,1597988352000000000,2020-08-21 13:39:12.000000,6537.0,6605.8,6523.0,6540.0,nan,6563.342,84004,110269390840.0,116324,6537.0,1,6536.2,1,nan,0,nan,0,nan,0,nan,0,nan,0,nan,0,nan,0,nan,0
1597988352607951872,1597988352500000000,2020-08-21 13:39:12.500000,6537.0,6605.8,6523.0,6540.0,nan,6563.342,84004,110269390840.0,116324,6537.0,1,6536.0,3,nan,0,nan,0,nan,0,nan,0,nan,0,nan,0,nan,0,nan,0
1597988353119854080,1597988353000000000,2020-08-21 13:39:13.000000,6537.0,6605.8,6523.0,6540.0,nan,6563.342,84004,110269390840.0,116324,6537.0,1,6536.0,3,nan,0,nan,0,nan,0,nan,0,nan,0,nan,0,nan,0,nan,0
1597988353603250944,1597988353500000000,2020-08-21 13:39:13.500000,6537.0,6605.8,6523.0,6540.0,nan,6563.342,84004,110269390840.0,116324,6537.0,2,6536.2,1,nan,0,nan,0,nan,0,nan,0,nan,0,nan,0,nan,0,nan,0
1597988354101449984,1597988354000000000,2020-08-21 13:39:14.000000,6537.0,6605.8,6523.0,6540.0,nan,6563.342,84004,110269390840.0,116324,6537.0,2,6536.2,1,nan,0,nan,0,nan,0,nan,0,nan,0,nan,0,nan,0,nan,0
1597988354604572928,1597988354500000000,2020-08-21 13:39:14.500000,6536.0,6605.8,6523.0,6540.0,nan,6563.34,84009,110275926960.0,116326,6536.6,2,6535.8,1,nan,0,nan,0,nan,0,nan,0,nan,0,nan,0,nan,0,nan,0
1597988355106561024,1597988355000000000,2020-08-21 13:39:15.000000,6536.4,6605.8,6523.0,6540.0,nan,6563.34,84010,110277234240.0,116327,6537.0,2,6536.0,1,nan,0,nan,0,nan,0,nan,0,nan,0,nan,0,nan,0,nan,0
1597988355608625920,1597988355500000000,2020-08-21 13:39:15.500000,6536.6,6605.8,6523.0,6540.0,nan,6563.339,84013,110281156120.0,116326,6536.8,2,6536.6,1,nan,0,nan,0,nan,0,nan,0,nan,0,nan,0,nan,0,nan,0
1597988356115550976,1597988356000000000,2020-08-21 13:39:16.000000,6536.6,6605.8,6523.0,6540.0,nan,6563.338,84017,110286385400.0,116329,6536.6,3,6536.0,1,nan,0,nan,0,nan,0,nan,0,nan,0,nan,0,nan,0,nan,0
1597988356624638976,1597988356500000000,2020-08-21 13:39:16.500000,6536.0,6605.8,6523.0,6540.0,nan,6563.337,84018,110287692600.0,116330,6536.4,2,6535.8,1,nan,0,nan,0,nan,0,nan,0,nan,0,nan,0,nan,0,nan,0
1597988357111580928,1597988357000000000,2020-08-21 13:39:17.000000,6536.0,6605.8,6523.0,6540.0,nan,6563.337,84019,110288999800.0,116331,6536.0,1,6535.8,1,nan,0,nan,0,nan,0,nan,0,nan,0,nan,0,nan,0,nan,0
1597988357625443072,1597988357500000000,2020-08-21 13:39:17.500000,6536.0,6605.8,6523.0,6540.0,nan,6563.337,84020,110290307000.0,116332,6536.4,2,6535.8,1,nan,0,nan,0,nan,0,nan,0,nan,0,nan,0,nan,0,nan,0
1597988358108700928,1597988358000000000,2020-08-21 13:39:18.000000,6535.8,6605.8,6523.0,6540.0,nan,6563.336,84021,110291614160.0,116331,6536.0,2,6535.6,4,nan,0,nan,0,nan,0,nan,0,nan,0,nan,0,nan,0,nan,0
1597988358610288128,1597988358500000000,2020-08-21 13:39:18.500000,6535.8,6605.8,6523.0,6540.0,nan,6563.336,84021,110291614160.0,116331,6536.4,2,6535.6,4,nan,0,nan,0,nan,0,nan,0,nan,0,nan,0,nan,0,nan,0
1597988359116883968,1597988359000000000,2020-08-21 13:39:19.000000,6535.8,6605.8,6523.0,6540.0,nan,6563.336,84021,110291614160.0,116331,6536.0,2,6535.6,4,nan,0,nan,0,nan,0,nan,0,nan,0,nan,0,nan,0,nan,0
1597988359632954880,1597988359500000000,2020-08-21 13:39:19.500000,6535.8,6605.8,6523.0,6540.0,nan,6563.336,84022,110292921320.0,116332,6535.8,1,6535.6,4,nan,0,nan,0,nan,0,nan,0,nan,0,nan,0,nan,0,nan,0
1597988360104325120,1597988360000000000,2020-08-21 13:39:20.000000,6535.8,6605.8,6523.0,6540.0,nan,6563.336,84023,110294228480.0,116333,6536.4,2,6535.8,1,nan,0,nan,0,nan,0,nan,0,nan,0,nan,0,nan,0,nan,0
1597988360612275968,1597988360500000000,2020-08-21 13:39:20.500000,6535.8,6605.8,6523.0,6540.0,nan,6563.336,84023,110294228480.0,116333,6536.0,2,6535.8,1,nan,0,nan,0,nan,0,nan,0,nan,0,nan,0,nan,0,nan,0
1597988361107902976,1597988361000000000,2020-08-21 13:39:21.000000,6535.8,6605.8,6523.0,6540.0,nan,6563.335,84024,110295535640.0,116334,6535.8,1,6535.6,4,nan,0,nan,0,nan,0,nan,0,nan,0,nan,0,nan,0,nan,0
1597988361605356032,1597988361500000000,2020-08-21 13:39:21.500000,6536.4,6605.8,6523.0,6540.0,nan,6563.334,84027,110299457200.0,116334,6536.6,2,6535.6,3,nan,0,nan,0,nan,0,nan,0,nan,0,nan,0,nan,0,nan,0
1597988362108897024,1597988362000000000,2020-08-21 13:39:22.000000,6535.6,6605.8,6523.0,6540.0,nan,6563.334,84028,110300764320.0,116334,6536.6,2,6535.6,2,nan,0,nan,0,nan,0,nan,0,nan,0,nan,0,nan,0,nan,0
1597988362616613120,1597988362500000000,2020-08-21 13:39:22.500000,6535.6,6605.8,6523.0,6540.0,nan,6563.334,84028,110300764320.0,116334,6536.0,2,6535.6,2,nan,0,nan,0,nan,0,nan,0,nan,0,nan,0,nan,0,nan,0
1597988363122392064,1597988363000000000,2020-08-21 13:39:23.000000,6535.6,6605.8,6523.0,6540.0,nan,6563.334,84028,110300764320.0,116334,6536.6,2,6536.0,1,nan,0,nan,0,nan,0,nan,0,nan,0,nan,0,nan,0,nan,0
1597988363641835008,1597988363500000000,2020-08-21 13:39:23.500000,6536.2,6605.8,6523.0,6540.0,nan,6563.334,84029,110302071560.0,116335,6536.2,1,6535.6,2,nan,0,nan,0,nan,0,nan,0,nan,0,nan,0,nan,0,nan,0
1597988364127990016,1597988364000000000,2020-08-21 13:39:24.000000,6536.6,6605.8,6523.0,6540.0,nan,6563.333,84031,110304686000.0,116337,6536.6,1,6535.6,1,nan,0,nan,0,nan,0,nan,0,nan,0,nan,0,nan,0,nan,0
1597988364631581952,1597988364500000000,2020-08-21 13:39:24.500000,6536.6,6605.8,6523.0,6540.0,nan,6563.333,84032,110305993320.0,116338,6537.0,3,6536.0,1,nan,0,nan,0,nan,0,nan,0,nan,0,nan,0,nan,0,nan,0
1597988365114468096,1597988365000000000,2020-08-21 13:39:25.000000,6536.6,6605.8,6523.0,6540.0,nan,6563.333,84032,110305993320.0,116338,6536.4,2,6536.0,1,nan,0,nan,0,nan,0,nan,0,nan,0,nan,0,nan,0,nan,0
1597988365622528000,1597988365500000000,2020-08-21 13:39:25.500000,6537.0,6605.8,6523.0,6540.0,nan,6563.332,84035,110309915520.0,116339,6537.4,3,6536.0,1,nan,0,nan,0,nan,0,nan,0,nan,0,nan,0,nan,0,nan,0
1597988366171128064,1597988366000000000,2020-08-21 13:39:26.000000,6537.0,6605.8,6523.0,6540.0,nan,6563.332,84035,110309915520.0,116339,6536.6,2,6536.0,1,nan,0,nan,0,nan,0,nan,0,nan,0,nan,0,nan,0,nan,0
1597988366630822912,1597988366500000000,2020-08-21 13:39:26.500000,6537.0,6605.8,6523.0,6540.0,nan,6563.332,84035,110309915520.0,116339,6537.4,3,6536.2,2,nan,0,nan,0,nan,0,nan,0,nan,0,nan,0,nan,0,nan,0
1597988367121911040,1597988367000000000,2020-08-21 13:39:27.000000,6536.2,6605.8,6523.0,6540.0,nan,6563.331,84036,110311222760.0,116338,6536.8,2,6536.6,1,nan,0,nan,0,nan,0,nan,0,nan,0,nan,0,nan,0,nan,0
1597988367646930944,1597988367500000000,2020-08-21 13:39:27.500000,6536.6,6605.8,6523.0,6540.0,nan,6563.331,84037,110312530080.0,116338,6536.4,1,6536.2,1,nan,0,nan,0,nan,0,nan,0,nan,0,nan,0,nan,0,nan,0
1597988368108517120,1597988368000000000,2020-08-21 13:39:28.000000,6536.2,6605.8,6523.0,6540.0,nan,6563.331,84038,110313837320.0,116338,6536.4,1,6536.0,1,nan,0,nan,0,nan,0,nan,0,nan,0,nan,0,nan,0,nan,0
1597988368613292032,1597988368500000000,2020-08-21 13:39:28.500000,6536.4,6605.8,6523.0,6540.0,nan,6563.33,84039,110315144600.0,116338,6536.6,1,6536.0,1,nan,0,nan,0,nan,0,nan,0,nan,0,nan,0,nan,0,nan,0
1597988369130708992,1597988369000000000,2020-08-21 13:39:29.000000,6536.0,6605.8,6523.0,6540.0,nan,6563.33,84040,110316451800.0,116338,6536.6,1,6535.8,1,nan,0,nan,0,nan,0,nan,0,nan,0,nan,0,nan,0,nan,0
1597988369621975040,1597988369500000000,2020-08-21 13:39:29.500000,6536.0,6605.8,6523.0,6540.0,nan,6563.33,84040,110316451800.0,116338,6536.6,1,6536.0,1,nan,0,nan,0,nan,0,nan,0,nan,0,nan,0,nan,0,nan,0
1597988370120585984,1597988370000000000,2020-08-21 13:39:30.000000,6536.0,6605.8,6523.0,6540.0,nan,6563.33,84040,110316451800.0,116338,6536.2,2,6536.0,1,nan,0,nan,0,nan,0,nan,0,nan,0,nan,0,nan,0,nan,0
1597988370644331008,1597988370500000000,2020-08-21 13:39:30.500000,6536.2,6605.8,6523.0,6540.0,nan,6563.329,84042,110319066280.0,116340,6536.6,1,6536.2,1,nan,0,nan,0,nan,0,nan,0,nan,0,nan,0,nan,0,nan,0
1597988371113686016,1597988371000000000,2020-08-21 13:39:31.000000,6536.2,6605.8,6523.0,6540.0,nan,6563.329,84042,110319066280.0,116340,6536.4,1,6536.2,1,nan,0,nan,0,nan,0,nan,0,nan,0,nan,0,nan,0,nan,0
1597988371654547968,1597988371500000000,2020-08-21 13:39:31.500000,6535.8,6605.8,6523.0,6540.0,nan,6563.329,84044,110321680680.0,116341,6535.8,1,6535.6,2,nan,0,nan,0,nan,0,nan,0,nan,0,nan,0,nan,0,nan,0
1597988372123491072,1597988372000000000,2020-08-21 13:39:32.000000,6535.8,6605.8,6523.0,6540.0,nan,6563.329,84044,110321680680.0,116341,6535.8,1,6535.6,3,nan,0,nan,0,nan,0,nan,0,nan,0,nan,0,nan,0,nan,0
1597988372614124032,1597988372500000000,2020-08-21 13:39:32.500000,6535.8,6605.8,6523.0,6540.0,nan,6563.328,84045,110322987840.0,116342,6536.2,1,6535.8,1,nan,0,nan,0,nan,0,nan,0,nan,0,nan,0,nan,0,nan,0
1597988373112510976,1597988373000000000,2020-08-21 13:39:33.000000,6535.8,6605.8,6523.0,6540.0,nan,6563.328,84045,110322987840.0,116342,6536.2,1,6535.8,1,nan,0,nan,0,nan,0,nan,0,nan,0,nan,0,nan,0,nan,0
1597988373624410112,1597988373500000000,2020-08-21 13:39:33.500000,6536.2,6605.8,6523.0,6540.0,nan,6563.328,84046,110324295080.0,116341,6536.6,1,6536.0,1,nan,0,nan,0,nan,0,nan,0,nan,0,nan,0,nan,0,nan,0
1597988374130657024,1597988374000000000,2020-08-21 13:39:34.000000,6536.6,6605.8,6523.0,6540.0,nan,6563.327,84049,110328216800.0,116344,6537.4,3,6535.8,1,nan,0,nan,0,nan,0,nan,0,nan,0,nan,0,nan,0,nan,0
1597988374668174080,1597988374500000000,2020-08-21 13:39:34.500000,6536.6,6605.8,6523.0,6540.0,nan,6563.327,84049,110328216800.0,116344,6536.6,2,6536.4,1,nan,0,nan,0,nan,0,nan,0,nan,0,nan,0,nan,0,nan,0
1597988375125122048,1597988375000000000,2020-08-21 13:39:35.000000,6536.4,6605.8,6523.0,6540.0,nan,6563.327,84050,110329524080.0,116345,6536.6,2,6536.2,1,nan,0,nan,0,nan,0,nan,0,nan,0,nan,0,nan,0,nan,0
1597988375641637120,1597988375500000000,2020-08-21 13:39:35.500000,6536.4,6605.8,6523.0,6540.0,nan,6563.327,84050,110329524080.0,116345,6537.4,3,6536.2,1,nan,0,nan,0,nan,0,nan,0,nan,0,nan,0,nan,0,nan,0
1597988376120339968,1597988376000000000,2020-08-21 13:39:36.000000,6536.4,6605.8,6523.0,6540.0,nan,6563.327,84050,110329524080.0,116345,6536.8,2,6536.2,2,nan,0,nan,0,nan,0,nan,0,nan,0,nan,0,nan,0,nan,0
1597988376634032128,1597988376500000000,2020-08-21 13:39:36.500000,6536.2,6605.8,6523.0,6540.0,nan,6563.327,84051,110330831320.0,116345,6537.4,3,6536.2,1,nan,0,nan,0,nan,0,nan,0,nan,0,nan,0,nan,0,nan,0
1597988377146678016,1597988377000000000,2020-08-21 13:39:37.000000,6536.8,6605.8,6523.0,6540.0,nan,6563.326,84052,110332138680.0,116346,6536.8,3,6536.2,1,nan,0,nan,0,nan,0,nan,0,nan,0,nan,0,nan,0,nan,0
1597988377637131008,1597988377500000000,2020-08-21 13:39:37.500000,6536.2,6605.8,6523.0,6540.0,nan,6563.326,84053,110333445920.0,116346,6536.2,1,6535.8,1,nan,0,nan,0,nan,0,nan,0,nan,0,nan,0,nan,0,nan,0
1597988378120429056,1597988378000000000,2020-08-21 13:39:38.000000,6536.2,6605.8,6523.0,6540.0,nan,6563.326,84053,110333445920.0,116346,6536.2,1,6535.8,1,nan,0,nan,0,nan,0,nan,0,nan,0,nan,0,nan,0,nan,0
1597988379128567040,1597988379000000000,2020-08-21 13:39:39.000000,6536.2,6605.8,6523.0,6540.0,nan,6563.326,84054,110334753160.0,116346,6536.8,3,6535.8,2,nan,0,nan,0,nan,0,nan,0,nan,0,nan,0,nan,0,nan,0
1597988379632193024,1597988379500000000,2020-08-21 13:39:39.500000,6536.2,6605.8,6523.0,6540.0,nan,6563.326,84054,110334753160.0,116346,6536.8,2,6536.0,2,nan,0,nan,0,nan,0,nan,0,nan,0,nan,0,nan,0,nan,0
1597988380143532032,1597988380000000000,2020-08-21 13:39:40.000000,6536.2,6605.8,6523.0,6540.0,nan,6563.326,84054,110334753160.0,116346,6536.4,2,6536.0,2,nan,0,nan,0,nan,0,nan,0,nan,0,nan,0,nan,0,nan,0
1597988380644711936,1597988380500000000,2020-08-21 13:39:40.500000,6536.2,6605.8,6523.0,6540.0,nan,6563.325,84057,110338674800.0,116349,6536.2,1,6535.8,2,nan,0,nan,0,nan,0,nan,0,nan,0,nan,0,nan,0,nan,0
1597988381162930944,1597988381000000000,2020-08-21 13:39:41.000000,6536.2,6605.8,6523.0,6540.0,nan,6563.324,84058,110339982040.0,116350,6536.0,2,6535.8,2,nan,0,nan,0,nan,0,nan,0,nan,0,nan,0,nan,0,nan,0
1597988381644487936,1597988381500000000,2020-08-21 13:39:41.500000,6536.0,6605.8,6523.0,6540.0,nan,6563.324,84060,110342596440.0,116350,6536.8,2,6535.8,2,nan,0,nan,0,nan,0,nan,0,nan,0,nan,0,nan,0,nan,0
1597988382136190976,1597988382000000000,2020-08-21 13:39:42.000000,6536.8,6605.8,6523.0,6540.0,nan,6563.323,84061,110343903800.0,116350,6536.8,1,6535.8,2,nan,0,nan,0,nan,0,nan,0,nan,0,nan,0,nan,0,nan,0
1597988382637977088,1597988382500000000,2020-08-21 13:39:42.500000,6536.8,6605.8,6523.0,6540.0,nan,6563.323,84061,110343903800.0,116350,6536.6,2,6535.8,3,nan,0,nan,0,nan,0,nan,0,nan,0,nan,0,nan,0,nan,0
1597988383129477888,1597988383000000000,2020-08-21 13:39:43.000000,6536.8,6605.8,6523.0,6540.0,nan,6563.323,84061,110343903800.0,116350,6536.6,2,6535.8,2,nan,0,nan,0,nan,0,nan,0,nan,0,nan,0,nan,0,nan,0
1597988383634841088,1597988383500000000,2020-08-21 13:39:43.500000,6536.8,6605.8,6523.0,6540.0,nan,6563.323,84061,110343903800.0,116350,6536.6,10,6535.8,2,nan,0,nan,0,nan,0,nan,0,nan,0,nan,0,nan,0,nan,0
1597988384139505920,1597988384000000000,2020-08-21 13:39:44.000000,6536.8,6605.8,6523.0,6540.0,nan,6563.323,84061,110343903800.0,116350,6536.6,12,6535.8,1,nan,0,nan,0,nan,0,nan,0,nan,0,nan,0,nan,0,nan,0
1597988384631613952,1597988384500000000,2020-08-21 13:39:44.500000,6536.8,6605.8,6523.0,6540.0,nan,6563.323,84061,110343903800.0,116350,6536.6,18,6535.8,1,nan,0,nan,0,nan,0,nan,0,nan,0,nan,0,nan,0,nan,0
1597988385134049024,1597988385000000000,2020-08-21 13:39:45.000000,6536.8,6605.8,6523.0,6540.0,nan,6563.323,84061,110343903800.0,116350,6536.6,18,6535.8,1,nan,0,nan,0,nan,0,nan,0,nan,0,nan,0,nan,0,nan,0
1597988385639611904,1597988385500000000,2020-08-21 13:39:45.500000,6535.8,6605.8,6523.0,6540.0,nan,6563.323,84062,110345210960.0,116351,6536.6,18,6535.6,6,nan,0,nan,0,nan,0,nan,0,nan,0,nan,0,nan,0,nan,0
1597988386142618880,1597988386000000000,2020-08-21 13:39:46.000000,6535.6,6605.8,6523.0,6540.0,nan,6563.322,84065,110349132520.0,116353,6536.6,19,6535.6,4,nan,0,nan,0,nan,0,nan,0,nan,0,nan,0,nan,0,nan,0
1597988386638187008,1597988386500000000,2020-08-21 13:39:46.500000,6535.6,6605.8,6523.0,6540.0,nan,6563.322,84066,110350439640.0,116354,6536.6,20,6535.6,3,nan,0,nan,0,nan,0,nan,0,nan,0,nan,0,nan,0,nan,0
1597988387134278912,1597988387000000000,2020-08-21 13:39:47.000000,6535.6,6605.8,6523.0,6540.0,nan,6563.322,84066,110350439640.0,116354,6536.6,20,6535.6,3,nan,0,nan,0,nan,0,nan,0,nan,0,nan,0,nan,0,nan,0
1597988387644481024,1597988387500000000,2020-08-21 13:39:47.500000,6535.6,6605.8,6523.0,6540.0,nan,6563.322,84066,110350439640.0,116354,6536.6,21,6535.6,3,nan,0,nan,0,nan,0,nan,0,nan,0,nan,0,nan,0,nan,0
1597988388138482944,1597988388000000000,2020-08-21 13:39:48.000000,6535.6,6605.8,6523.0,6540.0,nan,6563.321,84068,110353053880.0,116356,6536.0,2,6535.8,1,nan,0,nan,0,nan,0,nan,0,nan,0,nan,0,nan,0,nan,0
1597988388644520960,1597988388500000000,2020-08-21 13:39:48.500000,6535.8,6605.8,6523.0,6540.0,nan,6563.32,84072,110358282400.0,116360,6536.0,5,6535.8,2,nan,0,nan,0,nan,0,nan,0,nan,0,nan,0,nan,0,nan,0
1597988389130902016,1597988389000000000,2020-08-21 13:39:49.000000,6535.4,6605.8,6523.0,6540.0,nan,6563.319,84075,110362203800.0,116360,6536.0,5,6535.2,2,nan,0,nan,0,nan,0,nan,0,nan,0,nan,0,nan,0,nan,0
1597988389635495936,1597988389500000000,2020-08-21 13:39:49.500000,6536.0,6605.8,6523.0,6540.0,nan,6563.318,84076,110363511000.0,116360,6536.0,4,6535.8,2,nan,0,nan,0,nan,0,nan,0,nan,0,nan,0,nan,0,nan,0
1597988390141357056,1597988390000000000,2020-08-21 13:39:50.000000,6536.0,6605.8,6523.0,6540.0,nan,6563.318,84078,110366125400.0,116360,6536.0,2,6535.8,2,nan,0,nan,0,nan,0,nan,0,nan,0,nan,0,nan,0,nan,0
1597988390627911936,1597988390500000000,2020-08-21 13:39:50.500000,6535.8,6605.8,6523.0,6540.0,nan,6563.317,84081,110370046960.0,116363,6536.6,19,6535.8,1,nan,0,nan,0,nan,0,nan,0,nan,0,nan,0,nan,0,nan,0
1597988391124859904,1597988391000000000,2020-08-21 13:39:51.000000,6535.8,6605.8,6523.0,6540.0,nan,6563.316,84082,110371354120.0,116364,6535.6,1,6535.2,2,nan,0,nan,0,nan,0,nan,0,nan,0,nan,0,nan,0,nan,0
1597988391626980096,1597988391500000000,2020-08-21 13:39:51.500000,6535.6,6605.8,6523.0,6540.0,nan,6563.316,84083,110372661240.0,116364,6536.6,19,6535.8,1,nan,0,nan,0,nan,0,nan,0,nan,0,nan,0,nan,0,nan,0
1597988392129067008,1597988392000000000,2020-08-21 13:39:52.000000,6535.6,6605.8,6523.0,6540.0,nan,6563.316,84083,110372661240.0,116364,6536.6,19,6535.8,1,nan,0,nan,0,nan,0,nan,0,nan,0,nan,0,nan,0,nan,0
1597988392625934080,1597988392500000000,2020-08-21 13:39:52.500000,6536.6,6605.8,6523.0,6540.0,nan,6563.315,84085,110375275880.0,116365,6536.2,2,6535.8,1,nan,0,nan,0,nan,0,nan,0,nan,0,nan,0,nan,0,nan,0
1597988393157338880,1597988393000000000,2020-08-21 13:39:53.000000,6536.6,6605.8,6523.0,6540.0,nan,6563.314,84088,110379197680.0,116368,6536.0,2,6535.8,1,nan,0,nan,0,nan,0,nan,0,nan,0,nan,0,nan,0,nan,0
1597988393633773056,1597988393500000000,2020-08-21 13:39:53.500000,6535.8,6605.8,6523.0,6540.0,nan,6563.314,84090,110381812040.0,116369,6536.6,16,6535.2,3,nan,0,nan,0,nan,0,nan,0,nan,0,nan,0,nan,0,nan,0
1597988394130003968,1597988394000000000,2020-08-21 13:39:54.000000,6535.8,6605.8,6523.0,6540.0,nan,6563.314,84090,110381812040.0,116369,6536.4,1,6535.2,3,nan,0,nan,0,nan,0,nan,0,nan,0,nan,0,nan,0,nan,0
1597988394642585088,1597988394500000000,2020-08-21 13:39:54.500000,6535.2,6605.8,6523.0,6540.0,nan,6563.313,84091,110383119080.0,116369,6535.8,2,6535.2,2,nan,0,nan,0,nan,0,nan,0,nan,0,nan,0,nan,0,nan,0
1597988395146991104,1597988395000000000,2020-08-21 13:39:55.000000,6535.2,6605.8,6523.0,6540.0,nan,6563.313,84091,110383119080.0,116369,6536.4,1,6535.2,2,nan,0,nan,0,nan,0,nan,0,nan,0,nan,0,nan,0,nan,0
1597988395629627904,1597988395500000000,2020-08-21 13:39:55.500000,6535.0,6605.8,6523.0,6540.0,nan,6563.31,84100,110394882160.0,116376,6536.4,1,6535.0,3,nan,0,nan,0,nan,0,nan,0,nan,0,nan,0,nan,0,nan,0
1597988396129103104,1597988396000000000,2020-08-21 13:39:56.000000,6536.4,6605.8,6523.0,6540.0,nan,6563.309,84104,110400110440.0,116377,6536.4,1,6535.0,2,nan,0,nan,0,nan,0,nan,0,nan,0,nan,0,nan,0,nan,0
1597988396656099072,1597988396500000000,2020-08-21 13:39:56.500000,6534.2,6605.8,6523.0,6540.0,nan,6563.306,84112,110410565880.0,116374,6534.8,1,6534.2,4,nan,0,nan,0,nan,0,nan,0,nan,0,nan,0,nan,0,nan,0
1597988397131325952,1597988397000000000,2020-08-21 13:39:57.000000,6534.8,6605.8,6523.0,6540.0,nan,6563.306,84114,110413179800.0,116375,6536.2,1,6534.8,1,nan,0,nan,0,nan,0,nan,0,nan,0,nan,0,nan,0,nan,0
1597988397644257024,1597988397500000000,2020-08-21 13:39:57.500000,6534.8,6605.8,6523.0,6540.0,nan,6563.306,84114,110413179800.0,116375,6536.0,1,6535.0,1,nan,0,nan,0,nan,0,nan,0,nan,0,nan,0,nan,0,nan,0
1597988398136518912,1597988398000000000,2020-08-21 13:39:58.000000,6534.2,6605.8,6523.0,6540.0,nan,6563.305,84116,110415793480.0,116376,6536.0,1,6534.2,2,nan,0,nan,0,nan,0,nan,0,nan,0,nan,0,nan,0,nan,0
1597988398644929024,1597988398500000000,2020-08-21 13:39:58.500000,6534.2,6605.8,6523.0,6540.0,nan,6563.304,84118,110418407160.0,116378,6535.8,2,6534.4,3,nan,0,nan,0,nan,0,nan,0,nan,0,nan,0,nan,0,nan,0
1597988399142576128,1597988399000000000,2020-08-21 13:39:59.000000,6534.4,6605.8,6523.0,6540.0,nan,6563.304,84119,110419714040.0,116378,6535.4,1,6534.4,2,nan,0,nan,0,nan,0,nan,0,nan,0,nan,0,nan,0,nan,0
1597988399631115008,1597988399500000000,2020-08-21 13:39:59.500000,6534.4,6605.8,6523.0,6540.0,nan,6563.304,84119,110419714040.0,116378,6535.2,2,6534.4,1,nan,0,nan,0,nan,0,nan,0,nan,0,nan,0,nan,0,nan,0
1597988400131774976,1597988400000000000,2020-08-21 13:40:00.000000,6534.4,6605.8,6523.0,6540.0,nan,6563.304,84119,110419714040.0,116378,6535.2,2,6534.6,1,nan,0,nan,0,nan,0,nan,0,nan,0,nan,0,nan,0,nan,0
1597988400637551104,1597988400500000000,2020-08-21 13:40:00.500000,6534.4,6605.8,6523.0,6540.0,nan,6563.303,84123,110424941880.0,116378,6534.4,3,6534.2,2,nan,0,nan,0,nan,0,nan,0,nan,0,nan,0,nan,0,nan,0
1597988401139182080,1597988401000000000,2020-08-21 13:40:01.000000,6534.4,6605.8,6523.0,6540.0,nan,6563.299,84133,110438010680.0,116379,6536.0,2,6534.4,8,nan,0,nan,0,nan,0,nan,0,nan,0,nan,0,nan,0,nan,0
1597988401648783872,1597988401500000000,2020-08-21 13:40:01.500000,6536.0,6605.8,6523.0,6540.0,nan,6563.299,84134,110439317880.0,116380,6536.0,3,6534.8,1,nan,0,nan,0,nan,0,nan,0,nan,0,nan,0,nan,0,nan,0
1597988402142291968,1597988402000000000,2020-08-21 13:40:02.000000,6536.0,6605.8,6523.0,6540.0,nan,6563.297,84139,110445853640.0,116383,6536.6,1,6536.0,8,nan,0,nan,0,nan,0,nan,0,nan,0,nan,0,nan,0,nan,0
1597988402639814912,1597988402500000000,2020-08-21 13:40:02.500000,6536.0,6605.8,6523.0,6540.0,nan,6563.297,84140,110447160840.0,116383,6536.2,2,6536.0,7,nan,0,nan,0,nan,0,nan,0,nan,0,nan,0,nan,0,nan,0
1597988403128308992,1597988403000000000,2020-08-21 13:40:03.000000,6536.0,6605.8,6523.0,6540.0,nan,6563.294,84149,110458925680.0,116386,6537.4,3,6535.2,11,nan,0,nan,0,nan,0,nan,0,nan,0,nan,0,nan,0,nan,0
1597988403649185024,1597988403500000000,2020-08-21 13:40:03.500000,6536.2,6605.8,6523.0,6540.0,nan,6563.294,84150,110460232920.0,116386,6536.0,1,6535.2,11,nan,0,nan,0,nan,0,nan,0,nan,0,nan,0,nan,0,nan,0
1597988404032715008,1597988404000000000,2020-08-21 13:40:04.000000,6536.2,6605.8,6523.0,6540.0,nan,6563.294,84150,110460232920.0,116386,6536.0,1,6535.2,11,nan,0,nan,0,nan,0,nan,0,nan,0,nan,0,nan,0,nan,0
1597988404539855104,1597988404500000000,2020-08-21 13:40:04.500000,6535.2,6605.8,6523.0,6540.0,nan,6563.293,84153,110464154040.0,116389,6536.0,2,6535.2,8,nan,0,nan,0,nan,0,nan,0,nan,0,nan,0,nan,0,nan,0
1597988405036887040,1597988405000000000,2020-08-21 13:40:05.000000,6535.8,6605.8,6523.0,6540.0,nan,6563.29,84160,110473303440.0,116395,6536.0,3,6535.2,7,nan,0,nan,0,nan,0,nan,0,nan,0,nan,0,nan,0,nan,0
1597988405544177920,1597988405500000000,2020-08-21 13:40:05.500000,6535.2,6605.8,6523.0,6540.0,nan,6563.289,84164,110478531600.0,116399,6536.0,4,6535.2,8,nan,0,nan,0,nan,0,nan,0,nan,0,nan,0,nan,0,nan,0
1597988406047664128,1597988406000000000,2020-08-21 13:40:06.000000,6535.8,6605.8,6523.0,6540.0,nan,6563.288,84166,110481145800.0,116401,6536.0,3,6535.2,12,nan,0,nan,0,nan,0,nan,0,nan,0,nan,0,nan,0,nan,0
1597988406547846912,1597988406500000000,2020-08-21 13:40:06.500000,6535.2,6605.8,6523.0,6540.0,nan,6563.287,84170,110486374120.0,116403,6535.6,2,6535.2,9,nan,0,nan,0,nan,0,nan,0,nan,0,nan,0,nan,0,nan,0
1597988407076219904,1597988407000000000,2020-08-21 13:40:07.000000,6535.2,6605.8,6523.0,6540.0,nan,6563.284,84178,110496830520.0,116408,6536.0,2,6535.2,2,nan,0,nan,0,nan,0,nan,0,nan,0,nan,0,nan,0,nan,0
1597988407571352064,1597988407500000000,2020-08-21 13:40:07.500000,6535.8,6605.8,6523.0,6540.0,nan,6563.28,84192,110515130280.0,116415,6535.8,1,6535.2,3,nan,0,nan,0,nan,0,nan,0,nan,0,nan,0,nan,0,nan,0
1597988408080257024,1597988408000000000,2020-08-21 13:40:08.000000,6535.2,6605.8,6523.0,6540.0,nan,6563.278,84198,110522972680.0,116416,6535.4,3,6535.0,1,nan,0,nan,0,nan,0,nan,0,nan,0,nan,0,nan,0,nan,0
1597988408559693056,1597988408500000000,2020-08-21 13:40:08.500000,6535.4,6605.8,6523.0,6540.0,nan,6563.277,84201,110526893800.0,116417,6535.0,2,6534.6,2,nan,0,nan,0,nan,0,nan,0,nan,0,nan,0,nan,0,nan,0
1597988409078070016,1597988409000000000,2020-08-21 13:40:09.000000,6535.2,6605.8,6523.0,6540.0,nan,6563.276,84204,110530814560.0,116418,6535.4,2,6534.2,1,nan,0,nan,0,nan,0,nan,0,nan,0,nan,0,nan,0,nan,0
1597988409563237120,1597988409500000000,2020-08-21 13:40:09.500000,6534.4,6605.8,6523.0,6540.0,nan,6563.275,84205,110532121440.0,116417,6535.4,2,6535.0,1,nan,0,nan,0,nan,0,nan,0,nan,0,nan,0,nan,0,nan,0
1597988410078092032,1597988410000000000,2020-08-21 13:40:10.000000,6535.0,6605.8,6523.0,6540.0,nan,6563.275,84206,110533428440.0,116417,6534.8,1,6534.2,1,nan,0,nan,0,nan,0,nan,0,nan,0,nan,0,nan,0,nan,0
1597988410576839936,1597988410500000000,2020-08-21 13:40:10.500000,6534.2,6605.8,6523.0,6540.0,nan,6563.275,84207,110534735280.0,116418,6534.4,1,6534.0,27,nan,0,nan,0,nan,0,nan,0,nan,0,nan,0,nan,0,nan,0
1597988411058736128,1597988411000000000,2020-08-21 13:40:11.000000,6534.0,6605.8,6523.0,6540.0,nan,6563.274,84210,110538655680.0,116419,6534.4,1,6534.0,24,nan,0,nan,0,nan,0,nan,0,nan,0,nan,0,nan,0,nan,0
1597988411558149888,1597988411500000000,2020-08-21 13:40:11.500000,6534.0,6605.8,6523.0,6540.0,nan,6563.272,84215,110545189760.0,116419,6534.4,1,6534.0,20,nan,0,nan,0,nan,0,nan,0,nan,0,nan,0,nan,0,nan,0
1597988412062863104,1597988412000000000,2020-08-21 13:40:12.000000,6534.8,6605.8,6523.0,6540.0,nan,6563.27,84220,110551724160.0,116422,6535.0,4,6534.8,3,nan,0,nan,0,nan,0,nan,0,nan,0,nan,0,nan,0,nan,0
1597988412606679040,1597988412500000000,2020-08-21 13:40:12.500000,6534.0,6605.8,6523.0,6540.0,nan,6563.268,84228,110562179640.0,116428,6534.8,1,6534.4,1,nan,0,nan,0,nan,0,nan,0,nan,0,nan,0,nan,0,nan,0
1597988413072877056,1597988413000000000,2020-08-21 13:40:13.000000,6534.8,6605.8,6523.0,6540.0,nan,6563.267,84230,110564793480.0,116429,6535.0,1,6534.0,17,nan,0,nan,0,nan,0,nan,0,nan,0,nan,0,nan,0,nan,0
1597988413563331072,1597988413500000000,2020-08-21 13:40:13.500000,6535.0,6605.8,6523.0,6540.0,nan,6563.266,84232,110567407480.0,116429,6535.4,2,6535.0,1,nan,0,nan,0,nan,0,nan,0,nan,0,nan,0,nan,0,nan,0
1597988414095469056,1597988414000000000,2020-08-21 13:40:14.000000,6535.2,6605.8,6523.0,6540.0,nan,6563.264,84238,110575249920.0,116433,6536.0,1,6535.4,2,nan,0,nan,0,nan,0,nan,0,nan,0,nan,0,nan,0,nan,0
1597988414555220992,1597988414500000000,2020-08-21 13:40:14.500000,6534.8,6605.8,6523.0,6540.0,nan,6563.261,84247,110587013280.0,116442,6536.0,1,6534.8,5,nan,0,nan,0,nan,0,nan,0,nan,0,nan,0,nan,0,nan,0
1597988415065457920,1597988415000000000,2020-08-21 13:40:15.000000,6535.4,6605.8,6523.0,6540.0,nan,6563.261,84249,110589627320.0,116443,6535.4,2,6534.8,4,nan,0,nan,0,nan,0,nan,0,nan,0,nan,0,nan,0,nan,0
1597988415558117888,1597988415500000000,2020-08-21 13:40:15.500000,6534.0,6605.8,6523.0,6540.0,nan,6563.258,84257,110600082720.0,116449,6534.8,1,6534.0,16,nan,0,nan,0,nan,0,nan,0,nan,0,nan,0,nan,0,nan,0
1597988416082464000,1597988416000000000,2020-08-21 13:40:16.000000,6534.0,6605.8,6523.0,6540.0,nan,6563.257,84258,110601389520.0,116450,6534.4,2,6534.0,15,nan,0,nan,0,nan,0,nan,0,nan,0,nan,0,nan,0,nan,0
1597988416579529984,1597988416500000000,2020-08-21 13:40:16.500000,6534.4,6605.8,6523.0,6540.0,nan,6563.251,84278,110627525520.0,116465,6534.8,1,6534.4,9,nan,0,nan,0,nan,0,nan,0,nan,0,nan,0,nan,0,nan,0
1597988417072524032,1597988417000000000,2020-08-21 13:40:17.000000,6534.4,6605.8,6523.0,6540.0,nan,6563.249,84282,110632753040.0,116468,6534.6,1,6534.4,5,nan,0,nan,0,nan,0,nan,0,nan,0,nan,0,nan,0,nan,0
1597988417594372096,1597988417500000000,2020-08-21 13:40:17.500000,6534.4,6605.8,6523.0,6540.0,nan,6563.247,84287,110639287440.0,116472,6534.4,5,6533.2,5,nan,0,nan,0,nan,0,nan,0,nan,0,nan,0,nan,0,nan,0
1597988418074383872,1597988418000000000,2020-08-21 13:40:18.000000,6533.4,6605.8,6523.0,6540.0,nan,6563.247,84289,110641901000.0,116472,6534.2,1,6533.2,5,nan,0,nan,0,nan,0,nan,0,nan,0,nan,0,nan,0,nan,0
1597988418564188928,1597988418500000000,2020-08-21 13:40:18.500000,6533.2,6605.8,6523.0,6540.0,nan,6563.246,84292,110645820920.0,116473,6534.2,1,6533.2,2,nan,0,nan,0,nan,0,nan,0,nan,0,nan,0,nan,0,nan,0
1597988419079881984,1597988419000000000,2020-08-21 13:40:19.000000,6534.2,6605.8,6523.0,6540.0,nan,6563.245,84294,110648434400.0,116474,6534.2,1,6533.2,1,nan,0,nan,0,nan,0,nan,0,nan,0,nan,0,nan,0,nan,0
1597988419569272064,1597988419500000000,2020-08-21 13:40:19.500000,6533.2,6605.8,6523.0,6540.0,nan,6563.245,84295,110649741040.0,116473,6533.2,6,6533.0,11,nan,0,nan,0,nan,0,nan,0,nan,0,nan,0,nan,0,nan,0
1597988420072221952,1597988420000000000,2020-08-21 13:40:20.000000,6533.0,6605.8,6523.0,6540.0,nan,6563.242,84301,110657580680.0,116476,6533.2,5,6533.0,6,nan,0,nan,0,nan,0,nan,0,nan,0,nan,0,nan,0,nan,0
1597988420676687872,1597988420500000000,2020-08-21 13:40:20.500000,6533.0,6605.8,6523.0,6540.0,nan,6563.239,84311,110670646440.0,116480,6533.0,2,6532.6,13,nan,0,nan,0,nan,0,nan,0,nan,0,nan,0,nan,0,nan,0
1597988421078812928,1597988421000000000,2020-08-21 13:40:21.000000,6532.6,6605.8,6523.0,6540.0,nan,6563.238,84314,110674566000.0,116479,6533.0,1,6532.6,10,nan,0,nan,0,nan,0,nan,0,nan,0,nan,0,nan,0,nan,0
1597988421589178880,1597988421500000000,2020-08-21 13:40:21.500000,6532.6,6605.8,6523.0,6540.0,nan,6563.236,84319,110681098680.0,116479,6533.2,6,6532.6,6,nan,0,nan,0,nan,0,nan,0,nan,0,nan,0,nan,0,nan,0
1597988422074042112,1597988422000000000,2020-08-21 13:40:22.000000,6532.6,6605.8,6523.0,6540.0,nan,6563.235,84321,110683711840.0,116479,6533.0,1,6532.6,6,nan,0,nan,0,nan,0,nan,0,nan,0,nan,0,nan,0,nan,0
1597988422580784128,1597988422500000000,2020-08-21 13:40:22.500000,6532.6,6605.8,6523.0,6540.0,nan,6563.234,84324,110687631480.0,116479,6533.2,5,6533.0,1,nan,0,nan,0,nan,0,nan,0,nan,0,nan,0,nan,0,nan,0
1597988423078814976,1597988423000000000,2020-08-21 13:40:23.000000,6533.2,6605.8,6523.0,6540.0,nan,6563.233,84326,110690244760.0,116478,6533.2,3,6533.0,1,nan,0,nan,0,nan,0,nan,0,nan,0,nan,0,nan,0,nan,0
1597988423558095872,1597988423500000000,2020-08-21 13:40:23.500000,6533.2,6605.8,6523.0,6540.0,nan,6563.232,84330,110695471320.0,116479,6534.4,9,6533.0,1,nan,0,nan,0,nan,0,nan,0,nan,0,nan,0,nan,0,nan,0
1597988424116656896,1597988424000000000,2020-08-21 13:40:24.000000,6533.2,6605.8,6523.0,6540.0,nan,6563.232,84331,110696777960.0,116479,6534.2,1,6533.0,1,nan,0,nan,0,nan,0,nan,0,nan,0,nan,0,nan,0,nan,0
1597988424562544128,1597988424500000000,2020-08-21 13:40:24.500000,6534.2,6605.8,6523.0,6540.0,nan,6563.231,84333,110699391600.0,116479,6534.4,9,6534.2,8,nan,0,nan,0,nan,0,nan,0,nan,0,nan,0,nan,0,nan,0
1597988425063382016,1597988425000000000,2020-08-21 13:40:25.000000,6534.2,6605.8,6523.0,6540.0,nan,6563.228,84341,110709846360.0,116485,6534.4,7,6534.2,1,nan,0,nan,0,nan,0,nan,0,nan,0,nan,0,nan,0,nan,0
1597988425573694976,1597988425500000000,2020-08-21 13:40:25.500000,6534.2,6605.8,6523.0,6540.0,nan,6563.228,84343,110712460040.0,116486,6534.2,3,6533.0,1,nan,0,nan,0,nan,0,nan,0,nan,0,nan,0,nan,0,nan,0
1597988426056280064,1597988426000000000,2020-08-21 13:40:26.000000,6533.4,6605.8,6523.0,6540.0,nan,6563.227,84345,110715073560.0,116486,6534.4,7,6533.2,2,nan,0,nan,0,nan,0,nan,0,nan,0,nan,0,nan,0,nan,0
1597988426564346112,1597988426500000000,2020-08-21 13:40:26.500000,6534.4,6605.8,6523.0,6540.0,nan,6563.224,84352,110724221160.0,116485,6534.4,4,6533.0,1,nan,0,nan,0,nan,0,nan,0,nan,0,nan,0,nan,0,nan,0
1597988427088284928,1597988427000000000,2020-08-21 13:40:27.000000,6534.2,6605.8,6523.0,6540.0,nan,6563.224,84354,110726834880.0,116485,6534.4,4,6534.2,1,nan,0,nan,0,nan,0,nan,0,nan,0,nan,0,nan,0,nan,0
1597988427557637888,1597988427500000000,2020-08-21 13:40:27.500000,6534.4,6605.8,6523.0,6540.0,nan,6563.223,84355,110728141760.0,116485,6534.4,4,6533.8,1,nan,0,nan,0,nan,0,nan,0,nan,0,nan,0,nan,0,nan,0
1597988428062702080,1597988428000000000,2020-08-21 13:40:28.000000,6534.0,6605.8,6523.0,6540.0,nan,6563.223,84357,110730755440.0,116485,6534.2,2,6533.8,1,nan,0,nan,0,nan,0,nan,0,nan,0,nan,0,nan,0,nan,0
1597988428566958080,1597988428500000000,2020-08-21 13:40:28.500000,6533.8,6605.8,6523.0,6540.0,nan,6563.221,84361,110735982760.0,116486,6534.4,2,6534.2,1,nan,0,nan,0,nan,0,nan,0,nan,0,nan,0,nan,0,nan,0
1597988429067804928,1597988429000000000,2020-08-21 13:40:29.000000,6534.2,6605.8,6523.0,6540.0,nan,6563.221,84362,110737289600.0,116487,6534.4,3,6533.2,3,nan,0,nan,0,nan,0,nan,0,nan,0,nan,0,nan,0,nan,0
1597988429560716032,1597988429500000000,2020-08-21 13:40:29.500000,6535.0,6605.8,6523.0,6540.0,nan,6563.219,84369,110746437760.0,116489,6535.2,1,6533.6,1,nan,0,nan,0,nan,0,nan,0,nan,0,nan,0,nan,0,nan,0
1597988430052374016,1597988430000000000,2020-08-21 13:40:30.000000,6535.2,6605.8,6523.0,6540.0,nan,6563.218,84372,110750358600.0,116490,6536.4,1,6535.2,9,nan,0,nan,0,nan,0,nan,0,nan,0,nan,0,nan,0,nan,0
1597988430561637120,1597988430500000000,2020-08-21 13:40:30.500000,6535.2,6605.8,6523.0,6540.0,nan,6563.215,84379,110759507880.0,116494,6536.2,5,6535.2,2,nan,0,nan,0,nan,0,nan,0,nan,0,nan,0,nan,0,nan,0
1597988431060332032,1597988431000000000,2020-08-21 13:40:31.000000,6535.2,6605.8,6523.0,6540.0,nan,6563.215,84379,110759507880.0,116494,6535.8,2,6535.2,16,nan,0,nan,0,nan,0,nan,0,nan,0,nan,0,nan,0,nan,0
1597988431565918976,1597988431500000000,2020-08-21 13:40:31.500000,6535.8,6605.8,6523.0,6540.0,nan,6563.214,84382,110763429240.0,116496,6535.6,1,6535.2,22,nan,0,nan,0,nan,0,nan,0,nan,0,nan,0,nan,0,nan,0
1597988432062889984,1597988432000000000,2020-08-21 13:40:32.000000,6535.6,6605.8,6523.0,6540.0,nan,6563.213,84386,110768657800.0,116499,6536.2,2,6535.6,10,nan,0,nan,0,nan,0,nan,0,nan,0,nan,0,nan,0,nan,0
1597988432564027904,1597988432500000000,2020-08-21 13:40:32.500000,6536.2,6605.8,6523.0,6540.0,nan,6563.212,84389,110772579520.0,116502,6536.8,1,6535.6,10,nan,0,nan,0,nan,0,nan,0,nan,0,nan,0,nan,0,nan,0
1597988433078227968,1597988433000000000,2020-08-21 13:40:33.000000,6535.8,6605.8,6523.0,6540.0,nan,6563.211,84391,110775193840.0,116502,6536.6,1,6535.8,1,nan,0,nan,0,nan,0,nan,0,nan,0,nan,0,nan,0,nan,0
1597988433572669952,1597988433500000000,2020-08-21 13:40:33.500000,6536.6,6605.8,6523.0,6540.0,nan,6563.211,84393,110777808480.0,116503,6536.8,1,6535.8,9,nan,0,nan,0,nan,0,nan,0,nan,0,nan,0,nan,0,nan,0
1597988434078010880,1597988434000000000,2020-08-21 13:40:34.000000,6537.4,6605.8,6523.0,6540.0,nan,6563.21,84396,110781730760.0,116503,6537.4,2,6537.0,1,nan,0,nan,0,nan,0,nan,0,nan,0,nan,0,nan,0,nan,0
1597988434587415040,1597988434500000000,2020-08-21 13:40:34.500000,6537.0,6605.8,6523.0,6540.0,nan,6563.209,84400,110786960600.0,116506,6537.6,1,6536.8,2,nan,0,nan,0,nan,0,nan,0,nan,0,nan,0,nan,0,nan,0
1597988435078126080,1597988435000000000,2020-08-21 13:40:35.000000,6537.2,6605.8,6523.0,6540.0,nan,6563.208,84402,110789575440.0,116508,6537.2,1,6537.0,1,nan,0,nan,0,nan,0,nan,0,nan,0,nan,0,nan,0,nan,0
1597988435569530880,1597988435500000000,2020-08-21 13:40:35.500000,6537.0,6605.8,6523.0,6540.0,nan,6563.206,84407,110796112640.0,116511,6538.0,1,6536.8,7,nan,0,nan,0,nan,0,nan,0,nan,0,nan,0,nan,0,nan,0
1597988436099267072,1597988436000000000,2020-08-21 13:40:36.000000,6537.0,6605.8,6523.0,6540.0,nan,6563.206,84407,110796112640.0,116511,6537.4,2,6537.0,1,nan,0,nan,0,nan,0,nan,0,nan,0,nan,0,nan,0,nan,0
1597988436584460032,1597988436500000000,2020-08-21 13:40:36.500000,6537.8,6605.8,6523.0,6540.0,nan,6563.204,84414,110805265240.0,116516,6538.0,1,6537.8,4,nan,0,nan,0,nan,0,nan,0,nan,0,nan,0,nan,0,nan,0
1597988437080775936,1597988437000000000,2020-08-21 13:40:37.000000,6537.8,6605.8,6523.0,6540.0,nan,6563.202,84420,110813110960.0,116518,6538.4,4,6537.8,7,nan,0,nan,0,nan,0,nan,0,nan,0,nan,0,nan,0,nan,0
1597988437581417984,1597988437500000000,2020-08-21 13:40:37.500000,6538.4,6605.8,6523.0,6540.0,nan,6563.201,84426,110820957040.0,116524,6538.6,3,6538.0,1,nan,0,nan,0,nan,0,nan,0,nan,0,nan,0,nan,0,nan,0
1597988438081404928,1597988438000000000,2020-08-21 13:40:38.000000,6538.6,6605.8,6523.0,6540.0,nan,6563.198,84436,110834034440.0,116528,6538.8,1,6538.2,1,nan,0,nan,0,nan,0,nan,0,nan,0,nan,0,nan,0,nan,0
1597988438589835008,1597988438500000000,2020-08-21 13:40:38.500000,6538.8,6605.8,6523.0,6540.0,nan,6563.196,84444,110844497000.0,116529,6539.0,1,6538.6,4,nan,0,nan,0,nan,0,nan,0,nan,0,nan,0,nan,0,nan,0
1597988439093175040,1597988439000000000,2020-08-21 13:40:39.000000,6539.0,6605.8,6523.0,6540.0,nan,6563.193,84454,110857576560.0,116531,6541.8,6,6539.0,6,nan,0,nan,0,nan,0,nan,0,nan,0,nan,0,nan,0,nan,0
1597988439592857088,1597988439500000000,2020-08-21 13:40:39.500000,6539.0,6605.8,6523.0,6540.0,nan,6563.193,84454,110857576560.0,116531,6539.6,1,6539.2,1,nan,0,nan,0,nan,0,nan,0,nan,0,nan,0,nan,0,nan,0
1597988440082502912,1597988440000000000,2020-08-21 13:40:40.000000,6539.4,6605.8,6523.0,6540.0,nan,6563.192,84457,110861500160.0,116533,6540.4,1,6539.0,11,nan,0,nan,0,nan,0,nan,0,nan,0,nan,0,nan,0,nan,0
1597988440587409920,1597988440500000000,2020-08-21 13:40:40.500000,6539.0,6605.8,6523.0,6540.0,nan,6563.191,84459,110864115760.0,116533,6540.2,2,6539.0,10,nan,0,nan,0,nan,0,nan,0,nan,0,nan,0,nan,0,nan,0
1597988441079566080,1597988441000000000,2020-08-21 13:40:41.000000,6539.0,6605.8,6523.0,6540.0,nan,6563.19,84463,110869346960.0,116536,6539.2,1,6539.0,6,nan,0,nan,0,nan,0,nan,0,nan,0,nan,0,nan,0,nan,0
1597988441585989120,1597988441500000000,2020-08-21 13:40:41.500000,6539.0,6605.8,6523.0,6540.0,nan,6563.186,84478,110888963880.0,116546,6539.0,2,6538.8,1,nan,0,nan,0,nan,0,nan,0,nan,0,nan,0,nan,0,nan,0
1597988442071657984,1597988442000000000,2020-08-21 13:40:42.000000,6537.8,6605.8,6523.0,6540.0,nan,6563.184,84485,110898117480.0,116551,6538.8,2,6537.0,5,nan,0,nan,0,nan,0,nan,0,nan,0,nan,0,nan,0,nan,0
1597988442576459008,1597988442500000000,2020-08-21 13:40:42.500000,6538.8,6605.8,6523.0,6540.0,nan,6563.181,84494,110909887000.0,116554,6539.2,1,6538.8,2,nan,0,nan,0,nan,0,nan,0,nan,0,nan,0,nan,0,nan,0
1597988443087888896,1597988443000000000,2020-08-21 13:40:43.000000,6538.8,6605.8,6523.0,6540.0,nan,6563.18,84499,110916426320.0,116557,6538.8,7,6538.0,1,nan,0,nan,0,nan,0,nan,0,nan,0,nan,0,nan,0,nan,0
1597988443569703936,1597988443500000000,2020-08-21 13:40:43.500000,6541.6,6605.8,6523.0,6540.0,nan,6563.176,84511,110932120440.0,116560,6541.6,3,6538.8,1,nan,0,nan,0,nan,0,nan,0,nan,0,nan,0,nan,0,nan,0
1597988444067770880,1597988444000000000,2020-08-21 13:40:44.000000,6541.6,6605.8,6523.0,6540.0,nan,6563.176,84511,110932120440.0,116560,6540.2,3,6539.0,2,nan,0,nan,0,nan,0,nan,0,nan,0,nan,0,nan,0,nan,0
1597988444576220928,1597988444500000000,2020-08-21 13:40:44.500000,6540.2,6605.8,6523.0,6540.0,nan,6563.175,84515,110937352400.0,116563,6539.6,2,6539.4,1,nan,0,nan,0,nan,0,nan,0,nan,0,nan,0,nan,0,nan,0
1597988445088236032,1597988445000000000,2020-08-21 13:40:45.000000,6539.6,6605.8,6523.0,6540.0,nan,6563.174,84520,110943892000.0,116565,6540.6,1,6540.2,1,nan,0,nan,0,nan,0,nan,0,nan,0,nan,0,nan,0,nan,0
1597988445593743104,1597988445500000000,2020-08-21 13:40:45.500000,6540.2,6605.8,6523.0,6540.0,nan,6563.173,84522,110946508080.0,116566,6540.2,1,6539.6,1,nan,0,nan,0,nan,0,nan,0,nan,0,nan,0,nan,0,nan,0
1597988446108658944,1597988446000000000,2020-08-21 13:40:46.000000,6539.8,6605.8,6523.0,6540.0,nan,6563.172,84527,110953048520.0,116567,6539.8,1,6539.6,1,nan,0,nan,0,nan,0,nan,0,nan,0,nan,0,nan,0,nan,0
1597988446573327872,1597988446500000000,2020-08-21 13:40:46.500000,6540.0,6605.8,6523.0,6540.0,nan,6563.171,84531,110958280560.0,116567,6541.6,4,6539.8,6,nan,0,nan,0,nan,0,nan,0,nan,0,nan,0,nan,0,nan,0
1597988447067405056,1597988447000000000,2020-08-21 13:40:47.000000,6540.0,6605.8,6523.0,6540.0,nan,6563.169,84538,110967438200.0,116572,6540.6,2,6540.0,2,nan,0,nan,0,nan,0,nan,0,nan,0,nan,0,nan,0,nan,0
1597988447581914112,1597988447500000000,2020-08-21 13:40:47.500000,6540.2,6605.8,6523.0,6540.0,nan,6563.168,84541,110971362480.0,116573,6540.2,1,6540.0,1,nan,0,nan,0,nan,0,nan,0,nan,0,nan,0,nan,0,nan,0
1597988448085506048,1597988448000000000,2020-08-21 13:40:48.000000,6540.8,6605.8,6523.0,6540.0,nan,6563.167,84546,110977902720.0,116576,6541.4,3,6540.2,1,nan,0,nan,0,nan,0,nan,0,nan,0,nan,0,nan,0,nan,0
1597988448567172096,1597988448500000000,2020-08-21 13:40:48.500000,6540.6,6605.8,6523.0,6540.0,nan,6563.167,84547,110979210840.0,116577,6540.8,2,6540.2,1,nan,0,nan,0,nan,0,nan,0,nan,0,nan,0,nan,0,nan,0
1597988449069278976,1597988449000000000,2020-08-21 13:40:49.000000,6540.6,6605.8,6523.0,6540.0,nan,6563.166,84551,110984443080.0,116581,6540.8,2,6540.6,2,nan,0,nan,0,nan,0,nan,0,nan,0,nan,0,nan,0,nan,0
1597988449572436992,1597988449500000000,2020-08-21 13:40:49.500000,6540.6,6605.8,6523.0,6540.0,nan,6563.165,84554,110988367440.0,116583,6540.6,3,6539.8,1,nan,0,nan,0,nan,0,nan,0,nan,0,nan,0,nan,0,nan,0
1597988450082464000,1597988450000000000,2020-08-21 13:40:50.000000,6539.8,6605.8,6523.0,6540.0,nan,6563.164,84556,110990983520.0,116585,6539.8,5,6539.4,2,nan,0,nan,0,nan,0,nan,0,nan,0,nan,0,nan,0,nan,0
1597988450566886912,1597988450500000000,2020-08-21 13:40:50.500000,6539.6,6605.8,6523.0,6540.0,nan,6563.164,84558,110993599320.0,116586,6539.6,1,6539.4,1,nan,0,nan,0,nan,0,nan,0,nan,0,nan,0,nan,0,nan,0
1597988451082222080,1597988451000000000,2020-08-21 13:40:51.000000,6539.6,6605.8,6523.0,6540.0,nan,6563.161,84567,111005370480.0,116591,6539.8,5,6539.6,3,nan,0,nan,0,nan,0,nan,0,nan,0,nan,0,nan,0,nan,0
1597988451589445888,1597988451500000000,2020-08-21 13:40:51.500000,6539.8,6605.8,6523.0,6540.0,nan,6563.16,84570,111009294360.0,116594,6539.8,2,6539.6,3,nan,0,nan,0,nan,0,nan,0,nan,0,nan,0,nan,0,nan,0
1597988452086607104,1597988452000000000,2020-08-21 13:40:52.000000,6539.6,6605.8,6523.0,6540.0,nan,6563.159,84576,111017141960.0,116599,6539.4,1,6539.2,1,nan,0,nan,0,nan,0,nan,0,nan,0,nan,0,nan,0,nan,0
1597988452568880128,1597988452500000000,2020-08-21 13:40:52.500000,6539.2,6605.8,6523.0,6540.0,nan,6563.158,84577,111018449800.0,116600,6539.4,1,6538.8,2,nan,0,nan,0,nan,0,nan,0,nan,0,nan,0,nan,0,nan,0
1597988453068942080,1597988453000000000,2020-08-21 13:40:53.000000,6539.2,6605.8,6523.0,6540.0,nan,6563.158,84577,111018449800.0,116600,6539.4,1,6539.2,1,nan,0,nan,0,nan,0,nan,0,nan,0,nan,0,nan,0,nan,0
1597988453573782016,1597988453500000000,2020-08-21 13:40:53.500000,6539.2,6605.8,6523.0,6540.0,nan,6563.158,84578,111019757640.0,116601,6539.2,5,6538.8,2,nan,0,nan,0,nan,0,nan,0,nan,0,nan,0,nan,0,nan,0
1597988454069176064,1597988454000000000,2020-08-21 13:40:54.000000,6539.2,6605.8,6523.0,6540.0,nan,6563.158,84578,111019757640.0,116601,6539.2,5,6538.8,2,nan,0,nan,0,nan,0,nan,0,nan,0,nan,0,nan,0,nan,0
1597988454568729088,1597988454500000000,2020-08-21 13:40:54.500000,6538.8,6605.8,6523.0,6540.0,nan,6563.157,84581,111023680920.0,116603,6538.8,2,6538.2,1,nan,0,nan,0,nan,0,nan,0,nan,0,nan,0,nan,0,nan,0
1597988455067142912,1597988455000000000,2020-08-21 13:40:55.000000,6538.2,6605.8,6523.0,6540.0,nan,6563.156,84586,111030219360.0,116607,6538.2,2,6538.0,1,nan,0,nan,0,nan,0,nan,0,nan,0,nan,0,nan,0,nan,0
1597988455565104896,1597988455500000000,2020-08-21 13:40:55.500000,6538.2,6605.8,6523.0,6540.0,nan,6563.155,84589,111034142280.0,116608,6539.2,5,6538.0,1,nan,0,nan,0,nan,0,nan,0,nan,0,nan,0,nan,0,nan,0
1597988456073681920,1597988456000000000,2020-08-21 13:40:56.000000,6538.4,6605.8,6523.0,6540.0,nan,6563.154,84592,111038065240.0,116608,6539.0,2,6538.0,1,nan,0,nan,0,nan,0,nan,0,nan,0,nan,0,nan,0,nan,0
1597988456572515072,1597988456500000000,2020-08-21 13:40:56.500000,6538.0,6605.8,6523.0,6540.0,nan,6563.153,84595,111041988080.0,116611,6538.0,1,6537.2,1,nan,0,nan,0,nan,0,nan,0,nan,0,nan,0,nan,0,nan,0
1597988457072538112,1597988457000000000,2020-08-21 13:40:57.000000,6538.0,6605.8,6523.0,6540.0,nan,6563.153,84595,111041988080.0,116611,6537.8,1,6537.4,3,nan,0,nan,0,nan,0,nan,0,nan,0,nan,0,nan,0,nan,0
1597988457580773120,1597988457500000000,2020-08-21 13:40:57.500000,6537.8,6605.8,6523.0,6540.0,nan,6563.153,84596,111043295640.0,116611,6538.0,1,6537.4,3,nan,0,nan,0,nan,0,nan,0,nan,0,nan,0,nan,0,nan,0
1597988458065169920,1597988458000000000,2020-08-21 13:40:58.000000,6537.8,6605.8,6523.0,6540.0,nan,6563.153,84596,111043295640.0,116611,6538.0,1,6537.4,2,nan,0,nan,0,nan,0,nan,0,nan,0,nan,0,nan,0,nan,0
1597988458563610112,1597988458500000000,2020-08-21 13:40:58.500000,6537.4,6605.8,6523.0,6540.0,nan,6563.153,84597,111044603120.0,116612,6538.0,1,6537.4,1,nan,0,nan,0,nan,0,nan,0,nan,0,nan,0,nan,0,nan,0
1597988459065637888,1597988459000000000,2020-08-21 13:40:59.000000,6537.4,6605.8,6523.0,6540.0,nan,6563.152,84598,111045910600.0,116611,6538.0,1,6537.8,1,nan,0,nan,0,nan,0,nan,0,nan,0,nan,0,nan,0,nan,0
1597988459566284032,1597988459500000000,2020-08-21 13:40:59.500000,6537.6,6605.8,6523.0,6540.0,nan,6563.152,84599,111047218120.0,116612,6538.0,1,6537.2,1,nan,0,nan,0,nan,0,nan,0,nan,0,nan,0,nan,0,nan,0
1597988460070573056,1597988460000000000,2020-08-21 13:41:00.000000,6538.0,6605.8,6523.0,6540.0,nan,6563.151,84601,111049833160.0,116612,6539.0,2,6537.6,1,nan,0,nan,0,nan,0,nan,0,nan,0,nan,0,nan,0,nan,0
1597988460571212032,1597988460500000000,2020-08-21 13:41:00.500000,6539.0,6605.8,6523.0,6540.0,nan,6563.15,84605,111055063840.0,116614,6539.2,7,6537.0,5,nan,0,nan,0,nan,0,nan,0,nan,0,nan,0,nan,0,nan,0
1597988461090373888,1597988461000000000,2020-08-21 13:41:01.000000,6539.0,6605.8,6523.0,6540.0,nan,6563.15,84605,111055063840.0,116614,6538.8,1,6537.8,1,nan,0,nan,0,nan,0,nan,0,nan,0,nan,0,nan,0,nan,0
1597988461577592064,1597988461500000000,2020-08-21 13:41:01.500000,6538.8,6605.8,6523.0,6540.0,nan,6563.149,84608,111058987120.0,116615,6539.2,7,6539.0,1,nan,0,nan,0,nan,0,nan,0,nan,0,nan,0,nan,0,nan,0
1597988462074778880,1597988462000000000,2020-08-21 13:41:02.000000,6539.2,6605.8,6523.0,6540.0,nan,6563.148,84611,111062910560.0,116616,6539.2,6,6537.8,1,nan,0,nan,0,nan,0,nan,0,nan,0,nan,0,nan,0,nan,0
1597988462582452992,1597988462500000000,2020-08-21 13:41:02.500000,6539.0,6605.8,6523.0,6540.0,nan,6563.147,84615,111068141840.0,116617,6539.0,3,6538.0,6,nan,0,nan,0,nan,0,nan,0,nan,0,nan,0,nan,0,nan,0
1597988463079399936,1597988463000000000,2020-08-21 13:41:03.000000,6539.0,6605.8,6523.0,6540.0,nan,6563.146,84618,111072065240.0,116617,6539.2,4,6539.0,4,nan,0,nan,0,nan,0,nan,0,nan,0,nan,0,nan,0,nan,0
1597988463578912000,1597988463500000000,2020-08-21 13:41:03.500000,6539.4,6605.8,6523.0,6540.0,nan,6563.145,84623,111078604480.0,116616,6539.4,1,6539.2,9,nan,0,nan,0,nan,0,nan,0,nan,0,nan,0,nan,0,nan,0
1597988464094426112,1597988464000000000,2020-08-21 13:41:04.000000,6539.6,6605.8,6523.0,6540.0,nan,6563.143,84630,111087759880.0,116623,6540.0,1,6539.6,3,nan,0,nan,0,nan,0,nan,0,nan,0,nan,0,nan,0,nan,0
1597988464568540928,1597988464500000000,2020-08-21 13:41:04.500000,6540.0,6605.8,6523.0,6540.0,nan,6563.143,84632,111090375880.0,116624,6541.0,1,6540.0,1,nan,0,nan,0,nan,0,nan,0,nan,0,nan,0,nan,0,nan,0
1597988465086731008,1597988465000000000,2020-08-21 13:41:05.000000,6539.4,6605.8,6523.0,6540.0,nan,6563.141,84638,111098223640.0,116623,6540.4,1,6540.0,1,nan,0,nan,0,nan,0,nan,0,nan,0,nan,0,nan,0,nan,0
1597988465579824128,1597988465500000000,2020-08-21 13:41:05.500000,6540.0,6605.8,6523.0,6540.0,nan,6563.141,84639,111099531640.0,116623,6539.6,1,6539.4,2,nan,0,nan,0,nan,0,nan,0,nan,0,nan,0,nan,0,nan,0
1597988466079994112,1597988466000000000,2020-08-21 13:41:06.000000,6539.4,6605.8,6523.0,6540.0,nan,6563.139,84644,111106071040.0,116621,6539.6,1,6539.2,1,nan,0,nan,0,nan,0,nan,0,nan,0,nan,0,nan,0,nan,0
1597988466573134080,1597988466500000000,2020-08-21 13:41:06.500000,6539.0,6605.8,6523.0,6540.0,nan,6563.139,84646,111108686680.0,116623,6539.6,1,6538.2,2,nan,0,nan,0,nan,0,nan,0,nan,0,nan,0,nan,0,nan,0
1597988467086323968,1597988467000000000,2020-08-21 13:41:07.000000,6540.0,6605.8,6523.0,6540.0,nan,6563.138,84648,111111302600.0,116625,6539.8,1,6538.4,1,nan,0,nan,0,nan,0,nan,0,nan,0,nan,0,nan,0,nan,0
1597988467574981120,1597988467500000000,2020-08-21 13:41:07.500000,6539.8,6605.8,6523.0,6540.0,nan,6563.138,84650,111113918280.0,116624,6539.8,1,6538.6,2,nan,0,nan,0,nan,0,nan,0,nan,0,nan,0,nan,0,nan,0
1597988468079022080,1597988468000000000,2020-08-21 13:41:08.000000,6539.8,6605.8,6523.0,6540.0,nan,6563.137,84651,111115226240.0,116624,6540.0,3,6539.6,1,nan,0,nan,0,nan,0,nan,0,nan,0,nan,0,nan,0,nan,0
1597988468573876992,1597988468500000000,2020-08-21 13:41:08.500000,6539.8,6605.8,6523.0,6540.0,nan,6563.137,84651,111115226240.0,116624,6540.0,3,6539.6,3,nan,0,nan,0,nan,0,nan,0,nan,0,nan,0,nan,0,nan,0
1597988469097519104,1597988469000000000,2020-08-21 13:41:09.000000,6539.8,6605.8,6523.0,6540.0,nan,6563.136,84655,111120458200.0,116628,6540.4,1,6539.6,3,nan,0,nan,0,nan,0,nan,0,nan,0,nan,0,nan,0,nan,0
1597988469579805952,1597988469500000000,2020-08-21 13:41:09.500000,6539.8,6605.8,6523.0,6540.0,nan,6563.136,84655,111120458200.0,116628,6540.4,1,6539.6,3,nan,0,nan,0,nan,0,nan,0,nan,0,nan,0,nan,0,nan,0
1597988470077750016,1597988470000000000,2020-08-21 13:41:10.000000,6539.8,6605.8,6523.0,6540.0,nan,6563.136,84655,111120458200.0,116628,6540.4,1,6539.8,2,nan,0,nan,0,nan,0,nan,0,nan,0,nan,0,nan,0,nan,0
1597988471085454080,1597988471000000000,2020-08-21 13:41:11.000000,6539.8,6605.8,6523.0,6540.0,nan,6563.136,84655,111120458200.0,116628,6540.4,1,6540.0,2,nan,0,nan,0,nan,0,nan,0,nan,0,nan,0,nan,0,nan,0
1597988471591671040,1597988471500000000,2020-08-21 13:41:11.500000,6540.0,6605.8,6523.0,6540.0,nan,6563.136,84657,111123074280.0,116628,6541.0,1,6540.0,1,nan,0,nan,0,nan,0,nan,0,nan,0,nan,0,nan,0,nan,0
1597988472078636032,1597988472000000000,2020-08-21 13:41:12.000000,6540.0,6605.8,6523.0,6540.0,nan,6563.136,84657,111123074280.0,116628,6540.8,1,6540.2,1,nan,0,nan,0,nan,0,nan,0,nan,0,nan,0,nan,0,nan,0
1597988472581768960,1597988472500000000,2020-08-21 13:41:12.500000,6540.2,6605.8,6523.0,6540.0,nan,6563.135,84658,111124382320.0,116629,6540.8,1,6540.4,1,nan,0,nan,0,nan,0,nan,0,nan,0,nan,0,nan,0,nan,0
1597988473075674880,1597988473000000000,2020-08-21 13:41:13.000000,6540.0,6605.8,6523.0,6540.0,nan,6563.135,84661,111128306560.0,116632,6541.0,1,6540.0,3,nan,0,nan,0,nan,0,nan,0,nan,0,nan,0,nan,0,nan,0
1597988473581433088,1597988473500000000,2020-08-21 13:41:13.500000,6541.0,6605.8,6523.0,6540.0,nan,6563.133,84666,111134846960.0,116636,6540.8,3,6539.8,2,nan,0,nan,0,nan,0,nan,0,nan,0,nan,0,nan,0,nan,0
1597988474079664896,1597988474000000000,2020-08-21 13:41:14.000000,6539.8,6605.8,6523.0,6540.0,nan,6563.133,84668,111137462880.0,116638,6539.8,2,6539.6,2,nan,0,nan,0,nan,0,nan,0,nan,0,nan,0,nan,0,nan,0
1597988474678214912,1597988474500000000,2020-08-21 13:41:14.500000,6539.6,6605.8,6523.0,6540.0,nan,6563.132,84671,111141386640.0,116639,6539.6,2,6538.6,1,nan,0,nan,0,nan,0,nan,0,nan,0,nan,0,nan,0,nan,0
1597988475077224960,1597988475000000000,2020-08-21 13:41:15.000000,6539.6,6605.8,6523.0,6540.0,nan,6563.132,84671,111141386640.0,116639,6539.6,2,6538.2,1,nan,0,nan,0,nan,0,nan,0,nan,0,nan,0,nan,0,nan,0
1597988475597283072,1597988475500000000,2020-08-21 13:41:15.500000,6539.6,6605.8,6523.0,6540.0,nan,6563.132,84672,111142694560.0,116640,6539.4,2,6538.4,2,nan,0,nan,0,nan,0,nan,0,nan,0,nan,0,nan,0,nan,0
1597988476091904000,1597988476000000000,2020-08-21 13:41:16.000000,6538.4,6605.8,6523.0,6540.0,nan,6563.131,84673,111144002240.0,116641,6539.4,2,6538.2,2,nan,0,nan,0,nan,0,nan,0,nan,0,nan,0,nan,0,nan,0
