local_nano_time,quote_nano_time,datetime,last_price,highest,lowest,open,close,average,volume,amount,open_interest,ask_price1,ask_volume1,bid_price1,bid_volume1,ask_price2,ask_volume2,bid_price2,bid_volume2,ask_price3,ask_volume3,bid_price3,bid_volume3,ask_price4,ask_volume4,bid_price4,bid_volume4,ask_price5,ask_volume5,bid_price5,bid_volume5
1597988232721003008,1597988233000000000,2020-08-21 13:37:13.000000,1650.0,1674.0,1640.0,1656.0,nan,1656.0,66972,2218112640.0,50349,1650.0,57,1649.0,49,nan,0,nan,0,nan,0,nan,0,nan,0,nan,0,nan,0,nan,0
1597988233203155968,1597988233000001024,2020-08-21 13:37:13.000001,1649.0,1674.0,1640.0,1656.0,nan,1656.0,66974,2218178880.0,50349,1650.0,57,1649.0,47,nan,0,nan,0,nan,0,nan,0,nan,0,nan,0,nan,0,nan,0
1597988233717853952,1597988234000000000,2020-08-21 13:37:14.000000,1650.0,1674.0,1640.0,1656.0,nan,1656.0,66975,2218212000.0,50349,1650.0,56,1649.0,47,nan,0,nan,0,nan,0,nan,0,nan,0,nan,0,nan,0,nan,0
1597988236236656896,1597988236000001024,2020-08-21 13:37:16.000001,1650.0,1674.0,1640.0,1656.0,nan,1656.0,66975,2218212000.0,50349,1650.0,54,1649.0,47,nan,0,nan,0,nan,0,nan,0,nan,0,nan,0,nan,0,nan,0
1597988237727952896,1597988238000000000,2020-08-21 13:37:18.000000,1649.0,1674.0,1640.0,1656.0,nan,1656.0,66976,2218245120.0,50348,1650.0,53,1649.0,46,nan,0,nan,0,nan,0,nan,0,nan,0,nan,0,nan,0,nan,0
1597988238246900992,1597988238000001024,2020-08-21 13:37:18.000001,1650.0,1674.0,1640.0,1656.0,nan,1656.0,66983,2218476960.0,50347,1650.0,46,1649.0,47,nan,0,nan,0,nan,0,nan,0,nan,0,nan,0,nan,0,nan,0
1597988238736125952,1597988239000000000,2020-08-21 13:37:19.000000,1650.0,1674.0,1640.0,1656.0,nan,1656.0,66984,2218510080.0,50348,1650.0,47,1649.0,47,nan,0,nan,0,nan,0,nan,0,nan,0,nan,0,nan,0,nan,0
1597988239720402944,1597988240000000000,2020-08-21 13:37:20.000000,1649.0,1674.0,1640.0,1656.0,nan,1656.0,66986,2218576320.0,50347,1650.0,47,1649.0,45,nan,0,nan,0,nan,0,nan,0,nan,0,nan,0,nan,0,nan,0
1597988240257028096,1597988240000001024,2020-08-21 13:37:20.000001,1649.0,1674.0,1640.0,1656.0,nan,1656.0,66986,2218576320.0,50347,1650.0,50,1649.0,45,nan,0,nan,0,nan,0,nan,0,nan,0,nan,0,nan,0,nan,0
1597988240716730880,1597988241000000000,2020-08-21 13:37:21.000000,1649.0,1674.0,1640.0,1656.0,nan,1656.0,66986,2218576320.0,50347,1650.0,50,1649.0,39,nan,0,nan,0,nan,0,nan,0,nan,0,nan,0,nan,0,nan,0
1597988241227837952,1597988241000001024,2020-08-21 13:37:21.000001,1649.0,1674.0,1640.0,1656.0,nan,1656.0,66986,2218576320.0,50347,1650.0,51,1649.0,39,nan,0,nan,0,nan,0,nan,0,nan,0,nan,0,nan,0,nan,0
1597988242729638912,1597988243000000000,2020-08-21 13:37:23.000000,1650.0,1674.0,1640.0,1656.0,nan,1656.0,66987,2218609440.0,50347,1650.0,50,1649.0,39,nan,0,nan,0,nan,0,nan,0,nan,0,nan,0,nan,0,nan,0
1597988244736712960,1597988245000000000,2020-08-21 13:37:25.000000,1649.0,1674.0,1640.0,1656.0,nan,1656.0,66988,2218642560.0,50347,1650.0,50,1649.0,38,nan,0,nan,0,nan,0,nan,0,nan,0,nan,0,nan,0,nan,0
1597988245242635008,1597988245000001024,2020-08-21 13:37:25.000001,1650.0,1674.0,1640.0,1656.0,nan,1656.0,66989,2218675680.0,50348,1650.0,49,1649.0,48,nan,0,nan,0,nan,0,nan,0,nan,0,nan,0,nan,0,nan,0
1597988246263275008,1597988246000001024,2020-08-21 13:37:26.000001,1650.0,1674.0,1640.0,1656.0,nan,1656.0,66989,2218675680.0,50348,1650.0,51,1649.0,48,nan,0,nan,0,nan,0,nan,0,nan,0,nan,0,nan,0,nan,0
1597988246752226048,1597988247000000000,2020-08-21 13:37:27.000000,1650.0,1674.0,1640.0,1656.0,nan,1656.0,66992,2218775040.0,50348,1650.0,48,1649.0,48,nan,0,nan,0,nan,0,nan,0,nan,0,nan,0,nan,0,nan,0
1597988247224066048,1597988247000001024,2020-08-21 13:37:27.000001,1649.0,1674.0,1640.0,1656.0,nan,1656.0,66993,2218808160.0,50348,1650.0,48,1649.0,47,nan,0,nan,0,nan,0,nan,0,nan,0,nan,0,nan,0,nan,0
1597988247730430976,1597988248000000000,2020-08-21 13:37:28.000000,1649.0,1674.0,1640.0,1656.0,nan,1656.0,66993,2218808160.0,50348,1650.0,53,1649.0,47,nan,0,nan,0,nan,0,nan,0,nan,0,nan,0,nan,0,nan,0
1597988248237004032,1597988248000001024,2020-08-21 13:37:28.000001,1650.0,1674.0,1640.0,1656.0,nan,1656.0,66994,2218841280.0,50348,1650.0,52,1649.0,47,nan,0,nan,0,nan,0,nan,0,nan,0,nan,0,nan,0,nan,0
1597988250741328896,1597988251000000000,2020-08-21 13:37:31.000000,1650.0,1674.0,1640.0,1656.0,nan,1656.0,67031,2220066720.0,50358,1650.0,15,1649.0,47,nan,0,nan,0,nan,0,nan,0,nan,0,nan,0,nan,0,nan,0
1597988251212313088,1597988251000001024,2020-08-21 13:37:31.000001,1649.0,1674.0,1640.0,1656.0,nan,1656.0,67033,2220132960.0,50359,1650.0,14,1649.0,46,nan,0,nan,0,nan,0,nan,0,nan,0,nan,0,nan,0,nan,0
1597988251739170048,1597988252000000000,2020-08-21 13:37:32.000000,1650.0,1674.0,1640.0,1656.0,nan,1656.0,67034,2220166080.0,50359,1650.0,13,1649.0,46,nan,0,nan,0,nan,0,nan,0,nan,0,nan,0,nan,0,nan,0
1597988252229336064,1597988252000001024,2020-08-21 13:37:32.000001,1650.0,1674.0,1640.0,1656.0,nan,1656.0,67034,2220166080.0,50359,1650.0,14,1649.0,46,nan,0,nan,0,nan,0,nan,0,nan,0,nan,0,nan,0,nan,0
1597988256739981056,1597988257000000000,2020-08-21 13:37:37.000000,1649.0,1674.0,1640.0,1656.0,nan,1656.0,67036,2220232320.0,50359,1650.0,14,1649.0,45,nan,0,nan,0,nan,0,nan,0,nan,0,nan,0,nan,0,nan,0
1597988258227194880,1597988258000001024,2020-08-21 13:37:38.000001,1649.0,1674.0,1640.0,1656.0,nan,1656.0,67036,2220232320.0,50359,1650.0,15,1649.0,45,nan,0,nan,0,nan,0,nan,0,nan,0,nan,0,nan,0,nan,0
1597988258735471104,1597988259000000000,2020-08-21 13:37:39.000000,1650.0,1674.0,1640.0,1656.0,nan,1656.0,67050,2220696000.0,50364,1650.0,1,1649.0,45,nan,0,nan,0,nan,0,nan,0,nan,0,nan,0,nan,0,nan,0
1597988259234331904,1597988259000001024,2020-08-21 13:37:39.000001,1650.0,1674.0,1640.0,1656.0,nan,1656.0,67053,2220795360.0,50361,1651.0,110,1650.0,15,nan,0,nan,0,nan,0,nan,0,nan,0,nan,0,nan,0,nan,0
1597988259750817024,1597988260000000000,2020-08-21 13:37:40.000000,1651.0,1674.0,1640.0,1656.0,nan,1656.0,67058,2220960960.0,50361,1651.0,105,1650.0,16,nan,0,nan,0,nan,0,nan,0,nan,0,nan,0,nan,0,nan,0
1597988260735906048,1597988261000000000,2020-08-21 13:37:41.000000,1651.0,1674.0,1640.0,1656.0,nan,1656.0,67058,2220960960.0,50361,1651.0,105,1650.0,18,nan,0,nan,0,nan,0,nan,0,nan,0,nan,0,nan,0,nan,0
1597988261249711104,1597988261000001024,2020-08-21 13:37:41.000001,1651.0,1674.0,1640.0,1656.0,nan,1656.0,67058,2220960960.0,50361,1651.0,105,1650.0,19,nan,0,nan,0,nan,0,nan,0,nan,0,nan,0,nan,0,nan,0
1597988261723906048,1597988262000000000,2020-08-21 13:37:42.000000,1651.0,1674.0,1640.0,1656.0,nan,1656.0,67058,2220960960.0,50361,1651.0,105,1650.0,20,nan,0,nan,0,nan,0,nan,0,nan,0,nan,0,nan,0,nan,0
1597988263214140928,1597988263000001024,2020-08-21 13:37:43.000001,1651.0,1674.0,1640.0,1656.0,nan,1656.0,67058,2220960960.0,50361,1651.0,105,1650.0,21,nan,0,nan,0,nan,0,nan,0,nan,0,nan,0,nan,0,nan,0
1597988263725410048,1597988264000000000,2020-08-21 13:37:44.000000,1651.0,1674.0,1640.0,1656.0,nan,1656.0,67058,2220960960.0,50361,1651.0,105,1650.0,26,nan,0,nan,0,nan,0,nan,0,nan,0,nan,0,nan,0,nan,0
1597988264248090880,1597988264000001024,2020-08-21 13:37:44.000001,1651.0,1674.0,1640.0,1656.0,nan,1656.0,67058,2220960960.0,50361,1651.0,105,1650.0,27,nan,0,nan,0,nan,0,nan,0,nan,0,nan,0,nan,0,nan,0
1597988264728819968,1597988265000000000,2020-08-21 13:37:45.000000,1651.0,1674.0,1640.0,1656.0,nan,1656.0,67058,2220960960.0,50361,1651.0,105,1650.0,28,nan,0,nan,0,nan,0,nan,0,nan,0,nan,0,nan,0,nan,0
1597988265244638976,1597988265000001024,2020-08-21 13:37:45.000001,1651.0,1674.0,1640.0,1656.0,nan,1656.0,67063,2221126560.0,50362,1651.0,101,1650.0,28,nan,0,nan,0,nan,0,nan,0,nan,0,nan,0,nan,0,nan,0
1597988265741775104,1597988266000000000,2020-08-21 13:37:46.000000,1651.0,1674.0,1640.0,1656.0,nan,1656.0,67068,2221292160.0,50365,1651.0,96,1650.0,28,nan,0,nan,0,nan,0,nan,0,nan,0,nan,0,nan,0,nan,0
1597988266214650112,1597988266000001024,2020-08-21 13:37:46.000001,1651.0,1674.0,1640.0,1656.0,nan,1656.0,67068,2221292160.0,50365,1651.0,96,1650.0,29,nan,0,nan,0,nan,0,nan,0,nan,0,nan,0,nan,0,nan,0
1597988266737927936,1597988267000000000,2020-08-21 13:37:47.000000,1651.0,1674.0,1640.0,1656.0,nan,1656.0,67069,2221325280.0,50365,1651.0,95,1650.0,33,nan,0,nan,0,nan,0,nan,0,nan,0,nan,0,nan,0,nan,0
1597988267734025984,1597988268000000000,2020-08-21 13:37:48.000000,1651.0,1674.0,1640.0,1656.0,nan,1656.0,67069,2221325280.0,50365,1651.0,95,1650.0,32,nan,0,nan,0,nan,0,nan,0,nan,0,nan,0,nan,0,nan,0
1597988268228110080,1597988268000001024,2020-08-21 13:37:48.000001,1651.0,1674.0,1640.0,1656.0,nan,1656.0,67069,2221325280.0,50365,1651.0,95,1650.0,30,nan,0,nan,0,nan,0,nan,0,nan,0,nan,0,nan,0,nan,0
1597988268741305088,1597988269000000000,2020-08-21 13:37:49.000000,1651.0,1674.0,1640.0,1656.0,nan,1656.0,67079,2221656480.0,50360,1651.0,90,1650.0,25,nan,0,nan,0,nan,0,nan,0,nan,0,nan,0,nan,0,nan,0
1597988271231971072,1597988271000001024,2020-08-21 13:37:51.000001,1651.0,1674.0,1640.0,1656.0,nan,1656.0,67090,2222020800.0,50353,1651.0,79,1650.0,25,nan,0,nan,0,nan,0,nan,0,nan,0,nan,0,nan,0,nan,0
1597988272744559104,1597988273000000000,2020-08-21 13:37:53.000000,1651.0,1674.0,1640.0,1656.0,nan,1656.0,67090,2222020800.0,50353,1651.0,79,1650.0,26,nan,0,nan,0,nan,0,nan,0,nan,0,nan,0,nan,0,nan,0
1597988274743563008,1597988275000000000,2020-08-21 13:37:55.000000,1651.0,1674.0,1640.0,1656.0,nan,1656.0,67090,2222020800.0,50353,1651.0,79,1650.0,27,nan,0,nan,0,nan,0,nan,0,nan,0,nan,0,nan,0,nan,0
1597988275228115968,1597988275000001024,2020-08-21 13:37:55.000001,1650.0,1674.0,1640.0,1656.0,nan,1656.0,67092,2222087040.0,50351,1651.0,79,1650.0,26,nan,0,nan,0,nan,0,nan,0,nan,0,nan,0,nan,0,nan,0
1597988276257083904,1597988276000001024,2020-08-21 13:37:56.000001,1651.0,1674.0,1640.0,1656.0,nan,1656.0,67093,2222120160.0,50350,1651.0,78,1650.0,26,nan,0,nan,0,nan,0,nan,0,nan,0,nan,0,nan,0,nan,0
1597988277266147072,1597988277000001024,2020-08-21 13:37:57.000001,1651.0,1674.0,1640.0,1656.0,nan,1656.0,67094,2222153280.0,50350,1651.0,77,1650.0,26,nan,0,nan,0,nan,0,nan,0,nan,0,nan,0,nan,0,nan,0
1597988278231474944,1597988278000001024,2020-08-21 13:37:58.000001,1651.0,1674.0,1640.0,1656.0,nan,1656.0,67094,2222153280.0,50350,1651.0,77,1650.0,30,nan,0,nan,0,nan,0,nan,0,nan,0,nan,0,nan,0,nan,0
1597988279252312064,1597988279000001024,2020-08-21 13:37:59.000001,1651.0,1674.0,1640.0,1656.0,nan,1656.0,67094,2222153280.0,50350,1651.0,77,1650.0,31,nan,0,nan,0,nan,0,nan,0,nan,0,nan,0,nan,0,nan,0
1597988279741154048,1597988280000000000,2020-08-21 13:38:00.000000,1651.0,1674.0,1640.0,1656.0,nan,1656.0,67094,2222153280.0,50350,1651.0,78,1650.0,31,nan,0,nan,0,nan,0,nan,0,nan,0,nan,0,nan,0,nan,0
1597988280246630912,1597988280000001024,2020-08-21 13:38:00.000001,1651.0,1674.0,1640.0,1656.0,nan,1656.0,67095,2222186400.0,50350,1651.0,85,1650.0,31,nan,0,nan,0,nan,0,nan,0,nan,0,nan,0,nan,0,nan,0
1597988280740633088,1597988281000000000,2020-08-21 13:38:01.000000,1651.0,1674.0,1640.0,1656.0,nan,1656.0,67095,2222186400.0,50350,1651.0,60,1650.0,31,nan,0,nan,0,nan,0,nan,0,nan,0,nan,0,nan,0,nan,0
1597988281221230080,1597988281000001024,2020-08-21 13:38:01.000001,1651.0,1674.0,1640.0,1656.0,nan,1656.0,67115,2222848800.0,50341,1651.0,40,1650.0,31,nan,0,nan,0,nan,0,nan,0,nan,0,nan,0,nan,0,nan,0
1597988281745434880,1597988282000000000,2020-08-21 13:38:02.000000,1651.0,1674.0,1640.0,1656.0,nan,1656.0,67115,2222848800.0,50341,1651.0,40,1650.0,39,nan,0,nan,0,nan,0,nan,0,nan,0,nan,0,nan,0,nan,0
1597988282233677056,1597988282000001024,2020-08-21 13:38:02.000001,1651.0,1674.0,1640.0,1656.0,nan,1656.0,67119,2222981280.0,50344,1651.0,36,1650.0,39,nan,0,nan,0,nan,0,nan,0,nan,0,nan,0,nan,0,nan,0
1597988283286100992,1597988283000001024,2020-08-21 13:38:03.000001,1651.0,1674.0,1640.0,1656.0,nan,1656.0,67140,2223676800.0,50354,1651.0,40,1650.0,19,nan,0,nan,0,nan,0,nan,0,nan,0,nan,0,nan,0,nan,0
1597988283755817984,1597988284000000000,2020-08-21 13:38:04.000000,1651.0,1674.0,1640.0,1656.0,nan,1656.0,67140,2223676800.0,50354,1651.0,40,1650.0,27,nan,0,nan,0,nan,0,nan,0,nan,0,nan,0,nan,0,nan,0
1597988284228198912,1597988284000001024,2020-08-21 13:38:04.000001,1651.0,1674.0,1640.0,1656.0,nan,1656.0,67140,2223676800.0,50354,1651.0,41,1650.0,27,nan,0,nan,0,nan,0,nan,0,nan,0,nan,0,nan,0,nan,0
1597988284738149888,1597988285000000000,2020-08-21 13:38:05.000000,1651.0,1674.0,1640.0,1656.0,nan,1656.0,67140,2223676800.0,50354,1651.0,41,1650.0,22,nan,0,nan,0,nan,0,nan,0,nan,0,nan,0,nan,0,nan,0
1597988285745065984,1597988286000000000,2020-08-21 13:38:06.000000,1651.0,1674.0,1640.0,1656.0,nan,1656.0,67142,2223743040.0,50352,1651.0,40,1650.0,21,nan,0,nan,0,nan,0,nan,0,nan,0,nan,0,nan,0,nan,0
1597988287218955008,1597988287000001024,2020-08-21 13:38:07.000001,1651.0,1674.0,1640.0,1656.0,nan,1656.0,67142,2223743040.0,50352,1651.0,40,1650.0,23,nan,0,nan,0,nan,0,nan,0,nan,0,nan,0,nan,0,nan,0
1597988287749922048,1597988288000000000,2020-08-21 13:38:08.000000,1651.0,1674.0,1640.0,1656.0,nan,1656.0,67150,2224008000.0,50344,1651.0,32,1650.0,23,nan,0,nan,0,nan,0,nan,0,nan,0,nan,0,nan,0,nan,0
1597988288252497920,1597988288000001024,2020-08-21 13:38:08.000001,1651.0,1674.0,1640.0,1656.0,nan,1656.0,67150,2224008000.0,50344,1651.0,32,1650.0,24,nan,0,nan,0,nan,0,nan,0,nan,0,nan,0,nan,0,nan,0
1597988292245376000,1597988292000001024,2020-08-21 13:38:12.000001,1651.0,1674.0,1640.0,1656.0,nan,1656.0,67151,2224041120.0,50344,1651.0,34,1650.0,28,nan,0,nan,0,nan,0,nan,0,nan,0,nan,0,nan,0,nan,0
1597988292750790912,1597988293000000000,2020-08-21 13:38:13.000000,1651.0,1674.0,1640.0,1656.0,nan,1656.0,67151,2224041120.0,50344,1651.0,34,1650.0,29,nan,0,nan,0,nan,0,nan,0,nan,0,nan,0,nan,0,nan,0
1597988293746255104,1597988294000000000,2020-08-21 13:38:14.000000,1651.0,1674.0,1640.0,1656.0,nan,1656.0,67156,2224206720.0,50344,1651.0,29,1650.0,29,nan,0,nan,0,nan,0,nan,0,nan,0,nan,0,nan,0,nan,0
1597988294745957120,1597988295000000000,2020-08-21 13:38:15.000000,1651.0,1674.0,1640.0,1656.0,nan,1656.0,67162,2224405440.0,50346,1651.0,23,1650.0,29,nan,0,nan,0,nan,0,nan,0,nan,0,nan,0,nan,0,nan,0
1597988295253711872,1597988295000001024,2020-08-21 13:38:15.000001,1651.0,1674.0,1640.0,1656.0,nan,1656.0,67163,2224438560.0,50345,1651.0,22,1650.0,29,nan,0,nan,0,nan,0,nan,0,nan,0,nan,0,nan,0,nan,0
1597988295754168064,1597988296000000000,2020-08-21 13:38:16.000000,1650.0,1674.0,1640.0,1656.0,nan,1656.0,67167,2224571040.0,50343,1651.0,22,1650.0,45,nan,0,nan,0,nan,0,nan,0,nan,0,nan,0,nan,0,nan,0
1597988296232500992,1597988296000001024,2020-08-21 13:38:16.000001,1651.0,1674.0,1640.0,1656.0,nan,1656.0,67174,2224802880.0,50339,1651.0,15,1650.0,45,nan,0,nan,0,nan,0,nan,0,nan,0,nan,0,nan,0,nan,0
1597988296748503040,1597988297000000000,2020-08-21 13:38:17.000000,1651.0,1674.0,1640.0,1656.0,nan,1656.0,67186,2225200320.0,50337,1651.0,5,1650.0,45,nan,0,nan,0,nan,0,nan,0,nan,0,nan,0,nan,0,nan,0
1597988297264887040,1597988297000001024,2020-08-21 13:38:17.000001,1650.0,1674.0,1640.0,1656.0,nan,1656.0,67187,2225233440.0,50338,1651.0,6,1650.0,44,nan,0,nan,0,nan,0,nan,0,nan,0,nan,0,nan,0,nan,0
1597988297748299008,1597988298000000000,2020-08-21 13:38:18.000000,1651.0,1674.0,1640.0,1656.0,nan,1656.0,67188,2225266560.0,50337,1651.0,5,1650.0,44,nan,0,nan,0,nan,0,nan,0,nan,0,nan,0,nan,0,nan,0
1597988298245743104,1597988298000001024,2020-08-21 13:38:18.000001,1651.0,1674.0,1640.0,1656.0,nan,1656.0,67194,2225465280.0,50335,1652.0,89,1651.0,14,nan,0,nan,0,nan,0,nan,0,nan,0,nan,0,nan,0,nan,0
1597988298760656896,1597988299000000000,2020-08-21 13:38:19.000000,1651.0,1674.0,1640.0,1656.0,nan,1656.0,67194,2225465280.0,50335,1652.0,89,1651.0,27,nan,0,nan,0,nan,0,nan,0,nan,0,nan,0,nan,0,nan,0
1597988299237032960,1597988299000001024,2020-08-21 13:38:19.000001,1651.0,1674.0,1640.0,1656.0,nan,1656.0,67197,2225564640.0,50333,1652.0,89,1651.0,24,nan,0,nan,0,nan,0,nan,0,nan,0,nan,0,nan,0,nan,0
1597988299752253952,1597988300000000000,2020-08-21 13:38:20.000000,1651.0,1674.0,1640.0,1656.0,nan,1656.0,67197,2225564640.0,50333,1652.0,89,1651.0,26,nan,0,nan,0,nan,0,nan,0,nan,0,nan,0,nan,0,nan,0
1597988301466813952,1597988301000001024,2020-08-21 13:38:21.000001,1651.0,1674.0,1640.0,1656.0,nan,1656.0,67203,2225763360.0,50327,1652.0,89,1651.0,14,nan,0,nan,0,nan,0,nan,0,nan,0,nan,0,nan,0,nan,0
1597988301842169088,1597988302000000000,2020-08-21 13:38:22.000000,1651.0,1674.0,1640.0,1656.0,nan,1656.0,67205,2225829600.0,50327,1652.0,91,1651.0,12,nan,0,nan,0,nan,0,nan,0,nan,0,nan,0,nan,0,nan,0
1597988302251357952,1597988302000001024,2020-08-21 13:38:22.000001,1652.0,1674.0,1640.0,1656.0,nan,1656.0,67206,2225862720.0,50328,1652.0,90,1651.0,12,nan,0,nan,0,nan,0,nan,0,nan,0,nan,0,nan,0,nan,0
1597988302757752064,1597988303000000000,2020-08-21 13:38:23.000000,1651.0,1674.0,1640.0,1656.0,nan,1656.0,67212,2226061440.0,50325,1652.0,85,1651.0,11,nan,0,nan,0,nan,0,nan,0,nan,0,nan,0,nan,0,nan,0
1597988303249556992,1597988303000001024,2020-08-21 13:38:23.000001,1651.0,1674.0,1640.0,1656.0,nan,1656.0,67214,2226127680.0,50324,1652.0,85,1651.0,9,nan,0,nan,0,nan,0,nan,0,nan,0,nan,0,nan,0,nan,0
1597988304267248128,1597988304000001024,2020-08-21 13:38:24.000001,1651.0,1674.0,1640.0,1656.0,nan,1656.0,67214,2226127680.0,50324,1652.0,87,1651.0,10,nan,0,nan,0,nan,0,nan,0,nan,0,nan,0,nan,0,nan,0
1597988304747336960,1597988305000000000,2020-08-21 13:38:25.000000,1651.0,1674.0,1640.0,1656.0,nan,1656.0,67217,2226227040.0,50327,1652.0,87,1651.0,7,nan,0,nan,0,nan,0,nan,0,nan,0,nan,0,nan,0,nan,0
1597988305231417088,1597988305000001024,2020-08-21 13:38:25.000001,1651.0,1674.0,1640.0,1656.0,nan,1656.0,67224,2226458880.0,50334,1651.0,7,1650.0,49,nan,0,nan,0,nan,0,nan,0,nan,0,nan,0,nan,0,nan,0
1597988306258243072,1597988306000001024,2020-08-21 13:38:26.000001,1650.0,1674.0,1640.0,1656.0,nan,1656.0,67231,2226690720.0,50341,1651.0,3,1650.0,46,nan,0,nan,0,nan,0,nan,0,nan,0,nan,0,nan,0,nan,0
1597988306748578048,1597988307000000000,2020-08-21 13:38:27.000000,1651.0,1674.0,1640.0,1656.0,nan,1656.0,67237,2226889440.0,50347,1651.0,7,1650.0,46,nan,0,nan,0,nan,0,nan,0,nan,0,nan,0,nan,0,nan,0
1597988307270196992,1597988307000001024,2020-08-21 13:38:27.000001,1651.0,1674.0,1640.0,1656.0,nan,1656.0,67239,2226955680.0,50349,1651.0,23,1650.0,46,nan,0,nan,0,nan,0,nan,0,nan,0,nan,0,nan,0,nan,0
1597988307764909056,1597988308000000000,2020-08-21 13:38:28.000000,1651.0,1674.0,1640.0,1656.0,nan,1656.0,67240,2226988800.0,50350,1651.0,22,1650.0,46,nan,0,nan,0,nan,0,nan,0,nan,0,nan,0,nan,0,nan,0
1597988308240399872,1597988308000001024,2020-08-21 13:38:28.000001,1651.0,1674.0,1640.0,1656.0,nan,1656.0,67241,2227021920.0,50351,1651.0,22,1650.0,46,nan,0,nan,0,nan,0,nan,0,nan,0,nan,0,nan,0,nan,0
1597988308748900096,1597988309000000000,2020-08-21 13:38:29.000000,1651.0,1674.0,1640.0,1656.0,nan,1656.0,67242,2227055040.0,50352,1651.0,21,1650.0,46,nan,0,nan,0,nan,0,nan,0,nan,0,nan,0,nan,0,nan,0
1597988309253231104,1597988309000001024,2020-08-21 13:38:29.000001,1651.0,1674.0,1640.0,1656.0,nan,1656.0,67242,2227055040.0,50352,1651.0,22,1650.0,47,nan,0,nan,0,nan,0,nan,0,nan,0,nan,0,nan,0,nan,0
1597988309943252992,1597988310000000000,2020-08-21 13:38:30.000000,1651.0,1674.0,1640.0,1656.0,nan,1656.0,67243,2227088160.0,50352,1651.0,21,1650.0,47,nan,0,nan,0,nan,0,nan,0,nan,0,nan,0,nan,0,nan,0
1597988310310161920,1597988310000001024,2020-08-21 13:38:30.000001,1651.0,1674.0,1640.0,1656.0,nan,1656.0,67244,2227121280.0,50353,1651.0,20,1650.0,47,nan,0,nan,0,nan,0,nan,0,nan,0,nan,0,nan,0,nan,0
1597988311229404928,1597988311000001024,2020-08-21 13:38:31.000001,1651.0,1674.0,1640.0,1656.0,nan,1656.0,67245,2227154400.0,50353,1651.0,19,1650.0,47,nan,0,nan,0,nan,0,nan,0,nan,0,nan,0,nan,0,nan,0
1597988312247585024,1597988312000001024,2020-08-21 13:38:32.000001,1651.0,1674.0,1640.0,1656.0,nan,1656.0,67245,2227154400.0,50353,1651.0,25,1650.0,47,nan,0,nan,0,nan,0,nan,0,nan,0,nan,0,nan,0,nan,0
1597988314241819904,1597988314000001024,2020-08-21 13:38:34.000001,1651.0,1674.0,1640.0,1656.0,nan,1656.0,67246,2227187520.0,50353,1651.0,24,1650.0,46,nan,0,nan,0,nan,0,nan,0,nan,0,nan,0,nan,0,nan,0
1597988315249703936,1597988315000001024,2020-08-21 13:38:35.000001,1650.0,1674.0,1640.0,1656.0,nan,1656.0,67250,2227320000.0,50353,1651.0,24,1650.0,42,nan,0,nan,0,nan,0,nan,0,nan,0,nan,0,nan,0,nan,0
1597988315766938880,1597988316000000000,2020-08-21 13:38:36.000000,1650.0,1674.0,1640.0,1656.0,nan,1656.0,67250,2227320000.0,50353,1651.0,24,1650.0,47,nan,0,nan,0,nan,0,nan,0,nan,0,nan,0,nan,0,nan,0
1597988316268122112,1597988316000001024,2020-08-21 13:38:36.000001,1650.0,1674.0,1640.0,1656.0,nan,1656.0,67251,2227353120.0,50354,1651.0,24,1650.0,46,nan,0,nan,0,nan,0,nan,0,nan,0,nan,0,nan,0,nan,0
1597988317277814016,1597988317000001024,2020-08-21 13:38:37.000001,1650.0,1674.0,1640.0,1656.0,nan,1656.0,67251,2227353120.0,50354,1651.0,23,1650.0,46,nan,0,nan,0,nan,0,nan,0,nan,0,nan,0,nan,0,nan,0
1597988317756928000,1597988318000000000,2020-08-21 13:38:38.000000,1650.0,1674.0,1640.0,1656.0,nan,1656.0,67251,2227353120.0,50354,1651.0,23,1650.0,26,nan,0,nan,0,nan,0,nan,0,nan,0,nan,0,nan,0,nan,0
1597988318254652928,1597988318000001024,2020-08-21 13:38:38.000001,1650.0,1674.0,1640.0,1656.0,nan,1656.0,67251,2227353120.0,50354,1651.0,37,1650.0,26,nan,0,nan,0,nan,0,nan,0,nan,0,nan,0,nan,0,nan,0
1597988318751951104,1597988319000000000,2020-08-21 13:38:39.000000,1650.0,1674.0,1640.0,1656.0,nan,1656.0,67251,2227353120.0,50354,1651.0,38,1650.0,26,nan,0,nan,0,nan,0,nan,0,nan,0,nan,0,nan,0,nan,0
1597988319267719936,1597988319000001024,2020-08-21 13:38:39.000001,1650.0,1674.0,1640.0,1656.0,nan,1656.0,67251,2227353120.0,50354,1651.0,39,1650.0,26,nan,0,nan,0,nan,0,nan,0,nan,0,nan,0,nan,0,nan,0
1597988319765924096,1597988320000000000,2020-08-21 13:38:40.000000,1651.0,1674.0,1640.0,1656.0,nan,1656.0,67252,2227386240.0,50354,1651.0,38,1650.0,29,nan,0,nan,0,nan,0,nan,0,nan,0,nan,0,nan,0,nan,0
1597988320245808128,1597988320000001024,2020-08-21 13:38:40.000001,1651.0,1674.0,1640.0,1656.0,nan,1656.0,67252,2227386240.0,50354,1651.0,39,1650.0,28,nan,0,nan,0,nan,0,nan,0,nan,0,nan,0,nan,0,nan,0
1597988320758892032,1597988321000000000,2020-08-21 13:38:41.000000,1651.0,1674.0,1640.0,1656.0,nan,1656.0,67252,2227386240.0,50354,1651.0,39,1650.0,27,nan,0,nan,0,nan,0,nan,0,nan,0,nan,0,nan,0,nan,0
1597988321248295936,1597988321000001024,2020-08-21 13:38:41.000001,1651.0,1674.0,1640.0,1656.0,nan,1656.0,67252,2227386240.0,50354,1651.0,39,1650.0,32,nan,0,nan,0,nan,0,nan,0,nan,0,nan,0,nan,0,nan,0
1597988321772503040,1597988322000000000,2020-08-21 13:38:42.000000,1651.0,1674.0,1640.0,1656.0,nan,1656.0,67257,2227551840.0,50354,1651.0,34,1650.0,32,nan,0,nan,0,nan,0,nan,0,nan,0,nan,0,nan,0,nan,0
1597988322264872960,1597988322000001024,2020-08-21 13:38:42.000001,1651.0,1674.0,1640.0,1656.0,nan,1656.0,67257,2227551840.0,50354,1651.0,35,1650.0,32,nan,0,nan,0,nan,0,nan,0,nan,0,nan,0,nan,0,nan,0
1597988323239261952,1597988323000001024,2020-08-21 13:38:43.000001,1650.0,1674.0,1640.0,1656.0,nan,1656.0,67258,2227584960.0,50355,1651.0,35,1650.0,31,nan,0,nan,0,nan,0,nan,0,nan,0,nan,0,nan,0,nan,0
1597988324264133120,1597988324000001024,2020-08-21 13:38:44.000001,1651.0,1674.0,1640.0,1656.0,nan,1656.0,67263,2227750560.0,50355,1651.0,30,1650.0,31,nan,0,nan,0,nan,0,nan,0,nan,0,nan,0,nan,0,nan,0
1597988325878953984,1597988326000000000,2020-08-21 13:38:46.000000,1651.0,1674.0,1640.0,1656.0,nan,1656.0,67268,2227916160.0,50350,1651.0,25,1650.0,31,nan,0,nan,0,nan,0,nan,0,nan,0,nan,0,nan,0,nan,0
1597988326786117120,1597988327000000000,2020-08-21 13:38:47.000000,1650.0,1674.0,1640.0,1656.0,nan,1656.0,67273,2228081760.0,50350,1651.0,21,1650.0,30,nan,0,nan,0,nan,0,nan,0,nan,0,nan,0,nan,0,nan,0
1597988327776704000,1597988328000000000,2020-08-21 13:38:48.000000,1651.0,1674.0,1640.0,1656.0,nan,1656.0,67277,2228214240.0,50351,1651.0,17,1650.0,30,nan,0,nan,0,nan,0,nan,0,nan,0,nan,0,nan,0,nan,0
1597988328392515072,1597988328000001024,2020-08-21 13:38:48.000001,1651.0,1674.0,1640.0,1656.0,nan,1656.0,67277,2228214240.0,50351,1651.0,4,1650.0,30,nan,0,nan,0,nan,0,nan,0,nan,0,nan,0,nan,0,nan,0
1597988329347228928,1597988329000001024,2020-08-21 13:38:49.000001,1651.0,1674.0,1640.0,1656.0,nan,1656.0,67281,2228346720.0,50353,1651.0,1,1650.0,30,nan,0,nan,0,nan,0,nan,0,nan,0,nan,0,nan,0,nan,0
1597988330266628096,1597988330000001024,2020-08-21 13:38:50.000001,1651.0,1674.0,1640.0,1656.0,nan,1656.0,67282,2228379840.0,50353,1652.0,87,1650.0,30,nan,0,nan,0,nan,0,nan,0,nan,0,nan,0,nan,0,nan,0
1597988330783750912,1597988331000000000,2020-08-21 13:38:51.000000,1651.0,1674.0,1640.0,1656.0,nan,1656.0,67288,2228578560.0,50353,1651.0,20,1650.0,30,nan,0,nan,0,nan,0,nan,0,nan,0,nan,0,nan,0,nan,0
1597988331259577088,1597988331000001024,2020-08-21 13:38:51.000001,1651.0,1674.0,1640.0,1656.0,nan,1656.0,67289,2228611680.0,50353,1651.0,22,1650.0,38,nan,0,nan,0,nan,0,nan,0,nan,0,nan,0,nan,0,nan,0
1597988332294897920,1597988332000001024,2020-08-21 13:38:52.000001,1651.0,1674.0,1640.0,1656.0,nan,1656.0,67289,2228611680.0,50353,1651.0,23,1650.0,38,nan,0,nan,0,nan,0,nan,0,nan,0,nan,0,nan,0,nan,0
1597988332770385920,1597988333000000000,2020-08-21 13:38:53.000000,1651.0,1674.0,1640.0,1656.0,nan,1656.0,67292,2228711040.0,50353,1651.0,20,1650.0,38,nan,0,nan,0,nan,0,nan,0,nan,0,nan,0,nan,0,nan,0
1597988333794685952,1597988334000000000,2020-08-21 13:38:54.000000,1651.0,1674.0,1640.0,1656.0,nan,1656.0,67292,2228711040.0,50353,1651.0,20,1650.0,48,nan,0,nan,0,nan,0,nan,0,nan,0,nan,0,nan,0,nan,0
1597988335253413888,1597988335000001024,2020-08-21 13:38:55.000001,1651.0,1674.0,1640.0,1656.0,nan,1656.0,67292,2228711040.0,50353,1651.0,20,1650.0,49,nan,0,nan,0,nan,0,nan,0,nan,0,nan,0,nan,0,nan,0
1597988335760637952,1597988336000000000,2020-08-21 13:38:56.000000,1651.0,1674.0,1640.0,1656.0,nan,1656.0,67298,2228909760.0,50353,1651.0,14,1650.0,49,nan,0,nan,0,nan,0,nan,0,nan,0,nan,0,nan,0,nan,0
1597988336836498944,1597988337000000000,2020-08-21 13:38:57.000000,1651.0,1674.0,1640.0,1656.0,nan,1656.0,67300,2228976000.0,50355,1651.0,12,1650.0,49,nan,0,nan,0,nan,0,nan,0,nan,0,nan,0,nan,0,nan,0
1597988337273295872,1597988337000001024,2020-08-21 13:38:57.000001,1651.0,1674.0,1640.0,1656.0,nan,1656.0,67308,2229240960.0,50355,1652.0,108,1651.0,2,nan,0,nan,0,nan,0,nan,0,nan,0,nan,0,nan,0,nan,0
1597988337864588032,1597988338000000000,2020-08-21 13:38:58.000000,1651.0,1674.0,1640.0,1656.0,nan,1656.0,67309,2229274080.0,50356,1652.0,107,1651.0,1,nan,0,nan,0,nan,0,nan,0,nan,0,nan,0,nan,0,nan,0
1597988338253394944,1597988338000001024,2020-08-21 13:38:58.000001,1652.0,1674.0,1640.0,1656.0,nan,1656.0,67315,2229472800.0,50355,1652.0,101,1651.0,1,nan,0,nan,0,nan,0,nan,0,nan,0,nan,0,nan,0,nan,0
1597988338779973120,1597988339000000000,2020-08-21 13:38:59.000000,1651.0,1674.0,1640.0,1656.0,nan,1656.0,67317,2229539040.0,50356,1652.0,101,1650.0,50,nan,0,nan,0,nan,0,nan,0,nan,0,nan,0,nan,0,nan,0
1597988339338871040,1597988339000001024,2020-08-21 13:38:59.000001,1652.0,1674.0,1640.0,1656.0,nan,1656.0,67320,2229638400.0,50354,1652.0,98,1650.0,50,nan,0,nan,0,nan,0,nan,0,nan,0,nan,0,nan,0,nan,0
1597988339768824064,1597988340000000000,2020-08-21 13:39:00.000000,1652.0,1674.0,1640.0,1656.0,nan,1656.0,67327,2229870240.0,50354,1652.0,67,1650.0,50,nan,0,nan,0,nan,0,nan,0,nan,0,nan,0,nan,0,nan,0
1597988340285016064,1597988340000001024,2020-08-21 13:39:00.000001,1652.0,1674.0,1640.0,1656.0,nan,1656.0,67327,2229870240.0,50354,1652.0,67,1651.0,14,nan,0,nan,0,nan,0,nan,0,nan,0,nan,0,nan,0,nan,0
1597988340790803968,1597988341000000000,2020-08-21 13:39:01.000000,1652.0,1674.0,1640.0,1656.0,nan,1656.0,67327,2229870240.0,50354,1652.0,67,1651.0,15,nan,0,nan,0,nan,0,nan,0,nan,0,nan,0,nan,0,nan,0
1597988341268090880,1597988341000001024,2020-08-21 13:39:01.000001,1652.0,1674.0,1640.0,1656.0,nan,1656.0,67329,2229936480.0,50353,1652.0,65,1651.0,15,nan,0,nan,0,nan,0,nan,0,nan,0,nan,0,nan,0,nan,0
1597988341825945088,1597988342000000000,2020-08-21 13:39:02.000000,1652.0,1674.0,1640.0,1656.0,nan,1656.0,67332,2230035840.0,50350,1652.0,62,1651.0,20,nan,0,nan,0,nan,0,nan,0,nan,0,nan,0,nan,0,nan,0
1597988342265336064,1597988342000001024,2020-08-21 13:39:02.000001,1652.0,1674.0,1640.0,1656.0,nan,1656.0,67332,2230035840.0,50350,1652.0,62,1651.0,22,nan,0,nan,0,nan,0,nan,0,nan,0,nan,0,nan,0,nan,0
1597988343273509888,1597988343000001024,2020-08-21 13:39:03.000001,1652.0,1674.0,1640.0,1656.0,nan,1656.0,67340,2230300800.0,50342,1652.0,61,1651.0,15,nan,0,nan,0,nan,0,nan,0,nan,0,nan,0,nan,0,nan,0
1597988343775571968,1597988344000000000,2020-08-21 13:39:04.000000,1652.0,1674.0,1640.0,1656.0,nan,1656.0,67340,2230300800.0,50342,1652.0,61,1651.0,16,nan,0,nan,0,nan,0,nan,0,nan,0,nan,0,nan,0,nan,0
1597988344253465088,1597988344000001024,2020-08-21 13:39:04.000001,1652.0,1674.0,1640.0,1656.0,nan,1656.0,67340,2230300800.0,50342,1652.0,61,1651.0,17,nan,0,nan,0,nan,0,nan,0,nan,0,nan,0,nan,0,nan,0
1597988347280179968,1597988347000001024,2020-08-21 13:39:07.000001,1652.0,1674.0,1640.0,1656.0,nan,1656.0,67341,2230333920.0,50342,1652.0,60,1651.0,17,nan,0,nan,0,nan,0,nan,0,nan,0,nan,0,nan,0,nan,0
1597988349267211008,1597988349000001024,2020-08-21 13:39:09.000001,1651.0,1674.0,1640.0,1656.0,nan,1656.0,67343,2230400160.0,50340,1652.0,60,1651.0,10,nan,0,nan,0,nan,0,nan,0,nan,0,nan,0,nan,0,nan,0
1597988350266757888,1597988350000001024,2020-08-21 13:39:10.000001,1651.0,1674.0,1640.0,1656.0,nan,1656.0,67343,2230400160.0,50340,1652.0,60,1651.0,16,nan,0,nan,0,nan,0,nan,0,nan,0,nan,0,nan,0,nan,0
1597988352295209984,1597988352000001024,2020-08-21 13:39:12.000001,1651.0,1674.0,1640.0,1656.0,nan,1656.0,67343,2230400160.0,50340,1652.0,60,1651.0,21,nan,0,nan,0,nan,0,nan,0,nan,0,nan,0,nan,0,nan,0
1597988352808429056,1597988353000000000,2020-08-21 13:39:13.000000,1652.0,1674.0,1640.0,1656.0,nan,1656.0,67348,2230565760.0,50340,1652.0,55,1651.0,21,nan,0,nan,0,nan,0,nan,0,nan,0,nan,0,nan,0,nan,0
1597988354768390912,1597988355000000000,2020-08-21 13:39:15.000000,1652.0,1674.0,1640.0,1656.0,nan,1656.0,67348,2230565760.0,50340,1652.0,55,1651.0,30,nan,0,nan,0,nan,0,nan,0,nan,0,nan,0,nan,0,nan,0
1597988356283560960,1597988356000001024,2020-08-21 13:39:16.000001,1652.0,1674.0,1640.0,1656.0,nan,1656.0,67349,2230598880.0,50340,1652.0,55,1651.0,30,nan,0,nan,0,nan,0,nan,0,nan,0,nan,0,nan,0,nan,0
1597988359261968896,1597988359000001024,2020-08-21 13:39:19.000001,1652.0,1674.0,1640.0,1656.0,nan,1656.0,67349,2230598880.0,50340,1652.0,59,1651.0,32,nan,0,nan,0,nan,0,nan,0,nan,0,nan,0,nan,0,nan,0
1597988359768043008,1597988360000000000,2020-08-21 13:39:20.000000,1652.0,1674.0,1640.0,1656.0,nan,1656.0,67349,2230598880.0,50340,1652.0,90,1651.0,32,nan,0,nan,0,nan,0,nan,0,nan,0,nan,0,nan,0,nan,0
1597988360265821952,1597988360000001024,2020-08-21 13:39:20.000001,1652.0,1674.0,1640.0,1656.0,nan,1656.0,67349,2230598880.0,50340,1652.0,91,1651.0,32,nan,0,nan,0,nan,0,nan,0,nan,0,nan,0,nan,0,nan,0
1597988361769956096,1597988362000000000,2020-08-21 13:39:22.000000,1652.0,1674.0,1640.0,1656.0,nan,1656.0,67350,2230632000.0,50340,1652.0,91,1651.0,32,nan,0,nan,0,nan,0,nan,0,nan,0,nan,0,nan,0,nan,0
1597988362258449920,1597988362000001024,2020-08-21 13:39:22.000001,1652.0,1674.0,1640.0,1656.0,nan,1656.0,67350,2230632000.0,50340,1652.0,92,1651.0,34,nan,0,nan,0,nan,0,nan,0,nan,0,nan,0,nan,0,nan,0
1597988363770732032,1597988364000000000,2020-08-21 13:39:24.000000,1652.0,1674.0,1640.0,1656.0,nan,1656.0,67350,2230632000.0,50340,1652.0,92,1651.0,35,nan,0,nan,0,nan,0,nan,0,nan,0,nan,0,nan,0,nan,0
1597988364267453952,1597988364000001024,2020-08-21 13:39:24.000001,1651.0,1674.0,1640.0,1656.0,nan,1656.0,67351,2230665120.0,50340,1652.0,92,1651.0,34,nan,0,nan,0,nan,0,nan,0,nan,0,nan,0,nan,0,nan,0
1597988364794452992,1597988365000000000,2020-08-21 13:39:25.000000,1652.0,1674.0,1640.0,1656.0,nan,1656.0,67361,2230996320.0,50346,1652.0,82,1651.0,34,nan,0,nan,0,nan,0,nan,0,nan,0,nan,0,nan,0,nan,0
1597988365778171904,1597988366000000000,2020-08-21 13:39:26.000000,1652.0,1674.0,1640.0,1656.0,nan,1656.0,67361,2230996320.0,50346,1652.0,83,1651.0,34,nan,0,nan,0,nan,0,nan,0,nan,0,nan,0,nan,0,nan,0
1597988366799047936,1597988367000000000,2020-08-21 13:39:27.000000,1652.0,1674.0,1640.0,1656.0,nan,1656.0,67361,2230996320.0,50346,1652.0,58,1651.0,34,nan,0,nan,0,nan,0,nan,0,nan,0,nan,0,nan,0,nan,0
1597988367266947072,1597988367000001024,2020-08-21 13:39:27.000001,1652.0,1674.0,1640.0,1656.0,nan,1656.0,67361,2230996320.0,50346,1652.0,59,1651.0,34,nan,0,nan,0,nan,0,nan,0,nan,0,nan,0,nan,0,nan,0
1597988369272123904,1597988369000001024,2020-08-21 13:39:29.000001,1652.0,1674.0,1640.0,1656.0,nan,1656.0,67362,2231029440.0,50346,1652.0,59,1651.0,34,nan,0,nan,0,nan,0,nan,0,nan,0,nan,0,nan,0,nan,0
1597988369787265024,1597988370000000000,2020-08-21 13:39:30.000000,1652.0,1674.0,1640.0,1656.0,nan,1656.0,67362,2231029440.0,50346,1652.0,59,1651.0,26,nan,0,nan,0,nan,0,nan,0,nan,0,nan,0,nan,0,nan,0
1597988370302353920,1597988370000001024,2020-08-21 13:39:30.000001,1652.0,1674.0,1640.0,1656.0,nan,1656.0,67363,2231062560.0,50347,1652.0,58,1651.0,26,nan,0,nan,0,nan,0,nan,0,nan,0,nan,0,nan,0,nan,0
1597988370780339968,1597988371000000000,2020-08-21 13:39:31.000000,1652.0,1674.0,1640.0,1656.0,nan,1656.0,67363,2231062560.0,50347,1652.0,59,1651.0,26,nan,0,nan,0,nan,0,nan,0,nan,0,nan,0,nan,0,nan,0
1597988371292994048,1597988371000001024,2020-08-21 13:39:31.000001,1652.0,1674.0,1640.0,1656.0,nan,1656.0,67364,2231095680.0,50346,1652.0,58,1651.0,26,nan,0,nan,0,nan,0,nan,0,nan,0,nan,0,nan,0,nan,0
1597988372811340032,1597988373000000000,2020-08-21 13:39:33.000000,1652.0,1674.0,1640.0,1656.0,nan,1656.0,67364,2231095680.0,50346,1652.0,63,1651.0,26,nan,0,nan,0,nan,0,nan,0,nan,0,nan,0,nan,0,nan,0
1597988373268624896,1597988373000001024,2020-08-21 13:39:33.000001,1652.0,1674.0,1640.0,1656.0,nan,1656.0,67364,2231095680.0,50346,1652.0,64,1651.0,26,nan,0,nan,0,nan,0,nan,0,nan,0,nan,0,nan,0,nan,0
1597988374341712896,1597988374000001024,2020-08-21 13:39:34.000001,1652.0,1674.0,1640.0,1656.0,nan,1656.0,67364,2231095680.0,50346,1652.0,64,1651.0,32,nan,0,nan,0,nan,0,nan,0,nan,0,nan,0,nan,0,nan,0
1597988375288172032,1597988375000001024,2020-08-21 13:39:35.000001,1652.0,1674.0,1640.0,1656.0,nan,1656.0,67365,2231128800.0,50346,1652.0,63,1651.0,32,nan,0,nan,0,nan,0,nan,0,nan,0,nan,0,nan,0,nan,0
1597988376281326080,1597988376000001024,2020-08-21 13:39:36.000001,1652.0,1674.0,1640.0,1656.0,nan,1656.0,67365,2231128800.0,50346,1652.0,63,1651.0,35,nan,0,nan,0,nan,0,nan,0,nan,0,nan,0,nan,0,nan,0
1597988376789838080,1597988377000000000,2020-08-21 13:39:37.000000,1652.0,1674.0,1640.0,1656.0,nan,1656.0,67367,2231195040.0,50347,1652.0,61,1651.0,34,nan,0,nan,0,nan,0,nan,0,nan,0,nan,0,nan,0,nan,0
1597988377783714048,1597988378000000000,2020-08-21 13:39:38.000000,1651.0,1674.0,1640.0,1656.0,nan,1656.0,67372,2231360640.0,50348,1652.0,57,1651.0,33,nan,0,nan,0,nan,0,nan,0,nan,0,nan,0,nan,0,nan,0
1597988378773255936,1597988379000000000,2020-08-21 13:39:39.000000,1652.0,1674.0,1640.0,1656.0,nan,1656.0,67375,2231460000.0,50348,1652.0,54,1651.0,33,nan,0,nan,0,nan,0,nan,0,nan,0,nan,0,nan,0,nan,0
1597988379277221120,1597988379000001024,2020-08-21 13:39:39.000001,1651.0,1674.0,1640.0,1656.0,nan,1656.0,67376,2231493120.0,50349,1652.0,54,1651.0,32,nan,0,nan,0,nan,0,nan,0,nan,0,nan,0,nan,0,nan,0
1597988380302832896,1597988380000001024,2020-08-21 13:39:40.000001,1652.0,1674.0,1640.0,1656.0,nan,1656.0,67379,2231592480.0,50349,1652.0,51,1651.0,32,nan,0,nan,0,nan,0,nan,0,nan,0,nan,0,nan,0,nan,0
1597988380780231936,1597988381000000000,2020-08-21 13:39:41.000000,1652.0,1674.0,1640.0,1656.0,nan,1656.0,67379,2231592480.0,50349,1652.0,51,1651.0,33,nan,0,nan,0,nan,0,nan,0,nan,0,nan,0,nan,0,nan,0
1597988381278448128,1597988381000001024,2020-08-21 13:39:41.000001,1652.0,1674.0,1640.0,1656.0,nan,1656.0,67383,2231724960.0,50350,1652.0,48,1651.0,32,nan,0,nan,0,nan,0,nan,0,nan,0,nan,0,nan,0,nan,0
1597988382777016064,1597988383000000000,2020-08-21 13:39:43.000000,1651.0,1674.0,1640.0,1656.0,nan,1656.0,67384,2231758080.0,50351,1652.0,48,1651.0,31,nan,0,nan,0,nan,0,nan,0,nan,0,nan,0,nan,0,nan,0
1597988383779779072,1597988384000000000,2020-08-21 13:39:44.000000,1651.0,1674.0,1640.0,1656.0,nan,1656.0,67384,2231758080.0,50351,1652.0,49,1651.0,31,nan,0,nan,0,nan,0,nan,0,nan,0,nan,0,nan,0,nan,0
1597988384275641088,1597988384000001024,2020-08-21 13:39:44.000001,1651.0,1674.0,1640.0,1656.0,nan,1656.0,67385,2231791200.0,50351,1652.0,49,1651.0,30,nan,0,nan,0,nan,0,nan,0,nan,0,nan,0,nan,0,nan,0
1597988384774130944,1597988385000000000,2020-08-21 13:39:45.000000,1651.0,1674.0,1640.0,1656.0,nan,1656.0,67387,2231857440.0,50351,1652.0,48,1651.0,29,nan,0,nan,0,nan,0,nan,0,nan,0,nan,0,nan,0,nan,0
1597988385279098112,1597988385000001024,2020-08-21 13:39:45.000001,1651.0,1674.0,1640.0,1656.0,nan,1656.0,67387,2231857440.0,50351,1652.0,48,1651.0,30,nan,0,nan,0,nan,0,nan,0,nan,0,nan,0,nan,0,nan,0
1597988385786452992,1597988386000000000,2020-08-21 13:39:46.000000,1651.0,1674.0,1640.0,1656.0,nan,1656.0,67387,2231857440.0,50351,1652.0,48,1651.0,34,nan,0,nan,0,nan,0,nan,0,nan,0,nan,0,nan,0,nan,0
1597988386272751104,1597988386000001024,2020-08-21 13:39:46.000001,1652.0,1674.0,1640.0,1656.0,nan,1656.0,67388,2231890560.0,50351,1652.0,48,1651.0,34,nan,0,nan,0,nan,0,nan,0,nan,0,nan,0,nan,0,nan,0
1597988386777590016,1597988387000000000,2020-08-21 13:39:47.000000,1652.0,1674.0,1640.0,1656.0,nan,1656.0,67389,2231923680.0,50351,1652.0,47,1651.0,34,nan,0,nan,0,nan,0,nan,0,nan,0,nan,0,nan,0,nan,0
1597988387270023936,1597988387000001024,2020-08-21 13:39:47.000001,1652.0,1674.0,1640.0,1656.0,nan,1656.0,67390,2231956800.0,50351,1652.0,46,1651.0,34,nan,0,nan,0,nan,0,nan,0,nan,0,nan,0,nan,0,nan,0
1597988388787060992,1597988389000000000,2020-08-21 13:39:49.000000,1652.0,1674.0,1640.0,1656.0,nan,1656.0,67390,2231956800.0,50351,1652.0,52,1651.0,34,nan,0,nan,0,nan,0,nan,0,nan,0,nan,0,nan,0,nan,0
1597988389780038912,1597988390000000000,2020-08-21 13:39:50.000000,1652.0,1674.0,1640.0,1656.0,nan,1656.0,67391,2231989920.0,50351,1652.0,51,1651.0,34,nan,0,nan,0,nan,0,nan,0,nan,0,nan,0,nan,0,nan,0
1597988390273225984,1597988390000001024,2020-08-21 13:39:50.000001,1652.0,1674.0,1640.0,1656.0,nan,1656.0,67395,2232122400.0,50347,1652.0,47,1651.0,35,nan,0,nan,0,nan,0,nan,0,nan,0,nan,0,nan,0,nan,0
1597988390790618880,1597988391000000000,2020-08-21 13:39:51.000000,1652.0,1674.0,1640.0,1656.0,nan,1656.0,67395,2232122400.0,50347,1652.0,48,1651.0,35,nan,0,nan,0,nan,0,nan,0,nan,0,nan,0,nan,0,nan,0
1597988391292272896,1597988391000001024,2020-08-21 13:39:51.000001,1652.0,1674.0,1640.0,1656.0,nan,1656.0,67399,2232254880.0,50348,1652.0,43,1651.0,35,nan,0,nan,0,nan,0,nan,0,nan,0,nan,0,nan,0,nan,0
1597988392784310016,1597988393000000000,2020-08-21 13:39:53.000000,1652.0,1674.0,1640.0,1656.0,nan,1656.0,67399,2232254880.0,50348,1652.0,44,1651.0,35,nan,0,nan,0,nan,0,nan,0,nan,0,nan,0,nan,0,nan,0
1597988393279470080,1597988393000001024,2020-08-21 13:39:53.000001,1652.0,1674.0,1640.0,1656.0,nan,1656.0,67399,2232254880.0,50348,1652.0,45,1651.0,35,nan,0,nan,0,nan,0,nan,0,nan,0,nan,0,nan,0,nan,0
1597988393782909952,1597988394000000000,2020-08-21 13:39:54.000000,1652.0,1674.0,1640.0,1656.0,nan,1656.0,67400,2232288000.0,50348,1652.0,44,1651.0,35,nan,0,nan,0,nan,0,nan,0,nan,0,nan,0,nan,0,nan,0
1597988394797986048,1597988395000000000,2020-08-21 13:39:55.000000,1652.0,1674.0,1640.0,1656.0,nan,1656.0,67403,2232387360.0,50351,1652.0,42,1651.0,34,nan,0,nan,0,nan,0,nan,0,nan,0,nan,0,nan,0,nan,0
1597988395270640896,1597988395000001024,2020-08-21 13:39:55.000001,1652.0,1674.0,1640.0,1656.0,nan,1656.0,67404,2232420480.0,50352,1652.0,41,1651.0,34,nan,0,nan,0,nan,0,nan,0,nan,0,nan,0,nan,0,nan,0
1597988395786240000,1597988396000000000,2020-08-21 13:39:56.000000,1652.0,1674.0,1640.0,1656.0,nan,1656.0,67404,2232420480.0,50352,1652.0,45,1651.0,34,nan,0,nan,0,nan,0,nan,0,nan,0,nan,0,nan,0,nan,0
1597988396294780928,1597988396000001024,2020-08-21 13:39:56.000001,1652.0,1674.0,1640.0,1656.0,nan,1656.0,67408,2232552960.0,50354,1652.0,41,1651.0,33,nan,0,nan,0,nan,0,nan,0,nan,0,nan,0,nan,0,nan,0
1597988396798749952,1597988397000000000,2020-08-21 13:39:57.000000,1652.0,1674.0,1640.0,1656.0,nan,1656.0,67409,2232586080.0,50353,1652.0,40,1651.0,38,nan,0,nan,0,nan,0,nan,0,nan,0,nan,0,nan,0,nan,0
1597988397322056960,1597988397000001024,2020-08-21 13:39:57.000001,1652.0,1674.0,1640.0,1656.0,nan,1656.0,67412,2232685440.0,50353,1652.0,41,1651.0,38,nan,0,nan,0,nan,0,nan,0,nan,0,nan,0,nan,0,nan,0
1597988397909071872,1597988398000000000,2020-08-21 13:39:58.000000,1652.0,1674.0,1640.0,1656.0,nan,1656.0,67413,2232718560.0,50353,1652.0,40,1651.0,39,nan,0,nan,0,nan,0,nan,0,nan,0,nan,0,nan,0,nan,0
1597988398296252928,1597988398000001024,2020-08-21 13:39:58.000001,1652.0,1674.0,1640.0,1656.0,nan,1656.0,67415,2232784800.0,50355,1652.0,37,1651.0,40,nan,0,nan,0,nan,0,nan,0,nan,0,nan,0,nan,0,nan,0
1597988398787369984,1597988399000000000,2020-08-21 13:39:59.000000,1652.0,1674.0,1640.0,1656.0,nan,1656.0,67417,2232851040.0,50357,1652.0,36,1651.0,40,nan,0,nan,0,nan,0,nan,0,nan,0,nan,0,nan,0,nan,0
1597988399284802048,1597988399000001024,2020-08-21 13:39:59.000001,1652.0,1674.0,1640.0,1656.0,nan,1656.0,67419,2232917280.0,50357,1652.0,34,1651.0,40,nan,0,nan,0,nan,0,nan,0,nan,0,nan,0,nan,0,nan,0
1597988399838742016,1597988400000000000,2020-08-21 13:40:00.000000,1652.0,1674.0,1640.0,1656.0,nan,1656.0,67420,2232950400.0,50357,1652.0,33,1651.0,39,nan,0,nan,0,nan,0,nan,0,nan,0,nan,0,nan,0,nan,0
1597988400281687040,1597988400000001024,2020-08-21 13:40:00.000001,1652.0,1674.0,1640.0,1656.0,nan,1656.0,67421,2232983520.0,50356,1652.0,33,1651.0,39,nan,0,nan,0,nan,0,nan,0,nan,0,nan,0,nan,0,nan,0
1597988400810300928,1597988401000000000,2020-08-21 13:40:01.000000,1652.0,1674.0,1640.0,1656.0,nan,1656.0,67421,2232983520.0,50356,1652.0,34,1651.0,39,nan,0,nan,0,nan,0,nan,0,nan,0,nan,0,nan,0,nan,0
1597988401283330048,1597988401000001024,2020-08-21 13:40:01.000001,1652.0,1674.0,1640.0,1656.0,nan,1656.0,67421,2232983520.0,50356,1652.0,40,1651.0,39,nan,0,nan,0,nan,0,nan,0,nan,0,nan,0,nan,0,nan,0
1597988403311424000,1597988403000001024,2020-08-21 13:40:03.000001,1652.0,1674.0,1640.0,1656.0,nan,1656.0,67421,2232983520.0,50356,1652.0,40,1651.0,41,nan,0,nan,0,nan,0,nan,0,nan,0,nan,0,nan,0,nan,0
1597988403792491008,1597988404000000000,2020-08-21 13:40:04.000000,1652.0,1674.0,1640.0,1656.0,nan,1656.0,67421,2232983520.0,50356,1652.0,39,1651.0,42,nan,0,nan,0,nan,0,nan,0,nan,0,nan,0,nan,0,nan,0
1597988404294309120,1597988404000001024,2020-08-21 13:40:04.000001,1652.0,1674.0,1640.0,1656.0,nan,1656.0,67422,2233016640.0,50356,1652.0,38,1651.0,42,nan,0,nan,0,nan,0,nan,0,nan,0,nan,0,nan,0,nan,0
1597988406292156928,1597988406000001024,2020-08-21 13:40:06.000001,1652.0,1674.0,1640.0,1656.0,nan,1656.0,67422,2233016640.0,50356,1652.0,40,1651.0,45,nan,0,nan,0,nan,0,nan,0,nan,0,nan,0,nan,0,nan,0
1597988406800077056,1597988407000000000,2020-08-21 13:40:07.000000,1652.0,1674.0,1640.0,1656.0,nan,1656.0,67422,2233016640.0,50356,1652.0,40,1651.0,46,nan,0,nan,0,nan,0,nan,0,nan,0,nan,0,nan,0,nan,0
1597988408280762880,1597988408000001024,2020-08-21 13:40:08.000001,1651.0,1674.0,1640.0,1656.0,nan,1656.0,67463,2234374560.0,50340,1652.0,35,1651.0,6,nan,0,nan,0,nan,0,nan,0,nan,0,nan,0,nan,0,nan,0
1597988408855357952,1597988409000000000,2020-08-21 13:40:09.000000,1651.0,1674.0,1640.0,1656.0,nan,1656.0,67469,2234573280.0,50340,1652.0,49,1650.0,44,nan,0,nan,0,nan,0,nan,0,nan,0,nan,0,nan,0,nan,0
1597988409282494976,1597988409000001024,2020-08-21 13:40:09.000001,1651.0,1674.0,1640.0,1656.0,nan,1656.0,67469,2234573280.0,50340,1652.0,53,1650.0,44,nan,0,nan,0,nan,0,nan,0,nan,0,nan,0,nan,0,nan,0
1597988409795966976,1597988410000000000,2020-08-21 13:40:10.000000,1651.0,1674.0,1640.0,1656.0,nan,1656.0,67469,2234573280.0,50340,1651.0,5,1650.0,44,nan,0,nan,0,nan,0,nan,0,nan,0,nan,0,nan,0,nan,0
1597988410280811008,1597988410000001024,2020-08-21 13:40:10.000001,1651.0,1674.0,1640.0,1656.0,nan,1656.0,67469,2234573280.0,50340,1651.0,19,1650.0,44,nan,0,nan,0,nan,0,nan,0,nan,0,nan,0,nan,0,nan,0
1597988411284242944,1597988411000001024,2020-08-21 13:40:11.000001,1651.0,1674.0,1640.0,1656.0,nan,1656.0,67469,2234573280.0,50340,1651.0,20,1650.0,45,nan,0,nan,0,nan,0,nan,0,nan,0,nan,0,nan,0,nan,0
1597988411800275968,1597988412000000000,2020-08-21 13:40:12.000000,1650.0,1674.0,1640.0,1656.0,nan,1656.0,67471,2234639520.0,50342,1651.0,28,1650.0,43,nan,0,nan,0,nan,0,nan,0,nan,0,nan,0,nan,0,nan,0
1597988412288858112,1597988412000001024,2020-08-21 13:40:12.000001,1651.0,1674.0,1640.0,1656.0,nan,1656.0,67472,2234672640.0,50342,1651.0,27,1650.0,44,nan,0,nan,0,nan,0,nan,0,nan,0,nan,0,nan,0,nan,0
1597988412821306112,1597988413000000000,2020-08-21 13:40:13.000000,1651.0,1674.0,1640.0,1656.0,nan,1656.0,67472,2234672640.0,50342,1651.0,28,1650.0,44,nan,0,nan,0,nan,0,nan,0,nan,0,nan,0,nan,0,nan,0
1597988414282708992,1597988414000001024,2020-08-21 13:40:14.000001,1651.0,1674.0,1640.0,1656.0,nan,1656.0,67473,2234705760.0,50342,1651.0,27,1650.0,44,nan,0,nan,0,nan,0,nan,0,nan,0,nan,0,nan,0,nan,0
1597988414809380096,1597988415000000000,2020-08-21 13:40:15.000000,1651.0,1674.0,1640.0,1656.0,nan,1656.0,67475,2234772000.0,50343,1651.0,29,1650.0,43,nan,0,nan,0,nan,0,nan,0,nan,0,nan,0,nan,0,nan,0
1597988416302394112,1597988416000001024,2020-08-21 13:40:16.000001,1651.0,1674.0,1640.0,1656.0,nan,1656.0,67478,2234871360.0,50343,1651.0,28,1650.0,42,nan,0,nan,0,nan,0,nan,0,nan,0,nan,0,nan,0,nan,0
1597988416811657984,1597988417000000000,2020-08-21 13:40:17.000000,1651.0,1674.0,1640.0,1656.0,nan,1656.0,67478,2234871360.0,50343,1651.0,28,1650.0,44,nan,0,nan,0,nan,0,nan,0,nan,0,nan,0,nan,0,nan,0
1597988417285036032,1597988417000001024,2020-08-21 13:40:17.000001,1651.0,1674.0,1640.0,1656.0,nan,1656.0,67482,2235003840.0,50344,1651.0,25,1650.0,43,nan,0,nan,0,nan,0,nan,0,nan,0,nan,0,nan,0,nan,0
1597988417818405888,1597988418000000000,2020-08-21 13:40:18.000000,1650.0,1674.0,1640.0,1656.0,nan,1656.0,67483,2235036960.0,50345,1651.0,25,1650.0,41,nan,0,nan,0,nan,0,nan,0,nan,0,nan,0,nan,0,nan,0
1597988418287460096,1597988418000001024,2020-08-21 13:40:18.000001,1650.0,1674.0,1640.0,1656.0,nan,1656.0,67483,2235036960.0,50345,1651.0,25,1650.0,43,nan,0,nan,0,nan,0,nan,0,nan,0,nan,0,nan,0,nan,0
1597988419357413120,1597988419000001024,2020-08-21 13:40:19.000001,1650.0,1674.0,1640.0,1656.0,nan,1656.0,67483,2235036960.0,50345,1651.0,26,1650.0,43,nan,0,nan,0,nan,0,nan,0,nan,0,nan,0,nan,0,nan,0
1597988419803036928,1597988420000000000,2020-08-21 13:40:20.000000,1651.0,1674.0,1640.0,1656.0,nan,1656.0,67485,2235103200.0,50344,1651.0,24,1650.0,43,nan,0,nan,0,nan,0,nan,0,nan,0,nan,0,nan,0,nan,0
1597988420791192064,1597988421000000000,2020-08-21 13:40:21.000000,1651.0,1674.0,1640.0,1656.0,nan,1656.0,67486,2235136320.0,50345,1651.0,23,1650.0,47,nan,0,nan,0,nan,0,nan,0,nan,0,nan,0,nan,0,nan,0
1597988421798708992,1597988422000000000,2020-08-21 13:40:22.000000,1651.0,1674.0,1640.0,1656.0,nan,1656.0,67486,2235136320.0,50345,1651.0,23,1650.0,49,nan,0,nan,0,nan,0,nan,0,nan,0,nan,0,nan,0,nan,0
1597988422285863936,1597988422000001024,2020-08-21 13:40:22.000001,1650.0,1674.0,1640.0,1656.0,nan,1656.0,67487,2235169440.0,50346,1651.0,24,1650.0,48,nan,0,nan,0,nan,0,nan,0,nan,0,nan,0,nan,0,nan,0
1597988424298006016,1597988424000001024,2020-08-21 13:40:24.000001,1651.0,1674.0,1640.0,1656.0,nan,1656.0,67513,2236030560.0,50351,1652.0,76,1651.0,28,nan,0,nan,0,nan,0,nan,0,nan,0,nan,0,nan,0,nan,0
1597988424800172032,1597988425000000000,2020-08-21 13:40:25.000000,1651.0,1674.0,1640.0,1656.0,nan,1656.0,67515,2236096800.0,50353,1652.0,76,1651.0,26,nan,0,nan,0,nan,0,nan,0,nan,0,nan,0,nan,0,nan,0
1597988425280945920,1597988425000001024,2020-08-21 13:40:25.000001,1651.0,1674.0,1640.0,1656.0,nan,1656.0,67521,2236295520.0,50354,1652.0,76,1651.0,21,nan,0,nan,0,nan,0,nan,0,nan,0,nan,0,nan,0,nan,0
1597988425802085888,1597988426000000000,2020-08-21 13:40:26.000000,1651.0,1674.0,1640.0,1656.0,nan,1656.0,67523,2236361760.0,50354,1652.0,76,1651.0,19,nan,0,nan,0,nan,0,nan,0,nan,0,nan,0,nan,0,nan,0
1597988426303987968,1597988426000001024,2020-08-21 13:40:26.000001,1651.0,1674.0,1640.0,1656.0,nan,1656.0,67524,2236394880.0,50355,1652.0,76,1651.0,18,nan,0,nan,0,nan,0,nan,0,nan,0,nan,0,nan,0,nan,0
1597988428291596032,1597988428000001024,2020-08-21 13:40:28.000001,1651.0,1674.0,1640.0,1656.0,nan,1656.0,67527,2236494240.0,50357,1652.0,76,1651.0,15,nan,0,nan,0,nan,0,nan,0,nan,0,nan,0,nan,0,nan,0
1597988428802906880,1597988429000000000,2020-08-21 13:40:29.000000,1651.0,1674.0,1640.0,1656.0,nan,1656.0,67530,2236593600.0,50358,1652.0,76,1651.0,12,nan,0,nan,0,nan,0,nan,0,nan,0,nan,0,nan,0,nan,0
1597988429291244032,1597988429000001024,2020-08-21 13:40:29.000001,1651.0,1674.0,1640.0,1656.0,nan,1656.0,67535,2236759200.0,50363,1652.0,76,1651.0,7,nan,0,nan,0,nan,0,nan,0,nan,0,nan,0,nan,0,nan,0
1597988429809838080,1597988430000000000,2020-08-21 13:40:30.000000,1651.0,1674.0,1640.0,1656.0,nan,1656.0,67546,2237123520.0,50366,1651.0,7,1650.0,43,nan,0,nan,0,nan,0,nan,0,nan,0,nan,0,nan,0,nan,0
1597988430382874112,1597988430000001024,2020-08-21 13:40:30.000001,1650.0,1674.0,1640.0,1656.0,nan,1656.0,67547,2237156640.0,50367,1651.0,7,1650.0,42,nan,0,nan,0,nan,0,nan,0,nan,0,nan,0,nan,0,nan,0
1597988431819224064,1597988432000000000,2020-08-21 13:40:32.000000,1651.0,1674.0,1640.0,1656.0,nan,1656.0,67548,2237189760.0,50367,1651.0,6,1650.0,42,nan,0,nan,0,nan,0,nan,0,nan,0,nan,0,nan,0,nan,0
1597988432290644992,1597988432000001024,2020-08-21 13:40:32.000001,1651.0,1674.0,1640.0,1656.0,nan,1656.0,67548,2237189760.0,50367,1651.0,9,1650.0,42,nan,0,nan,0,nan,0,nan,0,nan,0,nan,0,nan,0,nan,0
1597988432817026048,1597988433000000000,2020-08-21 13:40:33.000000,1651.0,1674.0,1640.0,1656.0,nan,1656.0,67549,2237222880.0,50368,1651.0,8,1650.0,42,nan,0,nan,0,nan,0,nan,0,nan,0,nan,0,nan,0,nan,0
1597988433294834944,1597988433000001024,2020-08-21 13:40:33.000001,1651.0,1674.0,1640.0,1656.0,nan,1656.0,67550,2237256000.0,50369,1651.0,7,1650.0,43,nan,0,nan,0,nan,0,nan,0,nan,0,nan,0,nan,0,nan,0
1597988434326482944,1597988434000001024,2020-08-21 13:40:34.000001,1651.0,1674.0,1640.0,1656.0,nan,1656.0,67551,2237289120.0,50370,1651.0,11,1650.0,43,nan,0,nan,0,nan,0,nan,0,nan,0,nan,0,nan,0,nan,0
1597988434810896896,1597988435000000000,2020-08-21 13:40:35.000000,1651.0,1674.0,1640.0,1656.0,nan,1656.0,67562,2237653440.0,50365,1652.0,76,1651.0,1,nan,0,nan,0,nan,0,nan,0,nan,0,nan,0,nan,0,nan,0
1597988435298977024,1597988435000001024,2020-08-21 13:40:35.000001,1651.0,1674.0,1640.0,1656.0,nan,1656.0,67562,2237653440.0,50365,1652.0,76,1651.0,2,nan,0,nan,0,nan,0,nan,0,nan,0,nan,0,nan,0,nan,0
1597988436317244928,1597988436000001024,2020-08-21 13:40:36.000001,1651.0,1674.0,1640.0,1656.0,nan,1656.0,67564,2237719680.0,50364,1651.0,22,1650.0,46,nan,0,nan,0,nan,0,nan,0,nan,0,nan,0,nan,0,nan,0
1597988436814756096,1597988437000000000,2020-08-21 13:40:37.000000,1651.0,1674.0,1640.0,1656.0,nan,1656.0,67564,2237719680.0,50364,1651.0,22,1650.0,50,nan,0,nan,0,nan,0,nan,0,nan,0,nan,0,nan,0,nan,0
1597988437830006016,1597988438000000000,2020-08-21 13:40:38.000000,1651.0,1674.0,1640.0,1656.0,nan,1656.0,67564,2237719680.0,50364,1651.0,23,1650.0,50,nan,0,nan,0,nan,0,nan,0,nan,0,nan,0,nan,0,nan,0
1597988438296585984,1597988438000001024,2020-08-21 13:40:38.000001,1651.0,1674.0,1640.0,1656.0,nan,1656.0,67568,2237852160.0,50366,1651.0,21,1650.0,48,nan,0,nan,0,nan,0,nan,0,nan,0,nan,0,nan,0,nan,0
1597988440335069952,1597988440000001024,2020-08-21 13:40:40.000001,1651.0,1674.0,1640.0,1656.0,nan,1656.0,67570,2237918400.0,50364,1651.0,19,1650.0,48,nan,0,nan,0,nan,0,nan,0,nan,0,nan,0,nan,0,nan,0
1597988440808178944,1597988441000000000,2020-08-21 13:40:41.000000,1651.0,1674.0,1640.0,1656.0,nan,1656.0,67580,2238249600.0,50354,1651.0,11,1650.0,48,nan,0,nan,0,nan,0,nan,0,nan,0,nan,0,nan,0,nan,0
1597988441819634944,1597988442000000000,2020-08-21 13:40:42.000000,1651.0,1674.0,1640.0,1656.0,nan,1656.0,67580,2238249600.0,50354,1651.0,13,1650.0,48,nan,0,nan,0,nan,0,nan,0,nan,0,nan,0,nan,0,nan,0
1597988445295756032,1597988445000001024,2020-08-21 13:40:45.000001,1651.0,1674.0,1640.0,1656.0,nan,1656.0,67583,2238348960.0,50354,1651.0,10,1650.0,48,nan,0,nan,0,nan,0,nan,0,nan,0,nan,0,nan,0,nan,0
1597988446326699008,1597988446000001024,2020-08-21 13:40:46.000001,1651.0,1674.0,1640.0,1656.0,nan,1656.0,67583,2238348960.0,50354,1651.0,13,1650.0,48,nan,0,nan,0,nan,0,nan,0,nan,0,nan,0,nan,0,nan,0
1597988446828478976,1597988447000000000,2020-08-21 13:40:47.000000,1651.0,1674.0,1640.0,1656.0,nan,1656.0,67584,2238382080.0,50354,1651.0,12,1650.0,48,nan,0,nan,0,nan,0,nan,0,nan,0,nan,0,nan,0,nan,0
1597988447809272064,1597988448000000000,2020-08-21 13:40:48.000000,1651.0,1674.0,1640.0,1656.0,nan,1656.0,67584,2238382080.0,50354,1651.0,13,1650.0,49,nan,0,nan,0,nan,0,nan,0,nan,0,nan,0,nan,0,nan,0
1597988451303456000,1597988451000001024,2020-08-21 13:40:51.000001,1651.0,1674.0,1640.0,1656.0,nan,1656.0,67584,2238382080.0,50354,1651.0,13,1650.0,50,nan,0,nan,0,nan,0,nan,0,nan,0,nan,0,nan,0,nan,0
1597988451823098880,1597988452000000000,2020-08-21 13:40:52.000000,1650.0,1674.0,1640.0,1656.0,nan,1656.0,67606,2239110720.0,50348,1651.0,14,1650.0,30,nan,0,nan,0,nan,0,nan,0,nan,0,nan,0,nan,0,nan,0
1597988452329053952,1597988452000001024,2020-08-21 13:40:52.000001,1650.0,1674.0,1640.0,1656.0,nan,1656.0,67606,2239110720.0,50348,1651.0,28,1650.0,30,nan,0,nan,0,nan,0,nan,0,nan,0,nan,0,nan,0,nan,0
1597988454308400128,1597988454000001024,2020-08-21 13:40:54.000001,1650.0,1674.0,1640.0,1656.0,nan,1656.0,67637,2240137440.0,50348,1650.0,10,1649.0,45,nan,0,nan,0,nan,0,nan,0,nan,0,nan,0,nan,0,nan,0
1597988454808948992,1597988455000000000,2020-08-21 13:40:55.000000,1650.0,1674.0,1640.0,1656.0,nan,1656.0,67639,2240203680.0,50350,1650.0,7,1649.0,45,nan,0,nan,0,nan,0,nan,0,nan,0,nan,0,nan,0,nan,0
1597988455326964992,1597988455000001024,2020-08-21 13:40:55.000001,1650.0,1674.0,1640.0,1656.0,nan,1656.0,67646,2240435520.0,50357,1651.0,29,1650.0,11,nan,0,nan,0,nan,0,nan,0,nan,0,nan,0,nan,0,nan,0
1597988457809374976,1597988458000000000,2020-08-21 13:40:58.000000,1650.0,1674.0,1640.0,1656.0,nan,1656.0,67646,2240435520.0,50357,1651.0,29,1650.0,13,nan,0,nan,0,nan,0,nan,0,nan,0,nan,0,nan,0,nan,0
1597988459804988928,1597988460000000000,2020-08-21 13:41:00.000000,1650.0,1674.0,1640.0,1656.0,nan,1656.0,67646,2240435520.0,50357,1651.0,29,1650.0,14,nan,0,nan,0,nan,0,nan,0,nan,0,nan,0,nan,0,nan,0
1597988461818370048,1597988462000000000,2020-08-21 13:41:02.000000,1650.0,1674.0,1640.0,1656.0,nan,1656.0,67647,2240468640.0,50358,1651.0,29,1650.0,14,nan,0,nan,0,nan,0,nan,0,nan,0,nan,0,nan,0,nan,0
1597988462321327104,1597988462000001024,2020-08-21 13:41:02.000001,1650.0,1674.0,1640.0,1656.0,nan,1656.0,67647,2240468640.0,50358,1651.0,29,1650.0,15,nan,0,nan,0,nan,0,nan,0,nan,0,nan,0,nan,0,nan,0
1597988462831447040,1597988463000000000,2020-08-21 13:41:03.000000,1650.0,1674.0,1640.0,1656.0,nan,1656.0,67647,2240468640.0,50358,1651.0,29,1650.0,20,nan,0,nan,0,nan,0,nan,0,nan,0,nan,0,nan,0,nan,0
1597988463302892032,1597988463000001024,2020-08-21 13:41:03.000001,1651.0,1674.0,1640.0,1656.0,nan,1656.0,67648,2240501760.0,50358,1651.0,54,1650.0,29,nan,0,nan,0,nan,0,nan,0,nan,0,nan,0,nan,0,nan,0
1597988463827673088,1597988464000000000,2020-08-21 13:41:04.000000,1651.0,1674.0,1640.0,1656.0,nan,1656.0,67648,2240501760.0,50358,1651.0,55,1650.0,30,nan,0,nan,0,nan,0,nan,0,nan,0,nan,0,nan,0,nan,0
1597988465303185920,1597988465000001024,2020-08-21 13:41:05.000001,1651.0,1674.0,1640.0,1656.0,nan,1656.0,67698,2242157760.0,50377,1651.0,5,1650.0,30,nan,0,nan,0,nan,0,nan,0,nan,0,nan,0,nan,0,nan,0
1597988466318785024,1597988466000001024,2020-08-21 13:41:06.000001,1651.0,1674.0,1640.0,1656.0,nan,1656.0,67698,2242157760.0,50377,1651.0,41,1650.0,30,nan,0,nan,0,nan,0,nan,0,nan,0,nan,0,nan,0,nan,0
1597988466820315904,1597988467000000000,2020-08-21 13:41:07.000000,1651.0,1674.0,1640.0,1656.0,nan,1656.0,67698,2242157760.0,50377,1651.0,41,1650.0,31,nan,0,nan,0,nan,0,nan,0,nan,0,nan,0,nan,0,nan,0
1597988467307533056,1597988467000001024,2020-08-21 13:41:07.000001,1650.0,1674.0,1640.0,1656.0,nan,1656.0,67699,2242190880.0,50377,1651.0,42,1650.0,30,nan,0,nan,0,nan,0,nan,0,nan,0,nan,0,nan,0,nan,0
1597988467814640128,1597988468000000000,2020-08-21 13:41:08.000000,1651.0,1674.0,1640.0,1656.0,nan,1656.0,67700,2242224000.0,50377,1651.0,46,1650.0,37,nan,0,nan,0,nan,0,nan,0,nan,0,nan,0,nan,0,nan,0
1597988468305868032,1597988468000001024,2020-08-21 13:41:08.000001,1651.0,1674.0,1640.0,1656.0,nan,1656.0,67700,2242224000.0,50377,1651.0,47,1650.0,37,nan,0,nan,0,nan,0,nan,0,nan,0,nan,0,nan,0,nan,0
1597988469335451904,1597988469000001024,2020-08-21 13:41:09.000001,1651.0,1674.0,1640.0,1656.0,nan,1656.0,67700,2242224000.0,50377,1651.0,46,1650.0,38,nan,0,nan,0,nan,0,nan,0,nan,0,nan,0,nan,0,nan,0
1597988469830731008,1597988470000000000,2020-08-21 13:41:10.000000,1651.0,1674.0,1640.0,1656.0,nan,1656.0,67701,2242257120.0,50377,1651.0,45,1650.0,40,nan,0,nan,0,nan,0,nan,0,nan,0,nan,0,nan,0,nan,0
1597988471830998016,1597988472000000000,2020-08-21 13:41:12.000000,1651.0,1674.0,1640.0,1656.0,nan,1656.0,67701,2242257120.0,50377,1651.0,47,1650.0,40,nan,0,nan,0,nan,0,nan,0,nan,0,nan,0,nan,0,nan,0
1597988473818973952,1597988474000000000,2020-08-21 13:41:14.000000,1651.0,1674.0,1640.0,1656.0,nan,1656.0,67702,2242290240.0,50377,1651.0,50,1650.0,40,nan,0,nan,0,nan,0,nan,0,nan,0,nan,0,nan,0,nan,0
1597988474307138048,1597988474000001024,2020-08-21 13:41:14.000001,1651.0,1674.0,1640.0,1656.0,nan,1656.0,67702,2242290240.0,50377,1651.0,51,1650.0,40,nan,0,nan,0,nan,0,nan,0,nan,0,nan,0,nan,0,nan,0
1597988475306326016,1597988475000001024,2020-08-21 13:41:15.000001,1651.0,1674.0,1640.0,1656.0,nan,1656.0,67705,2242389600.0,50377,1651.0,48,1650.0,40,nan,0,nan,0,nan,0,nan,0,nan,0,nan,0,nan,0,nan,0
1597988476331400960,1597988476000001024,2020-08-21 13:41:16.000001,1651.0,1674.0,1640.0,1656.0,nan,1656.0,67709,2242522080.0,50377,1651.0,45,1650.0,40,nan,0,nan,0,nan,0,nan,0,nan,0,nan,0,nan,0,nan,0
1597988477306093056,1597988477000001024,2020-08-21 13:41:17.000001,1651.0,1674.0,1640.0,1656.0,nan,1656.0,67709,2242522080.0,50377,1651.0,50,1650.0,40,nan,0,nan,0,nan,0,nan,0,nan,0,nan,0,nan,0,nan,0
1597988477831793920,1597988478000000000,2020-08-21 13:41:18.000000,1651.0,1674.0,1640.0,1656.0,nan,1656.0,67709,2242522080.0,50377,1651.0,52,1650.0,40,nan,0,nan,0,nan,0,nan,0,nan,0,nan,0,nan,0,nan,0
1597988481841926912,1597988482000000000,2020-08-21 13:41:22.000000,1651.0,1674.0,1640.0,1656.0,nan,1656.0,67709,2242522080.0,50377,1651.0,52,1650.0,42,nan,0,nan,0,nan,0,nan,0,nan,0,nan,0,nan,0,nan,0
1597988483312462080,1597988483000001024,2020-08-21 13:41:23.000001,1651.0,1674.0,1640.0,1656.0,nan,1656.0,67711,2242588320.0,50379,1651.0,50,1650.0,42,nan,0,nan,0,nan,0,nan,0,nan,0,nan,0,nan,0,nan,0
1597988484304120064,1597988484000001024,2020-08-21 13:41:24.000001,1651.0,1674.0,1640.0,1656.0,nan,1656.0,67764,2244343680.0,50410,1652.0,184,1650.0,39,nan,0,nan,0,nan,0,nan,0,nan,0,nan,0,nan,0,nan,0
1597988484831528960,1597988485000000000,2020-08-21 13:41:25.000000,1651.0,1674.0,1640.0,1656.0,nan,1656.0,67764,2244343680.0,50410,1652.0,170,1650.0,39,nan,0,nan,0,nan,0,nan,0,nan,0,nan,0,nan,0,nan,0
1597988485313830912,1597988485000001024,2020-08-21 13:41:25.000001,1651.0,1674.0,1640.0,1656.0,nan,1656.0,67764,2244343680.0,50410,1651.0,2,1650.0,39,nan,0,nan,0,nan,0,nan,0,nan,0,nan,0,nan,0,nan,0
1597988486317581056,1597988486000001024,2020-08-21 13:41:26.000001,1651.0,1674.0,1640.0,1656.0,nan,1656.0,67766,2244409920.0,50408,1652.0,70,1650.0,39,nan,0,nan,0,nan,0,nan,0,nan,0,nan,0,nan,0,nan,0
1597988486830714112,1597988487000000000,2020-08-21 13:41:27.000000,1651.0,1674.0,1640.0,1656.0,nan,1656.0,67766,2244409920.0,50408,1652.0,70,1650.0,40,nan,0,nan,0,nan,0,nan,0,nan,0,nan,0,nan,0,nan,0
1597988487317161984,1597988487000001024,2020-08-21 13:41:27.000001,1651.0,1674.0,1640.0,1656.0,nan,1656.0,67766,2244409920.0,50408,1652.0,69,1650.0,44,nan,0,nan,0,nan,0,nan,0,nan,0,nan,0,nan,0,nan,0
1597988487832630016,1597988488000000000,2020-08-21 13:41:28.000000,1651.0,1674.0,1640.0,1656.0,nan,1656.0,67766,2244409920.0,50408,1652.0,69,1651.0,6,nan,0,nan,0,nan,0,nan,0,nan,0,nan,0,nan,0,nan,0
1597988488350747904,1597988488000001024,2020-08-21 13:41:28.000001,1651.0,1674.0,1640.0,1656.0,nan,1656.0,67767,2244443040.0,50408,1652.0,69,1651.0,5,nan,0,nan,0,nan,0,nan,0,nan,0,nan,0,nan,0,nan,0
1597988490317711872,1597988490000001024,2020-08-21 13:41:30.000001,1651.0,1674.0,1640.0,1656.0,nan,1656.0,67769,2244509280.0,50408,1652.0,68,1651.0,9,nan,0,nan,0,nan,0,nan,0,nan,0,nan,0,nan,0,nan,0
1597988490836352000,1597988491000000000,2020-08-21 13:41:31.000000,1651.0,1674.0,1640.0,1656.0,nan,1656.0,67770,2244542400.0,50408,1652.0,68,1651.0,8,nan,0,nan,0,nan,0,nan,0,nan,0,nan,0,nan,0,nan,0
1597988491347083008,1597988491000001024,2020-08-21 13:41:31.000001,1651.0,1674.0,1640.0,1656.0,nan,1656.0,67771,2244575520.0,50408,1652.0,68,1651.0,7,nan,0,nan,0,nan,0,nan,0,nan,0,nan,0,nan,0,nan,0
1597988492314814976,1597988492000001024,2020-08-21 13:41:32.000001,1651.0,1674.0,1640.0,1656.0,nan,1656.0,67771,2244575520.0,50408,1652.0,68,1651.0,8,nan,0,nan,0,nan,0,nan,0,nan,0,nan,0,nan,0,nan,0
1597988492841456128,1597988493000000000,2020-08-21 13:41:33.000000,1651.0,1674.0,1640.0,1656.0,nan,1656.0,67771,2244575520.0,50408,1652.0,68,1651.0,9,nan,0,nan,0,nan,0,nan,0,nan,0,nan,0,nan,0,nan,0
1597988493328460032,1597988493000001024,2020-08-21 13:41:33.000001,1651.0,1674.0,1640.0,1656.0,nan,1656.0,67771,2244575520.0,50408,1652.0,68,1651.0,16,nan,0,nan,0,nan,0,nan,0,nan,0,nan,0,nan,0,nan,0
1597988493834448896,1597988494000000000,2020-08-21 13:41:34.000000,1652.0,1674.0,1640.0,1656.0,nan,1656.0,67772,2244608640.0,50408,1652.0,69,1651.0,37,nan,0,nan,0,nan,0,nan,0,nan,0,nan,0,nan,0,nan,0
1597988494319215104,1597988494000001024,2020-08-21 13:41:34.000001,1651.0,1674.0,1640.0,1656.0,nan,1656.0,67773,2244641760.0,50408,1652.0,69,1651.0,36,nan,0,nan,0,nan,0,nan,0,nan,0,nan,0,nan,0,nan,0
1597988494821029120,1597988495000000000,2020-08-21 13:41:35.000000,1651.0,1674.0,1640.0,1656.0,nan,1656.0,67773,2244641760.0,50408,1652.0,79,1651.0,36,nan,0,nan,0,nan,0,nan,0,nan,0,nan,0,nan,0,nan,0
1597988496835570944,1597988497000000000,2020-08-21 13:41:37.000000,1651.0,1674.0,1640.0,1656.0,nan,1656.0,67773,2244641760.0,50408,1652.0,79,1651.0,56,nan,0,nan,0,nan,0,nan,0,nan,0,nan,0,nan,0,nan,0
1597988497340801024,1597988497000001024,2020-08-21 13:41:37.000001,1652.0,1674.0,1640.0,1656.0,nan,1656.0,67777,2244774240.0,50410,1652.0,75,1651.0,57,nan,0,nan,0,nan,0,nan,0,nan,0,nan,0,nan,0,nan,0
1597988497840975104,1597988498000000000,2020-08-21 13:41:38.000000,1652.0,1674.0,1640.0,1656.0,nan,1656.0,67778,2244807360.0,50410,1652.0,70,1651.0,57,nan,0,nan,0,nan,0,nan,0,nan,0,nan,0,nan,0,nan,0
1597988498830725888,1597988499000000000,2020-08-21 13:41:39.000000,1651.0,1674.0,1640.0,1656.0,nan,1656.0,67834,2246662080.0,50423,1652.0,70,1650.0,38,nan,0,nan,0,nan,0,nan,0,nan,0,nan,0,nan,0,nan,0
1597988499311710976,1597988499000001024,2020-08-21 13:41:39.000001,1652.0,1674.0,1640.0,1656.0,nan,1656.0,67867,2247755040.0,50434,1652.0,37,1651.0,22,nan,0,nan,0,nan,0,nan,0,nan,0,nan,0,nan,0,nan,0
1597988500320773120,1597988500000001024,2020-08-21 13:41:40.000001,1652.0,1674.0,1640.0,1656.0,nan,1656.0,67872,2247920640.0,50439,1652.0,32,1651.0,22,nan,0,nan,0,nan,0,nan,0,nan,0,nan,0,nan,0,nan,0
1597988501312602112,1597988501000001024,2020-08-21 13:41:41.000001,1652.0,1674.0,1640.0,1656.0,nan,1656.0,67872,2247920640.0,50439,1652.0,31,1651.0,22,nan,0,nan,0,nan,0,nan,0,nan,0,nan,0,nan,0,nan,0
1597988501836008960,1597988502000000000,2020-08-21 13:41:42.000000,1652.0,1674.0,1640.0,1656.0,nan,1656.0,67873,2247953760.0,50439,1652.0,30,1651.0,23,nan,0,nan,0,nan,0,nan,0,nan,0,nan,0,nan,0,nan,0
1597988502315880960,1597988502000001024,2020-08-21 13:41:42.000001,1652.0,1674.0,1640.0,1656.0,nan,1656.0,67873,2247953760.0,50439,1652.0,30,1651.0,29,nan,0,nan,0,nan,0,nan,0,nan,0,nan,0,nan,0,nan,0
1597988502837293056,1597988503000000000,2020-08-21 13:41:43.000000,1651.0,1674.0,1640.0,1656.0,nan,1656.0,67879,2248152480.0,50445,1652.0,30,1651.0,23,nan,0,nan,0,nan,0,nan,0,nan,0,nan,0,nan,0,nan,0
1597988503346480896,1597988503000001024,2020-08-21 13:41:43.000001,1652.0,1674.0,1640.0,1656.0,nan,1656.0,67882,2248251840.0,50448,1652.0,27,1651.0,23,nan,0,nan,0,nan,0,nan,0,nan,0,nan,0,nan,0,nan,0
1597988503830745088,1597988504000000000,2020-08-21 13:41:44.000000,1652.0,1674.0,1640.0,1656.0,nan,1656.0,67890,2248516800.0,50450,1652.0,19,1651.0,23,nan,0,nan,0,nan,0,nan,0,nan,0,nan,0,nan,0,nan,0
1597988504336090880,1597988504000001024,2020-08-21 13:41:44.000001,1652.0,1674.0,1640.0,1656.0,nan,1656.0,67891,2248549920.0,50450,1652.0,18,1651.0,23,nan,0,nan,0,nan,0,nan,0,nan,0,nan,0,nan,0,nan,0
1597988506328737024,1597988506000001024,2020-08-21 13:41:46.000001,1652.0,1674.0,1640.0,1656.0,nan,1656.0,67892,2248583040.0,50449,1652.0,17,1651.0,23,nan,0,nan,0,nan,0,nan,0,nan,0,nan,0,nan,0,nan,0
1597988506836695040,1597988507000000000,2020-08-21 13:41:47.000000,1652.0,1674.0,1640.0,1656.0,nan,1656.0,67892,2248583040.0,50449,1652.0,18,1651.0,25,nan,0,nan,0,nan,0,nan,0,nan,0,nan,0,nan,0,nan,0
1597988508310817024,1597988508000001024,2020-08-21 13:41:48.000001,1652.0,1674.0,1640.0,1656.0,nan,1656.0,67893,2248616160.0,50449,1652.0,17,1651.0,25,nan,0,nan,0,nan,0,nan,0,nan,0,nan,0,nan,0,nan,0
1597988508840975872,1597988509000000000,2020-08-21 13:41:49.000000,1652.0,1674.0,1640.0,1656.0,nan,1656.0,67893,2248616160.0,50449,1652.0,17,1651.0,29,nan,0,nan,0,nan,0,nan,0,nan,0,nan,0,nan,0,nan,0
1597988509341213952,1597988509000001024,2020-08-21 13:41:49.000001,1652.0,1674.0,1640.0,1656.0,nan,1656.0,67895,2248682400.0,50448,1652.0,16,1651.0,29,nan,0,nan,0,nan,0,nan,0,nan,0,nan,0,nan,0,nan,0
1597988510838938112,1597988511000000000,2020-08-21 13:41:51.000000,1652.0,1674.0,1640.0,1656.0,nan,1656.0,67911,2249212320.0,50448,1653.0,204,1652.0,4,nan,0,nan,0,nan,0,nan,0,nan,0,nan,0,nan,0,nan,0
1597988511325923072,1597988511000001024,2020-08-21 13:41:51.000001,1652.0,1674.0,1640.0,1656.0,nan,1656.0,67911,2249212320.0,50448,1653.0,204,1652.0,35,nan,0,nan,0,nan,0,nan,0,nan,0,nan,0,nan,0,nan,0
1597988511841345024,1597988512000000000,2020-08-21 13:41:52.000000,1652.0,1674.0,1640.0,1656.0,nan,1656.0,67912,2249245440.0,50449,1653.0,204,1652.0,34,nan,0,nan,0,nan,0,nan,0,nan,0,nan,0,nan,0,nan,0
1597988512347180032,1597988512000001024,2020-08-21 13:41:52.000001,1653.0,1674.0,1640.0,1656.0,nan,1656.0,67916,2249377920.0,50448,1653.0,200,1652.0,34,nan,0,nan,0,nan,0,nan,0,nan,0,nan,0,nan,0,nan,0
1597988512834632960,1597988513000000000,2020-08-21 13:41:53.000000,1653.0,1674.0,1640.0,1656.0,nan,1656.0,67931,2249874720.0,50447,1653.0,186,1652.0,36,nan,0,nan,0,nan,0,nan,0,nan,0,nan,0,nan,0,nan,0
1597988513331379968,1597988513000001024,2020-08-21 13:41:53.000001,1653.0,1674.0,1640.0,1656.0,nan,1656.0,67932,2249907840.0,50446,1653.0,185,1652.0,36,nan,0,nan,0,nan,0,nan,0,nan,0,nan,0,nan,0,nan,0
1597988515345282048,1597988515000001024,2020-08-21 13:41:55.000001,1653.0,1674.0,1640.0,1656.0,nan,1656.0,67932,2249907840.0,50446,1653.0,181,1652.0,36,nan,0,nan,0,nan,0,nan,0,nan,0,nan,0,nan,0,nan,0
1597988515842658048,1597988516000000000,2020-08-21 13:41:56.000000,1652.0,1674.0,1640.0,1656.0,nan,1656.0,67936,2250040320.0,50446,1653.0,181,1652.0,34,nan,0,nan,0,nan,0,nan,0,nan,0,nan,0,nan,0,nan,0
1597988517333313024,1597988517000001024,2020-08-21 13:41:57.000001,1652.0,1674.0,1640.0,1656.0,nan,1656.0,67936,2250040320.0,50446,1653.0,194,1652.0,34,nan,0,nan,0,nan,0,nan,0,nan,0,nan,0,nan,0,nan,0
1597988517861979904,1597988518000000000,2020-08-21 13:41:58.000000,1652.0,1674.0,1640.0,1656.0,nan,1656.0,67971,2251199520.0,50475,1652.0,3,1651.0,28,nan,0,nan,0,nan,0,nan,0,nan,0,nan,0,nan,0,nan,0
1597988518384430080,1597988518000001024,2020-08-21 13:41:58.000001,1652.0,1674.0,1640.0,1656.0,nan,1656.0,67971,2251199520.0,50475,1652.0,9,1651.0,29,nan,0,nan,0,nan,0,nan,0,nan,0,nan,0,nan,0,nan,0
1597988518877153024,1597988519000000000,2020-08-21 13:41:59.000000,1652.0,1674.0,1640.0,1656.0,nan,1656.0,67971,2251199520.0,50475,1652.0,19,1651.0,27,nan,0,nan,0,nan,0,nan,0,nan,0,nan,0,nan,0,nan,0
1597988520855856896,1597988521000000000,2020-08-21 13:42:01.000000,1652.0,1674.0,1640.0,1656.0,nan,1656.0,67973,2251265760.0,50477,1652.0,17,1651.0,27,nan,0,nan,0,nan,0,nan,0,nan,0,nan,0,nan,0,nan,0
1597988521353093120,1597988521000001024,2020-08-21 13:42:01.000001,1652.0,1674.0,1640.0,1656.0,nan,1656.0,67974,2251298880.0,50478,1652.0,16,1651.0,27,nan,0,nan,0,nan,0,nan,0,nan,0,nan,0,nan,0,nan,0
1597988521838278912,1597988522000000000,2020-08-21 13:42:02.000000,1652.0,1674.0,1640.0,1656.0,nan,1656.0,67974,2251298880.0,50478,1652.0,17,1651.0,27,nan,0,nan,0,nan,0,nan,0,nan,0,nan,0,nan,0,nan,0
1597988522858094080,1597988523000000000,2020-08-21 13:42:03.000000,1651.0,1674.0,1640.0,1656.0,nan,1656.0,68004,2252292480.0,50484,1651.0,23,1650.0,40,nan,0,nan,0,nan,0,nan,0,nan,0,nan,0,nan,0,nan,0
1597988523327698944,1597988523000001024,2020-08-21 13:42:03.000001,1651.0,1674.0,1640.0,1656.0,nan,1656.0,68005,2252325600.0,50485,1651.0,22,1650.0,40,nan,0,nan,0,nan,0,nan,0,nan,0,nan,0,nan,0,nan,0
1597988525347959040,1597988525000001024,2020-08-21 13:42:05.000001,1651.0,1674.0,1640.0,1656.0,nan,1656.0,68005,2252325600.0,50485,1651.0,22,1650.0,43,nan,0,nan,0,nan,0,nan,0,nan,0,nan,0,nan,0,nan,0
1597988525851290880,1597988526000000000,2020-08-21 13:42:06.000000,1651.0,1674.0,1640.0,1656.0,nan,1656.0,68008,2252424960.0,50485,1651.0,19,1650.0,43,nan,0,nan,0,nan,0,nan,0,nan,0,nan,0,nan,0,nan,0
1597988527864876032,1597988528000000000,2020-08-21 13:42:08.000000,1651.0,1674.0,1640.0,1656.0,nan,1656.0,68008,2252424960.0,50485,1651.0,19,1650.0,45,nan,0,nan,0,nan,0,nan,0,nan,0,nan,0,nan,0,nan,0
1597988528330344960,1597988528000001024,2020-08-21 13:42:08.000001,1651.0,1674.0,1640.0,1656.0,nan,1656.0,68008,2252424960.0,50485,1651.0,20,1650.0,46,nan,0,nan,0,nan,0,nan,0,nan,0,nan,0,nan,0,nan,0
1597988528852155904,1597988529000000000,2020-08-21 13:42:09.000000,1651.0,1674.0,1640.0,1656.0,nan,1656.0,68009,2252458080.0,50486,1651.0,29,1650.0,46,nan,0,nan,0,nan,0,nan,0,nan,0,nan,0,nan,0,nan,0
1597988529846148096,1597988530000000000,2020-08-21 13:42:10.000000,1651.0,1674.0,1640.0,1656.0,nan,1656.0,68009,2252458080.0,50486,1651.0,29,1650.0,48,nan,0,nan,0,nan,0,nan,0,nan,0,nan,0,nan,0,nan,0
1597988531329549056,1597988531000001024,2020-08-21 13:42:11.000001,1651.0,1674.0,1640.0,1656.0,nan,1656.0,68009,2252458080.0,50486,1651.0,29,1650.0,49,nan,0,nan,0,nan,0,nan,0,nan,0,nan,0,nan,0,nan,0
1597988533850669056,1597988534000000000,2020-08-21 13:42:14.000000,1651.0,1674.0,1640.0,1656.0,nan,1656.0,68009,2252458080.0,50486,1651.0,31,1650.0,50,nan,0,nan,0,nan,0,nan,0,nan,0,nan,0,nan,0,nan,0
1597988534337808896,1597988534000001024,2020-08-21 13:42:14.000001,1651.0,1674.0,1640.0,1656.0,nan,1656.0,68009,2252458080.0,50486,1651.0,32,1650.0,51,nan,0,nan,0,nan,0,nan,0,nan,0,nan,0,nan,0,nan,0
1597988534861103104,1597988535000000000,2020-08-21 13:42:15.000000,1651.0,1674.0,1640.0,1656.0,nan,1656.0,68009,2252458080.0,50486,1651.0,32,1650.0,53,nan,0,nan,0,nan,0,nan,0,nan,0,nan,0,nan,0,nan,0
1597988535851032064,1597988536000000000,2020-08-21 13:42:16.000000,1651.0,1674.0,1640.0,1656.0,nan,1656.0,68010,2252491200.0,50487,1651.0,31,1650.0,53,nan,0,nan,0,nan,0,nan,0,nan,0,nan,0,nan,0,nan,0
1597988537342182912,1597988537000001024,2020-08-21 13:42:17.000001,1651.0,1674.0,1640.0,1656.0,nan,1656.0,68010,2252491200.0,50487,1651.0,35,1650.0,53,nan,0,nan,0,nan,0,nan,0,nan,0,nan,0,nan,0,nan,0
1597988537854141952,1597988538000000000,2020-08-21 13:42:18.000000,1651.0,1674.0,1640.0,1656.0,nan,1656.0,68013,2252590560.0,50488,1651.0,32,1650.0,54,nan,0,nan,0,nan,0,nan,0,nan,0,nan,0,nan,0,nan,0
1597988539853128960,1597988540000000000,2020-08-21 13:42:20.000000,1651.0,1674.0,1640.0,1656.0,nan,1656.0,68015,2252656800.0,50490,1651.0,30,1650.0,54,nan,0,nan,0,nan,0,nan,0,nan,0,nan,0,nan,0,nan,0
1597988541860856064,1597988542000000000,2020-08-21 13:42:22.000000,1650.0,1674.0,1640.0,1656.0,nan,1656.0,68016,2252689920.0,50491,1651.0,30,1650.0,54,nan,0,nan,0,nan,0,nan,0,nan,0,nan,0,nan,0,nan,0
1597988542850806016,1597988543000000000,2020-08-21 13:42:23.000000,1651.0,1674.0,1640.0,1656.0,nan,1656.0,68017,2252723040.0,50492,1651.0,29,1650.0,54,nan,0,nan,0,nan,0,nan,0,nan,0,nan,0,nan,0,nan,0
1597988543872121088,1597988544000000000,2020-08-21 13:42:24.000000,1651.0,1674.0,1640.0,1656.0,nan,1656.0,68017,2252723040.0,50492,1651.0,30,1650.0,54,nan,0,nan,0,nan,0,nan,0,nan,0,nan,0,nan,0,nan,0
1597988545380131072,1597988545000001024,2020-08-21 13:42:25.000001,1651.0,1674.0,1640.0,1656.0,nan,1656.0,68017,2252723040.0,50492,1651.0,35,1650.0,54,nan,0,nan,0,nan,0,nan,0,nan,0,nan,0,nan,0,nan,0
1597988546348094976,1597988546000001024,2020-08-21 13:42:26.000001,1651.0,1674.0,1640.0,1656.0,nan,1656.0,68017,2252723040.0,50492,1651.0,35,1650.0,55,nan,0,nan,0,nan,0,nan,0,nan,0,nan,0,nan,0,nan,0
1597988546857468928,1597988547000000000,2020-08-21 13:42:27.000000,1651.0,1674.0,1640.0,1656.0,nan,1656.0,68017,2252723040.0,50492,1651.0,37,1650.0,55,nan,0,nan,0,nan,0,nan,0,nan,0,nan,0,nan,0,nan,0
1597988547862085888,1597988548000000000,2020-08-21 13:42:28.000000,1651.0,1674.0,1640.0,1656.0,nan,1656.0,68017,2252723040.0,50492,1651.0,36,1650.0,55,nan,0,nan,0,nan,0,nan,0,nan,0,nan,0,nan,0,nan,0
1597988548372883968,1597988548000001024,2020-08-21 13:42:28.000001,1651.0,1674.0,1640.0,1656.0,nan,1656.0,68018,2252756160.0,50493,1651.0,35,1650.0,55,nan,0,nan,0,nan,0,nan,0,nan,0,nan,0,nan,0,nan,0
1597988549862172928,1597988550000000000,2020-08-21 13:42:30.000000,1651.0,1674.0,1640.0,1656.0,nan,1656.0,68018,2252756160.0,50493,1651.0,35,1650.0,56,nan,0,nan,0,nan,0,nan,0,nan,0,nan,0,nan,0,nan,0
1597988551863212032,1597988552000000000,2020-08-21 13:42:32.000000,1651.0,1674.0,1640.0,1656.0,nan,1656.0,68018,2252756160.0,50493,1651.0,37,1650.0,56,nan,0,nan,0,nan,0,nan,0,nan,0,nan,0,nan,0,nan,0
1597988552858608896,1597988553000000000,2020-08-21 13:42:33.000000,1651.0,1674.0,1640.0,1656.0,nan,1656.0,68018,2252756160.0,50493,1651.0,37,1650.0,55,nan,0,nan,0,nan,0,nan,0,nan,0,nan,0,nan,0,nan,0
1597988553339938048,1597988553000001024,2020-08-21 13:42:33.000001,1651.0,1674.0,1640.0,1656.0,nan,1656.0,68019,2252789280.0,50494,1651.0,36,1650.0,55,nan,0,nan,0,nan,0,nan,0,nan,0,nan,0,nan,0,nan,0
1597988555341174016,1597988555000001024,2020-08-21 13:42:35.000001,1651.0,1674.0,1640.0,1656.0,nan,1656.0,68021,2252855520.0,50495,1651.0,34,1650.0,55,nan,0,nan,0,nan,0,nan,0,nan,0,nan,0,nan,0,nan,0
1597988556350946048,1597988556000001024,2020-08-21 13:42:36.000001,1651.0,1674.0,1640.0,1656.0,nan,1656.0,68022,2252888640.0,50496,1651.0,33,1650.0,55,nan,0,nan,0,nan,0,nan,0,nan,0,nan,0,nan,0,nan,0
1597988557385698048,1597988557000001024,2020-08-21 13:42:37.000001,1651.0,1674.0,1640.0,1656.0,nan,1656.0,68023,2252921760.0,50497,1651.0,32,1650.0,55,nan,0,nan,0,nan,0,nan,0,nan,0,nan,0,nan,0,nan,0
1597988557873914112,1597988558000000000,2020-08-21 13:42:38.000000,1651.0,1674.0,1640.0,1656.0,nan,1656.0,68023,2252921760.0,50497,1651.0,38,1650.0,55,nan,0,nan,0,nan,0,nan,0,nan,0,nan,0,nan,0,nan,0
1597988559347994880,1597988559000001024,2020-08-21 13:42:39.000001,1651.0,1674.0,1640.0,1656.0,nan,1656.0,68023,2252921760.0,50497,1651.0,38,1650.0,64,nan,0,nan,0,nan,0,nan,0,nan,0,nan,0,nan,0,nan,0
1597988559875369984,1597988560000000000,2020-08-21 13:42:40.000000,1651.0,1674.0,1640.0,1656.0,nan,1656.0,68023,2252921760.0,50497,1651.0,38,1650.0,74,nan,0,nan,0,nan,0,nan,0,nan,0,nan,0,nan,0,nan,0
1597988560868559872,1597988561000000000,2020-08-21 13:42:41.000000,1651.0,1674.0,1640.0,1656.0,nan,1656.0,68061,2254180320.0,50477,1652.0,40,1651.0,20,nan,0,nan,0,nan,0,nan,0,nan,0,nan,0,nan,0,nan,0
1597988561872177920,1597988562000000000,2020-08-21 13:42:42.000000,1651.0,1674.0,1640.0,1656.0,nan,1656.0,68062,2254213440.0,50477,1652.0,40,1651.0,67,nan,0,nan,0,nan,0,nan,0,nan,0,nan,0,nan,0,nan,0
1597988562357890048,1597988562000001024,2020-08-21 13:42:42.000001,1651.0,1674.0,1640.0,1656.0,nan,1656.0,68062,2254213440.0,50477,1652.0,40,1651.0,68,nan,0,nan,0,nan,0,nan,0,nan,0,nan,0,nan,0,nan,0
1597988562878129920,1597988563000000000,2020-08-21 13:42:43.000000,1651.0,1674.0,1640.0,1656.0,nan,1656.0,68062,2254213440.0,50477,1652.0,40,1651.0,74,nan,0,nan,0,nan,0,nan,0,nan,0,nan,0,nan,0,nan,0
1597988565347730944,1597988565000001024,2020-08-21 13:42:45.000001,1651.0,1674.0,1640.0,1656.0,nan,1656.0,68064,2254279680.0,50479,1652.0,41,1651.0,72,nan,0,nan,0,nan,0,nan,0,nan,0,nan,0,nan,0,nan,0
1597988566875055104,1597988567000000000,2020-08-21 13:42:47.000000,1651.0,1674.0,1640.0,1656.0,nan,1656.0,68064,2254279680.0,50479,1652.0,41,1651.0,73,nan,0,nan,0,nan,0,nan,0,nan,0,nan,0,nan,0,nan,0
1597988568343139072,1597988568000001024,2020-08-21 13:42:48.000001,1651.0,1674.0,1640.0,1656.0,nan,1656.0,68064,2254279680.0,50479,1652.0,44,1651.0,73,nan,0,nan,0,nan,0,nan,0,nan,0,nan,0,nan,0,nan,0
1597988568870938112,1597988569000000000,2020-08-21 13:42:49.000000,1651.0,1674.0,1640.0,1656.0,nan,1656.0,68114,2255935680.0,50479,1652.0,44,1651.0,23,nan,0,nan,0,nan,0,nan,0,nan,0,nan,0,nan,0,nan,0
1597988569398168064,1597988569000001024,2020-08-21 13:42:49.000001,1651.0,1674.0,1640.0,1656.0,nan,1656.0,68137,2256697440.0,50501,1652.0,45,1650.0,78,nan,0,nan,0,nan,0,nan,0,nan,0,nan,0,nan,0,nan,0
1597988570362395904,1597988570000001024,2020-08-21 13:42:50.000001,1651.0,1674.0,1640.0,1656.0,nan,1656.0,68137,2256697440.0,50501,1651.0,10,1650.0,78,nan,0,nan,0,nan,0,nan,0,nan,0,nan,0,nan,0,nan,0
1597988573357895936,1597988573000001024,2020-08-21 13:42:53.000001,1651.0,1674.0,1640.0,1656.0,nan,1656.0,68148,2257061760.0,50505,1652.0,46,1651.0,26,nan,0,nan,0,nan,0,nan,0,nan,0,nan,0,nan,0,nan,0
1597988573877763072,1597988574000000000,2020-08-21 13:42:54.000000,1651.0,1674.0,1640.0,1656.0,nan,1656.0,68148,2257061760.0,50505,1652.0,47,1651.0,26,nan,0,nan,0,nan,0,nan,0,nan,0,nan,0,nan,0,nan,0
1597988574366436096,1597988574000001024,2020-08-21 13:42:54.000001,1651.0,1674.0,1640.0,1656.0,nan,1656.0,68148,2257061760.0,50505,1652.0,48,1651.0,26,nan,0,nan,0,nan,0,nan,0,nan,0,nan,0,nan,0,nan,0
1597988574873797888,1597988575000000000,2020-08-21 13:42:55.000000,1651.0,1674.0,1640.0,1656.0,nan,1656.0,68148,2257061760.0,50505,1652.0,48,1651.0,27,nan,0,nan,0,nan,0,nan,0,nan,0,nan,0,nan,0,nan,0
1597988575867739904,1597988576000000000,2020-08-21 13:42:56.000000,1652.0,1674.0,1640.0,1656.0,nan,1656.0,68152,2257194240.0,50506,1652.0,44,1651.0,27,nan,0,nan,0,nan,0,nan,0,nan,0,nan,0,nan,0,nan,0
1597988576361389056,1597988576000001024,2020-08-21 13:42:56.000001,1652.0,1674.0,1640.0,1656.0,nan,1656.0,68152,2257194240.0,50506,1652.0,45,1651.0,27,nan,0,nan,0,nan,0,nan,0,nan,0,nan,0,nan,0,nan,0
1597988577363187968,1597988577000001024,2020-08-21 13:42:57.000001,1651.0,1674.0,1640.0,1656.0,nan,1656.0,68157,2257359840.0,50506,1652.0,45,1651.0,22,nan,0,nan,0,nan,0,nan,0,nan,0,nan,0,nan,0,nan,0
1597988577887345920,1597988578000000000,2020-08-21 13:42:58.000000,1651.0,1674.0,1640.0,1656.0,nan,1656.0,68157,2257359840.0,50506,1652.0,45,1651.0,52,nan,0,nan,0,nan,0,nan,0,nan,0,nan,0,nan,0,nan,0
1597988578378555904,1597988578000001024,2020-08-21 13:42:58.000001,1651.0,1674.0,1640.0,1656.0,nan,1656.0,68157,2257359840.0,50506,1652.0,48,1651.0,52,nan,0,nan,0,nan,0,nan,0,nan,0,nan,0,nan,0,nan,0
1597988578900427008,1597988579000000000,2020-08-21 13:42:59.000000,1651.0,1674.0,1640.0,1656.0,nan,1656.0,68157,2257359840.0,50506,1652.0,49,1651.0,52,nan,0,nan,0,nan,0,nan,0,nan,0,nan,0,nan,0,nan,0
1597988582358360064,1597988582000001024,2020-08-21 13:43:02.000001,1651.0,1674.0,1640.0,1656.0,nan,1656.0,68211,2259148320.0,50553,1651.0,2,1650.0,78,nan,0,nan,0,nan,0,nan,0,nan,0,nan,0,nan,0,nan,0
1597988582883362048,1597988583000000000,2020-08-21 13:43:03.000000,1651.0,1674.0,1640.0,1656.0,nan,1656.0,68211,2259148320.0,50553,1651.0,4,1650.0,78,nan,0,nan,0,nan,0,nan,0,nan,0,nan,0,nan,0,nan,0
1597988583358834944,1597988583000001024,2020-08-21 13:43:03.000001,1651.0,1674.0,1640.0,1656.0,nan,1656.0,68211,2259148320.0,50553,1651.0,5,1650.0,78,nan,0,nan,0,nan,0,nan,0,nan,0,nan,0,nan,0,nan,0
1597988584442664960,1597988584000001024,2020-08-21 13:43:04.000001,1651.0,1674.0,1640.0,1656.0,nan,1656.0,68211,2259148320.0,50553,1651.0,5,1650.0,84,nan,0,nan,0,nan,0,nan,0,nan,0,nan,0,nan,0,nan,0
1597988584871617024,1597988585000000000,2020-08-21 13:43:05.000000,1651.0,1674.0,1640.0,1656.0,nan,1656.0,68211,2259148320.0,50553,1651.0,6,1650.0,84,nan,0,nan,0,nan,0,nan,0,nan,0,nan,0,nan,0,nan,0
1597988585884495872,1597988586000000000,2020-08-21 13:43:06.000000,1651.0,1674.0,1640.0,1656.0,nan,1656.0,68217,2259347040.0,50559,1652.0,45,1651.0,44,nan,0,nan,0,nan,0,nan,0,nan,0,nan,0,nan,0,nan,0
1597988587861524992,1597988588000000000,2020-08-21 13:43:08.000000,1651.0,1674.0,1640.0,1656.0,nan,1656.0,68227,2259678240.0,50559,1652.0,49,1651.0,34,nan,0,nan,0,nan,0,nan,0,nan,0,nan,0,nan,0,nan,0
1597988588372380928,1597988588000001024,2020-08-21 13:43:08.000001,1651.0,1674.0,1640.0,1656.0,nan,1656.0,68227,2259678240.0,50559,1652.0,49,1651.0,35,nan,0,nan,0,nan,0,nan,0,nan,0,nan,0,nan,0,nan,0
1597988588875292928,1597988589000000000,2020-08-21 13:43:09.000000,1651.0,1674.0,1640.0,1656.0,nan,1656.0,68227,2259678240.0,50559,1652.0,49,1651.0,36,nan,0,nan,0,nan,0,nan,0,nan,0,nan,0,nan,0,nan,0
1597988591882490880,1597988592000000000,2020-08-21 13:43:12.000000,1652.0,1674.0,1640.0,1656.0,nan,1656.0,68236,2259976320.0,50561,1652.0,41,1651.0,36,nan,0,nan,0,nan,0,nan,0,nan,0,nan,0,nan,0,nan,0
1597988593387246080,1597988593000001024,2020-08-21 13:43:13.000001,1652.0,1674.0,1640.0,1656.0,nan,1656.0,68236,2259976320.0,50561,1652.0,43,1651.0,36,nan,0,nan,0,nan,0,nan,0,nan,0,nan,0,nan,0,nan,0
1597988593892809984,1597988594000000000,2020-08-21 13:43:14.000000,1652.0,1674.0,1640.0,1656.0,nan,1656.0,68236,2259976320.0,50561,1652.0,43,1651.0,37,nan,0,nan,0,nan,0,nan,0,nan,0,nan,0,nan,0,nan,0
1597988595351450880,1597988596000000000,2020-08-21 13:43:16.000000,1651.0,1674.0,1640.0,1656.0,nan,1656.0,68237,2260009440.0,50561,1652.0,40,1651.0,36,nan,0,nan,0,nan,0,nan,0,nan,0,nan,0,nan,0,nan,0
1597988595852222976,1597988596000001024,2020-08-21 13:43:16.000001,1651.0,1674.0,1640.0,1656.0,nan,1656.0,68237,2260009440.0,50561,1652.0,45,1651.0,36,nan,0,nan,0,nan,0,nan,0,nan,0,nan,0,nan,0,nan,0
1597988596402686976,1597988596000001792,2020-08-21 13:43:16.000002,1651.0,1674.0,1640.0,1656.0,nan,1656.0,68238,2260042560.0,50561,1652.0,45,1651.0,35,nan,0,nan,0,nan,0,nan,0,nan,0,nan,0,nan,0,nan,0
1597988598375096064,1597988598000001792,2020-08-21 13:43:18.000002,1651.0,1674.0,1640.0,1656.0,nan,1656.0,68238,2260042560.0,50561,1652.0,44,1651.0,35,nan,0,nan,0,nan,0,nan,0,nan,0,nan,0,nan,0,nan,0
1597988604882572032,1597988605000000000,2020-08-21 13:43:25.000000,1651.0,1674.0,1640.0,1656.0,nan,1656.0,68238,2260042560.0,50561,1652.0,45,1651.0,35,nan,0,nan,0,nan,0,nan,0,nan,0,nan,0,nan,0,nan,0
1597988605373248000,1597988605000001024,2020-08-21 13:43:25.000001,1651.0,1674.0,1640.0,1656.0,nan,1656.0,68238,2260042560.0,50561,1652.0,45,1651.0,38,nan,0,nan,0,nan,0,nan,0,nan,0,nan,0,nan,0,nan,0
1597988606370480896,1597988606000001024,2020-08-21 13:43:26.000001,1651.0,1674.0,1640.0,1656.0,nan,1656.0,68238,2260042560.0,50561,1652.0,45,1651.0,37,nan,0,nan,0,nan,0,nan,0,nan,0,nan,0,nan,0,nan,0
1597988606899301888,1597988607000000000,2020-08-21 13:43:27.000000,1652.0,1674.0,1640.0,1656.0,nan,1656.0,68245,2260274400.0,50561,1652.0,38,1651.0,37,nan,0,nan,0,nan,0,nan,0,nan,0,nan,0,nan,0,nan,0
1597988610379382016,1597988611000000000,2020-08-21 13:43:31.000000,1651.0,1674.0,1640.0,1656.0,nan,1656.0,68246,2260307520.0,50562,1652.0,38,1651.0,36,nan,0,nan,0,nan,0,nan,0,nan,0,nan,0,nan,0,nan,0
1597988610868932096,1597988611000001024,2020-08-21 13:43:31.000001,1652.0,1674.0,1640.0,1656.0,nan,1656.0,68248,2260373760.0,50564,1652.0,36,1651.0,38,nan,0,nan,0,nan,0,nan,0,nan,0,nan,0,nan,0,nan,0
1597988611418042880,1597988612000000000,2020-08-21 13:43:32.000000,1652.0,1674.0,1640.0,1656.0,nan,1656.0,68248,2260373760.0,50564,1652.0,37,1651.0,38,nan,0,nan,0,nan,0,nan,0,nan,0,nan,0,nan,0,nan,0
1597988611873984000,1597988612000001024,2020-08-21 13:43:32.000001,1652.0,1674.0,1640.0,1656.0,nan,1656.0,68250,2260440000.0,50566,1652.0,35,1651.0,38,nan,0,nan,0,nan,0,nan,0,nan,0,nan,0,nan,0,nan,0
1597988612377736960,1597988612000001792,2020-08-21 13:43:32.000002,1652.0,1674.0,1640.0,1656.0,nan,1656.0,68254,2260572480.0,50570,1652.0,32,1651.0,38,nan,0,nan,0,nan,0,nan,0,nan,0,nan,0,nan,0,nan,0
1597988614879119104,1597988615000000000,2020-08-21 13:43:35.000000,1652.0,1674.0,1640.0,1656.0,nan,1656.0,68254,2260572480.0,50570,1652.0,32,1651.0,39,nan,0,nan,0,nan,0,nan,0,nan,0,nan,0,nan,0,nan,0
1597988615366237952,1597988616000000000,2020-08-21 13:43:36.000000,1651.0,1674.0,1640.0,1656.0,nan,1656.0,68256,2260638720.0,50570,1652.0,32,1651.0,37,nan,0,nan,0,nan,0,nan,0,nan,0,nan,0,nan,0,nan,0
1597988617386018048,1597988617000001792,2020-08-21 13:43:37.000002,1651.0,1674.0,1640.0,1656.0,nan,1656.0,68256,2260638720.0,50570,1652.0,32,1651.0,38,nan,0,nan,0,nan,0,nan,0,nan,0,nan,0,nan,0,nan,0
1597988619373393920,1597988619000001024,2020-08-21 13:43:39.000001,1651.0,1674.0,1640.0,1656.0,nan,1656.0,68256,2260638720.0,50570,1652.0,32,1651.0,39,nan,0,nan,0,nan,0,nan,0,nan,0,nan,0,nan,0,nan,0
1597988619993548032,1597988620000000000,2020-08-21 13:43:40.000000,1651.0,1674.0,1640.0,1656.0,nan,1656.0,68256,2260638720.0,50570,1652.0,32,1651.0,52,nan,0,nan,0,nan,0,nan,0,nan,0,nan,0,nan,0,nan,0
1597988621370002944,1597988621000001792,2020-08-21 13:43:41.000002,1651.0,1674.0,1640.0,1656.0,nan,1656.0,68256,2260638720.0,50570,1652.0,35,1651.0,52,nan,0,nan,0,nan,0,nan,0,nan,0,nan,0,nan,0,nan,0
1597988624388750080,1597988625000000000,2020-08-21 13:43:45.000000,1652.0,1674.0,1640.0,1656.0,nan,1656.0,68257,2260671840.0,50571,1652.0,34,1651.0,52,nan,0,nan,0,nan,0,nan,0,nan,0,nan,0,nan,0,nan,0
1597988624875429120,1597988625000001024,2020-08-21 13:43:45.000001,1652.0,1674.0,1640.0,1656.0,nan,1656.0,68257,2260671840.0,50571,1652.0,36,1651.0,52,nan,0,nan,0,nan,0,nan,0,nan,0,nan,0,nan,0,nan,0
1597988625386330880,1597988626000000000,2020-08-21 13:43:46.000000,1652.0,1674.0,1640.0,1656.0,nan,1656.0,68258,2260704960.0,50572,1652.0,35,1651.0,52,nan,0,nan,0,nan,0,nan,0,nan,0,nan,0,nan,0,nan,0
1597988626400296960,1597988627000000000,2020-08-21 13:43:47.000000,1652.0,1674.0,1640.0,1656.0,nan,1656.0,68258,2260704960.0,50572,1652.0,35,1651.0,53,nan,0,nan,0,nan,0,nan,0,nan,0,nan,0,nan,0,nan,0
1597988626868172032,1597988627000001024,2020-08-21 13:43:47.000001,1652.0,1674.0,1640.0,1656.0,nan,1656.0,68258,2260704960.0,50572,1652.0,38,1651.0,53,nan,0,nan,0,nan,0,nan,0,nan,0,nan,0,nan,0,nan,0
1597988627880111104,1597988628000001024,2020-08-21 13:43:48.000001,1652.0,1674.0,1640.0,1656.0,nan,1656.0,68278,2261367360.0,50578,1652.0,18,1651.0,53,nan,0,nan,0,nan,0,nan,0,nan,0,nan,0,nan,0,nan,0
1597988628868218112,1597988629000001024,2020-08-21 13:43:49.000001,1652.0,1674.0,1640.0,1656.0,nan,1656.0,68280,2261433600.0,50580,1652.0,16,1651.0,53,nan,0,nan,0,nan,0,nan,0,nan,0,nan,0,nan,0,nan,0
1597988629403373056,1597988630000000000,2020-08-21 13:43:50.000000,1652.0,1674.0,1640.0,1656.0,nan,1656.0,68296,2261963520.0,50567,1653.0,187,1651.0,53,nan,0,nan,0,nan,0,nan,0,nan,0,nan,0,nan,0,nan,0
1597988631388721920,1597988632000000000,2020-08-21 13:43:52.000000,1652.0,1674.0,1640.0,1656.0,nan,1656.0,68296,2261963520.0,50567,1652.0,3,1651.0,53,nan,0,nan,0,nan,0,nan,0,nan,0,nan,0,nan,0,nan,0
1597988633374804992,1597988633000001792,2020-08-21 13:43:53.000002,1652.0,1674.0,1640.0,1656.0,nan,1656.0,68297,2261996640.0,50567,1652.0,2,1651.0,53,nan,0,nan,0,nan,0,nan,0,nan,0,nan,0,nan,0,nan,0
1597988633882972928,1597988634000000000,2020-08-21 13:43:54.000000,1652.0,1674.0,1640.0,1656.0,nan,1656.0,68297,2261996640.0,50567,1652.0,3,1651.0,53,nan,0,nan,0,nan,0,nan,0,nan,0,nan,0,nan,0,nan,0
1597988634369327104,1597988635000000000,2020-08-21 13:43:55.000000,1652.0,1674.0,1640.0,1656.0,nan,1656.0,68298,2262029760.0,50567,1652.0,2,1651.0,53,nan,0,nan,0,nan,0,nan,0,nan,0,nan,0,nan,0,nan,0
1597988635380826880,1597988636000000000,2020-08-21 13:43:56.000000,1652.0,1674.0,1640.0,1656.0,nan,1656.0,68300,2262096000.0,50567,1653.0,188,1652.0,2,nan,0,nan,0,nan,0,nan,0,nan,0,nan,0,nan,0,nan,0
1597988636872463104,1597988637000001024,2020-08-21 13:43:57.000001,1652.0,1674.0,1640.0,1656.0,nan,1656.0,68302,2262162240.0,50567,1652.0,1,1651.0,53,nan,0,nan,0,nan,0,nan,0,nan,0,nan,0,nan,0,nan,0
1597988637370135040,1597988637000001792,2020-08-21 13:43:57.000002,1652.0,1674.0,1640.0,1656.0,nan,1656.0,68303,2262195360.0,50567,1653.0,188,1652.0,9,nan,0,nan,0,nan,0,nan,0,nan,0,nan,0,nan,0,nan,0
1597988637873658880,1597988638000000000,2020-08-21 13:43:58.000000,1652.0,1674.0,1640.0,1656.0,nan,1656.0,68303,2262195360.0,50567,1653.0,188,1652.0,14,nan,0,nan,0,nan,0,nan,0,nan,0,nan,0,nan,0,nan,0
1597988638402038016,1597988638000001024,2020-08-21 13:43:58.000001,1652.0,1674.0,1640.0,1656.0,nan,1656.0,68305,2262261600.0,50566,1653.0,187,1652.0,13,nan,0,nan,0,nan,0,nan,0,nan,0,nan,0,nan,0,nan,0
1597988638876644096,1597988639000000000,2020-08-21 13:43:59.000000,1652.0,1674.0,1640.0,1656.0,nan,1656.0,68305,2262261600.0,50566,1653.0,187,1652.0,15,nan,0,nan,0,nan,0,nan,0,nan,0,nan,0,nan,0,nan,0
1597988640398959104,1597988641000000000,2020-08-21 13:44:01.000000,1652.0,1674.0,1640.0,1656.0,nan,1656.0,68307,2262327840.0,50566,1653.0,187,1652.0,13,nan,0,nan,0,nan,0,nan,0,nan,0,nan,0,nan,0,nan,0
1597988641380308992,1597988642000000000,2020-08-21 13:44:02.000000,1652.0,1674.0,1640.0,1656.0,nan,1656.0,68307,2262327840.0,50566,1653.0,187,1652.0,16,nan,0,nan,0,nan,0,nan,0,nan,0,nan,0,nan,0,nan,0
1597988642374437888,1597988643000000000,2020-08-21 13:44:03.000000,1652.0,1674.0,1640.0,1656.0,nan,1656.0,68307,2262327840.0,50566,1653.0,186,1652.0,16,nan,0,nan,0,nan,0,nan,0,nan,0,nan,0,nan,0,nan,0
1597988643393715968,1597988644000000000,2020-08-21 13:44:04.000000,1652.0,1674.0,1640.0,1656.0,nan,1656.0,68307,2262327840.0,50566,1653.0,187,1652.0,16,nan,0,nan,0,nan,0,nan,0,nan,0,nan,0,nan,0,nan,0
1597988643870426880,1597988644000001024,2020-08-21 13:44:04.000001,1652.0,1674.0,1640.0,1656.0,nan,1656.0,68307,2262327840.0,50566,1653.0,187,1652.0,19,nan,0,nan,0,nan,0,nan,0,nan,0,nan,0,nan,0,nan,0
1597988645891300096,1597988646000001024,2020-08-21 13:44:06.000001,1652.0,1674.0,1640.0,1656.0,nan,1656.0,68308,2262360960.0,50567,1653.0,187,1652.0,20,nan,0,nan,0,nan,0,nan,0,nan,0,nan,0,nan,0,nan,0
1597988646398144000,1597988647000000000,2020-08-21 13:44:07.000000,1652.0,1674.0,1640.0,1656.0,nan,1656.0,68308,2262360960.0,50567,1653.0,187,1652.0,30,nan,0,nan,0,nan,0,nan,0,nan,0,nan,0,nan,0,nan,0
1597988646872203008,1597988647000001024,2020-08-21 13:44:07.000001,1652.0,1674.0,1640.0,1656.0,nan,1656.0,68308,2262360960.0,50567,1653.0,187,1652.0,34,nan,0,nan,0,nan,0,nan,0,nan,0,nan,0,nan,0,nan,0
1597988647386971904,1597988648000000000,2020-08-21 13:44:08.000000,1652.0,1674.0,1640.0,1656.0,nan,1656.0,68308,2262360960.0,50567,1653.0,187,1652.0,44,nan,0,nan,0,nan,0,nan,0,nan,0,nan,0,nan,0,nan,0
1597988647880313088,1597988648000001024,2020-08-21 13:44:08.000001,1652.0,1674.0,1640.0,1656.0,nan,1656.0,68308,2262360960.0,50567,1653.0,187,1652.0,45,nan,0,nan,0,nan,0,nan,0,nan,0,nan,0,nan,0,nan,0
1597988648380849920,1597988649000000000,2020-08-21 13:44:09.000000,1652.0,1674.0,1640.0,1656.0,nan,1656.0,68358,2264016960.0,50588,1652.0,1,1651.0,54,nan,0,nan,0,nan,0,nan,0,nan,0,nan,0,nan,0,nan,0
1597988648881276928,1597988649000001024,2020-08-21 13:44:09.000001,1652.0,1674.0,1640.0,1656.0,nan,1656.0,68359,2264050080.0,50588,1653.0,187,1651.0,54,nan,0,nan,0,nan,0,nan,0,nan,0,nan,0,nan,0,nan,0
1597988649383859968,1597988650000000000,2020-08-21 13:44:10.000000,1653.0,1674.0,1640.0,1656.0,nan,1656.0,68360,2264083200.0,50588,1653.0,186,1651.0,54,nan,0,nan,0,nan,0,nan,0,nan,0,nan,0,nan,0,nan,0
1597988650413647104,1597988651000000000,2020-08-21 13:44:11.000000,1653.0,1674.0,1640.0,1656.0,nan,1656.0,68360,2264083200.0,50588,1653.0,186,1652.0,1,nan,0,nan,0,nan,0,nan,0,nan,0,nan,0,nan,0,nan,0
1597988651415749120,1597988652000000000,2020-08-21 13:44:12.000000,1653.0,1674.0,1640.0,1656.0,nan,1656.0,68360,2264083200.0,50588,1653.0,187,1652.0,2,nan,0,nan,0,nan,0,nan,0,nan,0,nan,0,nan,0,nan,0
1597988651883216896,1597988652000001024,2020-08-21 13:44:12.000001,1653.0,1674.0,1640.0,1656.0,nan,1656.0,68360,2264083200.0,50588,1653.0,187,1652.0,3,nan,0,nan,0,nan,0,nan,0,nan,0,nan,0,nan,0,nan,0
1597988652411207936,1597988653000000000,2020-08-21 13:44:13.000000,1652.0,1674.0,1640.0,1656.0,nan,1656.0,68361,2264116320.0,50589,1653.0,187,1652.0,2,nan,0,nan,0,nan,0,nan,0,nan,0,nan,0,nan,0,nan,0
1597988652875538944,1597988653000001024,2020-08-21 13:44:13.000001,1652.0,1674.0,1640.0,1656.0,nan,1656.0,68363,2264182560.0,50589,1652.0,2,1651.0,54,nan,0,nan,0,nan,0,nan,0,nan,0,nan,0,nan,0,nan,0
1597988653385466880,1597988654000000000,2020-08-21 13:44:14.000000,1652.0,1674.0,1640.0,1656.0,nan,1656.0,68363,2264182560.0,50589,1652.0,12,1651.0,54,nan,0,nan,0,nan,0,nan,0,nan,0,nan,0,nan,0,nan,0
1597988653889948928,1597988654000001024,2020-08-21 13:44:14.000001,1652.0,1674.0,1640.0,1656.0,nan,1656.0,68365,2264248800.0,50589,1652.0,10,1651.0,55,nan,0,nan,0,nan,0,nan,0,nan,0,nan,0,nan,0,nan,0
1597988654396055040,1597988655000000000,2020-08-21 13:44:15.000000,1652.0,1674.0,1640.0,1656.0,nan,1656.0,68365,2264248800.0,50589,1652.0,10,1651.0,56,nan,0,nan,0,nan,0,nan,0,nan,0,nan,0,nan,0,nan,0
1597988655390776064,1597988655000001792,2020-08-21 13:44:15.000002,1651.0,1674.0,1640.0,1656.0,nan,1656.0,68367,2264315040.0,50589,1652.0,14,1651.0,54,nan,0,nan,0,nan,0,nan,0,nan,0,nan,0,nan,0,nan,0
1597988655904385024,1597988656000000000,2020-08-21 13:44:16.000000,1652.0,1674.0,1640.0,1656.0,nan,1656.0,68380,2264745600.0,50589,1652.0,2,1651.0,53,nan,0,nan,0,nan,0,nan,0,nan,0,nan,0,nan,0,nan,0
1597988657878611968,1597988658000001024,2020-08-21 13:44:18.000001,1652.0,1674.0,1640.0,1656.0,nan,1656.0,68380,2264745600.0,50589,1652.0,3,1651.0,53,nan,0,nan,0,nan,0,nan,0,nan,0,nan,0,nan,0,nan,0
1597988658390868992,1597988659000000000,2020-08-21 13:44:19.000000,1652.0,1674.0,1640.0,1656.0,nan,1656.0,68380,2264745600.0,50589,1652.0,3,1651.0,60,nan,0,nan,0,nan,0,nan,0,nan,0,nan,0,nan,0,nan,0
1597988658879805952,1597988659000001024,2020-08-21 13:44:19.000001,1652.0,1674.0,1640.0,1656.0,nan,1656.0,68380,2264745600.0,50589,1652.0,3,1651.0,66,nan,0,nan,0,nan,0,nan,0,nan,0,nan,0,nan,0,nan,0
1597988659425879040,1597988660000000000,2020-08-21 13:44:20.000000,1652.0,1674.0,1640.0,1656.0,nan,1656.0,68380,2264745600.0,50589,1652.0,3,1651.0,54,nan,0,nan,0,nan,0,nan,0,nan,0,nan,0,nan,0,nan,0
1597988659886576128,1597988660000001024,2020-08-21 13:44:20.000001,1652.0,1674.0,1640.0,1656.0,nan,1656.0,68383,2264844960.0,50589,1653.0,177,1652.0,9,nan,0,nan,0,nan,0,nan,0,nan,0,nan,0,nan,0,nan,0
1597988660881435904,1597988661000001024,2020-08-21 13:44:21.000001,1652.0,1674.0,1640.0,1656.0,nan,1656.0,68383,2264844960.0,50589,1653.0,177,1652.0,15,nan,0,nan,0,nan,0,nan,0,nan,0,nan,0,nan,0,nan,0
1597988661889932032,1597988662000001024,2020-08-21 13:44:22.000001,1652.0,1674.0,1640.0,1656.0,nan,1656.0,68383,2264844960.0,50589,1653.0,178,1652.0,15,nan,0,nan,0,nan,0,nan,0,nan,0,nan,0,nan,0,nan,0
1597988662405283072,1597988663000000000,2020-08-21 13:44:23.000000,1652.0,1674.0,1640.0,1656.0,nan,1656.0,68384,2264878080.0,50590,1653.0,178,1652.0,14,nan,0,nan,0,nan,0,nan,0,nan,0,nan,0,nan,0,nan,0
1597988662878525952,1597988663000001024,2020-08-21 13:44:23.000001,1652.0,1674.0,1640.0,1656.0,nan,1656.0,68386,2264944320.0,50591,1653.0,177,1652.0,13,nan,0,nan,0,nan,0,nan,0,nan,0,nan,0,nan,0,nan,0
1597988663383932928,1597988664000000000,2020-08-21 13:44:24.000000,1652.0,1674.0,1640.0,1656.0,nan,1656.0,68387,2264977440.0,50591,1653.0,177,1652.0,13,nan,0,nan,0,nan,0,nan,0,nan,0,nan,0,nan,0,nan,0
1597988663898383872,1597988664000001024,2020-08-21 13:44:24.000001,1652.0,1674.0,1640.0,1656.0,nan,1656.0,68388,2265010560.0,50591,1653.0,177,1652.0,12,nan,0,nan,0,nan,0,nan,0,nan,0,nan,0,nan,0,nan,0
1597988666386159104,1597988667000000000,2020-08-21 13:44:27.000000,1652.0,1674.0,1640.0,1656.0,nan,1656.0,68394,2265209280.0,50592,1653.0,177,1652.0,16,nan,0,nan,0,nan,0,nan,0,nan,0,nan,0,nan,0,nan,0
1597988667415038976,1597988668000000000,2020-08-21 13:44:28.000000,1652.0,1674.0,1640.0,1656.0,nan,1656.0,68395,2265242400.0,50592,1653.0,177,1652.0,15,nan,0,nan,0,nan,0,nan,0,nan,0,nan,0,nan,0,nan,0
1597988667890554112,1597988668000001024,2020-08-21 13:44:28.000001,1652.0,1674.0,1640.0,1656.0,nan,1656.0,68410,2265739200.0,50595,1652.0,14,1651.0,50,nan,0,nan,0,nan,0,nan,0,nan,0,nan,0,nan,0,nan,0
1597988668404399104,1597988669000000000,2020-08-21 13:44:29.000000,1653.0,1674.0,1640.0,1656.0,nan,1656.0,68411,2265772320.0,50595,1653.0,176,1651.0,50,nan,0,nan,0,nan,0,nan,0,nan,0,nan,0,nan,0,nan,0
1597988668897939968,1597988669000001024,2020-08-21 13:44:29.000001,1653.0,1674.0,1640.0,1656.0,nan,1656.0,68416,2265937920.0,50600,1652.0,46,1651.0,50,nan,0,nan,0,nan,0,nan,0,nan,0,nan,0,nan,0,nan,0
1597988670422566912,1597988671000000000,2020-08-21 13:44:31.000000,1652.0,1674.0,1640.0,1656.0,nan,1656.0,68423,2266169760.0,50606,1652.0,39,1651.0,50,nan,0,nan,0,nan,0,nan,0,nan,0,nan,0,nan,0,nan,0
1597988670883292928,1597988671000001024,2020-08-21 13:44:31.000001,1652.0,1674.0,1640.0,1656.0,nan,1656.0,68423,2266169760.0,50606,1652.0,39,1651.0,54,nan,0,nan,0,nan,0,nan,0,nan,0,nan,0,nan,0,nan,0
1597988671891544064,1597988672000001024,2020-08-21 13:44:32.000001,1652.0,1674.0,1640.0,1656.0,nan,1656.0,68423,2266169760.0,50606,1652.0,44,1651.0,55,nan,0,nan,0,nan,0,nan,0,nan,0,nan,0,nan,0,nan,0
1597988672383302912,1597988673000000000,2020-08-21 13:44:33.000000,1652.0,1674.0,1640.0,1656.0,nan,1656.0,68440,2266732800.0,50606,1652.0,27,1651.0,55,nan,0,nan,0,nan,0,nan,0,nan,0,nan,0,nan,0,nan,0
1597988673414870016,1597988674000000000,2020-08-21 13:44:34.000000,1652.0,1674.0,1640.0,1656.0,nan,1656.0,68441,2266765920.0,50607,1652.0,26,1651.0,55,nan,0,nan,0,nan,0,nan,0,nan,0,nan,0,nan,0,nan,0
1597988674411752960,1597988675000000000,2020-08-21 13:44:35.000000,1652.0,1674.0,1640.0,1656.0,nan,1656.0,68441,2266765920.0,50607,1652.0,26,1651.0,56,nan,0,nan,0,nan,0,nan,0,nan,0,nan,0,nan,0,nan,0
1597988674882652928,1597988675000001024,2020-08-21 13:44:35.000001,1652.0,1674.0,1640.0,1656.0,nan,1656.0,68441,2266765920.0,50607,1652.0,76,1651.0,56,nan,0,nan,0,nan,0,nan,0,nan,0,nan,0,nan,0,nan,0
1597988675889573120,1597988676000001024,2020-08-21 13:44:36.000001,1652.0,1674.0,1640.0,1656.0,nan,1656.0,68441,2266765920.0,50607,1652.0,83,1651.0,57,nan,0,nan,0,nan,0,nan,0,nan,0,nan,0,nan,0,nan,0
1597988676408773888,1597988677000000000,2020-08-21 13:44:37.000000,1652.0,1674.0,1640.0,1656.0,nan,1656.0,68444,2266865280.0,50610,1652.0,81,1651.0,57,nan,0,nan,0,nan,0,nan,0,nan,0,nan,0,nan,0,nan,0
1597988678892210944,1597988679000001024,2020-08-21 13:44:39.000001,1652.0,1674.0,1640.0,1656.0,nan,1656.0,68444,2266865280.0,50610,1652.0,82,1651.0,57,nan,0,nan,0,nan,0,nan,0,nan,0,nan,0,nan,0,nan,0
1597988679882471936,1597988680000001024,2020-08-21 13:44:40.000001,1652.0,1674.0,1640.0,1656.0,nan,1656.0,68444,2266865280.0,50610,1652.0,82,1651.0,60,nan,0,nan,0,nan,0,nan,0,nan,0,nan,0,nan,0,nan,0
1597988681397914880,1597988682000000000,2020-08-21 13:44:42.000000,1652.0,1674.0,1640.0,1656.0,nan,1656.0,68444,2266865280.0,50610,1652.0,83,1651.0,60,nan,0,nan,0,nan,0,nan,0,nan,0,nan,0,nan,0,nan,0
1597988681913598976,1597988682000001024,2020-08-21 13:44:42.000001,1652.0,1674.0,1640.0,1656.0,nan,1656.0,68444,2266865280.0,50610,1652.0,83,1651.0,65,nan,0,nan,0,nan,0,nan,0,nan,0,nan,0,nan,0,nan,0
1597988682412576000,1597988683000000000,2020-08-21 13:44:43.000000,1652.0,1674.0,1640.0,1656.0,nan,1656.0,68444,2266865280.0,50610,1652.0,76,1651.0,65,nan,0,nan,0,nan,0,nan,0,nan,0,nan,0,nan,0,nan,0
