local_nano_time,quote_nano_time,datetime,last_price,highest,lowest,open,close,average,volume,amount,open_interest,ask_price1,ask_volume1,bid_price1,bid_volume1,ask_price2,ask_volume2,bid_price2,bid_volume2,ask_price3,ask_volume3,bid_price3,bid_volume3,ask_price4,ask_volume4,bid_price4,bid_volume4,ask_price5,ask_volume5,bid_price5,bid_volume5
1597988230241947904,1597988230713999872,2020-08-21 13:37:10.714000,6180.0,6260.0,6150.0,6252.0,nan,6186.0,54383,1682066190.0,40631,6180.0,15,6176.0,23,nan,0,nan,0,nan,0,nan,0,nan,0,nan,0,nan,0,nan,0
1597988230720066048,1597988231226000128,2020-08-21 13:37:11.226000,6180.0,6260.0,6150.0,6252.0,nan,6186.0,54383,1682066190.0,40631,6180.0,17,6176.0,23,nan,0,nan,0,nan,0,nan,0,nan,0,nan,0,nan,0,nan,0
1597988231229918976,1597988231734999808,2020-08-21 13:37:11.735000,6180.0,6260.0,6150.0,6252.0,nan,6186.0,54383,1682066190.0,40631,6178.0,2,6176.0,23,nan,0,nan,0,nan,0,nan,0,nan,0,nan,0,nan,0,nan,0
1597988231727460096,1597988232226000128,2020-08-21 13:37:12.226000,6180.0,6260.0,6150.0,6252.0,nan,6186.0,54384,1682097120.0,40631,6178.0,1,6176.0,23,nan,0,nan,0,nan,0,nan,0,nan,0,nan,0,nan,0,nan,0
1597988232230426880,1597988232742000128,2020-08-21 13:37:12.742000,6178.0,6260.0,6150.0,6252.0,nan,6186.0,54387,1682189910.0,40631,6180.0,15,6176.0,23,nan,0,nan,0,nan,0,nan,0,nan,0,nan,0,nan,0,nan,0
1597988235744731904,1597988236221999872,2020-08-21 13:37:16.222000,6178.0,6260.0,6150.0,6252.0,nan,6186.0,54388,1682220840.0,40631,6180.0,15,6178.0,7,nan,0,nan,0,nan,0,nan,0,nan,0,nan,0,nan,0,nan,0
1597988236719042048,1597988237232000000,2020-08-21 13:37:17.232000,6180.0,6260.0,6150.0,6252.0,nan,6186.0,54389,1682251770.0,40630,6180.0,15,6178.0,7,nan,0,nan,0,nan,0,nan,0,nan,0,nan,0,nan,0,nan,0
1597988237731049984,1597988238211000064,2020-08-21 13:37:18.211000,6180.0,6260.0,6150.0,6252.0,nan,6186.0,54389,1682251770.0,40630,6180.0,15,6178.0,8,nan,0,nan,0,nan,0,nan,0,nan,0,nan,0,nan,0,nan,0
1597988238261028096,1597988238712000000,2020-08-21 13:37:18.712000,6180.0,6260.0,6150.0,6252.0,nan,6186.0,54389,1682251770.0,40630,6180.0,16,6178.0,8,nan,0,nan,0,nan,0,nan,0,nan,0,nan,0,nan,0,nan,0
1597988241229902080,1597988241731000064,2020-08-21 13:37:21.731000,6180.0,6260.0,6150.0,6252.0,nan,6186.0,54389,1682251770.0,40630,6180.0,16,6178.0,21,nan,0,nan,0,nan,0,nan,0,nan,0,nan,0,nan,0,nan,0
1597988243716954112,1597988244160000000,2020-08-21 13:37:24.160000,6180.0,6260.0,6150.0,6252.0,nan,6186.0,54389,1682251770.0,40630,6180.0,13,6178.0,21,nan,0,nan,0,nan,0,nan,0,nan,0,nan,0,nan,0,nan,0
1597988247227682048,1597988247742000128,2020-08-21 13:37:27.742000,6178.0,6260.0,6150.0,6252.0,nan,6186.0,54399,1682561070.0,40630,6180.0,16,6178.0,12,nan,0,nan,0,nan,0,nan,0,nan,0,nan,0,nan,0,nan,0
1597988247733946112,1597988248221999872,2020-08-21 13:37:28.222000,6180.0,6260.0,6150.0,6252.0,nan,6186.0,54401,1682622930.0,40628,6180.0,15,6178.0,1,nan,0,nan,0,nan,0,nan,0,nan,0,nan,0,nan,0,nan,0
1597988248248901888,1597988248727000064,2020-08-21 13:37:28.727000,6178.0,6260.0,6150.0,6252.0,nan,6186.0,54402,1682653860.0,40628,6180.0,15,6178.0,2,nan,0,nan,0,nan,0,nan,0,nan,0,nan,0,nan,0,nan,0
1597988249740492032,1597988250240000000,2020-08-21 13:37:30.240000,6178.0,6260.0,6150.0,6252.0,nan,6186.0,54404,1682715720.0,40628,6178.0,8,6176.0,23,nan,0,nan,0,nan,0,nan,0,nan,0,nan,0,nan,0,nan,0
1597988251214696960,1597988251737999872,2020-08-21 13:37:31.738000,6178.0,6260.0,6150.0,6252.0,nan,6186.0,54405,1682746650.0,40627,6178.0,7,6176.0,23,nan,0,nan,0,nan,0,nan,0,nan,0,nan,0,nan,0,nan,0
1597988253244451072,1597988253730000128,2020-08-21 13:37:33.730000,6178.0,6260.0,6150.0,6252.0,nan,6186.0,54406,1682777580.0,40627,6178.0,6,6176.0,23,nan,0,nan,0,nan,0,nan,0,nan,0,nan,0,nan,0,nan,0
1597988256742330112,1597988257223000064,2020-08-21 13:37:37.223000,6178.0,6260.0,6150.0,6252.0,nan,6186.0,54406,1682777580.0,40627,6178.0,8,6176.0,23,nan,0,nan,0,nan,0,nan,0,nan,0,nan,0,nan,0,nan,0
1597988260231068928,1597988260736999936,2020-08-21 13:37:40.737000,6178.0,6260.0,6150.0,6252.0,nan,6186.0,54407,1682808510.0,40627,6178.0,7,6176.0,23,nan,0,nan,0,nan,0,nan,0,nan,0,nan,0,nan,0,nan,0
1597988260739529984,1597988261242000128,2020-08-21 13:37:41.242000,6178.0,6260.0,6150.0,6252.0,nan,6186.0,54407,1682808510.0,40627,6178.0,7,6176.0,27,nan,0,nan,0,nan,0,nan,0,nan,0,nan,0,nan,0,nan,0
1597988267737487104,1597988268177999872,2020-08-21 13:37:48.178000,6178.0,6260.0,6150.0,6252.0,nan,6186.0,54407,1682808510.0,40627,6178.0,20,6176.0,24,nan,0,nan,0,nan,0,nan,0,nan,0,nan,0,nan,0,nan,0
1597988268231428096,1597988268732999936,2020-08-21 13:37:48.733000,6178.0,6260.0,6150.0,6252.0,nan,6186.0,54407,1682808510.0,40627,6178.0,20,6176.0,11,nan,0,nan,0,nan,0,nan,0,nan,0,nan,0,nan,0,nan,0
1597988268747419904,1597988269240000000,2020-08-21 13:37:49.240000,6178.0,6260.0,6150.0,6252.0,nan,6186.0,54408,1682839440.0,40627,6178.0,19,6176.0,11,nan,0,nan,0,nan,0,nan,0,nan,0,nan,0,nan,0,nan,0
1597988273255354880,1597988273732000000,2020-08-21 13:37:53.732000,6178.0,6260.0,6150.0,6252.0,nan,6186.0,54409,1682870370.0,40627,6178.0,18,6176.0,11,nan,0,nan,0,nan,0,nan,0,nan,0,nan,0,nan,0,nan,0
1597988273740083968,1597988274236000000,2020-08-21 13:37:54.236000,6178.0,6260.0,6150.0,6252.0,nan,6186.0,54409,1682870370.0,40627,6178.0,18,6176.0,12,nan,0,nan,0,nan,0,nan,0,nan,0,nan,0,nan,0,nan,0
1597988274748325120,1597988275239000064,2020-08-21 13:37:55.239000,6176.0,6260.0,6150.0,6252.0,nan,6186.0,54410,1682901300.0,40627,6178.0,18,6176.0,11,nan,0,nan,0,nan,0,nan,0,nan,0,nan,0,nan,0,nan,0
1597988280743113984,1597988281236999936,2020-08-21 13:38:01.237000,6176.0,6260.0,6150.0,6252.0,nan,6186.0,54411,1682932230.0,40627,6178.0,18,6176.0,10,nan,0,nan,0,nan,0,nan,0,nan,0,nan,0,nan,0,nan,0
1597988281223182080,1597988281742000128,2020-08-21 13:38:01.742000,6176.0,6260.0,6150.0,6252.0,nan,6186.0,54411,1682932230.0,40627,6178.0,18,6176.0,11,nan,0,nan,0,nan,0,nan,0,nan,0,nan,0,nan,0,nan,0
1597988281747034112,1597988282193000192,2020-08-21 13:38:02.193000,6176.0,6260.0,6150.0,6252.0,nan,6186.0,54411,1682932230.0,40627,6178.0,19,6176.0,11,nan,0,nan,0,nan,0,nan,0,nan,0,nan,0,nan,0,nan,0
1597988282237721088,1597988282712999936,2020-08-21 13:38:02.713000,6176.0,6260.0,6150.0,6252.0,nan,6186.0,54411,1682932230.0,40627,6178.0,19,6176.0,13,nan,0,nan,0,nan,0,nan,0,nan,0,nan,0,nan,0,nan,0
1597988283757969920,1597988284237999872,2020-08-21 13:38:04.238000,6176.0,6260.0,6150.0,6252.0,nan,6186.0,54411,1682932230.0,40627,6178.0,19,6176.0,15,nan,0,nan,0,nan,0,nan,0,nan,0,nan,0,nan,0,nan,0
1597988284231254016,1597988284706000128,2020-08-21 13:38:04.706000,6176.0,6260.0,6150.0,6252.0,nan,6186.0,54411,1682932230.0,40627,6178.0,19,6176.0,25,nan,0,nan,0,nan,0,nan,0,nan,0,nan,0,nan,0,nan,0
1597988285229734912,1597988285714999808,2020-08-21 13:38:05.715000,6176.0,6260.0,6150.0,6252.0,nan,6186.0,54411,1682932230.0,40627,6178.0,20,6176.0,25,nan,0,nan,0,nan,0,nan,0,nan,0,nan,0,nan,0,nan,0
1597988287752996096,1597988288242000128,2020-08-21 13:38:08.242000,6178.0,6260.0,6150.0,6252.0,nan,6186.0,54412,1682963160.0,40626,6178.0,19,6176.0,25,nan,0,nan,0,nan,0,nan,0,nan,0,nan,0,nan,0,nan,0
1597988288256732928,1597988288730000128,2020-08-21 13:38:08.730000,6178.0,6260.0,6150.0,6252.0,nan,6186.0,54412,1682963160.0,40626,6178.0,16,6176.0,25,nan,0,nan,0,nan,0,nan,0,nan,0,nan,0,nan,0,nan,0
1597988288743883008,1597988289240999936,2020-08-21 13:38:09.241000,6178.0,6260.0,6150.0,6252.0,nan,6186.0,54412,1682963160.0,40626,6178.0,18,6176.0,25,nan,0,nan,0,nan,0,nan,0,nan,0,nan,0,nan,0,nan,0
1597988290225327104,1597988290716999936,2020-08-21 13:38:10.717000,6178.0,6260.0,6150.0,6252.0,nan,6186.0,54413,1682994090.0,40626,6178.0,17,6176.0,25,nan,0,nan,0,nan,0,nan,0,nan,0,nan,0,nan,0,nan,0
1597988295260915968,1597988295724999936,2020-08-21 13:38:15.725000,6178.0,6260.0,6150.0,6252.0,nan,6186.0,54413,1682994090.0,40626,6178.0,17,6176.0,23,nan,0,nan,0,nan,0,nan,0,nan,0,nan,0,nan,0,nan,0
1597988295758434048,1597988296236999936,2020-08-21 13:38:16.237000,6178.0,6260.0,6150.0,6252.0,nan,6186.0,54413,1682994090.0,40626,6178.0,17,6176.0,22,nan,0,nan,0,nan,0,nan,0,nan,0,nan,0,nan,0,nan,0
1597988299757607936,1597988300231000064,2020-08-21 13:38:20.231000,6178.0,6260.0,6150.0,6252.0,nan,6186.0,54413,1682994090.0,40626,6178.0,20,6176.0,22,nan,0,nan,0,nan,0,nan,0,nan,0,nan,0,nan,0,nan,0
1597988300252137984,1597988300739000064,2020-08-21 13:38:20.739000,6178.0,6260.0,6150.0,6252.0,nan,6186.0,54414,1683025020.0,40625,6178.0,20,6176.0,22,nan,0,nan,0,nan,0,nan,0,nan,0,nan,0,nan,0,nan,0
1597988302254563072,1597988302743000064,2020-08-21 13:38:22.743000,6176.0,6260.0,6150.0,6252.0,nan,6186.0,54415,1683055950.0,40625,6178.0,20,6176.0,21,nan,0,nan,0,nan,0,nan,0,nan,0,nan,0,nan,0,nan,0
1597988302761030912,1597988303228000000,2020-08-21 13:38:23.228000,6176.0,6260.0,6150.0,6252.0,nan,6186.0,54415,1683055950.0,40625,6178.0,20,6176.0,11,nan,0,nan,0,nan,0,nan,0,nan,0,nan,0,nan,0,nan,0
1597988303835269888,1597988304239000064,2020-08-21 13:38:24.239000,6178.0,6260.0,6150.0,6252.0,nan,6186.0,54416,1683086880.0,40625,6178.0,19,6176.0,11,nan,0,nan,0,nan,0,nan,0,nan,0,nan,0,nan,0,nan,0
1597988304750466048,1597988305243000064,2020-08-21 13:38:25.243000,6178.0,6260.0,6150.0,6252.0,nan,6186.0,54416,1683086880.0,40625,6178.0,19,6176.0,22,nan,0,nan,0,nan,0,nan,0,nan,0,nan,0,nan,0,nan,0
1597988306752865024,1597988307209000192,2020-08-21 13:38:27.209000,6178.0,6260.0,6150.0,6252.0,nan,6186.0,54416,1683086880.0,40625,6178.0,16,6176.0,22,nan,0,nan,0,nan,0,nan,0,nan,0,nan,0,nan,0,nan,0
1597988308242608896,1597988308734999808,2020-08-21 13:38:28.735000,6178.0,6260.0,6150.0,6252.0,nan,6186.0,54416,1683086880.0,40625,6178.0,17,6176.0,22,nan,0,nan,0,nan,0,nan,0,nan,0,nan,0,nan,0,nan,0
1597988312768327936,1597988313239000064,2020-08-21 13:38:33.239000,6178.0,6260.0,6150.0,6252.0,nan,6186.0,54416,1683086880.0,40625,6178.0,27,6176.0,22,nan,0,nan,0,nan,0,nan,0,nan,0,nan,0,nan,0,nan,0
1597988315253667072,1597988315729000192,2020-08-21 13:38:35.729000,6178.0,6260.0,6150.0,6252.0,nan,6186.0,54417,1683117810.0,40625,6178.0,26,6176.0,22,nan,0,nan,0,nan,0,nan,0,nan,0,nan,0,nan,0,nan,0
1597988315772278016,1597988316223000064,2020-08-21 13:38:36.223000,6178.0,6260.0,6150.0,6252.0,nan,6186.0,54417,1683117810.0,40625,6178.0,26,6176.0,26,nan,0,nan,0,nan,0,nan,0,nan,0,nan,0,nan,0,nan,0
1597988324266341120,1597988324729000192,2020-08-21 13:38:44.729000,6178.0,6260.0,6150.0,6252.0,nan,6186.0,54418,1683148740.0,40626,6178.0,25,6176.0,26,nan,0,nan,0,nan,0,nan,0,nan,0,nan,0,nan,0,nan,0
1597988329466130944,1597988329716999936,2020-08-21 13:38:49.717000,6178.0,6260.0,6150.0,6252.0,nan,6186.0,54421,1683241530.0,40626,6178.0,22,6176.0,26,nan,0,nan,0,nan,0,nan,0,nan,0,nan,0,nan,0,nan,0
1597988333251038976,1597988333742000128,2020-08-21 13:38:53.742000,6178.0,6260.0,6150.0,6252.0,nan,6186.0,54422,1683272460.0,40627,6178.0,21,6176.0,26,nan,0,nan,0,nan,0,nan,0,nan,0,nan,0,nan,0,nan,0
1597988336286178048,1597988336742000128,2020-08-21 13:38:56.742000,6178.0,6260.0,6150.0,6252.0,nan,6186.0,54422,1683272460.0,40627,6178.0,24,6176.0,26,nan,0,nan,0,nan,0,nan,0,nan,0,nan,0,nan,0,nan,0
1597988339348581120,1597988339732000000,2020-08-21 13:38:59.732000,6178.0,6260.0,6150.0,6252.0,nan,6186.0,54423,1683303390.0,40627,6178.0,23,6176.0,26,nan,0,nan,0,nan,0,nan,0,nan,0,nan,0,nan,0,nan,0
1597988340831153920,1597988341237999872,2020-08-21 13:39:01.238000,6178.0,6260.0,6150.0,6252.0,nan,6186.0,54427,1683427110.0,40627,6178.0,19,6176.0,26,nan,0,nan,0,nan,0,nan,0,nan,0,nan,0,nan,0,nan,0
1597988341253103104,1597988341742000128,2020-08-21 13:39:01.742000,6178.0,6260.0,6150.0,6252.0,nan,6186.0,54427,1683427110.0,40627,6178.0,16,6176.0,26,nan,0,nan,0,nan,0,nan,0,nan,0,nan,0,nan,0,nan,0
1597988343277888000,1597988343740000000,2020-08-21 13:39:03.740000,6176.0,6260.0,6150.0,6252.0,nan,6186.0,54432,1683581760.0,40623,6178.0,16,6176.0,21,nan,0,nan,0,nan,0,nan,0,nan,0,nan,0,nan,0,nan,0
1597988343779847936,1597988344221999872,2020-08-21 13:39:04.222000,6176.0,6260.0,6150.0,6252.0,nan,6186.0,54432,1683581760.0,40623,6178.0,20,6176.0,21,nan,0,nan,0,nan,0,nan,0,nan,0,nan,0,nan,0,nan,0
1597988344255504896,1597988344743000064,2020-08-21 13:39:04.743000,6176.0,6260.0,6150.0,6252.0,nan,6186.0,54432,1683581760.0,40623,6178.0,20,6176.0,22,nan,0,nan,0,nan,0,nan,0,nan,0,nan,0,nan,0,nan,0
1597988344782451968,1597988345236999936,2020-08-21 13:39:05.237000,6176.0,6260.0,6150.0,6252.0,nan,6186.0,54432,1683581760.0,40623,6178.0,20,6176.0,28,nan,0,nan,0,nan,0,nan,0,nan,0,nan,0,nan,0,nan,0
1597988345293935104,1597988345742000128,2020-08-21 13:39:05.742000,6176.0,6260.0,6150.0,6252.0,nan,6186.0,54432,1683581760.0,40623,6178.0,20,6176.0,29,nan,0,nan,0,nan,0,nan,0,nan,0,nan,0,nan,0,nan,0
1597988347286234880,1597988347711000064,2020-08-21 13:39:07.711000,6178.0,6260.0,6150.0,6252.0,nan,6186.0,54433,1683612690.0,40624,6178.0,19,6176.0,29,nan,0,nan,0,nan,0,nan,0,nan,0,nan,0,nan,0,nan,0
1597988347785057024,1597988348233999872,2020-08-21 13:39:08.234000,6178.0,6260.0,6150.0,6252.0,nan,6186.0,54433,1683612690.0,40624,6178.0,25,6176.0,29,nan,0,nan,0,nan,0,nan,0,nan,0,nan,0,nan,0,nan,0
1597988349273492992,1597988349740000000,2020-08-21 13:39:09.740000,6178.0,6260.0,6150.0,6252.0,nan,6186.0,54433,1683612690.0,40624,6178.0,25,6176.0,27,nan,0,nan,0,nan,0,nan,0,nan,0,nan,0,nan,0,nan,0
1597988349773196032,1597988350240999936,2020-08-21 13:39:10.241000,6176.0,6260.0,6150.0,6252.0,nan,6186.0,54454,1684262220.0,40620,6176.0,8,6174.0,16,nan,0,nan,0,nan,0,nan,0,nan,0,nan,0,nan,0,nan,0
1597988350273225984,1597988350743000064,2020-08-21 13:39:10.743000,6176.0,6260.0,6150.0,6252.0,nan,6186.0,54454,1684262220.0,40620,6176.0,11,6174.0,5,nan,0,nan,0,nan,0,nan,0,nan,0,nan,0,nan,0,nan,0
1597988350928777984,1597988351211000064,2020-08-21 13:39:11.211000,6176.0,6260.0,6150.0,6252.0,nan,6186.0,54454,1684262220.0,40620,6176.0,12,6174.0,3,nan,0,nan,0,nan,0,nan,0,nan,0,nan,0,nan,0,nan,0
1597988351277733120,1597988351736999936,2020-08-21 13:39:11.737000,6176.0,6260.0,6150.0,6252.0,nan,6186.0,54454,1684262220.0,40620,6176.0,15,6174.0,3,nan,0,nan,0,nan,0,nan,0,nan,0,nan,0,nan,0,nan,0
1597988351780184064,1597988352243000064,2020-08-21 13:39:12.243000,6176.0,6260.0,6150.0,6252.0,nan,6186.0,54454,1684262220.0,40620,6176.0,15,6174.0,6,nan,0,nan,0,nan,0,nan,0,nan,0,nan,0,nan,0,nan,0
1597988352861409024,1597988353220999936,2020-08-21 13:39:13.221000,6176.0,6260.0,6150.0,6252.0,nan,6186.0,54455,1684293150.0,40620,6176.0,14,6174.0,6,nan,0,nan,0,nan,0,nan,0,nan,0,nan,0,nan,0,nan,0
1597988353273460992,1597988353730000128,2020-08-21 13:39:13.730000,6176.0,6260.0,6150.0,6252.0,nan,6186.0,54455,1684293150.0,40620,6176.0,14,6174.0,20,nan,0,nan,0,nan,0,nan,0,nan,0,nan,0,nan,0,nan,0
1597988353780177920,1597988354242000128,2020-08-21 13:39:14.242000,6176.0,6260.0,6150.0,6252.0,nan,6186.0,54455,1684293150.0,40620,6176.0,10,6174.0,20,nan,0,nan,0,nan,0,nan,0,nan,0,nan,0,nan,0,nan,0
1597988354281627904,1597988354724999936,2020-08-21 13:39:14.725000,6176.0,6260.0,6150.0,6252.0,nan,6186.0,54455,1684293150.0,40620,6176.0,10,6174.0,17,nan,0,nan,0,nan,0,nan,0,nan,0,nan,0,nan,0,nan,0
1597988354771504896,1597988355237999872,2020-08-21 13:39:15.238000,6176.0,6260.0,6150.0,6252.0,nan,6186.0,54455,1684293150.0,40620,6176.0,11,6174.0,17,nan,0,nan,0,nan,0,nan,0,nan,0,nan,0,nan,0,nan,0
1597988355775270912,1597988356224999936,2020-08-21 13:39:16.225000,6176.0,6260.0,6150.0,6252.0,nan,6186.0,54455,1684293150.0,40620,6176.0,14,6174.0,7,nan,0,nan,0,nan,0,nan,0,nan,0,nan,0,nan,0,nan,0
1597988356287948032,1597988356732999936,2020-08-21 13:39:16.733000,6176.0,6260.0,6150.0,6252.0,nan,6186.0,54455,1684293150.0,40620,6176.0,14,6174.0,3,nan,0,nan,0,nan,0,nan,0,nan,0,nan,0,nan,0,nan,0
1597988357770840064,1597988358234999808,2020-08-21 13:39:18.235000,6176.0,6260.0,6150.0,6252.0,nan,6186.0,54469,1684726170.0,40613,6178.0,19,6176.0,56,nan,0,nan,0,nan,0,nan,0,nan,0,nan,0,nan,0,nan,0
1597988358262856960,1597988358742000128,2020-08-21 13:39:18.742000,6178.0,6260.0,6150.0,6252.0,nan,6186.0,54486,1685251980.0,40618,6178.0,8,6176.0,56,nan,0,nan,0,nan,0,nan,0,nan,0,nan,0,nan,0,nan,0
1597988359266237952,1597988359740000000,2020-08-21 13:39:19.740000,6176.0,6260.0,6150.0,6252.0,nan,6186.0,54490,1685375700.0,40614,6178.0,8,6176.0,52,nan,0,nan,0,nan,0,nan,0,nan,0,nan,0,nan,0,nan,0
1597988359774415872,1597988360240000000,2020-08-21 13:39:20.240000,6176.0,6260.0,6150.0,6252.0,nan,6186.0,54490,1685375700.0,40614,6178.0,11,6176.0,52,nan,0,nan,0,nan,0,nan,0,nan,0,nan,0,nan,0,nan,0
1597988362261542912,1597988362736000000,2020-08-21 13:39:22.736000,6178.0,6260.0,6150.0,6252.0,nan,6186.0,54491,1685406630.0,40615,6178.0,10,6176.0,52,nan,0,nan,0,nan,0,nan,0,nan,0,nan,0,nan,0,nan,0
1597988363777262080,1597988364230000128,2020-08-21 13:39:24.230000,6178.0,6260.0,6150.0,6252.0,nan,6186.0,54491,1685406630.0,40615,6178.0,11,6176.0,52,nan,0,nan,0,nan,0,nan,0,nan,0,nan,0,nan,0,nan,0
1597988364271396096,1597988364740000000,2020-08-21 13:39:24.740000,6178.0,6260.0,6150.0,6252.0,nan,6186.0,54491,1685406630.0,40615,6178.0,7,6176.0,52,nan,0,nan,0,nan,0,nan,0,nan,0,nan,0,nan,0,nan,0
1597988368301305088,1597988368736999936,2020-08-21 13:39:28.737000,6178.0,6260.0,6150.0,6252.0,nan,6186.0,54492,1685437560.0,40615,6178.0,6,6176.0,52,nan,0,nan,0,nan,0,nan,0,nan,0,nan,0,nan,0,nan,0
1597988370783025920,1597988371223000064,2020-08-21 13:39:31.223000,6178.0,6260.0,6150.0,6252.0,nan,6186.0,54493,1685468490.0,40615,6178.0,2,6176.0,52,nan,0,nan,0,nan,0,nan,0,nan,0,nan,0,nan,0,nan,0
1597988371788436992,1597988372240999936,2020-08-21 13:39:32.241000,6178.0,6260.0,6150.0,6252.0,nan,6186.0,54493,1685468490.0,40615,6178.0,3,6176.0,52,nan,0,nan,0,nan,0,nan,0,nan,0,nan,0,nan,0,nan,0
1597988372819128064,1597988373240999936,2020-08-21 13:39:33.241000,6176.0,6260.0,6150.0,6252.0,nan,6186.0,54494,1685499420.0,40614,6178.0,3,6176.0,51,nan,0,nan,0,nan,0,nan,0,nan,0,nan,0,nan,0,nan,0
1597988373272059904,1597988373724999936,2020-08-21 13:39:33.725000,6176.0,6260.0,6150.0,6252.0,nan,6186.0,54494,1685499420.0,40614,6178.0,5,6176.0,51,nan,0,nan,0,nan,0,nan,0,nan,0,nan,0,nan,0,nan,0
1597988373794196992,1597988374216999936,2020-08-21 13:39:34.217000,6178.0,6260.0,6150.0,6252.0,nan,6186.0,54495,1685530350.0,40614,6178.0,4,6176.0,51,nan,0,nan,0,nan,0,nan,0,nan,0,nan,0,nan,0,nan,0
1597988374314398976,1597988374736999936,2020-08-21 13:39:34.737000,6178.0,6260.0,6150.0,6252.0,nan,6186.0,54496,1685561280.0,40615,6178.0,3,6176.0,51,nan,0,nan,0,nan,0,nan,0,nan,0,nan,0,nan,0,nan,0
1597988374791293952,1597988375244000000,2020-08-21 13:39:35.244000,6176.0,6260.0,6150.0,6252.0,nan,6186.0,54497,1685592210.0,40614,6178.0,3,6176.0,50,nan,0,nan,0,nan,0,nan,0,nan,0,nan,0,nan,0,nan,0
1597988376793015040,1597988377236999936,2020-08-21 13:39:37.237000,6176.0,6260.0,6150.0,6252.0,nan,6186.0,54498,1685623140.0,40613,6178.0,3,6176.0,49,nan,0,nan,0,nan,0,nan,0,nan,0,nan,0,nan,0,nan,0
1597988378776573952,1597988379204999936,2020-08-21 13:39:39.205000,6176.0,6260.0,6150.0,6252.0,nan,6186.0,54498,1685623140.0,40613,6178.0,11,6176.0,49,nan,0,nan,0,nan,0,nan,0,nan,0,nan,0,nan,0,nan,0
1597988381283486976,1597988381719000064,2020-08-21 13:39:41.719000,6176.0,6260.0,6150.0,6252.0,nan,6186.0,54498,1685623140.0,40613,6178.0,11,6176.0,50,nan,0,nan,0,nan,0,nan,0,nan,0,nan,0,nan,0,nan,0
1597988382272613888,1597988382742000128,2020-08-21 13:39:42.742000,6176.0,6260.0,6150.0,6252.0,nan,6186.0,54499,1685654070.0,40612,6178.0,11,6176.0,49,nan,0,nan,0,nan,0,nan,0,nan,0,nan,0,nan,0,nan,0
1597988384277816064,1597988384744000000,2020-08-21 13:39:44.744000,6176.0,6260.0,6150.0,6252.0,nan,6186.0,54500,1685685000.0,40611,6178.0,11,6176.0,48,nan,0,nan,0,nan,0,nan,0,nan,0,nan,0,nan,0,nan,0
1597988386275895040,1597988386704999936,2020-08-21 13:39:46.705000,6176.0,6260.0,6150.0,6252.0,nan,6186.0,54500,1685685000.0,40611,6178.0,12,6176.0,48,nan,0,nan,0,nan,0,nan,0,nan,0,nan,0,nan,0,nan,0
1597988386779913984,1597988387200999936,2020-08-21 13:39:47.201000,6176.0,6260.0,6150.0,6252.0,nan,6186.0,54500,1685685000.0,40611,6178.0,17,6176.0,48,nan,0,nan,0,nan,0,nan,0,nan,0,nan,0,nan,0,nan,0
1597988387272215040,1597988387728000000,2020-08-21 13:39:47.728000,6176.0,6260.0,6150.0,6252.0,nan,6186.0,54501,1685715930.0,40611,6178.0,17,6176.0,47,nan,0,nan,0,nan,0,nan,0,nan,0,nan,0,nan,0,nan,0
1597988390792984064,1597988391240999936,2020-08-21 13:39:51.241000,6178.0,6260.0,6150.0,6252.0,nan,6186.0,54503,1685777790.0,40611,6178.0,23,6176.0,47,nan,0,nan,0,nan,0,nan,0,nan,0,nan,0,nan,0,nan,0
1597988392307854080,1597988392736999936,2020-08-21 13:39:52.737000,6178.0,6260.0,6150.0,6252.0,nan,6186.0,54503,1685777790.0,40611,6178.0,23,6176.0,48,nan,0,nan,0,nan,0,nan,0,nan,0,nan,0,nan,0,nan,0
1597988392787769088,1597988393233999872,2020-08-21 13:39:53.234000,6178.0,6260.0,6150.0,6252.0,nan,6186.0,54503,1685777790.0,40611,6178.0,23,6176.0,50,nan,0,nan,0,nan,0,nan,0,nan,0,nan,0,nan,0,nan,0
1597988395790736896,1597988396236000000,2020-08-21 13:39:56.236000,6178.0,6260.0,6150.0,6252.0,nan,6186.0,54503,1685777790.0,40611,6178.0,29,6176.0,50,nan,0,nan,0,nan,0,nan,0,nan,0,nan,0,nan,0,nan,0
1597988396281916928,1597988396729000192,2020-08-21 13:39:56.729000,6178.0,6260.0,6150.0,6252.0,nan,6186.0,54503,1685777790.0,40611,6178.0,29,6176.0,51,nan,0,nan,0,nan,0,nan,0,nan,0,nan,0,nan,0,nan,0
1597988396803388928,1597988397231000064,2020-08-21 13:39:57.231000,6178.0,6260.0,6150.0,6252.0,nan,6186.0,54554,1687355220.0,40585,6180.0,17,6174.0,8,nan,0,nan,0,nan,0,nan,0,nan,0,nan,0,nan,0,nan,0
1597988397326107904,1597988397743000064,2020-08-21 13:39:57.743000,6178.0,6260.0,6150.0,6252.0,nan,6186.0,54554,1687355220.0,40585,6178.0,14,6176.0,7,nan,0,nan,0,nan,0,nan,0,nan,0,nan,0,nan,0,nan,0
1597988399287017984,1597988399743000064,2020-08-21 13:39:59.743000,6178.0,6260.0,6150.0,6252.0,nan,6186.0,54554,1687355220.0,40585,6178.0,14,6176.0,22,nan,0,nan,0,nan,0,nan,0,nan,0,nan,0,nan,0,nan,0
1597988399844688896,1597988400224000000,2020-08-21 13:40:00.224000,6178.0,6260.0,6150.0,6252.0,nan,6186.0,54570,1687850100.0,40578,6180.0,15,6178.0,1,nan,0,nan,0,nan,0,nan,0,nan,0,nan,0,nan,0,nan,0
1597988400814134016,1597988401224999936,2020-08-21 13:40:01.225000,6178.0,6260.0,6150.0,6252.0,nan,6186.0,54571,1687881030.0,40578,6180.0,15,6176.0,21,nan,0,nan,0,nan,0,nan,0,nan,0,nan,0,nan,0,nan,0
1597988401285136896,1597988401703000064,2020-08-21 13:40:01.703000,6178.0,6260.0,6150.0,6252.0,nan,6186.0,54571,1687881030.0,40578,6180.0,15,6178.0,3,nan,0,nan,0,nan,0,nan,0,nan,0,nan,0,nan,0,nan,0
1597988401797712896,1597988402216999936,2020-08-21 13:40:02.217000,6178.0,6260.0,6150.0,6252.0,nan,6186.0,54571,1687881030.0,40578,6180.0,15,6178.0,7,nan,0,nan,0,nan,0,nan,0,nan,0,nan,0,nan,0,nan,0
1597988402280163072,1597988402742000128,2020-08-21 13:40:02.742000,6178.0,6260.0,6150.0,6252.0,nan,6186.0,54571,1687881030.0,40578,6180.0,15,6178.0,20,nan,0,nan,0,nan,0,nan,0,nan,0,nan,0,nan,0,nan,0
1597988403314031104,1597988403719000064,2020-08-21 13:40:03.719000,6178.0,6260.0,6150.0,6252.0,nan,6186.0,54571,1687881030.0,40578,6180.0,14,6178.0,20,nan,0,nan,0,nan,0,nan,0,nan,0,nan,0,nan,0,nan,0
1597988403796596992,1597988404240000000,2020-08-21 13:40:04.240000,6178.0,6260.0,6150.0,6252.0,nan,6186.0,54575,1688004750.0,40578,6180.0,14,6178.0,16,nan,0,nan,0,nan,0,nan,0,nan,0,nan,0,nan,0,nan,0
1597988409286797056,1597988409736999936,2020-08-21 13:40:09.737000,6180.0,6260.0,6150.0,6252.0,nan,6186.0,54577,1688066610.0,40577,6180.0,12,6178.0,16,nan,0,nan,0,nan,0,nan,0,nan,0,nan,0,nan,0,nan,0
1597988409798594048,1597988410194999808,2020-08-21 13:40:10.195000,6180.0,6260.0,6150.0,6252.0,nan,6186.0,54577,1688066610.0,40577,6180.0,14,6178.0,16,nan,0,nan,0,nan,0,nan,0,nan,0,nan,0,nan,0,nan,0
1597988410794202880,1597988411239000064,2020-08-21 13:40:11.239000,6178.0,6260.0,6150.0,6252.0,nan,6186.0,54587,1688375910.0,40570,6180.0,14,6178.0,6,nan,0,nan,0,nan,0,nan,0,nan,0,nan,0,nan,0,nan,0
1597988411285872896,1597988411730000128,2020-08-21 13:40:11.730000,6178.0,6260.0,6150.0,6252.0,nan,6186.0,54587,1688375910.0,40570,6180.0,15,6176.0,21,nan,0,nan,0,nan,0,nan,0,nan,0,nan,0,nan,0,nan,0
1597988411803717888,1597988412224999936,2020-08-21 13:40:12.225000,6178.0,6260.0,6150.0,6252.0,nan,6186.0,54587,1688375910.0,40570,6180.0,13,6176.0,21,nan,0,nan,0,nan,0,nan,0,nan,0,nan,0,nan,0,nan,0
1597988412291079936,1597988412708000000,2020-08-21 13:40:12.708000,6176.0,6260.0,6150.0,6252.0,nan,6186.0,54588,1688406840.0,40570,6178.0,4,6176.0,20,nan,0,nan,0,nan,0,nan,0,nan,0,nan,0,nan,0,nan,0
1597988413285117952,1597988413709000192,2020-08-21 13:40:13.709000,6178.0,6260.0,6150.0,6252.0,nan,6186.0,54589,1688437770.0,40571,6178.0,3,6176.0,20,nan,0,nan,0,nan,0,nan,0,nan,0,nan,0,nan,0,nan,0
1597988413798081024,1597988414230000128,2020-08-21 13:40:14.230000,6176.0,6260.0,6150.0,6252.0,nan,6186.0,54592,1688530560.0,40571,6178.0,4,6176.0,27,nan,0,nan,0,nan,0,nan,0,nan,0,nan,0,nan,0,nan,0
1597988414285697024,1597988414728000000,2020-08-21 13:40:14.728000,6178.0,6260.0,6150.0,6252.0,nan,6186.0,54596,1688654280.0,40569,6180.0,13,6178.0,3,nan,0,nan,0,nan,0,nan,0,nan,0,nan,0,nan,0,nan,0
1597988414815720960,1597988415240999936,2020-08-21 13:40:15.241000,6178.0,6260.0,6150.0,6252.0,nan,6186.0,54596,1688654280.0,40569,6180.0,14,6178.0,3,nan,0,nan,0,nan,0,nan,0,nan,0,nan,0,nan,0,nan,0
1597988417286700032,1597988417744000000,2020-08-21 13:40:17.744000,6178.0,6260.0,6150.0,6252.0,nan,6186.0,54596,1688654280.0,40569,6180.0,15,6178.0,3,nan,0,nan,0,nan,0,nan,0,nan,0,nan,0,nan,0,nan,0
1597988418289999104,1597988418734999808,2020-08-21 13:40:18.735000,6178.0,6260.0,6150.0,6252.0,nan,6186.0,54596,1688654280.0,40569,6180.0,16,6178.0,4,nan,0,nan,0,nan,0,nan,0,nan,0,nan,0,nan,0,nan,0
1597988420795010048,1597988421230000128,2020-08-21 13:40:21.230000,6178.0,6260.0,6150.0,6252.0,nan,6186.0,54596,1688654280.0,40569,6180.0,15,6178.0,4,nan,0,nan,0,nan,0,nan,0,nan,0,nan,0,nan,0,nan,0
1597988422288867072,1597988422721999872,2020-08-21 13:40:22.722000,6178.0,6260.0,6150.0,6252.0,nan,6186.0,54600,1688778000.0,40568,6180.0,15,6176.0,27,nan,0,nan,0,nan,0,nan,0,nan,0,nan,0,nan,0,nan,0
1597988422793544960,1597988423237999872,2020-08-21 13:40:23.238000,6178.0,6260.0,6150.0,6252.0,nan,6186.0,54600,1688778000.0,40568,6178.0,1,6176.0,28,nan,0,nan,0,nan,0,nan,0,nan,0,nan,0,nan,0,nan,0
1597988423283049984,1597988423736999936,2020-08-21 13:40:23.737000,6178.0,6260.0,6150.0,6252.0,nan,6186.0,54600,1688778000.0,40568,6178.0,2,6176.0,28,nan,0,nan,0,nan,0,nan,0,nan,0,nan,0,nan,0,nan,0
1597988423810704896,1597988424240000000,2020-08-21 13:40:24.240000,6176.0,6260.0,6150.0,6252.0,nan,6186.0,54603,1688870790.0,40565,6178.0,2,6176.0,25,nan,0,nan,0,nan,0,nan,0,nan,0,nan,0,nan,0,nan,0
1597988424302492928,1597988424730000128,2020-08-21 13:40:24.730000,6176.0,6260.0,6150.0,6252.0,nan,6186.0,54603,1688870790.0,40565,6178.0,7,6176.0,25,nan,0,nan,0,nan,0,nan,0,nan,0,nan,0,nan,0,nan,0
1597988424804064000,1597988425211000064,2020-08-21 13:40:25.211000,6176.0,6260.0,6150.0,6252.0,nan,6186.0,54603,1688870790.0,40565,6178.0,11,6176.0,15,nan,0,nan,0,nan,0,nan,0,nan,0,nan,0,nan,0,nan,0
1597988425282728960,1597988425719000064,2020-08-21 13:40:25.719000,6176.0,6260.0,6150.0,6252.0,nan,6186.0,54618,1689334740.0,40551,6176.0,6,6174.0,38,nan,0,nan,0,nan,0,nan,0,nan,0,nan,0,nan,0,nan,0
1597988428806237952,1597988429244999936,2020-08-21 13:40:29.245000,6176.0,6260.0,6150.0,6252.0,nan,6186.0,54618,1689334740.0,40551,6176.0,6,6174.0,32,nan,0,nan,0,nan,0,nan,0,nan,0,nan,0,nan,0,nan,0
1597988429293451008,1597988429729000192,2020-08-21 13:40:29.729000,6176.0,6260.0,6150.0,6252.0,nan,6186.0,54618,1689334740.0,40551,6176.0,7,6174.0,32,nan,0,nan,0,nan,0,nan,0,nan,0,nan,0,nan,0,nan,0
1597988429813298944,1597988430239000064,2020-08-21 13:40:30.239000,6176.0,6260.0,6150.0,6252.0,nan,6186.0,54621,1689427530.0,40554,6176.0,4,6174.0,32,nan,0,nan,0,nan,0,nan,0,nan,0,nan,0,nan,0,nan,0
1597988431823621120,1597988432244999936,2020-08-21 13:40:32.245000,6176.0,6260.0,6150.0,6252.0,nan,6186.0,54621,1689427530.0,40554,6176.0,5,6174.0,32,nan,0,nan,0,nan,0,nan,0,nan,0,nan,0,nan,0,nan,0
1597988432819962880,1597988433243000064,2020-08-21 13:40:33.243000,6176.0,6260.0,6150.0,6252.0,nan,6186.0,54621,1689427530.0,40554,6176.0,15,6174.0,32,nan,0,nan,0,nan,0,nan,0,nan,0,nan,0,nan,0,nan,0
1597988433817432064,1597988434242000128,2020-08-21 13:40:34.242000,6174.0,6260.0,6150.0,6252.0,nan,6186.0,54624,1689520320.0,40553,6176.0,15,6174.0,29,nan,0,nan,0,nan,0,nan,0,nan,0,nan,0,nan,0,nan,0
1597988434329725952,1597988434737999872,2020-08-21 13:40:34.738000,6174.0,6260.0,6150.0,6252.0,nan,6186.0,54624,1689520320.0,40553,6176.0,16,6174.0,29,nan,0,nan,0,nan,0,nan,0,nan,0,nan,0,nan,0,nan,0
1597988436306141952,1597988436740000000,2020-08-21 13:40:36.740000,6174.0,6260.0,6150.0,6252.0,nan,6186.0,54624,1689520320.0,40553,6176.0,20,6174.0,29,nan,0,nan,0,nan,0,nan,0,nan,0,nan,0,nan,0,nan,0
1597988436819585024,1597988437242000128,2020-08-21 13:40:37.242000,6174.0,6260.0,6150.0,6252.0,nan,6186.0,54624,1689520320.0,40553,6176.0,20,6174.0,27,nan,0,nan,0,nan,0,nan,0,nan,0,nan,0,nan,0,nan,0
1597988437341266944,1597988437720000000,2020-08-21 13:40:37.720000,6174.0,6260.0,6150.0,6252.0,nan,6186.0,54625,1689551250.0,40553,6176.0,17,6174.0,26,nan,0,nan,0,nan,0,nan,0,nan,0,nan,0,nan,0,nan,0
1597988437814522112,1597988438233999872,2020-08-21 13:40:38.234000,6174.0,6260.0,6150.0,6252.0,nan,6186.0,54625,1689551250.0,40553,6176.0,17,6174.0,28,nan,0,nan,0,nan,0,nan,0,nan,0,nan,0,nan,0,nan,0
1597988439315069952,1597988439734999808,2020-08-21 13:40:39.735000,6174.0,6260.0,6150.0,6252.0,nan,6186.0,54625,1689551250.0,40553,6176.0,17,6174.0,26,nan,0,nan,0,nan,0,nan,0,nan,0,nan,0,nan,0,nan,0
1597988440337149952,1597988440744999936,2020-08-21 13:40:40.745000,6174.0,6260.0,6150.0,6252.0,nan,6186.0,54635,1689860550.0,40543,6176.0,17,6174.0,3,nan,0,nan,0,nan,0,nan,0,nan,0,nan,0,nan,0,nan,0
1597988440815725056,1597988441234999808,2020-08-21 13:40:41.235000,6174.0,6260.0,6150.0,6252.0,nan,6186.0,54635,1689860550.0,40543,6176.0,21,6172.0,32,nan,0,nan,0,nan,0,nan,0,nan,0,nan,0,nan,0,nan,0
1597988441299976960,1597988441744000000,2020-08-21 13:40:41.744000,6174.0,6260.0,6150.0,6252.0,nan,6186.0,54635,1689860550.0,40543,6176.0,20,6174.0,5,nan,0,nan,0,nan,0,nan,0,nan,0,nan,0,nan,0,nan,0
1597988441806132992,1597988442187000064,2020-08-21 13:40:42.187000,6174.0,6260.0,6150.0,6252.0,nan,6186.0,54635,1689860550.0,40543,6176.0,20,6174.0,8,nan,0,nan,0,nan,0,nan,0,nan,0,nan,0,nan,0,nan,0
1597988442813202944,1597988443239000064,2020-08-21 13:40:43.239000,6174.0,6260.0,6150.0,6252.0,nan,6186.0,54635,1689860550.0,40543,6176.0,17,6174.0,9,nan,0,nan,0,nan,0,nan,0,nan,0,nan,0,nan,0,nan,0
1597988443331998976,1597988443744999936,2020-08-21 13:40:43.745000,6176.0,6260.0,6150.0,6252.0,nan,6186.0,54652,1690386360.0,40550,6178.0,8,6174.0,9,nan,0,nan,0,nan,0,nan,0,nan,0,nan,0,nan,0,nan,0
1597988443810038016,1597988444208000000,2020-08-21 13:40:44.208000,6176.0,6260.0,6150.0,6252.0,nan,6186.0,54656,1690510080.0,40547,6178.0,12,6176.0,2,nan,0,nan,0,nan,0,nan,0,nan,0,nan,0,nan,0,nan,0
1597988444362665984,1597988444746000128,2020-08-21 13:40:44.746000,6176.0,6260.0,6150.0,6252.0,nan,6186.0,54656,1690510080.0,40547,6178.0,14,6176.0,2,nan,0,nan,0,nan,0,nan,0,nan,0,nan,0,nan,0,nan,0
1597988448302694912,1597988448746000128,2020-08-21 13:40:48.746000,6176.0,6260.0,6150.0,6252.0,nan,6186.0,54656,1690510080.0,40547,6178.0,10,6176.0,2,nan,0,nan,0,nan,0,nan,0,nan,0,nan,0,nan,0,nan,0
1597988449323479040,1597988449632999936,2020-08-21 13:40:49.633000,6176.0,6260.0,6150.0,6252.0,nan,6186.0,54656,1690510080.0,40547,6178.0,11,6176.0,2,nan,0,nan,0,nan,0,nan,0,nan,0,nan,0,nan,0,nan,0
1597988451305185024,1597988451743000064,2020-08-21 13:40:51.743000,6176.0,6260.0,6150.0,6252.0,nan,6186.0,54656,1690510080.0,40547,6178.0,13,6176.0,2,nan,0,nan,0,nan,0,nan,0,nan,0,nan,0,nan,0,nan,0
1597988453808169984,1597988454232999936,2020-08-21 13:40:54.233000,6176.0,6260.0,6150.0,6252.0,nan,6186.0,54659,1690602870.0,40545,6178.0,13,6174.0,28,nan,0,nan,0,nan,0,nan,0,nan,0,nan,0,nan,0,nan,0
1597988454299553024,1597988454709000192,2020-08-21 13:40:54.709000,6176.0,6260.0,6150.0,6252.0,nan,6186.0,54659,1690602870.0,40545,6178.0,13,6174.0,26,nan,0,nan,0,nan,0,nan,0,nan,0,nan,0,nan,0,nan,0
1597988454812794880,1597988455242000128,2020-08-21 13:40:55.242000,6176.0,6260.0,6150.0,6252.0,nan,6186.0,54659,1690602870.0,40545,6176.0,1,6174.0,28,nan,0,nan,0,nan,0,nan,0,nan,0,nan,0,nan,0,nan,0
1597988456290177024,1597988456736000000,2020-08-21 13:40:56.736000,6176.0,6260.0,6150.0,6252.0,nan,6186.0,54660,1690633800.0,40546,6178.0,14,6174.0,24,nan,0,nan,0,nan,0,nan,0,nan,0,nan,0,nan,0,nan,0
1597988456815949056,1597988457240000000,2020-08-21 13:40:57.240000,6176.0,6260.0,6150.0,6252.0,nan,6186.0,54660,1690633800.0,40546,6176.0,1,6174.0,24,nan,0,nan,0,nan,0,nan,0,nan,0,nan,0,nan,0,nan,0
1597988457296248064,1597988457743000064,2020-08-21 13:40:57.743000,6176.0,6260.0,6150.0,6252.0,nan,6186.0,54660,1690633800.0,40546,6176.0,1,6174.0,28,nan,0,nan,0,nan,0,nan,0,nan,0,nan,0,nan,0,nan,0
1597988460299820032,1597988460742000128,2020-08-21 13:41:00.742000,6176.0,6260.0,6150.0,6252.0,nan,6186.0,54661,1690664730.0,40547,6178.0,14,6176.0,4,nan,0,nan,0,nan,0,nan,0,nan,0,nan,0,nan,0,nan,0
1597988460818061056,1597988461244000000,2020-08-21 13:41:01.244000,6176.0,6260.0,6150.0,6252.0,nan,6186.0,54661,1690664730.0,40547,6178.0,14,6176.0,5,nan,0,nan,0,nan,0,nan,0,nan,0,nan,0,nan,0,nan,0
1597988461349021952,1597988461696999936,2020-08-21 13:41:01.697000,6176.0,6260.0,6150.0,6252.0,nan,6186.0,54661,1690664730.0,40547,6178.0,19,6176.0,5,nan,0,nan,0,nan,0,nan,0,nan,0,nan,0,nan,0,nan,0
1597988462835437056,1597988463236000000,2020-08-21 13:41:03.236000,6176.0,6260.0,6150.0,6252.0,nan,6186.0,54661,1690664730.0,40547,6178.0,20,6176.0,5,nan,0,nan,0,nan,0,nan,0,nan,0,nan,0,nan,0,nan,0
1597988463833187072,1597988464237999872,2020-08-21 13:41:04.238000,6176.0,6260.0,6150.0,6252.0,nan,6186.0,54665,1690788450.0,40547,6178.0,20,6176.0,3,nan,0,nan,0,nan,0,nan,0,nan,0,nan,0,nan,0,nan,0
1597988464307981056,1597988464740000000,2020-08-21 13:41:04.740000,6176.0,6260.0,6150.0,6252.0,nan,6186.0,54665,1690788450.0,40547,6178.0,21,6176.0,3,nan,0,nan,0,nan,0,nan,0,nan,0,nan,0,nan,0,nan,0
1597988467309304064,1597988467708000000,2020-08-21 13:41:07.708000,6176.0,6260.0,6150.0,6252.0,nan,6186.0,54665,1690788450.0,40547,6178.0,21,6176.0,4,nan,0,nan,0,nan,0,nan,0,nan,0,nan,0,nan,0,nan,0
1597988468307593984,1597988468670000128,2020-08-21 13:41:08.670000,6176.0,6260.0,6150.0,6252.0,nan,6186.0,54669,1690912170.0,40545,6176.0,6,6174.0,24,nan,0,nan,0,nan,0,nan,0,nan,0,nan,0,nan,0,nan,0
1597988468834160896,1597988469217999872,2020-08-21 13:41:09.218000,6176.0,6260.0,6150.0,6252.0,nan,6186.0,54669,1690912170.0,40545,6176.0,14,6174.0,24,nan,0,nan,0,nan,0,nan,0,nan,0,nan,0,nan,0,nan,0
1597988469315750912,1597988469713999872,2020-08-21 13:41:09.714000,6176.0,6260.0,6150.0,6252.0,nan,6186.0,54669,1690912170.0,40545,6176.0,15,6174.0,8,nan,0,nan,0,nan,0,nan,0,nan,0,nan,0,nan,0,nan,0
1597988469835699968,1597988470233999872,2020-08-21 13:41:10.234000,6176.0,6260.0,6150.0,6252.0,nan,6186.0,54669,1690912170.0,40545,6176.0,15,6174.0,7,nan,0,nan,0,nan,0,nan,0,nan,0,nan,0,nan,0,nan,0
1597988472316200960,1597988472744000000,2020-08-21 13:41:12.744000,6176.0,6260.0,6150.0,6252.0,nan,6186.0,54669,1690912170.0,40545,6176.0,16,6174.0,7,nan,0,nan,0,nan,0,nan,0,nan,0,nan,0,nan,0,nan,0
1597988472834857984,1597988473236000000,2020-08-21 13:41:13.236000,6176.0,6260.0,6150.0,6252.0,nan,6186.0,54670,1690943100.0,40545,6176.0,15,6174.0,7,nan,0,nan,0,nan,0,nan,0,nan,0,nan,0,nan,0,nan,0
1597988473822596096,1597988474236000000,2020-08-21 13:41:14.236000,6174.0,6260.0,6150.0,6252.0,nan,6186.0,54673,1691035890.0,40545,6176.0,15,6174.0,4,nan,0,nan,0,nan,0,nan,0,nan,0,nan,0,nan,0,nan,0
1597988474309025024,1597988474733999872,2020-08-21 13:41:14.734000,6174.0,6260.0,6150.0,6252.0,nan,6186.0,54683,1691345190.0,40553,6176.0,15,6172.0,28,nan,0,nan,0,nan,0,nan,0,nan,0,nan,0,nan,0,nan,0
1597988474811400960,1597988475232000000,2020-08-21 13:41:15.232000,6174.0,6260.0,6150.0,6252.0,nan,6186.0,54683,1691345190.0,40553,6176.0,14,6172.0,29,nan,0,nan,0,nan,0,nan,0,nan,0,nan,0,nan,0,nan,0
1597988475307655936,1597988475724999936,2020-08-21 13:41:15.725000,6176.0,6260.0,6150.0,6252.0,nan,6186.0,54686,1691437980.0,40552,6176.0,17,6172.0,28,nan,0,nan,0,nan,0,nan,0,nan,0,nan,0,nan,0,nan,0
1597988475820289024,1597988476232000000,2020-08-21 13:41:16.232000,6174.0,6260.0,6150.0,6252.0,nan,6186.0,54687,1691468910.0,40553,6176.0,17,6172.0,27,nan,0,nan,0,nan,0,nan,0,nan,0,nan,0,nan,0,nan,0
1597988476333292032,1597988476743000064,2020-08-21 13:41:16.743000,6174.0,6260.0,6150.0,6252.0,nan,6186.0,54687,1691468910.0,40553,6174.0,5,6172.0,27,nan,0,nan,0,nan,0,nan,0,nan,0,nan,0,nan,0,nan,0
1597988480313734912,1597988480733999872,2020-08-21 13:41:20.734000,6174.0,6260.0,6150.0,6252.0,nan,6186.0,54688,1691499840.0,40554,6174.0,4,6172.0,31,nan,0,nan,0,nan,0,nan,0,nan,0,nan,0,nan,0,nan,0
1597988480820636928,1597988481242000128,2020-08-21 13:41:21.242000,6174.0,6260.0,6150.0,6252.0,nan,6186.0,54692,1691623560.0,40558,6176.0,17,6172.0,29,nan,0,nan,0,nan,0,nan,0,nan,0,nan,0,nan,0,nan,0
1597988483314870016,1597988483746000128,2020-08-21 13:41:23.746000,6174.0,6260.0,6150.0,6252.0,nan,6186.0,54692,1691623560.0,40558,6176.0,17,6172.0,24,nan,0,nan,0,nan,0,nan,0,nan,0,nan,0,nan,0,nan,0
1597988483845003008,1597988484239000064,2020-08-21 13:41:24.239000,6172.0,6260.0,6150.0,6252.0,nan,6186.0,54696,1691747280.0,40555,6174.0,1,6172.0,20,nan,0,nan,0,nan,0,nan,0,nan,0,nan,0,nan,0,nan,0
1597988484307681024,1597988484732000000,2020-08-21 13:41:24.732000,6172.0,6260.0,6150.0,6252.0,nan,6186.0,54696,1691747280.0,40555,6174.0,16,6172.0,13,nan,0,nan,0,nan,0,nan,0,nan,0,nan,0,nan,0,nan,0
1597988484836184064,1597988485237999872,2020-08-21 13:41:25.238000,6172.0,6260.0,6150.0,6252.0,nan,6186.0,54696,1691747280.0,40555,6174.0,16,6172.0,12,nan,0,nan,0,nan,0,nan,0,nan,0,nan,0,nan,0,nan,0
1597988485319426048,1597988485655000064,2020-08-21 13:41:25.655000,6172.0,6260.0,6150.0,6252.0,nan,6186.0,54696,1691747280.0,40555,6174.0,17,6172.0,12,nan,0,nan,0,nan,0,nan,0,nan,0,nan,0,nan,0,nan,0
1597988487319017984,1597988487737999872,2020-08-21 13:41:27.738000,6172.0,6260.0,6150.0,6252.0,nan,6186.0,54696,1691747280.0,40555,6174.0,18,6172.0,12,nan,0,nan,0,nan,0,nan,0,nan,0,nan,0,nan,0,nan,0
1597988490319729920,1597988490744000000,2020-08-21 13:41:30.744000,6174.0,6260.0,6150.0,6252.0,nan,6186.0,54698,1691809140.0,40554,6174.0,17,6172.0,13,nan,0,nan,0,nan,0,nan,0,nan,0,nan,0,nan,0,nan,0
1597988493316855040,1597988493742000128,2020-08-21 13:41:33.742000,6174.0,6260.0,6150.0,6252.0,nan,6186.0,54698,1691809140.0,40554,6174.0,18,6172.0,12,nan,0,nan,0,nan,0,nan,0,nan,0,nan,0,nan,0,nan,0
1597988493839759104,1597988494226000128,2020-08-21 13:41:34.226000,6172.0,6260.0,6150.0,6252.0,nan,6186.0,54702,1691932860.0,40553,6174.0,17,6172.0,9,nan,0,nan,0,nan,0,nan,0,nan,0,nan,0,nan,0,nan,0
1597988494321995008,1597988494744000000,2020-08-21 13:41:34.744000,6172.0,6260.0,6150.0,6252.0,nan,6186.0,54704,1691994720.0,40553,6174.0,17,6172.0,7,nan,0,nan,0,nan,0,nan,0,nan,0,nan,0,nan,0,nan,0
1597988497341913088,1597988497704000000,2020-08-21 13:41:37.704000,6172.0,6260.0,6150.0,6252.0,nan,6186.0,54711,1692211230.0,40551,6172.0,8,6170.0,30,nan,0,nan,0,nan,0,nan,0,nan,0,nan,0,nan,0,nan,0
1597988497852225024,1597988498239000064,2020-08-21 13:41:38.239000,6172.0,6260.0,6150.0,6252.0,nan,6186.0,54711,1692211230.0,40551,6172.0,9,6170.0,30,nan,0,nan,0,nan,0,nan,0,nan,0,nan,0,nan,0,nan,0
1597988498315386880,1597988498732000000,2020-08-21 13:41:38.732000,6172.0,6260.0,6150.0,6252.0,nan,6186.0,54714,1692304020.0,40549,6172.0,6,6170.0,30,nan,0,nan,0,nan,0,nan,0,nan,0,nan,0,nan,0,nan,0
1597988498832744960,1597988499196999936,2020-08-21 13:41:39.197000,6172.0,6260.0,6150.0,6252.0,nan,6186.0,54714,1692304020.0,40549,6172.0,6,6170.0,29,nan,0,nan,0,nan,0,nan,0,nan,0,nan,0,nan,0,nan,0
1597988501840279040,1597988502227000064,2020-08-21 13:41:42.227000,6172.0,6260.0,6150.0,6252.0,nan,6186.0,54714,1692304020.0,40549,6172.0,10,6170.0,29,nan,0,nan,0,nan,0,nan,0,nan,0,nan,0,nan,0,nan,0
1597988502318013952,1597988502744999936,2020-08-21 13:41:42.745000,6172.0,6260.0,6150.0,6252.0,nan,6186.0,54714,1692304020.0,40549,6172.0,14,6170.0,32,nan,0,nan,0,nan,0,nan,0,nan,0,nan,0,nan,0,nan,0
1597988502840722944,1597988503242000128,2020-08-21 13:41:43.242000,6172.0,6260.0,6150.0,6252.0,nan,6186.0,54715,1692334950.0,40549,6172.0,13,6170.0,40,nan,0,nan,0,nan,0,nan,0,nan,0,nan,0,nan,0,nan,0
1597988503351472896,1597988503740999936,2020-08-21 13:41:43.741000,6172.0,6260.0,6150.0,6252.0,nan,6186.0,54715,1692334950.0,40549,6172.0,9,6170.0,40,nan,0,nan,0,nan,0,nan,0,nan,0,nan,0,nan,0,nan,0
1597988503833608960,1597988504242000128,2020-08-21 13:41:44.242000,6170.0,6260.0,6150.0,6252.0,nan,6186.0,54719,1692458670.0,40549,6172.0,9,6170.0,36,nan,0,nan,0,nan,0,nan,0,nan,0,nan,0,nan,0,nan,0
1597988504339979008,1597988504743000064,2020-08-21 13:41:44.743000,6170.0,6260.0,6150.0,6252.0,nan,6186.0,54721,1692520530.0,40549,6172.0,10,6170.0,34,nan,0,nan,0,nan,0,nan,0,nan,0,nan,0,nan,0,nan,0
1597988504854330880,1597988505242000128,2020-08-21 13:41:45.242000,6170.0,6260.0,6150.0,6252.0,nan,6186.0,54721,1692520530.0,40549,6172.0,16,6170.0,32,nan,0,nan,0,nan,0,nan,0,nan,0,nan,0,nan,0,nan,0
1597988506332293888,1597988506668999936,2020-08-21 13:41:46.669000,6170.0,6260.0,6150.0,6252.0,nan,6186.0,54723,1692582390.0,40549,6172.0,19,6170.0,30,nan,0,nan,0,nan,0,nan,0,nan,0,nan,0,nan,0,nan,0
1597988506842116096,1597988507242000128,2020-08-21 13:41:47.242000,6170.0,6260.0,6150.0,6252.0,nan,6186.0,54753,1693510290.0,40563,6170.0,6,6168.0,28,nan,0,nan,0,nan,0,nan,0,nan,0,nan,0,nan,0,nan,0
1597988507320188928,1597988507746000128,2020-08-21 13:41:47.746000,6170.0,6260.0,6150.0,6252.0,nan,6186.0,54753,1693510290.0,40563,6170.0,6,6168.0,30,nan,0,nan,0,nan,0,nan,0,nan,0,nan,0,nan,0,nan,0
1597988507845861120,1597988508240999936,2020-08-21 13:41:48.241000,6170.0,6260.0,6150.0,6252.0,nan,6186.0,54760,1693726800.0,40563,6172.0,19,6168.0,27,nan,0,nan,0,nan,0,nan,0,nan,0,nan,0,nan,0,nan,0
1597988508312957952,1597988508744999936,2020-08-21 13:41:48.745000,6170.0,6260.0,6150.0,6252.0,nan,6186.0,54761,1693757730.0,40563,6170.0,2,6168.0,27,nan,0,nan,0,nan,0,nan,0,nan,0,nan,0,nan,0,nan,0
1597988508845758976,1597988509236000000,2020-08-21 13:41:49.236000,6170.0,6260.0,6150.0,6252.0,nan,6186.0,54762,1693788660.0,40563,6170.0,2,6168.0,27,nan,0,nan,0,nan,0,nan,0,nan,0,nan,0,nan,0,nan,0
1597988511328537088,1597988511806999808,2020-08-21 13:41:51.807000,6170.0,6260.0,6150.0,6252.0,nan,6186.0,54764,1693850520.0,40562,6172.0,20,6168.0,27,nan,0,nan,0,nan,0,nan,0,nan,0,nan,0,nan,0,nan,0
1597988511846832128,1597988512232000000,2020-08-21 13:41:52.232000,6170.0,6260.0,6150.0,6252.0,nan,6186.0,54764,1693850520.0,40562,6172.0,20,6170.0,4,nan,0,nan,0,nan,0,nan,0,nan,0,nan,0,nan,0,nan,0
1597988512351621888,1597988512736999936,2020-08-21 13:41:52.737000,6170.0,6260.0,6150.0,6252.0,nan,6186.0,54764,1693850520.0,40562,6172.0,17,6170.0,14,nan,0,nan,0,nan,0,nan,0,nan,0,nan,0,nan,0,nan,0
1597988512837530880,1597988513244999936,2020-08-21 13:41:53.245000,6170.0,6260.0,6150.0,6252.0,nan,6186.0,54764,1693850520.0,40562,6172.0,14,6170.0,22,nan,0,nan,0,nan,0,nan,0,nan,0,nan,0,nan,0,nan,0
1597988513852859904,1597988514231000064,2020-08-21 13:41:54.231000,6170.0,6260.0,6150.0,6252.0,nan,6186.0,54767,1693943310.0,40562,6172.0,14,6170.0,19,nan,0,nan,0,nan,0,nan,0,nan,0,nan,0,nan,0,nan,0
1597988514847616000,1597988515438999808,2020-08-21 13:41:55.439000,6170.0,6260.0,6150.0,6252.0,nan,6186.0,54767,1693943310.0,40562,6172.0,14,6170.0,20,nan,0,nan,0,nan,0,nan,0,nan,0,nan,0,nan,0,nan,0
1597988515845540096,1597988516210000128,2020-08-21 13:41:56.210000,6170.0,6260.0,6150.0,6252.0,nan,6186.0,54767,1693943310.0,40562,6172.0,14,6170.0,22,nan,0,nan,0,nan,0,nan,0,nan,0,nan,0,nan,0,nan,0
1597988516340342016,1597988516728000000,2020-08-21 13:41:56.728000,6170.0,6260.0,6150.0,6252.0,nan,6186.0,54768,1693974240.0,40562,6172.0,14,6170.0,21,nan,0,nan,0,nan,0,nan,0,nan,0,nan,0,nan,0,nan,0
1597988518389200896,1597988518928999936,2020-08-21 13:41:58.929000,6170.0,6260.0,6150.0,6252.0,nan,6186.0,54770,1694036100.0,40562,6172.0,14,6170.0,20,nan,0,nan,0,nan,0,nan,0,nan,0,nan,0,nan,0,nan,0
1597988519359192064,1597988519936999936,2020-08-21 13:41:59.937000,6170.0,6260.0,6150.0,6252.0,nan,6186.0,54770,1694036100.0,40562,6172.0,16,6170.0,20,nan,0,nan,0,nan,0,nan,0,nan,0,nan,0,nan,0,nan,0
1597988520344092928,1597988520897000192,2020-08-21 13:42:00.897000,6170.0,6260.0,6150.0,6252.0,nan,6186.0,54770,1694036100.0,40562,6172.0,17,6170.0,20,nan,0,nan,0,nan,0,nan,0,nan,0,nan,0,nan,0,nan,0
1597988520861462016,1597988521323000064,2020-08-21 13:42:01.323000,6170.0,6260.0,6150.0,6252.0,nan,6186.0,54770,1694036100.0,40562,6172.0,17,6170.0,19,nan,0,nan,0,nan,0,nan,0,nan,0,nan,0,nan,0,nan,0
1597988521358821120,1597988521734999808,2020-08-21 13:42:01.735000,6170.0,6260.0,6150.0,6252.0,nan,6186.0,54770,1694036100.0,40562,6172.0,21,6170.0,19,nan,0,nan,0,nan,0,nan,0,nan,0,nan,0,nan,0,nan,0
1597988521842862080,1597988522244000000,2020-08-21 13:42:02.244000,6172.0,6260.0,6150.0,6252.0,nan,6186.0,54771,1694067030.0,40561,6172.0,20,6170.0,21,nan,0,nan,0,nan,0,nan,0,nan,0,nan,0,nan,0,nan,0
1597988522328295936,1597988522730000128,2020-08-21 13:42:02.730000,6172.0,6260.0,6150.0,6252.0,nan,6186.0,54772,1694097960.0,40560,6172.0,16,6170.0,22,nan,0,nan,0,nan,0,nan,0,nan,0,nan,0,nan,0,nan,0
1597988522862674944,1597988523246000128,2020-08-21 13:42:03.246000,6172.0,6260.0,6150.0,6252.0,nan,6186.0,54772,1694097960.0,40560,6172.0,12,6170.0,22,nan,0,nan,0,nan,0,nan,0,nan,0,nan,0,nan,0,nan,0
1597988523343545088,1597988523891000064,2020-08-21 13:42:03.891000,6172.0,6260.0,6150.0,6252.0,nan,6186.0,54776,1694221680.0,40558,6172.0,8,6170.0,15,nan,0,nan,0,nan,0,nan,0,nan,0,nan,0,nan,0,nan,0
1597988523851000064,1597988524224000000,2020-08-21 13:42:04.224000,6170.0,6260.0,6150.0,6252.0,nan,6186.0,54780,1694345400.0,40556,6172.0,8,6170.0,15,nan,0,nan,0,nan,0,nan,0,nan,0,nan,0,nan,0,nan,0
1597988524355379968,1597988524736000000,2020-08-21 13:42:04.736000,6170.0,6260.0,6150.0,6252.0,nan,6186.0,54780,1694345400.0,40556,6172.0,9,6170.0,15,nan,0,nan,0,nan,0,nan,0,nan,0,nan,0,nan,0,nan,0
1597988526335301888,1597988526892999936,2020-08-21 13:42:06.893000,6170.0,6260.0,6150.0,6252.0,nan,6186.0,54780,1694345400.0,40556,6172.0,10,6170.0,15,nan,0,nan,0,nan,0,nan,0,nan,0,nan,0,nan,0,nan,0
1597988527869650944,1597988528224000000,2020-08-21 13:42:08.224000,6170.0,6260.0,6150.0,6252.0,nan,6186.0,54780,1694345400.0,40556,6172.0,10,6170.0,16,nan,0,nan,0,nan,0,nan,0,nan,0,nan,0,nan,0,nan,0
1597988528857249024,1597988529418999808,2020-08-21 13:42:09.419000,6170.0,6260.0,6150.0,6252.0,nan,6186.0,54780,1694345400.0,40556,6172.0,10,6170.0,17,nan,0,nan,0,nan,0,nan,0,nan,0,nan,0,nan,0,nan,0
1597988529339380992,1597988529732000000,2020-08-21 13:42:09.732000,6170.0,6260.0,6150.0,6252.0,nan,6186.0,54780,1694345400.0,40556,6172.0,11,6170.0,17,nan,0,nan,0,nan,0,nan,0,nan,0,nan,0,nan,0,nan,0
1597988530340172032,1597988530936999936,2020-08-21 13:42:10.937000,6170.0,6260.0,6150.0,6252.0,nan,6186.0,54780,1694345400.0,40556,6172.0,12,6170.0,18,nan,0,nan,0,nan,0,nan,0,nan,0,nan,0,nan,0,nan,0
1597988533860286976,1597988534424000000,2020-08-21 13:42:14.424000,6170.0,6260.0,6150.0,6252.0,nan,6186.0,54783,1694438190.0,40553,6172.0,12,6170.0,15,nan,0,nan,0,nan,0,nan,0,nan,0,nan,0,nan,0,nan,0
1597988534341080064,1597988534926000128,2020-08-21 13:42:14.926000,6170.0,6260.0,6150.0,6252.0,nan,6186.0,54785,1694500050.0,40553,6172.0,15,6170.0,13,nan,0,nan,0,nan,0,nan,0,nan,0,nan,0,nan,0,nan,0
1597988534866393088,1597988535435000064,2020-08-21 13:42:15.435000,6170.0,6260.0,6150.0,6252.0,nan,6186.0,54787,1694561910.0,40554,6172.0,15,6170.0,11,nan,0,nan,0,nan,0,nan,0,nan,0,nan,0,nan,0,nan,0
1597988535340169984,1597988535928999936,2020-08-21 13:42:15.929000,6170.0,6260.0,6150.0,6252.0,nan,6186.0,54787,1694561910.0,40554,6172.0,17,6170.0,19,nan,0,nan,0,nan,0,nan,0,nan,0,nan,0,nan,0,nan,0
1597988535855053056,1597988536403000064,2020-08-21 13:42:16.403000,6170.0,6260.0,6150.0,6252.0,nan,6186.0,54788,1694592840.0,40555,6172.0,15,6170.0,18,nan,0,nan,0,nan,0,nan,0,nan,0,nan,0,nan,0,nan,0
1597988536357125120,1597988536931000064,2020-08-21 13:42:16.931000,6170.0,6260.0,6150.0,6252.0,nan,6186.0,54788,1694592840.0,40555,6172.0,16,6170.0,18,nan,0,nan,0,nan,0,nan,0,nan,0,nan,0,nan,0,nan,0
1597988536880080896,1597988537436999936,2020-08-21 13:42:17.437000,6170.0,6260.0,6150.0,6252.0,nan,6186.0,54788,1694592840.0,40555,6172.0,16,6170.0,20,nan,0,nan,0,nan,0,nan,0,nan,0,nan,0,nan,0,nan,0
1597988538354096896,1597988538927000064,2020-08-21 13:42:18.927000,6170.0,6260.0,6150.0,6252.0,nan,6186.0,54798,1694902140.0,40549,6172.0,16,6170.0,10,nan,0,nan,0,nan,0,nan,0,nan,0,nan,0,nan,0,nan,0
1597988539358497024,1597988539931000064,2020-08-21 13:42:19.931000,6170.0,6260.0,6150.0,6252.0,nan,6186.0,54798,1694902140.0,40549,6172.0,18,6170.0,10,nan,0,nan,0,nan,0,nan,0,nan,0,nan,0,nan,0,nan,0
1597988541345669120,1597988541936000000,2020-08-21 13:42:21.936000,6170.0,6260.0,6150.0,6252.0,nan,6186.0,54800,1694964000.0,40549,6172.0,26,6170.0,8,nan,0,nan,0,nan,0,nan,0,nan,0,nan,0,nan,0,nan,0
1597988541876090880,1597988542404999936,2020-08-21 13:42:22.405000,6170.0,6260.0,6150.0,6252.0,nan,6186.0,54808,1695211440.0,40557,6170.0,3,6168.0,31,nan,0,nan,0,nan,0,nan,0,nan,0,nan,0,nan,0,nan,0
1597988543878008064,1597988544432000000,2020-08-21 13:42:24.432000,6168.0,6260.0,6150.0,6252.0,nan,6186.0,54812,1695335160.0,40554,6170.0,3,6168.0,27,nan,0,nan,0,nan,0,nan,0,nan,0,nan,0,nan,0,nan,0
1597988544344372992,1597988544898000128,2020-08-21 13:42:24.898000,6170.0,6260.0,6150.0,6252.0,nan,6186.0,54817,1695489810.0,40552,6170.0,8,6168.0,29,nan,0,nan,0,nan,0,nan,0,nan,0,nan,0,nan,0,nan,0
1597988545909932032,1597988546427000064,2020-08-21 13:42:26.427000,6168.0,6260.0,6150.0,6252.0,nan,6186.0,54818,1695520740.0,40552,6170.0,12,6168.0,28,nan,0,nan,0,nan,0,nan,0,nan,0,nan,0,nan,0,nan,0
1597988546354697984,1597988546935000064,2020-08-21 13:42:26.935000,6168.0,6260.0,6150.0,6252.0,nan,6186.0,54818,1695520740.0,40552,6170.0,15,6168.0,28,nan,0,nan,0,nan,0,nan,0,nan,0,nan,0,nan,0,nan,0
1597988546870055936,1597988547426000128,2020-08-21 13:42:27.426000,6170.0,6260.0,6150.0,6252.0,nan,6186.0,54830,1695891900.0,40557,6172.0,26,6168.0,28,nan,0,nan,0,nan,0,nan,0,nan,0,nan,0,nan,0,nan,0
1597988549333934080,1597988549736999936,2020-08-21 13:42:29.737000,6170.0,6260.0,6150.0,6252.0,nan,6186.0,54830,1695891900.0,40557,6172.0,26,6168.0,27,nan,0,nan,0,nan,0,nan,0,nan,0,nan,0,nan,0,nan,0
1597988549868813056,1597988550432000000,2020-08-21 13:42:30.432000,6172.0,6260.0,6150.0,6252.0,nan,6186.0,54831,1695922830.0,40558,6172.0,25,6168.0,27,nan,0,nan,0,nan,0,nan,0,nan,0,nan,0,nan,0,nan,0
1597988553341421056,1597988553901999872,2020-08-21 13:42:33.902000,6172.0,6260.0,6150.0,6252.0,nan,6186.0,54832,1695953760.0,40558,6172.0,25,6168.0,27,nan,0,nan,0,nan,0,nan,0,nan,0,nan,0,nan,0,nan,0
1597988553867631104,1597988554434000128,2020-08-21 13:42:34.434000,6168.0,6260.0,6150.0,6252.0,nan,6186.0,54835,1696046550.0,40558,6172.0,25,6168.0,29,nan,0,nan,0,nan,0,nan,0,nan,0,nan,0,nan,0,nan,0
1597988555345256960,1597988555932000000,2020-08-21 13:42:35.932000,6168.0,6260.0,6150.0,6252.0,nan,6186.0,54835,1696046550.0,40558,6172.0,26,6168.0,29,nan,0,nan,0,nan,0,nan,0,nan,0,nan,0,nan,0,nan,0
1597988558413320960,1597988558931000064,2020-08-21 13:42:38.931000,6168.0,6260.0,6150.0,6252.0,nan,6186.0,54835,1696046550.0,40558,6170.0,2,6168.0,25,nan,0,nan,0,nan,0,nan,0,nan,0,nan,0,nan,0,nan,0
1597988558880317952,1597988559437999872,2020-08-21 13:42:39.438000,6170.0,6260.0,6150.0,6252.0,nan,6186.0,54840,1696201200.0,40554,6170.0,3,6168.0,25,nan,0,nan,0,nan,0,nan,0,nan,0,nan,0,nan,0,nan,0
1597988560870926080,1597988561426000128,2020-08-21 13:42:41.426000,6170.0,6260.0,6150.0,6252.0,nan,6186.0,54840,1696201200.0,40554,6172.0,26,6168.0,25,nan,0,nan,0,nan,0,nan,0,nan,0,nan,0,nan,0,nan,0
1597988562348849920,1597988562928000000,2020-08-21 13:42:42.928000,6170.0,6260.0,6150.0,6252.0,nan,6186.0,54840,1696201200.0,40554,6172.0,27,6168.0,25,nan,0,nan,0,nan,0,nan,0,nan,0,nan,0,nan,0,nan,0
1597988562880781056,1597988563430000128,2020-08-21 13:42:43.430000,6170.0,6260.0,6150.0,6252.0,nan,6186.0,54840,1696201200.0,40554,6172.0,30,6168.0,25,nan,0,nan,0,nan,0,nan,0,nan,0,nan,0,nan,0,nan,0
1597988563369840128,1597988563936999936,2020-08-21 13:42:43.937000,6170.0,6260.0,6150.0,6252.0,nan,6186.0,54841,1696232130.0,40555,6170.0,5,6168.0,25,nan,0,nan,0,nan,0,nan,0,nan,0,nan,0,nan,0,nan,0
1597988563878661120,1597988564436000000,2020-08-21 13:42:44.436000,6168.0,6260.0,6150.0,6252.0,nan,6186.0,54866,1697005380.0,40550,6168.0,3,6166.0,104,nan,0,nan,0,nan,0,nan,0,nan,0,nan,0,nan,0,nan,0
1597988564357196032,1597988564935000064,2020-08-21 13:42:44.935000,6168.0,6260.0,6150.0,6252.0,nan,6186.0,54869,1697098170.0,40547,6170.0,10,6168.0,3,nan,0,nan,0,nan,0,nan,0,nan,0,nan,0,nan,0,nan,0
1597988564886707968,1597988565430000128,2020-08-21 13:42:45.430000,6168.0,6260.0,6150.0,6252.0,nan,6186.0,54872,1697190960.0,40547,6168.0,1,6166.0,105,nan,0,nan,0,nan,0,nan,0,nan,0,nan,0,nan,0,nan,0
1597988565352346112,1597988565936999936,2020-08-21 13:42:45.937000,6168.0,6260.0,6150.0,6252.0,nan,6186.0,54873,1697221890.0,40547,6170.0,16,6168.0,14,nan,0,nan,0,nan,0,nan,0,nan,0,nan,0,nan,0,nan,0
1597988565863101952,1597988566436999936,2020-08-21 13:42:46.437000,6168.0,6260.0,6150.0,6252.0,nan,6186.0,54873,1697221890.0,40547,6170.0,6,6168.0,14,nan,0,nan,0,nan,0,nan,0,nan,0,nan,0,nan,0,nan,0
1597988566364664064,1597988566917999872,2020-08-21 13:42:46.918000,6168.0,6260.0,6150.0,6252.0,nan,6186.0,54873,1697221890.0,40547,6170.0,6,6168.0,15,nan,0,nan,0,nan,0,nan,0,nan,0,nan,0,nan,0,nan,0
1597988567353562880,1597988567912000000,2020-08-21 13:42:47.912000,6168.0,6260.0,6150.0,6252.0,nan,6186.0,54873,1697221890.0,40547,6170.0,6,6168.0,11,nan,0,nan,0,nan,0,nan,0,nan,0,nan,0,nan,0,nan,0
1597988568349338880,1597988568924999936,2020-08-21 13:42:48.925000,6168.0,6260.0,6150.0,6252.0,nan,6186.0,54873,1697221890.0,40547,6170.0,16,6168.0,11,nan,0,nan,0,nan,0,nan,0,nan,0,nan,0,nan,0,nan,0
1597988568874263040,1597988569435000064,2020-08-21 13:42:49.435000,6168.0,6260.0,6150.0,6252.0,nan,6186.0,54873,1697221890.0,40547,6170.0,16,6168.0,16,nan,0,nan,0,nan,0,nan,0,nan,0,nan,0,nan,0,nan,0
1597988569871034112,1597988570428999936,2020-08-21 13:42:50.429000,6170.0,6260.0,6150.0,6252.0,nan,6186.0,54883,1697531190.0,40544,6172.0,29,6168.0,19,nan,0,nan,0,nan,0,nan,0,nan,0,nan,0,nan,0,nan,0
1597988570352283904,1597988570931000064,2020-08-21 13:42:50.931000,6170.0,6260.0,6150.0,6252.0,nan,6186.0,54883,1697531190.0,40544,6172.0,30,6168.0,23,nan,0,nan,0,nan,0,nan,0,nan,0,nan,0,nan,0,nan,0
1597988570870472960,1597988571435000064,2020-08-21 13:42:51.435000,6170.0,6260.0,6150.0,6252.0,nan,6186.0,54883,1697531190.0,40544,6172.0,27,6168.0,23,nan,0,nan,0,nan,0,nan,0,nan,0,nan,0,nan,0,nan,0
1597988573348392960,1597988573935000064,2020-08-21 13:42:53.935000,6168.0,6260.0,6150.0,6252.0,nan,6186.0,54884,1697562120.0,40544,6172.0,27,6168.0,22,nan,0,nan,0,nan,0,nan,0,nan,0,nan,0,nan,0,nan,0
1597988573881449984,1597988574424999936,2020-08-21 13:42:54.425000,6168.0,6260.0,6150.0,6252.0,nan,6186.0,54888,1697685840.0,40545,6172.0,27,6168.0,18,nan,0,nan,0,nan,0,nan,0,nan,0,nan,0,nan,0,nan,0
1597988575383489024,1597988575937999872,2020-08-21 13:42:55.938000,6170.0,6260.0,6150.0,6252.0,nan,6186.0,54893,1697840490.0,40545,6172.0,27,6168.0,18,nan,0,nan,0,nan,0,nan,0,nan,0,nan,0,nan,0,nan,0
1597988577890688000,1597988578438999808,2020-08-21 13:42:58.439000,6172.0,6260.0,6150.0,6252.0,nan,6186.0,54894,1697871420.0,40545,6172.0,27,6168.0,18,nan,0,nan,0,nan,0,nan,0,nan,0,nan,0,nan,0,nan,0
1597988578381783040,1597988578933000192,2020-08-21 13:42:58.933000,6172.0,6260.0,6150.0,6252.0,nan,6186.0,54894,1697871420.0,40545,6170.0,1,6168.0,18,nan,0,nan,0,nan,0,nan,0,nan,0,nan,0,nan,0,nan,0
1597988578905858048,1597988579436000000,2020-08-21 13:42:59.436000,6172.0,6260.0,6150.0,6252.0,nan,6186.0,54894,1697871420.0,40545,6170.0,1,6168.0,22,nan,0,nan,0,nan,0,nan,0,nan,0,nan,0,nan,0,nan,0
1597988580350222080,1597988580936999936,2020-08-21 13:43:00.937000,6172.0,6260.0,6150.0,6252.0,nan,6186.0,54894,1697871420.0,40545,6170.0,2,6168.0,22,nan,0,nan,0,nan,0,nan,0,nan,0,nan,0,nan,0,nan,0
1597988581427694080,1597988581927000064,2020-08-21 13:43:01.927000,6172.0,6260.0,6150.0,6252.0,nan,6186.0,54894,1697871420.0,40545,6170.0,2,6168.0,21,nan,0,nan,0,nan,0,nan,0,nan,0,nan,0,nan,0,nan,0
1597988581884174080,1597988582438999808,2020-08-21 13:43:02.439000,6172.0,6260.0,6150.0,6252.0,nan,6186.0,54894,1697871420.0,40545,6170.0,2,6168.0,18,nan,0,nan,0,nan,0,nan,0,nan,0,nan,0,nan,0,nan,0
1597988582359867904,1597988582932000000,2020-08-21 13:43:02.932000,6170.0,6260.0,6150.0,6252.0,nan,6186.0,54895,1697902350.0,40545,6170.0,1,6168.0,18,nan,0,nan,0,nan,0,nan,0,nan,0,nan,0,nan,0,nan,0
1597988582886661888,1597988583432000000,2020-08-21 13:43:03.432000,6168.0,6260.0,6150.0,6252.0,nan,6186.0,54896,1697933280.0,40546,6170.0,1,6168.0,20,nan,0,nan,0,nan,0,nan,0,nan,0,nan,0,nan,0,nan,0
1597988583360887040,1597988583936000000,2020-08-21 13:43:03.936000,6170.0,6260.0,6150.0,6252.0,nan,6186.0,54897,1697964210.0,40547,6170.0,1,6168.0,26,nan,0,nan,0,nan,0,nan,0,nan,0,nan,0,nan,0,nan,0
1597988583891764992,1597988584437999872,2020-08-21 13:43:04.438000,6168.0,6260.0,6150.0,6252.0,nan,6186.0,54902,1698118860.0,40547,6172.0,26,6168.0,27,nan,0,nan,0,nan,0,nan,0,nan,0,nan,0,nan,0,nan,0
1597988584444665088,1597988584900000000,2020-08-21 13:43:04.900000,6168.0,6260.0,6150.0,6252.0,nan,6186.0,54902,1698118860.0,40547,6172.0,17,6170.0,6,nan,0,nan,0,nan,0,nan,0,nan,0,nan,0,nan,0,nan,0
1597988584874006016,1597988585420999936,2020-08-21 13:43:05.421000,6168.0,6260.0,6150.0,6252.0,nan,6186.0,54902,1698118860.0,40547,6172.0,17,6170.0,9,nan,0,nan,0,nan,0,nan,0,nan,0,nan,0,nan,0,nan,0
1597988585360067072,1597988585908000000,2020-08-21 13:43:05.908000,6172.0,6260.0,6150.0,6252.0,nan,6186.0,54903,1698149790.0,40548,6172.0,16,6170.0,9,nan,0,nan,0,nan,0,nan,0,nan,0,nan,0,nan,0,nan,0
1597988586352472064,1597988586936000000,2020-08-21 13:43:06.936000,6172.0,6260.0,6150.0,6252.0,nan,6186.0,54903,1698149790.0,40548,6172.0,17,6170.0,9,nan,0,nan,0,nan,0,nan,0,nan,0,nan,0,nan,0,nan,0
1597988587359032064,1597988587937999872,2020-08-21 13:43:07.938000,6172.0,6260.0,6150.0,6252.0,nan,6186.0,54903,1698149790.0,40548,6172.0,18,6170.0,9,nan,0,nan,0,nan,0,nan,0,nan,0,nan,0,nan,0,nan,0
1597988587863024128,1597988588329999872,2020-08-21 13:43:08.330000,6172.0,6260.0,6150.0,6252.0,nan,6186.0,54903,1698149790.0,40548,6172.0,18,6170.0,11,nan,0,nan,0,nan,0,nan,0,nan,0,nan,0,nan,0,nan,0
1597988590932284928,1597988591432000000,2020-08-21 13:43:11.432000,6170.0,6260.0,6150.0,6252.0,nan,6186.0,54904,1698180720.0,40547,6172.0,17,6170.0,10,nan,0,nan,0,nan,0,nan,0,nan,0,nan,0,nan,0,nan,0
1597988591885008896,1597988592433000192,2020-08-21 13:43:12.433000,6170.0,6260.0,6150.0,6252.0,nan,6186.0,54905,1698211650.0,40547,6172.0,17,6170.0,9,nan,0,nan,0,nan,0,nan,0,nan,0,nan,0,nan,0,nan,0
1597988592872048128,1597988593432000000,2020-08-21 13:43:13.432000,6170.0,6260.0,6150.0,6252.0,nan,6186.0,54905,1698211650.0,40547,6172.0,17,6170.0,10,nan,0,nan,0,nan,0,nan,0,nan,0,nan,0,nan,0,nan,0
1597988593390893056,1597988593924999936,2020-08-21 13:43:13.925000,6170.0,6260.0,6150.0,6252.0,nan,6186.0,54905,1698211650.0,40547,6172.0,17,6170.0,11,nan,0,nan,0,nan,0,nan,0,nan,0,nan,0,nan,0,nan,0
1597988593900656128,1597988594426000128,2020-08-21 13:43:14.426000,6170.0,6260.0,6150.0,6252.0,nan,6186.0,54908,1698304440.0,40545,6172.0,17,6170.0,8,nan,0,nan,0,nan,0,nan,0,nan,0,nan,0,nan,0,nan,0
1597988594860296960,1597988595428000000,2020-08-21 13:43:15.428000,6170.0,6260.0,6150.0,6252.0,nan,6186.0,54908,1698304440.0,40545,6172.0,17,6170.0,5,nan,0,nan,0,nan,0,nan,0,nan,0,nan,0,nan,0,nan,0
1597988595854077952,1597988596436999936,2020-08-21 13:43:16.437000,6170.0,6260.0,6150.0,6252.0,nan,6186.0,54908,1698304440.0,40545,6172.0,27,6170.0,5,nan,0,nan,0,nan,0,nan,0,nan,0,nan,0,nan,0,nan,0
1597988596894592000,1597988597434000128,2020-08-21 13:43:17.434000,6172.0,6260.0,6150.0,6252.0,nan,6186.0,54909,1698335370.0,40546,6172.0,26,6170.0,5,nan,0,nan,0,nan,0,nan,0,nan,0,nan,0,nan,0,nan,0
1597988598360939008,1597988598928000000,2020-08-21 13:43:18.928000,6172.0,6260.0,6150.0,6252.0,nan,6186.0,54909,1698335370.0,40546,6172.0,27,6170.0,5,nan,0,nan,0,nan,0,nan,0,nan,0,nan,0,nan,0,nan,0
1597988600895164928,1597988601432000000,2020-08-21 13:43:21.432000,6170.0,6260.0,6150.0,6252.0,nan,6186.0,54910,1698366300.0,40547,6172.0,27,6170.0,4,nan,0,nan,0,nan,0,nan,0,nan,0,nan,0,nan,0,nan,0
1597988602883038976,1597988603435000064,2020-08-21 13:43:23.435000,6172.0,6260.0,6150.0,6252.0,nan,6186.0,54911,1698397230.0,40547,6172.0,26,6170.0,4,nan,0,nan,0,nan,0,nan,0,nan,0,nan,0,nan,0,nan,0
1597988603378437888,1597988603930000128,2020-08-21 13:43:23.930000,6172.0,6260.0,6150.0,6252.0,nan,6186.0,54912,1698428160.0,40548,6172.0,25,6170.0,4,nan,0,nan,0,nan,0,nan,0,nan,0,nan,0,nan,0,nan,0
1597988603882846976,1597988604427000064,2020-08-21 13:43:24.427000,6170.0,6260.0,6150.0,6252.0,nan,6186.0,54916,1698551880.0,40548,6172.0,25,6168.0,26,nan,0,nan,0,nan,0,nan,0,nan,0,nan,0,nan,0,nan,0
1597988604358000896,1597988604928999936,2020-08-21 13:43:24.929000,6170.0,6260.0,6150.0,6252.0,nan,6186.0,54916,1698551880.0,40548,6172.0,26,6168.0,26,nan,0,nan,0,nan,0,nan,0,nan,0,nan,0,nan,0,nan,0
1597988606372476928,1597988606938999808,2020-08-21 13:43:26.939000,6170.0,6260.0,6150.0,6252.0,nan,6186.0,54916,1698551880.0,40548,6172.0,26,6170.0,9,nan,0,nan,0,nan,0,nan,0,nan,0,nan,0,nan,0,nan,0
1597988607894077952,1597988608414000128,2020-08-21 13:43:28.414000,6170.0,6260.0,6150.0,6252.0,nan,6186.0,54923,1698768390.0,40541,6172.0,26,6170.0,2,nan,0,nan,0,nan,0,nan,0,nan,0,nan,0,nan,0,nan,0
1597988609893881088,1597988610436999936,2020-08-21 13:43:30.437000,6170.0,6260.0,6150.0,6252.0,nan,6186.0,54924,1698799320.0,40541,6172.0,26,6170.0,1,nan,0,nan,0,nan,0,nan,0,nan,0,nan,0,nan,0,nan,0
1597988610382076928,1597988611000000000,2020-08-21 13:43:31.000000,6170.0,6260.0,6150.0,6252.0,nan,6186.0,54925,1698830250.0,40541,6172.0,26,6168.0,26,nan,0,nan,0,nan,0,nan,0,nan,0,nan,0,nan,0,nan,0
1597988610870951936,1597988611417999872,2020-08-21 13:43:31.418000,6172.0,6260.0,6150.0,6252.0,nan,6186.0,54926,1698861180.0,40541,6172.0,25,6168.0,26,nan,0,nan,0,nan,0,nan,0,nan,0,nan,0,nan,0,nan,0
1597988611394748928,1597988612000000000,2020-08-21 13:43:32.000000,6172.0,6260.0,6150.0,6252.0,nan,6186.0,54926,1698861180.0,40541,6172.0,25,6170.0,5,nan,0,nan,0,nan,0,nan,0,nan,0,nan,0,nan,0,nan,0
1597988611864983040,1597988612430000128,2020-08-21 13:43:32.430000,6172.0,6260.0,6150.0,6252.0,nan,6186.0,54927,1698892110.0,40541,6172.0,24,6170.0,5,nan,0,nan,0,nan,0,nan,0,nan,0,nan,0,nan,0,nan,0
1597988612368643072,1597988612936000000,2020-08-21 13:43:32.936000,6172.0,6260.0,6150.0,6252.0,nan,6186.0,54927,1698892110.0,40541,6172.0,27,6170.0,5,nan,0,nan,0,nan,0,nan,0,nan,0,nan,0,nan,0,nan,0
1597988612892151040,1597988613437999872,2020-08-21 13:43:33.438000,6172.0,6260.0,6150.0,6252.0,nan,6186.0,54927,1698892110.0,40541,6172.0,24,6170.0,5,nan,0,nan,0,nan,0,nan,0,nan,0,nan,0,nan,0,nan,0
1597988613872278016,1597988614426000128,2020-08-21 13:43:34.426000,6170.0,6260.0,6150.0,6252.0,nan,6186.0,54930,1698984900.0,40541,6172.0,24,6170.0,2,nan,0,nan,0,nan,0,nan,0,nan,0,nan,0,nan,0,nan,0
1597988614881754112,1597988615423000064,2020-08-21 13:43:35.423000,6170.0,6260.0,6150.0,6252.0,nan,6186.0,54930,1698984900.0,40541,6172.0,24,6170.0,2,nan,0,nan,0,nan,0,nan,0,nan,0,nan,0,nan,0,nan,0
1597988616411414016,1597988617000000000,2020-08-21 13:43:37.000000,6170.0,6260.0,6150.0,6252.0,nan,6186.0,54930,1698984900.0,40541,6172.0,25,6170.0,2,nan,0,nan,0,nan,0,nan,0,nan,0,nan,0,nan,0,nan,0
1597988616873596928,1597988617436999936,2020-08-21 13:43:37.437000,6170.0,6260.0,6150.0,6252.0,nan,6186.0,54931,1699015830.0,40542,6172.0,25,6170.0,1,nan,0,nan,0,nan,0,nan,0,nan,0,nan,0,nan,0,nan,0
1597988617390547968,1597988617926000128,2020-08-21 13:43:37.926000,6170.0,6260.0,6150.0,6252.0,nan,6186.0,54931,1699015830.0,40542,6172.0,29,6170.0,1,nan,0,nan,0,nan,0,nan,0,nan,0,nan,0,nan,0,nan,0
1597988618374386944,1597988618912000000,2020-08-21 13:43:38.912000,6170.0,6260.0,6150.0,6252.0,nan,6186.0,54931,1699015830.0,40542,6172.0,26,6170.0,1,nan,0,nan,0,nan,0,nan,0,nan,0,nan,0,nan,0,nan,0
1597988618891286016,1597988619435000064,2020-08-21 13:43:39.435000,6170.0,6260.0,6150.0,6252.0,nan,6186.0,54932,1699046760.0,40543,6172.0,26,6168.0,26,nan,0,nan,0,nan,0,nan,0,nan,0,nan,0,nan,0,nan,0
1597988620002268928,1597988620438999808,2020-08-21 13:43:40.439000,6170.0,6260.0,6150.0,6252.0,nan,6186.0,54932,1699046760.0,40543,6172.0,29,6168.0,26,nan,0,nan,0,nan,0,nan,0,nan,0,nan,0,nan,0,nan,0
1597988621371491072,1597988621904999936,2020-08-21 13:43:41.905000,6170.0,6260.0,6150.0,6252.0,nan,6186.0,54932,1699046760.0,40543,6172.0,30,6168.0,26,nan,0,nan,0,nan,0,nan,0,nan,0,nan,0,nan,0,nan,0
1597988621902535936,1597988622424999936,2020-08-21 13:43:42.425000,6170.0,6260.0,6150.0,6252.0,nan,6186.0,54933,1699077690.0,40543,6172.0,30,6168.0,26,nan,0,nan,0,nan,0,nan,0,nan,0,nan,0,nan,0,nan,0
1597988622395353088,1597988623000000000,2020-08-21 13:43:43.000000,6170.0,6260.0,6150.0,6252.0,nan,6186.0,54933,1699077690.0,40543,6170.0,1,6168.0,26,nan,0,nan,0,nan,0,nan,0,nan,0,nan,0,nan,0,nan,0
1597988623875710976,1597988624427000064,2020-08-21 13:43:44.427000,6168.0,6260.0,6150.0,6252.0,nan,6186.0,54937,1699201410.0,40543,6170.0,1,6168.0,22,nan,0,nan,0,nan,0,nan,0,nan,0,nan,0,nan,0,nan,0
1597988624375273984,1597988625000000000,2020-08-21 13:43:45.000000,6168.0,6260.0,6150.0,6252.0,nan,6186.0,54937,1699201410.0,40543,6170.0,11,6168.0,16,nan,0,nan,0,nan,0,nan,0,nan,0,nan,0,nan,0,nan,0
1597988624878377984,1597988625427000064,2020-08-21 13:43:45.427000,6170.0,6260.0,6150.0,6252.0,nan,6186.0,54947,1699510710.0,40542,6170.0,18,6168.0,4,nan,0,nan,0,nan,0,nan,0,nan,0,nan,0,nan,0,nan,0
1597988626402870016,1597988627000000000,2020-08-21 13:43:47.000000,6168.0,6260.0,6150.0,6252.0,nan,6186.0,54948,1699541640.0,40541,6170.0,18,6168.0,3,nan,0,nan,0,nan,0,nan,0,nan,0,nan,0,nan,0,nan,0
1597988627375440896,1597988628000000000,2020-08-21 13:43:48.000000,6168.0,6260.0,6150.0,6252.0,nan,6186.0,54948,1699541640.0,40541,6170.0,18,6168.0,4,nan,0,nan,0,nan,0,nan,0,nan,0,nan,0,nan,0,nan,0
1597988627881443072,1597988628435000064,2020-08-21 13:43:48.435000,6168.0,6260.0,6150.0,6252.0,nan,6186.0,54949,1699572570.0,40541,6170.0,18,6168.0,3,nan,0,nan,0,nan,0,nan,0,nan,0,nan,0,nan,0,nan,0
1597988630382745088,1597988631000000000,2020-08-21 13:43:51.000000,6168.0,6260.0,6150.0,6252.0,nan,6186.0,54952,1699665360.0,40540,6168.0,2,6166.0,7,nan,0,nan,0,nan,0,nan,0,nan,0,nan,0,nan,0,nan,0
1597988630882642944,1597988631376000000,2020-08-21 13:43:51.376000,6168.0,6260.0,6150.0,6252.0,nan,6186.0,54952,1699665360.0,40540,6168.0,10,6166.0,14,nan,0,nan,0,nan,0,nan,0,nan,0,nan,0,nan,0,nan,0
1597988631391823104,1597988631916999936,2020-08-21 13:43:51.917000,6168.0,6260.0,6150.0,6252.0,nan,6186.0,54952,1699665360.0,40540,6168.0,19,6166.0,11,nan,0,nan,0,nan,0,nan,0,nan,0,nan,0,nan,0,nan,0
1597988631874024960,1597988632417999872,2020-08-21 13:43:52.418000,6168.0,6260.0,6150.0,6252.0,nan,6186.0,54952,1699665360.0,40540,6168.0,20,6166.0,11,nan,0,nan,0,nan,0,nan,0,nan,0,nan,0,nan,0,nan,0
1597988633886827008,1597988634424999936,2020-08-21 13:43:54.425000,6166.0,6260.0,6150.0,6252.0,nan,6186.0,54955,1699758150.0,40537,6168.0,35,6166.0,8,nan,0,nan,0,nan,0,nan,0,nan,0,nan,0,nan,0,nan,0
1597988634371481088,1597988635000000000,2020-08-21 13:43:55.000000,6168.0,6260.0,6150.0,6252.0,nan,6186.0,54956,1699789080.0,40536,6168.0,34,6166.0,8,nan,0,nan,0,nan,0,nan,0,nan,0,nan,0,nan,0,nan,0
1597988634876700928,1597988635391000064,2020-08-21 13:43:55.391000,6166.0,6260.0,6150.0,6252.0,nan,6186.0,54957,1699820010.0,40536,6168.0,34,6166.0,3,nan,0,nan,0,nan,0,nan,0,nan,0,nan,0,nan,0,nan,0
1597988635384133888,1597988636000000000,2020-08-21 13:43:56.000000,6166.0,6260.0,6150.0,6252.0,nan,6186.0,54959,1699881870.0,40536,6168.0,34,6166.0,1,nan,0,nan,0,nan,0,nan,0,nan,0,nan,0,nan,0,nan,0
1597988635877816064,1597988636432000000,2020-08-21 13:43:56.432000,6166.0,6260.0,6150.0,6252.0,nan,6186.0,54960,1699912800.0,40535,6166.0,8,6164.0,22,nan,0,nan,0,nan,0,nan,0,nan,0,nan,0,nan,0,nan,0
1597988636379520000,1597988637000000000,2020-08-21 13:43:57.000000,6166.0,6260.0,6150.0,6252.0,nan,6186.0,54964,1700036520.0,40531,6168.0,32,6166.0,6,nan,0,nan,0,nan,0,nan,0,nan,0,nan,0,nan,0,nan,0
1597988636875553024,1597988637401999872,2020-08-21 13:43:57.402000,6166.0,6260.0,6150.0,6252.0,nan,6186.0,54966,1700098380.0,40531,6168.0,31,6166.0,5,nan,0,nan,0,nan,0,nan,0,nan,0,nan,0,nan,0,nan,0
1597988637875727872,1597988638431000064,2020-08-21 13:43:58.431000,6166.0,6260.0,6150.0,6252.0,nan,6186.0,54966,1700098380.0,40531,6168.0,34,6166.0,5,nan,0,nan,0,nan,0,nan,0,nan,0,nan,0,nan,0,nan,0
1597988638403779072,1597988638932000000,2020-08-21 13:43:58.932000,6166.0,6260.0,6150.0,6252.0,nan,6186.0,54967,1700129310.0,40530,6168.0,35,6166.0,4,nan,0,nan,0,nan,0,nan,0,nan,0,nan,0,nan,0,nan,0
1597988640401328896,1597988641000000000,2020-08-21 13:44:01.000000,6166.0,6260.0,6150.0,6252.0,nan,6186.0,54967,1700129310.0,40530,6168.0,36,6166.0,4,nan,0,nan,0,nan,0,nan,0,nan,0,nan,0,nan,0,nan,0
1597988641414496000,1597988642000000000,2020-08-21 13:44:02.000000,6166.0,6260.0,6150.0,6252.0,nan,6186.0,54967,1700129310.0,40530,6168.0,36,6166.0,5,nan,0,nan,0,nan,0,nan,0,nan,0,nan,0,nan,0,nan,0
1597988642880487936,1597988643428000000,2020-08-21 13:44:03.428000,6166.0,6260.0,6150.0,6252.0,nan,6186.0,54968,1700160240.0,40530,6168.0,36,6166.0,4,nan,0,nan,0,nan,0,nan,0,nan,0,nan,0,nan,0,nan,0
1597988643395726080,1597988644000000000,2020-08-21 13:44:04.000000,6166.0,6260.0,6150.0,6252.0,nan,6186.0,54968,1700160240.0,40530,6168.0,36,6166.0,7,nan,0,nan,0,nan,0,nan,0,nan,0,nan,0,nan,0,nan,0
1597988643874028032,1597988644421999872,2020-08-21 13:44:04.422000,6166.0,6260.0,6150.0,6252.0,nan,6186.0,54973,1700314890.0,40528,6168.0,27,6166.0,3,nan,0,nan,0,nan,0,nan,0,nan,0,nan,0,nan,0,nan,0
1597988644389380096,1597988645000000000,2020-08-21 13:44:05.000000,6166.0,6260.0,6150.0,6252.0,nan,6186.0,54973,1700314890.0,40528,6168.0,27,6166.0,6,nan,0,nan,0,nan,0,nan,0,nan,0,nan,0,nan,0,nan,0
1597988645893080064,1597988646434000128,2020-08-21 13:44:06.434000,6166.0,6260.0,6150.0,6252.0,nan,6186.0,54974,1700345820.0,40529,6168.0,27,6166.0,5,nan,0,nan,0,nan,0,nan,0,nan,0,nan,0,nan,0,nan,0
1597988646401688064,1597988647000000000,2020-08-21 13:44:07.000000,6166.0,6260.0,6150.0,6252.0,nan,6186.0,54974,1700345820.0,40529,6168.0,35,6166.0,6,nan,0,nan,0,nan,0,nan,0,nan,0,nan,0,nan,0,nan,0
1597988648383297024,1597988649000000000,2020-08-21 13:44:09.000000,6166.0,6260.0,6150.0,6252.0,nan,6186.0,54974,1700345820.0,40529,6168.0,36,6166.0,7,nan,0,nan,0,nan,0,nan,0,nan,0,nan,0,nan,0,nan,0
1597988651423432960,1597988652000000000,2020-08-21 13:44:12.000000,6166.0,6260.0,6150.0,6252.0,nan,6186.0,54977,1700438610.0,40529,6168.0,34,6166.0,4,nan,0,nan,0,nan,0,nan,0,nan,0,nan,0,nan,0,nan,0
1597988651884931072,1597988652433000192,2020-08-21 13:44:12.433000,6168.0,6260.0,6150.0,6252.0,nan,6186.0,54978,1700469540.0,40530,6168.0,34,6166.0,4,nan,0,nan,0,nan,0,nan,0,nan,0,nan,0,nan,0,nan,0
1597988652413469952,1597988653000000000,2020-08-21 13:44:13.000000,6166.0,6260.0,6150.0,6252.0,nan,6186.0,54979,1700500470.0,40530,6168.0,35,6166.0,3,nan,0,nan,0,nan,0,nan,0,nan,0,nan,0,nan,0,nan,0
1597988653894205952,1597988654437999872,2020-08-21 13:44:14.438000,6166.0,6260.0,6150.0,6252.0,nan,6186.0,54982,1700593260.0,40529,6168.0,35,6164.0,24,nan,0,nan,0,nan,0,nan,0,nan,0,nan,0,nan,0,nan,0
1597988654894091008,1597988655433000192,2020-08-21 13:44:15.433000,6164.0,6260.0,6150.0,6252.0,nan,6186.0,54983,1700624190.0,40529,6168.0,35,6164.0,23,nan,0,nan,0,nan,0,nan,0,nan,0,nan,0,nan,0,nan,0
1597988655379984896,1597988655932000000,2020-08-21 13:44:15.932000,6168.0,6260.0,6150.0,6252.0,nan,6186.0,54985,1700686050.0,40528,6168.0,34,6166.0,12,nan,0,nan,0,nan,0,nan,0,nan,0,nan,0,nan,0,nan,0
1597988658882289920,1597988659436999936,2020-08-21 13:44:19.437000,6166.0,6260.0,6150.0,6252.0,nan,6186.0,54986,1700716980.0,40528,6168.0,34,6166.0,11,nan,0,nan,0,nan,0,nan,0,nan,0,nan,0,nan,0,nan,0
1597988659379520000,1597988660000000000,2020-08-21 13:44:20.000000,6166.0,6260.0,6150.0,6252.0,nan,6186.0,54988,1700778840.0,40529,6168.0,35,6166.0,9,nan,0,nan,0,nan,0,nan,0,nan,0,nan,0,nan,0,nan,0
1597988661893428992,1597988662435000064,2020-08-21 13:44:22.435000,6166.0,6260.0,6150.0,6252.0,nan,6186.0,54988,1700778840.0,40529,6168.0,40,6166.0,9,nan,0,nan,0,nan,0,nan,0,nan,0,nan,0,nan,0,nan,0
1597988662409080064,1597988663000000000,2020-08-21 13:44:23.000000,6168.0,6260.0,6150.0,6252.0,nan,6186.0,54989,1700809770.0,40529,6168.0,39,6166.0,10,nan,0,nan,0,nan,0,nan,0,nan,0,nan,0,nan,0,nan,0
1597988663900613888,1597988664412000000,2020-08-21 13:44:24.412000,6166.0,6260.0,6150.0,6252.0,nan,6186.0,54994,1700964420.0,40530,6168.0,39,6166.0,5,nan,0,nan,0,nan,0,nan,0,nan,0,nan,0,nan,0,nan,0
1597988664393537024,1597988665000000000,2020-08-21 13:44:25.000000,6168.0,6260.0,6150.0,6252.0,nan,6186.0,54995,1700995350.0,40529,6168.0,38,6166.0,5,nan,0,nan,0,nan,0,nan,0,nan,0,nan,0,nan,0,nan,0
1597988665415503104,1597988666000000000,2020-08-21 13:44:26.000000,6168.0,6260.0,6150.0,6252.0,nan,6186.0,54995,1700995350.0,40529,6168.0,38,6166.0,10,nan,0,nan,0,nan,0,nan,0,nan,0,nan,0,nan,0,nan,0
1597988665895704064,1597988666423000064,2020-08-21 13:44:26.423000,6168.0,6260.0,6150.0,6252.0,nan,6186.0,54995,1700995350.0,40529,6168.0,30,6166.0,10,nan,0,nan,0,nan,0,nan,0,nan,0,nan,0,nan,0,nan,0
1597988667418654976,1597988668000000000,2020-08-21 13:44:28.000000,6168.0,6260.0,6150.0,6252.0,nan,6186.0,54995,1700995350.0,40529,6168.0,29,6166.0,23,nan,0,nan,0,nan,0,nan,0,nan,0,nan,0,nan,0,nan,0
1597988669398060032,1597988670000000000,2020-08-21 13:44:30.000000,6168.0,6260.0,6150.0,6252.0,nan,6186.0,54995,1700995350.0,40529,6168.0,29,6166.0,26,nan,0,nan,0,nan,0,nan,0,nan,0,nan,0,nan,0,nan,0
1597988670425268992,1597988671000000000,2020-08-21 13:44:31.000000,6168.0,6260.0,6150.0,6252.0,nan,6186.0,54995,1700995350.0,40529,6168.0,29,6166.0,26,nan,0,nan,0,nan,0,nan,0,nan,0,nan,0,nan,0,nan,0
1597988670895719936,1597988671421999872,2020-08-21 13:44:31.422000,6166.0,6260.0,6150.0,6252.0,nan,6186.0,54997,1701057210.0,40531,6168.0,29,6166.0,24,nan,0,nan,0,nan,0,nan,0,nan,0,nan,0,nan,0,nan,0
1597988671419268096,1597988672000000000,2020-08-21 13:44:32.000000,6168.0,6260.0,6150.0,6252.0,nan,6186.0,54998,1701088140.0,40531,6168.0,28,6166.0,24,nan,0,nan,0,nan,0,nan,0,nan,0,nan,0,nan,0,nan,0
1597988671893166080,1597988672433000192,2020-08-21 13:44:32.433000,6166.0,6260.0,6150.0,6252.0,nan,6186.0,55000,1701150000.0,40531,6168.0,27,6166.0,23,nan,0,nan,0,nan,0,nan,0,nan,0,nan,0,nan,0,nan,0
1597988672386138112,1597988673000000000,2020-08-21 13:44:33.000000,6166.0,6260.0,6150.0,6252.0,nan,6186.0,55000,1701150000.0,40531,6168.0,28,6166.0,23,nan,0,nan,0,nan,0,nan,0,nan,0,nan,0,nan,0,nan,0
1597988672888631040,1597988673420000000,2020-08-21 13:44:33.420000,6166.0,6260.0,6150.0,6252.0,nan,6186.0,55001,1701180930.0,40532,6168.0,28,6166.0,22,nan,0,nan,0,nan,0,nan,0,nan,0,nan,0,nan,0,nan,0
1597988673399689984,1597988674000000000,2020-08-21 13:44:34.000000,6168.0,6260.0,6150.0,6252.0,nan,6186.0,55002,1701211860.0,40532,6168.0,27,6166.0,22,nan,0,nan,0,nan,0,nan,0,nan,0,nan,0,nan,0,nan,0
1597988673885591040,1597988674438999808,2020-08-21 13:44:34.439000,6168.0,6260.0,6150.0,6252.0,nan,6186.0,55006,1701335580.0,40533,6168.0,25,6166.0,19,nan,0,nan,0,nan,0,nan,0,nan,0,nan,0,nan,0,nan,0
1597988674414030080,1597988675000000000,2020-08-21 13:44:35.000000,6168.0,6260.0,6150.0,6252.0,nan,6186.0,55006,1701335580.0,40533,6168.0,21,6166.0,20,nan,0,nan,0,nan,0,nan,0,nan,0,nan,0,nan,0,nan,0
1597988674884667904,1597988675436000000,2020-08-21 13:44:35.436000,6168.0,6260.0,6150.0,6252.0,nan,6186.0,55006,1701335580.0,40533,6168.0,26,6166.0,20,nan,0,nan,0,nan,0,nan,0,nan,0,nan,0,nan,0,nan,0
1597988675376723968,1597988676000000000,2020-08-21 13:44:36.000000,6168.0,6260.0,6150.0,6252.0,nan,6186.0,55006,1701335580.0,40533,6168.0,26,6166.0,17,nan,0,nan,0,nan,0,nan,0,nan,0,nan,0,nan,0,nan,0
1597988676410398976,1597988677000000000,2020-08-21 13:44:37.000000,6168.0,6260.0,6150.0,6252.0,nan,6186.0,55006,1701335580.0,40533,6168.0,26,6166.0,19,nan,0,nan,0,nan,0,nan,0,nan,0,nan,0,nan,0,nan,0
1597988678384548096,1597988679000000000,2020-08-21 13:44:39.000000,6166.0,6260.0,6150.0,6252.0,nan,6186.0,55007,1701366510.0,40533,6168.0,26,6166.0,18,nan,0,nan,0,nan,0,nan,0,nan,0,nan,0,nan,0,nan,0
1597988678894509056,1597988679434000128,2020-08-21 13:44:39.434000,6166.0,6260.0,6150.0,6252.0,nan,6186.0,55008,1701397440.0,40534,6168.0,26,6166.0,17,nan,0,nan,0,nan,0,nan,0,nan,0,nan,0,nan,0,nan,0
1597988679428092928,1597988680000000000,2020-08-21 13:44:40.000000,6166.0,6260.0,6150.0,6252.0,nan,6186.0,55008,1701397440.0,40534,6168.0,27,6166.0,17,nan,0,nan,0,nan,0,nan,0,nan,0,nan,0,nan,0,nan,0
1597988681919312896,1597988682438999808,2020-08-21 13:44:42.439000,6166.0,6260.0,6150.0,6252.0,nan,6186.0,55009,1701428370.0,40535,6168.0,27,6166.0,16,nan,0,nan,0,nan,0,nan,0,nan,0,nan,0,nan,0,nan,0
1597988682416775936,1597988683000000000,2020-08-21 13:44:43.000000,6166.0,6260.0,6150.0,6252.0,nan,6186.0,55009,1701428370.0,40535,6168.0,27,6166.0,21,nan,0,nan,0,nan,0,nan,0,nan,0,nan,0,nan,0,nan,0
1597988683422366976,1597988684000000000,2020-08-21 13:44:44.000000,6166.0,6260.0,6150.0,6252.0,nan,6186.0,55009,1701428370.0,40535,6168.0,27,6166.0,22,nan,0,nan,0,nan,0,nan,0,nan,0,nan,0,nan,0,nan,0
1597988683897070080,1597988684437999872,2020-08-21 13:44:44.438000,6166.0,6260.0,6150.0,6252.0,nan,6186.0,55013,1701552090.0,40535,6168.0,27,6166.0,18,nan,0,nan,0,nan,0,nan,0,nan,0,nan,0,nan,0,nan,0
1597988686409159936,1597988687000000000,2020-08-21 13:44:47.000000,6166.0,6260.0,6150.0,6252.0,nan,6186.0,55014,1701583020.0,40535,6168.0,26,6166.0,14,nan,0,nan,0,nan,0,nan,0,nan,0,nan,0,nan,0,nan,0
1597988686901328896,1597988687434000128,2020-08-21 13:44:47.434000,6166.0,6260.0,6150.0,6252.0,nan,6186.0,55014,1701583020.0,40535,6168.0,36,6166.0,14,nan,0,nan,0,nan,0,nan,0,nan,0,nan,0,nan,0,nan,0
1597988687416628992,1597988688000000000,2020-08-21 13:44:48.000000,6166.0,6260.0,6150.0,6252.0,nan,6186.0,55014,1701583020.0,40535,6168.0,36,6166.0,15,nan,0,nan,0,nan,0,nan,0,nan,0,nan,0,nan,0,nan,0
1597988688417466112,1597988689000000000,2020-08-21 13:44:49.000000,6166.0,6260.0,6150.0,6252.0,nan,6186.0,55014,1701583020.0,40535,6168.0,37,6166.0,15,nan,0,nan,0,nan,0,nan,0,nan,0,nan,0,nan,0,nan,0
1597988689420663040,1597988690000000000,2020-08-21 13:44:50.000000,6166.0,6260.0,6150.0,6252.0,nan,6186.0,55014,1701583020.0,40535,6168.0,38,6166.0,15,nan,0,nan,0,nan,0,nan,0,nan,0,nan,0,nan,0,nan,0
1597988689903648000,1597988690436999936,2020-08-21 13:44:50.437000,6166.0,6260.0,6150.0,6252.0,nan,6186.0,55014,1701583020.0,40535,6168.0,28,6166.0,39,nan,0,nan,0,nan,0,nan,0,nan,0,nan,0,nan,0,nan,0
1597988690410472960,1597988691000000000,2020-08-21 13:44:51.000000,6166.0,6260.0,6150.0,6252.0,nan,6186.0,55020,1701768600.0,40537,6168.0,24,6166.0,43,nan,0,nan,0,nan,0,nan,0,nan,0,nan,0,nan,0,nan,0
1597988690908792064,1597988691436000000,2020-08-21 13:44:51.436000,6166.0,6260.0,6150.0,6252.0,nan,6186.0,55021,1701799530.0,40538,6168.0,24,6166.0,42,nan,0,nan,0,nan,0,nan,0,nan,0,nan,0,nan,0,nan,0
1597988692899653120,1597988693438999808,2020-08-21 13:44:53.439000,6166.0,6260.0,6150.0,6252.0,nan,6186.0,55025,1701923250.0,40538,6168.0,20,6166.0,38,nan,0,nan,0,nan,0,nan,0,nan,0,nan,0,nan,0,nan,0
1597988693398306048,1597988694000000000,2020-08-21 13:44:54.000000,6166.0,6260.0,6150.0,6252.0,nan,6186.0,55025,1701923250.0,40538,6168.0,23,6166.0,41,nan,0,nan,0,nan,0,nan,0,nan,0,nan,0,nan,0,nan,0
1597988693900310016,1597988694428999936,2020-08-21 13:44:54.429000,6166.0,6260.0,6150.0,6252.0,nan,6186.0,55028,1702016040.0,40536,6168.0,23,6166.0,39,nan,0,nan,0,nan,0,nan,0,nan,0,nan,0,nan,0,nan,0
1597988694397466112,1597988695000000000,2020-08-21 13:44:55.000000,6166.0,6260.0,6150.0,6252.0,nan,6186.0,55028,1702016040.0,40536,6168.0,23,6166.0,42,nan,0,nan,0,nan,0,nan,0,nan,0,nan,0,nan,0,nan,0
1597988699903181056,1597988700413000192,2020-08-21 13:45:00.413000,6166.0,6260.0,6150.0,6252.0,nan,6186.0,55029,1702046970.0,40536,6168.0,28,6166.0,41,nan,0,nan,0,nan,0,nan,0,nan,0,nan,0,nan,0,nan,0
1597988700428646912,1597988701000000000,2020-08-21 13:45:01.000000,6166.0,6260.0,6150.0,6252.0,nan,6186.0,55029,1702046970.0,40536,6168.0,29,6166.0,42,nan,0,nan,0,nan,0,nan,0,nan,0,nan,0,nan,0,nan,0
1597988701412823040,1597988702000000000,2020-08-21 13:45:02.000000,6168.0,6260.0,6150.0,6252.0,nan,6186.0,55034,1702201620.0,40541,6168.0,24,6166.0,42,nan,0,nan,0,nan,0,nan,0,nan,0,nan,0,nan,0,nan,0
1597988701906402048,1597988702436999936,2020-08-21 13:45:02.437000,6168.0,6260.0,6150.0,6252.0,nan,6186.0,55034,1702201620.0,40541,6168.0,24,6166.0,43,nan,0,nan,0,nan,0,nan,0,nan,0,nan,0,nan,0,nan,0
1597988702905540096,1597988703435000064,2020-08-21 13:45:03.435000,6168.0,6260.0,6150.0,6252.0,nan,6186.0,55034,1702201620.0,40541,6168.0,21,6166.0,47,nan,0,nan,0,nan,0,nan,0,nan,0,nan,0,nan,0,nan,0
1597988703416946944,1597988704000000000,2020-08-21 13:45:04.000000,6168.0,6260.0,6150.0,6252.0,nan,6186.0,55060,1703005800.0,40533,6168.0,1,6166.0,41,nan,0,nan,0,nan,0,nan,0,nan,0,nan,0,nan,0,nan,0
1597988703919531008,1597988704437999872,2020-08-21 13:45:04.438000,6168.0,6260.0,6150.0,6252.0,nan,6186.0,55061,1703036730.0,40533,6170.0,7,6168.0,20,nan,0,nan,0,nan,0,nan,0,nan,0,nan,0,nan,0,nan,0
1597988704433947904,1597988705000000000,2020-08-21 13:45:05.000000,6170.0,6260.0,6150.0,6252.0,nan,6186.0,55069,1703284170.0,40530,6172.0,29,6168.0,36,nan,0,nan,0,nan,0,nan,0,nan,0,nan,0,nan,0,nan,0
1597988704905417984,1597988705412000000,2020-08-21 13:45:05.412000,6170.0,6260.0,6150.0,6252.0,nan,6186.0,55069,1703284170.0,40530,6172.0,29,6170.0,10,nan,0,nan,0,nan,0,nan,0,nan,0,nan,0,nan,0,nan,0
1597988705415429120,1597988706000000000,2020-08-21 13:45:06.000000,6170.0,6260.0,6150.0,6252.0,nan,6186.0,55069,1703284170.0,40530,6172.0,29,6170.0,34,nan,0,nan,0,nan,0,nan,0,nan,0,nan,0,nan,0,nan,0
1597988706422874112,1597988707000000000,2020-08-21 13:45:07.000000,6170.0,6260.0,6150.0,6252.0,nan,6186.0,55069,1703284170.0,40530,6172.0,31,6170.0,34,nan,0,nan,0,nan,0,nan,0,nan,0,nan,0,nan,0,nan,0
1597988708423973120,1597988709000000000,2020-08-21 13:45:09.000000,6170.0,6260.0,6150.0,6252.0,nan,6186.0,55103,1704335790.0,40530,6172.0,31,6168.0,3,nan,0,nan,0,nan,0,nan,0,nan,0,nan,0,nan,0,nan,0
1597988708916654080,1597988709436000000,2020-08-21 13:45:09.436000,6168.0,6260.0,6150.0,6252.0,nan,6186.0,55104,1704366720.0,40530,6170.0,7,6168.0,18,nan,0,nan,0,nan,0,nan,0,nan,0,nan,0,nan,0,nan,0
1597988709439971072,1597988710000000000,2020-08-21 13:45:10.000000,6168.0,6260.0,6150.0,6252.0,nan,6186.0,55104,1704366720.0,40530,6170.0,4,6168.0,18,nan,0,nan,0,nan,0,nan,0,nan,0,nan,0,nan,0,nan,0
1597988710917016064,1597988711435000064,2020-08-21 13:45:11.435000,6168.0,6260.0,6150.0,6252.0,nan,6186.0,55104,1704366720.0,40530,6170.0,7,6168.0,18,nan,0,nan,0,nan,0,nan,0,nan,0,nan,0,nan,0,nan,0
1597988711923188992,1597988712428000000,2020-08-21 13:45:12.428000,6170.0,6260.0,6150.0,6252.0,nan,6186.0,55106,1704428580.0,40531,6170.0,5,6168.0,18,nan,0,nan,0,nan,0,nan,0,nan,0,nan,0,nan,0,nan,0
1597988712916000000,1597988713421999872,2020-08-21 13:45:13.422000,6168.0,6260.0,6150.0,6252.0,nan,6186.0,55107,1704459510.0,40530,6170.0,5,6168.0,17,nan,0,nan,0,nan,0,nan,0,nan,0,nan,0,nan,0,nan,0
1597988717910782976,1597988718428999936,2020-08-21 13:45:18.429000,6168.0,6260.0,6150.0,6252.0,nan,6186.0,55108,1704490440.0,40530,6170.0,5,6168.0,16,nan,0,nan,0,nan,0,nan,0,nan,0,nan,0,nan,0,nan,0
1597988718438706944,1597988719000000000,2020-08-21 13:45:19.000000,6168.0,6260.0,6150.0,6252.0,nan,6186.0,55108,1704490440.0,40530,6170.0,5,6168.0,20,nan,0,nan,0,nan,0,nan,0,nan,0,nan,0,nan,0,nan,0
1597988720932125952,1597988721436999936,2020-08-21 13:45:21.437000,6168.0,6260.0,6150.0,6252.0,nan,6186.0,55108,1704490440.0,40530,6170.0,16,6168.0,20,nan,0,nan,0,nan,0,nan,0,nan,0,nan,0,nan,0,nan,0
1597988722437736960,1597988723000000000,2020-08-21 13:45:23.000000,6168.0,6260.0,6150.0,6252.0,nan,6186.0,55108,1704490440.0,40530,6170.0,19,6168.0,20,nan,0,nan,0,nan,0,nan,0,nan,0,nan,0,nan,0,nan,0
1597988723418381056,1597988724000000000,2020-08-21 13:45:24.000000,6168.0,6260.0,6150.0,6252.0,nan,6186.0,55108,1704490440.0,40530,6170.0,20,6168.0,20,nan,0,nan,0,nan,0,nan,0,nan,0,nan,0,nan,0,nan,0
1597988724421816064,1597988725000000000,2020-08-21 13:45:25.000000,6168.0,6260.0,6150.0,6252.0,nan,6186.0,55108,1704490440.0,40530,6170.0,21,6168.0,20,nan,0,nan,0,nan,0,nan,0,nan,0,nan,0,nan,0,nan,0
1597988725415987968,1597988726000000000,2020-08-21 13:45:26.000000,6168.0,6260.0,6150.0,6252.0,nan,6186.0,55108,1704490440.0,40530,6170.0,21,6168.0,21,nan,0,nan,0,nan,0,nan,0,nan,0,nan,0,nan,0,nan,0
1597988726929868032,1597988727437999872,2020-08-21 13:45:27.438000,6168.0,6260.0,6150.0,6252.0,nan,6186.0,55109,1704521370.0,40530,6170.0,21,6168.0,20,nan,0,nan,0,nan,0,nan,0,nan,0,nan,0,nan,0,nan,0
1597988727926594048,1597988728435000064,2020-08-21 13:45:28.435000,6170.0,6260.0,6150.0,6252.0,nan,6186.0,55110,1704552300.0,40530,6170.0,20,6168.0,20,nan,0,nan,0,nan,0,nan,0,nan,0,nan,0,nan,0,nan,0
1597988728920466944,1597988729435000064,2020-08-21 13:45:29.435000,6170.0,6260.0,6150.0,6252.0,nan,6186.0,55111,1704583230.0,40531,6170.0,19,6168.0,20,nan,0,nan,0,nan,0,nan,0,nan,0,nan,0,nan,0,nan,0
1597988731448889088,1597988732000000000,2020-08-21 13:45:32.000000,6170.0,6260.0,6150.0,6252.0,nan,6186.0,55113,1704645090.0,40531,6170.0,17,6168.0,20,nan,0,nan,0,nan,0,nan,0,nan,0,nan,0,nan,0,nan,0
1597988731916604928,1597988732424000000,2020-08-21 13:45:32.424000,6170.0,6260.0,6150.0,6252.0,nan,6186.0,55114,1704676020.0,40531,6170.0,16,6168.0,20,nan,0,nan,0,nan,0,nan,0,nan,0,nan,0,nan,0,nan,0
1597988734927173888,1597988735436999936,2020-08-21 13:45:35.437000,6170.0,6260.0,6150.0,6252.0,nan,6186.0,55115,1704706950.0,40530,6170.0,15,6168.0,20,nan,0,nan,0,nan,0,nan,0,nan,0,nan,0,nan,0,nan,0
1597988735413755904,1597988736000000000,2020-08-21 13:45:36.000000,6170.0,6260.0,6150.0,6252.0,nan,6186.0,55130,1705170900.0,40519,6170.0,2,6168.0,20,nan,0,nan,0,nan,0,nan,0,nan,0,nan,0,nan,0,nan,0
1597988735924936960,1597988736437999872,2020-08-21 13:45:36.438000,6168.0,6260.0,6150.0,6252.0,nan,6186.0,55134,1705294620.0,40517,6172.0,32,6168.0,19,nan,0,nan,0,nan,0,nan,0,nan,0,nan,0,nan,0,nan,0
1597988736915239936,1597988737437999872,2020-08-21 13:45:37.438000,6168.0,6260.0,6150.0,6252.0,nan,6186.0,55134,1705294620.0,40517,6170.0,18,6168.0,19,nan,0,nan,0,nan,0,nan,0,nan,0,nan,0,nan,0,nan,0
1597988737926053120,1597988738431000064,2020-08-21 13:45:38.431000,6170.0,6260.0,6150.0,6252.0,nan,6186.0,55139,1705449270.0,40517,6170.0,13,6168.0,20,nan,0,nan,0,nan,0,nan,0,nan,0,nan,0,nan,0,nan,0
1597988740440052992,1597988741000000000,2020-08-21 13:45:41.000000,6170.0,6260.0,6150.0,6252.0,nan,6186.0,55139,1705449270.0,40517,6170.0,14,6168.0,20,nan,0,nan,0,nan,0,nan,0,nan,0,nan,0,nan,0,nan,0
1597988741921082112,1597988742435000064,2020-08-21 13:45:42.435000,6170.0,6260.0,6150.0,6252.0,nan,6186.0,55139,1705449270.0,40517,6170.0,15,6168.0,20,nan,0,nan,0,nan,0,nan,0,nan,0,nan,0,nan,0,nan,0
1597988742448354048,1597988743000000000,2020-08-21 13:45:43.000000,6170.0,6260.0,6150.0,6252.0,nan,6186.0,55139,1705449270.0,40517,6170.0,16,6168.0,20,nan,0,nan,0,nan,0,nan,0,nan,0,nan,0,nan,0,nan,0
1597988742909603072,1597988743435000064,2020-08-21 13:45:43.435000,6170.0,6260.0,6150.0,6252.0,nan,6186.0,55139,1705449270.0,40517,6170.0,18,6168.0,21,nan,0,nan,0,nan,0,nan,0,nan,0,nan,0,nan,0,nan,0
1597988744921368064,1597988745437999872,2020-08-21 13:45:45.438000,6168.0,6260.0,6150.0,6252.0,nan,6186.0,55140,1705480200.0,40518,6170.0,18,6168.0,21,nan,0,nan,0,nan,0,nan,0,nan,0,nan,0,nan,0,nan,0
1597988745453705984,1597988746000000000,2020-08-21 13:45:46.000000,6168.0,6260.0,6150.0,6252.0,nan,6186.0,55140,1705480200.0,40518,6170.0,18,6168.0,22,nan,0,nan,0,nan,0,nan,0,nan,0,nan,0,nan,0,nan,0
1597988747923194880,1597988748438999808,2020-08-21 13:45:48.439000,6168.0,6260.0,6150.0,6252.0,nan,6186.0,55140,1705480200.0,40518,6170.0,19,6168.0,22,nan,0,nan,0,nan,0,nan,0,nan,0,nan,0,nan,0,nan,0
1597988752956820992,1597988753437999872,2020-08-21 13:45:53.438000,6168.0,6260.0,6150.0,6252.0,nan,6186.0,55140,1705480200.0,40518,6170.0,17,6168.0,22,nan,0,nan,0,nan,0,nan,0,nan,0,nan,0,nan,0,nan,0
1597988753923237888,1597988754431000064,2020-08-21 13:45:54.431000,6168.0,6260.0,6150.0,6252.0,nan,6186.0,55142,1705542060.0,40519,6170.0,17,6168.0,20,nan,0,nan,0,nan,0,nan,0,nan,0,nan,0,nan,0,nan,0
1597988755446611968,1597988756000000000,2020-08-21 13:45:56.000000,6168.0,6260.0,6150.0,6252.0,nan,6186.0,55142,1705542060.0,40519,6170.0,17,6168.0,21,nan,0,nan,0,nan,0,nan,0,nan,0,nan,0,nan,0,nan,0
1597988757455875072,1597988758000000000,2020-08-21 13:45:58.000000,6168.0,6260.0,6150.0,6252.0,nan,6186.0,55142,1705542060.0,40519,6170.0,18,6168.0,21,nan,0,nan,0,nan,0,nan,0,nan,0,nan,0,nan,0,nan,0
1597988760431546112,1597988761000000000,2020-08-21 13:46:01.000000,6168.0,6260.0,6150.0,6252.0,nan,6186.0,55142,1705542060.0,40519,6170.0,31,6168.0,18,nan,0,nan,0,nan,0,nan,0,nan,0,nan,0,nan,0,nan,0
1597988761029344000,1597988761428999936,2020-08-21 13:46:01.429000,6168.0,6260.0,6150.0,6252.0,nan,6186.0,55144,1705603920.0,40519,6170.0,31,6168.0,18,nan,0,nan,0,nan,0,nan,0,nan,0,nan,0,nan,0,nan,0
1597988761436069888,1597988762000000000,2020-08-21 13:46:02.000000,6168.0,6260.0,6150.0,6252.0,nan,6186.0,55144,1705603920.0,40519,6170.0,31,6168.0,19,nan,0,nan,0,nan,0,nan,0,nan,0,nan,0,nan,0,nan,0
1597988762924029952,1597988763435000064,2020-08-21 13:46:03.435000,6168.0,6260.0,6150.0,6252.0,nan,6186.0,55145,1705634850.0,40520,6170.0,31,6168.0,18,nan,0,nan,0,nan,0,nan,0,nan,0,nan,0,nan,0,nan,0
1597988763432190976,1597988764000000000,2020-08-21 13:46:04.000000,6168.0,6260.0,6150.0,6252.0,nan,6186.0,55145,1705634850.0,40520,6170.0,31,6168.0,17,nan,0,nan,0,nan,0,nan,0,nan,0,nan,0,nan,0,nan,0
1597988766429829120,1597988767000000000,2020-08-21 13:46:07.000000,6168.0,6260.0,6150.0,6252.0,nan,6186.0,55146,1705665780.0,40521,6170.0,31,6168.0,16,nan,0,nan,0,nan,0,nan,0,nan,0,nan,0,nan,0,nan,0
1597988766951683072,1597988767415000064,2020-08-21 13:46:07.415000,6168.0,6260.0,6150.0,6252.0,nan,6186.0,55146,1705665780.0,40521,6170.0,31,6168.0,18,nan,0,nan,0,nan,0,nan,0,nan,0,nan,0,nan,0,nan,0
1597988767936762112,1597988768427000064,2020-08-21 13:46:08.427000,6168.0,6260.0,6150.0,6252.0,nan,6186.0,55146,1705665780.0,40521,6170.0,31,6168.0,21,nan,0,nan,0,nan,0,nan,0,nan,0,nan,0,nan,0,nan,0
1597988768445454080,1597988769000000000,2020-08-21 13:46:09.000000,6168.0,6260.0,6150.0,6252.0,nan,6186.0,55146,1705665780.0,40521,6170.0,31,6168.0,24,nan,0,nan,0,nan,0,nan,0,nan,0,nan,0,nan,0,nan,0
1597988770453144064,1597988771000000000,2020-08-21 13:46:11.000000,6168.0,6260.0,6150.0,6252.0,nan,6186.0,55146,1705665780.0,40521,6170.0,32,6168.0,24,nan,0,nan,0,nan,0,nan,0,nan,0,nan,0,nan,0,nan,0
1597988770932521984,1597988771436999936,2020-08-21 13:46:11.437000,6170.0,6260.0,6150.0,6252.0,nan,6186.0,55147,1705696710.0,40521,6170.0,31,6168.0,24,nan,0,nan,0,nan,0,nan,0,nan,0,nan,0,nan,0,nan,0
1597988771451892992,1597988772000000000,2020-08-21 13:46:12.000000,6168.0,6260.0,6150.0,6252.0,nan,6186.0,55152,1705851360.0,40521,6170.0,31,6168.0,19,nan,0,nan,0,nan,0,nan,0,nan,0,nan,0,nan,0,nan,0
1597988771933358080,1597988772437999872,2020-08-21 13:46:12.438000,6168.0,6260.0,6150.0,6252.0,nan,6186.0,55164,1706222520.0,40517,6170.0,32,6168.0,4,nan,0,nan,0,nan,0,nan,0,nan,0,nan,0,nan,0,nan,0
1597988772455652096,1597988773000000000,2020-08-21 13:46:13.000000,6168.0,6260.0,6150.0,6252.0,nan,6186.0,55170,1706408100.0,40522,6168.0,6,6166.0,65,nan,0,nan,0,nan,0,nan,0,nan,0,nan,0,nan,0,nan,0
1597988773944485888,1597988774408999936,2020-08-21 13:46:14.409000,6168.0,6260.0,6150.0,6252.0,nan,6186.0,55171,1706439030.0,40523,6168.0,5,6166.0,65,nan,0,nan,0,nan,0,nan,0,nan,0,nan,0,nan,0,nan,0
1597988774448653056,1597988775000000000,2020-08-21 13:46:15.000000,6168.0,6260.0,6150.0,6252.0,nan,6186.0,55171,1706439030.0,40523,6168.0,4,6166.0,65,nan,0,nan,0,nan,0,nan,0,nan,0,nan,0,nan,0,nan,0
1597988778447535104,1597988779000000000,2020-08-21 13:46:19.000000,6168.0,6260.0,6150.0,6252.0,nan,6186.0,55171,1706439030.0,40523,6168.0,7,6166.0,65,nan,0,nan,0,nan,0,nan,0,nan,0,nan,0,nan,0,nan,0
1597988780932742912,1597988781430000128,2020-08-21 13:46:21.430000,6166.0,6260.0,6150.0,6252.0,nan,6186.0,55173,1706500890.0,40525,6168.0,8,6166.0,63,nan,0,nan,0,nan,0,nan,0,nan,0,nan,0,nan,0,nan,0
1597988786940489984,1597988787428999936,2020-08-21 13:46:27.429000,6166.0,6260.0,6150.0,6252.0,nan,6186.0,55173,1706500890.0,40525,6168.0,10,6166.0,63,nan,0,nan,0,nan,0,nan,0,nan,0,nan,0,nan,0,nan,0
1597988788441950976,1597988789000000000,2020-08-21 13:46:29.000000,6166.0,6260.0,6150.0,6252.0,nan,6186.0,55173,1706500890.0,40525,6168.0,10,6166.0,65,nan,0,nan,0,nan,0,nan,0,nan,0,nan,0,nan,0,nan,0
1597988789947835904,1597988790415000064,2020-08-21 13:46:30.415000,6166.0,6260.0,6150.0,6252.0,nan,6186.0,55174,1706531820.0,40526,6168.0,10,6166.0,64,nan,0,nan,0,nan,0,nan,0,nan,0,nan,0,nan,0,nan,0
1597988791447915008,1597988792000000000,2020-08-21 13:46:32.000000,6166.0,6260.0,6150.0,6252.0,nan,6186.0,55174,1706531820.0,40526,6168.0,18,6166.0,64,nan,0,nan,0,nan,0,nan,0,nan,0,nan,0,nan,0,nan,0
1597988791947579904,1597988792423000064,2020-08-21 13:46:32.423000,6166.0,6260.0,6150.0,6252.0,nan,6186.0,55174,1706531820.0,40526,6168.0,26,6166.0,64,nan,0,nan,0,nan,0,nan,0,nan,0,nan,0,nan,0,nan,0
1597988796438748928,1597988797000000000,2020-08-21 13:46:37.000000,6166.0,6260.0,6150.0,6252.0,nan,6186.0,55174,1706531820.0,40526,6168.0,27,6166.0,64,nan,0,nan,0,nan,0,nan,0,nan,0,nan,0,nan,0,nan,0
1597988796981080064,1597988797415000064,2020-08-21 13:46:37.415000,6166.0,6260.0,6150.0,6252.0,nan,6186.0,55175,1706562750.0,40525,6168.0,28,6166.0,63,nan,0,nan,0,nan,0,nan,0,nan,0,nan,0,nan,0,nan,0
1597988798938253056,1597988799436999936,2020-08-21 13:46:39.437000,6166.0,6260.0,6150.0,6252.0,nan,6186.0,55177,1706624610.0,40527,6168.0,28,6166.0,61,nan,0,nan,0,nan,0,nan,0,nan,0,nan,0,nan,0,nan,0
1597988800454542080,1597988801000000000,2020-08-21 13:46:41.000000,6168.0,6260.0,6150.0,6252.0,nan,6186.0,55184,1706841120.0,40525,6168.0,21,6166.0,70,nan,0,nan,0,nan,0,nan,0,nan,0,nan,0,nan,0,nan,0
1597988800942148096,1597988801430000128,2020-08-21 13:46:41.430000,6168.0,6260.0,6150.0,6252.0,nan,6186.0,55184,1706841120.0,40525,6168.0,11,6166.0,70,nan,0,nan,0,nan,0,nan,0,nan,0,nan,0,nan,0,nan,0
1597988803479470080,1597988804000000000,2020-08-21 13:46:44.000000,6168.0,6260.0,6150.0,6252.0,nan,6186.0,55184,1706841120.0,40525,6168.0,12,6166.0,70,nan,0,nan,0,nan,0,nan,0,nan,0,nan,0,nan,0,nan,0
1597988806947047936,1597988807436000000,2020-08-21 13:46:47.436000,6168.0,6260.0,6150.0,6252.0,nan,6186.0,55184,1706841120.0,40525,6168.0,13,6166.0,70,nan,0,nan,0,nan,0,nan,0,nan,0,nan,0,nan,0,nan,0
1597988807935336960,1597988808388999936,2020-08-21 13:46:48.389000,6166.0,6260.0,6150.0,6252.0,nan,6186.0,55185,1706872050.0,40526,6168.0,13,6166.0,69,nan,0,nan,0,nan,0,nan,0,nan,0,nan,0,nan,0,nan,0
1597988808457645056,1597988809000000000,2020-08-21 13:46:49.000000,6166.0,6260.0,6150.0,6252.0,nan,6186.0,55185,1706872050.0,40526,6168.0,18,6166.0,69,nan,0,nan,0,nan,0,nan,0,nan,0,nan,0,nan,0,nan,0
1597988808938366976,1597988809438999808,2020-08-21 13:46:49.439000,6166.0,6260.0,6150.0,6252.0,nan,6186.0,55185,1706872050.0,40526,6168.0,20,6166.0,69,nan,0,nan,0,nan,0,nan,0,nan,0,nan,0,nan,0,nan,0
1597988811438793984,1597988812000000000,2020-08-21 13:46:52.000000,6166.0,6260.0,6150.0,6252.0,nan,6186.0,55185,1706872050.0,40526,6168.0,19,6166.0,69,nan,0,nan,0,nan,0,nan,0,nan,0,nan,0,nan,0,nan,0
1597988812446765056,1597988813000000000,2020-08-21 13:46:53.000000,6166.0,6260.0,6150.0,6252.0,nan,6186.0,55185,1706872050.0,40526,6168.0,19,6166.0,70,nan,0,nan,0,nan,0,nan,0,nan,0,nan,0,nan,0,nan,0
1597988812942136064,1597988813438999808,2020-08-21 13:46:53.439000,6166.0,6260.0,6150.0,6252.0,nan,6186.0,55185,1706872050.0,40526,6168.0,17,6166.0,70,nan,0,nan,0,nan,0,nan,0,nan,0,nan,0,nan,0,nan,0
1597988814459792896,1597988815000000000,2020-08-21 13:46:55.000000,6166.0,6260.0,6150.0,6252.0,nan,6186.0,55185,1706872050.0,40526,6168.0,18,6166.0,70,nan,0,nan,0,nan,0,nan,0,nan,0,nan,0,nan,0,nan,0
1597988815463692032,1597988816000000000,2020-08-21 13:46:56.000000,6166.0,6260.0,6150.0,6252.0,nan,6186.0,55185,1706872050.0,40526,6168.0,11,6166.0,70,nan,0,nan,0,nan,0,nan,0,nan,0,nan,0,nan,0,nan,0
1597988815946642944,1597988816421999872,2020-08-21 13:46:56.422000,6166.0,6260.0,6150.0,6252.0,nan,6186.0,55192,1707088560.0,40526,6168.0,11,6166.0,63,nan,0,nan,0,nan,0,nan,0,nan,0,nan,0,nan,0,nan,0
1597988816949970944,1597988817420999936,2020-08-21 13:46:57.421000,6166.0,6260.0,6150.0,6252.0,nan,6186.0,55194,1707150420.0,40528,6168.0,11,6166.0,61,nan,0,nan,0,nan,0,nan,0,nan,0,nan,0,nan,0,nan,0
1597988820456005888,1597988821000000000,2020-08-21 13:47:01.000000,6166.0,6260.0,6150.0,6252.0,nan,6186.0,55195,1707181350.0,40528,6168.0,49,6166.0,60,nan,0,nan,0,nan,0,nan,0,nan,0,nan,0,nan,0,nan,0
1597988825463725056,1597988826000000000,2020-08-21 13:47:06.000000,6166.0,6260.0,6150.0,6252.0,nan,6186.0,55195,1707181350.0,40528,6168.0,50,6166.0,61,nan,0,nan,0,nan,0,nan,0,nan,0,nan,0,nan,0,nan,0
1597988825950086912,1597988826428000000,2020-08-21 13:47:06.428000,6166.0,6260.0,6150.0,6252.0,nan,6186.0,55196,1707212280.0,40529,6168.0,50,6166.0,62,nan,0,nan,0,nan,0,nan,0,nan,0,nan,0,nan,0,nan,0
1597988826449312000,1597988827000000000,2020-08-21 13:47:07.000000,6166.0,6260.0,6150.0,6252.0,nan,6186.0,55196,1707212280.0,40529,6168.0,50,6166.0,67,nan,0,nan,0,nan,0,nan,0,nan,0,nan,0,nan,0,nan,0
1597988826944660992,1597988827428000000,2020-08-21 13:47:07.428000,6166.0,6260.0,6150.0,6252.0,nan,6186.0,55196,1707212280.0,40529,6168.0,50,6166.0,69,nan,0,nan,0,nan,0,nan,0,nan,0,nan,0,nan,0,nan,0
1597988827450511104,1597988828000000000,2020-08-21 13:47:08.000000,6166.0,6260.0,6150.0,6252.0,nan,6186.0,55196,1707212280.0,40529,6168.0,50,6166.0,70,nan,0,nan,0,nan,0,nan,0,nan,0,nan,0,nan,0,nan,0
1597988831524372992,1597988832000000000,2020-08-21 13:47:12.000000,6166.0,6260.0,6150.0,6252.0,nan,6186.0,55196,1707212280.0,40529,6168.0,50,6166.0,71,nan,0,nan,0,nan,0,nan,0,nan,0,nan,0,nan,0,nan,0
1597988831962497024,1597988832433000192,2020-08-21 13:47:12.433000,6168.0,6260.0,6150.0,6252.0,nan,6186.0,55197,1707243210.0,40528,6168.0,49,6166.0,71,nan,0,nan,0,nan,0,nan,0,nan,0,nan,0,nan,0,nan,0
1597988832448888064,1597988833000000000,2020-08-21 13:47:13.000000,6168.0,6260.0,6150.0,6252.0,nan,6186.0,55197,1707243210.0,40528,6168.0,50,6166.0,71,nan,0,nan,0,nan,0,nan,0,nan,0,nan,0,nan,0,nan,0
1597988834465344000,1597988835000000000,2020-08-21 13:47:15.000000,6168.0,6260.0,6150.0,6252.0,nan,6186.0,55197,1707243210.0,40528,6168.0,51,6166.0,71,nan,0,nan,0,nan,0,nan,0,nan,0,nan,0,nan,0,nan,0
1597988834953843968,1597988835437999872,2020-08-21 13:47:15.438000,6166.0,6260.0,6150.0,6252.0,nan,6186.0,55199,1707305070.0,40530,6168.0,51,6166.0,69,nan,0,nan,0,nan,0,nan,0,nan,0,nan,0,nan,0,nan,0
