local_nano_time,quote_nano_time,datetime,last_price,highest,lowest,open,close,average,volume,amount,open_interest,ask_price1,ask_volume1,bid_price1,bid_volume1,ask_price2,ask_volume2,bid_price2,bid_volume2,ask_price3,ask_volume3,bid_price3,bid_volume3,ask_price4,ask_volume4,bid_price4,bid_volume4,ask_price5,ask_volume5,bid_price5,bid_volume5
1597988227120707072,1597988227000000000,2020-08-21 13:37:07.000000,143850.0,144360.0,141820.0,141910.0,nan,143022.807,40711,5822601510.0,20944,143860.0,2,143820.0,4,143870.0,3,143810.0,5,143880.0,19,143800.0,26,143890.0,22,143790.0,14,143900.0,6,143780.0,1
1597988227624417024,1597988227500000000,2020-08-21 13:37:07.500000,143850.0,144360.0,141820.0,141910.0,nan,143022.807,40711,5822601510.0,20944,143860.0,1,143820.0,3,143870.0,3,143810.0,5,143880.0,10,143800.0,36,143890.0,32,143790.0,5,143900.0,6,143780.0,1
1597988228115364096,1597988228000000000,2020-08-21 13:37:08.000000,143850.0,144360.0,141820.0,141910.0,nan,143022.807,40711,5822601510.0,20944,143860.0,1,143820.0,3,143870.0,3,143810.0,5,143880.0,10,143800.0,41,143890.0,37,143790.0,5,143900.0,6,143780.0,1
1597988228618284032,1597988228500000000,2020-08-21 13:37:08.500000,143850.0,144360.0,141820.0,141910.0,nan,143022.807,40711,5822601510.0,20944,143860.0,1,143820.0,3,143870.0,3,143810.0,5,143880.0,10,143800.0,36,143890.0,32,143790.0,5,143900.0,6,143780.0,1
1597988229116107008,1597988229000000000,2020-08-21 13:37:09.000000,143850.0,144360.0,141820.0,141910.0,nan,143022.807,40711,5822601510.0,20944,143860.0,1,143820.0,3,143870.0,3,143810.0,5,143880.0,15,143800.0,36,143890.0,32,143790.0,10,143900.0,6,143780.0,1
1597988229617143040,1597988229500000000,2020-08-21 13:37:09.500000,143850.0,144360.0,141820.0,141910.0,nan,143022.807,40711,5822601510.0,20944,143860.0,1,143820.0,1,143870.0,3,143810.0,5,143880.0,16,143800.0,37,143890.0,32,143790.0,10,143900.0,6,143780.0,1
1597988230134417920,1597988230000000000,2020-08-21 13:37:10.000000,143850.0,144360.0,141820.0,141910.0,nan,143022.807,40711,5822601510.0,20944,143860.0,1,143830.0,2,143870.0,3,143820.0,1,143880.0,21,143810.0,4,143890.0,27,143800.0,34,143900.0,6,143790.0,14
1597988230614232064,1597988230500000000,2020-08-21 13:37:10.500000,143850.0,144360.0,141820.0,141910.0,nan,143022.807,40711,5822601510.0,20944,143870.0,3,143830.0,4,143880.0,15,143810.0,3,143890.0,32,143800.0,36,143900.0,6,143790.0,10,143940.0,3,143780.0,1
1597988231123545088,1597988231000000000,2020-08-21 13:37:11.000000,143850.0,144360.0,141820.0,141910.0,nan,143022.807,40711,5822601510.0,20944,143870.0,2,143830.0,3,143880.0,12,143820.0,4,143890.0,6,143810.0,22,143900.0,27,143800.0,10,143940.0,3,143790.0,5
1597988231619066112,1597988231500000000,2020-08-21 13:37:11.500000,143850.0,144360.0,141820.0,141910.0,nan,143022.807,40711,5822601510.0,20944,143870.0,2,143830.0,3,143880.0,10,143820.0,4,143890.0,2,143810.0,34,143900.0,38,143800.0,3,143940.0,3,143790.0,5
1597988232125953024,1597988232000000000,2020-08-21 13:37:12.000000,143850.0,144360.0,141820.0,141910.0,nan,143022.807,40711,5822601510.0,20944,143870.0,2,143830.0,3,143880.0,10,143820.0,4,143890.0,1,143810.0,33,143900.0,38,143800.0,3,143940.0,3,143790.0,5
1597988232618720000,1597988232500000000,2020-08-21 13:37:12.500000,143850.0,144360.0,141820.0,141910.0,nan,143022.807,40711,5822601510.0,20944,143870.0,2,143830.0,3,143880.0,10,143820.0,4,143890.0,1,143810.0,32,143900.0,38,143800.0,3,143940.0,3,143790.0,5
1597988234620875008,1597988234500000000,2020-08-21 13:37:14.500000,143850.0,144360.0,141820.0,141910.0,nan,143022.807,40711,5822601510.0,20944,143870.0,2,143830.0,3,143880.0,5,143820.0,4,143890.0,1,143810.0,32,143900.0,38,143800.0,3,143940.0,3,143780.0,1
1597988235128347904,1597988235000000000,2020-08-21 13:37:15.000000,143850.0,144360.0,141820.0,141910.0,nan,143022.807,40711,5822601510.0,20944,143870.0,3,143830.0,3,143880.0,4,143820.0,4,143890.0,6,143810.0,32,143900.0,39,143800.0,8,143940.0,3,143780.0,1
1597988235622212096,1597988235500000000,2020-08-21 13:37:15.500000,143850.0,144360.0,141820.0,141910.0,nan,143022.807,40711,5822601510.0,20944,143870.0,3,143850.0,10,143880.0,5,143830.0,3,143890.0,11,143820.0,4,143900.0,33,143810.0,28,143940.0,3,143800.0,12
1597988236111750912,1597988236000000000,2020-08-21 13:37:16.000000,143850.0,144360.0,141820.0,141910.0,nan,143022.807,40711,5822601510.0,20944,143860.0,1,143850.0,12,143870.0,2,143840.0,3,143880.0,4,143830.0,3,143890.0,7,143820.0,21,143900.0,18,143810.0,10
1597988236616569088,1597988236500000000,2020-08-21 13:37:16.500000,143860.0,144360.0,141820.0,141910.0,nan,143022.848,40713,5822889230.0,20944,143870.0,2,143850.0,11,143880.0,5,143840.0,4,143890.0,8,143830.0,3,143900.0,33,143820.0,6,143910.0,5,143810.0,26
1597988237128039936,1597988237000000000,2020-08-21 13:37:17.000000,143860.0,144360.0,141820.0,141910.0,nan,143022.848,40713,5822889230.0,20944,143870.0,2,143850.0,12,143880.0,3,143840.0,3,143890.0,9,143830.0,4,143900.0,18,143820.0,21,143910.0,21,143810.0,10
1597988237625101056,1597988237500000000,2020-08-21 13:37:17.500000,143860.0,144360.0,141820.0,141910.0,nan,143022.848,40713,5822889230.0,20944,143870.0,2,143850.0,12,143880.0,3,143840.0,3,143890.0,8,143830.0,4,143900.0,10,143820.0,26,143910.0,26,143810.0,5
1597988238111604992,1597988238000000000,2020-08-21 13:37:18.000000,143860.0,144360.0,141820.0,141910.0,nan,143022.848,40713,5822889230.0,20944,143870.0,2,143850.0,12,143880.0,3,143840.0,4,143890.0,8,143830.0,4,143900.0,11,143820.0,26,143910.0,26,143810.0,5
1597988238620402944,1597988238500000000,2020-08-21 13:37:18.500000,143860.0,144360.0,141820.0,141910.0,nan,143022.848,40713,5822889230.0,20944,143870.0,2,143850.0,12,143880.0,3,143840.0,3,143890.0,8,143830.0,4,143900.0,10,143820.0,26,143910.0,26,143810.0,5
1597988239627873024,1597988239500000000,2020-08-21 13:37:19.500000,143860.0,144360.0,141820.0,141910.0,nan,143022.848,40713,5822889230.0,20944,143870.0,2,143850.0,12,143880.0,3,143840.0,4,143890.0,8,143830.0,4,143900.0,11,143820.0,26,143910.0,26,143810.0,5
1597988240122469888,1597988240000000000,2020-08-21 13:37:20.000000,143860.0,144360.0,141820.0,141910.0,nan,143022.848,40713,5822889230.0,20944,143870.0,2,143850.0,12,143880.0,3,143840.0,3,143890.0,8,143830.0,2,143900.0,10,143820.0,26,143910.0,26,143810.0,5
1597988240626016000,1597988240500000000,2020-08-21 13:37:20.500000,143870.0,144360.0,141820.0,141910.0,nan,143022.869,40714,5823033100.0,20945,143870.0,1,143860.0,2,143880.0,3,143850.0,12,143890.0,3,143840.0,4,143900.0,11,143830.0,2,143910.0,26,143820.0,26
1597988241124592896,1597988241000000000,2020-08-21 13:37:21.000000,143880.0,144360.0,141820.0,141910.0,nan,143022.974,40719,5823752490.0,20949,143890.0,1,143880.0,1,143900.0,10,143860.0,2,143910.0,23,143850.0,12,143940.0,3,143840.0,2,143950.0,2,143820.0,23
1597988241623815936,1597988241500000000,2020-08-21 13:37:21.500000,143890.0,144360.0,141820.0,141910.0,nan,143023.038,40722,5824184160.0,20949,143900.0,2,143890.0,1,143910.0,14,143880.0,1,143930.0,13,143860.0,3,143940.0,3,143850.0,14,143950.0,3,143840.0,9
1597988242136824064,1597988242000000000,2020-08-21 13:37:22.000000,143880.0,144360.0,141820.0,141910.0,nan,143023.08,40724,5824471930.0,20950,143890.0,2,143870.0,1,143900.0,1,143860.0,5,143910.0,7,143850.0,33,143920.0,1,143840.0,5,143930.0,10,143820.0,6
1597988242642212096,1597988242500000000,2020-08-21 13:37:22.500000,143880.0,144360.0,141820.0,141910.0,nan,143023.08,40724,5824471930.0,20950,143900.0,2,143860.0,3,143910.0,8,143850.0,18,143920.0,17,143840.0,7,143930.0,10,143830.0,17,143940.0,8,143820.0,6
1597988243116093952,1597988243000000000,2020-08-21 13:37:23.000000,143880.0,144360.0,141820.0,141910.0,nan,143023.08,40724,5824471930.0,20950,143900.0,2,143860.0,3,143910.0,9,143850.0,17,143920.0,2,143840.0,27,143930.0,31,143830.0,1,143940.0,3,143820.0,6
1597988243628016128,1597988243500000000,2020-08-21 13:37:23.500000,143880.0,144360.0,141820.0,141910.0,nan,143023.08,40724,5824471930.0,20950,143900.0,2,143890.0,1,143910.0,8,143860.0,3,143920.0,1,143850.0,16,143930.0,32,143840.0,27,143940.0,3,143830.0,1
1597988244108012032,1597988244000000000,2020-08-21 13:37:24.000000,143880.0,144360.0,141820.0,141910.0,nan,143023.144,40727,5824903580.0,20951,143880.0,1,143860.0,3,143890.0,1,143850.0,26,143900.0,1,143840.0,6,143910.0,6,143830.0,1,143920.0,1,143820.0,6
1597988244625056000,1597988244500000000,2020-08-21 13:37:24.500000,143890.0,144360.0,141820.0,141910.0,nan,143023.186,40729,5825191350.0,20952,143900.0,12,143860.0,2,143910.0,5,143850.0,11,143920.0,1,143840.0,7,143930.0,9,143830.0,1,143940.0,3,143820.0,6
1597988245120069120,1597988245000000000,2020-08-21 13:37:25.000000,143890.0,144360.0,141820.0,141910.0,nan,143023.186,40729,5825191350.0,20952,143900.0,12,143860.0,3,143910.0,7,143850.0,10,143920.0,13,143840.0,8,143930.0,9,143830.0,14,143940.0,3,143820.0,6
1597988245623087104,1597988245500000000,2020-08-21 13:37:25.500000,143860.0,144360.0,141820.0,141910.0,nan,143023.207,40730,5825335210.0,20952,143900.0,14,143860.0,2,143910.0,9,143850.0,13,143920.0,22,143840.0,9,143930.0,9,143830.0,23,143940.0,3,143820.0,6
1597988246141548032,1597988246000000000,2020-08-21 13:37:26.000000,143860.0,144360.0,141820.0,141910.0,nan,143023.207,40730,5825335210.0,20952,143900.0,14,143860.0,2,143910.0,9,143850.0,14,143920.0,22,143840.0,8,143930.0,9,143830.0,23,143940.0,3,143820.0,6
1597988246645103104,1597988246500000000,2020-08-21 13:37:26.500000,143860.0,144360.0,141820.0,141910.0,nan,143023.207,40730,5825335210.0,20952,143890.0,1,143860.0,2,143900.0,14,143850.0,13,143910.0,3,143840.0,8,143920.0,22,143830.0,23,143930.0,9,143820.0,1
1597988247122988032,1597988247000000000,2020-08-21 13:37:27.000000,143860.0,144360.0,141820.0,141910.0,nan,143023.207,40730,5825335210.0,20952,143900.0,15,143860.0,3,143910.0,2,143850.0,13,143920.0,27,143840.0,7,143930.0,9,143830.0,28,143940.0,3,143820.0,1
1597988247612465920,1597988247500000000,2020-08-21 13:37:27.500000,143860.0,144360.0,141820.0,141910.0,nan,143023.207,40730,5825335210.0,20952,143900.0,14,143860.0,2,143910.0,4,143850.0,16,143920.0,27,143840.0,8,143930.0,9,143830.0,28,143940.0,3,143820.0,1
1597988248140375040,1597988248000000000,2020-08-21 13:37:28.000000,143860.0,144360.0,141820.0,141910.0,nan,143023.207,40730,5825335210.0,20952,143900.0,14,143860.0,2,143910.0,3,143850.0,15,143920.0,27,143840.0,8,143930.0,9,143830.0,28,143940.0,3,143820.0,1
1597988248631614976,1597988248500000000,2020-08-21 13:37:28.500000,143860.0,144360.0,141820.0,141910.0,nan,143023.207,40730,5825335210.0,20952,143890.0,1,143860.0,2,143900.0,14,143850.0,15,143910.0,3,143840.0,8,143920.0,27,143830.0,28,143930.0,9,143820.0,1
1597988249111215104,1597988249000000000,2020-08-21 13:37:29.000000,143860.0,144360.0,141820.0,141910.0,nan,143023.207,40730,5825335210.0,20952,143890.0,1,143860.0,3,143900.0,14,143850.0,16,143910.0,4,143840.0,12,143920.0,22,143830.0,23,143930.0,14,143820.0,1
1597988249610116096,1597988249500000000,2020-08-21 13:37:29.500000,143860.0,144360.0,141820.0,141910.0,nan,143023.207,40730,5825335210.0,20952,143890.0,1,143860.0,3,143900.0,15,143850.0,15,143910.0,2,143840.0,12,143920.0,22,143830.0,23,143930.0,14,143820.0,1
1597988250170881024,1597988250000000000,2020-08-21 13:37:30.000000,143860.0,144360.0,141820.0,141910.0,nan,143023.207,40730,5825335210.0,20952,143890.0,2,143860.0,3,143900.0,15,143850.0,16,143910.0,3,143840.0,12,143920.0,26,143830.0,27,143930.0,14,143820.0,1
1597988250623072000,1597988250500000000,2020-08-21 13:37:30.500000,143860.0,144360.0,141820.0,141910.0,nan,143023.207,40730,5825335210.0,20952,143890.0,2,143860.0,3,143900.0,15,143850.0,18,143910.0,5,143840.0,12,143920.0,26,143830.0,27,143930.0,14,143820.0,1
1597988251122624000,1597988251000000000,2020-08-21 13:37:31.000000,143860.0,144360.0,141820.0,141910.0,nan,143023.207,40730,5825335210.0,20952,143890.0,2,143860.0,3,143900.0,15,143850.0,16,143910.0,3,143840.0,12,143920.0,26,143830.0,27,143930.0,14,143820.0,1
1597988252631159040,1597988252500000000,2020-08-21 13:37:32.500000,143860.0,144360.0,141820.0,141910.0,nan,143023.207,40730,5825335210.0,20952,143890.0,2,143860.0,3,143900.0,15,143850.0,17,143910.0,4,143840.0,12,143920.0,21,143830.0,22,143930.0,14,143820.0,1
1597988253127547904,1597988253000000000,2020-08-21 13:37:33.000000,143860.0,144360.0,141820.0,141910.0,nan,143023.207,40730,5825335210.0,20952,143890.0,2,143860.0,3,143900.0,15,143850.0,14,143910.0,3,143840.0,12,143920.0,26,143830.0,27,143930.0,14,143820.0,1
1597988255101837056,1597988255000000000,2020-08-21 13:37:35.000000,143860.0,144360.0,141820.0,141910.0,nan,143023.207,40730,5825335210.0,20952,143890.0,2,143860.0,3,143900.0,15,143850.0,15,143910.0,4,143840.0,12,143920.0,26,143830.0,27,143930.0,14,143820.0,1
1597988255614440960,1597988255500000000,2020-08-21 13:37:35.500000,143860.0,144360.0,141820.0,141910.0,nan,143023.207,40730,5825335210.0,20952,143890.0,2,143860.0,3,143900.0,15,143850.0,14,143910.0,3,143840.0,12,143920.0,26,143830.0,27,143930.0,14,143820.0,1
1597988256635830016,1597988256500000000,2020-08-21 13:37:36.500000,143860.0,144360.0,141820.0,141910.0,nan,143023.207,40730,5825335210.0,20952,143890.0,2,143860.0,7,143900.0,15,143850.0,14,143910.0,3,143840.0,12,143920.0,26,143830.0,27,143930.0,14,143820.0,1
1597988257130624000,1597988257000000000,2020-08-21 13:37:37.000000,143860.0,144360.0,141820.0,141910.0,nan,143023.268,40733,5825766790.0,20952,143890.0,2,143860.0,4,143900.0,14,143850.0,14,143910.0,3,143840.0,12,143920.0,22,143830.0,23,143930.0,14,143820.0,1
1597988257611279872,1597988257500000000,2020-08-21 13:37:37.500000,143860.0,144360.0,141820.0,141910.0,nan,143023.371,40738,5826486090.0,20956,143890.0,2,143860.0,1,143900.0,14,143850.0,14,143910.0,2,143840.0,11,143920.0,18,143830.0,19,143930.0,14,143820.0,1
1597988258108908032,1597988258000000000,2020-08-21 13:37:38.000000,143830.0,144360.0,141820.0,141910.0,nan,143023.796,40759,5829506920.0,20970,143890.0,4,143830.0,15,143900.0,12,143820.0,1,143910.0,1,143800.0,3,143920.0,14,143780.0,1,143930.0,4,143760.0,5
1597988258604397056,1597988258500000000,2020-08-21 13:37:38.500000,143830.0,144360.0,141820.0,141910.0,nan,143023.934,40766,5830513700.0,20972,143830.0,1,143820.0,10,143880.0,5,143810.0,5,143890.0,9,143800.0,3,143900.0,18,143780.0,1,143910.0,9,143760.0,5
1597988259121657088,1597988259000000000,2020-08-21 13:37:39.000000,143830.0,144360.0,141820.0,141910.0,nan,143024.053,40772,5831376670.0,20969,143870.0,5,143810.0,5,143880.0,2,143800.0,3,143890.0,14,143780.0,6,143900.0,17,143760.0,5,143930.0,4,143740.0,1
1597988259621952000,1597988259500000000,2020-08-21 13:37:39.500000,143830.0,144360.0,141820.0,141910.0,nan,143024.053,40772,5831376670.0,20969,143860.0,6,143830.0,1,143870.0,2,143810.0,3,143880.0,6,143800.0,12,143890.0,19,143790.0,5,143900.0,11,143780.0,1
1597988260119289088,1597988260000000000,2020-08-21 13:37:40.000000,143830.0,144360.0,141820.0,141910.0,nan,143024.053,40772,5831376670.0,20969,143860.0,6,143830.0,1,143880.0,6,143820.0,2,143890.0,24,143810.0,1,143900.0,11,143800.0,17,143920.0,1,143790.0,5
1597988260615495936,1597988260500000000,2020-08-21 13:37:40.500000,143830.0,144360.0,141820.0,141910.0,nan,143024.053,40772,5831376670.0,20969,143850.0,2,143830.0,1,143860.0,6,143820.0,2,143880.0,6,143810.0,1,143890.0,28,143800.0,21,143900.0,11,143790.0,5
1597988261145660928,1597988261000000000,2020-08-21 13:37:41.000000,143830.0,144360.0,141820.0,141910.0,nan,143024.072,40773,5831520500.0,20969,143850.0,2,143820.0,2,143860.0,6,143810.0,1,143870.0,2,143800.0,10,143880.0,22,143790.0,22,143890.0,16,143780.0,1
1597988261617020928,1597988261500000000,2020-08-21 13:37:41.500000,143830.0,144360.0,141820.0,141910.0,nan,143024.072,40773,5831520500.0,20969,143840.0,1,143820.0,2,143850.0,2,143800.0,5,143860.0,5,143790.0,27,143870.0,2,143780.0,1,143880.0,27,143760.0,5
1597988262112454912,1597988262000000000,2020-08-21 13:37:42.000000,143850.0,144360.0,141820.0,141910.0,nan,143024.133,40776,5831952040.0,20968,143850.0,3,143830.0,1,143860.0,4,143810.0,2,143870.0,2,143800.0,4,143880.0,28,143790.0,31,143890.0,11,143780.0,1
1597988262625267968,1597988262500000000,2020-08-21 13:37:42.500000,143850.0,144360.0,141820.0,141910.0,nan,143024.133,40776,5831952040.0,20968,143850.0,1,143830.0,1,143860.0,4,143820.0,2,143870.0,1,143800.0,4,143880.0,33,143790.0,33,143890.0,10,143780.0,1
1597988263104894976,1597988263000000000,2020-08-21 13:37:43.000000,143850.0,144360.0,141820.0,141910.0,nan,143024.133,40776,5831952040.0,20968,143860.0,3,143830.0,1,143870.0,2,143820.0,2,143880.0,21,143810.0,3,143890.0,23,143800.0,16,143900.0,11,143790.0,20
1597988263621856000,1597988263500000000,2020-08-21 13:37:43.500000,143850.0,144360.0,141820.0,141910.0,nan,143024.133,40776,5831952040.0,20968,143860.0,5,143830.0,2,143870.0,1,143820.0,1,143880.0,13,143810.0,1,143890.0,27,143800.0,23,143900.0,11,143790.0,10
1597988264133189120,1597988264000000000,2020-08-21 13:37:44.000000,143850.0,144360.0,141820.0,141910.0,nan,143024.133,40776,5831952040.0,20968,143860.0,6,143840.0,1,143870.0,2,143830.0,1,143880.0,8,143820.0,2,143890.0,46,143810.0,4,143900.0,11,143800.0,41
1597988264620751872,1597988264500000000,2020-08-21 13:37:44.500000,143850.0,144360.0,141820.0,141910.0,nan,143024.133,40776,5831952040.0,20968,143860.0,5,143840.0,1,143870.0,2,143830.0,2,143880.0,8,143820.0,1,143890.0,41,143810.0,2,143900.0,11,143800.0,36
1597988265131580928,1597988265000000000,2020-08-21 13:37:45.000000,143850.0,144360.0,141820.0,141910.0,nan,143024.133,40776,5831952040.0,20968,143860.0,4,143840.0,1,143870.0,3,143830.0,3,143880.0,3,143810.0,3,143890.0,46,143800.0,41,143900.0,11,143780.0,1
1597988265624401920,1597988265500000000,2020-08-21 13:37:45.500000,143860.0,144360.0,141820.0,141910.0,nan,143024.235,40781,5832671340.0,20967,143870.0,3,143840.0,1,143880.0,2,143830.0,3,143890.0,46,143810.0,3,143900.0,12,143800.0,40,143920.0,1,143780.0,1
1597988266142477056,1597988266000000000,2020-08-21 13:37:46.000000,143860.0,144360.0,141820.0,141910.0,nan,143024.235,40781,5832671340.0,20967,143870.0,2,143840.0,2,143880.0,2,143830.0,2,143890.0,19,143820.0,2,143900.0,33,143810.0,22,143930.0,4,143800.0,19
1597988266609233920,1597988266500000000,2020-08-21 13:37:46.500000,143870.0,144360.0,141820.0,141910.0,nan,143024.298,40784,5833102950.0,20965,143880.0,1,143870.0,1,143890.0,14,143840.0,2,143900.0,30,143830.0,1,143930.0,4,143810.0,20,143940.0,3,143800.0,13
1597988267134966016,1597988267000000000,2020-08-21 13:37:47.000000,143870.0,144360.0,141820.0,141910.0,nan,143024.318,40785,5833246820.0,20965,143890.0,13,143850.0,1,143900.0,14,143840.0,3,143920.0,13,143830.0,15,143930.0,4,143810.0,1,143940.0,3,143800.0,8
1597988267618416896,1597988267500000000,2020-08-21 13:37:47.500000,143870.0,144360.0,141820.0,141910.0,nan,143024.318,40785,5833246820.0,20965,143890.0,7,143850.0,1,143900.0,16,143840.0,2,143910.0,26,143830.0,9,143920.0,5,143820.0,27,143930.0,4,143800.0,3
1597988268130824960,1597988268000000000,2020-08-21 13:37:48.000000,143870.0,144360.0,141820.0,141910.0,nan,143024.318,40785,5833246820.0,20965,143880.0,1,143850.0,1,143890.0,9,143840.0,1,143900.0,16,143830.0,11,143910.0,31,143820.0,33,143920.0,5,143800.0,3
1597988268634366976,1597988268500000000,2020-08-21 13:37:48.500000,143870.0,144360.0,141820.0,141910.0,nan,143024.318,40785,5833246820.0,20965,143880.0,1,143850.0,2,143890.0,11,143840.0,1,143900.0,20,143830.0,10,143910.0,26,143820.0,28,143920.0,5,143810.0,6
1597988269124905984,1597988269000000000,2020-08-21 13:37:49.000000,143870.0,144360.0,141820.0,141910.0,nan,143024.318,40785,5833246820.0,20965,143890.0,10,143850.0,2,143900.0,14,143830.0,11,143910.0,32,143820.0,32,143920.0,5,143800.0,3,143930.0,4,143780.0,1
1597988269653906944,1597988269500000000,2020-08-21 13:37:49.500000,143850.0,144360.0,141820.0,141910.0,nan,143024.379,40788,5833678370.0,20967,143890.0,9,143830.0,10,143900.0,14,143820.0,25,143910.0,23,143800.0,3,143920.0,5,143780.0,1,143930.0,4,143760.0,5
1597988270130539008,1597988270000000000,2020-08-21 13:37:50.000000,143850.0,144360.0,141820.0,141910.0,nan,143024.379,40788,5833678370.0,20967,143880.0,4,143830.0,4,143890.0,7,143820.0,25,143900.0,15,143800.0,3,143910.0,23,143780.0,1,143930.0,4,143760.0,5
1597988270607834880,1597988270500000000,2020-08-21 13:37:50.500000,143850.0,144360.0,141820.0,141910.0,nan,143024.379,40788,5833678370.0,20967,143870.0,2,143830.0,4,143880.0,4,143820.0,15,143890.0,10,143810.0,32,143900.0,45,143800.0,3,143910.0,10,143780.0,1
1597988271135840000,1597988271000000000,2020-08-21 13:37:51.000000,143850.0,144360.0,141820.0,141910.0,nan,143024.379,40788,5833678370.0,20967,143870.0,4,143830.0,4,143880.0,3,143820.0,10,143890.0,9,143810.0,36,143900.0,49,143800.0,3,143910.0,5,143780.0,1
1597988271604049920,1597988271500000000,2020-08-21 13:37:51.500000,143850.0,144360.0,141820.0,141910.0,nan,143024.379,40788,5833678370.0,20967,143870.0,6,143830.0,5,143880.0,3,143820.0,9,143890.0,14,143810.0,39,143900.0,49,143800.0,7,143910.0,5,143780.0,1
1597988272117133056,1597988272000000000,2020-08-21 13:37:52.000000,143850.0,144360.0,141820.0,141910.0,nan,143024.379,40788,5833678370.0,20967,143870.0,6,143830.0,5,143880.0,4,143820.0,8,143890.0,30,143810.0,23,143900.0,32,143800.0,24,143910.0,5,143780.0,1
1597988272617908992,1597988272500000000,2020-08-21 13:37:52.500000,143850.0,144360.0,141820.0,141910.0,nan,143024.379,40788,5833678370.0,20967,143870.0,5,143830.0,4,143880.0,5,143820.0,7,143890.0,33,143810.0,13,143900.0,22,143800.0,29,143910.0,5,143780.0,1
1597988273104057088,1597988273000000000,2020-08-21 13:37:53.000000,143850.0,144360.0,141820.0,141910.0,nan,143024.379,40788,5833678370.0,20967,143870.0,5,143830.0,4,143880.0,6,143820.0,3,143890.0,39,143810.0,9,143900.0,17,143800.0,34,143930.0,4,143780.0,1
1597988273604152064,1597988273500000000,2020-08-21 13:37:53.500000,143850.0,144360.0,141820.0,141910.0,nan,143024.379,40788,5833678370.0,20967,143870.0,6,143830.0,5,143880.0,5,143820.0,1,143890.0,49,143810.0,10,143900.0,17,143800.0,44,143930.0,4,143780.0,1
1597988274641924096,1597988274500000000,2020-08-21 13:37:54.500000,143830.0,144360.0,141820.0,141910.0,nan,143024.418,40790,5833966030.0,20965,143870.0,6,143830.0,3,143880.0,6,143820.0,2,143890.0,53,143810.0,10,143900.0,17,143800.0,48,143930.0,4,143780.0,1
1597988275127602944,1597988275000000000,2020-08-21 13:37:55.000000,143830.0,144360.0,141820.0,141910.0,nan,143024.418,40790,5833966030.0,20965,143870.0,6,143830.0,2,143880.0,6,143820.0,2,143890.0,53,143810.0,11,143900.0,17,143800.0,48,143930.0,4,143780.0,1
1597988275646290944,1597988275500000000,2020-08-21 13:37:55.500000,143830.0,144360.0,141820.0,141910.0,nan,143024.418,40790,5833966030.0,20965,143870.0,6,143840.0,2,143880.0,6,143830.0,2,143890.0,53,143820.0,1,143900.0,17,143810.0,11,143930.0,4,143800.0,49
1597988276122842880,1597988276000000000,2020-08-21 13:37:56.000000,143830.0,144360.0,141820.0,141910.0,nan,143024.418,40790,5833966030.0,20965,143870.0,6,143840.0,2,143880.0,6,143830.0,3,143890.0,23,143820.0,4,143900.0,42,143810.0,33,143930.0,4,143800.0,18
1597988276636765952,1597988276500000000,2020-08-21 13:37:56.500000,143830.0,144360.0,141820.0,141910.0,nan,143024.418,40790,5833966030.0,20965,143870.0,5,143840.0,2,143880.0,6,143830.0,2,143890.0,16,143820.0,4,143900.0,42,143810.0,32,143930.0,4,143800.0,13
1597988277217434112,1597988277000000000,2020-08-21 13:37:57.000000,143810.0,144360.0,141820.0,141910.0,nan,143024.615,40800,5835404280.0,20970,143830.0,2,143810.0,8,143870.0,3,143800.0,13,143880.0,4,143780.0,1,143890.0,16,143760.0,5,143900.0,21,143740.0,1
1597988277624873984,1597988277500000000,2020-08-21 13:37:57.500000,143760.0,144360.0,141820.0,141910.0,nan,143025.201,40831,5839861980.0,20976,143770.0,1,143760.0,3,143800.0,3,143740.0,1,143810.0,1,143730.0,5,143830.0,2,143710.0,1,143840.0,5,143700.0,3
1597988278132710912,1597988278000000000,2020-08-21 13:37:58.000000,143770.0,144360.0,141820.0,141910.0,nan,143025.401,40842,5841443420.0,20979,143770.0,4,143750.0,1,143780.0,1,143740.0,1,143790.0,1,143730.0,8,143800.0,1,143720.0,13,143810.0,15,143700.0,3
1597988278630395904,1597988278500000000,2020-08-21 13:37:58.500000,143770.0,144360.0,141820.0,141910.0,nan,143025.492,40847,5842162270.0,20978,143780.0,3,143740.0,4,143790.0,1,143730.0,5,143800.0,12,143720.0,6,143810.0,6,143710.0,12,143820.0,2,143700.0,2
1597988279136839936,1597988279000000000,2020-08-21 13:37:59.000000,143780.0,144360.0,141820.0,141910.0,nan,143025.603,40853,5843024950.0,20975,143800.0,2,143790.0,1,143810.0,1,143780.0,2,143820.0,2,143750.0,2,143830.0,2,143740.0,1,143840.0,5,143730.0,5
1597988279640538112,1597988279500000000,2020-08-21 13:37:59.500000,143810.0,144360.0,141820.0,141910.0,nan,143025.698,40858,5843743960.0,20976,143820.0,1,143780.0,2,143830.0,2,143750.0,7,143840.0,10,143740.0,1,143850.0,1,143730.0,5,143870.0,12,143700.0,2
1597988280130697984,1597988280000000000,2020-08-21 13:38:00.000000,143810.0,144360.0,141820.0,141910.0,nan,143025.698,40858,5843743960.0,20976,143800.0,1,143780.0,4,143810.0,4,143770.0,1,143820.0,5,143760.0,14,143830.0,2,143750.0,5,143840.0,11,143740.0,1
1597988280625840896,1597988280500000000,2020-08-21 13:38:00.500000,143800.0,144360.0,141820.0,141910.0,nan,143025.717,40859,5843887760.0,20975,143810.0,3,143780.0,3,143820.0,4,143770.0,3,143830.0,3,143760.0,3,143840.0,22,143750.0,17,143870.0,3,143740.0,1
1597988281125550080,1597988281000000000,2020-08-21 13:38:01.000000,143810.0,144360.0,141820.0,141910.0,nan,143025.755,40861,5844175380.0,20973,143810.0,2,143790.0,1,143820.0,3,143780.0,5,143830.0,4,143760.0,7,143840.0,27,143750.0,23,143850.0,5,143740.0,1
1597988281616439040,1597988281500000000,2020-08-21 13:38:01.500000,143810.0,144360.0,141820.0,141910.0,nan,143025.755,40861,5844175380.0,20973,143810.0,2,143790.0,1,143820.0,4,143780.0,5,143830.0,5,143770.0,2,143840.0,28,143760.0,8,143850.0,5,143750.0,22
1597988282128532992,1597988282000000000,2020-08-21 13:38:02.000000,143790.0,144360.0,141820.0,141910.0,nan,143025.793,40863,5844462960.0,20973,143810.0,3,143780.0,5,143820.0,4,143770.0,1,143830.0,5,143760.0,9,143840.0,28,143750.0,22,143850.0,5,143740.0,1
1597988282631430912,1597988282500000000,2020-08-21 13:38:02.500000,143790.0,144360.0,141820.0,141910.0,nan,143025.793,40863,5844462960.0,20973,143810.0,3,143780.0,5,143820.0,4,143760.0,9,143830.0,4,143750.0,27,143840.0,29,143740.0,1,143850.0,5,143730.0,5
1597988283115896064,1597988283000000000,2020-08-21 13:38:03.000000,143790.0,144360.0,141820.0,141910.0,nan,143025.793,40863,5844462960.0,20973,143810.0,3,143780.0,5,143820.0,4,143770.0,1,143830.0,5,143760.0,8,143840.0,29,143750.0,28,143850.0,5,143740.0,1
1597988283622247936,1597988283500000000,2020-08-21 13:38:03.500000,143790.0,144360.0,141820.0,141910.0,nan,143025.793,40863,5844462960.0,20973,143810.0,3,143780.0,5,143820.0,4,143760.0,8,143830.0,4,143750.0,27,143840.0,28,143740.0,2,143850.0,5,143730.0,5
1597988284142138880,1597988284000000000,2020-08-21 13:38:04.000000,143790.0,144360.0,141820.0,141910.0,nan,143025.793,40863,5844462960.0,20973,143810.0,3,143780.0,5,143820.0,4,143760.0,8,143830.0,5,143750.0,29,143840.0,29,143740.0,2,143850.0,5,143730.0,5
1597988284617697024,1597988284500000000,2020-08-21 13:38:04.500000,143790.0,144360.0,141820.0,141910.0,nan,143025.793,40863,5844462960.0,20973,143810.0,6,143780.0,5,143820.0,4,143770.0,1,143830.0,6,143760.0,8,143840.0,24,143750.0,24,143850.0,5,143740.0,2
1597988285132986880,1597988285000000000,2020-08-21 13:38:05.000000,143790.0,144360.0,141820.0,141910.0,nan,143025.793,40863,5844462960.0,20973,143810.0,5,143780.0,4,143820.0,3,143770.0,2,143830.0,4,143760.0,9,143840.0,32,143750.0,32,143850.0,5,143740.0,2
1597988285628099072,1597988285500000000,2020-08-21 13:38:05.500000,143790.0,144360.0,141820.0,141910.0,nan,143025.793,40863,5844462960.0,20973,143810.0,5,143780.0,5,143820.0,3,143770.0,1,143830.0,5,143760.0,11,143840.0,33,143750.0,31,143850.0,5,143740.0,2
1597988286136378112,1597988286000000000,2020-08-21 13:38:06.000000,143790.0,144360.0,141820.0,141910.0,nan,143025.793,40863,5844462960.0,20973,143810.0,5,143780.0,5,143820.0,3,143770.0,1,143830.0,5,143760.0,11,143840.0,34,143750.0,32,143850.0,5,143740.0,2
1597988286634927104,1597988286500000000,2020-08-21 13:38:06.500000,143790.0,144360.0,141820.0,141910.0,nan,143025.793,40863,5844462960.0,20973,143810.0,4,143780.0,6,143820.0,4,143760.0,11,143830.0,5,143750.0,31,143840.0,33,143740.0,2,143850.0,5,143730.0,5
1597988287128406016,1597988287000000000,2020-08-21 13:38:07.000000,143790.0,144360.0,141820.0,141910.0,nan,143025.793,40863,5844462960.0,20973,143810.0,3,143780.0,6,143820.0,3,143770.0,2,143830.0,5,143760.0,9,143840.0,34,143750.0,31,143850.0,5,143740.0,2
1597988287620904960,1597988287500000000,2020-08-21 13:38:07.500000,143790.0,144360.0,141820.0,141910.0,nan,143025.793,40863,5844462960.0,20973,143810.0,3,143780.0,6,143820.0,4,143770.0,1,143830.0,5,143760.0,10,143840.0,34,143750.0,31,143850.0,5,143740.0,2
1597988288612521984,1597988288500000000,2020-08-21 13:38:08.500000,143790.0,144360.0,141820.0,141910.0,nan,143025.793,40863,5844462960.0,20973,143810.0,3,143780.0,6,143820.0,4,143770.0,2,143830.0,6,143760.0,10,143840.0,34,143750.0,31,143850.0,5,143740.0,2
1597988289106497024,1597988289000000000,2020-08-21 13:38:09.000000,143790.0,144360.0,141820.0,141910.0,nan,143025.793,40863,5844462960.0,20973,143810.0,3,143780.0,6,143820.0,4,143770.0,1,143830.0,5,143760.0,10,143840.0,34,143750.0,31,143850.0,5,143740.0,2
1597988289633690112,1597988289500000000,2020-08-21 13:38:09.500000,143780.0,144360.0,141820.0,141910.0,nan,143025.811,40864,5844606740.0,20973,143810.0,3,143780.0,5,143820.0,4,143770.0,1,143830.0,5,143760.0,10,143840.0,34,143750.0,31,143850.0,5,143740.0,2
1597988290117805056,1597988290000000000,2020-08-21 13:38:10.000000,143780.0,144360.0,141820.0,141910.0,nan,143025.811,40864,5844606740.0,20973,143810.0,3,143780.0,5,143820.0,4,143770.0,1,143830.0,6,143760.0,10,143840.0,34,143750.0,32,143850.0,5,143740.0,2
1597988290604734976,1597988290500000000,2020-08-21 13:38:10.500000,143780.0,144360.0,141820.0,141910.0,nan,143025.811,40864,5844606740.0,20973,143810.0,3,143780.0,5,143820.0,4,143770.0,1,143830.0,6,143760.0,10,143840.0,29,143750.0,27,143850.0,5,143740.0,2
1597988291113431040,1597988291000000000,2020-08-21 13:38:11.000000,143780.0,144360.0,141820.0,141910.0,nan,143025.811,40864,5844606740.0,20973,143810.0,3,143780.0,5,143820.0,4,143770.0,1,143830.0,5,143760.0,10,143840.0,34,143750.0,31,143850.0,5,143740.0,2
1597988292613661952,1597988292500000000,2020-08-21 13:38:12.500000,143780.0,144360.0,141820.0,141910.0,nan,143025.811,40864,5844606740.0,20973,143810.0,3,143780.0,5,143820.0,4,143770.0,2,143830.0,6,143760.0,10,143840.0,34,143750.0,31,143850.0,5,143740.0,2
1597988293124347904,1597988293000000000,2020-08-21 13:38:13.000000,143780.0,144360.0,141820.0,141910.0,nan,143025.829,40865,5844750520.0,20973,143810.0,3,143780.0,4,143820.0,4,143770.0,1,143830.0,5,143760.0,10,143840.0,34,143750.0,31,143850.0,5,143740.0,2
1597988294126018048,1597988294000000000,2020-08-21 13:38:14.000000,143780.0,144360.0,141820.0,141910.0,nan,143025.829,40865,5844750520.0,20973,143810.0,3,143790.0,2,143820.0,4,143780.0,4,143830.0,5,143770.0,1,143840.0,34,143760.0,10,143850.0,5,143750.0,31
1597988294619021056,1597988294500000000,2020-08-21 13:38:14.500000,143780.0,144360.0,141820.0,141910.0,nan,143025.829,40865,5844750520.0,20973,143810.0,3,143790.0,2,143820.0,5,143780.0,4,143830.0,4,143760.0,10,143840.0,33,143750.0,31,143850.0,5,143740.0,2
1597988295136109056,1597988295000000000,2020-08-21 13:38:15.000000,143780.0,144360.0,141820.0,141910.0,nan,143025.829,40865,5844750520.0,20973,143810.0,3,143790.0,2,143820.0,5,143780.0,4,143830.0,5,143770.0,1,143840.0,33,143760.0,10,143850.0,5,143750.0,31
1597988295622329088,1597988295500000000,2020-08-21 13:38:15.500000,143780.0,144360.0,141820.0,141910.0,nan,143025.829,40865,5844750520.0,20973,143810.0,3,143790.0,2,143820.0,5,143780.0,3,143830.0,5,143770.0,1,143840.0,33,143760.0,10,143850.0,5,143750.0,31
1597988296126579968,1597988296000000000,2020-08-21 13:38:16.000000,143780.0,144360.0,141820.0,141910.0,nan,143025.829,40865,5844750520.0,20973,143810.0,3,143790.0,3,143820.0,5,143780.0,3,143830.0,6,143770.0,2,143840.0,33,143760.0,10,143850.0,5,143750.0,31
1597988296633239040,1597988296500000000,2020-08-21 13:38:16.500000,143810.0,144360.0,141820.0,141910.0,nan,143025.849,40866,5844894330.0,20973,143810.0,2,143790.0,3,143820.0,5,143780.0,4,143830.0,4,143770.0,2,143840.0,16,143760.0,25,143850.0,18,143750.0,9
1597988297135917056,1597988297000000000,2020-08-21 13:38:17.000000,143810.0,144360.0,141820.0,141910.0,nan,143025.849,40866,5844894330.0,20973,143810.0,2,143790.0,3,143820.0,4,143780.0,4,143830.0,4,143770.0,2,143840.0,13,143760.0,34,143850.0,27,143750.0,5
1597988298625452032,1597988298500000000,2020-08-21 13:38:18.500000,143810.0,144360.0,141820.0,141910.0,nan,143025.887,40868,5845181950.0,20972,143820.0,4,143790.0,3,143830.0,5,143780.0,4,143840.0,13,143770.0,3,143850.0,27,143760.0,34,143860.0,1,143750.0,5
1597988299130693120,1597988299000000000,2020-08-21 13:38:19.000000,143810.0,144360.0,141820.0,141910.0,nan,143025.887,40868,5845181950.0,20972,143820.0,1,143800.0,1,143830.0,3,143790.0,4,143840.0,13,143780.0,2,143850.0,23,143770.0,3,143860.0,1,143760.0,27
1597988299629405952,1597988299500000000,2020-08-21 13:38:19.500000,143810.0,144360.0,141820.0,141910.0,nan,143025.887,40868,5845181950.0,20972,143830.0,5,143800.0,1,143840.0,14,143790.0,5,143850.0,10,143780.0,4,143860.0,19,143770.0,24,143870.0,3,143760.0,10
1597988300137424896,1597988300000000000,2020-08-21 13:38:20.000000,143810.0,144360.0,141820.0,141910.0,nan,143025.887,40868,5845181950.0,20972,143830.0,4,143800.0,2,143840.0,16,143790.0,4,143850.0,6,143780.0,6,143860.0,18,143770.0,23,143870.0,6,143760.0,5
1597988300620196096,1597988300500000000,2020-08-21 13:38:20.500000,143810.0,144360.0,141820.0,141910.0,nan,143025.887,40868,5845181950.0,20972,143830.0,4,143800.0,2,143840.0,15,143790.0,5,143850.0,6,143780.0,10,143860.0,18,143770.0,22,143870.0,11,143760.0,5
1597988301503942912,1597988301000000000,2020-08-21 13:38:21.000000,143810.0,144360.0,141820.0,141910.0,nan,143025.887,40868,5845181950.0,20972,143830.0,4,143800.0,2,143840.0,16,143790.0,5,143850.0,6,143780.0,12,143860.0,18,143770.0,21,143870.0,11,143760.0,5
1597988301842819072,1597988301500000000,2020-08-21 13:38:21.500000,143810.0,144360.0,141820.0,141910.0,nan,143025.887,40868,5845181950.0,20972,143830.0,4,143800.0,2,143840.0,15,143790.0,5,143850.0,6,143780.0,10,143860.0,18,143770.0,21,143870.0,11,143760.0,5
1597988302639290880,1597988302500000000,2020-08-21 13:38:22.500000,143810.0,144360.0,141820.0,141910.0,nan,143025.887,40868,5845181950.0,20972,143830.0,4,143800.0,2,143840.0,10,143790.0,5,143850.0,6,143780.0,10,143860.0,18,143770.0,21,143870.0,11,143760.0,5
1597988303110029056,1597988303000000000,2020-08-21 13:38:23.000000,143810.0,144360.0,141820.0,141910.0,nan,143025.887,40868,5845181950.0,20972,143830.0,4,143800.0,2,143840.0,9,143790.0,5,143850.0,2,143780.0,10,143860.0,28,143770.0,31,143870.0,11,143740.0,2
1597988303801422080,1597988303500000000,2020-08-21 13:38:23.500000,143810.0,144360.0,141820.0,141910.0,nan,143025.887,40868,5845181950.0,20972,143830.0,4,143800.0,2,143840.0,8,143790.0,5,143850.0,2,143780.0,9,143860.0,28,143770.0,31,143870.0,11,143740.0,2
1597988304123078912,1597988304000000000,2020-08-21 13:38:24.000000,143810.0,144360.0,141820.0,141910.0,nan,143025.887,40868,5845181950.0,20972,143830.0,4,143800.0,2,143840.0,8,143790.0,5,143850.0,2,143780.0,10,143860.0,29,143770.0,31,143870.0,11,143740.0,2
1597988308631514880,1597988308500000000,2020-08-21 13:38:28.500000,143810.0,144360.0,141820.0,141910.0,nan,143025.887,40868,5845181950.0,20972,143830.0,4,143800.0,3,143840.0,8,143790.0,5,143850.0,2,143780.0,10,143860.0,24,143770.0,26,143870.0,11,143740.0,2
1597988309125620992,1597988309000000000,2020-08-21 13:38:29.000000,143810.0,144360.0,141820.0,141910.0,nan,143025.887,40868,5845181950.0,20972,143830.0,3,143800.0,3,143840.0,8,143790.0,4,143850.0,2,143780.0,10,143860.0,29,143770.0,31,143870.0,11,143740.0,2
1597988309811720960,1597988309500000000,2020-08-21 13:38:29.500000,143810.0,144360.0,141820.0,141910.0,nan,143025.887,40868,5845181950.0,20972,143830.0,2,143800.0,5,143840.0,10,143790.0,3,143850.0,2,143780.0,11,143860.0,28,143770.0,31,143870.0,11,143740.0,2
1597988310214757888,1597988310000000000,2020-08-21 13:38:30.000000,143810.0,144360.0,141820.0,141910.0,nan,143025.887,40868,5845181950.0,20972,143830.0,2,143800.0,5,143840.0,9,143790.0,4,143850.0,3,143780.0,10,143860.0,33,143770.0,36,143870.0,11,143740.0,2
1597988310621086976,1597988310500000000,2020-08-21 13:38:30.500000,143810.0,144360.0,141820.0,141910.0,nan,143025.887,40868,5845181950.0,20972,143830.0,2,143800.0,5,143840.0,9,143790.0,5,143850.0,4,143780.0,10,143860.0,33,143770.0,36,143870.0,11,143740.0,2
1597988311120988928,1597988311000000000,2020-08-21 13:38:31.000000,143810.0,144360.0,141820.0,141910.0,nan,143025.887,40868,5845181950.0,20972,143830.0,2,143810.0,2,143840.0,9,143800.0,5,143850.0,3,143790.0,5,143860.0,32,143780.0,8,143870.0,11,143770.0,36
1597988311614149888,1597988311500000000,2020-08-21 13:38:31.500000,143810.0,144360.0,141820.0,141910.0,nan,143025.887,40868,5845181950.0,20972,143830.0,2,143810.0,2,143840.0,9,143800.0,5,143850.0,1,143790.0,6,143860.0,21,143780.0,24,143870.0,24,143770.0,19
1597988312117972992,1597988312000000000,2020-08-21 13:38:32.000000,143810.0,144360.0,141820.0,141910.0,nan,143025.887,40868,5845181950.0,20972,143830.0,2,143810.0,2,143840.0,9,143800.0,5,143850.0,2,143790.0,6,143860.0,21,143780.0,24,143870.0,24,143770.0,19
1597988312631099904,1597988312500000000,2020-08-21 13:38:32.500000,143810.0,144360.0,141820.0,141910.0,nan,143025.887,40868,5845181950.0,20972,143830.0,2,143810.0,2,143840.0,9,143800.0,5,143850.0,4,143790.0,8,143860.0,21,143780.0,24,143870.0,24,143770.0,19
1597988313117335040,1597988313000000000,2020-08-21 13:38:33.000000,143810.0,144360.0,141820.0,141910.0,nan,143025.887,40868,5845181950.0,20972,143830.0,3,143810.0,2,143840.0,9,143800.0,5,143850.0,3,143790.0,7,143860.0,20,143780.0,23,143870.0,24,143770.0,19
1597988313615150080,1597988313500000000,2020-08-21 13:38:33.500000,143810.0,144360.0,141820.0,141910.0,nan,143025.887,40868,5845181950.0,20972,143830.0,3,143810.0,2,143840.0,10,143800.0,5,143850.0,3,143790.0,4,143860.0,32,143780.0,9,143870.0,11,143770.0,36
1597988316630405120,1597988316500000000,2020-08-21 13:38:36.500000,143810.0,144360.0,141820.0,141910.0,nan,143025.887,40868,5845181950.0,20972,143830.0,3,143810.0,2,143840.0,10,143800.0,5,143850.0,4,143790.0,5,143860.0,32,143780.0,9,143870.0,11,143770.0,36
1597988317126190080,1597988317000000000,2020-08-21 13:38:37.000000,143810.0,144360.0,141820.0,141910.0,nan,143025.887,40868,5845181950.0,20972,143830.0,3,143810.0,2,143840.0,10,143800.0,5,143850.0,3,143790.0,4,143860.0,32,143780.0,9,143870.0,11,143770.0,36
1597988317613428992,1597988317500000000,2020-08-21 13:38:37.500000,143810.0,144360.0,141820.0,141910.0,nan,143025.906,40869,5845325760.0,20972,143830.0,3,143810.0,1,143840.0,10,143800.0,5,143850.0,4,143790.0,5,143860.0,32,143780.0,9,143870.0,11,143770.0,36
1597988318162339072,1597988318000000000,2020-08-21 13:38:38.000000,143810.0,144360.0,141820.0,141910.0,nan,143025.925,40870,5845469570.0,20972,143830.0,3,143800.0,5,143840.0,10,143790.0,4,143850.0,3,143780.0,9,143860.0,32,143770.0,36,143870.0,11,143740.0,2
1597988318616360960,1597988318500000000,2020-08-21 13:38:38.500000,143810.0,144360.0,141820.0,141910.0,nan,143025.925,40870,5845469570.0,20972,143830.0,3,143800.0,5,143840.0,9,143790.0,4,143850.0,4,143780.0,9,143860.0,32,143770.0,36,143870.0,11,143740.0,2
1597988319112410112,1597988319000000000,2020-08-21 13:38:39.000000,143810.0,144360.0,141820.0,141910.0,nan,143025.925,40870,5845469570.0,20972,143830.0,3,143800.0,5,143840.0,9,143790.0,3,143850.0,4,143780.0,10,143860.0,32,143770.0,36,143870.0,11,143740.0,2
1597988320615610880,1597988320500000000,2020-08-21 13:38:40.500000,143810.0,144360.0,141820.0,141910.0,nan,143025.925,40870,5845469570.0,20972,143830.0,3,143810.0,1,143840.0,9,143800.0,5,143850.0,4,143790.0,3,143860.0,32,143780.0,10,143870.0,11,143770.0,36
1597988321122531072,1597988321000000000,2020-08-21 13:38:41.000000,143810.0,144360.0,141820.0,141910.0,nan,143025.925,40870,5845469570.0,20972,143830.0,3,143810.0,1,143840.0,10,143800.0,4,143850.0,2,143790.0,2,143860.0,32,143780.0,10,143870.0,11,143770.0,36
1597988321623369984,1597988321500000000,2020-08-21 13:38:41.500000,143810.0,144360.0,141820.0,141910.0,nan,143025.925,40870,5845469570.0,20972,143830.0,3,143810.0,2,143840.0,10,143800.0,4,143850.0,2,143790.0,2,143860.0,32,143780.0,10,143870.0,11,143770.0,36
1597988324122064896,1597988324000000000,2020-08-21 13:38:44.000000,143810.0,144360.0,141820.0,141910.0,nan,143025.925,40870,5845469570.0,20972,143830.0,3,143810.0,2,143840.0,10,143800.0,4,143850.0,4,143790.0,4,143860.0,32,143780.0,10,143870.0,11,143770.0,36
1597988324623301120,1597988324500000000,2020-08-21 13:38:44.500000,143810.0,144360.0,141820.0,141910.0,nan,143025.925,40870,5845469570.0,20972,143830.0,3,143810.0,2,143840.0,10,143800.0,4,143850.0,3,143790.0,4,143860.0,32,143780.0,9,143870.0,11,143770.0,36
1597988326650526976,1597988326500000000,2020-08-21 13:38:46.500000,143810.0,144360.0,141820.0,141910.0,nan,143025.925,40870,5845469570.0,20972,143830.0,3,143810.0,5,143840.0,10,143800.0,4,143850.0,3,143790.0,2,143860.0,27,143780.0,9,143870.0,11,143770.0,31
1597988327120262912,1597988327000000000,2020-08-21 13:38:47.000000,143830.0,144360.0,141820.0,141910.0,nan,143025.984,40873,5845901060.0,20971,143840.0,10,143810.0,5,143850.0,2,143800.0,5,143860.0,16,143790.0,3,143870.0,28,143780.0,28,143880.0,2,143770.0,15
1597988327627557120,1597988327500000000,2020-08-21 13:38:47.500000,143830.0,144360.0,141820.0,141910.0,nan,143025.984,40873,5845901060.0,20971,143840.0,9,143810.0,5,143850.0,1,143800.0,6,143860.0,18,143790.0,2,143870.0,23,143780.0,22,143880.0,2,143770.0,15
1597988328205339904,1597988328000000000,2020-08-21 13:38:48.000000,143830.0,144360.0,141820.0,141910.0,nan,143025.984,40873,5845901060.0,20971,143840.0,7,143810.0,5,143850.0,2,143800.0,5,143860.0,18,143790.0,8,143870.0,23,143780.0,22,143880.0,7,143770.0,15
1597988328632995072,1597988328500000000,2020-08-21 13:38:48.500000,143830.0,144360.0,141820.0,141910.0,nan,143025.984,40873,5845901060.0,20971,143840.0,7,143810.0,5,143850.0,2,143800.0,6,143860.0,20,143790.0,10,143870.0,23,143780.0,21,143880.0,7,143770.0,15
1597988329236846080,1597988329000000000,2020-08-21 13:38:49.000000,143830.0,144360.0,141820.0,141910.0,nan,143025.984,40873,5845901060.0,20971,143840.0,7,143820.0,1,143850.0,2,143810.0,5,143860.0,19,143800.0,5,143870.0,23,143790.0,10,143880.0,7,143780.0,21
1597988329623936000,1597988329500000000,2020-08-21 13:38:49.500000,143820.0,144360.0,141820.0,141910.0,nan,143026.004,40874,5846044880.0,20971,143840.0,6,143810.0,6,143850.0,3,143800.0,5,143860.0,19,143790.0,9,143870.0,23,143780.0,21,143880.0,7,143770.0,15
1597988330144803072,1597988330000000000,2020-08-21 13:38:50.000000,143820.0,144360.0,141820.0,141910.0,nan,143026.004,40874,5846044880.0,20971,143840.0,5,143810.0,7,143850.0,4,143800.0,3,143860.0,18,143790.0,9,143870.0,23,143780.0,21,143880.0,7,143770.0,15
1597988330646511104,1597988330500000000,2020-08-21 13:38:50.500000,143820.0,144360.0,141820.0,141910.0,nan,143026.004,40874,5846044880.0,20971,143840.0,5,143810.0,7,143850.0,3,143800.0,4,143860.0,15,143790.0,9,143870.0,28,143780.0,26,143880.0,7,143770.0,10
1597988331129398016,1597988331000000000,2020-08-21 13:38:51.000000,143820.0,144360.0,141820.0,141910.0,nan,143026.004,40874,5846044880.0,20971,143840.0,5,143810.0,7,143850.0,3,143800.0,5,143860.0,16,143790.0,9,143870.0,28,143780.0,26,143880.0,7,143770.0,10
1597988331643633920,1597988331500000000,2020-08-21 13:38:51.500000,143820.0,144360.0,141820.0,141910.0,nan,143026.004,40874,5846044880.0,20971,143840.0,5,143810.0,7,143850.0,3,143800.0,4,143860.0,15,143790.0,9,143870.0,28,143780.0,26,143880.0,7,143770.0,10
1597988332688659968,1597988332500000000,2020-08-21 13:38:52.500000,143810.0,144360.0,141820.0,141910.0,nan,143026.023,40875,5846188690.0,20970,143840.0,5,143810.0,6,143850.0,3,143800.0,4,143860.0,10,143790.0,9,143870.0,28,143780.0,26,143880.0,7,143770.0,5
1597988333139464960,1597988333000000000,2020-08-21 13:38:53.000000,143810.0,144360.0,141820.0,141910.0,nan,143026.023,40875,5846188690.0,20970,143840.0,5,143810.0,6,143850.0,3,143800.0,6,143860.0,12,143790.0,9,143870.0,33,143780.0,31,143880.0,7,143770.0,5
1597988333668377088,1597988333500000000,2020-08-21 13:38:53.500000,143810.0,144360.0,141820.0,141910.0,nan,143026.023,40875,5846188690.0,20970,143840.0,6,143810.0,6,143850.0,3,143800.0,5,143860.0,10,143790.0,9,143870.0,38,143780.0,36,143880.0,7,143770.0,5
1597988334144312064,1597988334000000000,2020-08-21 13:38:54.000000,143840.0,144360.0,141820.0,141910.0,nan,143026.043,40876,5846332530.0,20971,143840.0,6,143810.0,5,143850.0,3,143800.0,5,143860.0,9,143790.0,10,143870.0,37,143780.0,31,143880.0,7,143770.0,5
1597988334638853120,1597988334500000000,2020-08-21 13:38:54.500000,143840.0,144360.0,141820.0,141910.0,nan,143026.043,40876,5846332530.0,20971,143840.0,6,143810.0,5,143850.0,3,143800.0,5,143860.0,9,143790.0,10,143870.0,39,143780.0,36,143880.0,7,143770.0,5
1597988335125120000,1597988335000000000,2020-08-21 13:38:55.000000,143840.0,144360.0,141820.0,141910.0,nan,143026.043,40876,5846332530.0,20971,143840.0,7,143810.0,4,143850.0,2,143800.0,8,143860.0,11,143790.0,10,143870.0,39,143780.0,36,143880.0,7,143770.0,5
1597988335641424896,1597988335500000000,2020-08-21 13:38:55.500000,143840.0,144360.0,141820.0,141910.0,nan,143026.043,40876,5846332530.0,20971,143840.0,7,143810.0,4,143850.0,3,143800.0,6,143860.0,9,143790.0,11,143870.0,43,143780.0,40,143880.0,7,143770.0,5
1597988336144609024,1597988336000000000,2020-08-21 13:38:56.000000,143840.0,144360.0,141820.0,141910.0,nan,143026.043,40876,5846332530.0,20971,143840.0,7,143810.0,4,143850.0,4,143800.0,7,143860.0,9,143790.0,11,143870.0,43,143780.0,40,143880.0,7,143770.0,5
1597988336611940096,1597988336500000000,2020-08-21 13:38:56.500000,143840.0,144360.0,141820.0,141910.0,nan,143026.043,40876,5846332530.0,20971,143840.0,7,143810.0,4,143850.0,4,143800.0,6,143860.0,8,143790.0,11,143870.0,43,143780.0,40,143880.0,7,143770.0,5
1597988338135481088,1597988338000000000,2020-08-21 13:38:58.000000,143840.0,144360.0,141820.0,141910.0,nan,143026.043,40876,5846332530.0,20971,143840.0,7,143810.0,4,143850.0,4,143800.0,6,143860.0,8,143790.0,11,143870.0,43,143780.0,40,143880.0,6,143770.0,5
1597988338628987904,1597988338500000000,2020-08-21 13:38:58.500000,143810.0,144360.0,141820.0,141910.0,nan,143026.12,40880,5846907770.0,20972,143840.0,7,143800.0,6,143850.0,5,143790.0,12,143860.0,8,143780.0,35,143870.0,38,143770.0,5,143880.0,6,143740.0,2
1597988339208253952,1597988339000000000,2020-08-21 13:38:59.000000,143810.0,144360.0,141820.0,141910.0,nan,143026.12,40880,5846907770.0,20972,143830.0,1,143800.0,5,143840.0,7,143790.0,5,143850.0,4,143780.0,11,143860.0,34,143770.0,35,143870.0,16,143740.0,2
1597988339634404096,1597988339500000000,2020-08-21 13:38:59.500000,143810.0,144360.0,141820.0,141910.0,nan,143026.12,40880,5846907770.0,20972,143830.0,1,143800.0,4,143840.0,7,143790.0,1,143850.0,2,143780.0,8,143860.0,34,143770.0,36,143870.0,11,143740.0,2
1597988340132713984,1597988340000000000,2020-08-21 13:39:00.000000,143810.0,144360.0,141820.0,141910.0,nan,143026.12,40880,5846907770.0,20972,143830.0,1,143800.0,5,143840.0,7,143790.0,1,143850.0,4,143780.0,9,143860.0,33,143770.0,36,143870.0,11,143740.0,2
1597988341137382912,1597988341000000000,2020-08-21 13:39:01.000000,143810.0,144360.0,141820.0,141910.0,nan,143026.12,40880,5846907770.0,20972,143830.0,1,143810.0,1,143840.0,7,143800.0,5,143850.0,4,143790.0,1,143860.0,33,143780.0,9,143870.0,11,143770.0,36
1597988341652791040,1597988341500000000,2020-08-21 13:39:01.500000,143810.0,144360.0,141820.0,141910.0,nan,143026.12,40880,5846907770.0,20972,143840.0,7,143810.0,1,143850.0,2,143800.0,5,143860.0,21,143790.0,3,143870.0,25,143780.0,25,143880.0,1,143770.0,19
1597988342160613120,1597988342000000000,2020-08-21 13:39:02.000000,143810.0,144360.0,141820.0,141910.0,nan,143026.12,40880,5846907770.0,20972,143840.0,7,143810.0,1,143850.0,1,143800.0,5,143860.0,18,143790.0,3,143870.0,29,143780.0,29,143880.0,1,143770.0,15
1597988342710023936,1597988342500000000,2020-08-21 13:39:02.500000,143810.0,144360.0,141820.0,141910.0,nan,143026.12,40880,5846907770.0,20972,143840.0,7,143810.0,1,143850.0,2,143800.0,5,143860.0,18,143790.0,4,143870.0,29,143780.0,29,143880.0,1,143770.0,15
1597988343135394048,1597988343000000000,2020-08-21 13:39:03.000000,143810.0,144360.0,141820.0,141910.0,nan,143026.12,40880,5846907770.0,20972,143840.0,7,143810.0,1,143850.0,1,143800.0,5,143860.0,18,143790.0,4,143870.0,29,143780.0,28,143880.0,1,143770.0,15
1597988343634725120,1597988343500000000,2020-08-21 13:39:03.500000,143840.0,144360.0,141820.0,141910.0,nan,143026.14,40881,5847051610.0,20973,143840.0,6,143810.0,1,143850.0,2,143800.0,5,143860.0,18,143790.0,5,143870.0,30,143780.0,28,143880.0,1,143770.0,15
1597988344134247936,1597988344000000000,2020-08-21 13:39:04.000000,143840.0,144360.0,141820.0,141910.0,nan,143026.14,40881,5847051610.0,20973,143840.0,6,143830.0,2,143850.0,1,143810.0,1,143860.0,18,143800.0,5,143870.0,30,143790.0,4,143880.0,1,143780.0,28
1597988344616500992,1597988344500000000,2020-08-21 13:39:04.500000,143810.0,144360.0,141820.0,141910.0,nan,143026.295,40889,5848202160.0,20978,143820.0,1,143800.0,4,143840.0,2,143790.0,11,143850.0,1,143780.0,6,143860.0,13,143770.0,10,143870.0,11,143740.0,1
1597988345136960000,1597988345000000000,2020-08-21 13:39:05.000000,143810.0,144360.0,141820.0,141910.0,nan,143026.295,40889,5848202160.0,20978,143820.0,1,143810.0,1,143830.0,1,143800.0,3,143840.0,2,143790.0,2,143850.0,5,143780.0,6,143860.0,10,143770.0,10
1597988345636943104,1597988345500000000,2020-08-21 13:39:05.500000,143820.0,144360.0,141820.0,141910.0,nan,143026.314,40890,5848345980.0,20977,143840.0,4,143810.0,1,143850.0,6,143800.0,4,143860.0,19,143790.0,2,143870.0,11,143780.0,8,143880.0,1,143770.0,18
1597988346151475968,1597988346000000000,2020-08-21 13:39:06.000000,143820.0,144360.0,141820.0,141910.0,nan,143026.314,40890,5848345980.0,20977,143840.0,5,143810.0,2,143850.0,7,143800.0,4,143860.0,12,143790.0,3,143870.0,27,143780.0,25,143880.0,1,143770.0,10
1597988346644131072,1597988346500000000,2020-08-21 13:39:06.500000,143820.0,144360.0,141820.0,141910.0,nan,143026.314,40890,5848345980.0,20977,143840.0,6,143810.0,1,143850.0,6,143800.0,5,143860.0,7,143790.0,3,143870.0,32,143780.0,29,143880.0,1,143770.0,5
1597988347358697984,1597988347000000000,2020-08-21 13:39:07.000000,143820.0,144360.0,141820.0,141910.0,nan,143026.314,40890,5848345980.0,20977,143840.0,6,143810.0,1,143850.0,6,143800.0,5,143860.0,7,143790.0,4,143870.0,32,143780.0,29,143880.0,1,143770.0,5
1597988347643004928,1597988347500000000,2020-08-21 13:39:07.500000,143820.0,144360.0,141820.0,141910.0,nan,143026.314,40890,5848345980.0,20977,143840.0,6,143810.0,1,143850.0,6,143800.0,5,143860.0,7,143790.0,5,143870.0,32,143780.0,28,143880.0,1,143770.0,5
1597988348118784000,1597988348000000000,2020-08-21 13:39:08.000000,143820.0,144360.0,141820.0,141910.0,nan,143026.314,40890,5848345980.0,20977,143840.0,6,143810.0,4,143850.0,7,143800.0,5,143860.0,7,143790.0,6,143870.0,36,143780.0,32,143880.0,1,143770.0,5
1597988348632015872,1597988348500000000,2020-08-21 13:39:08.500000,143820.0,144360.0,141820.0,141910.0,nan,143026.314,40890,5848345980.0,20977,143840.0,5,143810.0,4,143850.0,7,143800.0,5,143860.0,7,143790.0,7,143870.0,36,143780.0,31,143880.0,1,143770.0,5
1597988349152347904,1597988349000000000,2020-08-21 13:39:09.000000,143820.0,144360.0,141820.0,141910.0,nan,143026.314,40890,5848345980.0,20977,143840.0,4,143810.0,5,143850.0,9,143800.0,4,143860.0,7,143790.0,7,143870.0,36,143780.0,31,143880.0,1,143770.0,5
1597988349620366080,1597988349500000000,2020-08-21 13:39:09.500000,143820.0,144360.0,141820.0,141910.0,nan,143026.314,40890,5848345980.0,20977,143840.0,3,143810.0,6,143850.0,9,143800.0,4,143860.0,8,143790.0,6,143870.0,36,143780.0,31,143880.0,1,143770.0,5
1597988350111244032,1597988350000000000,2020-08-21 13:39:10.000000,143820.0,144360.0,141820.0,141910.0,nan,143026.314,40890,5848345980.0,20977,143840.0,3,143810.0,6,143850.0,9,143800.0,5,143860.0,8,143790.0,5,143870.0,36,143780.0,31,143880.0,1,143770.0,5
1597988350655041024,1597988350500000000,2020-08-21 13:39:10.500000,143820.0,144360.0,141820.0,141910.0,nan,143026.314,40890,5848345980.0,20977,143840.0,3,143810.0,6,143850.0,4,143800.0,5,143860.0,8,143790.0,5,143870.0,36,143780.0,31,143880.0,1,143770.0,5
1597988351141637120,1597988351000000000,2020-08-21 13:39:11.000000,143820.0,144360.0,141820.0,141910.0,nan,143026.314,40890,5848345980.0,20977,143840.0,3,143810.0,6,143850.0,3,143800.0,6,143860.0,10,143790.0,5,143870.0,41,143780.0,36,143880.0,1,143770.0,5
1597988351750465024,1597988351500000000,2020-08-21 13:39:11.500000,143820.0,144360.0,141820.0,141910.0,nan,143026.314,40890,5848345980.0,20977,143840.0,4,143810.0,6,143850.0,3,143800.0,6,143860.0,9,143790.0,5,143870.0,46,143780.0,41,143880.0,1,143770.0,5
1597988352122265088,1597988352000000000,2020-08-21 13:39:12.000000,143820.0,144360.0,141820.0,141910.0,nan,143026.314,40890,5848345980.0,20977,143840.0,4,143810.0,6,143850.0,3,143800.0,7,143860.0,9,143790.0,5,143870.0,46,143780.0,41,143880.0,1,143770.0,5
1597988352681155072,1597988352500000000,2020-08-21 13:39:12.500000,143820.0,144360.0,141820.0,141910.0,nan,143026.314,40890,5848345980.0,20977,143840.0,4,143810.0,6,143850.0,3,143800.0,8,143860.0,10,143790.0,5,143870.0,50,143780.0,45,143880.0,1,143770.0,5
1597988353628635904,1597988353500000000,2020-08-21 13:39:13.500000,143820.0,144360.0,141820.0,141910.0,nan,143026.314,40890,5848345980.0,20977,143840.0,4,143820.0,1,143850.0,3,143810.0,6,143860.0,11,143800.0,9,143870.0,50,143790.0,5,143880.0,1,143780.0,45
1597988354126063104,1597988354000000000,2020-08-21 13:39:14.000000,143820.0,144360.0,141820.0,141910.0,nan,143026.314,40890,5848345980.0,20977,143840.0,2,143830.0,1,143850.0,6,143820.0,1,143860.0,8,143810.0,7,143870.0,45,143800.0,6,143880.0,1,143790.0,4
1597988354631394048,1597988354500000000,2020-08-21 13:39:14.500000,143820.0,144360.0,141820.0,141910.0,nan,143026.314,40890,5848345980.0,20977,143840.0,2,143830.0,1,143850.0,2,143820.0,2,143860.0,10,143810.0,5,143870.0,17,143800.0,13,143880.0,13,143790.0,13
1597988355109696000,1597988355000000000,2020-08-21 13:39:15.000000,143840.0,144360.0,141820.0,141910.0,nan,143026.354,40892,5848633660.0,20977,143850.0,2,143830.0,1,143860.0,10,143820.0,2,143870.0,19,143810.0,6,143880.0,22,143800.0,14,143890.0,8,143790.0,22
1597988355627000064,1597988355500000000,2020-08-21 13:39:15.500000,143840.0,144360.0,141820.0,141910.0,nan,143026.354,40892,5848633660.0,20977,143860.0,3,143830.0,1,143870.0,19,143820.0,3,143880.0,22,143810.0,4,143890.0,7,143800.0,12,143900.0,3,143790.0,22
1597988356120410112,1597988356000000000,2020-08-21 13:39:16.000000,143830.0,144360.0,141820.0,141910.0,nan,143026.373,40893,5848777490.0,20978,143860.0,2,143840.0,1,143870.0,15,143830.0,1,143880.0,7,143820.0,2,143890.0,28,143810.0,7,143900.0,3,143800.0,31
1597988356626725120,1597988356500000000,2020-08-21 13:39:16.500000,143840.0,144360.0,141820.0,141910.0,nan,143026.413,40895,5849065170.0,20978,143870.0,15,143830.0,2,143880.0,3,143820.0,2,143890.0,33,143810.0,11,143900.0,8,143800.0,36,143920.0,2,143790.0,1
1597988357126948096,1597988357000000000,2020-08-21 13:39:17.000000,143840.0,144360.0,141820.0,141910.0,nan,143026.413,40895,5849065170.0,20978,143860.0,1,143830.0,2,143870.0,12,143820.0,1,143880.0,4,143810.0,15,143890.0,43,143800.0,45,143900.0,8,143790.0,1
1597988357608854016,1597988357500000000,2020-08-21 13:39:17.500000,143840.0,144360.0,141820.0,141910.0,nan,143026.413,40895,5849065170.0,20978,143860.0,2,143830.0,2,143870.0,10,143820.0,2,143880.0,5,143810.0,14,143890.0,44,143800.0,45,143900.0,8,143790.0,1
1597988358128828928,1597988358000000000,2020-08-21 13:39:18.000000,143840.0,144360.0,141820.0,141910.0,nan,143026.413,40895,5849065170.0,20978,143860.0,2,143830.0,2,143870.0,10,143820.0,3,143880.0,6,143810.0,13,143890.0,43,143800.0,45,143900.0,8,143790.0,1
1597988358627963904,1597988358500000000,2020-08-21 13:39:18.500000,143840.0,144360.0,141820.0,141910.0,nan,143026.413,40895,5849065170.0,20978,143860.0,2,143830.0,2,143870.0,11,143820.0,4,143880.0,7,143810.0,14,143890.0,47,143800.0,49,143900.0,8,143790.0,1
1597988359123734016,1597988359000000000,2020-08-21 13:39:19.000000,143840.0,144360.0,141820.0,141910.0,nan,143026.413,40895,5849065170.0,20978,143860.0,2,143830.0,2,143870.0,10,143820.0,4,143880.0,7,143810.0,13,143890.0,47,143800.0,49,143900.0,8,143790.0,1
1597988360121895936,1597988360000000000,2020-08-21 13:39:20.000000,143840.0,144360.0,141820.0,141910.0,nan,143026.413,40895,5849065170.0,20978,143860.0,2,143830.0,2,143870.0,10,143820.0,3,143880.0,7,143810.0,13,143890.0,47,143800.0,49,143900.0,8,143790.0,1
1597988360616124928,1597988360500000000,2020-08-21 13:39:20.500000,143840.0,144360.0,141820.0,141910.0,nan,143026.413,40895,5849065170.0,20978,143860.0,2,143840.0,1,143870.0,10,143830.0,2,143880.0,6,143820.0,3,143890.0,47,143810.0,13,143900.0,8,143800.0,49
1597988361126103040,1597988361000000000,2020-08-21 13:39:21.000000,143840.0,144360.0,141820.0,141910.0,nan,143026.413,40895,5849065170.0,20978,143860.0,1,143840.0,1,143870.0,12,143830.0,4,143880.0,4,143820.0,2,143890.0,47,143810.0,12,143900.0,8,143800.0,48
1597988361621437952,1597988361500000000,2020-08-21 13:39:21.500000,143840.0,144360.0,141820.0,141910.0,nan,143026.413,40895,5849065170.0,20978,143860.0,1,143840.0,1,143870.0,12,143830.0,4,143880.0,4,143820.0,4,143890.0,27,143810.0,32,143900.0,29,143800.0,27
1597988362124716032,1597988362000000000,2020-08-21 13:39:22.000000,143840.0,144360.0,141820.0,141910.0,nan,143026.413,40895,5849065170.0,20978,143860.0,1,143840.0,1,143870.0,11,143830.0,3,143880.0,4,143820.0,4,143890.0,22,143810.0,32,143900.0,29,143800.0,22
1597988362665625088,1597988362500000000,2020-08-21 13:39:22.500000,143840.0,144360.0,141820.0,141910.0,nan,143026.413,40895,5849065170.0,20978,143860.0,1,143840.0,1,143870.0,11,143830.0,3,143880.0,5,143820.0,5,143890.0,17,143810.0,32,143900.0,29,143800.0,17
1597988363137696000,1597988363000000000,2020-08-21 13:39:23.000000,143840.0,144360.0,141820.0,141910.0,nan,143026.413,40895,5849065170.0,20978,143860.0,1,143840.0,1,143870.0,10,143830.0,2,143880.0,4,143820.0,4,143890.0,22,143810.0,28,143900.0,25,143800.0,22
1597988363625185024,1597988363500000000,2020-08-21 13:39:23.500000,143840.0,144360.0,141820.0,141910.0,nan,143026.413,40895,5849065170.0,20978,143860.0,1,143850.0,3,143870.0,10,143840.0,1,143880.0,5,143830.0,2,143890.0,22,143820.0,5,143900.0,25,143810.0,28
1597988364129780992,1597988364000000000,2020-08-21 13:39:24.000000,143850.0,144360.0,141820.0,141910.0,nan,143026.474,40898,5849496720.0,20980,143870.0,6,143840.0,4,143880.0,5,143820.0,3,143890.0,13,143810.0,30,143900.0,29,143800.0,13,143920.0,1,143790.0,1
1597988364633050112,1597988364500000000,2020-08-21 13:39:24.500000,143850.0,144360.0,141820.0,141910.0,nan,143026.474,40898,5849496720.0,20980,143870.0,10,143850.0,2,143880.0,4,143840.0,1,143890.0,14,143830.0,2,143900.0,29,143820.0,4,143920.0,1,143810.0,31
1597988365130789120,1597988365000000000,2020-08-21 13:39:25.000000,143840.0,144360.0,141820.0,141910.0,nan,143026.574,40903,5850215940.0,20984,143840.0,4,143830.0,2,143870.0,9,143820.0,8,143880.0,4,143810.0,17,143890.0,18,143800.0,18,143900.0,16,143790.0,1
1597988365626631936,1597988365500000000,2020-08-21 13:39:25.500000,143840.0,144360.0,141820.0,141910.0,nan,143026.653,40907,5850791300.0,20986,143860.0,1,143830.0,2,143870.0,9,143820.0,8,143880.0,12,143810.0,4,143890.0,17,143800.0,18,143900.0,3,143790.0,10
1597988366180068096,1597988366000000000,2020-08-21 13:39:26.000000,143840.0,144360.0,141820.0,141910.0,nan,143026.653,40907,5850791300.0,20986,143870.0,12,143830.0,4,143880.0,4,143820.0,7,143890.0,34,143810.0,5,143900.0,3,143800.0,36,143910.0,5,143790.0,1
1597988366637990912,1597988366500000000,2020-08-21 13:39:26.500000,143840.0,144360.0,141820.0,141910.0,nan,143026.653,40907,5850791300.0,20986,143870.0,13,143830.0,4,143880.0,4,143820.0,9,143890.0,38,143810.0,6,143900.0,3,143800.0,40,143910.0,5,143790.0,1
1597988367167678976,1597988367000000000,2020-08-21 13:39:27.000000,143840.0,144360.0,141820.0,141910.0,nan,143026.653,40907,5850791300.0,20986,143870.0,13,143830.0,5,143880.0,4,143820.0,8,143890.0,38,143810.0,6,143900.0,3,143800.0,40,143910.0,5,143790.0,1
1597988367649267968,1597988367500000000,2020-08-21 13:39:27.500000,143840.0,144360.0,141820.0,141910.0,nan,143026.653,40907,5850791300.0,20986,143870.0,13,143830.0,5,143880.0,5,143820.0,9,143890.0,42,143810.0,6,143900.0,3,143800.0,44,143910.0,5,143790.0,1
1597988368124379904,1597988368000000000,2020-08-21 13:39:28.000000,143840.0,144360.0,141820.0,141910.0,nan,143026.653,40907,5850791300.0,20986,143860.0,2,143840.0,1,143870.0,13,143830.0,5,143880.0,5,143820.0,9,143890.0,42,143810.0,6,143900.0,3,143800.0,44
1597988368615906048,1597988368500000000,2020-08-21 13:39:28.500000,143840.0,144360.0,141820.0,141910.0,nan,143026.653,40907,5850791300.0,20986,143860.0,2,143840.0,1,143870.0,15,143830.0,6,143880.0,3,143820.0,9,143890.0,42,143810.0,5,143900.0,3,143800.0,44
1597988371128045056,1597988371000000000,2020-08-21 13:39:31.000000,143840.0,144360.0,141820.0,141910.0,nan,143026.673,40908,5850935140.0,20987,143860.0,2,143830.0,6,143870.0,15,143820.0,10,143880.0,4,143810.0,5,143890.0,46,143800.0,48,143900.0,3,143790.0,1
1597988371632188928,1597988371500000000,2020-08-21 13:39:31.500000,143840.0,144360.0,141820.0,141910.0,nan,143026.673,40908,5850935140.0,20987,143860.0,3,143840.0,1,143870.0,13,143830.0,3,143880.0,5,143820.0,8,143890.0,46,143810.0,5,143900.0,3,143800.0,48
1597988372126778880,1597988372000000000,2020-08-21 13:39:32.000000,143840.0,144360.0,141820.0,141910.0,nan,143026.693,40909,5851078980.0,20988,143860.0,2,143830.0,5,143870.0,14,143820.0,4,143880.0,2,143810.0,12,143890.0,46,143800.0,48,143900.0,8,143790.0,1
1597988372632870912,1597988372500000000,2020-08-21 13:39:32.500000,143840.0,144360.0,141820.0,141910.0,nan,143026.693,40909,5851078980.0,20988,143860.0,3,143830.0,3,143870.0,10,143820.0,5,143880.0,4,143810.0,12,143890.0,46,143800.0,48,143900.0,8,143790.0,1
1597988373130458112,1597988373000000000,2020-08-21 13:39:33.000000,143840.0,144360.0,141820.0,141910.0,nan,143026.693,40909,5851078980.0,20988,143860.0,5,143830.0,3,143870.0,10,143820.0,4,143880.0,5,143810.0,14,143890.0,46,143800.0,48,143900.0,8,143790.0,1
1597988373626385920,1597988373500000000,2020-08-21 13:39:33.500000,143840.0,144360.0,141820.0,141910.0,nan,143026.693,40909,5851078980.0,20988,143860.0,7,143830.0,1,143870.0,11,143820.0,5,143880.0,2,143810.0,15,143890.0,46,143800.0,48,143900.0,8,143790.0,1
1597988374132179968,1597988374000000000,2020-08-21 13:39:34.000000,143830.0,144360.0,141820.0,141910.0,nan,143026.713,40910,5851222810.0,20989,143850.0,1,143820.0,5,143860.0,7,143810.0,15,143870.0,10,143800.0,48,143880.0,2,143790.0,1,143890.0,46,143760.0,1
1597988374672896000,1597988374500000000,2020-08-21 13:39:34.500000,143820.0,144360.0,141820.0,141910.0,nan,143026.829,40916,5852085740.0,20991,143820.0,1,143810.0,9,143850.0,2,143800.0,18,143860.0,4,143790.0,14,143870.0,10,143760.0,1,143880.0,14,143750.0,1
1597988375128428032,1597988375000000000,2020-08-21 13:39:35.000000,143800.0,144360.0,141820.0,141910.0,nan,143027.02,40926,5853523810.0,20993,143820.0,1,143790.0,1,143840.0,1,143780.0,6,143850.0,1,143770.0,10,143860.0,14,143760.0,1,143870.0,11,143750.0,2
1597988375642612992,1597988375500000000,2020-08-21 13:39:35.500000,143810.0,144360.0,141820.0,141910.0,nan,143027.039,40927,5853667620.0,20993,143820.0,1,143790.0,2,143830.0,1,143780.0,5,143840.0,1,143770.0,7,143850.0,20,143760.0,18,143860.0,9,143750.0,2
1597988376123196928,1597988376000000000,2020-08-21 13:39:36.000000,143810.0,144360.0,141820.0,141910.0,nan,143027.039,40927,5853667620.0,20993,143820.0,1,143790.0,3,143830.0,3,143770.0,7,143840.0,2,143760.0,22,143850.0,23,143750.0,2,143860.0,9,143740.0,1
1597988376636848128,1597988376500000000,2020-08-21 13:39:36.500000,143810.0,144360.0,141820.0,141910.0,nan,143027.039,40927,5853667620.0,20993,143820.0,1,143790.0,3,143830.0,3,143770.0,7,143840.0,2,143760.0,28,143850.0,28,143750.0,2,143860.0,9,143740.0,1
1597988377126286080,1597988377000000000,2020-08-21 13:39:37.000000,143810.0,144360.0,141820.0,141910.0,nan,143027.039,40927,5853667620.0,20993,143820.0,1,143790.0,3,143830.0,3,143780.0,1,143840.0,3,143770.0,7,143850.0,28,143760.0,28,143860.0,9,143750.0,1
1597988377639149056,1597988377500000000,2020-08-21 13:39:37.500000,143810.0,144360.0,141820.0,141910.0,nan,143027.039,40927,5853667620.0,20993,143820.0,1,143790.0,3,143830.0,3,143770.0,7,143840.0,1,143760.0,27,143850.0,28,143750.0,1,143860.0,9,143740.0,1
1597988378137676032,1597988378000000000,2020-08-21 13:39:38.000000,143810.0,144360.0,141820.0,141910.0,nan,143027.039,40927,5853667620.0,20993,143820.0,1,143790.0,3,143830.0,3,143770.0,8,143840.0,2,143760.0,33,143850.0,34,143750.0,1,143860.0,9,143740.0,1
1597988379113925888,1597988379000000000,2020-08-21 13:39:39.000000,143810.0,144360.0,141820.0,141910.0,nan,143027.039,40927,5853667620.0,20993,143820.0,1,143790.0,3,143830.0,3,143780.0,1,143840.0,3,143770.0,8,143850.0,34,143760.0,33,143860.0,9,143750.0,1
1597988379617181952,1597988379500000000,2020-08-21 13:39:39.500000,143810.0,144360.0,141820.0,141910.0,nan,143027.039,40927,5853667620.0,20993,143820.0,1,143790.0,3,143830.0,3,143770.0,8,143840.0,1,143760.0,32,143850.0,34,143750.0,1,143860.0,9,143740.0,1
1597988380126372096,1597988380000000000,2020-08-21 13:39:40.000000,143810.0,144360.0,141820.0,141910.0,nan,143027.039,40927,5853667620.0,20993,143820.0,1,143790.0,3,143830.0,3,143780.0,1,143840.0,3,143770.0,8,143850.0,38,143760.0,37,143860.0,9,143750.0,1
1597988380650426880,1597988380500000000,2020-08-21 13:39:40.500000,143810.0,144360.0,141820.0,141910.0,nan,143027.039,40927,5853667620.0,20993,143820.0,1,143790.0,3,143830.0,3,143780.0,1,143840.0,2,143770.0,3,143850.0,38,143760.0,36,143860.0,4,143750.0,1
1597988381143394048,1597988381000000000,2020-08-21 13:39:41.000000,143810.0,144360.0,141820.0,141910.0,nan,143027.039,40927,5853667620.0,20993,143820.0,1,143790.0,3,143830.0,3,143780.0,1,143840.0,3,143770.0,3,143850.0,43,143760.0,42,143860.0,4,143750.0,1
1597988383619096064,1597988383500000000,2020-08-21 13:39:43.500000,143820.0,144360.0,141820.0,141910.0,nan,143027.058,40928,5853811440.0,20992,143830.0,3,143790.0,3,143840.0,3,143780.0,1,143850.0,43,143770.0,3,143860.0,4,143760.0,42,143870.0,5,143750.0,1
1597988384125800960,1597988384000000000,2020-08-21 13:39:44.000000,143820.0,144360.0,141820.0,141910.0,nan,143027.058,40928,5853811440.0,20992,143830.0,2,143790.0,2,143840.0,2,143780.0,3,143850.0,27,143770.0,18,143860.0,21,143760.0,25,143870.0,5,143750.0,1
1597988384616441088,1597988384500000000,2020-08-21 13:39:44.500000,143820.0,144360.0,141820.0,141910.0,nan,143027.058,40928,5853811440.0,20992,143830.0,2,143790.0,2,143840.0,1,143780.0,2,143850.0,30,143770.0,22,143860.0,21,143760.0,24,143870.0,5,143750.0,1
1597988385610599936,1597988385500000000,2020-08-21 13:39:45.500000,143820.0,144360.0,141820.0,141910.0,nan,143027.058,40928,5853811440.0,20992,143830.0,2,143790.0,2,143840.0,2,143780.0,3,143850.0,30,143770.0,22,143860.0,21,143760.0,24,143870.0,5,143750.0,1
1597988386144208896,1597988386000000000,2020-08-21 13:39:46.000000,143820.0,144360.0,141820.0,141910.0,nan,143027.058,40928,5853811440.0,20992,143830.0,2,143790.0,2,143840.0,1,143780.0,2,143850.0,30,143770.0,22,143860.0,21,143760.0,24,143870.0,5,143750.0,1
1597988386621878016,1597988386500000000,2020-08-21 13:39:46.500000,143820.0,144360.0,141820.0,141910.0,nan,143027.058,40928,5853811440.0,20992,143830.0,2,143790.0,2,143840.0,1,143780.0,2,143850.0,25,143770.0,22,143860.0,21,143760.0,19,143870.0,5,143750.0,1
1597988392117604096,1597988392000000000,2020-08-21 13:39:52.000000,143820.0,144360.0,141820.0,141910.0,nan,143027.058,40928,5853811440.0,20992,143830.0,2,143800.0,1,143840.0,1,143790.0,2,143850.0,25,143780.0,2,143860.0,21,143770.0,22,143870.0,5,143760.0,19
1597988392614113024,1597988392500000000,2020-08-21 13:39:52.500000,143840.0,144360.0,141820.0,141910.0,nan,143027.137,40932,5854386770.0,20990,143850.0,14,143840.0,1,143860.0,18,143830.0,1,143870.0,5,143800.0,1,143880.0,1,143790.0,1,143900.0,2,143770.0,17
1597988393159685888,1597988393000000000,2020-08-21 13:39:53.000000,143840.0,144360.0,141820.0,141910.0,nan,143027.157,40933,5854530610.0,20990,143840.0,1,143830.0,1,143850.0,1,143820.0,1,143860.0,10,143800.0,11,143870.0,2,143790.0,1,143880.0,1,143770.0,6
1597988393608251904,1597988393500000000,2020-08-21 13:39:53.500000,143830.0,144360.0,141820.0,141910.0,nan,143027.176,40934,5854674440.0,20990,143860.0,5,143820.0,1,143870.0,4,143810.0,1,143880.0,19,143800.0,7,143890.0,5,143790.0,19,143900.0,2,143750.0,1
1597988394113552896,1597988394000000000,2020-08-21 13:39:54.000000,143830.0,144360.0,141820.0,141910.0,nan,143027.176,40934,5854674440.0,20990,143850.0,2,143820.0,1,143860.0,5,143800.0,8,143870.0,4,143790.0,30,143880.0,32,143760.0,1,143890.0,5,143750.0,1
1597988394644907008,1597988394500000000,2020-08-21 13:39:54.500000,143830.0,144360.0,141820.0,141910.0,nan,143027.176,40934,5854674440.0,20990,143850.0,3,143820.0,1,143860.0,3,143810.0,1,143870.0,5,143800.0,7,143880.0,35,143790.0,34,143890.0,5,143760.0,1
1597988395131890944,1597988395000000000,2020-08-21 13:39:55.000000,143830.0,144360.0,141820.0,141910.0,nan,143027.176,40934,5854674440.0,20990,143850.0,4,143810.0,2,143860.0,2,143800.0,8,143870.0,5,143790.0,34,143880.0,35,143760.0,1,143890.0,5,143750.0,1
1597988395615472128,1597988395500000000,2020-08-21 13:39:55.500000,143830.0,144360.0,141820.0,141910.0,nan,143027.176,40934,5854674440.0,20990,143850.0,3,143810.0,1,143860.0,5,143800.0,9,143870.0,20,143790.0,17,143880.0,18,143780.0,17,143890.0,5,143760.0,1
1597988396133033984,1597988396000000000,2020-08-21 13:39:56.000000,143830.0,144360.0,141820.0,141910.0,nan,143027.176,40934,5854674440.0,20990,143850.0,3,143810.0,1,143860.0,4,143800.0,8,143870.0,27,143790.0,14,143880.0,13,143780.0,22,143890.0,5,143760.0,1
1597988396666234112,1597988396500000000,2020-08-21 13:39:56.500000,143830.0,144360.0,141820.0,141910.0,nan,143027.176,40934,5854674440.0,20990,143850.0,3,143810.0,1,143860.0,4,143800.0,7,143870.0,27,143790.0,10,143880.0,8,143780.0,22,143890.0,5,143760.0,1
1597988397115811072,1597988397000000000,2020-08-21 13:39:57.000000,143830.0,144360.0,141820.0,141910.0,nan,143027.176,40934,5854674440.0,20990,143850.0,3,143810.0,1,143860.0,4,143800.0,7,143870.0,32,143790.0,10,143880.0,8,143780.0,27,143890.0,5,143760.0,1
1597988398167824896,1597988398000000000,2020-08-21 13:39:58.000000,143830.0,144360.0,141820.0,141910.0,nan,143027.176,40934,5854674440.0,20990,143850.0,3,143800.0,7,143860.0,5,143790.0,10,143870.0,36,143780.0,32,143880.0,8,143760.0,1,143890.0,5,143750.0,1
1597988398627943936,1597988398500000000,2020-08-21 13:39:58.500000,143830.0,144360.0,141820.0,141910.0,nan,143027.176,40934,5854674440.0,20990,143850.0,3,143800.0,3,143860.0,5,143790.0,6,143870.0,42,143780.0,36,143880.0,3,143760.0,1,143900.0,3,143750.0,1
1597988399126763008,1597988399000000000,2020-08-21 13:39:59.000000,143830.0,144360.0,141820.0,141910.0,nan,143027.176,40934,5854674440.0,20990,143840.0,2,143800.0,3,143850.0,2,143790.0,3,143860.0,5,143780.0,43,143870.0,45,143760.0,1,143880.0,3,143750.0,1
1597988399609310976,1597988399500000000,2020-08-21 13:39:59.500000,143830.0,144360.0,141820.0,141910.0,nan,143027.176,40934,5854674440.0,20990,143840.0,3,143800.0,2,143850.0,2,143790.0,4,143860.0,7,143780.0,38,143870.0,41,143770.0,4,143880.0,3,143760.0,1
1597988400135614976,1597988400000000000,2020-08-21 13:40:00.000000,143830.0,144360.0,141820.0,141910.0,nan,143027.176,40934,5854674440.0,20990,143840.0,3,143800.0,2,143850.0,5,143790.0,2,143860.0,25,143780.0,23,143870.0,22,143770.0,22,143880.0,3,143760.0,1
1597988400638684928,1597988400500000000,2020-08-21 13:40:00.500000,143830.0,144360.0,141820.0,141910.0,nan,143027.176,40934,5854674440.0,20990,143840.0,3,143810.0,1,143850.0,5,143800.0,2,143860.0,30,143790.0,2,143870.0,17,143780.0,18,143880.0,3,143770.0,27
1597988401117509888,1597988401000000000,2020-08-21 13:40:01.000000,143830.0,144360.0,141820.0,141910.0,nan,143027.176,40934,5854674440.0,20990,143840.0,3,143810.0,2,143850.0,4,143800.0,2,143860.0,10,143790.0,3,143870.0,38,143780.0,38,143880.0,3,143770.0,5
1597988401629434112,1597988401500000000,2020-08-21 13:40:01.500000,143830.0,144360.0,141820.0,141910.0,nan,143027.176,40934,5854674440.0,20990,143840.0,3,143810.0,2,143850.0,4,143800.0,2,143860.0,6,143790.0,4,143870.0,43,143780.0,43,143880.0,3,143760.0,1
1597988402148966912,1597988402000000000,2020-08-21 13:40:02.000000,143830.0,144360.0,141820.0,141910.0,nan,143027.176,40934,5854674440.0,20990,143840.0,4,143810.0,2,143850.0,4,143800.0,3,143860.0,5,143790.0,4,143870.0,48,143780.0,47,143880.0,3,143760.0,1
1597988402625624064,1597988402500000000,2020-08-21 13:40:02.500000,143830.0,144360.0,141820.0,141910.0,nan,143027.176,40934,5854674440.0,20990,143840.0,4,143810.0,2,143850.0,5,143800.0,3,143860.0,5,143790.0,5,143870.0,48,143780.0,47,143880.0,3,143760.0,1
1597988403131345920,1597988403000000000,2020-08-21 13:40:03.000000,143830.0,144360.0,141820.0,141910.0,nan,143027.176,40934,5854674440.0,20990,143840.0,4,143810.0,2,143850.0,4,143800.0,3,143860.0,5,143790.0,5,143870.0,48,143780.0,46,143880.0,3,143760.0,1
1597988403628759040,1597988403500000000,2020-08-21 13:40:03.500000,143830.0,144360.0,141820.0,141910.0,nan,143027.176,40934,5854674440.0,20990,143840.0,4,143810.0,2,143850.0,4,143800.0,3,143860.0,5,143790.0,5,143870.0,43,143780.0,41,143880.0,3,143760.0,1
1597988404162311936,1597988404000000000,2020-08-21 13:40:04.000000,143810.0,144360.0,141820.0,141910.0,nan,143027.234,40937,5855105870.0,20991,143840.0,4,143820.0,1,143850.0,3,143800.0,3,143860.0,5,143790.0,5,143870.0,44,143780.0,42,143880.0,3,143760.0,1
1597988404651904000,1597988404500000000,2020-08-21 13:40:04.500000,143820.0,144360.0,141820.0,141910.0,nan,143027.292,40940,5855537330.0,20993,143850.0,5,143810.0,2,143860.0,6,143800.0,2,143870.0,44,143790.0,4,143880.0,3,143780.0,43,143900.0,3,143760.0,1
1597988405132174080,1597988405000000000,2020-08-21 13:40:05.000000,143820.0,144360.0,141820.0,141910.0,nan,143027.292,40940,5855537330.0,20993,143850.0,4,143810.0,3,143860.0,5,143800.0,1,143870.0,44,143790.0,2,143880.0,3,143780.0,44,143900.0,3,143760.0,1
1597988405624913920,1597988405500000000,2020-08-21 13:40:05.500000,143820.0,144360.0,141820.0,141910.0,nan,143027.292,40940,5855537330.0,20993,143850.0,4,143810.0,3,143860.0,5,143800.0,3,143870.0,50,143790.0,3,143880.0,3,143780.0,47,143900.0,3,143760.0,1
1597988406133164032,1597988406000000000,2020-08-21 13:40:06.000000,143810.0,144360.0,141820.0,141910.0,nan,143027.311,40941,5855681140.0,20992,143850.0,7,143810.0,2,143860.0,5,143800.0,3,143870.0,50,143790.0,3,143880.0,3,143780.0,42,143900.0,3,143760.0,1
1597988406628903936,1597988406500000000,2020-08-21 13:40:06.500000,143810.0,144360.0,141820.0,141910.0,nan,143027.311,40941,5855681140.0,20992,143840.0,1,143810.0,3,143850.0,8,143800.0,1,143860.0,5,143790.0,4,143870.0,49,143780.0,48,143880.0,3,143760.0,1
1597988407272913920,1597988407000000000,2020-08-21 13:40:07.000000,143810.0,144360.0,141820.0,141910.0,nan,143027.311,40941,5855681140.0,20992,143840.0,5,143810.0,3,143850.0,4,143800.0,4,143860.0,6,143790.0,2,143870.0,48,143780.0,47,143880.0,3,143760.0,1
1597988407632700928,1597988407500000000,2020-08-21 13:40:07.500000,143810.0,144360.0,141820.0,141910.0,nan,143027.311,40941,5855681140.0,20992,143840.0,7,143810.0,1,143850.0,3,143800.0,4,143860.0,5,143790.0,4,143870.0,48,143780.0,47,143880.0,3,143760.0,1
1597988408146487040,1597988408000000000,2020-08-21 13:40:08.000000,143810.0,144360.0,141820.0,141910.0,nan,143027.311,40941,5855681140.0,20992,143840.0,7,143810.0,1,143850.0,4,143800.0,4,143860.0,5,143790.0,4,143870.0,48,143780.0,48,143880.0,3,143760.0,1
1597988408626068992,1597988408500000000,2020-08-21 13:40:08.500000,143810.0,144360.0,141820.0,141910.0,nan,143027.311,40941,5855681140.0,20992,143840.0,7,143810.0,7,143850.0,4,143800.0,4,143860.0,5,143790.0,4,143870.0,48,143780.0,48,143880.0,3,143760.0,1
1597988409125743104,1597988409000000000,2020-08-21 13:40:09.000000,143810.0,144360.0,141820.0,141910.0,nan,143027.311,40941,5855681140.0,20992,143840.0,4,143810.0,9,143850.0,6,143800.0,3,143860.0,4,143790.0,4,143870.0,48,143780.0,46,143880.0,3,143760.0,1
1597988409627105024,1597988409500000000,2020-08-21 13:40:09.500000,143810.0,144360.0,141820.0,141910.0,nan,143027.311,40941,5855681140.0,20992,143840.0,4,143810.0,9,143850.0,5,143800.0,5,143860.0,6,143790.0,4,143870.0,48,143780.0,45,143880.0,3,143760.0,1
1597988410110700032,1597988410000000000,2020-08-21 13:40:10.000000,143810.0,144360.0,141820.0,141910.0,nan,143027.311,40941,5855681140.0,20992,143840.0,4,143810.0,9,143850.0,4,143800.0,5,143860.0,7,143790.0,2,143870.0,52,143780.0,50,143880.0,3,143760.0,1
1597988410633754880,1597988410500000000,2020-08-21 13:40:10.500000,143810.0,144360.0,141820.0,141910.0,nan,143027.311,40941,5855681140.0,20992,143840.0,4,143830.0,4,143850.0,4,143820.0,1,143860.0,8,143810.0,9,143870.0,52,143800.0,5,143880.0,3,143790.0,3
1597988411120856064,1597988411000000000,2020-08-21 13:40:11.000000,143840.0,144360.0,141820.0,141910.0,nan,143027.49,40950,5856975700.0,20989,143850.0,3,143830.0,4,143860.0,7,143820.0,3,143870.0,18,143810.0,9,143880.0,24,143800.0,3,143890.0,1,143790.0,22
1597988411637538048,1597988411500000000,2020-08-21 13:40:11.500000,143850.0,144360.0,141820.0,141910.0,nan,143027.59,40955,5857694960.0,20990,143860.0,3,143840.0,2,143870.0,14,143830.0,4,143880.0,9,143820.0,4,143890.0,23,143810.0,10,143900.0,2,143800.0,26
1597988412114550016,1597988412000000000,2020-08-21 13:40:12.000000,143870.0,144360.0,141820.0,141910.0,nan,143027.651,40958,5858126550.0,20989,143870.0,9,143860.0,1,143880.0,9,143840.0,2,143890.0,10,143830.0,5,143900.0,2,143820.0,3,143920.0,1,143810.0,8
1597988412657981952,1597988412500000000,2020-08-21 13:40:12.500000,143870.0,144360.0,141820.0,141910.0,nan,143027.836,40967,5859421340.0,20984,143880.0,6,143840.0,2,143890.0,6,143830.0,5,143900.0,2,143820.0,17,143910.0,15,143810.0,8,143920.0,1,143800.0,6
1597988413154543104,1597988413000000000,2020-08-21 13:40:13.000000,143870.0,144360.0,141820.0,141910.0,nan,143027.856,40968,5859565210.0,20984,143880.0,4,143840.0,2,143890.0,2,143830.0,4,143900.0,19,143820.0,18,143910.0,15,143810.0,24,143930.0,4,143800.0,1
1597988413665955072,1597988413500000000,2020-08-21 13:40:13.500000,143870.0,144360.0,141820.0,141910.0,nan,143027.856,40968,5859565210.0,20984,143880.0,3,143840.0,2,143890.0,3,143830.0,5,143900.0,27,143820.0,15,143910.0,10,143810.0,29,143930.0,4,143800.0,1
1597988414124517888,1597988414000000000,2020-08-21 13:40:14.000000,143840.0,144360.0,141820.0,141910.0,nan,143027.876,40969,5859709050.0,20984,143880.0,3,143840.0,1,143890.0,3,143830.0,5,143900.0,32,143820.0,15,143910.0,10,143810.0,34,143930.0,4,143800.0,1
1597988415139865088,1597988415000000000,2020-08-21 13:40:15.000000,143840.0,144360.0,141820.0,141910.0,nan,143027.876,40969,5859709050.0,20984,143880.0,3,143830.0,5,143890.0,4,143820.0,15,143900.0,36,143810.0,39,143910.0,10,143800.0,1,143930.0,4,143790.0,1
1597988415676634112,1597988415500000000,2020-08-21 13:40:15.500000,143840.0,144360.0,141820.0,141910.0,nan,143027.876,40969,5859709050.0,20984,143870.0,1,143830.0,5,143880.0,3,143820.0,10,143890.0,3,143810.0,37,143900.0,37,143800.0,1,143910.0,5,143790.0,1
1597988416137022976,1597988416000000000,2020-08-21 13:40:16.000000,143840.0,144360.0,141820.0,141910.0,nan,143027.876,40969,5859709050.0,20984,143870.0,2,143840.0,1,143880.0,3,143830.0,6,143890.0,2,143820.0,10,143900.0,41,143810.0,42,143910.0,5,143800.0,1
1597988416625260032,1597988416500000000,2020-08-21 13:40:16.500000,143840.0,144360.0,141820.0,141910.0,nan,143027.876,40969,5859709050.0,20984,143870.0,1,143840.0,2,143880.0,3,143830.0,6,143890.0,4,143820.0,9,143900.0,40,143810.0,43,143910.0,5,143800.0,1
1597988417146075904,1597988417000000000,2020-08-21 13:40:17.000000,143840.0,144360.0,141820.0,141910.0,nan,143027.876,40969,5859709050.0,20984,143880.0,4,143840.0,3,143890.0,3,143830.0,5,143900.0,41,143820.0,10,143910.0,5,143810.0,42,143930.0,4,143800.0,1
1597988417641747968,1597988417500000000,2020-08-21 13:40:17.500000,143840.0,144360.0,141820.0,141910.0,nan,143027.876,40969,5859709050.0,20984,143880.0,3,143840.0,2,143890.0,4,143830.0,7,143900.0,40,143820.0,3,143930.0,4,143810.0,42,143940.0,3,143800.0,1
1597988418139354880,1597988418000000000,2020-08-21 13:40:18.000000,143840.0,144360.0,141820.0,141910.0,nan,143027.876,40969,5859709050.0,20984,143880.0,3,143840.0,2,143890.0,5,143830.0,7,143900.0,45,143820.0,3,143930.0,4,143810.0,48,143940.0,3,143800.0,1
1597988418630519040,1597988418500000000,2020-08-21 13:40:18.500000,143840.0,144360.0,141820.0,141910.0,nan,143027.876,40969,5859709050.0,20984,143880.0,4,143840.0,3,143890.0,4,143830.0,6,143900.0,50,143820.0,3,143930.0,4,143810.0,53,143940.0,3,143800.0,1
1597988419136567040,1597988419000000000,2020-08-21 13:40:19.000000,143840.0,144360.0,141820.0,141910.0,nan,143027.876,40969,5859709050.0,20984,143880.0,4,143840.0,3,143890.0,4,143830.0,7,143900.0,50,143820.0,3,143930.0,4,143810.0,52,143940.0,3,143800.0,1
1597988419647130880,1597988419500000000,2020-08-21 13:40:19.500000,143840.0,144360.0,141820.0,141910.0,nan,143027.876,40969,5859709050.0,20984,143880.0,4,143840.0,3,143890.0,5,143830.0,9,143900.0,54,143820.0,2,143930.0,4,143810.0,56,143940.0,3,143790.0,1
1597988420680357120,1597988420500000000,2020-08-21 13:40:20.500000,143840.0,144360.0,141820.0,141910.0,nan,143027.876,40969,5859709050.0,20984,143860.0,1,143840.0,3,143880.0,4,143830.0,9,143890.0,5,143820.0,2,143900.0,54,143810.0,56,143930.0,4,143790.0,1
1597988421115592960,1597988421000000000,2020-08-21 13:40:21.000000,143860.0,144360.0,141820.0,141910.0,nan,143027.957,40973,5860284490.0,20984,143870.0,4,143840.0,1,143880.0,3,143830.0,11,143890.0,4,143820.0,2,143900.0,52,143810.0,56,143930.0,4,143790.0,1
1597988421632537088,1597988421500000000,2020-08-21 13:40:21.500000,143840.0,144360.0,141820.0,141910.0,nan,143027.977,40974,5860428330.0,20985,143870.0,1,143840.0,2,143880.0,7,143830.0,7,143890.0,4,143820.0,5,143900.0,52,143810.0,56,143930.0,4,143790.0,1
1597988422116239104,1597988422000000000,2020-08-21 13:40:22.000000,143840.0,144360.0,141820.0,141910.0,nan,143027.977,40974,5860428330.0,20985,143880.0,6,143840.0,3,143890.0,6,143830.0,7,143900.0,53,143820.0,5,143930.0,4,143810.0,56,143940.0,3,143790.0,1
1597988422645257984,1597988422500000000,2020-08-21 13:40:22.500000,143840.0,144360.0,141820.0,141910.0,nan,143027.977,40974,5860428330.0,20985,143880.0,6,143840.0,3,143890.0,5,143830.0,8,143900.0,52,143820.0,2,143930.0,4,143810.0,56,143940.0,3,143790.0,1
1597988423124007936,1597988423000000000,2020-08-21 13:40:23.000000,143840.0,144360.0,141820.0,141910.0,nan,143027.977,40974,5860428330.0,20985,143880.0,5,143840.0,3,143890.0,6,143830.0,10,143900.0,53,143820.0,2,143930.0,5,143810.0,56,143940.0,3,143790.0,1
1597988423626842112,1597988423500000000,2020-08-21 13:40:23.500000,143840.0,144360.0,141820.0,141910.0,nan,143027.977,40974,5860428330.0,20985,143880.0,5,143840.0,3,143890.0,5,143830.0,10,143900.0,48,143820.0,2,143930.0,5,143810.0,51,143940.0,3,143790.0,1
1597988424162565120,1597988424000000000,2020-08-21 13:40:24.000000,143840.0,144360.0,141820.0,141910.0,nan,143027.977,40974,5860428330.0,20985,143880.0,5,143840.0,3,143890.0,5,143830.0,10,143900.0,54,143820.0,3,143930.0,5,143810.0,56,143940.0,3,143790.0,1
1597988424637078016,1597988424500000000,2020-08-21 13:40:24.500000,143840.0,144360.0,141820.0,141910.0,nan,143027.977,40974,5860428330.0,20985,143870.0,1,143840.0,3,143880.0,5,143830.0,10,143890.0,5,143820.0,3,143900.0,54,143810.0,56,143930.0,5,143790.0,1
1597988425140242944,1597988425000000000,2020-08-21 13:40:25.000000,143840.0,144360.0,141820.0,141910.0,nan,143027.977,40974,5860428330.0,20985,143870.0,1,143840.0,4,143880.0,6,143830.0,9,143890.0,4,143820.0,2,143900.0,53,143810.0,56,143930.0,5,143790.0,1
1597988425618312960,1597988425500000000,2020-08-21 13:40:25.500000,143840.0,144360.0,141820.0,141910.0,nan,143027.977,40974,5860428330.0,20985,143870.0,1,143840.0,4,143880.0,6,143830.0,9,143890.0,5,143820.0,3,143900.0,53,143810.0,56,143930.0,5,143790.0,1
1597988426782231040,1597988426500000000,2020-08-21 13:40:26.500000,143840.0,144360.0,141820.0,141910.0,nan,143028.036,40977,5860859850.0,20986,143870.0,1,143840.0,1,143880.0,5,143830.0,9,143890.0,4,143820.0,2,143900.0,45,143810.0,43,143930.0,5,143790.0,1
1597988427163534080,1597988427000000000,2020-08-21 13:40:27.000000,143840.0,144360.0,141820.0,141910.0,nan,143028.036,40977,5860859850.0,20986,143860.0,2,143830.0,7,143870.0,3,143820.0,1,143880.0,3,143810.0,45,143890.0,3,143790.0,1,143900.0,40,143760.0,1
1597988427620352000,1597988427500000000,2020-08-21 13:40:27.500000,143840.0,144360.0,141820.0,141910.0,nan,143028.036,40977,5860859850.0,20986,143860.0,1,143830.0,7,143870.0,3,143820.0,2,143880.0,4,143810.0,28,143890.0,18,143800.0,18,143900.0,22,143790.0,1
1597988428120349952,1597988428000000000,2020-08-21 13:40:28.000000,143840.0,144360.0,141820.0,141910.0,nan,143028.036,40977,5860859850.0,20986,143870.0,4,143840.0,1,143880.0,5,143830.0,7,143890.0,28,143820.0,2,143900.0,17,143810.0,25,143930.0,5,143800.0,27
1597988428607755008,1597988428500000000,2020-08-21 13:40:28.500000,143840.0,144360.0,141820.0,141910.0,nan,143028.036,40977,5860859850.0,20986,143870.0,2,143840.0,2,143880.0,4,143830.0,7,143890.0,9,143820.0,4,143900.0,33,143810.0,38,143930.0,5,143800.0,6
1597988429124573952,1597988429000000000,2020-08-21 13:40:29.000000,143840.0,144360.0,141820.0,141910.0,nan,143028.036,40977,5860859850.0,20986,143870.0,1,143840.0,3,143880.0,5,143830.0,5,143890.0,5,143820.0,4,143900.0,43,143810.0,49,143930.0,5,143800.0,1
1597988429623142912,1597988429500000000,2020-08-21 13:40:29.500000,143840.0,144360.0,141820.0,141910.0,nan,143028.036,40977,5860859850.0,20986,143870.0,2,143840.0,3,143880.0,5,143830.0,7,143890.0,4,143820.0,3,143900.0,43,143810.0,47,143930.0,5,143800.0,1
1597988430137042944,1597988430000000000,2020-08-21 13:40:30.000000,143840.0,144360.0,141820.0,141910.0,nan,143028.036,40977,5860859850.0,20986,143870.0,2,143840.0,3,143880.0,5,143830.0,8,143890.0,4,143820.0,3,143900.0,48,143810.0,52,143930.0,5,143800.0,1
1597988430631789056,1597988430500000000,2020-08-21 13:40:30.500000,143840.0,144360.0,141820.0,141910.0,nan,143028.056,40978,5861003690.0,20985,143870.0,5,143840.0,2,143880.0,5,143830.0,8,143890.0,4,143820.0,3,143900.0,48,143810.0,52,143930.0,5,143800.0,1
1597988431112199936,1597988431000000000,2020-08-21 13:40:31.000000,143840.0,144360.0,141820.0,141910.0,nan,143028.056,40978,5861003690.0,20985,143870.0,7,143830.0,9,143880.0,5,143820.0,4,143890.0,2,143810.0,52,143900.0,48,143800.0,1,143930.0,5,143790.0,1
1597988431633156096,1597988431500000000,2020-08-21 13:40:31.500000,143840.0,144360.0,141820.0,141910.0,nan,143028.056,40978,5861003690.0,20985,143860.0,1,143830.0,8,143870.0,7,143820.0,5,143880.0,6,143810.0,56,143890.0,1,143800.0,1,143900.0,52,143790.0,1
1597988432126662912,1597988432000000000,2020-08-21 13:40:32.000000,143860.0,144360.0,141820.0,141910.0,nan,143028.077,40979,5861147550.0,20984,143860.0,4,143830.0,7,143870.0,3,143820.0,5,143880.0,8,143810.0,28,143890.0,21,143800.0,22,143900.0,22,143790.0,1
1597988432614543104,1597988432500000000,2020-08-21 13:40:32.500000,143860.0,144360.0,141820.0,141910.0,nan,143028.077,40979,5861147550.0,20984,143860.0,3,143830.0,7,143870.0,3,143820.0,2,143880.0,7,143810.0,24,143890.0,26,143800.0,27,143900.0,17,143790.0,1
1597988433116158976,1597988433000000000,2020-08-21 13:40:33.000000,143860.0,144360.0,141820.0,141910.0,nan,143028.077,40979,5861147550.0,20984,143860.0,3,143830.0,7,143870.0,4,143820.0,1,143880.0,6,143810.0,26,143890.0,27,143800.0,27,143900.0,17,143790.0,1
1597988434117219072,1597988434000000000,2020-08-21 13:40:34.000000,143860.0,144360.0,141820.0,141910.0,nan,143028.077,40979,5861147550.0,20984,143860.0,3,143830.0,8,143870.0,4,143820.0,1,143880.0,6,143810.0,26,143890.0,27,143800.0,27,143900.0,17,143790.0,1
1597988434629082112,1597988434500000000,2020-08-21 13:40:34.500000,143860.0,144360.0,141820.0,141910.0,nan,143028.077,40979,5861147550.0,20984,143860.0,3,143830.0,8,143870.0,4,143820.0,1,143880.0,6,143810.0,25,143890.0,27,143800.0,27,143900.0,17,143790.0,1
1597988435621774080,1597988435500000000,2020-08-21 13:40:35.500000,143860.0,144360.0,141820.0,141910.0,nan,143028.077,40979,5861147550.0,20984,143860.0,3,143830.0,8,143870.0,4,143820.0,1,143880.0,6,143810.0,20,143890.0,27,143800.0,27,143900.0,12,143790.0,1
1597988436134014976,1597988436000000000,2020-08-21 13:40:36.000000,143860.0,144360.0,141820.0,141910.0,nan,143028.077,40979,5861147550.0,20984,143860.0,3,143830.0,8,143870.0,4,143820.0,1,143880.0,6,143810.0,20,143890.0,32,143800.0,32,143900.0,12,143790.0,1
1597988436605171968,1597988436500000000,2020-08-21 13:40:36.500000,143860.0,144360.0,141820.0,141910.0,nan,143028.077,40979,5861147550.0,20984,143860.0,3,143830.0,8,143870.0,4,143820.0,3,143880.0,8,143810.0,20,143890.0,32,143800.0,32,143900.0,12,143790.0,1
1597988437111929088,1597988437000000000,2020-08-21 13:40:37.000000,143860.0,144360.0,141820.0,141910.0,nan,143028.077,40979,5861147550.0,20984,143860.0,3,143830.0,8,143870.0,4,143820.0,2,143880.0,6,143810.0,18,143890.0,31,143800.0,32,143900.0,12,143790.0,1
1597988437617762048,1597988437500000000,2020-08-21 13:40:37.500000,143860.0,144360.0,141820.0,141910.0,nan,143028.077,40979,5861147550.0,20984,143860.0,3,143830.0,8,143870.0,4,143820.0,2,143880.0,6,143810.0,19,143890.0,32,143800.0,32,143900.0,12,143790.0,1
1597988440635748096,1597988440500000000,2020-08-21 13:40:40.500000,143860.0,144360.0,141820.0,141910.0,nan,143028.077,40979,5861147550.0,20984,143860.0,3,143830.0,9,143870.0,4,143820.0,3,143880.0,7,143810.0,19,143890.0,32,143800.0,32,143900.0,12,143790.0,1
1597988441122487040,1597988441000000000,2020-08-21 13:40:41.000000,143860.0,144360.0,141820.0,141910.0,nan,143028.077,40979,5861147550.0,20984,143860.0,3,143840.0,1,143870.0,4,143830.0,9,143880.0,6,143820.0,3,143890.0,32,143810.0,19,143900.0,12,143800.0,32
1597988441620218880,1597988441500000000,2020-08-21 13:40:41.500000,143860.0,144360.0,141820.0,141910.0,nan,143028.137,40982,5861579130.0,20984,143870.0,5,143840.0,1,143880.0,4,143830.0,9,143890.0,27,143820.0,1,143900.0,7,143810.0,14,143910.0,1,143800.0,27
1597988442125263872,1597988442000000000,2020-08-21 13:40:42.000000,143870.0,144360.0,141820.0,141910.0,nan,143028.158,40983,5861723000.0,20984,143870.0,1,143840.0,3,143880.0,4,143830.0,8,143890.0,9,143820.0,4,143900.0,38,143810.0,43,143910.0,1,143800.0,6
1597988442628544000,1597988442500000000,2020-08-21 13:40:42.500000,143870.0,144360.0,141820.0,141910.0,nan,143028.158,40983,5861723000.0,20984,143870.0,1,143850.0,1,143880.0,5,143840.0,4,143890.0,3,143830.0,8,143900.0,49,143820.0,4,143910.0,1,143810.0,52
1597988443117442048,1597988443000000000,2020-08-21 13:40:43.000000,143870.0,144360.0,141820.0,141910.0,nan,143028.179,40984,5861866870.0,20984,143880.0,4,143850.0,1,143890.0,1,143840.0,5,143900.0,24,143830.0,9,143910.0,18,143820.0,18,143930.0,4,143810.0,30
1597988443622926080,1597988443500000000,2020-08-21 13:40:43.500000,143870.0,144360.0,141820.0,141910.0,nan,143028.179,40984,5861866870.0,20984,143880.0,3,143850.0,2,143890.0,3,143840.0,3,143900.0,21,143830.0,12,143910.0,27,143820.0,26,143930.0,4,143810.0,21
1597988444665519104,1597988444500000000,2020-08-21 13:40:44.500000,143870.0,144360.0,141820.0,141910.0,nan,143028.179,40984,5861866870.0,20984,143880.0,4,143850.0,2,143890.0,3,143840.0,3,143900.0,21,143830.0,12,143910.0,27,143820.0,26,143930.0,4,143810.0,21
1597988445133328896,1597988445000000000,2020-08-21 13:40:45.000000,143870.0,144360.0,141820.0,141910.0,nan,143028.179,40984,5861866870.0,20984,143880.0,4,143850.0,1,143890.0,3,143840.0,3,143900.0,21,143830.0,12,143910.0,27,143820.0,26,143930.0,4,143810.0,21
1597988445626438912,1597988445500000000,2020-08-21 13:40:45.500000,143870.0,144360.0,141820.0,141910.0,nan,143028.179,40984,5861866870.0,20984,143880.0,5,143840.0,4,143890.0,2,143830.0,12,143900.0,21,143820.0,26,143910.0,27,143810.0,21,143930.0,4,143800.0,1
1597988446133006080,1597988446000000000,2020-08-21 13:40:46.000000,143870.0,144360.0,141820.0,141910.0,nan,143028.179,40984,5861866870.0,20984,143880.0,5,143840.0,4,143890.0,3,143830.0,10,143900.0,41,143820.0,6,143910.0,6,143810.0,42,143930.0,4,143800.0,1
1597988446607773952,1597988446500000000,2020-08-21 13:40:46.500000,143870.0,144360.0,141820.0,141910.0,nan,143028.179,40984,5861866870.0,20984,143880.0,5,143840.0,4,143890.0,4,143830.0,10,143900.0,41,143820.0,2,143910.0,1,143810.0,42,143930.0,4,143800.0,1
1597988447107557120,1597988447000000000,2020-08-21 13:40:47.000000,143870.0,144360.0,141820.0,141910.0,nan,143028.179,40984,5861866870.0,20984,143880.0,6,143840.0,5,143890.0,3,143830.0,9,143900.0,51,143820.0,2,143910.0,1,143810.0,52,143930.0,4,143800.0,1
1597988447605358080,1597988447500000000,2020-08-21 13:40:47.500000,143870.0,144360.0,141820.0,141910.0,nan,143028.179,40984,5861866870.0,20984,143880.0,6,143840.0,5,143890.0,3,143830.0,9,143900.0,46,143820.0,2,143910.0,1,143810.0,47,143930.0,4,143800.0,1
1597988448112023040,1597988448000000000,2020-08-21 13:40:48.000000,143870.0,144360.0,141820.0,141910.0,nan,143028.179,40984,5861866870.0,20984,143880.0,6,143840.0,5,143890.0,3,143830.0,9,143900.0,51,143820.0,2,143910.0,1,143810.0,52,143930.0,4,143800.0,1
1597988448623238912,1597988448500000000,2020-08-21 13:40:48.500000,143870.0,144360.0,141820.0,141910.0,nan,143028.179,40984,5861866870.0,20984,143880.0,6,143840.0,5,143890.0,4,143830.0,10,143900.0,55,143820.0,2,143910.0,1,143810.0,56,143930.0,4,143800.0,1
1597988449116844032,1597988449000000000,2020-08-21 13:40:49.000000,143870.0,144360.0,141820.0,141910.0,nan,143028.179,40984,5861866870.0,20984,143880.0,6,143840.0,5,143890.0,7,143830.0,13,143900.0,54,143820.0,1,143910.0,1,143810.0,56,143930.0,4,143800.0,1
1597988449617380096,1597988449500000000,2020-08-21 13:40:49.500000,143870.0,144360.0,141820.0,141910.0,nan,143028.179,40984,5861866870.0,20984,143870.0,1,143840.0,5,143880.0,6,143830.0,11,143890.0,5,143820.0,1,143900.0,54,143810.0,56,143910.0,1,143800.0,1
1597988450112317952,1597988450000000000,2020-08-21 13:40:50.000000,143870.0,144360.0,141820.0,141910.0,nan,143028.179,40984,5861866870.0,20984,143870.0,1,143840.0,5,143880.0,6,143830.0,10,143890.0,4,143820.0,1,143900.0,53,143810.0,56,143910.0,1,143800.0,1
1597988450603180032,1597988450500000000,2020-08-21 13:40:50.500000,143870.0,144360.0,141820.0,141910.0,nan,143028.199,40985,5862010740.0,20985,143880.0,6,143840.0,5,143890.0,5,143830.0,11,143900.0,53,143820.0,1,143910.0,1,143810.0,56,143930.0,4,143800.0,1
1597988451122683904,1597988451000000000,2020-08-21 13:40:51.000000,143870.0,144360.0,141820.0,141910.0,nan,143028.199,40985,5862010740.0,20985,143880.0,6,143840.0,5,143890.0,5,143830.0,10,143900.0,53,143820.0,1,143910.0,1,143810.0,56,143930.0,4,143800.0,1
1597988451613122048,1597988451500000000,2020-08-21 13:40:51.500000,143870.0,144360.0,141820.0,141910.0,nan,143028.199,40985,5862010740.0,20985,143880.0,6,143840.0,5,143890.0,5,143830.0,11,143900.0,54,143820.0,1,143930.0,4,143810.0,56,143940.0,3,143800.0,1
1597988452124591104,1597988452000000000,2020-08-21 13:40:52.000000,143870.0,144360.0,141820.0,141910.0,nan,143028.199,40985,5862010740.0,20985,143880.0,6,143840.0,5,143890.0,5,143830.0,11,143900.0,54,143820.0,1,143930.0,5,143810.0,56,143940.0,3,143800.0,1
1597988453626580992,1597988453500000000,2020-08-21 13:40:53.500000,143870.0,144360.0,141820.0,141910.0,nan,143028.199,40985,5862010740.0,20985,143880.0,6,143840.0,5,143890.0,5,143830.0,11,143900.0,49,143820.0,1,143930.0,5,143810.0,51,143940.0,3,143800.0,1
1597988454112777984,1597988454000000000,2020-08-21 13:40:54.000000,143870.0,144360.0,141820.0,141910.0,nan,143028.199,40985,5862010740.0,20985,143880.0,6,143840.0,5,143890.0,7,143830.0,13,143900.0,54,143820.0,1,143930.0,5,143810.0,56,143940.0,3,143800.0,1
1597988454623682048,1597988454500000000,2020-08-21 13:40:54.500000,143870.0,144360.0,141820.0,141910.0,nan,143028.199,40985,5862010740.0,20985,143880.0,6,143840.0,5,143890.0,5,143830.0,11,143900.0,54,143820.0,1,143930.0,5,143810.0,56,143940.0,3,143800.0,1
1597988455123566080,1597988455000000000,2020-08-21 13:40:55.000000,143870.0,144360.0,141820.0,141910.0,nan,143028.199,40985,5862010740.0,20985,143870.0,1,143840.0,5,143880.0,6,143830.0,11,143890.0,5,143820.0,1,143900.0,54,143810.0,56,143930.0,5,143800.0,1
1597988455616216064,1597988455500000000,2020-08-21 13:40:55.500000,143870.0,144360.0,141820.0,141910.0,nan,143028.199,40985,5862010740.0,20985,143870.0,1,143840.0,5,143880.0,6,143830.0,6,143890.0,4,143820.0,1,143900.0,53,143810.0,56,143930.0,5,143800.0,1
1597988456117878016,1597988456000000000,2020-08-21 13:40:56.000000,143870.0,144360.0,141820.0,141910.0,nan,143028.199,40985,5862010740.0,20985,143870.0,1,143840.0,5,143880.0,6,143830.0,5,143890.0,5,143820.0,2,143900.0,52,143810.0,56,143930.0,5,143800.0,1
1597988456620877056,1597988456500000000,2020-08-21 13:40:56.500000,143840.0,144360.0,141820.0,141910.0,nan,143028.219,40986,5862154580.0,20985,143860.0,1,143840.0,4,143870.0,1,143830.0,5,143880.0,6,143820.0,2,143890.0,5,143810.0,56,143900.0,52,143800.0,1
1597988457114052096,1597988457000000000,2020-08-21 13:40:57.000000,143860.0,144360.0,141820.0,141910.0,nan,143028.239,40987,5862298440.0,20985,143870.0,5,143840.0,1,143880.0,3,143830.0,6,143890.0,3,143820.0,2,143900.0,48,143810.0,52,143930.0,5,143800.0,1
1597988457602646016,1597988457500000000,2020-08-21 13:40:57.500000,143860.0,144360.0,141820.0,141910.0,nan,143028.239,40987,5862298440.0,20985,143870.0,3,143840.0,2,143880.0,7,143830.0,3,143890.0,3,143820.0,5,143900.0,52,143810.0,57,143930.0,5,143800.0,1
1597988458113399040,1597988458000000000,2020-08-21 13:40:58.000000,143860.0,144360.0,141820.0,141910.0,nan,143028.239,40987,5862298440.0,20985,143870.0,3,143840.0,2,143880.0,8,143830.0,3,143890.0,2,143820.0,6,143900.0,52,143810.0,56,143930.0,5,143800.0,1
1597988459118894080,1597988459000000000,2020-08-21 13:40:59.000000,143840.0,144360.0,141820.0,141910.0,nan,143028.259,40988,5862442280.0,20986,143870.0,3,143840.0,1,143880.0,8,143830.0,3,143890.0,2,143820.0,6,143900.0,52,143810.0,56,143930.0,5,143800.0,1
1597988459624515072,1597988459500000000,2020-08-21 13:40:59.500000,143840.0,144360.0,141820.0,141910.0,nan,143028.259,40988,5862442280.0,20986,143870.0,4,143830.0,4,143880.0,7,143820.0,6,143890.0,2,143810.0,51,143900.0,47,143800.0,1,143930.0,5,143790.0,1
1597988460130957056,1597988460000000000,2020-08-21 13:41:00.000000,143840.0,144360.0,141820.0,141910.0,nan,143028.259,40988,5862442280.0,20986,143870.0,4,143830.0,4,143880.0,7,143820.0,5,143890.0,10,143810.0,47,143900.0,43,143800.0,10,143930.0,5,143790.0,1
1597988460619932928,1597988460500000000,2020-08-21 13:41:00.500000,143870.0,144360.0,141820.0,141910.0,nan,143028.381,40994,5863305460.0,20986,143870.0,2,143830.0,2,143880.0,9,143820.0,5,143890.0,10,143810.0,41,143900.0,30,143800.0,10,143930.0,5,143790.0,1
