local_nano_time,quote_nano_time,datetime,last_price,highest,lowest,open,close,average,volume,amount,open_interest,ask_price1,ask_volume1,bid_price1,bid_volume1,ask_price2,ask_volume2,bid_price2,bid_volume2,ask_price3,ask_volume3,bid_price3,bid_volume3,ask_price4,ask_volume4,bid_price4,bid_volume4,ask_price5,ask_volume5,bid_price5,bid_volume5
1597988230150941952,1597988230432000000,2020-08-21 13:37:10.432000,6150.0,6188.0,6052.0,6138.0,nan,6118.125702,2241912,205744491420.0,590914,6150.0,17,6149.0,74,6151.0,162,6148.0,131,6152.0,231,6147.0,208,6153.0,132,6146.0,186,6154.0,86,6145.0,312
1597988230612891904,1597988230935000064,2020-08-21 13:37:10.935000,6150.0,6188.0,6052.0,6138.0,nan,6118.125986,2241932,205746336420.0,590927,6150.0,1,6149.0,76,6151.0,162,6148.0,131,6152.0,231,6147.0,208,6153.0,132,6146.0,185,6154.0,86,6145.0,312
1597988231153441024,1597988231436999936,2020-08-21 13:37:11.437000,6150.0,6188.0,6052.0,6138.0,nan,6118.126071,2241938,205746889920.0,590926,6151.0,162,6150.0,22,6152.0,231,6149.0,76,6153.0,132,6148.0,131,6154.0,86,6147.0,208,6155.0,260,6146.0,185
1597988231625291008,1597988231910000128,2020-08-21 13:37:11.910000,6151.0,6188.0,6052.0,6138.0,nan,6118.1261,2241940,205747074435.0,590925,6151.0,161,6150.0,22,6152.0,231,6149.0,76,6153.0,132,6148.0,133,6154.0,86,6147.0,208,6155.0,260,6146.0,185
1597988232113163008,1597988232423000064,2020-08-21 13:37:12.423000,6151.0,6188.0,6052.0,6138.0,nan,6118.126201,2241947,205747720215.0,590927,6151.0,162,6150.0,25,6152.0,231,6149.0,76,6153.0,132,6148.0,133,6154.0,86,6147.0,208,6155.0,261,6146.0,185
1597988232608858880,1597988232932000000,2020-08-21 13:37:12.932000,6150.0,6188.0,6052.0,6138.0,nan,6118.126243,2241950,205747996965.0,590925,6151.0,161,6150.0,33,6152.0,231,6149.0,75,6153.0,134,6148.0,136,6154.0,86,6147.0,208,6155.0,261,6146.0,185
1597988233117463040,1597988233405999872,2020-08-21 13:37:13.406000,6151.0,6188.0,6052.0,6138.0,nan,6118.126729,2241984,205751133540.0,590929,6151.0,156,6150.0,19,6152.0,231,6149.0,75,6153.0,134,6148.0,137,6154.0,86,6147.0,208,6155.0,261,6146.0,185
1597988233616497920,1597988233912000000,2020-08-21 13:37:13.912000,6151.0,6188.0,6052.0,6138.0,nan,6118.126932,2241998,205752425175.0,590927,6151.0,151,6150.0,20,6152.0,231,6149.0,75,6153.0,134,6148.0,138,6154.0,86,6147.0,208,6155.0,261,6146.0,185
1597988234130896896,1597988234427000064,2020-08-21 13:37:14.427000,6150.0,6188.0,6052.0,6138.0,nan,6118.126975,2242001,205752701925.0,590928,6151.0,150,6150.0,26,6152.0,231,6149.0,80,6153.0,134,6148.0,138,6154.0,86,6147.0,208,6155.0,261,6146.0,185
1597988234619024896,1597988234937999872,2020-08-21 13:37:14.938000,6151.0,6188.0,6052.0,6138.0,nan,6118.127018,2242004,205752978690.0,590929,6151.0,149,6150.0,24,6152.0,231,6149.0,79,6153.0,134,6148.0,188,6154.0,86,6147.0,208,6155.0,261,6146.0,185
1597988235131674880,1597988235413000192,2020-08-21 13:37:15.413000,6151.0,6188.0,6052.0,6138.0,nan,6118.127119,2242011,205753624500.0,590928,6151.0,145,6150.0,23,6152.0,229,6149.0,78,6153.0,135,6148.0,188,6154.0,86,6147.0,209,6155.0,263,6146.0,185
1597988235624632064,1597988235905999872,2020-08-21 13:37:15.906000,6151.0,6188.0,6052.0,6138.0,nan,6118.127322,2242025,205754916150.0,590930,6151.0,138,6150.0,20,6152.0,230,6149.0,77,6153.0,135,6148.0,188,6154.0,86,6147.0,208,6155.0,264,6146.0,188
1597988236116271104,1597988236432000000,2020-08-21 13:37:16.432000,6150.0,6188.0,6052.0,6138.0,nan,6118.127393,2242030,205755377400.0,590927,6151.0,140,6150.0,15,6152.0,231,6149.0,77,6153.0,135,6148.0,188,6154.0,86,6147.0,208,6155.0,264,6146.0,188
1597988236614053888,1597988236918999808,2020-08-21 13:37:16.919000,6150.0,6188.0,6052.0,6138.0,nan,6118.127393,2242030,205755377400.0,590927,6151.0,140,6150.0,16,6152.0,235,6149.0,77,6153.0,135,6148.0,188,6154.0,86,6147.0,208,6155.0,264,6146.0,188
1597988237137281024,1597988237435000064,2020-08-21 13:37:17.435000,6150.0,6188.0,6052.0,6138.0,nan,6118.127393,2242030,205755377400.0,590927,6151.0,140,6150.0,17,6152.0,234,6149.0,77,6153.0,135,6148.0,189,6154.0,86,6147.0,207,6155.0,264,6146.0,189
1597988237623447040,1597988237934000128,2020-08-21 13:37:17.934000,6150.0,6188.0,6052.0,6138.0,nan,6118.127764,2242056,205757775930.0,590912,6150.0,5,6149.0,78,6151.0,151,6148.0,189,6152.0,234,6147.0,204,6153.0,135,6146.0,189,6154.0,86,6145.0,315
1597988238107534080,1597988238430000128,2020-08-21 13:37:18.430000,6150.0,6188.0,6052.0,6138.0,nan,6118.12819,2242086,205760543430.0,590934,6150.0,3,6149.0,77,6151.0,146,6148.0,189,6152.0,235,6147.0,204,6153.0,135,6146.0,189,6154.0,86,6145.0,315
1597988238622307072,1597988238932000000,2020-08-21 13:37:18.932000,6150.0,6188.0,6052.0,6138.0,nan,6118.12829,2242093,205761189165.0,590928,6150.0,10,6149.0,76,6151.0,147,6148.0,190,6152.0,235,6147.0,204,6153.0,135,6146.0,189,6154.0,86,6145.0,315
1597988239115386880,1597988239420999936,2020-08-21 13:37:19.421000,6150.0,6188.0,6052.0,6138.0,nan,6118.128361,2242098,205761650415.0,590931,6150.0,17,6149.0,77,6151.0,148,6148.0,191,6152.0,237,6147.0,204,6153.0,135,6146.0,189,6154.0,86,6145.0,316
1597988239607386112,1597988239932000000,2020-08-21 13:37:19.932000,6149.0,6188.0,6052.0,6138.0,nan,6118.12949,2242180,205769213715.0,590968,6149.0,20,6148.0,190,6150.0,37,6147.0,203,6151.0,149,6146.0,189,6152.0,237,6145.0,316,6153.0,135,6144.0,267
1597988240155432960,1597988240416999936,2020-08-21 13:37:20.417000,6149.0,6188.0,6052.0,6138.0,nan,6118.129901,2242210,205771980690.0,590971,6149.0,5,6148.0,318,6150.0,47,6147.0,209,6151.0,149,6146.0,189,6152.0,239,6145.0,316,6153.0,135,6144.0,267
1597988240629167104,1597988240916000000,2020-08-21 13:37:20.916000,6150.0,6188.0,6052.0,6138.0,nan,6118.130012,2242218,205772718585.0,590971,6150.0,49,6149.0,28,6151.0,149,6148.0,320,6152.0,239,6147.0,210,6153.0,135,6146.0,189,6154.0,86,6145.0,316
1597988241149641984,1597988241423000064,2020-08-21 13:37:21.423000,6150.0,6188.0,6052.0,6138.0,nan,6118.130619,2242262,205776776955.0,590944,6150.0,108,6148.0,185,6151.0,150,6147.0,210,6152.0,239,6146.0,189,6153.0,135,6145.0,316,6154.0,86,6144.0,268
1597988241630727936,1597988241936000000,2020-08-21 13:37:21.936000,6149.0,6188.0,6052.0,6138.0,nan,6118.130632,2242263,205776869190.0,590945,6149.0,7,6148.0,181,6150.0,128,6147.0,207,6151.0,150,6146.0,189,6152.0,239,6145.0,314,6153.0,135,6144.0,268
1597988242126739968,1597988242423000064,2020-08-21 13:37:22.423000,6149.0,6188.0,6052.0,6138.0,nan,6118.130781,2242274,205777883685.0,590938,6149.0,56,6148.0,171,6150.0,129,6147.0,206,6151.0,150,6146.0,189,6152.0,239,6145.0,314,6153.0,136,6144.0,269
1597988242622639104,1597988242935000064,2020-08-21 13:37:22.935000,6149.0,6188.0,6052.0,6138.0,nan,6118.130836,2242278,205778252625.0,590939,6149.0,73,6148.0,170,6150.0,131,6147.0,206,6151.0,150,6146.0,189,6152.0,239,6145.0,314,6153.0,135,6144.0,269
1597988243119397888,1597988243432000000,2020-08-21 13:37:23.432000,6148.0,6188.0,6052.0,6138.0,nan,6118.130863,2242280,205778437080.0,590940,6149.0,79,6148.0,174,6150.0,133,6147.0,206,6151.0,150,6146.0,189,6152.0,238,6145.0,314,6153.0,135,6144.0,269
1597988243628698112,1597988243917999872,2020-08-21 13:37:23.918000,6149.0,6188.0,6052.0,6138.0,nan,6118.13096,2242287,205779082725.0,590934,6149.0,72,6148.0,180,6150.0,148,6147.0,206,6151.0,150,6146.0,189,6152.0,238,6145.0,314,6153.0,135,6144.0,269
1597988244117634048,1597988244433000192,2020-08-21 13:37:24.433000,6149.0,6188.0,6052.0,6138.0,nan,6118.131304,2242312,205781388600.0,590950,6149.0,48,6148.0,181,6150.0,148,6147.0,206,6151.0,150,6146.0,189,6152.0,239,6145.0,314,6153.0,135,6144.0,269
1597988244625722112,1597988244932000000,2020-08-21 13:37:24.932000,6148.0,6188.0,6052.0,6138.0,nan,6118.131576,2242332,205783233180.0,590942,6149.0,46,6148.0,173,6150.0,148,6147.0,206,6151.0,151,6146.0,189,6152.0,239,6145.0,314,6153.0,134,6144.0,269
1597988245122467072,1597988245427000064,2020-08-21 13:37:25.427000,6148.0,6188.0,6052.0,6138.0,nan,6118.131644,2242337,205783694340.0,590939,6149.0,42,6148.0,172,6150.0,149,6147.0,207,6151.0,151,6146.0,189,6152.0,239,6145.0,314,6153.0,134,6144.0,269
1597988245624080896,1597988245882999808,2020-08-21 13:37:25.883000,6149.0,6188.0,6052.0,6138.0,nan,6118.131727,2242343,205784247750.0,590940,6149.0,36,6148.0,174,6150.0,149,6147.0,207,6151.0,151,6146.0,189,6152.0,239,6145.0,314,6153.0,124,6144.0,269
1597988246155688960,1597988246423000064,2020-08-21 13:37:26.423000,6148.0,6188.0,6052.0,6138.0,nan,6118.131958,2242360,205785815655.0,590937,6149.0,25,6148.0,168,6150.0,150,6147.0,207,6151.0,150,6146.0,189,6152.0,239,6145.0,314,6153.0,124,6144.0,269
1597988246639469056,1597988246932000000,2020-08-21 13:37:26.932000,6149.0,6188.0,6052.0,6138.0,nan,6118.132134,2242373,205787014620.0,590935,6149.0,18,6148.0,162,6150.0,150,6147.0,207,6151.0,150,6146.0,190,6152.0,240,6145.0,314,6153.0,124,6144.0,269
1597988247132346880,1597988247436999936,2020-08-21 13:37:27.437000,6149.0,6188.0,6052.0,6138.0,nan,6118.132203,2242378,205787475780.0,590938,6149.0,15,6148.0,157,6150.0,150,6147.0,207,6151.0,151,6146.0,190,6152.0,240,6145.0,313,6153.0,124,6144.0,269
1597988247609253888,1597988247912000000,2020-08-21 13:37:27.912000,6148.0,6188.0,6052.0,6138.0,nan,6118.13227,2242383,205787936895.0,590938,6149.0,15,6148.0,155,6150.0,151,6147.0,207,6151.0,151,6146.0,191,6152.0,240,6145.0,313,6153.0,123,6144.0,269
1597988248143549952,1597988248420999936,2020-08-21 13:37:28.421000,6149.0,6188.0,6052.0,6138.0,nan,6118.132448,2242396,205789135935.0,590940,6149.0,21,6148.0,154,6150.0,151,6147.0,204,6151.0,161,6146.0,192,6152.0,240,6145.0,313,6153.0,123,6144.0,269
1597988248629088000,1597988248938999808,2020-08-21 13:37:28.939000,6149.0,6188.0,6052.0,6138.0,nan,6118.133079,2242443,205793470440.0,590961,6149.0,10,6148.0,121,6150.0,152,6147.0,204,6151.0,161,6146.0,192,6152.0,240,6145.0,312,6153.0,123,6144.0,269
1597988249135856896,1597988249420000000,2020-08-21 13:37:29.420000,6148.0,6188.0,6052.0,6138.0,nan,6118.133134,2242447,205793839365.0,590960,6149.0,46,6148.0,72,6150.0,152,6147.0,202,6151.0,160,6146.0,195,6152.0,229,6145.0,312,6153.0,123,6144.0,269
1597988249611200000,1597988249930000128,2020-08-21 13:37:29.930000,6149.0,6188.0,6052.0,6138.0,nan,6118.133363,2242464,205795407195.0,590954,6149.0,100,6148.0,78,6150.0,163,6147.0,253,6151.0,160,6146.0,195,6152.0,229,6145.0,332,6153.0,123,6144.0,269
1597988250157831936,1597988250435000064,2020-08-21 13:37:30.435000,6148.0,6188.0,6052.0,6138.0,nan,6118.133416,2242468,205795776090.0,590956,6149.0,111,6148.0,77,6150.0,163,6147.0,253,6151.0,160,6146.0,195,6152.0,229,6145.0,332,6153.0,124,6144.0,269
1597988250623494912,1597988250933000192,2020-08-21 13:37:30.933000,6148.0,6188.0,6052.0,6138.0,nan,6118.133496,2242474,205796329410.0,590958,6149.0,111,6148.0,71,6150.0,163,6147.0,253,6151.0,160,6146.0,195,6152.0,228,6145.0,332,6153.0,122,6144.0,269
1597988251121853952,1597988251436000000,2020-08-21 13:37:31.436000,6148.0,6188.0,6052.0,6138.0,nan,6118.133661,2242486,205797436200.0,590958,6149.0,101,6148.0,69,6150.0,163,6147.0,253,6151.0,160,6146.0,195,6152.0,227,6145.0,332,6153.0,122,6144.0,269
1597988251606708992,1597988251914000128,2020-08-21 13:37:31.914000,6148.0,6188.0,6052.0,6138.0,nan,6118.133727,2242491,205797897300.0,590962,6149.0,102,6148.0,64,6150.0,163,6147.0,253,6151.0,150,6146.0,195,6152.0,227,6145.0,331,6153.0,122,6144.0,269
1597988252147866112,1597988252421999872,2020-08-21 13:37:32.422000,6148.0,6188.0,6052.0,6138.0,nan,6118.134087,2242518,205800387240.0,590961,6149.0,55,6148.0,40,6150.0,175,6147.0,253,6151.0,150,6146.0,198,6152.0,227,6145.0,331,6153.0,123,6144.0,269
1597988252607965952,1597988252933000192,2020-08-21 13:37:32.933000,6148.0,6188.0,6052.0,6138.0,nan,6118.134287,2242533,205801770540.0,590971,6149.0,59,6148.0,37,6150.0,185,6147.0,252,6151.0,150,6146.0,197,6152.0,227,6145.0,321,6153.0,113,6144.0,269
1597988253132439040,1597988253424000000,2020-08-21 13:37:33.424000,6149.0,6188.0,6052.0,6138.0,nan,6118.134327,2242536,205802047230.0,590970,6149.0,60,6148.0,39,6150.0,185,6147.0,252,6151.0,150,6146.0,197,6152.0,227,6145.0,321,6153.0,113,6144.0,269
1597988253612698112,1597988253898999808,2020-08-21 13:37:33.899000,6149.0,6188.0,6052.0,6138.0,nan,6118.13441,2242542,205802600625.0,590970,6149.0,55,6148.0,39,6150.0,185,6147.0,253,6151.0,150,6146.0,197,6152.0,227,6145.0,321,6153.0,113,6144.0,269
1597988254121306880,1597988254438999808,2020-08-21 13:37:34.439000,6149.0,6188.0,6052.0,6138.0,nan,6118.134478,2242547,205803061800.0,590969,6149.0,52,6148.0,44,6150.0,185,6147.0,253,6151.0,150,6146.0,197,6152.0,227,6145.0,321,6153.0,113,6144.0,269
1597988254619346944,1597988254935000064,2020-08-21 13:37:34.935000,6149.0,6188.0,6052.0,6138.0,nan,6118.134492,2242548,205803154035.0,590969,6149.0,54,6148.0,49,6150.0,186,6147.0,253,6151.0,147,6146.0,204,6152.0,227,6145.0,321,6153.0,108,6144.0,269
1597988255109232896,1597988255433000192,2020-08-21 13:37:35.433000,6149.0,6188.0,6052.0,6138.0,nan,6118.134506,2242549,205803246270.0,590968,6149.0,55,6148.0,49,6150.0,186,6147.0,261,6151.0,147,6146.0,204,6152.0,228,6145.0,321,6153.0,108,6144.0,269
1597988255614639104,1597988255931000064,2020-08-21 13:37:35.931000,6149.0,6188.0,6052.0,6138.0,nan,6118.134575,2242554,205803707445.0,590963,6149.0,51,6148.0,62,6150.0,191,6147.0,261,6151.0,147,6146.0,203,6152.0,228,6145.0,321,6153.0,108,6144.0,269
1597988256144363008,1597988256426000128,2020-08-21 13:37:36.426000,6149.0,6188.0,6052.0,6138.0,nan,6118.134616,2242557,205803984150.0,590960,6149.0,55,6148.0,64,6150.0,191,6147.0,259,6151.0,146,6146.0,201,6152.0,228,6145.0,321,6153.0,108,6144.0,269
1597988256615152128,1597988256924999936,2020-08-21 13:37:36.925000,6149.0,6188.0,6052.0,6138.0,nan,6118.134616,2242557,205803984150.0,590960,6149.0,56,6148.0,70,6150.0,192,6147.0,259,6151.0,146,6146.0,201,6152.0,228,6145.0,322,6153.0,108,6144.0,269
1597988257116346880,1597988257427000064,2020-08-21 13:37:37.427000,6148.0,6188.0,6052.0,6138.0,nan,6118.134643,2242559,205804168590.0,590960,6149.0,57,6148.0,70,6150.0,186,6147.0,259,6151.0,146,6146.0,201,6152.0,228,6145.0,323,6153.0,108,6144.0,269
1597988257614110976,1597988257933000192,2020-08-21 13:37:37.933000,6149.0,6188.0,6052.0,6138.0,nan,6118.134724,2242565,205804721970.0,590960,6149.0,54,6148.0,73,6150.0,192,6147.0,259,6151.0,147,6146.0,201,6152.0,228,6145.0,323,6153.0,108,6144.0,269
1597988258112793088,1597988258416999936,2020-08-21 13:37:38.417000,6148.0,6188.0,6052.0,6138.0,nan,6118.134818,2242572,205805367540.0,590962,6149.0,52,6148.0,70,6150.0,192,6147.0,262,6151.0,147,6146.0,201,6152.0,229,6145.0,323,6153.0,108,6144.0,269
1597988258603608064,1597988258935000064,2020-08-21 13:37:38.935000,6149.0,6188.0,6052.0,6138.0,nan,6118.134997,2242585,205806566595.0,590955,6149.0,39,6148.0,71,6150.0,192,6147.0,262,6151.0,147,6146.0,200,6152.0,229,6145.0,322,6153.0,108,6144.0,269
1597988259137218048,1597988259405999872,2020-08-21 13:37:39.406000,6149.0,6188.0,6052.0,6138.0,nan,6118.135121,2242594,205807396710.0,590956,6149.0,29,6148.0,73,6150.0,192,6147.0,272,6151.0,147,6146.0,200,6152.0,229,6145.0,326,6153.0,108,6144.0,269
1597988259622697984,1597988259921999872,2020-08-21 13:37:39.922000,6148.0,6188.0,6052.0,6138.0,nan,6118.135135,2242595,205807488930.0,590956,6149.0,29,6148.0,74,6150.0,191,6147.0,272,6151.0,147,6146.0,199,6152.0,229,6145.0,326,6153.0,108,6144.0,266
1597988260119963904,1597988260427000064,2020-08-21 13:37:40.427000,6148.0,6188.0,6052.0,6138.0,nan,6118.135214,2242601,205808042250.0,590952,6149.0,30,6148.0,72,6150.0,191,6147.0,272,6151.0,146,6146.0,199,6152.0,229,6145.0,326,6153.0,108,6144.0,266
1597988260622951936,1597988260932000000,2020-08-21 13:37:40.932000,6149.0,6188.0,6052.0,6138.0,nan,6118.135311,2242608,205808687895.0,590948,6149.0,28,6148.0,76,6150.0,191,6147.0,272,6151.0,148,6146.0,199,6152.0,229,6145.0,326,6153.0,108,6144.0,266
1597988261148788992,1597988261436000000,2020-08-21 13:37:41.436000,6149.0,6188.0,6052.0,6138.0,nan,6118.135311,2242608,205808687895.0,590948,6149.0,29,6148.0,77,6150.0,204,6147.0,272,6151.0,148,6146.0,199,6152.0,229,6145.0,326,6153.0,108,6144.0,266
1597988261604387072,1597988261931000064,2020-08-21 13:37:41.931000,6149.0,6188.0,6052.0,6138.0,nan,6118.135311,2242608,205808687895.0,590948,6149.0,39,6148.0,78,6150.0,200,6147.0,273,6151.0,149,6146.0,199,6152.0,229,6145.0,326,6153.0,107,6144.0,266
1597988262122714880,1597988262435000064,2020-08-21 13:37:42.435000,6148.0,6188.0,6052.0,6138.0,nan,6118.135351,2242611,205808964555.0,590948,6149.0,39,6148.0,75,6150.0,200,6147.0,276,6151.0,149,6146.0,199,6152.0,229,6145.0,326,6153.0,107,6144.0,266
1597988262619586048,1597988262910000128,2020-08-21 13:37:42.910000,6148.0,6188.0,6052.0,6138.0,nan,6118.135364,2242612,205809056775.0,590948,6149.0,41,6148.0,74,6150.0,200,6147.0,279,6151.0,151,6146.0,196,6152.0,230,6145.0,327,6153.0,107,6144.0,266
1597988263109242112,1597988263379000064,2020-08-21 13:37:43.379000,6149.0,6188.0,6052.0,6138.0,nan,6118.135391,2242614,205809241230.0,590949,6149.0,50,6148.0,74,6150.0,200,6147.0,279,6151.0,151,6146.0,197,6152.0,230,6145.0,327,6153.0,107,6144.0,266
1597988263604388096,1597988263930000128,2020-08-21 13:37:43.930000,6148.0,6188.0,6052.0,6138.0,nan,6118.135404,2242615,205809333450.0,590950,6149.0,51,6148.0,74,6150.0,201,6147.0,279,6151.0,151,6146.0,197,6152.0,230,6145.0,327,6153.0,107,6144.0,266
1597988264124093952,1597988264433000192,2020-08-21 13:37:44.433000,6149.0,6188.0,6052.0,6138.0,nan,6118.135553,2242626,205810347945.0,590942,6149.0,50,6148.0,68,6150.0,201,6147.0,279,6151.0,152,6146.0,197,6152.0,230,6145.0,327,6153.0,106,6144.0,266
1597988264603660032,1597988264935000064,2020-08-21 13:37:44.935000,6149.0,6188.0,6052.0,6138.0,nan,6118.135594,2242629,205810624620.0,590942,6149.0,51,6148.0,67,6150.0,201,6147.0,279,6151.0,152,6146.0,197,6152.0,230,6145.0,327,6153.0,105,6144.0,266
1597988265139983872,1597988265413000192,2020-08-21 13:37:45.413000,6148.0,6188.0,6052.0,6138.0,nan,6118.13562,2242631,205810809060.0,590943,6149.0,51,6148.0,65,6150.0,202,6147.0,293,6151.0,153,6146.0,197,6152.0,230,6145.0,323,6153.0,105,6144.0,266
1597988265614746112,1597988265935000064,2020-08-21 13:37:45.935000,6148.0,6188.0,6052.0,6138.0,nan,6118.135673,2242635,205811177940.0,590947,6149.0,55,6148.0,61,6150.0,202,6147.0,293,6151.0,153,6146.0,197,6152.0,230,6145.0,323,6153.0,105,6144.0,266
1597988266144093952,1597988266424999936,2020-08-21 13:37:46.425000,6149.0,6188.0,6052.0,6138.0,nan,6118.135756,2242641,205811731350.0,590943,6149.0,52,6148.0,67,6150.0,204,6147.0,292,6151.0,153,6146.0,198,6152.0,230,6145.0,323,6153.0,105,6144.0,266
1597988266604276992,1597988266924000000,2020-08-21 13:37:46.924000,6148.0,6188.0,6052.0,6138.0,nan,6118.135907,2242652,205812745920.0,590944,6149.0,42,6148.0,67,6150.0,204,6147.0,292,6151.0,153,6146.0,198,6152.0,230,6145.0,322,6153.0,105,6144.0,266
1597988267138519040,1597988267416999936,2020-08-21 13:37:47.417000,6147.0,6188.0,6052.0,6138.0,nan,6118.136926,2242729,205819846650.0,590906,6149.0,50,6147.0,278,6150.0,204,6146.0,198,6151.0,153,6145.0,322,6152.0,230,6144.0,266,6153.0,105,6143.0,132
1597988267602414080,1597988267938999808,2020-08-21 13:37:47.939000,6149.0,6188.0,6052.0,6138.0,nan,6118.137032,2242737,205820584395.0,590907,6149.0,68,6148.0,27,6150.0,216,6147.0,247,6151.0,152,6146.0,199,6152.0,230,6145.0,322,6153.0,95,6144.0,266
1597988268150863104,1597988268428999936,2020-08-21 13:37:48.429000,6148.0,6188.0,6052.0,6138.0,nan,6118.137418,2242766,205823258775.0,590934,6149.0,79,6147.0,247,6150.0,217,6146.0,199,6151.0,152,6145.0,322,6152.0,230,6144.0,266,6153.0,95,6143.0,132
1597988268604184064,1597988268924999936,2020-08-21 13:37:48.925000,6149.0,6188.0,6052.0,6138.0,nan,6118.137871,2242799,205826302470.0,590960,6149.0,54,6147.0,247,6150.0,217,6146.0,198,6151.0,152,6145.0,322,6152.0,230,6144.0,266,6153.0,95,6143.0,132
1597988269117494016,1597988269407000064,2020-08-21 13:37:49.407000,6148.0,6188.0,6052.0,6138.0,nan,6118.137938,2242804,205826763585.0,590956,6148.0,1,6147.0,248,6149.0,53,6146.0,198,6150.0,217,6145.0,322,6151.0,152,6144.0,266,6152.0,230,6143.0,132
1597988269630580992,1597988269923000064,2020-08-21 13:37:49.923000,6148.0,6188.0,6052.0,6138.0,nan,6118.137951,2242805,205826855805.0,590956,6148.0,4,6147.0,248,6149.0,53,6146.0,199,6150.0,215,6145.0,322,6151.0,151,6144.0,266,6152.0,230,6143.0,132
1597988270148998912,1597988270424000000,2020-08-21 13:37:50.424000,6148.0,6188.0,6052.0,6138.0,nan,6118.137951,2242805,205826855805.0,590956,6148.0,14,6147.0,248,6149.0,64,6146.0,200,6150.0,215,6145.0,322,6151.0,151,6144.0,266,6152.0,230,6143.0,132
1597988270610729984,1597988270935000064,2020-08-21 13:37:50.935000,6147.0,6188.0,6052.0,6138.0,nan,6118.138208,2242825,205828699905.0,590955,6148.0,24,6147.0,228,6149.0,65,6146.0,200,6150.0,213,6145.0,318,6151.0,151,6144.0,266,6152.0,230,6143.0,132
1597988271147141888,1597988271434000128,2020-08-21 13:37:51.434000,6148.0,6188.0,6052.0,6138.0,nan,6118.138314,2242833,205829437650.0,590958,6148.0,32,6147.0,227,6149.0,66,6146.0,200,6150.0,217,6145.0,318,6151.0,151,6144.0,266,6152.0,227,6143.0,132
1597988271605669120,1597988271913000192,2020-08-21 13:37:51.913000,6148.0,6188.0,6052.0,6138.0,nan,6118.138314,2242833,205829437650.0,590958,6148.0,38,6147.0,228,6149.0,66,6146.0,200,6150.0,218,6145.0,318,6151.0,151,6144.0,266,6152.0,227,6143.0,125
1597988272108930048,1597988272432000000,2020-08-21 13:37:52.432000,6148.0,6188.0,6052.0,6138.0,nan,6118.138341,2242835,205829622090.0,590956,6148.0,37,6147.0,227,6149.0,66,6146.0,200,6150.0,218,6145.0,318,6151.0,151,6144.0,266,6152.0,227,6143.0,128
1597988272618777088,1597988272932000000,2020-08-21 13:37:52.932000,6147.0,6188.0,6052.0,6138.0,nan,6118.138419,2242841,205830175350.0,590957,6148.0,36,6147.0,224,6149.0,66,6146.0,201,6150.0,218,6145.0,318,6151.0,150,6144.0,266,6152.0,227,6143.0,128
1597988273146855936,1597988273434000128,2020-08-21 13:37:53.434000,6148.0,6188.0,6052.0,6138.0,nan,6118.138432,2242842,205830267570.0,590957,6148.0,35,6147.0,224,6149.0,67,6146.0,201,6150.0,222,6145.0,318,6151.0,150,6144.0,267,6152.0,226,6143.0,128
1597988273614919936,1597988273932000000,2020-08-21 13:37:53.932000,6147.0,6188.0,6052.0,6138.0,nan,6118.138458,2242844,205830451980.0,590957,6148.0,40,6147.0,223,6149.0,67,6146.0,200,6150.0,212,6145.0,318,6151.0,150,6144.0,267,6152.0,221,6143.0,128
1597988274148175872,1597988274432000000,2020-08-21 13:37:54.432000,6148.0,6188.0,6052.0,6138.0,nan,6118.138577,2242853,205831281915.0,590953,6148.0,37,6147.0,220,6149.0,67,6146.0,201,6150.0,212,6145.0,318,6151.0,150,6144.0,267,6152.0,221,6143.0,128
1597988274614932992,1597988274931000064,2020-08-21 13:37:54.931000,6146.0,6188.0,6052.0,6138.0,nan,6118.141394,2243072,205851474795.0,590893,6147.0,25,6146.0,198,6148.0,52,6145.0,318,6149.0,67,6144.0,267,6150.0,214,6143.0,128,6151.0,148,6142.0,139
1597988275119089920,1597988275411000064,2020-08-21 13:37:55.411000,6145.0,6188.0,6052.0,6138.0,nan,6118.143889,2243273,205870004955.0,590935,6146.0,9,6145.0,317,6147.0,58,6144.0,265,6148.0,73,6143.0,129,6149.0,67,6142.0,139,6150.0,215,6141.0,148
1597988275664148992,1597988275917999872,2020-08-21 13:37:55.918000,6146.0,6188.0,6052.0,6138.0,nan,6118.144071,2243288,205871387655.0,590939,6146.0,104,6145.0,299,6147.0,88,6144.0,265,6148.0,68,6143.0,129,6149.0,64,6142.0,140,6150.0,215,6141.0,148
1597988276145146880,1597988276423000064,2020-08-21 13:37:56.423000,6145.0,6188.0,6052.0,6138.0,nan,6118.144275,2243305,205872954645.0,590944,6146.0,107,6145.0,286,6147.0,75,6144.0,265,6148.0,70,6143.0,129,6149.0,66,6142.0,140,6150.0,215,6141.0,148
1597988276701317888,1597988276926000128,2020-08-21 13:37:56.926000,6145.0,6188.0,6052.0,6138.0,nan,6118.144347,2243311,205873507695.0,590948,6146.0,110,6145.0,279,6147.0,72,6144.0,265,6148.0,69,6143.0,129,6149.0,66,6142.0,140,6150.0,215,6141.0,148
1597988277232354048,1597988277428999936,2020-08-21 13:37:57.429000,6146.0,6188.0,6052.0,6138.0,nan,6118.145577,2243411,205882726320.0,590940,6146.0,27,6145.0,264,6147.0,72,6144.0,270,6148.0,69,6143.0,129,6149.0,66,6142.0,140,6150.0,214,6141.0,148
1597988277609532928,1597988277920000000,2020-08-21 13:37:57.920000,6145.0,6188.0,6052.0,6138.0,nan,6118.146211,2243463,205887519810.0,590935,6147.0,71,6145.0,237,6148.0,69,6144.0,270,6149.0,66,6143.0,129,6150.0,209,6142.0,140,6151.0,145,6141.0,148
1597988278118408960,1597988278436000000,2020-08-21 13:37:58.436000,6145.0,6188.0,6052.0,6138.0,nan,6118.146355,2243475,205888625910.0,590933,6147.0,51,6146.0,12,6148.0,68,6145.0,246,6149.0,66,6144.0,270,6150.0,209,6143.0,129,6151.0,145,6142.0,140
1597988278621744128,1597988278937999872,2020-08-21 13:37:58.938000,6146.0,6188.0,6052.0,6138.0,nan,6118.146862,2243516,205892405625.0,590934,6146.0,1,6145.0,253,6147.0,49,6144.0,270,6148.0,80,6143.0,129,6149.0,66,6142.0,141,6150.0,198,6141.0,148
1597988279154508032,1597988279436000000,2020-08-21 13:37:59.436000,6146.0,6188.0,6052.0,6138.0,nan,6118.147036,2243530,205893696300.0,590938,6147.0,49,6146.0,27,6148.0,80,6145.0,254,6149.0,66,6144.0,270,6150.0,198,6143.0,128,6151.0,145,6142.0,141
1597988279621564928,1597988279936999936,2020-08-21 13:37:59.937000,6146.0,6188.0,6052.0,6138.0,nan,6118.147111,2243536,205894249455.0,590937,6147.0,48,6146.0,23,6148.0,80,6145.0,254,6149.0,67,6144.0,270,6150.0,198,6143.0,128,6151.0,146,6142.0,141
1597988280125403904,1597988280436000000,2020-08-21 13:38:00.436000,6146.0,6188.0,6052.0,6138.0,nan,6118.147347,2243555,205896001065.0,590926,6147.0,65,6146.0,6,6148.0,80,6145.0,256,6149.0,67,6144.0,275,6150.0,197,6143.0,129,6151.0,146,6142.0,141
1597988280604683008,1597988280933000192,2020-08-21 13:38:00.933000,6146.0,6188.0,6052.0,6138.0,nan,6118.147471,2243565,205896922965.0,590925,6147.0,69,6145.0,264,6148.0,79,6144.0,284,6149.0,70,6143.0,129,6150.0,197,6142.0,141,6151.0,145,6141.0,148
1597988281110597120,1597988281405999872,2020-08-21 13:38:01.406000,6145.0,6188.0,6052.0,6138.0,nan,6118.147585,2243574,205897752735.0,590918,6147.0,66,6145.0,267,6148.0,76,6144.0,283,6149.0,71,6143.0,129,6150.0,197,6142.0,142,6151.0,144,6141.0,148
1597988281599580928,1597988281924999936,2020-08-21 13:38:01.925000,6146.0,6188.0,6052.0,6138.0,nan,6118.147695,2243583,205898582415.0,590916,6147.0,75,6145.0,266,6148.0,76,6144.0,283,6149.0,69,6143.0,129,6150.0,193,6142.0,142,6151.0,144,6141.0,148
1597988282151884032,1597988282423000064,2020-08-21 13:38:02.423000,6145.0,6188.0,6052.0,6138.0,nan,6118.147839,2243595,205899688515.0,590910,6146.0,1,6145.0,255,6147.0,75,6144.0,283,6148.0,81,6143.0,129,6149.0,68,6142.0,141,6150.0,203,6141.0,148
1597988282626856960,1597988282935000064,2020-08-21 13:38:02.935000,6145.0,6188.0,6052.0,6138.0,nan,6118.147924,2243602,205900333770.0,590909,6146.0,27,6145.0,245,6147.0,75,6144.0,283,6148.0,84,6143.0,129,6149.0,74,6142.0,139,6150.0,203,6141.0,146
1597988283123309056,1597988283430000128,2020-08-21 13:38:03.430000,6146.0,6188.0,6052.0,6138.0,nan,6118.147997,2243608,205900886880.0,590912,6146.0,47,6145.0,249,6147.0,68,6144.0,283,6148.0,84,6143.0,129,6149.0,74,6142.0,139,6150.0,203,6141.0,146
1597988283620370944,1597988283913000192,2020-08-21 13:38:03.913000,6146.0,6188.0,6052.0,6138.0,nan,6118.148346,2243637,205903560000.0,590909,6146.0,49,6145.0,224,6147.0,68,6144.0,283,6148.0,79,6143.0,128,6149.0,74,6142.0,139,6150.0,204,6141.0,146
1597988284130759936,1597988284435000064,2020-08-21 13:38:04.435000,6145.0,6188.0,6052.0,6138.0,nan,6118.148627,2243660,205905680235.0,590908,6146.0,54,6145.0,220,6147.0,68,6144.0,283,6148.0,79,6143.0,128,6149.0,74,6142.0,140,6150.0,204,6141.0,146
1597988284602516992,1597988284932000000,2020-08-21 13:38:04.932000,6146.0,6188.0,6052.0,6138.0,nan,6118.148739,2243669,205906509930.0,590916,6146.0,47,6145.0,215,6147.0,64,6144.0,283,6148.0,78,6143.0,128,6149.0,75,6142.0,140,6150.0,205,6141.0,146
1597988285125505024,1597988285413000192,2020-08-21 13:38:05.413000,6146.0,6188.0,6052.0,6138.0,nan,6118.148776,2243672,205906786500.0,590916,6146.0,54,6145.0,218,6147.0,63,6144.0,284,6148.0,79,6143.0,129,6149.0,75,6142.0,140,6150.0,205,6141.0,146
1597988285624310016,1597988285937999872,2020-08-21 13:38:05.938000,6145.0,6188.0,6052.0,6138.0,nan,6118.148934,2243685,205907984850.0,590919,6146.0,50,6145.0,213,6147.0,63,6144.0,284,6148.0,84,6143.0,129,6149.0,75,6142.0,140,6150.0,205,6141.0,146
1597988286147120128,1597988286428000000,2020-08-21 13:38:06.428000,6145.0,6188.0,6052.0,6138.0,nan,6118.149188,2243706,205909920630.0,590929,6146.0,57,6145.0,201,6147.0,65,6144.0,284,6148.0,82,6143.0,129,6149.0,75,6142.0,140,6150.0,204,6141.0,146
1597988286616933888,1597988286936000000,2020-08-21 13:38:06.936000,6145.0,6188.0,6052.0,6138.0,nan,6118.149694,2243748,205913792100.0,590921,6146.0,50,6145.0,173,6147.0,65,6144.0,284,6148.0,82,6143.0,129,6149.0,75,6142.0,140,6150.0,204,6141.0,146
1597988287104940032,1597988287435000064,2020-08-21 13:38:07.435000,6145.0,6188.0,6052.0,6138.0,nan,6118.150115,2243783,205917018300.0,590927,6146.0,55,6145.0,147,6147.0,65,6144.0,284,6148.0,81,6143.0,129,6149.0,75,6142.0,140,6150.0,204,6141.0,146
1597988287621769984,1597988287937999872,2020-08-21 13:38:07.938000,6145.0,6188.0,6052.0,6138.0,nan,6118.150163,2243787,205917387000.0,590925,6146.0,56,6145.0,146,6147.0,66,6144.0,284,6148.0,82,6143.0,129,6149.0,75,6142.0,139,6150.0,206,6141.0,146
1597988288150196992,1597988288436999936,2020-08-21 13:38:08.437000,6145.0,6188.0,6052.0,6138.0,nan,6118.150235,2243793,205917940050.0,590926,6146.0,56,6145.0,143,6147.0,67,6144.0,234,6148.0,82,6143.0,129,6149.0,74,6142.0,140,6150.0,208,6141.0,146
1597988288608368896,1597988288913000192,2020-08-21 13:38:08.913000,6145.0,6188.0,6052.0,6138.0,nan,6118.150321,2243800,205918585350.0,590927,6146.0,53,6145.0,147,6147.0,68,6144.0,234,6148.0,81,6143.0,177,6149.0,74,6142.0,140,6150.0,221,6141.0,146
1597988289131512064,1597988289432000000,2020-08-21 13:38:09.432000,6145.0,6188.0,6052.0,6138.0,nan,6118.150431,2243809,205919415015.0,590933,6146.0,48,6145.0,151,6147.0,67,6144.0,234,6148.0,81,6143.0,177,6149.0,87,6142.0,140,6150.0,221,6141.0,146
1597988289620243968,1597988289911000064,2020-08-21 13:38:09.911000,6145.0,6188.0,6052.0,6138.0,nan,6118.152274,2243963,205933609965.0,591020,6145.0,9,6144.0,234,6146.0,51,6143.0,177,6147.0,66,6142.0,140,6148.0,79,6141.0,146,6149.0,87,6140.0,408
1597988290118130944,1597988290417999872,2020-08-21 13:38:10.418000,6145.0,6188.0,6052.0,6138.0,nan,6118.152476,2243980,205935176880.0,591021,6145.0,37,6144.0,230,6146.0,59,6143.0,177,6147.0,66,6142.0,138,6148.0,78,6141.0,147,6149.0,86,6140.0,409
1597988290603297024,1597988290931000064,2020-08-21 13:38:10.931000,6144.0,6188.0,6052.0,6138.0,nan,6118.152662,2243996,205936651515.0,591032,6145.0,73,6144.0,217,6146.0,59,6143.0,176,6147.0,67,6142.0,139,6148.0,78,6141.0,147,6149.0,86,6140.0,409
1597988291122592000,1597988291432000000,2020-08-21 13:38:11.432000,6145.0,6188.0,6052.0,6138.0,nan,6118.153199,2244041,205940799345.0,591050,6145.0,45,6144.0,214,6146.0,56,6143.0,176,6147.0,67,6142.0,139,6148.0,79,6141.0,147,6149.0,86,6140.0,409
1597988291623660032,1597988291936000000,2020-08-21 13:38:11.936000,6144.0,6188.0,6052.0,6138.0,nan,6118.15328,2244048,205941444480.0,591056,6145.0,50,6144.0,211,6146.0,56,6143.0,176,6147.0,67,6142.0,139,6148.0,79,6141.0,149,6149.0,86,6140.0,409
1597988292158388992,1597988292436999936,2020-08-21 13:38:12.437000,6144.0,6188.0,6052.0,6138.0,nan,6118.153419,2244060,205942550430.0,591059,6145.0,52,6144.0,200,6146.0,56,6143.0,175,6147.0,67,6142.0,140,6148.0,79,6141.0,149,6149.0,87,6140.0,409
1597988292614062080,1597988292936000000,2020-08-21 13:38:12.936000,6144.0,6188.0,6052.0,6138.0,nan,6118.153622,2244077,205944117390.0,591072,6145.0,40,6144.0,199,6146.0,56,6143.0,175,6147.0,68,6142.0,140,6148.0,74,6141.0,149,6149.0,82,6140.0,409
1597988293111084032,1597988293428000000,2020-08-21 13:38:13.428000,6146.0,6188.0,6052.0,6138.0,nan,6118.154292,2244133,205949279190.0,591055,6146.0,56,6145.0,8,6147.0,68,6144.0,199,6148.0,72,6143.0,175,6149.0,82,6142.0,141,6150.0,233,6141.0,149
1597988293604518912,1597988293931000064,2020-08-21 13:38:13.931000,6146.0,6188.0,6052.0,6138.0,nan,6118.154604,2244159,205951675770.0,591052,6146.0,59,6145.0,26,6147.0,68,6144.0,214,6148.0,73,6143.0,175,6149.0,85,6142.0,141,6150.0,233,6141.0,150
1597988294145899008,1597988294430000128,2020-08-21 13:38:14.430000,6145.0,6188.0,6052.0,6138.0,nan,6118.154736,2244170,205952689695.0,591047,6146.0,58,6145.0,26,6147.0,68,6144.0,214,6148.0,69,6143.0,175,6149.0,85,6142.0,143,6150.0,232,6141.0,150
1597988294612550912,1597988294933000192,2020-08-21 13:38:14.933000,6145.0,6188.0,6052.0,6138.0,nan,6118.154867,2244181,205953703620.0,591047,6146.0,58,6145.0,22,6147.0,68,6144.0,221,6148.0,69,6143.0,175,6149.0,85,6142.0,143,6150.0,234,6141.0,150
1597988295170441984,1597988295438999808,2020-08-21 13:38:15.439000,6145.0,6188.0,6052.0,6138.0,nan,6118.155094,2244200,205955454945.0,591043,6146.0,58,6145.0,10,6147.0,68,6144.0,222,6148.0,82,6143.0,176,6149.0,85,6142.0,142,6150.0,234,6141.0,150
1597988295619696128,1597988295937999872,2020-08-21 13:38:15.938000,6146.0,6188.0,6052.0,6138.0,nan,6118.155203,2244209,205956284535.0,591039,6146.0,58,6145.0,5,6147.0,68,6144.0,223,6148.0,80,6143.0,230,6149.0,84,6142.0,142,6150.0,234,6141.0,148
1597988296117242112,1597988296431000064,2020-08-21 13:38:16.431000,6145.0,6188.0,6052.0,6138.0,nan,6118.155466,2244231,205958312385.0,591031,6145.0,7,6144.0,223,6146.0,58,6143.0,230,6147.0,68,6142.0,142,6148.0,80,6141.0,148,6149.0,84,6140.0,409
1597988296627982080,1597988296903000064,2020-08-21 13:38:16.903000,6145.0,6188.0,6052.0,6138.0,nan,6118.155705,2244251,205960155870.0,591035,6145.0,7,6144.0,226,6146.0,59,6143.0,231,6147.0,68,6142.0,142,6148.0,80,6141.0,147,6149.0,84,6140.0,409
1597988297158668032,1597988297424999936,2020-08-21 13:38:17.425000,6145.0,6188.0,6052.0,6138.0,nan,6118.155835,2244262,205961169765.0,591032,6145.0,3,6144.0,224,6146.0,62,6143.0,231,6147.0,68,6142.0,142,6148.0,80,6141.0,147,6149.0,83,6140.0,409
1597988297613085952,1597988297937999872,2020-08-21 13:38:17.938000,6145.0,6188.0,6052.0,6138.0,nan,6118.155954,2244272,205962091500.0,591030,6145.0,3,6144.0,224,6146.0,62,6143.0,231,6147.0,68,6142.0,143,6148.0,80,6141.0,146,6149.0,83,6140.0,409
1597988298138195968,1597988298433000192,2020-08-21 13:38:18.433000,6144.0,6188.0,6052.0,6138.0,nan,6118.156202,2244293,205964027055.0,591030,6146.0,62,6145.0,14,6147.0,68,6144.0,216,6148.0,80,6143.0,261,6149.0,83,6142.0,143,6150.0,236,6141.0,146
1597988298612498944,1597988298876000000,2020-08-21 13:38:18.876000,6145.0,6188.0,6052.0,6138.0,nan,6118.156238,2244296,205964303580.0,591030,6146.0,64,6145.0,41,6147.0,68,6144.0,224,6148.0,79,6143.0,261,6149.0,83,6142.0,143,6150.0,235,6141.0,146
1597988299115030016,1597988299417999872,2020-08-21 13:38:19.418000,6145.0,6188.0,6052.0,6138.0,nan,6118.156274,2244299,205964580105.0,591029,6146.0,68,6145.0,77,6147.0,63,6144.0,225,6148.0,79,6143.0,261,6149.0,82,6142.0,143,6150.0,235,6141.0,146
1597988299626075904,1597988299933000192,2020-08-21 13:38:19.933000,6146.0,6188.0,6052.0,6138.0,nan,6118.156395,2244309,205965501900.0,591021,6146.0,65,6145.0,75,6147.0,63,6144.0,226,6148.0,79,6143.0,261,6149.0,82,6142.0,143,6150.0,234,6141.0,146
1597988300158231040,1597988300418999808,2020-08-21 13:38:20.419000,6145.0,6188.0,6052.0,6138.0,nan,6118.156478,2244316,205966147125.0,591025,6146.0,65,6145.0,94,6147.0,63,6144.0,227,6148.0,79,6143.0,261,6149.0,82,6142.0,143,6150.0,236,6141.0,146
1597988300621616128,1597988300936999936,2020-08-21 13:38:20.937000,6146.0,6188.0,6052.0,6138.0,nan,6118.156626,2244328,205967253360.0,591018,6146.0,78,6145.0,109,6147.0,67,6144.0,227,6148.0,78,6143.0,261,6149.0,82,6142.0,143,6150.0,236,6141.0,146
1597988301686576128,1597988301433000192,2020-08-21 13:38:21.433000,6145.0,6188.0,6052.0,6138.0,nan,6118.156785,2244341,205968451755.0,591010,6146.0,75,6145.0,108,6147.0,67,6144.0,227,6148.0,78,6143.0,261,6149.0,82,6142.0,143,6150.0,236,6141.0,146
1597988302027964928,1597988301933000192,2020-08-21 13:38:21.933000,6145.0,6188.0,6052.0,6138.0,nan,6118.156797,2244342,205968543930.0,591009,6146.0,80,6145.0,109,6147.0,67,6144.0,227,6148.0,79,6143.0,261,6149.0,82,6142.0,143,6150.0,240,6141.0,146
1597988302144326912,1597988302412000000,2020-08-21 13:38:22.412000,6146.0,6188.0,6052.0,6138.0,nan,6118.156834,2244345,205968820485.0,591008,6146.0,78,6145.0,109,6147.0,68,6144.0,227,6148.0,79,6143.0,261,6149.0,82,6142.0,143,6150.0,239,6141.0,146
1597988302632211968,1597988302926000128,2020-08-21 13:38:22.926000,6145.0,6188.0,6052.0,6138.0,nan,6118.156894,2244350,205969281360.0,591006,6146.0,80,6145.0,109,6147.0,68,6144.0,230,6148.0,79,6143.0,261,6149.0,83,6142.0,142,6150.0,239,6141.0,146
1597988303122994944,1597988303428000000,2020-08-21 13:38:23.428000,6145.0,6188.0,6052.0,6138.0,nan,6118.157472,2244398,205973705910.0,591039,6146.0,71,6145.0,78,6147.0,68,6144.0,230,6148.0,79,6143.0,262,6149.0,83,6142.0,142,6150.0,240,6141.0,146
1597988303604879104,1597988303917999872,2020-08-21 13:38:23.918000,6146.0,6188.0,6052.0,6138.0,nan,6118.157547,2244404,205974259050.0,591042,6146.0,73,6145.0,82,6147.0,68,6144.0,230,6148.0,79,6143.0,262,6149.0,83,6142.0,143,6150.0,240,6141.0,146
1597988304163648000,1597988304435000064,2020-08-21 13:38:24.435000,6145.0,6188.0,6052.0,6138.0,nan,6118.158312,2244466,205979974710.0,591025,6146.0,32,6145.0,86,6147.0,68,6144.0,231,6148.0,85,6143.0,262,6149.0,83,6142.0,144,6150.0,241,6141.0,146
1597988304627550976,1597988304928999936,2020-08-21 13:38:24.929000,6146.0,6188.0,6052.0,6138.0,nan,6118.158556,2244486,205981818360.0,591026,6146.0,24,6145.0,77,6147.0,69,6144.0,231,6148.0,85,6143.0,262,6149.0,83,6142.0,144,6150.0,241,6141.0,146
1597988305114915072,1597988305433000192,2020-08-21 13:38:25.433000,6146.0,6188.0,6052.0,6138.0,nan,6118.158641,2244493,205982463630.0,591029,6146.0,25,6145.0,78,6147.0,69,6144.0,233,6148.0,85,6143.0,262,6149.0,83,6142.0,144,6150.0,241,6141.0,146
1597988305622887936,1597988305936999936,2020-08-21 13:38:25.937000,6145.0,6188.0,6052.0,6138.0,nan,6118.158738,2244501,205983201075.0,591027,6146.0,23,6145.0,75,6147.0,69,6144.0,236,6148.0,85,6143.0,262,6149.0,83,6142.0,145,6150.0,241,6141.0,146
1597988306149857024,1597988306417999872,2020-08-21 13:38:26.418000,6146.0,6188.0,6052.0,6138.0,nan,6118.158762,2244503,205983385440.0,591028,6146.0,22,6145.0,74,6147.0,69,6144.0,238,6148.0,85,6143.0,263,6149.0,83,6142.0,145,6150.0,238,6141.0,146
1597988306617014016,1597988306932000000,2020-08-21 13:38:26.932000,6145.0,6188.0,6052.0,6138.0,nan,6118.158774,2244504,205983477615.0,591029,6146.0,29,6145.0,75,6147.0,69,6144.0,239,6148.0,85,6143.0,263,6149.0,84,6142.0,145,6150.0,238,6141.0,146
1597988307115083008,1597988307413000192,2020-08-21 13:38:27.413000,6146.0,6188.0,6052.0,6138.0,nan,6118.158798,2244506,205983661980.0,591031,6146.0,29,6145.0,74,6147.0,69,6144.0,239,6148.0,81,6143.0,263,6149.0,84,6142.0,146,6150.0,238,6141.0,146
1597988307611098880,1597988307923000064,2020-08-21 13:38:27.923000,6145.0,6188.0,6052.0,6138.0,nan,6118.158918,2244516,205984583730.0,591041,6146.0,31,6145.0,64,6147.0,69,6144.0,240,6148.0,79,6143.0,263,6149.0,84,6142.0,146,6150.0,238,6141.0,146
1597988308124429056,1597988308432000000,2020-08-21 13:38:28.432000,6145.0,6188.0,6052.0,6138.0,nan,6118.158978,2244521,205985044620.0,591044,6146.0,31,6145.0,61,6147.0,69,6144.0,240,6148.0,79,6143.0,263,6149.0,84,6142.0,146,6150.0,238,6141.0,146
1597988308633203968,1597988308936999936,2020-08-21 13:38:28.937000,6145.0,6188.0,6052.0,6138.0,nan,6118.159087,2244530,205985874225.0,591041,6146.0,52,6145.0,71,6147.0,69,6144.0,240,6148.0,79,6143.0,263,6149.0,84,6142.0,146,6150.0,237,6141.0,146
1597988309126806016,1597988309437999872,2020-08-21 13:38:29.438000,6146.0,6188.0,6052.0,6138.0,nan,6118.159124,2244533,205986150795.0,591042,6146.0,50,6145.0,73,6147.0,69,6144.0,241,6148.0,79,6143.0,263,6149.0,84,6142.0,146,6150.0,236,6141.0,146
1597988309707087104,1597988309937999872,2020-08-21 13:38:29.938000,6145.0,6188.0,6052.0,6138.0,nan,6118.159184,2244538,205986611670.0,591037,6146.0,50,6145.0,73,6147.0,69,6144.0,241,6148.0,79,6143.0,263,6149.0,84,6142.0,146,6150.0,256,6141.0,146
1597988310212068096,1597988310433000192,2020-08-21 13:38:30.433000,6145.0,6188.0,6052.0,6138.0,nan,6118.159196,2244539,205986703845.0,591036,6146.0,50,6145.0,72,6147.0,69,6144.0,241,6148.0,80,6143.0,263,6149.0,85,6142.0,146,6150.0,256,6141.0,146
1597988310620303104,1597988310916000000,2020-08-21 13:38:30.916000,6145.0,6188.0,6052.0,6138.0,nan,6118.15922,2244541,205986888195.0,591034,6146.0,50,6145.0,77,6147.0,69,6144.0,242,6148.0,90,6143.0,263,6149.0,85,6142.0,145,6150.0,256,6141.0,146
1597988311113421056,1597988311407000064,2020-08-21 13:38:31.407000,6146.0,6188.0,6052.0,6138.0,nan,6118.159984,2244603,205992603810.0,591034,6147.0,69,6146.0,12,6148.0,90,6145.0,67,6149.0,85,6144.0,246,6150.0,256,6143.0,263,6151.0,129,6142.0,145
1597988311609715968,1597988311936000000,2020-08-21 13:38:31.936000,6146.0,6188.0,6052.0,6138.0,nan,6118.160257,2244625,205994631990.0,591034,6147.0,71,6146.0,15,6148.0,90,6145.0,68,6149.0,85,6144.0,249,6150.0,256,6143.0,209,6151.0,129,6142.0,145
1597988312148046080,1597988312436999936,2020-08-21 13:38:32.437000,6146.0,6188.0,6052.0,6138.0,nan,6118.160641,2244656,205997489880.0,591035,6147.0,71,6146.0,6,6148.0,90,6145.0,69,6149.0,84,6144.0,250,6150.0,256,6143.0,209,6151.0,129,6142.0,143
1597988312627013120,1597988312916999936,2020-08-21 13:38:32.917000,6146.0,6188.0,6052.0,6138.0,nan,6118.160914,2244678,205999518060.0,591035,6147.0,72,6146.0,44,6148.0,90,6145.0,71,6149.0,83,6144.0,251,6150.0,257,6143.0,209,6151.0,129,6142.0,147
1597988313126576896,1597988313424000000,2020-08-21 13:38:33.424000,6146.0,6188.0,6052.0,6138.0,nan,6118.160951,2244681,205999794630.0,591035,6147.0,71,6146.0,55,6148.0,90,6145.0,73,6149.0,83,6144.0,251,6150.0,257,6143.0,215,6151.0,129,6142.0,147
1597988313608655104,1597988313927000064,2020-08-21 13:38:33.927000,6146.0,6188.0,6052.0,6138.0,nan,6118.16149,2244723,206003667210.0,591036,6147.0,24,6146.0,62,6148.0,90,6145.0,73,6149.0,83,6144.0,251,6150.0,257,6143.0,215,6151.0,129,6142.0,147
1597988314124888064,1597988314420999936,2020-08-21 13:38:34.421000,6147.0,6188.0,6052.0,6138.0,nan,6118.16194,2244758,206006894385.0,591035,6148.0,89,6147.0,15,6149.0,84,6146.0,72,6150.0,259,6145.0,74,6151.0,129,6144.0,250,6152.0,149,6143.0,215
1597988314605639936,1597988314897000192,2020-08-21 13:38:34.897000,6148.0,6188.0,6052.0,6138.0,nan,6118.162493,2244801,206010859230.0,591065,6148.0,78,6147.0,15,6149.0,84,6146.0,72,6150.0,260,6145.0,68,6151.0,130,6144.0,260,6152.0,149,6143.0,215
1597988315123986944,1597988315403000064,2020-08-21 13:38:35.403000,6147.0,6188.0,6052.0,6138.0,nan,6118.162596,2244809,206011596870.0,591063,6148.0,75,6147.0,16,6149.0,84,6146.0,67,6150.0,260,6145.0,70,6151.0,130,6144.0,260,6152.0,149,6143.0,216
1597988315704502016,1597988315878000128,2020-08-21 13:38:35.878000,6147.0,6188.0,6052.0,6138.0,nan,6118.162807,2244825,206013072360.0,591070,6148.0,61,6147.0,29,6149.0,84,6146.0,67,6150.0,260,6145.0,71,6151.0,130,6144.0,261,6152.0,149,6143.0,216
1597988316116610048,1597988316420000000,2020-08-21 13:38:36.420000,6147.0,6188.0,6052.0,6138.0,nan,6118.162911,2244833,206013810030.0,591065,6148.0,45,6147.0,62,6149.0,95,6146.0,69,6150.0,259,6145.0,75,6151.0,131,6144.0,256,6152.0,149,6143.0,216
1597988316601680896,1597988316920999936,2020-08-21 13:38:36.921000,6148.0,6188.0,6052.0,6138.0,nan,6118.163429,2244872,206017406595.0,591042,6148.0,7,6147.0,65,6149.0,95,6146.0,69,6150.0,261,6145.0,75,6151.0,131,6144.0,256,6152.0,149,6143.0,216
1597988317112133888,1597988317431000064,2020-08-21 13:38:37.431000,6147.0,6188.0,6052.0,6138.0,nan,6118.163535,2244880,206018144340.0,591039,6149.0,95,6148.0,2,6150.0,261,6147.0,62,6151.0,131,6146.0,69,6152.0,149,6145.0,68,6153.0,102,6144.0,257
1597988317597883904,1597988317900999936,2020-08-21 13:38:37.901000,6148.0,6188.0,6052.0,6138.0,nan,6118.163628,2244887,206018789880.0,591041,6149.0,98,6148.0,3,6150.0,259,6147.0,65,6151.0,131,6146.0,71,6152.0,150,6145.0,69,6153.0,102,6144.0,259
1597988318154099968,1597988318426000128,2020-08-21 13:38:38.426000,6147.0,6188.0,6052.0,6138.0,nan,6118.163694,2244892,206019250965.0,591040,6149.0,102,6148.0,4,6150.0,259,6147.0,64,6151.0,131,6146.0,72,6152.0,150,6145.0,70,6153.0,102,6144.0,259
1597988318599440896,1597988318931000064,2020-08-21 13:38:38.931000,6147.0,6188.0,6052.0,6138.0,nan,6118.1638,2244900,206019988710.0,591039,6148.0,9,6147.0,62,6149.0,102,6146.0,73,6150.0,266,6145.0,71,6151.0,131,6144.0,259,6152.0,151,6143.0,215
1597988319110854912,1597988319404000000,2020-08-21 13:38:39.404000,6147.0,6188.0,6052.0,6138.0,nan,6118.163865,2244905,206020449780.0,591039,6148.0,20,6147.0,61,6149.0,102,6146.0,73,6150.0,267,6145.0,70,6151.0,131,6144.0,259,6152.0,151,6143.0,214
1597988319626248960,1597988319927000064,2020-08-21 13:38:39.927000,6147.0,6188.0,6052.0,6138.0,nan,6118.163878,2244906,206020541985.0,591039,6148.0,31,6147.0,61,6149.0,97,6146.0,74,6150.0,263,6145.0,70,6151.0,131,6144.0,259,6152.0,151,6143.0,214
1597988320138376960,1597988320428999936,2020-08-21 13:38:40.429000,6147.0,6188.0,6052.0,6138.0,nan,6118.163904,2244908,206020726410.0,591039,6148.0,43,6147.0,65,6149.0,99,6146.0,75,6150.0,264,6145.0,70,6151.0,131,6144.0,259,6152.0,151,6143.0,214
1597988320610572032,1597988320934000128,2020-08-21 13:38:40.934000,6147.0,6188.0,6052.0,6138.0,nan,6118.16393,2244910,206020910835.0,591040,6148.0,51,6147.0,68,6149.0,99,6146.0,75,6150.0,264,6145.0,70,6151.0,131,6144.0,259,6152.0,151,6143.0,214
1597988321137385984,1597988321436999936,2020-08-21 13:38:41.437000,6147.0,6188.0,6052.0,6138.0,nan,6118.16393,2244910,206020910835.0,591040,6148.0,60,6147.0,67,6149.0,99,6146.0,75,6150.0,266,6145.0,70,6151.0,131,6144.0,259,6152.0,151,6143.0,214
1597988321610795008,1597988321938999808,2020-08-21 13:38:41.939000,6148.0,6188.0,6052.0,6138.0,nan,6118.163996,2244915,206021371920.0,591042,6148.0,60,6147.0,66,6149.0,99,6146.0,75,6150.0,267,6145.0,72,6151.0,131,6144.0,259,6152.0,151,6143.0,214
1597988322164736000,1597988322426000128,2020-08-21 13:38:42.426000,6147.0,6188.0,6052.0,6138.0,nan,6118.164459,2244950,206024599545.0,591064,6148.0,24,6147.0,61,6149.0,99,6146.0,85,6150.0,267,6145.0,72,6151.0,131,6144.0,258,6152.0,151,6143.0,214
1597988322609296896,1597988322928999936,2020-08-21 13:38:42.929000,6148.0,6188.0,6052.0,6138.0,nan,6118.164631,2244963,206025798375.0,591071,6148.0,20,6147.0,67,6149.0,100,6146.0,87,6150.0,267,6145.0,70,6151.0,131,6144.0,257,6152.0,151,6143.0,215
1597988323113594112,1597988323428999936,2020-08-21 13:38:43.429000,6147.0,6188.0,6052.0,6138.0,nan,6118.164802,2244976,206026997160.0,591073,6148.0,25,6147.0,66,6149.0,101,6146.0,87,6150.0,267,6145.0,69,6151.0,129,6144.0,257,6152.0,151,6143.0,216
1597988323611101952,1597988323924999936,2020-08-21 13:38:43.925000,6147.0,6188.0,6052.0,6138.0,nan,6118.165213,2245008,206029947735.0,591070,6148.0,38,6147.0,35,6149.0,102,6146.0,87,6150.0,268,6145.0,72,6151.0,129,6144.0,257,6152.0,151,6143.0,216
1597988324138804992,1597988324424999936,2020-08-21 13:38:44.425000,6148.0,6188.0,6052.0,6138.0,nan,6118.165266,2245012,206030316615.0,591067,6148.0,54,6147.0,37,6149.0,102,6146.0,87,6150.0,272,6145.0,72,6151.0,129,6144.0,256,6152.0,151,6143.0,216
1597988324602508032,1597988324895000064,2020-08-21 13:38:44.895000,6148.0,6188.0,6052.0,6138.0,nan,6118.165345,2245018,206030869905.0,591072,6148.0,56,6147.0,35,6149.0,102,6146.0,87,6150.0,259,6145.0,72,6151.0,129,6144.0,257,6152.0,151,6143.0,216
1597988325140601088,1597988325424000000,2020-08-21 13:38:45.424000,6147.0,6188.0,6052.0,6138.0,nan,6118.165397,2245022,206031238725.0,591076,6148.0,56,6147.0,35,6149.0,102,6146.0,87,6150.0,259,6145.0,69,6151.0,129,6144.0,257,6152.0,151,6143.0,216
1597988325620564992,1597988325935000064,2020-08-21 13:38:45.935000,6148.0,6188.0,6052.0,6138.0,nan,6118.165436,2245025,206031515355.0,591078,6148.0,56,6147.0,50,6149.0,99,6146.0,87,6150.0,259,6145.0,69,6151.0,129,6144.0,252,6152.0,151,6143.0,216
1597988326117580032,1597988326413000192,2020-08-21 13:38:46.413000,6148.0,6188.0,6052.0,6138.0,nan,6118.16622,2245084,206036956335.0,591063,6149.0,99,6147.0,64,6150.0,260,6146.0,87,6151.0,129,6145.0,69,6152.0,151,6144.0,252,6153.0,123,6143.0,216
1597988326614861056,1597988326921999872,2020-08-21 13:38:46.922000,6148.0,6188.0,6052.0,6138.0,nan,6118.16634,2245093,206037786330.0,591069,6149.0,98,6148.0,36,6150.0,260,6147.0,74,6151.0,129,6146.0,87,6152.0,151,6145.0,68,6153.0,123,6144.0,251
1597988327105700096,1597988327434000128,2020-08-21 13:38:47.434000,6149.0,6188.0,6052.0,6138.0,nan,6118.166353,2245094,206037878565.0,591069,6149.0,91,6148.0,42,6150.0,258,6147.0,74,6151.0,127,6146.0,89,6152.0,151,6145.0,68,6153.0,124,6144.0,252
1597988327618253056,1597988327936999936,2020-08-21 13:38:47.937000,6149.0,6188.0,6052.0,6138.0,nan,6118.166527,2245107,206039077470.0,591067,6149.0,88,6148.0,104,6150.0,254,6147.0,75,6151.0,126,6146.0,89,6152.0,151,6145.0,68,6153.0,124,6144.0,252
1597988328194553088,1597988328431000064,2020-08-21 13:38:48.431000,6149.0,6188.0,6052.0,6138.0,nan,6118.167763,2245197,206047378605.0,591036,6150.0,254,6149.0,9,6151.0,126,6148.0,120,6152.0,151,6147.0,75,6153.0,125,6146.0,89,6154.0,84,6145.0,69
1597988328682278912,1597988328881999872,2020-08-21 13:38:48.882000,6150.0,6188.0,6052.0,6138.0,nan,6118.17125,2245443,206070072090.0,591014,6150.0,1,6149.0,68,6151.0,126,6148.0,121,6152.0,151,6147.0,77,6153.0,127,6146.0,92,6154.0,84,6145.0,69
1597988329168989952,1597988329400000000,2020-08-21 13:38:49.400000,6150.0,6188.0,6052.0,6138.0,nan,6118.171551,2245464,206072009460.0,591018,6151.0,117,6150.0,63,6152.0,147,6149.0,134,6153.0,126,6148.0,121,6154.0,84,6147.0,77,6155.0,282,6146.0,92
1597988329607774976,1597988329930000128,2020-08-21 13:38:49.930000,6151.0,6188.0,6052.0,6138.0,nan,6118.172048,2245499,206075238225.0,591051,6151.0,107,6150.0,34,6152.0,143,6149.0,136,6153.0,126,6148.0,110,6154.0,85,6147.0,72,6155.0,282,6146.0,92
1597988330136557056,1597988330434000128,2020-08-21 13:38:50.434000,6151.0,6188.0,6052.0,6138.0,nan,6118.172607,2245538,206078836200.0,591026,6151.0,99,6150.0,7,6152.0,143,6149.0,138,6153.0,124,6148.0,110,6154.0,85,6147.0,73,6155.0,282,6146.0,92
1597988330623183872,1597988330931000064,2020-08-21 13:38:50.931000,6150.0,6188.0,6052.0,6138.0,nan,6118.172763,2245549,206079850950.0,591016,6150.0,23,6149.0,137,6151.0,101,6148.0,110,6152.0,143,6147.0,73,6153.0,124,6146.0,92,6154.0,85,6145.0,77
1597988331133208064,1597988331408000000,2020-08-21 13:38:51.408000,6150.0,6188.0,6052.0,6138.0,nan,6118.17299,2245565,206081326950.0,591010,6150.0,25,6149.0,141,6151.0,98,6148.0,110,6152.0,143,6147.0,73,6153.0,124,6146.0,92,6154.0,85,6145.0,77
1597988331609680896,1597988331923000064,2020-08-21 13:38:51.923000,6150.0,6188.0,6052.0,6138.0,nan,6118.173202,2245580,206082710700.0,591015,6150.0,10,6149.0,141,6151.0,98,6148.0,111,6152.0,143,6147.0,71,6153.0,124,6146.0,91,6154.0,85,6145.0,77
1597988332168199936,1597988332427000064,2020-08-21 13:38:52.427000,6150.0,6188.0,6052.0,6138.0,nan,6118.173684,2245614,206085847185.0,591018,6151.0,96,6149.0,132,6152.0,143,6148.0,111,6153.0,124,6147.0,70,6154.0,85,6146.0,91,6155.0,283,6145.0,77
1597988332695109120,1597988332932000000,2020-08-21 13:38:52.932000,6150.0,6188.0,6052.0,6138.0,nan,6118.173712,2245616,206086031685.0,591017,6151.0,98,6150.0,5,6152.0,143,6149.0,132,6153.0,124,6148.0,111,6154.0,85,6147.0,71,6155.0,284,6146.0,91
1597988333121611008,1597988333436000000,2020-08-21 13:38:53.436000,6151.0,6188.0,6052.0,6138.0,nan,6118.174002,2245636,206087876910.0,591017,6151.0,83,6150.0,10,6152.0,143,6149.0,137,6153.0,124,6148.0,111,6154.0,85,6147.0,73,6155.0,284,6146.0,90
1597988333671464960,1597988333913000192,2020-08-21 13:38:53.913000,6150.0,6188.0,6052.0,6138.0,nan,6118.174229,2245652,206089352910.0,591009,6151.0,87,6150.0,20,6152.0,143,6149.0,140,6153.0,124,6148.0,111,6154.0,85,6147.0,73,6155.0,284,6146.0,90
1597988334140656128,1597988334436000000,2020-08-21 13:38:54.436000,6151.0,6188.0,6052.0,6138.0,nan,6118.174359,2245661,206090183250.0,591006,6151.0,82,6150.0,21,6152.0,143,6149.0,78,6153.0,124,6148.0,111,6154.0,85,6147.0,75,6155.0,284,6146.0,90
1597988334618220032,1597988334927000064,2020-08-21 13:38:54.927000,6150.0,6188.0,6052.0,6138.0,nan,6118.174417,2245665,206090552280.0,591007,6151.0,81,6150.0,21,6152.0,143,6149.0,80,6153.0,125,6148.0,111,6154.0,85,6147.0,76,6155.0,284,6146.0,96
1597988335100392960,1597988335376000000,2020-08-21 13:38:55.376000,6150.0,6188.0,6052.0,6138.0,nan,6118.174729,2245687,206092581780.0,591009,6150.0,4,6149.0,85,6151.0,84,6148.0,112,6152.0,143,6147.0,96,6153.0,125,6146.0,96,6154.0,85,6145.0,77
1597988335677874944,1597988335924999936,2020-08-21 13:38:55.925000,6150.0,6188.0,6052.0,6138.0,nan,6118.174856,2245696,206093412030.0,591006,6150.0,17,6149.0,86,6151.0,84,6148.0,115,6152.0,143,6147.0,95,6153.0,125,6146.0,96,6154.0,87,6145.0,78
1597988336122945024,1597988336403000064,2020-08-21 13:38:56.403000,6150.0,6188.0,6052.0,6138.0,nan,6118.174941,2245702,206093965530.0,591012,6150.0,28,6149.0,86,6151.0,117,6148.0,116,6152.0,143,6147.0,95,6153.0,125,6146.0,96,6154.0,90,6145.0,89
1597988336614718976,1597988336936999936,2020-08-21 13:38:56.937000,6151.0,6188.0,6052.0,6138.0,nan,6118.175687,2245754,206098762830.0,591036,6151.0,107,6150.0,20,6152.0,145,6149.0,89,6153.0,125,6148.0,118,6154.0,90,6147.0,77,6155.0,283,6146.0,97
1597988337138319104,1597988337416999936,2020-08-21 13:38:57.417000,6151.0,6188.0,6052.0,6138.0,nan,6118.175875,2245767,206099962215.0,591035,6151.0,98,6150.0,84,6152.0,146,6149.0,89,6153.0,127,6148.0,55,6154.0,90,6147.0,77,6155.0,284,6146.0,97
1597988337652041984,1597988338216999936,2020-08-21 13:38:58.217000,6151.0,6188.0,6052.0,6138.0,nan,6118.176123,2245784,206101530690.0,591031,6151.0,89,6150.0,90,6152.0,146,6149.0,89,6153.0,127,6148.0,57,6154.0,90,6147.0,72,6155.0,290,6146.0,126
1597988338139252992,1597988338428000000,2020-08-21 13:38:58.428000,6151.0,6188.0,6052.0,6138.0,nan,6118.176298,2245796,206102637855.0,591026,6151.0,84,6150.0,90,6152.0,148,6149.0,90,6153.0,127,6148.0,57,6154.0,90,6147.0,72,6155.0,289,6146.0,126
1597988338622834944,1597988338928999936,2020-08-21 13:38:58.929000,6150.0,6188.0,6052.0,6138.0,nan,6118.177389,2245871,206109557550.0,591006,6151.0,27,6150.0,85,6152.0,148,6149.0,90,6153.0,127,6148.0,57,6154.0,91,6147.0,67,6155.0,290,6146.0,127
1597988339294226944,1597988339424000000,2020-08-21 13:38:59.424000,6150.0,6188.0,6052.0,6138.0,nan,6118.178499,2245949,206116753230.0,591003,6151.0,23,6150.0,21,6152.0,148,6149.0,91,6153.0,127,6148.0,57,6154.0,91,6147.0,68,6155.0,291,6146.0,127
1597988339627213056,1597988339934000128,2020-08-21 13:38:59.934000,6151.0,6188.0,6052.0,6138.0,nan,6118.178586,2245955,206117306805.0,591002,6151.0,63,6150.0,28,6152.0,154,6149.0,91,6153.0,126,6148.0,57,6154.0,92,6147.0,68,6155.0,371,6146.0,127
1597988340147928064,1597988340432000000,2020-08-21 13:39:00.432000,6151.0,6188.0,6052.0,6138.0,nan,6118.178703,2245963,206118044910.0,590997,6151.0,57,6150.0,25,6152.0,154,6149.0,91,6153.0,126,6148.0,60,6154.0,92,6147.0,68,6155.0,371,6146.0,128
1597988340663644928,1597988340924000000,2020-08-21 13:39:00.924000,6150.0,6188.0,6052.0,6138.0,nan,6118.178717,2245964,206118137160.0,590997,6151.0,63,6150.0,29,6152.0,155,6149.0,95,6153.0,126,6148.0,60,6154.0,94,6147.0,68,6155.0,371,6146.0,128
1597988341125175040,1597988341415000064,2020-08-21 13:39:01.415000,6151.0,6188.0,6052.0,6138.0,nan,6118.178789,2245969,206118598455.0,590997,6151.0,65,6150.0,30,6152.0,154,6149.0,95,6153.0,126,6148.0,60,6154.0,94,6147.0,69,6155.0,371,6146.0,128
1597988341647353088,1597988341936999936,2020-08-21 13:39:01.937000,6150.0,6188.0,6052.0,6138.0,nan,6118.178959,2245981,206119705455.0,590997,6151.0,72,6150.0,19,6152.0,155,6149.0,95,6153.0,127,6148.0,60,6154.0,94,6147.0,69,6155.0,371,6146.0,128
1597988342163501056,1597988342410000128,2020-08-21 13:39:02.410000,6151.0,6188.0,6052.0,6138.0,nan,6118.179017,2245985,206120074500.0,590996,6151.0,73,6150.0,26,6152.0,155,6149.0,95,6153.0,127,6148.0,60,6154.0,94,6147.0,69,6155.0,371,6146.0,128
1597988342651144960,1597988342924999936,2020-08-21 13:39:02.925000,6150.0,6188.0,6052.0,6138.0,nan,6118.179089,2245990,206120535795.0,590997,6151.0,66,6150.0,40,6152.0,155,6149.0,95,6153.0,128,6148.0,60,6154.0,94,6147.0,69,6155.0,371,6146.0,128
1597988343161840128,1597988343668999936,2020-08-21 13:39:03.669000,6151.0,6188.0,6052.0,6138.0,nan,6118.179264,2246002,206121642960.0,591000,6151.0,55,6150.0,40,6152.0,155,6149.0,95,6153.0,133,6148.0,57,6154.0,97,6147.0,69,6155.0,358,6146.0,128
1597988343625131008,1597988343936999936,2020-08-21 13:39:03.937000,6150.0,6188.0,6052.0,6138.0,nan,6118.179364,2246009,206122288740.0,591000,6151.0,55,6150.0,37,6152.0,155,6149.0,95,6153.0,133,6148.0,58,6154.0,97,6147.0,69,6155.0,358,6146.0,128
1597988344133201920,1597988344374000128,2020-08-21 13:39:04.374000,6150.0,6188.0,6052.0,6138.0,nan,6118.179393,2246011,206122473255.0,591001,6151.0,57,6150.0,37,6152.0,155,6149.0,96,6153.0,133,6148.0,59,6154.0,98,6147.0,69,6155.0,358,6146.0,133
1597988344617430016,1597988344918999808,2020-08-21 13:39:04.919000,6151.0,6188.0,6052.0,6138.0,nan,6118.179451,2246015,206122842285.0,591001,6151.0,57,6150.0,38,6152.0,155,6149.0,98,6153.0,146,6148.0,59,6154.0,98,6147.0,69,6155.0,358,6146.0,133
1597988345192601088,1597988345416999936,2020-08-21 13:39:05.417000,6150.0,6188.0,6052.0,6138.0,nan,6118.179493,2246018,206123119035.0,591000,6151.0,58,6150.0,49,6152.0,156,6149.0,99,6153.0,146,6148.0,59,6154.0,98,6147.0,69,6155.0,363,6146.0,134
1597988345632027904,1597988345923000064,2020-08-21 13:39:05.923000,6151.0,6188.0,6052.0,6138.0,nan,6118.179508,2246019,206123211300.0,591000,6151.0,58,6150.0,49,6152.0,155,6149.0,99,6153.0,146,6148.0,59,6154.0,98,6147.0,73,6155.0,363,6146.0,134
1597988346155366912,1597988346420999936,2020-08-21 13:39:06.421000,6150.0,6188.0,6052.0,6138.0,nan,6118.17958,2246024,206123672595.0,591000,6151.0,55,6150.0,48,6152.0,155,6149.0,99,6153.0,147,6148.0,59,6154.0,98,6147.0,73,6155.0,363,6146.0,134
1597988346640302080,1597988346920000000,2020-08-21 13:39:06.920000,6151.0,6188.0,6052.0,6138.0,nan,6118.179637,2246028,206124041610.0,591002,6151.0,56,6150.0,49,6152.0,155,6149.0,100,6153.0,147,6148.0,59,6154.0,98,6147.0,73,6155.0,363,6146.0,133
1597988347194531072,1597988347420999936,2020-08-21 13:39:07.421000,6150.0,6188.0,6052.0,6138.0,nan,6118.180132,2246062,206127178560.0,590987,6151.0,44,6150.0,47,6152.0,155,6149.0,100,6153.0,147,6148.0,59,6154.0,98,6147.0,74,6155.0,361,6146.0,133
1597988347631459072,1597988347923000064,2020-08-21 13:39:07.923000,6151.0,6188.0,6052.0,6138.0,nan,6118.180293,2246073,206128193475.0,590992,6151.0,41,6150.0,52,6152.0,155,6149.0,101,6153.0,147,6148.0,59,6154.0,98,6147.0,72,6155.0,361,6146.0,133
1597988348161430016,1597988348430000128,2020-08-21 13:39:08.430000,6150.0,6188.0,6052.0,6138.0,nan,6118.180335,2246076,206128470225.0,590994,6151.0,42,6150.0,49,6152.0,158,6149.0,104,6153.0,147,6148.0,59,6154.0,98,6147.0,72,6155.0,361,6146.0,133
1597988348626555904,1597988348932000000,2020-08-21 13:39:08.932000,6150.0,6188.0,6052.0,6138.0,nan,6118.180335,2246076,206128470225.0,590994,6151.0,58,6150.0,49,6152.0,158,6149.0,104,6153.0,147,6148.0,59,6154.0,98,6147.0,73,6155.0,361,6146.0,133
1597988349178848000,1597988349437999872,2020-08-21 13:39:09.438000,6150.0,6188.0,6052.0,6138.0,nan,6118.180335,2246076,206128470225.0,590994,6151.0,59,6150.0,49,6152.0,158,6149.0,104,6153.0,150,6148.0,59,6154.0,98,6147.0,73,6155.0,361,6146.0,133
1597988349602587904,1597988349898000128,2020-08-21 13:39:09.898000,6151.0,6188.0,6052.0,6138.0,nan,6118.180408,2246081,206128931535.0,590996,6151.0,58,6150.0,48,6152.0,158,6149.0,104,6153.0,150,6148.0,59,6154.0,98,6147.0,68,6155.0,361,6146.0,133
1597988350111340032,1597988350412000000,2020-08-21 13:39:10.412000,6150.0,6188.0,6052.0,6138.0,nan,6118.180422,2246082,206129023785.0,590996,6151.0,62,6150.0,47,6152.0,158,6149.0,103,6153.0,151,6148.0,59,6154.0,98,6147.0,68,6155.0,361,6146.0,133
1597988350662136064,1597988350888000000,2020-08-21 13:39:10.888000,6151.0,6188.0,6052.0,6138.0,nan,6118.180753,2246105,206131145715.0,590995,6151.0,52,6150.0,36,6152.0,158,6149.0,103,6153.0,151,6148.0,59,6154.0,96,6147.0,68,6155.0,361,6146.0,133
1597988351132453120,1597988351423000064,2020-08-21 13:39:11.423000,6150.0,6188.0,6052.0,6138.0,nan,6118.180987,2246121,206132621940.0,591009,6151.0,41,6150.0,37,6152.0,158,6149.0,103,6153.0,157,6148.0,59,6154.0,96,6147.0,65,6155.0,361,6146.0,133
1597988351682625024,1597988351935000064,2020-08-21 13:39:11.935000,6151.0,6188.0,6052.0,6138.0,nan,6118.181115,2246130,206133452205.0,591011,6151.0,45,6150.0,33,6152.0,154,6149.0,103,6153.0,157,6148.0,61,6154.0,100,6147.0,65,6155.0,361,6146.0,139
1597988352157933056,1597988352436999936,2020-08-21 13:39:12.437000,6151.0,6188.0,6052.0,6138.0,nan,6118.181231,2246138,206134190295.0,591014,6151.0,40,6150.0,30,6152.0,154,6149.0,103,6153.0,157,6148.0,61,6154.0,100,6147.0,66,6155.0,361,6146.0,139
1597988352639316992,1597988352927000064,2020-08-21 13:39:12.927000,6151.0,6188.0,6052.0,6138.0,nan,6118.18126,2246140,206134374825.0,591015,6151.0,39,6150.0,34,6152.0,154,6149.0,103,6153.0,158,6148.0,61,6154.0,100,6147.0,66,6155.0,361,6146.0,139
1597988353156713984,1597988353404999936,2020-08-21 13:39:13.405000,6151.0,6188.0,6052.0,6138.0,nan,6118.18126,2246140,206134374825.0,591015,6151.0,35,6150.0,59,6152.0,154,6149.0,103,6153.0,158,6148.0,61,6154.0,100,6147.0,65,6155.0,361,6146.0,139
1597988353618125056,1597988353924999936,2020-08-21 13:39:13.925000,6151.0,6188.0,6052.0,6138.0,nan,6118.18126,2246140,206134374825.0,591015,6151.0,35,6150.0,61,6152.0,156,6149.0,103,6153.0,159,6148.0,61,6154.0,100,6147.0,65,6155.0,361,6146.0,140
1597988354143380992,1597988354382999808,2020-08-21 13:39:14.383000,6151.0,6188.0,6052.0,6138.0,nan,6118.181303,2246143,206134651605.0,591014,6151.0,37,6150.0,60,6152.0,156,6149.0,101,6153.0,159,6148.0,61,6154.0,100,6147.0,65,6155.0,361,6146.0,140
1597988354627201024,1597988354903000064,2020-08-21 13:39:14.903000,6151.0,6188.0,6052.0,6138.0,nan,6118.181362,2246147,206135020665.0,591011,6151.0,48,6150.0,62,6152.0,157,6149.0,101,6153.0,159,6148.0,61,6154.0,101,6147.0,64,6155.0,361,6146.0,140
1597988355134754048,1597988355434000128,2020-08-21 13:39:15.434000,6150.0,6188.0,6052.0,6138.0,nan,6118.181376,2246148,206135112915.0,591010,6151.0,48,6150.0,62,6152.0,157,6149.0,101,6153.0,159,6148.0,62,6154.0,102,6147.0,64,6155.0,361,6146.0,140
1597988355616756992,1597988355934000128,2020-08-21 13:39:15.934000,6150.0,6188.0,6052.0,6138.0,nan,6118.181433,2246152,206135481930.0,591007,6151.0,49,6150.0,60,6152.0,157,6149.0,101,6153.0,160,6148.0,62,6154.0,102,6147.0,64,6155.0,361,6146.0,140
1597988356125560064,1597988356436000000,2020-08-21 13:39:16.436000,6151.0,6188.0,6052.0,6138.0,nan,6118.181665,2246168,206136958095.0,591015,6151.0,45,6150.0,53,6152.0,157,6149.0,101,6153.0,160,6148.0,62,6154.0,102,6147.0,64,6155.0,361,6146.0,140
1597988356612168960,1597988356924999936,2020-08-21 13:39:16.925000,6150.0,6188.0,6052.0,6138.0,nan,6118.182289,2246211,206140925370.0,590985,6151.0,14,6150.0,45,6152.0,157,6149.0,106,6153.0,158,6148.0,62,6154.0,102,6147.0,64,6155.0,361,6146.0,141
1597988357135802880,1597988357430000128,2020-08-21 13:39:17.430000,6150.0,6188.0,6052.0,6138.0,nan,6118.182461,2246223,206142032415.0,590980,6151.0,29,6150.0,40,6152.0,160,6149.0,106,6153.0,161,6148.0,61,6154.0,102,6147.0,64,6155.0,361,6146.0,141
1597988357608121088,1597988357931000064,2020-08-21 13:39:17.931000,6151.0,6188.0,6052.0,6138.0,nan,6118.18306,2246264,206145815280.0,590956,6151.0,5,6150.0,40,6152.0,161,6149.0,106,6153.0,161,6148.0,61,6154.0,102,6147.0,64,6155.0,361,6146.0,141
1597988358145507072,1597988358344000000,2020-08-21 13:39:18.344000,6150.0,6188.0,6052.0,6138.0,nan,6118.183088,2246266,206145999780.0,590957,6151.0,46,6150.0,45,6152.0,161,6149.0,106,6153.0,161,6148.0,61,6154.0,102,6147.0,66,6155.0,361,6146.0,141
1597988358619060992,1597988358920000000,2020-08-21 13:39:18.920000,6151.0,6188.0,6052.0,6138.0,nan,6118.183394,2246287,206147937330.0,590961,6151.0,36,6150.0,43,6152.0,161,6149.0,106,6153.0,161,6148.0,61,6154.0,102,6147.0,66,6155.0,361,6146.0,141
1597988359124293888,1597988359424999936,2020-08-21 13:39:19.425000,6150.0,6188.0,6052.0,6138.0,nan,6118.18354,2246297,206148859965.0,590970,6151.0,32,6150.0,46,6152.0,161,6149.0,106,6153.0,161,6148.0,61,6154.0,103,6147.0,66,6155.0,361,6146.0,141
1597988359619707904,1597988359923000064,2020-08-21 13:39:19.923000,6151.0,6188.0,6052.0,6138.0,nan,6118.183569,2246299,206149044480.0,590972,6151.0,34,6150.0,45,6152.0,162,6149.0,106,6153.0,161,6148.0,61,6154.0,104,6147.0,66,6155.0,361,6146.0,151
1597988360145558016,1597988360408999936,2020-08-21 13:39:20.409000,6151.0,6188.0,6052.0,6138.0,nan,6118.183569,2246299,206149044480.0,590972,6151.0,37,6150.0,53,6152.0,164,6149.0,106,6153.0,161,6148.0,61,6154.0,104,6147.0,67,6155.0,361,6146.0,124
1597988360618535936,1597988360845999872,2020-08-21 13:39:20.846000,6150.0,6188.0,6052.0,6138.0,nan,6118.184378,2246356,206154302790.0,590966,6150.0,49,6149.0,106,6151.0,35,6148.0,61,6152.0,162,6147.0,67,6153.0,161,6146.0,124,6154.0,104,6145.0,97
1597988361131181056,1597988361430000128,2020-08-21 13:39:21.430000,6150.0,6188.0,6052.0,6138.0,nan,6118.184546,2246368,206155409730.0,590968,6150.0,46,6149.0,102,6151.0,47,6148.0,61,6152.0,167,6147.0,67,6153.0,161,6146.0,124,6154.0,104,6145.0,97
1597988361615197952,1597988361904000000,2020-08-21 13:39:21.904000,6150.0,6188.0,6052.0,6138.0,nan,6118.184616,2246373,206155870950.0,590968,6150.0,57,6149.0,103,6151.0,51,6148.0,61,6152.0,167,6147.0,77,6153.0,161,6146.0,124,6154.0,104,6145.0,92
1597988362134070016,1597988362424999936,2020-08-21 13:39:22.425000,6150.0,6188.0,6052.0,6138.0,nan,6118.184644,2246375,206156055435.0,590967,6150.0,57,6149.0,100,6151.0,51,6148.0,61,6152.0,167,6147.0,77,6153.0,161,6146.0,124,6154.0,104,6145.0,92
1597988362621914880,1597988362903000064,2020-08-21 13:39:22.903000,6149.0,6188.0,6052.0,6138.0,nan,6118.184726,2246381,206156608860.0,590963,6150.0,61,6149.0,96,6151.0,51,6148.0,62,6152.0,167,6147.0,77,6153.0,161,6146.0,124,6154.0,104,6145.0,92
1597988363128925952,1597988363433000192,2020-08-21 13:39:23.433000,6150.0,6188.0,6052.0,6138.0,nan,6118.184811,2246387,206157162345.0,590959,6150.0,60,6149.0,97,6151.0,45,6148.0,62,6152.0,168,6147.0,78,6153.0,161,6146.0,124,6154.0,104,6145.0,92
1597988363628037120,1597988363923000064,2020-08-21 13:39:23.923000,6150.0,6188.0,6052.0,6138.0,nan,6118.184839,2246389,206157346845.0,590959,6150.0,68,6149.0,97,6151.0,45,6148.0,62,6152.0,168,6147.0,80,6153.0,161,6146.0,124,6154.0,104,6145.0,92
1597988364142353920,1597988364416000000,2020-08-21 13:39:24.416000,6150.0,6188.0,6052.0,6138.0,nan,6118.185038,2246403,206158638345.0,590959,6150.0,54,6149.0,95,6151.0,45,6148.0,62,6152.0,168,6147.0,81,6153.0,161,6146.0,124,6154.0,104,6145.0,92
1597988364617027072,1597988364924999936,2020-08-21 13:39:24.925000,6150.0,6188.0,6052.0,6138.0,nan,6118.185038,2246403,206158638345.0,590959,6150.0,43,6149.0,95,6151.0,45,6148.0,62,6152.0,168,6147.0,81,6153.0,161,6146.0,124,6154.0,102,6145.0,92
1597988365117714944,1597988365427000064,2020-08-21 13:39:25.427000,6149.0,6188.0,6052.0,6138.0,nan,6118.185189,2246414,206159652945.0,590950,6150.0,43,6149.0,85,6151.0,49,6148.0,62,6152.0,167,6147.0,81,6153.0,161,6146.0,124,6154.0,102,6145.0,93
1597988365604250112,1597988365927000064,2020-08-21 13:39:25.927000,6149.0,6188.0,6052.0,6138.0,nan,6118.185244,2246418,206160021885.0,590954,6150.0,52,6149.0,88,6151.0,48,6148.0,62,6152.0,166,6147.0,81,6153.0,161,6146.0,124,6154.0,102,6145.0,93
1597988366163924992,1597988366421999872,2020-08-21 13:39:26.422000,6149.0,6188.0,6052.0,6138.0,nan,6118.185258,2246419,206160114120.0,590954,6150.0,52,6149.0,88,6151.0,51,6148.0,62,6152.0,166,6147.0,81,6153.0,161,6146.0,123,6154.0,102,6145.0,93
1597988366644306944,1597988366920000000,2020-08-21 13:39:26.920000,6149.0,6188.0,6052.0,6138.0,nan,6118.185285,2246421,206160298590.0,590952,6150.0,52,6149.0,86,6151.0,52,6148.0,62,6152.0,166,6147.0,81,6153.0,161,6146.0,123,6154.0,102,6145.0,93
1597988367139568896,1597988367416000000,2020-08-21 13:39:27.416000,6150.0,6188.0,6052.0,6138.0,nan,6118.185356,2246426,206160759840.0,590948,6150.0,48,6149.0,87,6151.0,52,6148.0,65,6152.0,166,6147.0,81,6153.0,161,6146.0,123,6154.0,102,6145.0,93
1597988367627718912,1597988367901999872,2020-08-21 13:39:27.902000,6150.0,6188.0,6052.0,6138.0,nan,6118.18537,2246427,206160852090.0,590947,6150.0,47,6149.0,89,6151.0,52,6148.0,65,6152.0,166,6147.0,81,6153.0,161,6146.0,123,6154.0,102,6145.0,94
1597988368112858112,1597988368420999936,2020-08-21 13:39:28.421000,6149.0,6188.0,6052.0,6138.0,nan,6118.185946,2246469,206164725960.0,590972,6150.0,57,6149.0,47,6151.0,53,6148.0,65,6152.0,166,6147.0,81,6153.0,161,6146.0,123,6154.0,102,6145.0,94
1597988368609305088,1597988368928999936,2020-08-21 13:39:28.929000,6150.0,6188.0,6052.0,6138.0,nan,6118.185974,2246471,206164910445.0,590971,6150.0,68,6149.0,47,6151.0,53,6148.0,65,6152.0,166,6147.0,81,6153.0,162,6146.0,123,6154.0,102,6145.0,94
1597988369140603904,1597988369394000128,2020-08-21 13:39:29.394000,6149.0,6188.0,6052.0,6138.0,nan,6118.186158,2246484,206166109680.0,590968,6150.0,62,6149.0,49,6151.0,54,6148.0,65,6152.0,166,6147.0,81,6153.0,162,6146.0,123,6154.0,102,6145.0,94
1597988369607627008,1597988369829999872,2020-08-21 13:39:29.830000,6150.0,6188.0,6052.0,6138.0,nan,6118.186254,2246491,206166755340.0,590963,6150.0,61,6149.0,43,6151.0,54,6148.0,61,6152.0,166,6147.0,85,6153.0,162,6146.0,123,6154.0,102,6145.0,94
1597988370162814976,1597988370428999936,2020-08-21 13:39:30.429000,6150.0,6188.0,6052.0,6138.0,nan,6118.186254,2246491,206166755340.0,590963,6150.0,76,6149.0,54,6151.0,54,6148.0,61,6152.0,166,6147.0,86,6153.0,162,6146.0,123,6154.0,102,6145.0,94
1597988370629128960,1597988370926000128,2020-08-21 13:39:30.926000,6150.0,6188.0,6052.0,6138.0,nan,6118.186325,2246496,206167216590.0,590962,6150.0,71,6149.0,58,6151.0,56,6148.0,61,6152.0,166,6147.0,86,6153.0,162,6146.0,123,6154.0,102,6145.0,94
1597988371122374912,1597988371364000000,2020-08-21 13:39:31.364000,6149.0,6188.0,6052.0,6138.0,nan,6118.186394,2246501,206167677795.0,590961,6150.0,68,6149.0,55,6151.0,56,6148.0,62,6152.0,166,6147.0,87,6153.0,162,6146.0,123,6154.0,102,6145.0,94
1597988371634231040,1597988371914000128,2020-08-21 13:39:31.914000,6149.0,6188.0,6052.0,6138.0,nan,6118.186408,2246502,206167770030.0,590962,6150.0,68,6149.0,55,6151.0,48,6148.0,62,6152.0,166,6147.0,85,6153.0,162,6146.0,123,6154.0,102,6145.0,94
1597988372122925056,1597988372426000128,2020-08-21 13:39:32.426000,6149.0,6188.0,6052.0,6138.0,nan,6118.186435,2246504,206167954500.0,590963,6150.0,70,6149.0,58,6151.0,49,6148.0,67,6152.0,166,6147.0,85,6153.0,162,6146.0,123,6154.0,102,6145.0,94
1597988372617826048,1597988372927000064,2020-08-21 13:39:32.927000,6150.0,6188.0,6052.0,6138.0,nan,6118.18645,2246505,206168046750.0,590963,6150.0,70,6149.0,59,6151.0,49,6148.0,71,6152.0,166,6147.0,85,6153.0,162,6146.0,123,6154.0,102,6145.0,94
1597988373164404992,1597988373426000128,2020-08-21 13:39:33.426000,6150.0,6188.0,6052.0,6138.0,nan,6118.186478,2246507,206168231250.0,590962,6150.0,67,6149.0,59,6151.0,50,6148.0,71,6152.0,166,6147.0,85,6153.0,163,6146.0,123,6154.0,102,6145.0,94
1597988373612402944,1597988373934000128,2020-08-21 13:39:33.934000,6149.0,6188.0,6052.0,6138.0,nan,6118.186562,2246513,206168784735.0,590964,6150.0,63,6149.0,58,6151.0,51,6148.0,71,6152.0,166,6147.0,85,6153.0,157,6146.0,123,6154.0,102,6145.0,93
1597988374111771904,1597988374433000192,2020-08-21 13:39:34.433000,6149.0,6188.0,6052.0,6138.0,nan,6118.186645,2246519,206169338145.0,590969,6150.0,63,6149.0,52,6151.0,51,6148.0,71,6152.0,166,6147.0,85,6153.0,157,6146.0,123,6154.0,102,6145.0,93
1597988374653318912,1597988374936999936,2020-08-21 13:39:34.937000,6149.0,6188.0,6052.0,6138.0,nan,6118.186658,2246520,206169430380.0,590970,6150.0,63,6149.0,48,6151.0,51,6148.0,71,6152.0,166,6147.0,85,6153.0,157,6146.0,123,6154.0,102,6145.0,93
1597988375129294080,1597988375430000128,2020-08-21 13:39:35.430000,6150.0,6188.0,6052.0,6138.0,nan,6118.186743,2246526,206169983880.0,590968,6150.0,59,6149.0,51,6151.0,53,6148.0,71,6152.0,166,6147.0,89,6153.0,157,6146.0,123,6154.0,102,6145.0,93
1597988375622558976,1597988375897000192,2020-08-21 13:39:35.897000,6149.0,6188.0,6052.0,6138.0,nan,6118.186771,2246528,206170168365.0,590968,6150.0,61,6149.0,50,6151.0,55,6148.0,71,6152.0,166,6147.0,91,6153.0,157,6146.0,123,6154.0,102,6145.0,93
1597988376129606912,1597988376411000064,2020-08-21 13:39:36.411000,6150.0,6188.0,6052.0,6138.0,nan,6118.187776,2246599,206176718100.0,590933,6150.0,13,6149.0,53,6151.0,59,6148.0,71,6152.0,166,6147.0,90,6153.0,157,6146.0,123,6154.0,102,6145.0,93
1597988376619188992,1597988376935000064,2020-08-21 13:39:36.935000,6150.0,6188.0,6052.0,6138.0,nan,6118.187776,2246599,206176718100.0,590933,6150.0,17,6149.0,60,6151.0,65,6148.0,71,6152.0,166,6147.0,106,6153.0,157,6146.0,123,6154.0,102,6145.0,93
1597988377106796032,1597988377420999936,2020-08-21 13:39:37.421000,6150.0,6188.0,6052.0,6138.0,nan,6118.188045,2246618,206178470850.0,590918,6150.0,4,6149.0,60,6151.0,65,6148.0,72,6152.0,166,6147.0,107,6153.0,157,6146.0,126,6154.0,98,6145.0,93
1597988377622330112,1597988377936000000,2020-08-21 13:39:37.936000,6150.0,6188.0,6052.0,6138.0,nan,6118.188187,2246628,206179393350.0,590924,6151.0,65,6150.0,30,6152.0,166,6149.0,60,6153.0,157,6148.0,71,6154.0,98,6147.0,107,6155.0,433,6146.0,126
1597988378125711872,1597988378437999872,2020-08-21 13:39:38.438000,6150.0,6188.0,6052.0,6138.0,nan,6118.188442,2246646,206181053850.0,590926,6151.0,67,6150.0,14,6152.0,166,6149.0,62,6153.0,157,6148.0,71,6154.0,97,6147.0,107,6155.0,433,6146.0,126
1597988378614174976,1597988378920999936,2020-08-21 13:39:38.921000,6150.0,6188.0,6052.0,6138.0,nan,6118.188498,2246650,206181422850.0,590930,6151.0,67,6150.0,17,6152.0,166,6149.0,62,6153.0,157,6148.0,71,6154.0,97,6147.0,107,6155.0,433,6146.0,116
1597988379112848896,1597988379394000128,2020-08-21 13:39:39.394000,6150.0,6188.0,6052.0,6138.0,nan,6118.188541,2246653,206181699600.0,590931,6151.0,68,6150.0,14,6152.0,166,6149.0,62,6153.0,157,6148.0,70,6154.0,97,6147.0,167,6155.0,433,6146.0,116
1597988379618571008,1597988379928000000,2020-08-21 13:39:39.928000,6150.0,6188.0,6052.0,6138.0,nan,6118.188671,2246662,206182529925.0,590931,6151.0,64,6150.0,16,6152.0,166,6149.0,62,6153.0,157,6148.0,70,6154.0,97,6147.0,167,6155.0,433,6146.0,116
1597988380122490112,1597988380382999808,2020-08-21 13:39:40.383000,6150.0,6188.0,6052.0,6138.0,nan,6118.188826,2246673,206183544675.0,590929,6151.0,65,6150.0,12,6152.0,166,6149.0,62,6153.0,157,6148.0,70,6154.0,97,6147.0,167,6155.0,433,6146.0,116
1597988380621713920,1597988380934000128,2020-08-21 13:39:40.934000,6150.0,6188.0,6052.0,6138.0,nan,6118.18894,2246681,206184282705.0,590926,6151.0,69,6150.0,20,6152.0,183,6149.0,62,6153.0,157,6148.0,70,6154.0,97,6147.0,167,6155.0,433,6146.0,116
1597988381164990976,1597988381404000000,2020-08-21 13:39:41.404000,6150.0,6188.0,6052.0,6138.0,nan,6118.189127,2246694,206185482030.0,590927,6151.0,70,6150.0,14,6152.0,183,6149.0,62,6153.0,157,6148.0,70,6154.0,97,6147.0,166,6155.0,433,6146.0,116
1597988381618785024,1597988381904999936,2020-08-21 13:39:41.905000,6150.0,6188.0,6052.0,6138.0,nan,6118.189396,2246713,206187234780.0,590928,6150.0,21,6149.0,62,6151.0,75,6148.0,71,6152.0,183,6147.0,166,6153.0,157,6146.0,116,6154.0,103,6145.0,96
1597988382150587904,1597988382435000064,2020-08-21 13:39:42.435000,6149.0,6188.0,6052.0,6138.0,nan,6118.189492,2246720,206187880425.0,590928,6150.0,23,6149.0,55,6151.0,75,6148.0,77,6152.0,183,6147.0,166,6153.0,158,6146.0,116,6154.0,103,6145.0,95
1597988382624785920,1597988382921999872,2020-08-21 13:39:42.922000,6150.0,6188.0,6052.0,6138.0,nan,6118.18959,2246727,206188526160.0,590928,6150.0,20,6149.0,59,6151.0,75,6148.0,77,6152.0,183,6147.0,167,6153.0,158,6146.0,117,6154.0,104,6145.0,95
1597988383099270912,1597988383423000064,2020-08-21 13:39:43.423000,6149.0,6188.0,6052.0,6138.0,nan,6118.189618,2246729,206188710645.0,590928,6150.0,27,6149.0,59,6151.0,75,6148.0,77,6152.0,183,6147.0,167,6153.0,158,6146.0,117,6154.0,105,6145.0,95
1597988383618702080,1597988383916000000,2020-08-21 13:39:43.916000,6150.0,6188.0,6052.0,6138.0,nan,6118.189632,2246730,206188802895.0,590929,6150.0,27,6149.0,61,6151.0,76,6148.0,77,6152.0,183,6147.0,167,6153.0,160,6146.0,117,6154.0,105,6145.0,95
1597988384141318912,1597988384434000128,2020-08-21 13:39:44.434000,6150.0,6188.0,6052.0,6138.0,nan,6118.189717,2246736,206189356395.0,590929,6150.0,27,6149.0,61,6151.0,75,6148.0,77,6152.0,184,6147.0,167,6153.0,160,6146.0,117,6154.0,105,6145.0,94
1597988384615902976,1597988384924000000,2020-08-21 13:39:44.924000,6150.0,6188.0,6052.0,6138.0,nan,6118.189802,2246742,206189909895.0,590935,6150.0,22,6149.0,62,6151.0,75,6148.0,77,6152.0,184,6147.0,167,6153.0,160,6146.0,117,6154.0,105,6145.0,94
1597988385138117120,1597988385400999936,2020-08-21 13:39:45.401000,6150.0,6188.0,6052.0,6138.0,nan,6118.189802,2246742,206189909895.0,590935,6150.0,43,6149.0,61,6151.0,76,6148.0,78,6152.0,184,6147.0,167,6153.0,160,6146.0,117,6154.0,105,6145.0,94
1597988385611098112,1597988385924000000,2020-08-21 13:39:45.924000,6150.0,6188.0,6052.0,6138.0,nan,6118.189872,2246747,206190371115.0,590935,6150.0,44,6149.0,60,6151.0,76,6148.0,78,6152.0,184,6147.0,167,6153.0,160,6146.0,117,6154.0,105,6145.0,94
1597988386130078976,1597988386428999936,2020-08-21 13:39:46.429000,6149.0,6188.0,6052.0,6138.0,nan,6118.189997,2246756,206191201260.0,590940,6150.0,42,6149.0,56,6151.0,78,6148.0,78,6152.0,184,6147.0,167,6153.0,160,6146.0,116,6154.0,105,6145.0,94
1597988386613910016,1597988386927000064,2020-08-21 13:39:46.927000,6149.0,6188.0,6052.0,6138.0,nan,6118.189997,2246756,206191201260.0,590940,6150.0,76,6149.0,56,6151.0,78,6148.0,79,6152.0,184,6147.0,167,6153.0,160,6146.0,116,6154.0,105,6145.0,93
1597988387153378048,1597988387426000128,2020-08-21 13:39:47.426000,6150.0,6188.0,6052.0,6138.0,nan,6118.190011,2246757,206191293510.0,590939,6150.0,76,6149.0,62,6151.0,79,6148.0,79,6152.0,184,6147.0,167,6153.0,160,6146.0,116,6154.0,105,6145.0,93
1597988387627633920,1597988387872000000,2020-08-21 13:39:47.872000,6149.0,6188.0,6052.0,6138.0,nan,6118.190038,2246759,206191477980.0,590939,6150.0,76,6149.0,61,6151.0,79,6148.0,79,6152.0,184,6147.0,167,6153.0,160,6146.0,116,6154.0,105,6145.0,96
1597988388153239040,1597988388436999936,2020-08-21 13:39:48.437000,6150.0,6188.0,6052.0,6138.0,nan,6118.19008,2246762,206191754715.0,590939,6150.0,74,6149.0,59,6151.0,80,6148.0,82,6152.0,184,6147.0,167,6153.0,160,6146.0,116,6154.0,105,6145.0,96
1597988388627452928,1597988388936000000,2020-08-21 13:39:48.936000,6150.0,6188.0,6052.0,6138.0,nan,6118.19008,2246762,206191754715.0,590939,6150.0,75,6149.0,59,6151.0,79,6148.0,82,6152.0,184,6147.0,167,6153.0,160,6146.0,115,6154.0,105,6145.0,96
1597988389118512896,1597988389374000128,2020-08-21 13:39:49.374000,6150.0,6188.0,6052.0,6138.0,nan,6118.190234,2246773,206192769405.0,590941,6150.0,70,6149.0,63,6151.0,79,6148.0,82,6152.0,184,6147.0,167,6153.0,160,6146.0,115,6154.0,85,6145.0,97
1597988389613286912,1597988389934000128,2020-08-21 13:39:49.934000,6149.0,6188.0,6052.0,6138.0,nan,6118.190262,2246775,206192953875.0,590940,6150.0,70,6149.0,62,6151.0,79,6148.0,82,6152.0,184,6147.0,167,6153.0,160,6146.0,118,6154.0,85,6145.0,97
1597988390175979008,1597988390432000000,2020-08-21 13:39:50.432000,6150.0,6188.0,6052.0,6138.0,nan,6118.190571,2246797,206194983300.0,590942,6150.0,54,6149.0,57,6151.0,80,6148.0,82,6152.0,183,6147.0,167,6153.0,160,6146.0,118,6154.0,85,6145.0,97
1597988390633312000,1597988390937999872,2020-08-21 13:39:50.938000,6150.0,6188.0,6052.0,6138.0,nan,6118.190627,2246801,206195352300.0,590938,6150.0,56,6149.0,63,6151.0,80,6148.0,82,6152.0,182,6147.0,167,6153.0,160,6146.0,118,6154.0,85,6145.0,97
1597988391134252032,1597988391348000000,2020-08-21 13:39:51.348000,6150.0,6188.0,6052.0,6138.0,nan,6118.190797,2246813,206196459300.0,590934,6150.0,44,6149.0,62,6151.0,80,6148.0,82,6152.0,182,6147.0,167,6153.0,160,6146.0,118,6154.0,85,6145.0,97
1597988391613588992,1597988391932000000,2020-08-21 13:39:51.932000,6150.0,6188.0,6052.0,6138.0,nan,6118.190797,2246813,206196459300.0,590934,6150.0,45,6149.0,63,6151.0,80,6148.0,82,6152.0,182,6147.0,167,6153.0,160,6146.0,118,6154.0,85,6145.0,98
1597988392113267968,1597988392435000064,2020-08-21 13:39:52.435000,6150.0,6188.0,6052.0,6138.0,nan,6118.191091,2246834,206198396430.0,590950,6150.0,37,6149.0,55,6151.0,80,6148.0,83,6152.0,182,6147.0,167,6153.0,160,6146.0,118,6154.0,86,6145.0,98
1597988392609395968,1597988392937999872,2020-08-21 13:39:52.938000,6150.0,6188.0,6052.0,6138.0,nan,6118.191105,2246835,206198488680.0,590950,6150.0,51,6149.0,56,6151.0,80,6148.0,83,6152.0,182,6147.0,167,6153.0,160,6146.0,118,6154.0,86,6145.0,98
1597988393160115968,1597988393432000000,2020-08-21 13:39:53.432000,6149.0,6188.0,6052.0,6138.0,nan,6118.19193,2246895,206204022855.0,590975,6150.0,57,6148.0,83,6151.0,81,6147.0,167,6152.0,182,6146.0,118,6153.0,160,6145.0,98,6154.0,86,6144.0,244
1597988393611229952,1597988393904999936,2020-08-21 13:39:53.905000,6149.0,6188.0,6052.0,6138.0,nan,6118.192012,2246901,206204576265.0,590974,6149.0,9,6148.0,84,6150.0,65,6147.0,166,6151.0,81,6146.0,118,6152.0,184,6145.0,97,6153.0,162,6144.0,244
1597988394113750016,1597988394424999936,2020-08-21 13:39:54.425000,6149.0,6188.0,6052.0,6138.0,nan,6118.192066,2246905,206204945175.0,590972,6149.0,42,6148.0,88,6150.0,65,6147.0,166,6151.0,82,6146.0,118,6152.0,186,6145.0,98,6153.0,162,6144.0,244
1597988394619299072,1597988394903000064,2020-08-21 13:39:54.903000,6149.0,6188.0,6052.0,6138.0,nan,6118.192066,2246905,206204945175.0,590972,6149.0,47,6148.0,83,6150.0,69,6147.0,166,6151.0,82,6146.0,118,6152.0,186,6145.0,98,6153.0,162,6144.0,244
1597988395145292032,1597988395416000000,2020-08-21 13:39:55.416000,6149.0,6188.0,6052.0,6138.0,nan,6118.19223,2246917,206206051965.0,590964,6149.0,37,6148.0,80,6150.0,70,6147.0,166,6151.0,83,6146.0,118,6152.0,186,6145.0,97,6153.0,162,6144.0,243
1597988395628133888,1597988395937999872,2020-08-21 13:39:55.938000,6149.0,6188.0,6052.0,6138.0,nan,6118.19223,2246917,206206051965.0,590964,6149.0,38,6148.0,80,6150.0,77,6147.0,167,6151.0,84,6146.0,118,6152.0,186,6145.0,97,6153.0,166,6144.0,243
1597988396162353920,1597988396436000000,2020-08-21 13:39:56.436000,6149.0,6188.0,6052.0,6138.0,nan,6118.192367,2246927,206206974315.0,590968,6149.0,29,6148.0,81,6150.0,76,6147.0,167,6151.0,85,6146.0,117,6152.0,184,6145.0,97,6153.0,166,6144.0,243
1597988396650349056,1597988396937999872,2020-08-21 13:39:56.938000,6148.0,6188.0,6052.0,6138.0,nan,6118.192421,2246931,206207343225.0,590965,6149.0,28,6148.0,79,6150.0,78,6147.0,167,6151.0,85,6146.0,127,6152.0,184,6145.0,96,6153.0,166,6144.0,243
1597988397175830016,1597988397437999872,2020-08-21 13:39:57.438000,6149.0,6188.0,6052.0,6138.0,nan,6118.192544,2246940,206208173310.0,590960,6149.0,27,6148.0,81,6150.0,78,6147.0,167,6151.0,84,6146.0,127,6152.0,184,6145.0,96,6153.0,166,6144.0,243
1597988397655021056,1597988397901999872,2020-08-21 13:39:57.902000,6148.0,6188.0,6052.0,6138.0,nan,6118.193618,2247021,206215643130.0,590960,6148.0,2,6147.0,167,6149.0,47,6146.0,127,6150.0,80,6145.0,96,6151.0,85,6144.0,243,6152.0,184,6143.0,208
1597988398149532928,1597988398421999872,2020-08-21 13:39:58.422000,6148.0,6188.0,6052.0,6138.0,nan,6118.194268,2247070,206220161910.0,590939,6148.0,17,6147.0,167,6149.0,61,6146.0,130,6150.0,80,6145.0,97,6151.0,85,6144.0,240,6152.0,185,6143.0,208
1597988398597997056,1597988398860999936,2020-08-21 13:39:58.861000,6147.0,6188.0,6052.0,6138.0,nan,6118.194332,2247075,206220622935.0,590935,6148.0,41,6147.0,163,6149.0,46,6146.0,130,6150.0,86,6145.0,97,6151.0,85,6144.0,240,6152.0,185,6143.0,208
1597988399153703936,1597988399408999936,2020-08-21 13:39:59.409000,6147.0,6188.0,6052.0,6138.0,nan,6118.196514,2247245,206236297890.0,590965,6148.0,42,6146.0,130,6149.0,45,6145.0,103,6150.0,86,6144.0,240,6151.0,85,6143.0,208,6152.0,185,6142.0,128
1597988399602480896,1597988399924999936,2020-08-21 13:39:59.925000,6147.0,6188.0,6052.0,6138.0,nan,6118.197602,2247328,206243951700.0,590929,6148.0,2,6147.0,10,6149.0,45,6146.0,426,6150.0,89,6145.0,107,6151.0,85,6144.0,239,6152.0,185,6143.0,209
1597988400150437120,1597988400420999936,2020-08-21 13:40:00.421000,6148.0,6188.0,6052.0,6138.0,nan,6118.197774,2247341,206245150560.0,590937,6149.0,45,6148.0,29,6150.0,89,6147.0,144,6151.0,86,6146.0,132,6152.0,185,6145.0,104,6153.0,164,6144.0,239
1597988400617306880,1597988400937999872,2020-08-21 13:40:00.938000,6148.0,6188.0,6052.0,6138.0,nan,6118.198086,2247364,206247271860.0,590935,6149.0,26,6148.0,13,6150.0,87,6147.0,93,6151.0,86,6146.0,132,6152.0,185,6145.0,106,6153.0,168,6144.0,239
1597988401109774080,1597988401428999936,2020-08-21 13:40:01.429000,6148.0,6188.0,6052.0,6138.0,nan,6118.198113,2247366,206247456300.0,590936,6149.0,26,6148.0,26,6150.0,87,6147.0,94,6151.0,82,6146.0,129,6152.0,185,6145.0,110,6153.0,168,6144.0,239
1597988401611115008,1597988401930000128,2020-08-21 13:40:01.930000,6148.0,6188.0,6052.0,6138.0,nan,6118.198179,2247371,206247917400.0,590939,6149.0,27,6148.0,26,6150.0,91,6147.0,95,6151.0,82,6146.0,129,6152.0,185,6145.0,110,6153.0,168,6144.0,239
1597988402158755072,1597988402413000192,2020-08-21 13:40:02.413000,6148.0,6188.0,6052.0,6138.0,nan,6118.198179,2247371,206247917400.0,590939,6149.0,29,6148.0,33,6150.0,91,6147.0,100,6151.0,81,6146.0,229,6152.0,185,6145.0,110,6153.0,167,6144.0,239
1597988402598327040,1597988402918999808,2020-08-21 13:40:02.919000,6149.0,6188.0,6052.0,6138.0,nan,6118.198193,2247372,206248009635.0,590940,6149.0,22,6148.0,46,6150.0,91,6147.0,101,6151.0,81,6146.0,220,6152.0,185,6145.0,110,6153.0,167,6144.0,239
1597988403150640896,1597988403432000000,2020-08-21 13:40:03.432000,6149.0,6188.0,6052.0,6138.0,nan,6118.198561,2247399,206250499905.0,590933,6149.0,5,6148.0,49,6150.0,91,6147.0,101,6151.0,81,6146.0,220,6152.0,185,6145.0,110,6153.0,167,6144.0,239
1597988403613652992,1597988403924000000,2020-08-21 13:40:03.924000,6148.0,6188.0,6052.0,6138.0,nan,6118.198682,2247408,206251329960.0,590925,6149.0,2,6148.0,54,6150.0,92,6147.0,102,6151.0,82,6146.0,220,6152.0,184,6145.0,110,6153.0,167,6144.0,239
1597988404147217920,1597988404411000064,2020-08-21 13:40:04.411000,6148.0,6188.0,6052.0,6138.0,nan,6118.198709,2247410,206251514400.0,590924,6149.0,14,6148.0,52,6150.0,91,6147.0,99,6151.0,82,6146.0,220,6152.0,184,6145.0,110,6153.0,167,6144.0,239
1597988404624759040,1597988404903000064,2020-08-21 13:40:04.903000,6149.0,6188.0,6052.0,6138.0,nan,6118.198859,2247421,206252528985.0,590915,6149.0,13,6148.0,52,6150.0,92,6147.0,99,6151.0,82,6146.0,222,6152.0,184,6145.0,110,6153.0,167,6144.0,239
1597988405163776000,1597988405420000000,2020-08-21 13:40:05.420000,6149.0,6188.0,6052.0,6138.0,nan,6118.1989,2247424,206252805675.0,590914,6149.0,12,6148.0,57,6150.0,92,6147.0,100,6151.0,82,6146.0,222,6152.0,183,6145.0,110,6153.0,167,6144.0,239
1597988405616957952,1597988405897000192,2020-08-21 13:40:05.897000,6148.0,6188.0,6052.0,6138.0,nan,6118.199205,2247447,206254926735.0,590918,6149.0,17,6148.0,34,6150.0,92,6147.0,100,6151.0,81,6146.0,222,6152.0,182,6145.0,110,6153.0,167,6144.0,239
1597988406156801024,1597988406427000064,2020-08-21 13:40:06.427000,6148.0,6188.0,6052.0,6138.0,nan,6118.199205,2247447,206254926735.0,590918,6149.0,38,6148.0,32,6150.0,102,6147.0,101,6151.0,81,6146.0,229,6152.0,182,6145.0,110,6153.0,166,6144.0,239
1597988406622653952,1597988406927000064,2020-08-21 13:40:06.927000,6148.0,6188.0,6052.0,6138.0,nan,6118.199365,2247459,206256033390.0,590924,6149.0,68,6148.0,19,6150.0,102,6147.0,101,6151.0,85,6146.0,229,6152.0,182,6145.0,110,6153.0,162,6144.0,239
1597988407107817984,1597988407437999872,2020-08-21 13:40:07.438000,6148.0,6188.0,6052.0,6138.0,nan,6118.199696,2247484,206258338890.0,590936,6148.0,34,6147.0,102,6149.0,71,6146.0,231,6150.0,107,6145.0,110,6151.0,85,6144.0,239,6152.0,182,6143.0,228
1597988407614519040,1597988407897000192,2020-08-21 13:40:07.897000,6148.0,6188.0,6052.0,6138.0,nan,6118.199696,2247484,206258338890.0,590936,6148.0,75,6147.0,103,6149.0,74,6146.0,231,6150.0,114,6145.0,111,6151.0,85,6144.0,239,6152.0,182,6143.0,228
1597988408138406912,1597988408431000064,2020-08-21 13:40:08.431000,6148.0,6188.0,6052.0,6138.0,nan,6118.199696,2247484,206258338890.0,590936,6148.0,78,6147.0,100,6149.0,74,6146.0,232,6150.0,114,6145.0,110,6151.0,85,6144.0,239,6152.0,182,6143.0,228
1597988408618927104,1597988408918999808,2020-08-21 13:40:08.919000,6147.0,6188.0,6052.0,6138.0,nan,6118.199722,2247486,206258523315.0,590936,6148.0,78,6147.0,101,6149.0,73,6146.0,232,6150.0,135,6145.0,110,6151.0,86,6144.0,239,6152.0,181,6143.0,228
1597988409141895936,1597988409415000064,2020-08-21 13:40:09.415000,6148.0,6188.0,6052.0,6138.0,nan,6118.199802,2247492,206259076635.0,590937,6148.0,72,6147.0,102,6149.0,72,6146.0,232,6150.0,136,6145.0,119,6151.0,86,6144.0,239,6152.0,181,6143.0,228
1597988409622814976,1597988409904999936,2020-08-21 13:40:09.905000,6147.0,6188.0,6052.0,6138.0,nan,6118.199815,2247493,206259168840.0,590937,6148.0,86,6147.0,103,6149.0,75,6146.0,232,6150.0,135,6145.0,119,6151.0,87,6144.0,239,6152.0,181,6143.0,228
1597988410114629120,1597988410403000064,2020-08-21 13:40:10.403000,6148.0,6188.0,6052.0,6138.0,nan,6118.199854,2247496,206259445485.0,590939,6148.0,84,6147.0,102,6149.0,78,6146.0,232,6150.0,135,6145.0,119,6151.0,89,6144.0,240,6152.0,181,6143.0,228
1597988410632602880,1597988410931000064,2020-08-21 13:40:10.931000,6147.0,6188.0,6052.0,6138.0,nan,6118.199946,2247503,206260090995.0,590939,6148.0,79,6147.0,107,6149.0,79,6146.0,233,6150.0,135,6145.0,120,6151.0,88,6144.0,240,6152.0,181,6143.0,228
1597988411116982016,1597988411436000000,2020-08-21 13:40:11.436000,6148.0,6188.0,6052.0,6138.0,nan,6118.199985,2247506,206260367625.0,590939,6148.0,78,6147.0,105,6149.0,80,6146.0,235,6150.0,135,6145.0,120,6151.0,88,6144.0,240,6152.0,181,6143.0,228
1597988411617940992,1597988411924999936,2020-08-21 13:40:11.925000,6147.0,6188.0,6052.0,6138.0,nan,6118.200215,2247524,206262027315.0,590951,6148.0,102,6147.0,91,6149.0,84,6146.0,235,6150.0,138,6145.0,123,6151.0,89,6144.0,240,6152.0,181,6143.0,228
1597988412137892096,1597988412411000064,2020-08-21 13:40:12.411000,6147.0,6188.0,6052.0,6138.0,nan,6118.200462,2247543,206263779300.0,590953,6148.0,134,6147.0,78,6149.0,84,6146.0,236,6150.0,138,6145.0,125,6151.0,90,6144.0,240,6152.0,181,6143.0,228
1597988412638991104,1597988412930000128,2020-08-21 13:40:12.930000,6147.0,6188.0,6052.0,6138.0,nan,6118.201474,2247622,206271063510.0,590978,6148.0,141,6146.0,233,6149.0,84,6145.0,125,6150.0,140,6144.0,240,6151.0,93,6143.0,228,6152.0,181,6142.0,127
1597988413145072896,1597988413426000128,2020-08-21 13:40:13.426000,6146.0,6188.0,6052.0,6138.0,nan,6118.201499,2247624,206271247905.0,590979,6147.0,12,6146.0,220,6148.0,142,6145.0,130,6149.0,85,6144.0,240,6150.0,151,6143.0,228,6151.0,93,6142.0,127
1597988413657196032,1597988413916000000,2020-08-21 13:40:13.916000,6148.0,6188.0,6052.0,6138.0,nan,6118.202526,2247704,206278624350.0,590969,6147.0,11,6146.0,216,6148.0,67,6145.0,130,6149.0,85,6144.0,240,6150.0,155,6143.0,228,6151.0,93,6142.0,127
1597988414157971968,1597988414356000000,2020-08-21 13:40:14.356000,6146.0,6188.0,6052.0,6138.0,nan,6118.202679,2247716,206279730795.0,590963,6147.0,68,6146.0,215,6148.0,72,6145.0,130,6149.0,80,6144.0,240,6150.0,154,6143.0,228,6151.0,94,6142.0,127
1597988414622241024,1597988414920999936,2020-08-21 13:40:14.921000,6147.0,6188.0,6052.0,6138.0,nan,6118.202844,2247729,206280929400.0,590961,6147.0,59,6146.0,211,6148.0,72,6145.0,131,6149.0,81,6144.0,240,6150.0,154,6143.0,228,6151.0,95,6142.0,127
1597988415140819968,1597988415437999872,2020-08-21 13:40:15.438000,6147.0,6188.0,6052.0,6138.0,nan,6118.202984,2247740,206281943625.0,590950,6147.0,55,6146.0,209,6148.0,72,6145.0,131,6149.0,79,6144.0,240,6150.0,154,6143.0,228,6151.0,95,6142.0,127
1597988415662406912,1597988415935000064,2020-08-21 13:40:15.935000,6147.0,6188.0,6052.0,6138.0,nan,6118.203022,2247743,206282220225.0,590948,6147.0,61,6146.0,212,6148.0,72,6145.0,129,6149.0,79,6144.0,240,6150.0,154,6143.0,228,6151.0,95,6142.0,127
1597988416130889984,1597988416325999872,2020-08-21 13:40:16.326000,6146.0,6188.0,6052.0,6138.0,nan,6118.203097,2247749,206282773395.0,590946,6147.0,66,6146.0,208,6148.0,32,6145.0,129,6149.0,77,6144.0,240,6150.0,145,6143.0,228,6151.0,95,6142.0,127
1597988416626795008,1597988416935000064,2020-08-21 13:40:16.935000,6146.0,6188.0,6052.0,6138.0,nan,6118.203332,2247768,206284525020.0,590930,6147.0,75,6146.0,190,6148.0,35,6145.0,128,6149.0,77,6144.0,240,6150.0,145,6143.0,228,6151.0,91,6142.0,127
1597988417131409920,1597988417420999936,2020-08-21 13:40:17.421000,6147.0,6188.0,6052.0,6138.0,nan,6118.203371,2247771,206284801635.0,590930,6147.0,73,6146.0,191,6148.0,38,6145.0,131,6149.0,77,6144.0,240,6150.0,160,6143.0,228,6151.0,103,6142.0,127
1597988417620912896,1597988417892999936,2020-08-21 13:40:17.893000,6146.0,6188.0,6052.0,6138.0,nan,6118.204727,2247879,206294758845.0,590910,6147.0,29,6146.0,130,6148.0,38,6145.0,129,6149.0,77,6144.0,241,6150.0,161,6143.0,228,6151.0,113,6142.0,127
1597988418116408064,1597988418427000064,2020-08-21 13:40:18.427000,6146.0,6188.0,6052.0,6138.0,nan,6118.204815,2247886,206295404235.0,590910,6147.0,35,6146.0,164,6148.0,35,6145.0,128,6149.0,77,6144.0,241,6150.0,162,6143.0,228,6151.0,113,6142.0,125
1597988418608064000,1597988418917999872,2020-08-21 13:40:18.918000,6146.0,6188.0,6052.0,6138.0,nan,6118.205038,2247904,206297063655.0,590899,6147.0,38,6146.0,147,6148.0,34,6145.0,128,6149.0,77,6144.0,241,6150.0,163,6143.0,228,6151.0,113,6142.0,125
1597988419120908032,1597988419430000128,2020-08-21 13:40:19.430000,6146.0,6188.0,6052.0,6138.0,nan,6118.205075,2247907,206297340225.0,590896,6147.0,46,6146.0,144,6148.0,34,6145.0,128,6149.0,78,6144.0,242,6150.0,164,6143.0,228,6151.0,113,6142.0,125
1597988419616663040,1597988419924999936,2020-08-21 13:40:19.925000,6146.0,6188.0,6052.0,6138.0,nan,6118.205343,2247928,206299276515.0,590908,6147.0,26,6146.0,145,6148.0,34,6145.0,127,6149.0,78,6144.0,242,6150.0,164,6143.0,228,6151.0,112,6142.0,125
1597988420109129984,1597988420433000192,2020-08-21 13:40:20.433000,6146.0,6188.0,6052.0,6138.0,nan,6118.205554,2247945,206300843745.0,590906,6147.0,27,6146.0,129,6148.0,34,6145.0,128,6149.0,78,6144.0,243,6150.0,159,6143.0,228,6151.0,112,6142.0,125
1597988420617485056,1597988420932000000,2020-08-21 13:40:20.932000,6147.0,6188.0,6052.0,6138.0,nan,6118.205566,2247946,206300935950.0,590905,6147.0,29,6146.0,128,6148.0,35,6145.0,128,6149.0,78,6144.0,244,6150.0,155,6143.0,228,6151.0,112,6142.0,125
1597988421123218944,1597988421390000128,2020-08-21 13:40:21.390000,6146.0,6188.0,6052.0,6138.0,nan,6118.205702,2247957,206301950040.0,590905,6147.0,38,6146.0,119,6148.0,35,6145.0,128,6149.0,78,6144.0,244,6150.0,155,6143.0,233,6151.0,113,6142.0,125
1597988421616562944,1597988421928000000,2020-08-21 13:40:21.928000,6146.0,6188.0,6052.0,6138.0,nan,6118.205765,2247962,206302411005.0,590901,6147.0,38,6146.0,120,6148.0,35,6145.0,125,6149.0,75,6144.0,244,6150.0,156,6143.0,233,6151.0,113,6142.0,125
1597988422102089984,1597988422401999872,2020-08-21 13:40:22.402000,6146.0,6188.0,6052.0,6138.0,nan,6118.205928,2247975,206303609550.0,590894,6147.0,33,6146.0,109,6148.0,35,6145.0,125,6149.0,75,6144.0,244,6150.0,147,6143.0,233,6151.0,113,6142.0,125
1597988422637498880,1597988422921999872,2020-08-21 13:40:22.922000,6146.0,6188.0,6052.0,6138.0,nan,6118.205965,2247978,206303886120.0,590894,6147.0,43,6146.0,108,6148.0,37,6145.0,124,6149.0,73,6144.0,247,6150.0,142,6143.0,233,6151.0,112,6142.0,125
1597988423106790912,1597988423430000128,2020-08-21 13:40:23.430000,6146.0,6188.0,6052.0,6138.0,nan,6118.206015,2247982,206304254925.0,590896,6147.0,42,6146.0,109,6148.0,37,6145.0,124,6149.0,77,6144.0,247,6150.0,142,6143.0,233,6151.0,117,6142.0,125
1597988423611641088,1597988423857000192,2020-08-21 13:40:23.857000,6147.0,6188.0,6052.0,6138.0,nan,6118.206179,2247995,206305453485.0,590891,6147.0,37,6146.0,102,6148.0,37,6145.0,125,6149.0,81,6144.0,247,6150.0,142,6143.0,233,6151.0,117,6142.0,125
1597988424217478912,1597988424434000128,2020-08-21 13:40:24.434000,6146.0,6188.0,6052.0,6138.0,nan,6118.206228,2247999,206305822245.0,590891,6147.0,38,6146.0,98,6148.0,36,6145.0,125,6149.0,79,6144.0,249,6150.0,142,6143.0,233,6151.0,117,6142.0,125
1597988424623785984,1597988424924000000,2020-08-21 13:40:24.924000,6147.0,6188.0,6052.0,6138.0,nan,6118.206303,2248005,206306375415.0,590891,6147.0,43,6146.0,96,6148.0,37,6145.0,128,6149.0,79,6144.0,249,6150.0,141,6143.0,233,6151.0,119,6142.0,125
1597988425119251968,1597988425424999936,2020-08-21 13:40:25.425000,6147.0,6188.0,6052.0,6138.0,nan,6118.206405,2248013,206307113025.0,590890,6147.0,38,6146.0,114,6148.0,37,6145.0,128,6149.0,79,6144.0,249,6150.0,141,6143.0,233,6151.0,120,6142.0,125
1597988425618373888,1597988425930000128,2020-08-21 13:40:25.930000,6146.0,6188.0,6052.0,6138.0,nan,6118.206641,2248032,206308864665.0,590875,6147.0,35,6146.0,97,6148.0,37,6145.0,128,6149.0,79,6144.0,249,6150.0,142,6143.0,234,6151.0,115,6142.0,125
1597988426264755968,1597988426431000064,2020-08-21 13:40:26.431000,6147.0,6188.0,6052.0,6138.0,nan,6118.206679,2248035,206309141265.0,590873,6147.0,40,6146.0,101,6148.0,38,6145.0,128,6149.0,80,6144.0,249,6150.0,144,6143.0,234,6151.0,115,6142.0,125
1597988426712966912,1597988426934000128,2020-08-21 13:40:26.934000,6146.0,6188.0,6052.0,6138.0,nan,6118.206703,2248037,206309325645.0,590872,6147.0,47,6146.0,99,6148.0,38,6145.0,128,6149.0,80,6144.0,248,6150.0,144,6143.0,234,6151.0,115,6142.0,125
1597988427140941056,1597988427434000128,2020-08-21 13:40:27.434000,6147.0,6188.0,6052.0,6138.0,nan,6118.206793,2248044,206309971065.0,590870,6147.0,41,6146.0,98,6148.0,38,6145.0,128,6149.0,80,6144.0,298,6150.0,144,6143.0,234,6151.0,112,6142.0,126
1597988427621881088,1597988427918999808,2020-08-21 13:40:27.919000,6147.0,6188.0,6052.0,6138.0,nan,6118.206818,2248046,206310155460.0,590870,6147.0,50,6146.0,103,6148.0,38,6145.0,127,6149.0,80,6144.0,298,6150.0,144,6143.0,234,6151.0,112,6142.0,126
1597988428121622016,1597988428412000000,2020-08-21 13:40:28.412000,6147.0,6188.0,6052.0,6138.0,nan,6118.206818,2248046,206310155460.0,590870,6147.0,77,6146.0,106,6148.0,38,6145.0,127,6149.0,80,6144.0,298,6150.0,145,6143.0,235,6151.0,112,6142.0,126
1597988428602443008,1597988428924999936,2020-08-21 13:40:28.925000,6146.0,6188.0,6052.0,6138.0,nan,6118.206855,2248049,206310432030.0,590872,6147.0,78,6146.0,103,6148.0,38,6145.0,127,6149.0,79,6144.0,298,6150.0,145,6143.0,235,6151.0,112,6142.0,126
1597988429131475968,1597988429424999936,2020-08-21 13:40:29.425000,6146.0,6188.0,6052.0,6138.0,nan,6118.206968,2248058,206311261785.0,590879,6147.0,79,6146.0,96,6148.0,68,6145.0,129,6149.0,79,6144.0,303,6150.0,146,6143.0,235,6151.0,112,6142.0,126
1597988429606725888,1597988429936999936,2020-08-21 13:40:29.937000,6147.0,6188.0,6052.0,6138.0,nan,6118.207044,2248064,206311815015.0,590878,6147.0,73,6146.0,96,6148.0,69,6145.0,129,6149.0,79,6144.0,303,6150.0,146,6143.0,235,6151.0,116,6142.0,126
1597988430132069888,1597988430434000128,2020-08-21 13:40:30.434000,6146.0,6188.0,6052.0,6138.0,nan,6118.207057,2248065,206311907205.0,590879,6147.0,70,6146.0,98,6148.0,68,6145.0,129,6149.0,79,6144.0,303,6150.0,138,6143.0,235,6151.0,116,6142.0,126
1597988430643785984,1597988430927000064,2020-08-21 13:40:30.927000,6147.0,6188.0,6052.0,6138.0,nan,6118.207132,2248071,206312460375.0,590880,6147.0,69,6146.0,94,6148.0,68,6145.0,127,6149.0,79,6144.0,303,6150.0,138,6143.0,235,6151.0,116,6142.0,126
