local_nano_time,quote_nano_time,datetime,last_price,highest,lowest,open,close,average,volume,amount,open_interest,ask_price1,ask_volume1,bid_price1,bid_volume1,ask_price2,ask_volume2,bid_price2,bid_volume2,ask_price3,ask_volume3,bid_price3,bid_volume3,ask_price4,ask_volume4,bid_price4,bid_volume4,ask_price5,ask_volume5,bid_price5,bid_volume5
1597988231722332928,1597988232000000000,2020-08-21 13:37:12.000000,566.2,569.4,565.4,568.0,nan,567.4,102194,5798487560.0,96884,566.4,116,566.2,171,nan,0,nan,0,nan,0,nan,0,nan,0,nan,0,nan,0,nan,0
1597988232226166016,1597988232000001024,2020-08-21 13:37:12.000001,566.2,569.4,565.4,568.0,nan,567.4,102195,5798544300.0,96884,566.4,116,566.2,170,nan,0,nan,0,nan,0,nan,0,nan,0,nan,0,nan,0,nan,0
1597988232720592896,1597988233000000000,2020-08-21 13:37:13.000000,566.4,569.4,565.4,568.0,nan,567.4,102196,5798601040.0,96883,566.4,115,566.2,170,nan,0,nan,0,nan,0,nan,0,nan,0,nan,0,nan,0,nan,0
1597988233202716928,1597988233000001024,2020-08-21 13:37:13.000001,566.4,569.4,565.4,568.0,nan,567.4,102196,5798601040.0,96883,566.4,115,566.2,172,nan,0,nan,0,nan,0,nan,0,nan,0,nan,0,nan,0,nan,0
1597988234724176896,1597988235000000000,2020-08-21 13:37:15.000000,566.4,569.4,565.4,568.0,nan,567.4,102232,5800643680.0,96883,566.4,89,566.2,162,nan,0,nan,0,nan,0,nan,0,nan,0,nan,0,nan,0,nan,0
1597988235216633088,1597988235000001024,2020-08-21 13:37:15.000001,566.4,569.4,565.4,568.0,nan,567.4,102266,5802572840.0,96895,566.4,88,566.2,178,nan,0,nan,0,nan,0,nan,0,nan,0,nan,0,nan,0,nan,0
1597988235740356096,1597988236000000000,2020-08-21 13:37:16.000000,566.4,569.4,565.4,568.0,nan,567.4,102266,5802572840.0,96895,566.4,91,566.2,181,nan,0,nan,0,nan,0,nan,0,nan,0,nan,0,nan,0,nan,0
1597988237223680000,1597988237000001024,2020-08-21 13:37:17.000001,566.4,569.4,565.4,568.0,nan,567.4,102266,5802572840.0,96895,566.4,92,566.2,181,nan,0,nan,0,nan,0,nan,0,nan,0,nan,0,nan,0,nan,0
1597988237726392064,1597988238000000000,2020-08-21 13:37:18.000000,566.4,569.4,565.4,568.0,nan,567.4,102266,5802572840.0,96895,566.4,107,566.2,192,nan,0,nan,0,nan,0,nan,0,nan,0,nan,0,nan,0,nan,0
1597988239198774016,1597988239000001024,2020-08-21 13:37:19.000001,566.4,569.4,565.4,568.0,nan,567.4,102266,5802572840.0,96895,566.4,107,566.2,193,nan,0,nan,0,nan,0,nan,0,nan,0,nan,0,nan,0,nan,0
1597988240716087040,1597988241000000000,2020-08-21 13:37:21.000000,566.4,569.4,565.4,568.0,nan,567.4,102273,5802970020.0,96894,566.4,114,566.2,187,nan,0,nan,0,nan,0,nan,0,nan,0,nan,0,nan,0,nan,0
1597988241227131904,1597988241000001024,2020-08-21 13:37:21.000001,566.4,569.4,565.4,568.0,nan,567.4,102273,5802970020.0,96894,566.4,115,566.2,193,nan,0,nan,0,nan,0,nan,0,nan,0,nan,0,nan,0,nan,0
1597988241725277952,1597988242000000000,2020-08-21 13:37:22.000000,566.4,569.4,565.4,568.0,nan,567.4,102273,5802970020.0,96894,566.4,114,566.2,193,nan,0,nan,0,nan,0,nan,0,nan,0,nan,0,nan,0,nan,0
1597988242208872960,1597988242000001024,2020-08-21 13:37:22.000001,566.4,569.4,565.4,568.0,nan,567.4,102273,5802970020.0,96894,566.4,123,566.2,193,nan,0,nan,0,nan,0,nan,0,nan,0,nan,0,nan,0,nan,0
1597988244734185984,1597988245000000000,2020-08-21 13:37:25.000000,566.2,569.4,565.4,568.0,nan,567.4,102280,5803367200.0,96894,566.4,123,566.2,186,nan,0,nan,0,nan,0,nan,0,nan,0,nan,0,nan,0,nan,0
1597988245240695040,1597988245000001024,2020-08-21 13:37:25.000001,566.2,569.4,565.4,568.0,nan,567.4,102280,5803367200.0,96894,566.4,117,566.2,177,nan,0,nan,0,nan,0,nan,0,nan,0,nan,0,nan,0,nan,0
1597988246261082112,1597988246000001024,2020-08-21 13:37:26.000001,566.2,569.4,565.4,568.0,nan,567.4,102280,5803367200.0,96894,566.4,127,566.2,187,nan,0,nan,0,nan,0,nan,0,nan,0,nan,0,nan,0,nan,0
1597988250244706048,1597988250000001024,2020-08-21 13:37:30.000001,566.2,569.4,565.4,568.0,nan,567.4,102280,5803367200.0,96894,566.4,117,566.2,187,nan,0,nan,0,nan,0,nan,0,nan,0,nan,0,nan,0,nan,0
1597988251211269888,1597988251000001024,2020-08-21 13:37:31.000001,566.2,569.4,565.4,568.0,nan,567.4,102280,5803367200.0,96894,566.4,117,566.2,187,nan,0,nan,0,nan,0,nan,0,nan,0,nan,0,nan,0,nan,0
1597988251735789056,1597988252000000000,2020-08-21 13:37:32.000000,566.2,569.4,565.4,568.0,nan,567.4,102280,5803367200.0,96894,566.4,124,566.2,187,nan,0,nan,0,nan,0,nan,0,nan,0,nan,0,nan,0,nan,0
1597988255221693952,1597988255000001024,2020-08-21 13:37:35.000001,566.2,569.4,565.4,568.0,nan,567.4,102281,5803423940.0,96894,566.4,124,566.2,186,nan,0,nan,0,nan,0,nan,0,nan,0,nan,0,nan,0,nan,0
1597988255727966976,1597988256000000000,2020-08-21 13:37:36.000000,566.2,569.4,565.4,568.0,nan,567.4,102281,5803423940.0,96894,566.4,124,566.2,198,nan,0,nan,0,nan,0,nan,0,nan,0,nan,0,nan,0,nan,0
1597988257220289024,1597988257000001024,2020-08-21 13:37:37.000001,566.2,569.4,565.4,568.0,nan,567.4,102281,5803423940.0,96894,566.4,124,566.2,199,nan,0,nan,0,nan,0,nan,0,nan,0,nan,0,nan,0,nan,0
1597988259749910016,1597988260000000000,2020-08-21 13:37:40.000000,566.4,569.4,565.4,568.0,nan,567.4,102331,5806260940.0,96871,566.4,66,566.2,199,nan,0,nan,0,nan,0,nan,0,nan,0,nan,0,nan,0,nan,0
1597988260228985088,1597988260000001024,2020-08-21 13:37:40.000001,566.4,569.4,565.4,568.0,nan,567.4,102331,5806260940.0,96871,566.4,66,566.2,202,nan,0,nan,0,nan,0,nan,0,nan,0,nan,0,nan,0,nan,0
1597988261247596032,1597988261000001024,2020-08-21 13:37:41.000001,566.4,569.4,565.4,568.0,nan,567.4,102331,5806260940.0,96871,566.4,69,566.2,202,nan,0,nan,0,nan,0,nan,0,nan,0,nan,0,nan,0,nan,0
1597988262261705984,1597988262000001024,2020-08-21 13:37:42.000001,566.4,569.4,565.4,568.0,nan,567.4,102331,5806260940.0,96871,566.4,69,566.2,203,nan,0,nan,0,nan,0,nan,0,nan,0,nan,0,nan,0,nan,0
1597988263213282048,1597988263000001024,2020-08-21 13:37:43.000001,566.4,569.4,565.4,568.0,nan,567.4,102331,5806260940.0,96871,566.4,69,566.2,203,nan,0,nan,0,nan,0,nan,0,nan,0,nan,0,nan,0,nan,0
1597988264728473088,1597988265000000000,2020-08-21 13:37:45.000000,566.4,569.4,565.4,568.0,nan,567.4,102331,5806260940.0,96871,566.4,69,566.2,214,nan,0,nan,0,nan,0,nan,0,nan,0,nan,0,nan,0,nan,0
1597988265243919104,1597988265000001024,2020-08-21 13:37:45.000001,566.4,569.4,565.4,568.0,nan,567.4,102331,5806260940.0,96871,566.4,69,566.2,215,nan,0,nan,0,nan,0,nan,0,nan,0,nan,0,nan,0,nan,0
1597988266231238912,1597988266000001024,2020-08-21 13:37:46.000001,566.2,569.4,565.4,568.0,nan,567.4,102343,5806941820.0,96865,566.4,79,566.2,193,nan,0,nan,0,nan,0,nan,0,nan,0,nan,0,nan,0,nan,0
1597988266737191936,1597988267000000000,2020-08-21 13:37:47.000000,566.2,569.4,565.4,568.0,nan,567.4,102343,5806941820.0,96865,566.4,79,566.2,199,nan,0,nan,0,nan,0,nan,0,nan,0,nan,0,nan,0,nan,0
1597988267233084928,1597988267000001024,2020-08-21 13:37:47.000001,566.2,569.4,565.4,568.0,nan,567.4,102343,5806941820.0,96865,566.4,99,566.2,209,nan,0,nan,0,nan,0,nan,0,nan,0,nan,0,nan,0,nan,0
1597988267733088000,1597988268000000000,2020-08-21 13:37:48.000000,566.2,569.4,565.4,568.0,nan,567.4,102343,5806941820.0,96865,566.4,109,566.2,209,nan,0,nan,0,nan,0,nan,0,nan,0,nan,0,nan,0,nan,0
1597988271739433984,1597988272000000000,2020-08-21 13:37:52.000000,566.2,569.4,565.4,568.0,nan,567.4,102343,5806941820.0,96865,566.4,106,566.2,209,nan,0,nan,0,nan,0,nan,0,nan,0,nan,0,nan,0,nan,0
1597988272223279104,1597988272000001024,2020-08-21 13:37:52.000001,566.2,569.4,565.4,568.0,nan,567.4,102343,5806941820.0,96865,566.4,96,566.2,209,nan,0,nan,0,nan,0,nan,0,nan,0,nan,0,nan,0,nan,0
1597988272743896064,1597988273000000000,2020-08-21 13:37:53.000000,566.2,569.4,565.4,568.0,nan,567.4,102343,5806941820.0,96865,566.4,106,566.2,209,nan,0,nan,0,nan,0,nan,0,nan,0,nan,0,nan,0,nan,0
1597988273737359872,1597988274000000000,2020-08-21 13:37:54.000000,566.2,569.4,565.4,568.0,nan,567.4,102373,5808644020.0,96849,566.4,86,566.2,167,nan,0,nan,0,nan,0,nan,0,nan,0,nan,0,nan,0,nan,0
1597988274252804096,1597988274000001024,2020-08-21 13:37:54.000001,566.2,569.4,565.4,568.0,nan,567.4,102373,5808644020.0,96849,566.4,94,566.2,181,nan,0,nan,0,nan,0,nan,0,nan,0,nan,0,nan,0,nan,0
1597988274742632960,1597988275000000000,2020-08-21 13:37:55.000000,566.4,569.4,565.4,568.0,nan,567.4,102488,5815169120.0,96906,566.6,292,566.4,14,nan,0,nan,0,nan,0,nan,0,nan,0,nan,0,nan,0,nan,0
1597988275227248128,1597988275000001024,2020-08-21 13:37:55.000001,566.4,569.4,565.4,568.0,nan,567.4,102488,5815169120.0,96906,566.6,282,566.4,33,nan,0,nan,0,nan,0,nan,0,nan,0,nan,0,nan,0,nan,0
1597988275755031040,1597988276000000000,2020-08-21 13:37:56.000000,566.4,569.4,565.4,568.0,nan,567.4,102498,5815736520.0,96896,566.6,322,566.4,53,nan,0,nan,0,nan,0,nan,0,nan,0,nan,0,nan,0,nan,0
1597988276256680960,1597988276000001024,2020-08-21 13:37:56.000001,566.4,569.4,565.4,568.0,nan,567.4,102498,5815736520.0,96896,566.6,322,566.4,54,nan,0,nan,0,nan,0,nan,0,nan,0,nan,0,nan,0,nan,0
1597988276811753984,1597988277000000000,2020-08-21 13:37:57.000000,566.4,569.4,565.4,568.0,nan,567.4,102498,5815736520.0,96896,566.6,332,566.4,64,nan,0,nan,0,nan,0,nan,0,nan,0,nan,0,nan,0,nan,0
1597988277264940032,1597988277000001024,2020-08-21 13:37:57.000001,566.4,569.4,565.4,568.0,nan,567.4,102503,5816020220.0,96896,566.6,321,566.4,49,nan,0,nan,0,nan,0,nan,0,nan,0,nan,0,nan,0,nan,0
1597988277750625024,1597988278000000000,2020-08-21 13:37:58.000000,566.4,569.4,565.4,568.0,nan,567.4,102503,5816020220.0,96896,566.6,321,566.4,42,nan,0,nan,0,nan,0,nan,0,nan,0,nan,0,nan,0,nan,0
1597988278231104000,1597988278000001024,2020-08-21 13:37:58.000001,566.4,569.4,565.4,568.0,nan,567.4,102508,5816303920.0,96896,566.6,321,566.4,37,nan,0,nan,0,nan,0,nan,0,nan,0,nan,0,nan,0,nan,0
1597988278740407040,1597988279000000000,2020-08-21 13:37:59.000000,566.4,569.4,565.4,568.0,nan,567.4,102513,5816587620.0,96896,566.6,331,566.4,45,nan,0,nan,0,nan,0,nan,0,nan,0,nan,0,nan,0,nan,0
1597988279251888896,1597988279000001024,2020-08-21 13:37:59.000001,566.4,569.4,565.4,568.0,nan,567.4,102518,5816871320.0,96901,566.6,321,566.4,41,nan,0,nan,0,nan,0,nan,0,nan,0,nan,0,nan,0,nan,0
1597988279740417024,1597988280000000000,2020-08-21 13:38:00.000000,566.4,569.4,565.4,568.0,nan,567.4,102521,5817041540.0,96903,566.6,331,566.4,38,nan,0,nan,0,nan,0,nan,0,nan,0,nan,0,nan,0,nan,0
1597988280245942016,1597988280000001024,2020-08-21 13:38:00.000001,566.4,569.4,565.4,568.0,nan,567.4,102563,5819424620.0,96887,566.4,39,566.2,206,nan,0,nan,0,nan,0,nan,0,nan,0,nan,0,nan,0,nan,0
1597988280739613952,1597988281000000000,2020-08-21 13:38:01.000000,566.2,569.4,565.4,568.0,nan,567.4,102575,5820105500.0,96887,566.4,54,566.2,174,nan,0,nan,0,nan,0,nan,0,nan,0,nan,0,nan,0,nan,0
1597988281220014080,1597988281000001024,2020-08-21 13:38:01.000001,566.2,569.4,565.4,568.0,nan,567.4,102575,5820105500.0,96887,566.4,123,566.2,194,nan,0,nan,0,nan,0,nan,0,nan,0,nan,0,nan,0,nan,0
1597988281744495104,1597988282000000000,2020-08-21 13:38:02.000000,566.2,569.4,565.4,568.0,nan,567.4,102583,5820559420.0,96886,566.4,132,566.2,186,nan,0,nan,0,nan,0,nan,0,nan,0,nan,0,nan,0,nan,0
1597988282231912960,1597988282000001024,2020-08-21 13:38:02.000001,566.2,569.4,565.4,568.0,nan,567.4,102623,5822829020.0,96899,566.4,138,566.2,146,nan,0,nan,0,nan,0,nan,0,nan,0,nan,0,nan,0,nan,0
1597988282740999936,1597988283000000000,2020-08-21 13:38:03.000000,566.2,569.4,565.4,568.0,nan,567.4,102639,5823736860.0,96905,566.4,148,566.2,108,nan,0,nan,0,nan,0,nan,0,nan,0,nan,0,nan,0,nan,0
1597988283285360128,1597988283000001024,2020-08-21 13:38:03.000001,566.2,569.4,565.4,568.0,nan,567.4,102639,5823736860.0,96905,566.4,153,566.2,108,nan,0,nan,0,nan,0,nan,0,nan,0,nan,0,nan,0,nan,0
1597988284227411968,1597988284000001024,2020-08-21 13:38:04.000001,566.2,569.4,565.4,568.0,nan,567.4,102639,5823736860.0,96905,566.4,163,566.2,108,nan,0,nan,0,nan,0,nan,0,nan,0,nan,0,nan,0,nan,0
1597988284737455104,1597988285000000000,2020-08-21 13:38:05.000000,566.2,569.4,565.4,568.0,nan,567.4,102640,5823793600.0,96906,566.4,183,566.2,108,nan,0,nan,0,nan,0,nan,0,nan,0,nan,0,nan,0,nan,0
1597988285224281088,1597988285000001024,2020-08-21 13:38:05.000001,566.2,569.4,565.4,568.0,nan,567.4,102640,5823793600.0,96906,566.4,183,566.2,107,nan,0,nan,0,nan,0,nan,0,nan,0,nan,0,nan,0,nan,0
1597988286226027008,1597988286000001024,2020-08-21 13:38:06.000001,566.2,569.4,565.4,568.0,nan,567.4,102640,5823793600.0,96906,566.4,183,566.2,87,nan,0,nan,0,nan,0,nan,0,nan,0,nan,0,nan,0,nan,0
1597988286738582016,1597988287000000000,2020-08-21 13:38:07.000000,566.2,569.4,565.4,568.0,nan,567.4,102640,5823793600.0,96906,566.4,183,566.2,78,nan,0,nan,0,nan,0,nan,0,nan,0,nan,0,nan,0,nan,0
1597988288251074048,1597988288000001024,2020-08-21 13:38:08.000001,566.2,569.4,565.4,568.0,nan,567.4,102640,5823793600.0,96906,566.4,193,566.2,78,nan,0,nan,0,nan,0,nan,0,nan,0,nan,0,nan,0,nan,0
1597988288740141056,1597988289000000000,2020-08-21 13:38:09.000000,566.2,569.4,565.4,568.0,nan,567.4,102640,5823793600.0,96906,566.4,197,566.2,73,nan,0,nan,0,nan,0,nan,0,nan,0,nan,0,nan,0,nan,0
1597988291241981952,1597988291000001024,2020-08-21 13:38:11.000001,566.2,569.4,565.4,568.0,nan,567.4,102645,5824077300.0,96911,566.4,210,566.2,69,nan,0,nan,0,nan,0,nan,0,nan,0,nan,0,nan,0,nan,0
1597988291742969088,1597988292000000000,2020-08-21 13:38:12.000000,566.2,569.4,565.4,568.0,nan,567.4,102645,5824077300.0,96911,566.4,210,566.2,79,nan,0,nan,0,nan,0,nan,0,nan,0,nan,0,nan,0,nan,0
1597988292244645120,1597988292000001024,2020-08-21 13:38:12.000001,566.2,569.4,565.4,568.0,nan,567.4,102645,5824077300.0,96911,566.4,210,566.2,79,nan,0,nan,0,nan,0,nan,0,nan,0,nan,0,nan,0,nan,0
1597988295752869888,1597988296000000000,2020-08-21 13:38:16.000000,566.2,569.4,565.4,568.0,nan,567.4,102646,5824134040.0,96911,566.4,210,566.2,78,nan,0,nan,0,nan,0,nan,0,nan,0,nan,0,nan,0,nan,0
1597988296231298048,1597988296000001024,2020-08-21 13:38:16.000001,566.2,569.4,565.4,568.0,nan,567.4,102646,5824134040.0,96911,566.4,210,566.2,91,nan,0,nan,0,nan,0,nan,0,nan,0,nan,0,nan,0,nan,0
1597988297747921920,1597988298000000000,2020-08-21 13:38:18.000000,566.2,569.4,565.4,568.0,nan,567.4,102646,5824134040.0,96911,566.4,211,566.2,104,nan,0,nan,0,nan,0,nan,0,nan,0,nan,0,nan,0,nan,0
1597988298759663104,1597988299000000000,2020-08-21 13:38:19.000000,566.2,569.4,565.4,568.0,nan,567.4,102646,5824134040.0,96911,566.4,212,566.2,104,nan,0,nan,0,nan,0,nan,0,nan,0,nan,0,nan,0,nan,0
1597988299235145984,1597988299000001024,2020-08-21 13:38:19.000001,566.2,569.4,565.4,568.0,nan,567.4,102646,5824134040.0,96911,566.4,222,566.2,104,nan,0,nan,0,nan,0,nan,0,nan,0,nan,0,nan,0,nan,0
1597988303249132032,1597988303000001024,2020-08-21 13:38:23.000001,566.2,569.4,565.4,568.0,nan,567.4,102646,5824134040.0,96911,566.4,234,566.2,104,nan,0,nan,0,nan,0,nan,0,nan,0,nan,0,nan,0,nan,0
1597988303826836992,1597988304000000000,2020-08-21 13:38:24.000000,566.2,569.4,565.4,568.0,nan,567.4,102646,5824134040.0,96911,566.4,235,566.2,104,nan,0,nan,0,nan,0,nan,0,nan,0,nan,0,nan,0,nan,0
1597988304264994048,1597988304000001024,2020-08-21 13:38:24.000001,566.2,569.4,565.4,568.0,nan,567.4,102646,5824134040.0,96911,566.4,235,566.2,94,nan,0,nan,0,nan,0,nan,0,nan,0,nan,0,nan,0,nan,0
1597988304746469888,1597988305000000000,2020-08-21 13:38:25.000000,566.2,569.4,565.4,568.0,nan,567.4,102646,5824134040.0,96911,566.4,235,566.2,105,nan,0,nan,0,nan,0,nan,0,nan,0,nan,0,nan,0,nan,0
1597988305230972928,1597988305000001024,2020-08-21 13:38:25.000001,566.2,569.4,565.4,568.0,nan,567.4,102646,5824134040.0,96911,566.4,235,566.2,115,nan,0,nan,0,nan,0,nan,0,nan,0,nan,0,nan,0,nan,0
1597988306747845888,1597988307000000000,2020-08-21 13:38:27.000000,566.2,569.4,565.4,568.0,nan,567.4,102654,5824587960.0,96911,566.4,235,566.2,117,nan,0,nan,0,nan,0,nan,0,nan,0,nan,0,nan,0,nan,0
1597988307269125888,1597988307000001024,2020-08-21 13:38:27.000001,566.2,569.4,565.4,568.0,nan,567.4,102781,5831793940.0,96908,566.2,6,566.0,472,nan,0,nan,0,nan,0,nan,0,nan,0,nan,0,nan,0,nan,0
1597988307764216064,1597988308000000000,2020-08-21 13:38:28.000000,566.2,569.4,565.4,568.0,nan,567.4,102781,5831793940.0,96908,566.2,21,566.0,442,nan,0,nan,0,nan,0,nan,0,nan,0,nan,0,nan,0,nan,0
1597988308239885056,1597988308000001024,2020-08-21 13:38:28.000001,566.2,569.4,565.4,568.0,nan,567.4,102781,5831793940.0,96908,566.2,56,566.0,472,nan,0,nan,0,nan,0,nan,0,nan,0,nan,0,nan,0,nan,0
1597988309252009984,1597988309000001024,2020-08-21 13:38:29.000001,566.0,569.4,565.4,568.0,nan,567.4,102783,5831907420.0,96908,566.2,66,566.0,490,nan,0,nan,0,nan,0,nan,0,nan,0,nan,0,nan,0,nan,0
1597988309937882880,1597988310000000000,2020-08-21 13:38:30.000000,566.2,569.4,565.4,568.0,nan,567.4,102784,5831964160.0,96909,566.2,65,566.0,490,nan,0,nan,0,nan,0,nan,0,nan,0,nan,0,nan,0,nan,0
1597988310307226880,1597988310000001024,2020-08-21 13:38:30.000001,566.2,569.4,565.4,568.0,nan,567.4,102785,5832020900.0,96908,566.2,64,566.0,490,nan,0,nan,0,nan,0,nan,0,nan,0,nan,0,nan,0,nan,0
1597988314240762880,1597988314000001024,2020-08-21 13:38:34.000001,566.2,569.4,565.4,568.0,nan,567.4,102785,5832020900.0,96908,566.2,64,566.0,500,nan,0,nan,0,nan,0,nan,0,nan,0,nan,0,nan,0,nan,0
1597988314750054912,1597988315000000000,2020-08-21 13:38:35.000000,566.2,569.4,565.4,568.0,nan,567.4,102804,5833098960.0,96903,566.2,49,566.0,500,nan,0,nan,0,nan,0,nan,0,nan,0,nan,0,nan,0,nan,0
1597988315248303104,1597988315000001024,2020-08-21 13:38:35.000001,566.2,569.4,565.4,568.0,nan,567.4,102804,5833098960.0,96903,566.2,40,566.0,500,nan,0,nan,0,nan,0,nan,0,nan,0,nan,0,nan,0,nan,0
1597988315765350912,1597988316000000000,2020-08-21 13:38:36.000000,566.2,569.4,565.4,568.0,nan,567.4,102804,5833098960.0,96903,566.2,40,566.0,512,nan,0,nan,0,nan,0,nan,0,nan,0,nan,0,nan,0,nan,0
1597988316267689984,1597988316000001024,2020-08-21 13:38:36.000001,566.2,569.4,565.4,568.0,nan,567.4,102805,5833155700.0,96904,566.2,39,566.0,512,nan,0,nan,0,nan,0,nan,0,nan,0,nan,0,nan,0,nan,0
1597988316769115904,1597988317000000000,2020-08-21 13:38:37.000000,566.2,569.4,565.4,568.0,nan,567.4,102838,5835028120.0,96929,566.4,236,566.2,14,nan,0,nan,0,nan,0,nan,0,nan,0,nan,0,nan,0,nan,0
1597988317277398016,1597988317000001024,2020-08-21 13:38:37.000001,566.2,569.4,565.4,568.0,nan,567.4,102838,5835028120.0,96929,566.4,206,566.2,21,nan,0,nan,0,nan,0,nan,0,nan,0,nan,0,nan,0,nan,0
1597988317756195072,1597988318000000000,2020-08-21 13:38:38.000000,566.0,569.4,565.4,568.0,nan,567.4,102888,5837865120.0,96964,566.2,20,566.0,526,nan,0,nan,0,nan,0,nan,0,nan,0,nan,0,nan,0,nan,0
1597988318253573888,1597988318000001024,2020-08-21 13:38:38.000001,566.0,569.4,565.4,568.0,nan,567.4,102888,5837865120.0,96964,566.2,39,566.0,506,nan,0,nan,0,nan,0,nan,0,nan,0,nan,0,nan,0,nan,0
1597988318749722112,1597988319000000000,2020-08-21 13:38:39.000000,566.0,569.4,565.4,568.0,nan,567.4,102888,5837865120.0,96964,566.2,59,566.0,526,nan,0,nan,0,nan,0,nan,0,nan,0,nan,0,nan,0,nan,0
1597988319266977024,1597988319000001024,2020-08-21 13:38:39.000001,566.0,569.4,565.4,568.0,nan,567.4,102888,5837865120.0,96964,566.2,92,566.0,526,nan,0,nan,0,nan,0,nan,0,nan,0,nan,0,nan,0,nan,0
1597988319765367040,1597988320000000000,2020-08-21 13:38:40.000000,566.0,569.4,565.4,568.0,nan,567.4,102888,5837865120.0,96964,566.2,92,566.0,514,nan,0,nan,0,nan,0,nan,0,nan,0,nan,0,nan,0,nan,0
1597988320245195008,1597988320000001024,2020-08-21 13:38:40.000001,566.0,569.4,565.4,568.0,nan,567.4,102888,5837865120.0,96964,566.2,94,566.0,514,nan,0,nan,0,nan,0,nan,0,nan,0,nan,0,nan,0,nan,0
1597988320758513920,1597988321000000000,2020-08-21 13:38:41.000000,566.2,569.4,565.4,568.0,nan,567.4,102948,5841269520.0,96973,566.2,25,566.0,504,nan,0,nan,0,nan,0,nan,0,nan,0,nan,0,nan,0,nan,0
1597988321247197952,1597988321000001024,2020-08-21 13:38:41.000001,566.2,569.4,565.4,568.0,nan,567.4,102948,5841269520.0,96973,566.2,15,566.0,504,nan,0,nan,0,nan,0,nan,0,nan,0,nan,0,nan,0,nan,0
1597988321771844096,1597988322000000000,2020-08-21 13:38:42.000000,566.2,569.4,565.4,568.0,nan,567.4,102948,5841269520.0,96973,566.2,25,566.0,514,nan,0,nan,0,nan,0,nan,0,nan,0,nan,0,nan,0,nan,0
1597988324779895040,1597988325000000000,2020-08-21 13:38:45.000000,566.2,569.4,565.4,568.0,nan,567.4,102949,5841326260.0,96973,566.2,24,566.0,514,nan,0,nan,0,nan,0,nan,0,nan,0,nan,0,nan,0,nan,0
1597988325291753984,1597988325000001024,2020-08-21 13:38:45.000001,566.0,569.4,565.4,568.0,nan,567.4,102955,5841666700.0,96975,566.2,41,566.0,508,nan,0,nan,0,nan,0,nan,0,nan,0,nan,0,nan,0,nan,0
1597988325877752064,1597988326000000000,2020-08-21 13:38:46.000000,566.0,569.4,565.4,568.0,nan,567.4,102955,5841666700.0,96975,566.2,42,566.0,508,nan,0,nan,0,nan,0,nan,0,nan,0,nan,0,nan,0,nan,0
1597988326366395904,1597988326000001024,2020-08-21 13:38:46.000001,566.0,569.4,565.4,568.0,nan,567.4,102955,5841666700.0,96975,566.2,42,566.0,506,nan,0,nan,0,nan,0,nan,0,nan,0,nan,0,nan,0,nan,0
1597988330340553984,1597988330000001024,2020-08-21 13:38:50.000001,566.0,569.4,565.4,568.0,nan,567.4,102955,5841666700.0,96975,566.2,44,566.0,506,nan,0,nan,0,nan,0,nan,0,nan,0,nan,0,nan,0,nan,0
1597988330782624000,1597988331000000000,2020-08-21 13:38:51.000000,566.0,569.4,565.4,568.0,nan,567.4,102957,5841780180.0,96975,566.2,42,566.0,504,nan,0,nan,0,nan,0,nan,0,nan,0,nan,0,nan,0,nan,0
1597988331258959104,1597988331000001024,2020-08-21 13:38:51.000001,566.0,569.4,565.4,568.0,nan,567.4,102957,5841780180.0,96975,566.2,42,566.0,507,nan,0,nan,0,nan,0,nan,0,nan,0,nan,0,nan,0,nan,0
1597988332769649920,1597988333000000000,2020-08-21 13:38:53.000000,566.0,569.4,565.4,568.0,nan,567.4,102958,5841836920.0,96975,566.2,42,566.0,506,nan,0,nan,0,nan,0,nan,0,nan,0,nan,0,nan,0,nan,0
1597988333260583936,1597988333000001024,2020-08-21 13:38:53.000001,566.0,569.4,565.4,568.0,nan,567.4,102959,5841893660.0,96976,566.2,42,566.0,505,nan,0,nan,0,nan,0,nan,0,nan,0,nan,0,nan,0,nan,0
1597988334266194944,1597988334000001024,2020-08-21 13:38:54.000001,566.0,569.4,565.4,568.0,nan,567.4,102960,5841950400.0,96976,566.2,54,566.0,504,nan,0,nan,0,nan,0,nan,0,nan,0,nan,0,nan,0,nan,0
1597988334796188928,1597988335000000000,2020-08-21 13:38:55.000000,566.0,569.4,565.4,568.0,nan,567.4,102960,5841950400.0,96976,566.2,64,566.0,504,nan,0,nan,0,nan,0,nan,0,nan,0,nan,0,nan,0,nan,0
1597988336835859968,1597988337000000000,2020-08-21 13:38:57.000000,566.2,569.4,565.4,568.0,nan,567.4,102961,5842007140.0,96977,566.2,63,566.0,504,nan,0,nan,0,nan,0,nan,0,nan,0,nan,0,nan,0,nan,0
1597988337302160896,1597988337000001024,2020-08-21 13:38:57.000001,566.2,569.4,565.4,568.0,nan,567.4,102961,5842007140.0,96977,566.2,63,566.0,509,nan,0,nan,0,nan,0,nan,0,nan,0,nan,0,nan,0,nan,0
1597988337862732032,1597988338000000000,2020-08-21 13:38:58.000000,566.2,569.4,565.4,568.0,nan,567.4,102962,5842063880.0,96978,566.2,62,566.0,509,nan,0,nan,0,nan,0,nan,0,nan,0,nan,0,nan,0,nan,0
1597988338252608000,1597988338000001024,2020-08-21 13:38:58.000001,566.2,569.4,565.4,568.0,nan,567.4,102962,5842063880.0,96978,566.2,67,566.0,509,nan,0,nan,0,nan,0,nan,0,nan,0,nan,0,nan,0,nan,0
1597988338779243008,1597988339000000000,2020-08-21 13:38:59.000000,566.2,569.4,565.4,568.0,nan,567.4,102964,5842177360.0,96978,566.2,57,566.0,499,nan,0,nan,0,nan,0,nan,0,nan,0,nan,0,nan,0,nan,0
1597988339768161024,1597988340000000000,2020-08-21 13:39:00.000000,566.2,569.4,565.4,568.0,nan,567.4,102965,5842234100.0,96978,566.2,66,566.0,509,nan,0,nan,0,nan,0,nan,0,nan,0,nan,0,nan,0,nan,0
1597988340788907008,1597988341000000000,2020-08-21 13:39:01.000000,566.2,569.4,565.4,568.0,nan,567.4,102982,5843198680.0,96979,566.2,72,566.0,514,nan,0,nan,0,nan,0,nan,0,nan,0,nan,0,nan,0,nan,0
1597988341266895104,1597988341000001024,2020-08-21 13:39:01.000001,566.2,569.4,565.4,568.0,nan,567.4,102982,5843198680.0,96979,566.2,77,566.0,528,nan,0,nan,0,nan,0,nan,0,nan,0,nan,0,nan,0,nan,0
1597988341823759872,1597988342000000000,2020-08-21 13:39:02.000000,566.2,569.4,565.4,568.0,nan,567.4,102984,5843312160.0,96979,566.2,97,566.0,528,nan,0,nan,0,nan,0,nan,0,nan,0,nan,0,nan,0,nan,0
1597988342264581888,1597988342000001024,2020-08-21 13:39:02.000001,566.2,569.4,565.4,568.0,nan,567.4,102984,5843312160.0,96979,566.2,124,566.0,528,nan,0,nan,0,nan,0,nan,0,nan,0,nan,0,nan,0,nan,0
1597988342781012992,1597988343000000000,2020-08-21 13:39:03.000000,566.2,569.4,565.4,568.0,nan,567.4,102985,5843368900.0,96979,566.2,123,566.0,528,nan,0,nan,0,nan,0,nan,0,nan,0,nan,0,nan,0,nan,0
1597988343271685888,1597988343000001024,2020-08-21 13:39:03.000001,566.2,569.4,565.4,568.0,nan,567.4,102985,5843368900.0,96979,566.2,130,566.0,528,nan,0,nan,0,nan,0,nan,0,nan,0,nan,0,nan,0,nan,0
1597988344252357120,1597988344000001024,2020-08-21 13:39:04.000001,566.2,569.4,565.4,568.0,nan,567.4,102986,5843425640.0,96979,566.2,129,566.0,528,nan,0,nan,0,nan,0,nan,0,nan,0,nan,0,nan,0,nan,0
1597988344775881984,1597988345000000000,2020-08-21 13:39:05.000000,566.2,569.4,565.4,568.0,nan,567.4,102988,5843539120.0,96979,566.2,127,566.0,527,nan,0,nan,0,nan,0,nan,0,nan,0,nan,0,nan,0,nan,0
1597988347278982912,1597988347000001024,2020-08-21 13:39:07.000001,566.2,569.4,565.4,568.0,nan,567.4,102988,5843539120.0,96979,566.2,127,566.0,530,nan,0,nan,0,nan,0,nan,0,nan,0,nan,0,nan,0,nan,0
1597988347771341056,1597988348000000000,2020-08-21 13:39:08.000000,566.2,569.4,565.4,568.0,nan,567.4,102988,5843539120.0,96979,566.2,131,566.0,530,nan,0,nan,0,nan,0,nan,0,nan,0,nan,0,nan,0,nan,0
1597988349769928960,1597988350000000000,2020-08-21 13:39:10.000000,566.2,569.4,565.4,568.0,nan,567.4,103111,5850518140.0,97021,566.4,171,566.2,4,nan,0,nan,0,nan,0,nan,0,nan,0,nan,0,nan,0,nan,0
1597988350262612992,1597988350000001024,2020-08-21 13:39:10.000001,566.2,569.4,565.4,568.0,nan,567.4,103111,5850518140.0,97021,566.4,153,566.2,46,nan,0,nan,0,nan,0,nan,0,nan,0,nan,0,nan,0,nan,0
1597988350894589952,1597988351000000000,2020-08-21 13:39:11.000000,566.2,569.4,565.4,568.0,nan,567.4,103111,5850518140.0,97021,566.4,174,566.2,76,nan,0,nan,0,nan,0,nan,0,nan,0,nan,0,nan,0,nan,0
1597988351275315968,1597988351000001024,2020-08-21 13:39:11.000001,566.2,569.4,565.4,568.0,nan,567.4,103111,5850518140.0,97021,566.4,194,566.2,77,nan,0,nan,0,nan,0,nan,0,nan,0,nan,0,nan,0,nan,0
1597988351775491072,1597988352000000000,2020-08-21 13:39:12.000000,566.2,569.4,565.4,568.0,nan,567.4,103111,5850518140.0,97021,566.4,204,566.2,87,nan,0,nan,0,nan,0,nan,0,nan,0,nan,0,nan,0,nan,0
1597988352293648896,1597988352000001024,2020-08-21 13:39:12.000001,566.2,569.4,565.4,568.0,nan,567.4,103111,5850518140.0,97021,566.4,224,566.2,97,nan,0,nan,0,nan,0,nan,0,nan,0,nan,0,nan,0,nan,0
1597988352806064896,1597988353000000000,2020-08-21 13:39:13.000000,566.4,569.4,565.4,568.0,nan,567.4,103112,5850574880.0,97021,566.4,223,566.2,97,nan,0,nan,0,nan,0,nan,0,nan,0,nan,0,nan,0,nan,0
1597988353262537984,1597988353000001024,2020-08-21 13:39:13.000001,566.4,569.4,565.4,568.0,nan,567.4,103112,5850574880.0,97021,566.4,223,566.2,101,nan,0,nan,0,nan,0,nan,0,nan,0,nan,0,nan,0,nan,0
1597988354277958912,1597988354000001024,2020-08-21 13:39:14.000001,566.2,569.4,565.4,568.0,nan,567.4,103113,5850631620.0,97020,566.4,223,566.2,100,nan,0,nan,0,nan,0,nan,0,nan,0,nan,0,nan,0,nan,0
1597988355277573120,1597988355000001024,2020-08-21 13:39:15.000001,566.2,569.4,565.4,568.0,nan,567.4,103113,5850631620.0,97020,566.4,226,566.2,100,nan,0,nan,0,nan,0,nan,0,nan,0,nan,0,nan,0,nan,0
1597988355771703040,1597988356000000000,2020-08-21 13:39:16.000000,566.2,569.4,565.4,568.0,nan,567.4,103113,5850631620.0,97020,566.4,226,566.2,103,nan,0,nan,0,nan,0,nan,0,nan,0,nan,0,nan,0,nan,0
1597988356282501120,1597988356000001024,2020-08-21 13:39:16.000001,566.2,569.4,565.4,568.0,nan,567.4,103113,5850631620.0,97020,566.4,230,566.2,123,nan,0,nan,0,nan,0,nan,0,nan,0,nan,0,nan,0,nan,0
1597988356765582080,1597988357000000000,2020-08-21 13:39:17.000000,566.2,569.4,565.4,568.0,nan,567.4,103113,5850631620.0,97020,566.4,220,566.2,123,nan,0,nan,0,nan,0,nan,0,nan,0,nan,0,nan,0,nan,0
1597988357766195968,1597988358000000000,2020-08-21 13:39:18.000000,566.2,569.4,565.4,568.0,nan,567.4,103113,5850631620.0,97020,566.4,224,566.2,123,nan,0,nan,0,nan,0,nan,0,nan,0,nan,0,nan,0,nan,0
1597988360265335040,1597988360000001024,2020-08-21 13:39:20.000001,566.4,569.4,565.4,568.0,nan,567.4,103114,5850688360.0,97020,566.4,225,566.2,123,nan,0,nan,0,nan,0,nan,0,nan,0,nan,0,nan,0,nan,0
1597988360765551104,1597988361000000000,2020-08-21 13:39:21.000000,566.4,569.4,565.4,568.0,nan,567.4,103114,5850688360.0,97020,566.4,225,566.2,126,nan,0,nan,0,nan,0,nan,0,nan,0,nan,0,nan,0,nan,0
1597988362768547072,1597988363000000000,2020-08-21 13:39:23.000000,566.0,569.4,565.4,568.0,nan,567.4,103624,5879625760.0,97186,566.2,55,566.0,149,nan,0,nan,0,nan,0,nan,0,nan,0,nan,0,nan,0,nan,0
1597988363268425984,1597988363000001024,2020-08-21 13:39:23.000001,566.0,569.4,565.4,568.0,nan,567.4,103650,5881101000.0,97199,566.2,173,566.0,88,nan,0,nan,0,nan,0,nan,0,nan,0,nan,0,nan,0,nan,0
1597988363769166080,1597988364000000000,2020-08-21 13:39:24.000000,566.0,569.4,565.4,568.0,nan,567.4,103650,5881101000.0,97199,566.2,234,566.0,141,nan,0,nan,0,nan,0,nan,0,nan,0,nan,0,nan,0,nan,0
1597988364265639936,1597988364000001024,2020-08-21 13:39:24.000001,566.0,569.4,565.4,568.0,nan,567.4,103650,5881101000.0,97199,566.2,244,566.0,141,nan,0,nan,0,nan,0,nan,0,nan,0,nan,0,nan,0,nan,0
1597988364793710080,1597988365000000000,2020-08-21 13:39:25.000000,566.0,569.4,565.4,568.0,nan,567.4,103651,5881157740.0,97199,566.2,264,566.0,150,nan,0,nan,0,nan,0,nan,0,nan,0,nan,0,nan,0,nan,0
1597988365290126080,1597988365000001024,2020-08-21 13:39:25.000001,566.0,569.4,565.4,568.0,nan,567.4,103651,5881157740.0,97199,566.2,288,566.0,170,nan,0,nan,0,nan,0,nan,0,nan,0,nan,0,nan,0,nan,0
1597988366797959936,1597988367000000000,2020-08-21 13:39:27.000000,566.0,569.4,565.4,568.0,nan,567.4,103651,5881157740.0,97199,566.2,293,566.0,170,nan,0,nan,0,nan,0,nan,0,nan,0,nan,0,nan,0,nan,0
1597988367780192000,1597988368000000000,2020-08-21 13:39:28.000000,566.0,569.4,565.4,568.0,nan,567.4,103651,5881157740.0,97199,566.2,297,566.0,170,nan,0,nan,0,nan,0,nan,0,nan,0,nan,0,nan,0,nan,0
1597988368771712000,1597988369000000000,2020-08-21 13:39:29.000000,566.0,569.4,565.4,568.0,nan,567.4,103651,5881157740.0,97199,566.2,302,566.0,170,nan,0,nan,0,nan,0,nan,0,nan,0,nan,0,nan,0,nan,0
1597988370298784000,1597988370000001024,2020-08-21 13:39:30.000001,566.0,569.4,565.4,568.0,nan,567.4,103691,5883427340.0,97182,566.2,302,566.0,121,nan,0,nan,0,nan,0,nan,0,nan,0,nan,0,nan,0,nan,0
1597988370779354112,1597988371000000000,2020-08-21 13:39:31.000000,566.0,569.4,565.4,568.0,nan,567.4,103691,5883427340.0,97182,566.2,302,566.0,114,nan,0,nan,0,nan,0,nan,0,nan,0,nan,0,nan,0,nan,0
1597988371292521984,1597988371000001024,2020-08-21 13:39:31.000001,566.0,569.4,565.4,568.0,nan,567.4,103694,5883597560.0,97182,566.2,296,566.0,111,nan,0,nan,0,nan,0,nan,0,nan,0,nan,0,nan,0,nan,0
1597988373790497024,1597988374000000000,2020-08-21 13:39:34.000000,566.0,569.4,565.4,568.0,nan,567.4,103694,5883597560.0,97182,566.2,302,566.0,111,nan,0,nan,0,nan,0,nan,0,nan,0,nan,0,nan,0,nan,0
1597988374341243904,1597988374000001024,2020-08-21 13:39:34.000001,566.0,569.4,565.4,568.0,nan,567.4,103694,5883597560.0,97182,566.2,306,566.0,111,nan,0,nan,0,nan,0,nan,0,nan,0,nan,0,nan,0,nan,0
1597988374784611072,1597988375000000000,2020-08-21 13:39:35.000000,566.0,569.4,565.4,568.0,nan,567.4,103694,5883597560.0,97182,566.2,316,566.0,111,nan,0,nan,0,nan,0,nan,0,nan,0,nan,0,nan,0,nan,0
1597988375287524096,1597988375000001024,2020-08-21 13:39:35.000001,566.0,569.4,565.4,568.0,nan,567.4,103694,5883597560.0,97182,566.2,317,566.0,111,nan,0,nan,0,nan,0,nan,0,nan,0,nan,0,nan,0,nan,0
1597988375777528064,1597988376000000000,2020-08-21 13:39:36.000000,566.0,569.4,565.4,568.0,nan,567.4,103694,5883597560.0,97182,566.2,321,566.0,111,nan,0,nan,0,nan,0,nan,0,nan,0,nan,0,nan,0,nan,0
1597988376280508928,1597988376000001024,2020-08-21 13:39:36.000001,566.0,569.4,565.4,568.0,nan,567.4,103694,5883597560.0,97182,566.2,317,566.0,127,nan,0,nan,0,nan,0,nan,0,nan,0,nan,0,nan,0,nan,0
1597988376789091072,1597988377000000000,2020-08-21 13:39:37.000000,566.0,569.4,565.4,568.0,nan,567.4,103695,5883654300.0,97183,566.2,321,566.0,126,nan,0,nan,0,nan,0,nan,0,nan,0,nan,0,nan,0,nan,0
1597988377261801984,1597988377000001024,2020-08-21 13:39:37.000001,566.0,569.4,565.4,568.0,nan,567.4,103695,5883654300.0,97183,566.2,321,566.0,133,nan,0,nan,0,nan,0,nan,0,nan,0,nan,0,nan,0,nan,0
1597988377783034880,1597988378000000000,2020-08-21 13:39:38.000000,566.0,569.4,565.4,568.0,nan,567.4,103695,5883654300.0,97183,566.2,322,566.0,133,nan,0,nan,0,nan,0,nan,0,nan,0,nan,0,nan,0,nan,0
1597988378264371968,1597988378000001024,2020-08-21 13:39:38.000001,566.0,569.4,565.4,568.0,nan,567.4,103695,5883654300.0,97183,566.2,324,566.0,133,nan,0,nan,0,nan,0,nan,0,nan,0,nan,0,nan,0,nan,0
1597988379782827008,1597988380000000000,2020-08-21 13:39:40.000000,566.2,569.4,565.4,568.0,nan,567.4,103740,5886207600.0,97193,566.2,271,566.0,133,nan,0,nan,0,nan,0,nan,0,nan,0,nan,0,nan,0,nan,0
1597988380302022912,1597988380000001024,2020-08-21 13:39:40.000001,566.2,569.4,565.4,568.0,nan,567.4,103740,5886207600.0,97193,566.2,272,566.0,143,nan,0,nan,0,nan,0,nan,0,nan,0,nan,0,nan,0,nan,0
1597988380779571968,1597988381000000000,2020-08-21 13:39:41.000000,566.2,569.4,565.4,568.0,nan,567.4,103740,5886207600.0,97193,566.2,291,566.0,153,nan,0,nan,0,nan,0,nan,0,nan,0,nan,0,nan,0,nan,0
1597988381277498880,1597988381000001024,2020-08-21 13:39:41.000001,566.2,569.4,565.4,568.0,nan,567.4,103740,5886207600.0,97193,566.2,291,566.0,173,nan,0,nan,0,nan,0,nan,0,nan,0,nan,0,nan,0,nan,0
1597988384274944000,1597988384000001024,2020-08-21 13:39:44.000001,566.0,569.4,565.4,568.0,nan,567.4,103742,5886321080.0,97195,566.2,291,566.0,171,nan,0,nan,0,nan,0,nan,0,nan,0,nan,0,nan,0,nan,0
1597988384773499904,1597988385000000000,2020-08-21 13:39:45.000000,566.0,569.4,565.4,568.0,nan,567.4,103742,5886321080.0,97195,566.2,291,566.0,174,nan,0,nan,0,nan,0,nan,0,nan,0,nan,0,nan,0,nan,0
1597988385785265920,1597988386000000000,2020-08-21 13:39:46.000000,566.0,569.4,565.4,568.0,nan,567.4,103742,5886321080.0,97195,566.2,304,566.0,174,nan,0,nan,0,nan,0,nan,0,nan,0,nan,0,nan,0,nan,0
1597988387268567040,1597988387000001024,2020-08-21 13:39:47.000001,566.0,569.4,565.4,568.0,nan,567.4,103742,5886321080.0,97195,566.2,305,566.0,174,nan,0,nan,0,nan,0,nan,0,nan,0,nan,0,nan,0,nan,0
1597988391796398080,1597988392000000000,2020-08-21 13:39:52.000000,566.0,569.4,565.4,568.0,nan,567.4,103742,5886321080.0,97195,566.2,305,566.0,175,nan,0,nan,0,nan,0,nan,0,nan,0,nan,0,nan,0,nan,0
1597988393279097088,1597988393000001024,2020-08-21 13:39:53.000001,566.0,569.4,565.4,568.0,nan,567.4,103743,5886377820.0,97195,566.2,305,566.0,174,nan,0,nan,0,nan,0,nan,0,nan,0,nan,0,nan,0,nan,0
1597988393782182912,1597988394000000000,2020-08-21 13:39:54.000000,566.0,569.4,565.4,568.0,nan,567.4,103743,5886377820.0,97195,566.2,305,566.0,180,nan,0,nan,0,nan,0,nan,0,nan,0,nan,0,nan,0,nan,0
1597988394797257984,1597988395000000000,2020-08-21 13:39:55.000000,566.0,569.4,565.4,568.0,nan,567.4,103744,5886434560.0,97196,566.2,305,566.0,179,nan,0,nan,0,nan,0,nan,0,nan,0,nan,0,nan,0,nan,0
1597988395785010944,1597988396000000000,2020-08-21 13:39:56.000000,566.0,569.4,565.4,568.0,nan,567.4,103744,5886434560.0,97196,566.2,308,566.0,179,nan,0,nan,0,nan,0,nan,0,nan,0,nan,0,nan,0,nan,0
1597988397320680960,1597988397000001024,2020-08-21 13:39:57.000001,566.0,569.4,565.4,568.0,nan,567.4,103744,5886434560.0,97196,566.2,317,566.0,162,nan,0,nan,0,nan,0,nan,0,nan,0,nan,0,nan,0,nan,0
1597988397903002112,1597988398000000000,2020-08-21 13:39:58.000000,566.0,569.4,565.4,568.0,nan,567.4,103744,5886434560.0,97196,566.2,318,566.0,162,nan,0,nan,0,nan,0,nan,0,nan,0,nan,0,nan,0,nan,0
1597988398295836928,1597988398000001024,2020-08-21 13:39:58.000001,566.0,569.4,565.4,568.0,nan,567.4,103744,5886434560.0,97196,566.2,319,566.0,162,nan,0,nan,0,nan,0,nan,0,nan,0,nan,0,nan,0,nan,0
1597988400294234880,1597988400000001024,2020-08-21 13:40:00.000001,566.0,569.4,565.4,568.0,nan,567.4,103744,5886434560.0,97196,566.2,320,566.0,162,nan,0,nan,0,nan,0,nan,0,nan,0,nan,0,nan,0,nan,0
1597988400809182976,1597988401000000000,2020-08-21 13:40:01.000000,566.0,569.4,565.4,568.0,nan,567.4,103747,5886604780.0,97196,566.2,320,566.0,159,nan,0,nan,0,nan,0,nan,0,nan,0,nan,0,nan,0,nan,0
1597988401282696960,1597988401000001024,2020-08-21 13:40:01.000001,566.0,569.4,565.4,568.0,nan,567.4,103747,5886604780.0,97196,566.2,321,566.0,165,nan,0,nan,0,nan,0,nan,0,nan,0,nan,0,nan,0,nan,0
1597988401793519104,1597988402000000000,2020-08-21 13:40:02.000000,566.0,569.4,565.4,568.0,nan,567.4,103747,5886604780.0,97196,566.2,324,566.0,165,nan,0,nan,0,nan,0,nan,0,nan,0,nan,0,nan,0,nan,0
1597988402274784000,1597988402000001024,2020-08-21 13:40:02.000001,566.0,569.4,565.4,568.0,nan,567.4,103748,5886661520.0,97196,566.2,324,566.0,164,nan,0,nan,0,nan,0,nan,0,nan,0,nan,0,nan,0,nan,0
1597988403791459072,1597988404000000000,2020-08-21 13:40:04.000000,566.2,569.4,565.4,568.0,nan,567.4,103750,5886775000.0,97196,566.2,312,566.0,154,nan,0,nan,0,nan,0,nan,0,nan,0,nan,0,nan,0,nan,0
1597988404292431872,1597988404000001024,2020-08-21 13:40:04.000001,566.2,569.4,565.4,568.0,nan,567.4,103750,5886775000.0,97196,566.2,322,566.0,154,nan,0,nan,0,nan,0,nan,0,nan,0,nan,0,nan,0,nan,0
1597988404783689984,1597988405000000000,2020-08-21 13:40:05.000000,566.0,569.4,565.4,568.0,nan,567.4,103752,5886888480.0,97194,566.2,322,566.0,155,nan,0,nan,0,nan,0,nan,0,nan,0,nan,0,nan,0,nan,0
1597988406291678976,1597988406000001024,2020-08-21 13:40:06.000001,566.0,569.4,565.4,568.0,nan,567.4,103752,5886888480.0,97194,566.2,312,566.0,155,nan,0,nan,0,nan,0,nan,0,nan,0,nan,0,nan,0,nan,0
1597988406799014912,1597988407000000000,2020-08-21 13:40:07.000000,566.0,569.4,565.4,568.0,nan,567.4,103752,5886888480.0,97194,566.2,312,566.0,157,nan,0,nan,0,nan,0,nan,0,nan,0,nan,0,nan,0,nan,0
1597988408854241024,1597988409000000000,2020-08-21 13:40:09.000000,566.0,569.4,565.4,568.0,nan,567.4,103752,5886888480.0,97194,566.2,323,566.0,157,nan,0,nan,0,nan,0,nan,0,nan,0,nan,0,nan,0,nan,0
1597988411799108096,1597988412000000000,2020-08-21 13:40:12.000000,566.0,569.4,565.4,568.0,nan,567.4,103753,5886945220.0,97194,566.2,323,566.0,156,nan,0,nan,0,nan,0,nan,0,nan,0,nan,0,nan,0,nan,0
1597988412286999040,1597988412000001024,2020-08-21 13:40:12.000001,566.0,569.4,565.4,568.0,nan,567.4,103753,5886945220.0,97194,566.2,323,566.0,173,nan,0,nan,0,nan,0,nan,0,nan,0,nan,0,nan,0,nan,0
1597988412820676096,1597988413000000000,2020-08-21 13:40:13.000000,566.0,569.4,565.4,568.0,nan,567.4,103754,5887001960.0,97194,566.2,320,566.0,172,nan,0,nan,0,nan,0,nan,0,nan,0,nan,0,nan,0,nan,0
1597988413281676032,1597988413000001024,2020-08-21 13:40:13.000001,566.0,569.4,565.4,568.0,nan,567.4,103755,5887058700.0,97194,566.2,320,566.0,171,nan,0,nan,0,nan,0,nan,0,nan,0,nan,0,nan,0,nan,0
1597988413793270016,1597988414000000000,2020-08-21 13:40:14.000000,566.2,569.4,565.4,568.0,nan,567.4,103756,5887115440.0,97194,566.2,323,566.0,175,nan,0,nan,0,nan,0,nan,0,nan,0,nan,0,nan,0,nan,0
1597988414281480960,1597988414000001024,2020-08-21 13:40:14.000001,566.2,569.4,565.4,568.0,nan,567.4,103756,5887115440.0,97194,566.2,323,566.0,181,nan,0,nan,0,nan,0,nan,0,nan,0,nan,0,nan,0,nan,0
1597988414807563008,1597988415000000000,2020-08-21 13:40:15.000000,566.2,569.4,565.4,568.0,nan,567.4,103756,5887115440.0,97194,566.2,325,566.0,181,nan,0,nan,0,nan,0,nan,0,nan,0,nan,0,nan,0,nan,0
1597988415284715008,1597988415000001024,2020-08-21 13:40:15.000001,566.2,569.4,565.4,568.0,nan,567.4,103756,5887115440.0,97194,566.2,335,566.0,185,nan,0,nan,0,nan,0,nan,0,nan,0,nan,0,nan,0,nan,0
1597988418286650880,1597988418000001024,2020-08-21 13:40:18.000001,566.2,569.4,565.4,568.0,nan,567.4,103756,5887115440.0,97194,566.2,332,566.0,185,nan,0,nan,0,nan,0,nan,0,nan,0,nan,0,nan,0,nan,0
1597988418803748096,1597988419000000000,2020-08-21 13:40:19.000000,566.2,569.4,565.4,568.0,nan,567.4,103756,5887115440.0,97194,566.2,323,566.0,190,nan,0,nan,0,nan,0,nan,0,nan,0,nan,0,nan,0,nan,0
1597988419353747968,1597988419000001024,2020-08-21 13:40:19.000001,566.2,569.4,565.4,568.0,nan,567.4,103756,5887115440.0,97194,566.2,333,566.0,196,nan,0,nan,0,nan,0,nan,0,nan,0,nan,0,nan,0,nan,0
1597988421286733056,1597988421000001024,2020-08-21 13:40:21.000001,566.2,569.4,565.4,568.0,nan,567.4,103756,5887115440.0,97194,566.2,333,566.0,195,nan,0,nan,0,nan,0,nan,0,nan,0,nan,0,nan,0,nan,0
1597988421797772032,1597988422000000000,2020-08-21 13:40:22.000000,566.0,569.4,565.4,568.0,nan,567.4,103757,5887172180.0,97194,566.2,333,566.0,194,nan,0,nan,0,nan,0,nan,0,nan,0,nan,0,nan,0,nan,0
1597988422284602880,1597988422000001024,2020-08-21 13:40:22.000001,566.0,569.4,565.4,568.0,nan,567.4,103757,5887172180.0,97194,566.2,333,566.0,201,nan,0,nan,0,nan,0,nan,0,nan,0,nan,0,nan,0,nan,0
1597988422790096896,1597988423000000000,2020-08-21 13:40:23.000000,566.0,569.4,565.4,568.0,nan,567.4,103758,5887228920.0,97194,566.2,333,566.0,200,nan,0,nan,0,nan,0,nan,0,nan,0,nan,0,nan,0,nan,0
1597988423806653952,1597988424000000000,2020-08-21 13:40:24.000000,566.2,569.4,565.4,568.0,nan,567.4,103759,5887285660.0,97194,566.2,332,566.0,200,nan,0,nan,0,nan,0,nan,0,nan,0,nan,0,nan,0,nan,0
1597988424296047104,1597988424000001024,2020-08-21 13:40:24.000001,566.2,569.4,565.4,568.0,nan,567.4,103759,5887285660.0,97194,566.2,332,566.0,203,nan,0,nan,0,nan,0,nan,0,nan,0,nan,0,nan,0,nan,0
1597988425280293120,1597988425000001024,2020-08-21 13:40:25.000001,566.2,569.4,565.4,568.0,nan,567.4,103759,5887285660.0,97194,566.2,341,566.0,203,nan,0,nan,0,nan,0,nan,0,nan,0,nan,0,nan,0,nan,0
1597988425801675008,1597988426000000000,2020-08-21 13:40:26.000000,566.2,569.4,565.4,568.0,nan,567.4,103759,5887285660.0,97194,566.2,341,566.0,204,nan,0,nan,0,nan,0,nan,0,nan,0,nan,0,nan,0,nan,0
1597988426846885888,1597988427000000000,2020-08-21 13:40:27.000000,566.2,569.4,565.4,568.0,nan,567.4,103759,5887285660.0,97194,566.2,352,566.0,204,nan,0,nan,0,nan,0,nan,0,nan,0,nan,0,nan,0,nan,0
1597988428291036928,1597988428000001024,2020-08-21 13:40:28.000001,566.2,569.4,565.4,568.0,nan,567.4,103759,5887285660.0,97194,566.2,352,566.0,205,nan,0,nan,0,nan,0,nan,0,nan,0,nan,0,nan,0,nan,0
1597988428801922048,1597988429000000000,2020-08-21 13:40:29.000000,566.2,569.4,565.4,568.0,nan,567.4,103759,5887285660.0,97194,566.2,351,566.0,205,nan,0,nan,0,nan,0,nan,0,nan,0,nan,0,nan,0,nan,0
1597988429290458880,1597988429000001024,2020-08-21 13:40:29.000001,566.2,569.4,565.4,568.0,nan,567.4,103759,5887285660.0,97194,566.2,353,566.0,205,nan,0,nan,0,nan,0,nan,0,nan,0,nan,0,nan,0,nan,0
1597988429808151040,1597988430000000000,2020-08-21 13:40:30.000000,566.0,569.4,565.4,568.0,nan,567.4,103967,5899087580.0,97307,566.0,40,565.8,335,nan,0,nan,0,nan,0,nan,0,nan,0,nan,0,nan,0,nan,0
1597988430380862976,1597988430000001024,2020-08-21 13:40:30.000001,565.8,569.4,565.4,568.0,nan,567.4,103972,5899371280.0,97304,566.0,154,565.8,332,nan,0,nan,0,nan,0,nan,0,nan,0,nan,0,nan,0,nan,0
1597988430809840896,1597988431000000000,2020-08-21 13:40:31.000000,565.8,569.4,565.4,568.0,nan,567.4,103973,5899428020.0,97305,566.0,187,565.8,361,nan,0,nan,0,nan,0,nan,0,nan,0,nan,0,nan,0,nan,0
1597988431386226944,1597988431000001024,2020-08-21 13:40:31.000001,565.8,569.4,565.4,568.0,nan,567.4,103973,5899428020.0,97305,566.0,199,565.8,336,nan,0,nan,0,nan,0,nan,0,nan,0,nan,0,nan,0,nan,0
1597988431818297088,1597988432000000000,2020-08-21 13:40:32.000000,566.0,569.4,565.4,568.0,nan,567.4,103993,5900562820.0,97301,566.0,181,565.8,338,nan,0,nan,0,nan,0,nan,0,nan,0,nan,0,nan,0,nan,0
1597988432289874944,1597988432000001024,2020-08-21 13:40:32.000001,565.8,569.4,565.4,568.0,nan,567.4,103994,5900619560.0,97302,566.0,181,565.8,347,nan,0,nan,0,nan,0,nan,0,nan,0,nan,0,nan,0,nan,0
1597988432816079104,1597988433000000000,2020-08-21 13:40:33.000000,566.0,569.4,565.4,568.0,nan,567.4,104000,5900960000.0,97303,566.0,186,565.8,356,nan,0,nan,0,nan,0,nan,0,nan,0,nan,0,nan,0,nan,0
1597988433293988096,1597988433000001024,2020-08-21 13:40:33.000001,565.8,569.4,565.4,568.0,nan,567.4,104001,5901016740.0,97304,566.0,203,565.8,365,nan,0,nan,0,nan,0,nan,0,nan,0,nan,0,nan,0,nan,0
1597988433813476096,1597988434000000000,2020-08-21 13:40:34.000000,566.0,569.4,565.4,568.0,nan,567.4,104002,5901073480.0,97304,566.0,224,565.8,368,nan,0,nan,0,nan,0,nan,0,nan,0,nan,0,nan,0,nan,0
1597988434325288960,1597988434000001024,2020-08-21 13:40:34.000001,566.0,569.4,565.4,568.0,nan,567.4,104002,5901073480.0,97304,566.0,225,565.8,367,nan,0,nan,0,nan,0,nan,0,nan,0,nan,0,nan,0,nan,0
1597988434809729024,1597988435000000000,2020-08-21 13:40:35.000000,566.0,569.4,565.4,568.0,nan,567.4,104002,5901073480.0,97304,566.0,237,565.8,367,nan,0,nan,0,nan,0,nan,0,nan,0,nan,0,nan,0,nan,0
1597988435298584064,1597988435000001024,2020-08-21 13:40:35.000001,566.0,569.4,565.4,568.0,nan,567.4,104008,5901413920.0,97304,566.0,240,565.8,366,nan,0,nan,0,nan,0,nan,0,nan,0,nan,0,nan,0,nan,0
1597988435809776128,1597988436000000000,2020-08-21 13:40:36.000000,565.8,569.4,565.4,568.0,nan,567.4,104009,5901470660.0,97305,566.0,243,565.8,365,nan,0,nan,0,nan,0,nan,0,nan,0,nan,0,nan,0,nan,0
1597988436316596992,1597988436000001024,2020-08-21 13:40:36.000001,565.8,569.4,565.4,568.0,nan,567.4,104029,5902605460.0,97293,566.0,243,565.8,364,nan,0,nan,0,nan,0,nan,0,nan,0,nan,0,nan,0,nan,0
1597988436813522944,1597988437000000000,2020-08-21 13:40:37.000000,565.8,569.4,565.4,568.0,nan,567.4,104030,5902662200.0,97294,566.0,251,565.8,363,nan,0,nan,0,nan,0,nan,0,nan,0,nan,0,nan,0,nan,0
1597988437333957888,1597988437000001024,2020-08-21 13:40:37.000001,565.8,569.4,565.4,568.0,nan,567.4,104030,5902662200.0,97294,566.0,268,565.8,367,nan,0,nan,0,nan,0,nan,0,nan,0,nan,0,nan,0,nan,0
1597988438296217088,1597988438000001024,2020-08-21 13:40:38.000001,565.8,569.4,565.4,568.0,nan,567.4,104030,5902662200.0,97294,566.0,286,565.8,367,nan,0,nan,0,nan,0,nan,0,nan,0,nan,0,nan,0,nan,0
1597988438818721024,1597988439000000000,2020-08-21 13:40:39.000000,565.8,569.4,565.4,568.0,nan,567.4,104030,5902662200.0,97294,566.0,298,565.8,367,nan,0,nan,0,nan,0,nan,0,nan,0,nan,0,nan,0,nan,0
1597988439305573888,1597988439000001024,2020-08-21 13:40:39.000001,566.0,569.4,565.4,568.0,nan,567.4,104041,5903286340.0,97299,566.0,287,565.8,363,nan,0,nan,0,nan,0,nan,0,nan,0,nan,0,nan,0,nan,0
1597988439811373056,1597988440000000000,2020-08-21 13:40:40.000000,565.8,569.4,565.4,568.0,nan,567.4,104042,5903343080.0,97300,566.0,287,565.8,365,nan,0,nan,0,nan,0,nan,0,nan,0,nan,0,nan,0,nan,0
1597988440807152128,1597988441000000000,2020-08-21 13:40:41.000000,565.8,569.4,565.4,568.0,nan,567.4,104042,5903343080.0,97300,566.0,277,565.8,365,nan,0,nan,0,nan,0,nan,0,nan,0,nan,0,nan,0,nan,0
1597988441819225088,1597988442000000000,2020-08-21 13:40:42.000000,565.8,569.4,565.4,568.0,nan,567.4,104043,5903399820.0,97300,566.0,277,565.8,364,nan,0,nan,0,nan,0,nan,0,nan,0,nan,0,nan,0,nan,0
1597988442335787008,1597988442000001024,2020-08-21 13:40:42.000001,565.8,569.4,565.4,568.0,nan,567.4,104043,5903399820.0,97300,566.0,265,565.8,364,nan,0,nan,0,nan,0,nan,0,nan,0,nan,0,nan,0,nan,0
1597988443351361024,1597988443000001024,2020-08-21 13:40:43.000001,566.0,569.4,565.4,568.0,nan,567.4,104048,5903683520.0,97305,566.0,260,565.8,364,nan,0,nan,0,nan,0,nan,0,nan,0,nan,0,nan,0,nan,0
1597988443805794048,1597988444000000000,2020-08-21 13:40:44.000000,566.0,569.4,565.4,568.0,nan,567.4,104050,5903797000.0,97307,566.0,259,565.8,366,nan,0,nan,0,nan,0,nan,0,nan,0,nan,0,nan,0,nan,0
1597988445807792128,1597988446000000000,2020-08-21 13:40:46.000000,566.0,569.4,565.4,568.0,nan,567.4,104311,5918606140.0,97360,566.2,156,566.0,36,nan,0,nan,0,nan,0,nan,0,nan,0,nan,0,nan,0,nan,0
1597988446325965056,1597988446000001024,2020-08-21 13:40:46.000001,566.0,569.4,565.4,568.0,nan,567.4,104311,5918606140.0,97360,566.2,116,566.0,127,nan,0,nan,0,nan,0,nan,0,nan,0,nan,0,nan,0,nan,0
1597988446822563072,1597988447000000000,2020-08-21 13:40:47.000000,566.0,569.4,565.4,568.0,nan,567.4,104311,5918606140.0,97360,566.2,156,566.0,168,nan,0,nan,0,nan,0,nan,0,nan,0,nan,0,nan,0,nan,0
1597988447808860928,1597988448000000000,2020-08-21 13:40:48.000000,566.0,569.4,565.4,568.0,nan,567.4,104311,5918606140.0,97360,566.2,166,566.0,178,nan,0,nan,0,nan,0,nan,0,nan,0,nan,0,nan,0,nan,0
1597988448300835072,1597988448000001024,2020-08-21 13:40:48.000001,566.0,569.4,565.4,568.0,nan,567.4,104311,5918606140.0,97360,566.2,176,566.0,178,nan,0,nan,0,nan,0,nan,0,nan,0,nan,0,nan,0,nan,0
1597988449812317952,1597988450000000000,2020-08-21 13:40:50.000000,566.0,569.4,565.4,568.0,nan,567.4,104326,5919457240.0,97345,566.2,176,566.0,163,nan,0,nan,0,nan,0,nan,0,nan,0,nan,0,nan,0,nan,0
1597988450300644096,1597988450000001024,2020-08-21 13:40:50.000001,566.0,569.4,565.4,568.0,nan,567.4,104493,5928932820.0,97439,566.0,83,565.8,373,nan,0,nan,0,nan,0,nan,0,nan,0,nan,0,nan,0,nan,0
1597988450810196992,1597988451000000000,2020-08-21 13:40:51.000000,566.0,569.4,565.4,568.0,nan,567.4,104493,5928932820.0,97439,566.0,105,565.8,344,nan,0,nan,0,nan,0,nan,0,nan,0,nan,0,nan,0,nan,0
1597988451303040000,1597988451000001024,2020-08-21 13:40:51.000001,566.0,569.4,565.4,568.0,nan,567.4,104496,5929103040.0,97442,566.0,122,565.8,351,nan,0,nan,0,nan,0,nan,0,nan,0,nan,0,nan,0,nan,0
1597988451822603008,1597988452000000000,2020-08-21 13:40:52.000000,566.0,569.4,565.4,568.0,nan,567.4,104496,5929103040.0,97442,566.0,142,565.8,354,nan,0,nan,0,nan,0,nan,0,nan,0,nan,0,nan,0,nan,0
1597988452328199936,1597988452000001024,2020-08-21 13:40:52.000001,566.0,569.4,565.4,568.0,nan,567.4,104496,5929103040.0,97442,566.0,168,565.8,365,nan,0,nan,0,nan,0,nan,0,nan,0,nan,0,nan,0,nan,0
1597988452818191104,1597988453000000000,2020-08-21 13:40:53.000000,566.0,569.4,565.4,568.0,nan,567.4,104496,5929103040.0,97442,566.0,169,565.8,345,nan,0,nan,0,nan,0,nan,0,nan,0,nan,0,nan,0,nan,0
1597988453312097024,1597988453000001024,2020-08-21 13:40:53.000001,566.0,569.4,565.4,568.0,nan,567.4,104496,5929103040.0,97442,566.0,189,565.8,345,nan,0,nan,0,nan,0,nan,0,nan,0,nan,0,nan,0,nan,0
1597988453820744960,1597988454000000000,2020-08-21 13:40:54.000000,566.0,569.4,565.4,568.0,nan,567.4,104497,5929159780.0,97443,566.0,188,565.8,355,nan,0,nan,0,nan,0,nan,0,nan,0,nan,0,nan,0,nan,0
1597988454307795968,1597988454000001024,2020-08-21 13:40:54.000001,566.0,569.4,565.4,568.0,nan,567.4,104502,5929443480.0,97448,566.0,181,565.8,358,nan,0,nan,0,nan,0,nan,0,nan,0,nan,0,nan,0,nan,0
1597988454807895040,1597988455000000000,2020-08-21 13:40:55.000000,566.0,569.4,565.4,568.0,nan,567.4,104502,5929443480.0,97448,566.0,191,565.8,363,nan,0,nan,0,nan,0,nan,0,nan,0,nan,0,nan,0,nan,0
1597988456812773120,1597988457000000000,2020-08-21 13:40:57.000000,566.0,569.4,565.4,568.0,nan,567.4,104505,5929613700.0,97451,566.0,188,565.8,363,nan,0,nan,0,nan,0,nan,0,nan,0,nan,0,nan,0,nan,0
1597988457304828928,1597988457000001024,2020-08-21 13:40:57.000001,566.0,569.4,565.4,568.0,nan,567.4,104510,5929897400.0,97456,566.0,183,565.8,366,nan,0,nan,0,nan,0,nan,0,nan,0,nan,0,nan,0,nan,0
1597988458819194880,1597988459000000000,2020-08-21 13:40:59.000000,566.0,569.4,565.4,568.0,nan,567.4,104510,5929897400.0,97456,566.0,286,565.8,366,nan,0,nan,0,nan,0,nan,0,nan,0,nan,0,nan,0,nan,0
1597988460309199872,1597988460000001024,2020-08-21 13:41:00.000001,565.8,569.4,565.4,568.0,nan,567.4,104513,5930067620.0,97456,566.0,286,565.8,368,nan,0,nan,0,nan,0,nan,0,nan,0,nan,0,nan,0,nan,0
1597988460812923904,1597988461000000000,2020-08-21 13:41:01.000000,565.8,569.4,565.4,568.0,nan,567.4,104513,5930067620.0,97456,566.0,270,565.8,376,nan,0,nan,0,nan,0,nan,0,nan,0,nan,0,nan,0,nan,0
1597988461346686976,1597988461000001024,2020-08-21 13:41:01.000001,565.8,569.4,565.4,568.0,nan,567.4,104513,5930067620.0,97456,566.0,273,565.8,377,nan,0,nan,0,nan,0,nan,0,nan,0,nan,0,nan,0,nan,0
1597988461817937920,1597988462000000000,2020-08-21 13:41:02.000000,565.8,569.4,565.4,568.0,nan,567.4,104513,5930067620.0,97456,566.0,278,565.8,377,nan,0,nan,0,nan,0,nan,0,nan,0,nan,0,nan,0,nan,0
1597988462315746048,1597988462000001024,2020-08-21 13:41:02.000001,565.8,569.4,565.4,568.0,nan,567.4,104513,5930067620.0,97456,566.0,283,565.8,377,nan,0,nan,0,nan,0,nan,0,nan,0,nan,0,nan,0,nan,0
1597988462829544960,1597988463000000000,2020-08-21 13:41:03.000000,565.8,569.4,565.4,568.0,nan,567.4,104513,5930067620.0,97456,566.0,292,565.8,377,nan,0,nan,0,nan,0,nan,0,nan,0,nan,0,nan,0,nan,0
1597988463301933056,1597988463000001024,2020-08-21 13:41:03.000001,565.8,569.4,565.4,568.0,nan,567.4,104513,5930067620.0,97456,566.0,308,565.8,377,nan,0,nan,0,nan,0,nan,0,nan,0,nan,0,nan,0,nan,0
1597988463826191104,1597988464000000000,2020-08-21 13:41:04.000000,566.0,569.4,565.4,568.0,nan,567.4,104514,5930124360.0,97457,566.0,307,565.8,377,nan,0,nan,0,nan,0,nan,0,nan,0,nan,0,nan,0,nan,0
1597988464303162112,1597988464000001024,2020-08-21 13:41:04.000001,566.0,569.4,565.4,568.0,nan,567.4,104514,5930124360.0,97457,566.0,311,565.8,380,nan,0,nan,0,nan,0,nan,0,nan,0,nan,0,nan,0,nan,0
1597988465824013056,1597988466000000000,2020-08-21 13:41:06.000000,565.8,569.4,565.4,568.0,nan,567.4,104515,5930181100.0,97458,566.0,311,565.8,379,nan,0,nan,0,nan,0,nan,0,nan,0,nan,0,nan,0,nan,0
1597988466315310080,1597988466000001024,2020-08-21 13:41:06.000001,565.8,569.4,565.4,568.0,nan,567.4,104516,5930237840.0,97459,566.0,311,565.8,378,nan,0,nan,0,nan,0,nan,0,nan,0,nan,0,nan,0,nan,0
1597988470836628992,1597988471000000000,2020-08-21 13:41:11.000000,565.8,569.4,565.4,568.0,nan,567.4,104532,5931145680.0,97475,566.0,332,565.8,362,nan,0,nan,0,nan,0,nan,0,nan,0,nan,0,nan,0,nan,0
1597988471321648128,1597988471000001024,2020-08-21 13:41:11.000001,565.8,569.4,565.4,568.0,nan,567.4,104532,5931145680.0,97475,566.0,331,565.8,368,nan,0,nan,0,nan,0,nan,0,nan,0,nan,0,nan,0,nan,0
1597988471830252032,1597988472000000000,2020-08-21 13:41:12.000000,565.8,569.4,565.4,568.0,nan,567.4,104532,5931145680.0,97475,566.0,333,565.8,368,nan,0,nan,0,nan,0,nan,0,nan,0,nan,0,nan,0,nan,0
1597988472829874944,1597988473000000000,2020-08-21 13:41:13.000000,566.0,569.4,565.4,568.0,nan,567.4,104533,5931202420.0,97475,566.0,332,565.8,368,nan,0,nan,0,nan,0,nan,0,nan,0,nan,0,nan,0,nan,0
1597988473817795072,1597988474000000000,2020-08-21 13:41:14.000000,566.0,569.4,565.4,568.0,nan,567.4,104534,5931259160.0,97476,566.0,331,565.8,368,nan,0,nan,0,nan,0,nan,0,nan,0,nan,0,nan,0,nan,0
1597988474306351104,1597988474000001024,2020-08-21 13:41:14.000001,566.0,569.4,565.4,568.0,nan,567.4,104534,5931259160.0,97476,566.0,332,565.8,371,nan,0,nan,0,nan,0,nan,0,nan,0,nan,0,nan,0,nan,0
1597988474808827904,1597988475000000000,2020-08-21 13:41:15.000000,566.0,569.4,565.4,568.0,nan,567.4,104537,5931429380.0,97476,566.0,326,565.8,374,nan,0,nan,0,nan,0,nan,0,nan,0,nan,0,nan,0,nan,0
1597988475305574912,1597988475000001024,2020-08-21 13:41:15.000001,566.0,569.4,565.4,568.0,nan,567.4,104537,5931429380.0,97476,566.0,336,565.8,374,nan,0,nan,0,nan,0,nan,0,nan,0,nan,0,nan,0,nan,0
1597988475816599040,1597988476000000000,2020-08-21 13:41:16.000000,566.0,569.4,565.4,568.0,nan,567.4,104537,5931429380.0,97476,566.0,340,565.8,374,nan,0,nan,0,nan,0,nan,0,nan,0,nan,0,nan,0,nan,0
1597988476330988032,1597988476000001024,2020-08-21 13:41:16.000001,566.0,569.4,565.4,568.0,nan,567.4,104537,5931429380.0,97476,566.0,350,565.8,374,nan,0,nan,0,nan,0,nan,0,nan,0,nan,0,nan,0,nan,0
1597988476829260032,1597988477000000000,2020-08-21 13:41:17.000000,566.0,569.4,565.4,568.0,nan,567.4,104537,5931429380.0,97476,566.0,356,565.8,374,nan,0,nan,0,nan,0,nan,0,nan,0,nan,0,nan,0,nan,0
1597988477831329024,1597988478000000000,2020-08-21 13:41:18.000000,566.0,569.4,565.4,568.0,nan,567.4,104540,5931599600.0,97478,566.0,355,565.8,373,nan,0,nan,0,nan,0,nan,0,nan,0,nan,0,nan,0,nan,0
1597988478339415040,1597988478000001024,2020-08-21 13:41:18.000001,566.0,569.4,565.4,568.0,nan,567.4,104542,5931713080.0,97478,566.0,353,565.8,374,nan,0,nan,0,nan,0,nan,0,nan,0,nan,0,nan,0,nan,0
1597988478823380992,1597988479000000000,2020-08-21 13:41:19.000000,566.0,569.4,565.4,568.0,nan,567.4,104542,5931713080.0,97478,566.0,353,565.8,379,nan,0,nan,0,nan,0,nan,0,nan,0,nan,0,nan,0,nan,0
1597988480310941952,1597988480000001024,2020-08-21 13:41:20.000001,566.0,569.4,565.4,568.0,nan,567.4,104542,5931713080.0,97478,566.0,354,565.8,379,nan,0,nan,0,nan,0,nan,0,nan,0,nan,0,nan,0,nan,0
1597988482345116928,1597988482000001024,2020-08-21 13:41:22.000001,566.0,569.4,565.4,568.0,nan,567.4,104544,5931826560.0,97479,566.0,352,565.8,383,nan,0,nan,0,nan,0,nan,0,nan,0,nan,0,nan,0,nan,0
1597988482830775040,1597988483000000000,2020-08-21 13:41:23.000000,566.0,569.4,565.4,568.0,nan,567.4,104558,5932620920.0,97490,566.0,338,565.8,383,nan,0,nan,0,nan,0,nan,0,nan,0,nan,0,nan,0,nan,0
1597988483839729920,1597988484000000000,2020-08-21 13:41:24.000000,566.0,569.4,565.4,568.0,nan,567.4,104561,5932791140.0,97491,566.0,325,565.8,373,nan,0,nan,0,nan,0,nan,0,nan,0,nan,0,nan,0,nan,0
1597988484316276992,1597988484000001024,2020-08-21 13:41:24.000001,566.0,569.4,565.4,568.0,nan,567.4,104561,5932791140.0,97491,566.0,315,565.8,376,nan,0,nan,0,nan,0,nan,0,nan,0,nan,0,nan,0,nan,0
1597988484830882048,1597988485000000000,2020-08-21 13:41:25.000000,566.0,569.4,565.4,568.0,nan,567.4,104561,5932791140.0,97491,566.0,325,565.8,386,nan,0,nan,0,nan,0,nan,0,nan,0,nan,0,nan,0,nan,0
1597988485345381888,1597988485000001024,2020-08-21 13:41:25.000001,566.0,569.4,565.4,568.0,nan,567.4,104563,5932904620.0,97491,566.0,313,565.8,378,nan,0,nan,0,nan,0,nan,0,nan,0,nan,0,nan,0,nan,0
1597988486317075968,1597988486000001024,2020-08-21 13:41:26.000001,566.0,569.4,565.4,568.0,nan,567.4,104563,5932904620.0,97491,566.0,328,565.8,388,nan,0,nan,0,nan,0,nan,0,nan,0,nan,0,nan,0,nan,0
1597988491346609920,1597988491000001024,2020-08-21 13:41:31.000001,566.0,569.4,565.4,568.0,nan,567.4,104564,5932961360.0,97492,566.0,317,565.8,378,nan,0,nan,0,nan,0,nan,0,nan,0,nan,0,nan,0,nan,0
1597988491835209984,1597988492000000000,2020-08-21 13:41:32.000000,565.8,569.4,565.4,568.0,nan,567.4,104764,5944309360.0,97425,566.0,317,565.8,257,nan,0,nan,0,nan,0,nan,0,nan,0,nan,0,nan,0,nan,0
1597988492340002048,1597988492000001024,2020-08-21 13:41:32.000001,565.8,569.4,565.4,568.0,nan,567.4,104764,5944309360.0,97425,566.0,330,565.8,267,nan,0,nan,0,nan,0,nan,0,nan,0,nan,0,nan,0,nan,0
1597988492840783104,1597988493000000000,2020-08-21 13:41:33.000000,566.0,569.4,565.4,568.0,nan,567.4,104765,5944366100.0,97425,566.0,332,565.8,247,nan,0,nan,0,nan,0,nan,0,nan,0,nan,0,nan,0,nan,0
1597988493328018944,1597988493000001024,2020-08-21 13:41:33.000001,565.8,569.4,565.4,568.0,nan,567.4,104766,5944422840.0,97426,566.0,332,565.8,246,nan,0,nan,0,nan,0,nan,0,nan,0,nan,0,nan,0,nan,0
1597988493832932096,1597988494000000000,2020-08-21 13:41:34.000000,566.0,569.4,565.4,568.0,nan,567.4,104768,5944536320.0,97427,566.0,333,565.8,245,nan,0,nan,0,nan,0,nan,0,nan,0,nan,0,nan,0,nan,0
1597988494317922048,1597988494000001024,2020-08-21 13:41:34.000001,566.0,569.4,565.4,568.0,nan,567.4,104768,5944536320.0,97427,566.0,344,565.8,255,nan,0,nan,0,nan,0,nan,0,nan,0,nan,0,nan,0,nan,0
1597988497839802112,1597988498000000000,2020-08-21 13:41:38.000000,566.0,569.4,565.4,568.0,nan,567.4,104768,5944536320.0,97427,566.0,351,565.8,255,nan,0,nan,0,nan,0,nan,0,nan,0,nan,0,nan,0,nan,0
1597988499311258112,1597988499000001024,2020-08-21 13:41:39.000001,566.0,569.4,565.4,568.0,nan,567.4,104769,5944593060.0,97428,566.0,340,565.8,245,nan,0,nan,0,nan,0,nan,0,nan,0,nan,0,nan,0,nan,0
1597988499834619904,1597988500000000000,2020-08-21 13:41:40.000000,566.0,569.4,565.4,568.0,nan,567.4,104769,5944593060.0,97428,566.0,340,565.8,248,nan,0,nan,0,nan,0,nan,0,nan,0,nan,0,nan,0,nan,0
1597988500319768064,1597988500000001024,2020-08-21 13:41:40.000001,566.0,569.4,565.4,568.0,nan,567.4,104769,5944593060.0,97428,566.0,340,565.8,258,nan,0,nan,0,nan,0,nan,0,nan,0,nan,0,nan,0,nan,0
1597988502315090944,1597988502000001024,2020-08-21 13:41:42.000001,566.0,569.4,565.4,568.0,nan,567.4,104769,5944593060.0,97428,566.0,345,565.8,258,nan,0,nan,0,nan,0,nan,0,nan,0,nan,0,nan,0,nan,0
1597988503829598976,1597988504000000000,2020-08-21 13:41:44.000000,566.0,569.4,565.4,568.0,nan,567.4,104770,5944649800.0,97428,566.0,344,565.8,257,nan,0,nan,0,nan,0,nan,0,nan,0,nan,0,nan,0,nan,0
1597988504335634944,1597988504000001024,2020-08-21 13:41:44.000001,566.0,569.4,565.4,568.0,nan,567.4,104770,5944649800.0,97428,566.0,344,565.8,264,nan,0,nan,0,nan,0,nan,0,nan,0,nan,0,nan,0,nan,0
1597988504848691968,1597988505000000000,2020-08-21 13:41:45.000000,566.0,569.4,565.4,568.0,nan,567.4,104770,5944649800.0,97428,566.0,344,565.8,278,nan,0,nan,0,nan,0,nan,0,nan,0,nan,0,nan,0,nan,0
1597988506835539968,1597988507000000000,2020-08-21 13:41:47.000000,566.0,569.4,565.4,568.0,nan,567.4,104771,5944706540.0,97427,566.0,343,565.8,278,nan,0,nan,0,nan,0,nan,0,nan,0,nan,0,nan,0,nan,0
1597988507317607936,1597988507000001024,2020-08-21 13:41:47.000001,566.0,569.4,565.4,568.0,nan,567.4,104771,5944706540.0,97427,566.0,343,565.8,281,nan,0,nan,0,nan,0,nan,0,nan,0,nan,0,nan,0,nan,0
1597988507840365056,1597988508000000000,2020-08-21 13:41:48.000000,566.0,569.4,565.4,568.0,nan,567.4,104771,5944706540.0,97427,566.0,353,565.8,281,nan,0,nan,0,nan,0,nan,0,nan,0,nan,0,nan,0,nan,0
1597988509846451968,1597988510000000000,2020-08-21 13:41:50.000000,566.0,569.4,565.4,568.0,nan,567.4,104772,5944763280.0,97426,566.0,352,565.8,281,nan,0,nan,0,nan,0,nan,0,nan,0,nan,0,nan,0,nan,0
1597988510310841088,1597988510000001024,2020-08-21 13:41:50.000001,566.0,569.4,565.4,568.0,nan,567.4,104772,5944763280.0,97426,566.0,352,565.8,283,nan,0,nan,0,nan,0,nan,0,nan,0,nan,0,nan,0,nan,0
1597988511325118976,1597988511000001024,2020-08-21 13:41:51.000001,566.0,569.4,565.4,568.0,nan,567.4,104772,5944763280.0,97426,566.0,353,565.8,283,nan,0,nan,0,nan,0,nan,0,nan,0,nan,0,nan,0,nan,0
1597988511840141056,1597988512000000000,2020-08-21 13:41:52.000000,566.0,569.4,565.4,568.0,nan,567.4,104772,5944763280.0,97426,566.0,353,565.8,293,nan,0,nan,0,nan,0,nan,0,nan,0,nan,0,nan,0,nan,0
1597988512346130944,1597988512000001024,2020-08-21 13:41:52.000001,566.0,569.4,565.4,568.0,nan,567.4,104772,5944763280.0,97426,566.0,353,565.8,294,nan,0,nan,0,nan,0,nan,0,nan,0,nan,0,nan,0,nan,0
1597988513846631936,1597988514000000000,2020-08-21 13:41:54.000000,566.0,569.4,565.4,568.0,nan,567.4,104773,5944820020.0,97426,566.0,352,565.8,294,nan,0,nan,0,nan,0,nan,0,nan,0,nan,0,nan,0,nan,0
1597988514332062976,1597988514000001024,2020-08-21 13:41:54.000001,566.0,569.4,565.4,568.0,nan,567.4,104773,5944820020.0,97426,566.0,352,565.8,296,nan,0,nan,0,nan,0,nan,0,nan,0,nan,0,nan,0,nan,0
1597988514841981952,1597988515000000000,2020-08-21 13:41:55.000000,566.0,569.4,565.4,568.0,nan,567.4,104774,5944876760.0,97425,566.0,352,565.8,296,nan,0,nan,0,nan,0,nan,0,nan,0,nan,0,nan,0,nan,0
1597988515344457984,1597988515000001024,2020-08-21 13:41:55.000001,566.0,569.4,565.4,568.0,nan,567.4,104774,5944876760.0,97425,566.0,352,565.8,297,nan,0,nan,0,nan,0,nan,0,nan,0,nan,0,nan,0,nan,0
1597988516332326912,1597988516000001024,2020-08-21 13:41:56.000001,566.0,569.4,565.4,568.0,nan,567.4,104774,5944876760.0,97425,566.0,354,565.8,297,nan,0,nan,0,nan,0,nan,0,nan,0,nan,0,nan,0,nan,0
1597988518383375872,1597988518000001024,2020-08-21 13:41:58.000001,566.0,569.4,565.4,568.0,nan,567.4,104774,5944876760.0,97425,566.0,351,565.8,297,nan,0,nan,0,nan,0,nan,0,nan,0,nan,0,nan,0,nan,0
1597988518876413952,1597988519000000000,2020-08-21 13:41:59.000000,566.0,569.4,565.4,568.0,nan,567.4,104774,5944876760.0,97425,566.0,347,565.8,297,nan,0,nan,0,nan,0,nan,0,nan,0,nan,0,nan,0,nan,0
1597988519346870016,1597988519000001024,2020-08-21 13:41:59.000001,566.0,569.4,565.4,568.0,nan,567.4,104774,5944876760.0,97425,566.0,351,565.8,297,nan,0,nan,0,nan,0,nan,0,nan,0,nan,0,nan,0,nan,0
1597988519859937024,1597988520000000000,2020-08-21 13:42:00.000000,566.0,569.4,565.4,568.0,nan,567.4,104774,5944876760.0,97425,566.0,351,565.8,301,nan,0,nan,0,nan,0,nan,0,nan,0,nan,0,nan,0,nan,0
1597988520339400960,1597988520000001024,2020-08-21 13:42:00.000001,566.0,569.4,565.4,568.0,nan,567.4,104774,5944876760.0,97425,566.0,351,565.8,307,nan,0,nan,0,nan,0,nan,0,nan,0,nan,0,nan,0,nan,0
1597988521351384064,1597988521000001024,2020-08-21 13:42:01.000001,566.0,569.4,565.4,568.0,nan,567.4,104776,5944990240.0,97425,566.0,352,565.8,304,nan,0,nan,0,nan,0,nan,0,nan,0,nan,0,nan,0,nan,0
1597988521836827904,1597988522000000000,2020-08-21 13:42:02.000000,566.0,569.4,565.4,568.0,nan,567.4,104776,5944990240.0,97425,566.0,352,565.8,310,nan,0,nan,0,nan,0,nan,0,nan,0,nan,0,nan,0,nan,0
1597988523326578944,1597988523000001024,2020-08-21 13:42:03.000001,566.0,569.4,565.4,568.0,nan,567.4,104776,5944990240.0,97425,566.0,354,565.8,310,nan,0,nan,0,nan,0,nan,0,nan,0,nan,0,nan,0,nan,0
1597988523844846080,1597988524000000000,2020-08-21 13:42:04.000000,566.0,569.4,565.4,568.0,nan,567.4,104777,5945046980.0,97425,566.0,353,565.8,320,nan,0,nan,0,nan,0,nan,0,nan,0,nan,0,nan,0,nan,0
1597988524349036032,1597988524000001024,2020-08-21 13:42:04.000001,566.0,569.4,565.4,568.0,nan,567.4,104777,5945046980.0,97425,566.0,353,565.8,323,nan,0,nan,0,nan,0,nan,0,nan,0,nan,0,nan,0,nan,0
1597988525347223040,1597988525000001024,2020-08-21 13:42:05.000001,566.0,569.4,565.4,568.0,nan,567.4,104777,5945046980.0,97425,566.0,356,565.8,323,nan,0,nan,0,nan,0,nan,0,nan,0,nan,0,nan,0,nan,0
1597988525850647040,1597988526000000000,2020-08-21 13:42:06.000000,566.0,569.4,565.4,568.0,nan,567.4,104779,5945160460.0,97425,566.0,354,565.8,323,nan,0,nan,0,nan,0,nan,0,nan,0,nan,0,nan,0,nan,0
1597988526329641984,1597988526000001024,2020-08-21 13:42:06.000001,566.0,569.4,565.4,568.0,nan,567.4,104779,5945160460.0,97425,566.0,354,565.8,326,nan,0,nan,0,nan,0,nan,0,nan,0,nan,0,nan,0,nan,0
1597988528851156992,1597988529000000000,2020-08-21 13:42:09.000000,566.0,569.4,565.4,568.0,nan,567.4,104779,5945160460.0,97425,566.0,374,565.8,326,nan,0,nan,0,nan,0,nan,0,nan,0,nan,0,nan,0,nan,0
1597988533849338112,1597988534000000000,2020-08-21 13:42:14.000000,566.0,569.4,565.4,568.0,nan,567.4,104780,5945217200.0,97425,566.0,373,565.8,326,nan,0,nan,0,nan,0,nan,0,nan,0,nan,0,nan,0,nan,0
1597988534337249024,1597988534000001024,2020-08-21 13:42:14.000001,566.0,569.4,565.4,568.0,nan,567.4,104780,5945217200.0,97425,566.0,373,565.8,332,nan,0,nan,0,nan,0,nan,0,nan,0,nan,0,nan,0,nan,0
1597988536866310912,1597988537000000000,2020-08-21 13:42:17.000000,566.0,569.4,565.4,568.0,nan,567.4,104780,5945217200.0,97425,566.0,373,565.8,382,nan,0,nan,0,nan,0,nan,0,nan,0,nan,0,nan,0,nan,0
1597988538851586048,1597988539000000000,2020-08-21 13:42:19.000000,566.0,569.4,565.4,568.0,nan,567.4,104780,5945217200.0,97425,566.0,374,565.8,382,nan,0,nan,0,nan,0,nan,0,nan,0,nan,0,nan,0,nan,0
1597988539852446976,1597988540000000000,2020-08-21 13:42:20.000000,566.0,569.4,565.4,568.0,nan,567.4,104783,5945387420.0,97425,566.0,373,565.8,382,nan,0,nan,0,nan,0,nan,0,nan,0,nan,0,nan,0,nan,0
1597988540337410048,1597988540000001024,2020-08-21 13:42:20.000001,566.0,569.4,565.4,568.0,nan,567.4,104783,5945387420.0,97425,566.0,373,565.8,387,nan,0,nan,0,nan,0,nan,0,nan,0,nan,0,nan,0,nan,0
1597988541859310080,1597988542000000000,2020-08-21 13:42:22.000000,566.0,569.4,565.4,568.0,nan,567.4,104783,5945387420.0,97425,566.0,370,565.8,387,nan,0,nan,0,nan,0,nan,0,nan,0,nan,0,nan,0,nan,0
1597988542850417920,1597988543000000000,2020-08-21 13:42:23.000000,566.0,569.4,565.4,568.0,nan,567.4,104783,5945387420.0,97425,566.0,370,565.8,391,nan,0,nan,0,nan,0,nan,0,nan,0,nan,0,nan,0,nan,0
1597988543339739904,1597988543000001024,2020-08-21 13:42:23.000001,566.0,569.4,565.4,568.0,nan,567.4,104783,5945387420.0,97425,566.0,372,565.8,391,nan,0,nan,0,nan,0,nan,0,nan,0,nan,0,nan,0,nan,0
1597988543871013888,1597988544000000000,2020-08-21 13:42:24.000000,566.0,569.4,565.4,568.0,nan,567.4,104784,5945444160.0,97425,566.0,371,565.8,391,nan,0,nan,0,nan,0,nan,0,nan,0,nan,0,nan,0,nan,0
1597988544352434944,1597988544000001024,2020-08-21 13:42:24.000001,566.0,569.4,565.4,568.0,nan,567.4,104784,5945444160.0,97425,566.0,371,565.8,394,nan,0,nan,0,nan,0,nan,0,nan,0,nan,0,nan,0,nan,0
1597988544871162880,1597988545000000000,2020-08-21 13:42:25.000000,566.0,569.4,565.4,568.0,nan,567.4,104787,5945614380.0,97425,566.0,368,565.8,390,nan,0,nan,0,nan,0,nan,0,nan,0,nan,0,nan,0,nan,0
1597988545901391872,1597988546000000000,2020-08-21 13:42:26.000000,566.0,569.4,565.4,568.0,nan,567.4,104787,5945614380.0,97425,566.0,368,565.8,391,nan,0,nan,0,nan,0,nan,0,nan,0,nan,0,nan,0,nan,0
1597988546855915008,1597988547000000000,2020-08-21 13:42:27.000000,566.0,569.4,565.4,568.0,nan,567.4,104787,5945614380.0,97425,566.0,368,565.8,392,nan,0,nan,0,nan,0,nan,0,nan,0,nan,0,nan,0,nan,0
1597988547375048960,1597988547000001024,2020-08-21 13:42:27.000001,566.0,569.4,565.4,568.0,nan,567.4,104787,5945614380.0,97425,566.0,368,565.8,391,nan,0,nan,0,nan,0,nan,0,nan,0,nan,0,nan,0,nan,0
1597988548372337920,1597988548000001024,2020-08-21 13:42:28.000001,566.0,569.4,565.4,568.0,nan,567.4,104790,5945784600.0,97425,566.0,366,565.8,391,nan,0,nan,0,nan,0,nan,0,nan,0,nan,0,nan,0,nan,0
1597988548849146112,1597988549000000000,2020-08-21 13:42:29.000000,566.0,569.4,565.4,568.0,nan,567.4,104790,5945784600.0,97425,566.0,366,565.8,396,nan,0,nan,0,nan,0,nan,0,nan,0,nan,0,nan,0,nan,0
1597988550854008064,1597988551000000000,2020-08-21 13:42:31.000000,566.0,569.4,565.4,568.0,nan,567.4,104793,5945954820.0,97425,566.0,363,565.8,396,nan,0,nan,0,nan,0,nan,0,nan,0,nan,0,nan,0,nan,0
1597988551349373952,1597988551000001024,2020-08-21 13:42:31.000001,566.0,569.4,565.4,568.0,nan,567.4,104793,5945954820.0,97425,566.0,363,565.8,395,nan,0,nan,0,nan,0,nan,0,nan,0,nan,0,nan,0,nan,0
1597988551862852096,1597988552000000000,2020-08-21 13:42:32.000000,566.0,569.4,565.4,568.0,nan,567.4,104794,5946011560.0,97424,566.0,362,565.8,395,nan,0,nan,0,nan,0,nan,0,nan,0,nan,0,nan,0,nan,0
1597988552348090112,1597988552000001024,2020-08-21 13:42:32.000001,566.0,569.4,565.4,568.0,nan,567.4,104794,5946011560.0,97424,566.0,364,565.8,396,nan,0,nan,0,nan,0,nan,0,nan,0,nan,0,nan,0,nan,0
1597988553860992000,1597988554000000000,2020-08-21 13:42:34.000000,566.0,569.4,565.4,568.0,nan,567.4,104795,5946068300.0,97424,566.0,363,565.8,396,nan,0,nan,0,nan,0,nan,0,nan,0,nan,0,nan,0,nan,0
1597988554389807104,1597988554000001024,2020-08-21 13:42:34.000001,566.0,569.4,565.4,568.0,nan,567.4,104795,5946068300.0,97424,566.0,365,565.8,399,nan,0,nan,0,nan,0,nan,0,nan,0,nan,0,nan,0,nan,0
1597988555856872960,1597988556000000000,2020-08-21 13:42:36.000000,566.0,569.4,565.4,568.0,nan,567.4,104795,5946068300.0,97424,566.0,365,565.8,402,nan,0,nan,0,nan,0,nan,0,nan,0,nan,0,nan,0,nan,0
1597988556862748928,1597988557000000000,2020-08-21 13:42:37.000000,566.0,569.4,565.4,568.0,nan,567.4,104795,5946068300.0,97424,566.0,366,565.8,452,nan,0,nan,0,nan,0,nan,0,nan,0,nan,0,nan,0,nan,0
1597988557384832000,1597988557000001024,2020-08-21 13:42:37.000001,566.0,569.4,565.4,568.0,nan,567.4,104795,5946068300.0,97424,566.0,366,565.8,454,nan,0,nan,0,nan,0,nan,0,nan,0,nan,0,nan,0,nan,0
1597988557873498880,1597988558000000000,2020-08-21 13:42:38.000000,566.0,569.4,565.4,568.0,nan,567.4,104795,5946068300.0,97424,566.0,368,565.8,454,nan,0,nan,0,nan,0,nan,0,nan,0,nan,0,nan,0,nan,0
1597988558395609088,1597988558000001024,2020-08-21 13:42:38.000001,566.0,569.4,565.4,568.0,nan,567.4,104795,5946068300.0,97424,566.0,369,565.8,454,nan,0,nan,0,nan,0,nan,0,nan,0,nan,0,nan,0,nan,0
1597988560365628928,1597988560000001024,2020-08-21 13:42:40.000001,566.0,569.4,565.4,568.0,nan,567.4,104796,5946125040.0,97424,566.0,369,565.8,454,nan,0,nan,0,nan,0,nan,0,nan,0,nan,0,nan,0,nan,0
1597988560878816000,1597988561000000000,2020-08-21 13:42:41.000000,566.0,569.4,565.4,568.0,nan,567.4,104797,5946181780.0,97424,566.0,368,565.8,454,nan,0,nan,0,nan,0,nan,0,nan,0,nan,0,nan,0,nan,0
1597988563876097024,1597988564000000000,2020-08-21 13:42:44.000000,566.0,569.4,565.4,568.0,nan,567.4,104797,5946181780.0,97424,566.0,372,565.8,454,nan,0,nan,0,nan,0,nan,0,nan,0,nan,0,nan,0,nan,0
1597988568870202112,1597988569000000000,2020-08-21 13:42:49.000000,566.0,569.4,565.4,568.0,nan,567.4,104798,5946238520.0,97423,566.0,371,565.8,454,nan,0,nan,0,nan,0,nan,0,nan,0,nan,0,nan,0,nan,0
1597988569397427968,1597988569000001024,2020-08-21 13:42:49.000001,566.0,569.4,565.4,568.0,nan,567.4,104798,5946238520.0,97423,566.0,371,565.8,460,nan,0,nan,0,nan,0,nan,0,nan,0,nan,0,nan,0,nan,0
1597988570361763072,1597988570000001024,2020-08-21 13:42:50.000001,566.0,569.4,565.4,568.0,nan,567.4,104798,5946238520.0,97423,566.0,372,565.8,460,nan,0,nan,0,nan,0,nan,0,nan,0,nan,0,nan,0,nan,0
1597988572878184960,1597988573000000000,2020-08-21 13:42:53.000000,565.8,569.4,565.4,568.0,nan,567.4,105046,5960310040.0,97306,566.0,354,565.8,216,nan,0,nan,0,nan,0,nan,0,nan,0,nan,0,nan,0,nan,0
1597988573357402880,1597988573000001024,2020-08-21 13:42:53.000001,565.8,569.4,565.4,568.0,nan,567.4,105046,5960310040.0,97306,566.0,357,565.8,209,nan,0,nan,0,nan,0,nan,0,nan,0,nan,0,nan,0,nan,0
1597988573876699904,1597988574000000000,2020-08-21 13:42:54.000000,565.8,569.4,565.4,568.0,nan,567.4,105046,5960310040.0,97306,566.0,363,565.8,219,nan,0,nan,0,nan,0,nan,0,nan,0,nan,0,nan,0,nan,0
1597988574363355904,1597988574000001024,2020-08-21 13:42:54.000001,566.0,569.4,565.4,568.0,nan,567.4,105047,5960366780.0,97306,566.0,369,565.8,219,nan,0,nan,0,nan,0,nan,0,nan,0,nan,0,nan,0,nan,0
1597988574872969984,1597988575000000000,2020-08-21 13:42:55.000000,566.0,569.4,565.4,568.0,nan,567.4,105047,5960366780.0,97306,566.0,379,565.8,232,nan,0,nan,0,nan,0,nan,0,nan,0,nan,0,nan,0,nan,0
1597988575379948032,1597988575000001024,2020-08-21 13:42:55.000001,566.0,569.4,565.4,568.0,nan,567.4,105047,5960366780.0,97306,566.0,381,565.8,232,nan,0,nan,0,nan,0,nan,0,nan,0,nan,0,nan,0,nan,0
1597988578411682048,1597988578000001024,2020-08-21 13:42:58.000001,566.0,569.4,565.4,568.0,nan,567.4,105057,5960934180.0,97307,566.0,361,565.8,232,nan,0,nan,0,nan,0,nan,0,nan,0,nan,0,nan,0,nan,0
1597988578896206080,1597988579000000000,2020-08-21 13:42:59.000000,566.0,569.4,565.4,568.0,nan,567.4,105057,5960934180.0,97307,566.0,362,565.8,232,nan,0,nan,0,nan,0,nan,0,nan,0,nan,0,nan,0,nan,0
1597988580362818048,1597988580000001024,2020-08-21 13:43:00.000001,566.0,569.4,565.4,568.0,nan,567.4,105057,5960934180.0,97307,566.0,369,565.8,234,nan,0,nan,0,nan,0,nan,0,nan,0,nan,0,nan,0,nan,0
1597988580877271040,1597988581000000000,2020-08-21 13:43:01.000000,566.0,569.4,565.4,568.0,nan,567.4,105057,5960934180.0,97307,566.0,369,565.8,238,nan,0,nan,0,nan,0,nan,0,nan,0,nan,0,nan,0,nan,0
1597988581881186048,1597988582000000000,2020-08-21 13:43:02.000000,566.0,569.4,565.4,568.0,nan,567.4,105057,5960934180.0,97307,566.0,386,565.8,236,nan,0,nan,0,nan,0,nan,0,nan,0,nan,0,nan,0,nan,0
1597988582383177984,1597988582000001024,2020-08-21 13:43:02.000001,566.0,569.4,565.4,568.0,nan,567.4,105057,5960934180.0,97307,566.0,384,565.8,236,nan,0,nan,0,nan,0,nan,0,nan,0,nan,0,nan,0,nan,0
1597988582882297088,1597988583000000000,2020-08-21 13:43:03.000000,566.0,569.4,565.4,568.0,nan,567.4,105057,5960934180.0,97307,566.0,406,565.8,237,nan,0,nan,0,nan,0,nan,0,nan,0,nan,0,nan,0,nan,0
1597988583887685888,1597988584000000000,2020-08-21 13:43:04.000000,565.8,569.4,565.4,568.0,nan,567.4,105060,5961104400.0,97310,566.0,399,565.8,227,nan,0,nan,0,nan,0,nan,0,nan,0,nan,0,nan,0,nan,0
1597988584442288128,1597988584000001024,2020-08-21 13:43:04.000001,565.8,569.4,565.4,568.0,nan,567.4,105060,5961104400.0,97310,566.0,401,565.8,230,nan,0,nan,0,nan,0,nan,0,nan,0,nan,0,nan,0,nan,0
1597988584870589952,1597988585000000000,2020-08-21 13:43:05.000000,565.8,569.4,565.4,568.0,nan,567.4,105060,5961104400.0,97310,566.0,409,565.8,240,nan,0,nan,0,nan,0,nan,0,nan,0,nan,0,nan,0,nan,0
1597988585356135936,1597988585000001024,2020-08-21 13:43:05.000001,565.8,569.4,565.4,568.0,nan,567.4,105060,5961104400.0,97310,566.0,410,565.8,240,nan,0,nan,0,nan,0,nan,0,nan,0,nan,0,nan,0,nan,0
1597988586349310976,1597988586000001024,2020-08-21 13:43:06.000001,565.8,569.4,565.4,568.0,nan,567.4,105060,5961104400.0,97310,566.0,410,565.8,241,nan,0,nan,0,nan,0,nan,0,nan,0,nan,0,nan,0,nan,0
1597988588371981056,1597988588000001024,2020-08-21 13:43:08.000001,565.8,569.4,565.4,568.0,nan,567.4,105061,5961161140.0,97311,566.0,439,565.8,240,nan,0,nan,0,nan,0,nan,0,nan,0,nan,0,nan,0,nan,0
1597988588874881024,1597988589000000000,2020-08-21 13:43:09.000000,565.8,569.4,565.4,568.0,nan,567.4,105061,5961161140.0,97311,566.0,439,565.8,239,nan,0,nan,0,nan,0,nan,0,nan,0,nan,0,nan,0,nan,0
1597988589355826944,1597988589000001024,2020-08-21 13:43:09.000001,566.0,569.4,565.4,568.0,nan,567.4,105062,5961217880.0,97310,566.0,428,565.8,239,nan,0,nan,0,nan,0,nan,0,nan,0,nan,0,nan,0,nan,0
1597988589886819072,1597988590000000000,2020-08-21 13:43:10.000000,566.0,569.4,565.4,568.0,nan,567.4,105062,5961217880.0,97310,566.0,428,565.8,240,nan,0,nan,0,nan,0,nan,0,nan,0,nan,0,nan,0,nan,0
1597988590414848000,1597988590000001024,2020-08-21 13:43:10.000001,566.0,569.4,565.4,568.0,nan,567.4,105062,5961217880.0,97310,566.0,440,565.8,241,nan,0,nan,0,nan,0,nan,0,nan,0,nan,0,nan,0,nan,0
1597988590917128960,1597988591000000000,2020-08-21 13:43:11.000000,566.0,569.4,565.4,568.0,nan,567.4,105062,5961217880.0,97310,566.0,441,565.8,241,nan,0,nan,0,nan,0,nan,0,nan,0,nan,0,nan,0,nan,0
1597988592868602880,1597988593000000000,2020-08-21 13:43:13.000000,565.8,569.4,565.4,568.0,nan,567.4,105063,5961274620.0,97311,566.0,442,565.8,240,nan,0,nan,0,nan,0,nan,0,nan,0,nan,0,nan,0,nan,0
1597988593386109952,1597988593000001024,2020-08-21 13:43:13.000001,565.8,569.4,565.4,568.0,nan,567.4,105063,5961274620.0,97311,566.0,443,565.8,240,nan,0,nan,0,nan,0,nan,0,nan,0,nan,0,nan,0,nan,0
1597988594354885120,1597988595000000000,2020-08-21 13:43:15.000000,565.8,569.4,565.4,568.0,nan,567.4,105083,5962409420.0,97325,566.0,443,565.8,220,nan,0,nan,0,nan,0,nan,0,nan,0,nan,0,nan,0,nan,0
1597988594857479936,1597988595000001024,2020-08-21 13:43:15.000001,565.8,569.4,565.4,568.0,nan,567.4,105083,5962409420.0,97325,566.0,443,565.8,223,nan,0,nan,0,nan,0,nan,0,nan,0,nan,0,nan,0,nan,0
1597988595350436096,1597988596000000000,2020-08-21 13:43:16.000000,566.0,569.4,565.4,568.0,nan,567.4,105084,5962466160.0,97325,566.0,432,565.8,223,nan,0,nan,0,nan,0,nan,0,nan,0,nan,0,nan,0,nan,0
1597988596402251008,1597988596000001792,2020-08-21 13:43:16.000002,566.0,569.4,565.4,568.0,nan,567.4,105084,5962466160.0,97325,566.0,435,565.8,223,nan,0,nan,0,nan,0,nan,0,nan,0,nan,0,nan,0,nan,0
1597988596889821952,1597988597000000000,2020-08-21 13:43:17.000000,565.8,569.4,565.4,568.0,nan,567.4,105307,5975119180.0,97372,565.8,43,565.6,716,nan,0,nan,0,nan,0,nan,0,nan,0,nan,0,nan,0,nan,0
1597988597396352000,1597988598000000000,2020-08-21 13:43:18.000000,565.8,569.4,565.4,568.0,nan,567.4,105308,5975175920.0,97372,565.8,113,565.6,678,nan,0,nan,0,nan,0,nan,0,nan,0,nan,0,nan,0,nan,0
1597988597864022016,1597988598000001024,2020-08-21 13:43:18.000001,565.6,569.4,565.4,568.0,nan,567.4,105401,5980452740.0,97359,565.8,182,565.6,613,nan,0,nan,0,nan,0,nan,0,nan,0,nan,0,nan,0,nan,0
1597988598374439936,1597988598000001792,2020-08-21 13:43:18.000002,565.8,569.4,565.4,568.0,nan,567.4,105417,5981360580.0,97360,565.8,199,565.6,602,nan,0,nan,0,nan,0,nan,0,nan,0,nan,0,nan,0,nan,0
1597988598890161920,1597988599000000000,2020-08-21 13:43:19.000000,565.6,569.4,565.4,568.0,nan,567.4,105418,5981417320.0,97360,565.8,219,565.6,620,nan,0,nan,0,nan,0,nan,0,nan,0,nan,0,nan,0,nan,0
1597988599389488128,1597988599000001024,2020-08-21 13:43:19.000001,565.6,569.4,565.4,568.0,nan,567.4,105419,5981474060.0,97360,565.8,219,565.6,619,nan,0,nan,0,nan,0,nan,0,nan,0,nan,0,nan,0,nan,0
1597988599890025984,1597988600000000000,2020-08-21 13:43:20.000000,565.6,569.4,565.4,568.0,nan,567.4,105426,5981871240.0,97360,565.8,249,565.6,612,nan,0,nan,0,nan,0,nan,0,nan,0,nan,0,nan,0,nan,0
1597988600363799040,1597988600000001024,2020-08-21 13:43:20.000001,565.6,569.4,565.4,568.0,nan,567.4,105426,5981871240.0,97360,565.8,260,565.6,612,nan,0,nan,0,nan,0,nan,0,nan,0,nan,0,nan,0,nan,0
1597988600890827008,1597988601000000000,2020-08-21 13:43:21.000000,565.6,569.4,565.4,568.0,nan,567.4,105426,5981871240.0,97360,565.8,261,565.6,612,nan,0,nan,0,nan,0,nan,0,nan,0,nan,0,nan,0,nan,0
1597988601373762048,1597988602000000000,2020-08-21 13:43:22.000000,565.6,569.4,565.4,568.0,nan,567.4,105426,5981871240.0,97360,565.8,277,565.6,602,nan,0,nan,0,nan,0,nan,0,nan,0,nan,0,nan,0,nan,0
1597988601862009088,1597988602000001024,2020-08-21 13:43:22.000001,565.6,569.4,565.4,568.0,nan,567.4,105426,5981871240.0,97360,565.8,316,565.6,602,nan,0,nan,0,nan,0,nan,0,nan,0,nan,0,nan,0,nan,0
1597988602395470080,1597988602000001792,2020-08-21 13:43:22.000002,565.6,569.4,565.4,568.0,nan,567.4,105426,5981871240.0,97360,565.8,321,565.6,597,nan,0,nan,0,nan,0,nan,0,nan,0,nan,0,nan,0,nan,0
1597988602877453056,1597988603000000000,2020-08-21 13:43:23.000000,565.8,569.4,565.4,568.0,nan,567.4,105431,5982154940.0,97365,565.8,321,565.6,572,nan,0,nan,0,nan,0,nan,0,nan,0,nan,0,nan,0,nan,0
1597988603878255104,1597988604000000000,2020-08-21 13:43:24.000000,565.6,569.4,565.4,568.0,nan,567.4,105539,5988282860.0,97473,565.8,339,565.6,475,nan,0,nan,0,nan,0,nan,0,nan,0,nan,0,nan,0,nan,0
1597988604882191872,1597988605000000000,2020-08-21 13:43:25.000000,565.6,569.4,565.4,568.0,nan,567.4,105539,5988282860.0,97473,565.8,339,565.6,478,nan,0,nan,0,nan,0,nan,0,nan,0,nan,0,nan,0,nan,0
1597988605879035904,1597988606000000000,2020-08-21 13:43:26.000000,565.6,569.4,565.4,568.0,nan,567.4,105540,5988339600.0,97473,565.8,339,565.6,477,nan,0,nan,0,nan,0,nan,0,nan,0,nan,0,nan,0,nan,0
1597988606369742080,1597988606000001024,2020-08-21 13:43:26.000001,565.6,569.4,565.4,568.0,nan,567.4,105640,5994013600.0,97483,565.8,339,565.6,377,nan,0,nan,0,nan,0,nan,0,nan,0,nan,0,nan,0,nan,0
1597988606898588928,1597988607000000000,2020-08-21 13:43:27.000000,565.6,569.4,565.4,568.0,nan,567.4,105640,5994013600.0,97483,565.8,343,565.6,377,nan,0,nan,0,nan,0,nan,0,nan,0,nan,0,nan,0,nan,0
1597988608899767040,1597988609000000000,2020-08-21 13:43:29.000000,565.6,569.4,565.4,568.0,nan,567.4,105641,5994070340.0,97483,565.8,343,565.6,376,nan,0,nan,0,nan,0,nan,0,nan,0,nan,0,nan,0,nan,0
1597988610868435968,1597988611000001024,2020-08-21 13:43:31.000001,565.6,569.4,565.4,568.0,nan,567.4,105741,5999744340.0,97527,565.8,343,565.6,276,nan,0,nan,0,nan,0,nan,0,nan,0,nan,0,nan,0,nan,0
1597988611417403904,1597988612000000000,2020-08-21 13:43:32.000000,565.6,569.4,565.4,568.0,nan,567.4,105741,5999744340.0,97527,565.8,349,565.6,279,nan,0,nan,0,nan,0,nan,0,nan,0,nan,0,nan,0,nan,0
1597988611873521920,1597988612000001024,2020-08-21 13:43:32.000001,565.6,569.4,565.4,568.0,nan,567.4,105742,5999801080.0,97527,565.8,349,565.6,278,nan,0,nan,0,nan,0,nan,0,nan,0,nan,0,nan,0,nan,0
1597988612377302016,1597988612000001792,2020-08-21 13:43:32.000002,565.6,569.4,565.4,568.0,nan,567.4,105742,5999801080.0,97527,565.8,349,565.6,279,nan,0,nan,0,nan,0,nan,0,nan,0,nan,0,nan,0,nan,0
1597988612887740928,1597988613000000000,2020-08-21 13:43:33.000000,565.6,569.4,565.4,568.0,nan,567.4,105743,5999857820.0,97528,565.8,349,565.6,279,nan,0,nan,0,nan,0,nan,0,nan,0,nan,0,nan,0,nan,0
1597988613401216000,1597988614000000000,2020-08-21 13:43:34.000000,565.6,569.4,565.4,568.0,nan,567.4,105745,5999971300.0,97528,565.8,349,565.6,277,nan,0,nan,0,nan,0,nan,0,nan,0,nan,0,nan,0,nan,0
1597988613870065920,1597988614000001024,2020-08-21 13:43:34.000001,565.6,569.4,565.4,568.0,nan,567.4,105746,6000028040.0,97529,565.8,349,565.6,276,nan,0,nan,0,nan,0,nan,0,nan,0,nan,0,nan,0,nan,0
1597988615365708032,1597988616000000000,2020-08-21 13:43:36.000000,565.6,569.4,565.4,568.0,nan,567.4,105846,6005702040.0,97623,565.8,349,565.6,176,nan,0,nan,0,nan,0,nan,0,nan,0,nan,0,nan,0,nan,0
1597988615862957056,1597988616000001024,2020-08-21 13:43:36.000001,565.6,569.4,565.4,568.0,nan,567.4,105883,6007801420.0,97622,565.8,349,565.6,129,nan,0,nan,0,nan,0,nan,0,nan,0,nan,0,nan,0,nan,0
1597988616409300992,1597988617000000000,2020-08-21 13:43:37.000000,565.6,569.4,565.4,568.0,nan,567.4,105883,6007801420.0,97622,565.8,349,565.6,119,nan,0,nan,0,nan,0,nan,0,nan,0,nan,0,nan,0,nan,0
1597988616871862016,1597988617000001024,2020-08-21 13:43:37.000001,565.6,569.4,565.4,568.0,nan,567.4,105886,6007971640.0,97619,565.8,352,565.6,113,nan,0,nan,0,nan,0,nan,0,nan,0,nan,0,nan,0,nan,0
1597988617383663104,1597988617000001792,2020-08-21 13:43:37.000002,565.6,569.4,565.4,568.0,nan,567.4,105886,6007971640.0,97619,565.8,352,565.6,114,nan,0,nan,0,nan,0,nan,0,nan,0,nan,0,nan,0,nan,0
1597988617878315008,1597988618000000000,2020-08-21 13:43:38.000000,565.6,569.4,565.4,568.0,nan,567.4,105886,6007971640.0,97619,565.8,352,565.6,117,nan,0,nan,0,nan,0,nan,0,nan,0,nan,0,nan,0,nan,0
1597988618370919936,1597988618000001024,2020-08-21 13:43:38.000001,565.8,569.4,565.4,568.0,nan,567.4,105887,6008028380.0,97619,565.8,341,565.6,107,nan,0,nan,0,nan,0,nan,0,nan,0,nan,0,nan,0,nan,0
1597988619384161024,1597988619000001024,2020-08-21 13:43:39.000001,565.6,569.4,565.4,568.0,nan,567.4,105888,6008085120.0,97618,565.8,351,565.6,116,nan,0,nan,0,nan,0,nan,0,nan,0,nan,0,nan,0,nan,0
1597988619991055872,1597988620000000000,2020-08-21 13:43:40.000000,565.6,569.4,565.4,568.0,nan,567.4,106029,6016085460.0,97701,565.6,62,565.4,567,nan,0,nan,0,nan,0,nan,0,nan,0,nan,0,nan,0,nan,0
1597988620392136960,1597988621000000000,2020-08-21 13:43:41.000000,565.4,569.4,565.4,568.0,nan,567.4,106235,6027773900.0,97668,565.6,126,565.4,391,nan,0,nan,0,nan,0,nan,0,nan,0,nan,0,nan,0,nan,0
1597988620872880128,1597988621000001024,2020-08-21 13:43:41.000001,565.4,569.4,565.4,568.0,nan,567.4,106243,6028227820.0,97669,565.6,170,565.4,415,nan,0,nan,0,nan,0,nan,0,nan,0,nan,0,nan,0,nan,0
1597988621369335040,1597988621000001792,2020-08-21 13:43:41.000002,565.4,569.4,565.4,568.0,nan,567.4,106258,6029078920.0,97680,565.6,180,565.4,381,nan,0,nan,0,nan,0,nan,0,nan,0,nan,0,nan,0,nan,0
1597988621899163904,1597988622000000000,2020-08-21 13:43:42.000000,565.4,569.4,565.4,568.0,nan,567.4,106259,6029135660.0,97681,565.6,200,565.4,390,nan,0,nan,0,nan,0,nan,0,nan,0,nan,0,nan,0,nan,0
1597988622391558912,1597988623000000000,2020-08-21 13:43:43.000000,565.4,569.4,565.4,568.0,nan,567.4,106259,6029135660.0,97681,565.6,201,565.4,388,nan,0,nan,0,nan,0,nan,0,nan,0,nan,0,nan,0,nan,0
1597988622861210880,1597988623000001024,2020-08-21 13:43:43.000001,565.6,569.4,565.4,568.0,nan,567.4,106260,6029192400.0,97681,565.6,190,565.4,378,nan,0,nan,0,nan,0,nan,0,nan,0,nan,0,nan,0,nan,0
1597988623403304960,1597988624000000000,2020-08-21 13:43:44.000000,565.6,569.4,565.4,568.0,nan,567.4,106261,6029249140.0,97681,565.6,189,565.4,378,nan,0,nan,0,nan,0,nan,0,nan,0,nan,0,nan,0,nan,0
1597988623871909120,1597988624000001024,2020-08-21 13:43:44.000001,565.6,569.4,565.4,568.0,nan,567.4,106271,6029816540.0,97681,565.6,186,565.4,378,nan,0,nan,0,nan,0,nan,0,nan,0,nan,0,nan,0,nan,0
1597988624388377088,1597988625000000000,2020-08-21 13:43:45.000000,565.6,569.4,565.4,568.0,nan,567.4,106277,6030156980.0,97680,565.6,210,565.4,388,nan,0,nan,0,nan,0,nan,0,nan,0,nan,0,nan,0,nan,0
1597988624874607104,1597988625000001024,2020-08-21 13:43:45.000001,565.4,569.4,565.4,568.0,nan,567.4,106286,6030667640.0,97680,565.6,214,565.4,380,nan,0,nan,0,nan,0,nan,0,nan,0,nan,0,nan,0,nan,0
1597988625385922048,1597988626000000000,2020-08-21 13:43:46.000000,565.4,569.4,565.4,568.0,nan,567.4,106297,6031291780.0,97690,565.6,240,565.4,370,nan,0,nan,0,nan,0,nan,0,nan,0,nan,0,nan,0,nan,0
1597988625877135872,1597988626000001024,2020-08-21 13:43:46.000001,565.4,569.4,565.4,568.0,nan,567.4,106300,6031462000.0,97690,565.6,247,565.4,367,nan,0,nan,0,nan,0,nan,0,nan,0,nan,0,nan,0,nan,0
1597988626867001088,1597988627000001024,2020-08-21 13:43:47.000001,565.6,569.4,565.4,568.0,nan,567.4,106305,6031745700.0,97690,565.6,256,565.4,373,nan,0,nan,0,nan,0,nan,0,nan,0,nan,0,nan,0,nan,0
1597988627371136000,1597988628000000000,2020-08-21 13:43:48.000000,565.4,569.4,565.4,568.0,nan,567.4,106306,6031802440.0,97691,565.6,256,565.4,372,nan,0,nan,0,nan,0,nan,0,nan,0,nan,0,nan,0,nan,0
1597988628866561024,1597988629000001024,2020-08-21 13:43:49.000001,565.4,569.4,565.4,568.0,nan,567.4,106310,6032029400.0,97692,565.6,256,565.4,368,nan,0,nan,0,nan,0,nan,0,nan,0,nan,0,nan,0,nan,0
1597988629402953984,1597988630000000000,2020-08-21 13:43:50.000000,565.6,569.4,565.4,568.0,nan,567.4,106312,6032142880.0,97692,565.6,246,565.4,371,nan,0,nan,0,nan,0,nan,0,nan,0,nan,0,nan,0,nan,0
1597988630877872128,1597988631000001024,2020-08-21 13:43:51.000001,565.4,569.4,565.4,568.0,nan,567.4,106314,6032256360.0,97692,565.6,257,565.4,369,nan,0,nan,0,nan,0,nan,0,nan,0,nan,0,nan,0,nan,0
1597988631402291968,1597988632000000000,2020-08-21 13:43:52.000000,565.4,569.4,565.4,568.0,nan,567.4,106314,6032256360.0,97692,565.6,257,565.4,372,nan,0,nan,0,nan,0,nan,0,nan,0,nan,0,nan,0,nan,0
1597988631871624960,1597988632000001024,2020-08-21 13:43:52.000001,565.4,569.4,565.4,568.0,nan,567.4,106314,6032256360.0,97692,565.6,287,565.4,372,nan,0,nan,0,nan,0,nan,0,nan,0,nan,0,nan,0,nan,0
1597988632376809984,1597988633000000000,2020-08-21 13:43:53.000000,565.4,569.4,565.4,568.0,nan,567.4,106314,6032256360.0,97692,565.6,294,565.4,374,nan,0,nan,0,nan,0,nan,0,nan,0,nan,0,nan,0,nan,0
1597988633374344960,1597988633000001792,2020-08-21 13:43:53.000002,565.4,569.4,565.4,568.0,nan,567.4,106314,6032256360.0,97692,565.6,297,565.4,374,nan,0,nan,0,nan,0,nan,0,nan,0,nan,0,nan,0,nan,0
1597988634368531968,1597988635000000000,2020-08-21 13:43:55.000000,565.4,569.4,565.4,568.0,nan,567.4,106314,6032256360.0,97692,565.6,299,565.4,374,nan,0,nan,0,nan,0,nan,0,nan,0,nan,0,nan,0,nan,0
1597988634862296064,1597988635000001024,2020-08-21 13:43:55.000001,565.4,569.4,565.4,568.0,nan,567.4,106314,6032256360.0,97692,565.6,300,565.4,374,nan,0,nan,0,nan,0,nan,0,nan,0,nan,0,nan,0,nan,0
1597988635413531904,1597988636000000000,2020-08-21 13:43:56.000000,565.6,569.4,565.4,568.0,nan,567.4,106315,6032313100.0,97692,565.6,289,565.4,374,nan,0,nan,0,nan,0,nan,0,nan,0,nan,0,nan,0,nan,0
1597988636374448128,1597988637000000000,2020-08-21 13:43:57.000000,565.6,569.4,565.4,568.0,nan,567.4,106315,6032313100.0,97692,565.6,289,565.4,395,nan,0,nan,0,nan,0,nan,0,nan,0,nan,0,nan,0,nan,0
1597988636871301888,1597988637000001024,2020-08-21 13:43:57.000001,565.6,569.4,565.4,568.0,nan,567.4,106315,6032313100.0,97692,565.6,299,565.4,395,nan,0,nan,0,nan,0,nan,0,nan,0,nan,0,nan,0,nan,0
1597988637401485056,1597988638000000000,2020-08-21 13:43:58.000000,565.4,569.4,565.4,568.0,nan,567.4,106415,6037987100.0,97611,565.6,299,565.4,305,nan,0,nan,0,nan,0,nan,0,nan,0,nan,0,nan,0,nan,0
1597988637872701952,1597988638000001024,2020-08-21 13:43:58.000001,565.4,569.4,565.4,568.0,nan,567.4,106415,6037987100.0,97611,565.6,300,565.4,305,nan,0,nan,0,nan,0,nan,0,nan,0,nan,0,nan,0,nan,0
1597988638401294080,1597988639000000000,2020-08-21 13:43:59.000000,565.6,569.4,565.4,568.0,nan,567.4,106416,6038043840.0,97611,565.6,291,565.4,305,nan,0,nan,0,nan,0,nan,0,nan,0,nan,0,nan,0,nan,0
1597988638876200960,1597988639000001024,2020-08-21 13:43:59.000001,565.6,569.4,565.4,568.0,nan,567.4,106416,6038043840.0,97611,565.6,291,565.4,308,nan,0,nan,0,nan,0,nan,0,nan,0,nan,0,nan,0,nan,0
1597988640397338112,1597988641000000000,2020-08-21 13:44:01.000000,565.4,569.4,565.4,568.0,nan,567.4,106417,6038100580.0,97611,565.6,304,565.4,311,nan,0,nan,0,nan,0,nan,0,nan,0,nan,0,nan,0,nan,0
1597988642386394112,1597988643000000000,2020-08-21 13:44:03.000000,565.4,569.4,565.4,568.0,nan,567.4,106417,6038100580.0,97611,565.6,319,565.4,311,nan,0,nan,0,nan,0,nan,0,nan,0,nan,0,nan,0,nan,0
1597988642876420096,1597988643000001024,2020-08-21 13:44:03.000001,565.4,569.4,565.4,568.0,nan,567.4,106417,6038100580.0,97611,565.6,345,565.4,311,nan,0,nan,0,nan,0,nan,0,nan,0,nan,0,nan,0,nan,0
1597988643392655872,1597988644000000000,2020-08-21 13:44:04.000000,565.4,569.4,565.4,568.0,nan,567.4,106417,6038100580.0,97611,565.6,355,565.4,311,nan,0,nan,0,nan,0,nan,0,nan,0,nan,0,nan,0,nan,0
1597988643869281024,1597988644000001024,2020-08-21 13:44:04.000001,565.4,569.4,565.4,568.0,nan,567.4,106418,6038157320.0,97610,565.6,358,565.4,316,nan,0,nan,0,nan,0,nan,0,nan,0,nan,0,nan,0,nan,0
1597988644384081920,1597988645000000000,2020-08-21 13:44:05.000000,565.4,569.4,565.4,568.0,nan,567.4,106418,6038157320.0,97610,565.6,358,565.4,319,nan,0,nan,0,nan,0,nan,0,nan,0,nan,0,nan,0,nan,0
1597988645384187904,1597988646000000000,2020-08-21 13:44:06.000000,565.4,569.4,565.4,568.0,nan,567.4,106418,6038157320.0,97610,565.6,355,565.4,321,nan,0,nan,0,nan,0,nan,0,nan,0,nan,0,nan,0,nan,0
1597988645890654976,1597988646000001024,2020-08-21 13:44:06.000001,565.4,569.4,565.4,568.0,nan,567.4,106422,6038384280.0,97606,565.6,355,565.4,317,nan,0,nan,0,nan,0,nan,0,nan,0,nan,0,nan,0,nan,0
1597988646397245952,1597988647000000000,2020-08-21 13:44:07.000000,565.6,569.4,565.4,568.0,nan,567.4,106423,6038441020.0,97606,565.6,344,565.4,317,nan,0,nan,0,nan,0,nan,0,nan,0,nan,0,nan,0,nan,0
1597988647879657984,1597988648000001024,2020-08-21 13:44:08.000001,565.6,569.4,565.4,568.0,nan,567.4,106425,6038554500.0,97606,565.6,342,565.4,318,nan,0,nan,0,nan,0,nan,0,nan,0,nan,0,nan,0,nan,0
1597988648380008960,1597988649000000000,2020-08-21 13:44:09.000000,565.6,569.4,565.4,568.0,nan,567.4,106425,6038554500.0,97606,565.6,342,565.4,321,nan,0,nan,0,nan,0,nan,0,nan,0,nan,0,nan,0,nan,0
1597988648880430080,1597988649000001024,2020-08-21 13:44:09.000001,565.6,569.4,565.4,568.0,nan,567.4,106425,6038554500.0,97606,565.6,363,565.4,321,nan,0,nan,0,nan,0,nan,0,nan,0,nan,0,nan,0,nan,0
1597988649383045120,1597988650000000000,2020-08-21 13:44:10.000000,565.6,569.4,565.4,568.0,nan,567.4,106425,6038554500.0,97606,565.6,364,565.4,321,nan,0,nan,0,nan,0,nan,0,nan,0,nan,0,nan,0,nan,0
1597988651412889088,1597988652000000000,2020-08-21 13:44:12.000000,565.4,569.4,565.4,568.0,nan,567.4,106455,6040256700.0,97576,565.6,364,565.4,291,nan,0,nan,0,nan,0,nan,0,nan,0,nan,0,nan,0,nan,0
1597988652410461952,1597988653000000000,2020-08-21 13:44:13.000000,565.4,569.4,565.4,568.0,nan,567.4,106455,6040256700.0,97576,565.6,364,565.4,294,nan,0,nan,0,nan,0,nan,0,nan,0,nan,0,nan,0,nan,0
1597988652888581888,1597988653000001024,2020-08-21 13:44:13.000001,565.6,569.4,565.4,568.0,nan,567.4,106456,6040313440.0,97575,565.6,353,565.4,294,nan,0,nan,0,nan,0,nan,0,nan,0,nan,0,nan,0,nan,0
1597988653889144064,1597988654000001024,2020-08-21 13:44:14.000001,565.4,569.4,565.4,568.0,nan,567.4,106457,6040370180.0,97575,565.6,363,565.4,303,nan,0,nan,0,nan,0,nan,0,nan,0,nan,0,nan,0,nan,0
1597988654395154944,1597988655000000000,2020-08-21 13:44:15.000000,565.4,569.4,565.4,568.0,nan,567.4,106457,6040370180.0,97575,565.6,365,565.4,303,nan,0,nan,0,nan,0,nan,0,nan,0,nan,0,nan,0,nan,0
1597988655902183936,1597988656000000000,2020-08-21 13:44:16.000000,565.4,569.4,565.4,568.0,nan,567.4,106457,6040370180.0,97575,565.6,365,565.4,304,nan,0,nan,0,nan,0,nan,0,nan,0,nan,0,nan,0,nan,0
1597988656882864128,1597988657000001024,2020-08-21 13:44:17.000001,565.4,569.4,565.4,568.0,nan,567.4,106457,6040370180.0,97575,565.6,367,565.4,304,nan,0,nan,0,nan,0,nan,0,nan,0,nan,0,nan,0,nan,0
1597988657380443904,1597988658000000000,2020-08-21 13:44:18.000000,565.4,569.4,565.4,568.0,nan,567.4,106457,6040370180.0,97575,565.6,367,565.4,309,nan,0,nan,0,nan,0,nan,0,nan,0,nan,0,nan,0,nan,0
1597988658879026944,1597988659000001024,2020-08-21 13:44:19.000001,565.4,569.4,565.4,568.0,nan,567.4,106457,6040370180.0,97575,565.6,369,565.4,309,nan,0,nan,0,nan,0,nan,0,nan,0,nan,0,nan,0,nan,0
1597988659425398016,1597988660000000000,2020-08-21 13:44:20.000000,565.4,569.4,565.4,568.0,nan,567.4,106460,6040540400.0,97572,565.6,370,565.4,306,nan,0,nan,0,nan,0,nan,0,nan,0,nan,0,nan,0,nan,0
1597988659886116096,1597988660000001024,2020-08-21 13:44:20.000001,565.4,569.4,565.4,568.0,nan,567.4,106460,6040540400.0,97572,565.6,370,565.4,309,nan,0,nan,0,nan,0,nan,0,nan,0,nan,0,nan,0,nan,0
1597988660381668096,1597988661000000000,2020-08-21 13:44:21.000000,565.4,569.4,565.4,568.0,nan,567.4,106460,6040540400.0,97572,565.6,371,565.4,309,nan,0,nan,0,nan,0,nan,0,nan,0,nan,0,nan,0,nan,0
1597988661888687104,1597988662000001024,2020-08-21 13:44:22.000001,565.4,569.4,565.4,568.0,nan,567.4,106503,6042980220.0,97550,565.6,378,565.4,310,nan,0,nan,0,nan,0,nan,0,nan,0,nan,0,nan,0,nan,0
1597988662877741056,1597988663000001024,2020-08-21 13:44:23.000001,565.4,569.4,565.4,568.0,nan,567.4,106503,6042980220.0,97550,565.6,378,565.4,313,nan,0,nan,0,nan,0,nan,0,nan,0,nan,0,nan,0,nan,0
1597988663897370880,1597988664000001024,2020-08-21 13:44:24.000001,565.6,569.4,565.4,568.0,nan,567.4,106506,6043150440.0,97553,565.6,375,565.4,313,nan,0,nan,0,nan,0,nan,0,nan,0,nan,0,nan,0,nan,0
1597988664898665984,1597988665000001024,2020-08-21 13:44:25.000001,565.4,569.4,565.4,568.0,nan,567.4,106513,6043547620.0,97551,565.6,375,565.4,306,nan,0,nan,0,nan,0,nan,0,nan,0,nan,0,nan,0,nan,0
1597988665411817984,1597988666000000000,2020-08-21 13:44:26.000000,565.4,569.4,565.4,568.0,nan,567.4,106519,6043888060.0,97545,565.6,370,565.4,310,nan,0,nan,0,nan,0,nan,0,nan,0,nan,0,nan,0,nan,0
1597988665893997056,1597988666000001024,2020-08-21 13:44:26.000001,565.4,569.4,565.4,568.0,nan,567.4,106521,6044001540.0,97543,565.6,370,565.4,308,nan,0,nan,0,nan,0,nan,0,nan,0,nan,0,nan,0,nan,0
1597988666905467904,1597988667000001024,2020-08-21 13:44:27.000001,565.4,569.4,565.4,568.0,nan,567.4,106521,6044001540.0,97543,565.6,371,565.4,308,nan,0,nan,0,nan,0,nan,0,nan,0,nan,0,nan,0,nan,0
1597988667414302976,1597988668000000000,2020-08-21 13:44:28.000000,565.4,569.4,565.4,568.0,nan,567.4,106521,6044001540.0,97543,565.6,374,565.4,308,nan,0,nan,0,nan,0,nan,0,nan,0,nan,0,nan,0,nan,0
1597988668403311104,1597988669000000000,2020-08-21 13:44:29.000000,565.4,569.4,565.4,568.0,nan,567.4,106521,6044001540.0,97543,565.6,374,565.4,313,nan,0,nan,0,nan,0,nan,0,nan,0,nan,0,nan,0,nan,0
1597988668897427968,1597988669000001024,2020-08-21 13:44:29.000001,565.4,569.4,565.4,568.0,nan,567.4,106521,6044001540.0,97543,565.6,375,565.4,313,nan,0,nan,0,nan,0,nan,0,nan,0,nan,0,nan,0,nan,0
1597988669394342912,1597988670000000000,2020-08-21 13:44:30.000000,565.4,569.4,565.4,568.0,nan,567.4,106522,6044058280.0,97542,565.6,375,565.4,313,nan,0,nan,0,nan,0,nan,0,nan,0,nan,0,nan,0,nan,0
1597988669892155904,1597988670000001024,2020-08-21 13:44:30.000001,565.4,569.4,565.4,568.0,nan,567.4,106522,6044058280.0,97542,565.6,375,565.4,316,nan,0,nan,0,nan,0,nan,0,nan,0,nan,0,nan,0,nan,0
1597988670421494016,1597988671000000000,2020-08-21 13:44:31.000000,565.6,569.4,565.4,568.0,nan,567.4,106527,6044341980.0,97547,565.6,370,565.4,316,nan,0,nan,0,nan,0,nan,0,nan,0,nan,0,nan,0,nan,0
1597988670894039040,1597988671000001024,2020-08-21 13:44:31.000001,565.4,569.4,565.4,568.0,nan,567.4,106565,6046498100.0,97531,565.6,370,565.4,278,nan,0,nan,0,nan,0,nan,0,nan,0,nan,0,nan,0,nan,0
1597988671414696960,1597988672000000000,2020-08-21 13:44:32.000000,565.4,569.4,565.4,568.0,nan,567.4,106565,6046498100.0,97531,565.6,370,565.4,281,nan,0,nan,0,nan,0,nan,0,nan,0,nan,0,nan,0,nan,0
1597988671891126016,1597988672000001024,2020-08-21 13:44:32.000001,565.4,569.4,565.4,568.0,nan,567.4,106568,6046668320.0,97534,565.6,370,565.4,278,nan,0,nan,0,nan,0,nan,0,nan,0,nan,0,nan,0,nan,0
1597988672382509056,1597988673000000000,2020-08-21 13:44:33.000000,565.6,569.4,565.4,568.0,nan,567.4,106578,6047235720.0,97537,565.6,360,565.4,278,nan,0,nan,0,nan,0,nan,0,nan,0,nan,0,nan,0,nan,0
1597988672885672960,1597988673000001024,2020-08-21 13:44:33.000001,565.4,569.4,565.4,568.0,nan,567.4,106583,6047519420.0,97542,565.6,360,565.4,278,nan,0,nan,0,nan,0,nan,0,nan,0,nan,0,nan,0,nan,0
1597988674410992128,1597988675000000000,2020-08-21 13:44:35.000000,565.4,569.4,565.4,568.0,nan,567.4,106585,6047632900.0,97543,565.6,359,565.4,276,nan,0,nan,0,nan,0,nan,0,nan,0,nan,0,nan,0,nan,0
1597988676407875072,1597988677000000000,2020-08-21 13:44:37.000000,565.4,569.4,565.4,568.0,nan,567.4,106585,6047632900.0,97543,565.6,359,565.4,294,nan,0,nan,0,nan,0,nan,0,nan,0,nan,0,nan,0,nan,0
