local_nano_time,quote_nano_time,datetime,last_price,highest,lowest,open,close,average,volume,amount,open_interest,ask_price1,ask_volume1,bid_price1,bid_volume1,ask_price2,ask_volume2,bid_price2,bid_volume2,ask_price3,ask_volume3,bid_price3,bid_volume3,ask_price4,ask_volume4,bid_price4,bid_volume4,ask_price5,ask_volume5,bid_price5,bid_volume5
1597988227122038016,1597988227436000000,2020-08-21 13:37:07.436000,52140.0,52280.0,51820.0,52160.0,nan,52027.075,92895,24165275450.0,119139,52140.0,44,52130.0,16,52150.0,62,52120.0,97,52160.0,41,52110.0,32,52170.0,31,52100.0,55,52180.0,25,52090.0,93
1597988227625275904,1597988227936000000,2020-08-21 13:37:07.936000,52140.0,52280.0,51820.0,52160.0,nan,52027.075,92895,24165275450.0,119139,52140.0,44,52130.0,23,52150.0,62,52120.0,97,52160.0,41,52110.0,32,52170.0,31,52100.0,55,52180.0,25,52090.0,93
1597988229618078976,1597988229932000000,2020-08-21 13:37:09.932000,52140.0,52280.0,51820.0,52160.0,nan,52027.075,92895,24165275450.0,119139,52140.0,44,52130.0,24,52150.0,62,52120.0,97,52160.0,41,52110.0,32,52170.0,31,52100.0,55,52180.0,25,52090.0,93
1597988230136332032,1597988230432000000,2020-08-21 13:37:10.432000,52140.0,52280.0,51820.0,52160.0,nan,52027.075,92895,24165275450.0,119139,52140.0,44,52130.0,23,52150.0,62,52120.0,97,52160.0,41,52110.0,32,52170.0,31,52100.0,55,52180.0,25,52090.0,93
1597988230615527936,1597988230935000064,2020-08-21 13:37:10.935000,52140.0,52280.0,51820.0,52160.0,nan,52027.075,92895,24165275450.0,119139,52140.0,44,52130.0,24,52150.0,62,52120.0,97,52160.0,41,52110.0,32,52170.0,31,52100.0,55,52180.0,25,52090.0,93
1597988231124445952,1597988231436999936,2020-08-21 13:37:11.437000,52140.0,52280.0,51820.0,52160.0,nan,52027.075,92895,24165275450.0,119139,52140.0,44,52130.0,27,52150.0,62,52120.0,97,52160.0,41,52110.0,32,52170.0,31,52100.0,55,52180.0,25,52090.0,93
1597988234623108096,1597988234937999872,2020-08-21 13:37:14.938000,52140.0,52280.0,51820.0,52160.0,nan,52027.079,92899,24166318250.0,119141,52140.0,39,52130.0,27,52150.0,62,52120.0,97,52160.0,41,52110.0,32,52170.0,31,52100.0,55,52180.0,25,52090.0,93
1597988235130123008,1597988235413000192,2020-08-21 13:37:15.413000,52140.0,52280.0,51820.0,52160.0,nan,52027.079,92899,24166318250.0,119141,52140.0,41,52130.0,27,52150.0,62,52120.0,97,52160.0,41,52110.0,32,52170.0,31,52100.0,55,52180.0,25,52090.0,93
1597988235623801088,1597988235905999872,2020-08-21 13:37:15.906000,52130.0,52280.0,51820.0,52160.0,nan,52027.081,92900,24166578900.0,119141,52140.0,41,52130.0,26,52150.0,62,52120.0,97,52160.0,41,52110.0,32,52170.0,31,52100.0,55,52180.0,25,52090.0,93
1597988236113669888,1597988236432000000,2020-08-21 13:37:16.432000,52130.0,52280.0,51820.0,52160.0,nan,52027.081,92900,24166578900.0,119141,52140.0,43,52130.0,26,52150.0,62,52120.0,97,52160.0,41,52110.0,32,52170.0,31,52100.0,55,52180.0,25,52090.0,93
1597988237111815936,1597988237435000064,2020-08-21 13:37:17.435000,52130.0,52280.0,51820.0,52160.0,nan,52027.081,92900,24166578900.0,119141,52140.0,43,52130.0,27,52150.0,62,52120.0,97,52160.0,41,52110.0,32,52170.0,31,52100.0,55,52180.0,25,52090.0,93
1597988238621093888,1597988238932000000,2020-08-21 13:37:18.932000,52130.0,52280.0,51820.0,52160.0,nan,52027.081,92900,24166578900.0,119141,52140.0,44,52130.0,27,52150.0,62,52120.0,97,52160.0,41,52110.0,32,52170.0,31,52100.0,55,52180.0,25,52090.0,93
1597988239114002944,1597988239420999936,2020-08-21 13:37:19.421000,52130.0,52280.0,51820.0,52160.0,nan,52027.082,92901,24166839550.0,119141,52140.0,44,52130.0,27,52150.0,62,52120.0,97,52160.0,41,52110.0,32,52170.0,31,52100.0,55,52180.0,25,52090.0,93
1597988239628768000,1597988239932000000,2020-08-21 13:37:19.932000,52130.0,52280.0,51820.0,52160.0,nan,52027.082,92901,24166839550.0,119141,52140.0,44,52130.0,25,52150.0,62,52120.0,97,52160.0,41,52110.0,32,52170.0,31,52100.0,55,52180.0,25,52090.0,93
1597988240124343040,1597988240416999936,2020-08-21 13:37:20.417000,52130.0,52280.0,51820.0,52160.0,nan,52027.082,92901,24166839550.0,119141,52140.0,44,52130.0,25,52150.0,62,52120.0,97,52160.0,41,52110.0,37,52170.0,31,52100.0,55,52180.0,25,52090.0,93
1597988242139218944,1597988242423000064,2020-08-21 13:37:22.423000,52130.0,52280.0,51820.0,52160.0,nan,52027.083,92902,24167100200.0,119141,52140.0,44,52130.0,24,52150.0,62,52120.0,97,52160.0,41,52110.0,37,52170.0,31,52100.0,55,52180.0,25,52090.0,93
1597988242644656128,1597988242935000064,2020-08-21 13:37:22.935000,52130.0,52280.0,51820.0,52160.0,nan,52027.083,92902,24167100200.0,119141,52140.0,44,52130.0,24,52150.0,62,52120.0,98,52160.0,41,52110.0,37,52170.0,31,52100.0,55,52180.0,25,52090.0,93
1597988243628985088,1597988243917999872,2020-08-21 13:37:23.918000,52130.0,52280.0,51820.0,52160.0,nan,52027.083,92902,24167100200.0,119141,52140.0,44,52130.0,24,52150.0,62,52120.0,98,52160.0,41,52110.0,37,52170.0,31,52100.0,55,52180.0,26,52090.0,93
1597988245131749120,1597988245427000064,2020-08-21 13:37:25.427000,52130.0,52280.0,51820.0,52160.0,nan,52027.083,92902,24167100200.0,119141,52140.0,52,52130.0,24,52150.0,62,52120.0,98,52160.0,41,52110.0,37,52170.0,31,52100.0,55,52180.0,26,52090.0,93
1597988246149758976,1597988246423000064,2020-08-21 13:37:26.423000,52130.0,52280.0,51820.0,52160.0,nan,52027.083,92902,24167100200.0,119141,52140.0,52,52130.0,24,52150.0,62,52120.0,98,52160.0,41,52110.0,37,52170.0,32,52100.0,55,52180.0,26,52090.0,93
1597988247621217024,1597988247912000000,2020-08-21 13:37:27.912000,52130.0,52280.0,51820.0,52160.0,nan,52027.083,92902,24167100200.0,119141,52140.0,44,52130.0,24,52150.0,62,52120.0,98,52160.0,41,52110.0,37,52170.0,32,52100.0,55,52180.0,26,52090.0,93
1597988248146373888,1597988248420999936,2020-08-21 13:37:28.421000,52130.0,52280.0,51820.0,52160.0,nan,52027.083,92902,24167100200.0,119141,52140.0,44,52130.0,28,52150.0,62,52120.0,98,52160.0,41,52110.0,37,52170.0,32,52100.0,55,52180.0,26,52090.0,93
1597988249113387008,1597988249420000000,2020-08-21 13:37:29.420000,52130.0,52280.0,51820.0,52160.0,nan,52027.085,92904,24167621500.0,119141,52140.0,44,52130.0,26,52150.0,62,52120.0,98,52160.0,41,52110.0,37,52170.0,32,52100.0,55,52180.0,26,52090.0,93
1597988250136110080,1597988250435000064,2020-08-21 13:37:30.435000,52130.0,52280.0,51820.0,52160.0,nan,52027.086,92905,24167882150.0,119141,52140.0,44,52130.0,25,52150.0,62,52120.0,98,52160.0,41,52110.0,37,52170.0,32,52100.0,55,52180.0,26,52090.0,93
1597988250628147968,1597988250933000192,2020-08-21 13:37:30.933000,52130.0,52280.0,51820.0,52160.0,nan,52027.095,92913,24169967350.0,119146,52140.0,44,52130.0,17,52150.0,62,52120.0,98,52160.0,41,52110.0,37,52170.0,32,52100.0,55,52180.0,26,52090.0,93
1597988251645093888,1597988251914000128,2020-08-21 13:37:31.914000,52130.0,52280.0,51820.0,52160.0,nan,52027.114,92930,24174398400.0,119146,52130.0,1,52120.0,98,52140.0,45,52110.0,37,52150.0,62,52100.0,55,52160.0,41,52090.0,93,52170.0,32,52080.0,31
1597988252130322944,1597988252421999872,2020-08-21 13:37:32.422000,52130.0,52280.0,51820.0,52160.0,nan,52027.115,92931,24174659050.0,119146,52130.0,41,52120.0,96,52140.0,45,52110.0,37,52150.0,66,52100.0,55,52160.0,41,52090.0,93,52170.0,32,52080.0,31
1597988252634833920,1597988252933000192,2020-08-21 13:37:32.933000,52130.0,52280.0,51820.0,52160.0,nan,52027.115,92931,24174659050.0,119146,52130.0,42,52120.0,94,52140.0,46,52110.0,37,52150.0,66,52100.0,56,52160.0,40,52090.0,95,52170.0,32,52080.0,31
1597988253610612992,1597988253898999808,2020-08-21 13:37:33.899000,52130.0,52280.0,51820.0,52160.0,nan,52027.115,92931,24174659050.0,119146,52130.0,43,52120.0,94,52140.0,46,52110.0,37,52150.0,66,52100.0,56,52160.0,40,52090.0,95,52170.0,32,52080.0,31
1597988254115905024,1597988254438999808,2020-08-21 13:37:34.439000,52130.0,52280.0,51820.0,52160.0,nan,52027.115,92931,24174659050.0,119146,52130.0,42,52120.0,95,52140.0,47,52110.0,37,52150.0,66,52100.0,56,52160.0,40,52090.0,95,52170.0,32,52080.0,31
1597988257612711936,1597988257933000192,2020-08-21 13:37:37.933000,52130.0,52280.0,51820.0,52160.0,nan,52027.115,92931,24174659050.0,119146,52130.0,33,52120.0,95,52140.0,47,52110.0,37,52150.0,66,52100.0,56,52160.0,40,52090.0,95,52170.0,32,52080.0,31
1597988258110771968,1597988258416999936,2020-08-21 13:37:38.417000,52130.0,52280.0,51820.0,52160.0,nan,52027.115,92931,24174659050.0,119146,52130.0,33,52120.0,96,52140.0,47,52110.0,37,52150.0,66,52100.0,56,52160.0,40,52090.0,95,52170.0,32,52080.0,31
1597988258605908992,1597988258935000064,2020-08-21 13:37:38.935000,52130.0,52280.0,51820.0,52160.0,nan,52027.115,92931,24174659050.0,119146,52130.0,33,52120.0,96,52140.0,50,52110.0,37,52150.0,63,52100.0,56,52160.0,40,52090.0,95,52170.0,32,52080.0,31
1597988259123022080,1597988259405999872,2020-08-21 13:37:39.406000,52130.0,52280.0,51820.0,52160.0,nan,52027.115,92931,24174659050.0,119146,52130.0,33,52120.0,96,52140.0,50,52110.0,38,52150.0,63,52100.0,56,52160.0,40,52090.0,95,52170.0,32,52080.0,31
1597988260617044992,1597988260932000000,2020-08-21 13:37:40.932000,52130.0,52280.0,51820.0,52160.0,nan,52027.115,92931,24174659050.0,119146,52130.0,33,52120.0,96,52140.0,50,52110.0,38,52150.0,63,52100.0,56,52160.0,40,52090.0,95,52170.0,31,52080.0,31
1597988261604570112,1597988261931000064,2020-08-21 13:37:41.931000,52130.0,52280.0,51820.0,52160.0,nan,52027.115,92931,24174659050.0,119146,52130.0,34,52120.0,96,52140.0,50,52110.0,38,52150.0,63,52100.0,56,52160.0,40,52090.0,95,52170.0,31,52080.0,31
1597988262115085056,1597988262435000064,2020-08-21 13:37:42.435000,52130.0,52280.0,51820.0,52160.0,nan,52027.115,92931,24174659050.0,119146,52130.0,34,52120.0,96,52140.0,49,52110.0,38,52150.0,63,52100.0,56,52160.0,40,52090.0,95,52170.0,31,52080.0,31
1597988262626853120,1597988262910000128,2020-08-21 13:37:42.910000,52130.0,52280.0,51820.0,52160.0,nan,52027.115,92931,24174659050.0,119146,52130.0,35,52120.0,96,52140.0,49,52110.0,38,52150.0,63,52100.0,56,52160.0,40,52090.0,95,52170.0,31,52080.0,31
1597988264118979072,1597988264433000192,2020-08-21 13:37:44.433000,52130.0,52280.0,51820.0,52160.0,nan,52027.154,92966,24183781800.0,119149,52140.0,49,52120.0,98,52150.0,63,52110.0,38,52160.0,40,52100.0,56,52170.0,31,52090.0,95,52180.0,26,52080.0,31
1597988264606990080,1597988264935000064,2020-08-21 13:37:44.935000,52130.0,52280.0,51820.0,52160.0,nan,52027.155,92967,24184042450.0,119148,52140.0,49,52130.0,1,52150.0,63,52120.0,102,52160.0,40,52110.0,38,52170.0,31,52100.0,56,52180.0,26,52090.0,95
1597988265117509120,1597988265413000192,2020-08-21 13:37:45.413000,52130.0,52280.0,51820.0,52160.0,nan,52027.16,92972,24185345700.0,119147,52140.0,50,52120.0,102,52150.0,63,52110.0,38,52160.0,40,52100.0,56,52170.0,31,52090.0,95,52180.0,26,52080.0,31
1597988265610461952,1597988265935000064,2020-08-21 13:37:45.935000,52130.0,52280.0,51820.0,52160.0,nan,52027.16,92972,24185345700.0,119147,52140.0,52,52120.0,115,52150.0,63,52110.0,38,52160.0,40,52100.0,56,52170.0,31,52090.0,95,52180.0,26,52080.0,31
1597988266144015872,1597988266424999936,2020-08-21 13:37:46.425000,52130.0,52280.0,51820.0,52160.0,nan,52027.16,92972,24185345700.0,119147,52140.0,52,52120.0,112,52150.0,63,52110.0,38,52160.0,40,52100.0,56,52170.0,31,52090.0,95,52180.0,26,52080.0,31
1597988266610575872,1597988266924000000,2020-08-21 13:37:46.924000,52130.0,52280.0,51820.0,52160.0,nan,52027.16,92972,24185345700.0,119147,52140.0,52,52130.0,16,52150.0,63,52120.0,111,52160.0,40,52110.0,38,52170.0,31,52100.0,56,52180.0,26,52090.0,95
1597988267136271104,1597988267416999936,2020-08-21 13:37:47.417000,52130.0,52280.0,51820.0,52160.0,nan,52027.16,92972,24185345700.0,119147,52140.0,52,52130.0,16,52150.0,61,52120.0,107,52160.0,40,52110.0,38,52170.0,31,52100.0,56,52180.0,26,52090.0,95
1597988267619350016,1597988267938999808,2020-08-21 13:37:47.939000,52130.0,52280.0,51820.0,52160.0,nan,52027.16,92972,24185345700.0,119147,52140.0,52,52130.0,1,52150.0,61,52120.0,107,52160.0,40,52110.0,38,52170.0,31,52100.0,56,52180.0,26,52090.0,95
1597988268132166912,1597988268428999936,2020-08-21 13:37:48.429000,52130.0,52280.0,51820.0,52160.0,nan,52027.161,92973,24185606350.0,119147,52140.0,52,52120.0,107,52150.0,61,52110.0,38,52160.0,40,52100.0,56,52170.0,31,52090.0,95,52180.0,26,52080.0,31
1597988268635590912,1597988268924999936,2020-08-21 13:37:48.925000,52130.0,52280.0,51820.0,52160.0,nan,52027.161,92973,24185606350.0,119147,52130.0,3,52120.0,103,52140.0,52,52110.0,38,52150.0,61,52100.0,56,52160.0,40,52090.0,95,52170.0,31,52080.0,31
1597988269109005056,1597988269407000064,2020-08-21 13:37:49.407000,52130.0,52280.0,51820.0,52160.0,nan,52027.161,92973,24185606350.0,119147,52130.0,5,52120.0,104,52140.0,54,52110.0,38,52150.0,62,52100.0,56,52160.0,40,52090.0,95,52170.0,31,52080.0,31
1597988269624098048,1597988269923000064,2020-08-21 13:37:49.923000,52130.0,52280.0,51820.0,52160.0,nan,52027.164,92975,24186127650.0,119147,52130.0,4,52120.0,108,52140.0,52,52110.0,38,52150.0,62,52100.0,56,52160.0,40,52090.0,95,52170.0,31,52080.0,31
1597988270118440960,1597988270424000000,2020-08-21 13:37:50.424000,52130.0,52280.0,51820.0,52160.0,nan,52027.164,92975,24186127650.0,119147,52130.0,3,52120.0,109,52140.0,52,52110.0,38,52150.0,62,52100.0,56,52160.0,40,52090.0,95,52170.0,31,52080.0,31
1597988270608911104,1597988270935000064,2020-08-21 13:37:50.935000,52130.0,52280.0,51820.0,52160.0,nan,52027.164,92975,24186127650.0,119147,52130.0,4,52120.0,103,52140.0,52,52110.0,38,52150.0,62,52100.0,56,52160.0,40,52090.0,95,52170.0,31,52080.0,31
1597988271121869056,1597988271434000128,2020-08-21 13:37:51.434000,52130.0,52280.0,51820.0,52160.0,nan,52027.164,92975,24186127650.0,119147,52130.0,39,52120.0,103,52140.0,52,52110.0,38,52150.0,62,52100.0,56,52160.0,40,52090.0,95,52170.0,31,52080.0,31
1597988271606014976,1597988271913000192,2020-08-21 13:37:51.913000,52130.0,52280.0,51820.0,52160.0,nan,52027.165,92976,24186388300.0,119147,52130.0,39,52120.0,99,52140.0,52,52110.0,38,52150.0,62,52100.0,56,52160.0,40,52090.0,95,52170.0,31,52080.0,31
1597988272118329088,1597988272432000000,2020-08-21 13:37:52.432000,52130.0,52280.0,51820.0,52160.0,nan,52027.165,92976,24186388300.0,119147,52130.0,39,52120.0,96,52140.0,52,52110.0,38,52150.0,62,52100.0,56,52160.0,40,52090.0,95,52170.0,31,52080.0,31
1597988272621124096,1597988272932000000,2020-08-21 13:37:52.932000,52130.0,52280.0,51820.0,52160.0,nan,52027.168,92979,24187170250.0,119148,52130.0,36,52120.0,96,52140.0,53,52110.0,38,52150.0,62,52100.0,56,52160.0,40,52090.0,95,52170.0,31,52080.0,31
1597988273106376960,1597988273434000128,2020-08-21 13:37:53.434000,52130.0,52280.0,51820.0,52160.0,nan,52027.168,92979,24187170250.0,119148,52130.0,35,52120.0,96,52140.0,53,52110.0,38,52150.0,62,52100.0,56,52160.0,40,52090.0,95,52170.0,31,52080.0,31
1597988274120157952,1597988274432000000,2020-08-21 13:37:54.432000,52130.0,52280.0,51820.0,52160.0,nan,52027.168,92979,24187170250.0,119148,52130.0,35,52120.0,96,52140.0,53,52110.0,39,52150.0,62,52100.0,56,52160.0,40,52090.0,95,52170.0,31,52080.0,31
1597988274644593920,1597988274931000064,2020-08-21 13:37:54.931000,52130.0,52280.0,51820.0,52160.0,nan,52027.169,92980,24187430900.0,119149,52130.0,34,52120.0,96,52140.0,53,52110.0,39,52150.0,62,52100.0,56,52160.0,40,52090.0,95,52170.0,31,52080.0,31
1597988275129520128,1597988275411000064,2020-08-21 13:37:55.411000,52130.0,52280.0,51820.0,52160.0,nan,52027.169,92980,24187430900.0,119149,52130.0,28,52120.0,96,52140.0,53,52110.0,39,52150.0,62,52100.0,56,52160.0,40,52090.0,95,52170.0,31,52080.0,31
1597988275649298944,1597988275917999872,2020-08-21 13:37:55.918000,52130.0,52280.0,51820.0,52160.0,nan,52027.169,92980,24187430900.0,119149,52130.0,27,52120.0,96,52140.0,51,52110.0,39,52150.0,62,52100.0,56,52160.0,40,52090.0,95,52170.0,31,52080.0,31
1597988276638894080,1597988276926000128,2020-08-21 13:37:56.926000,52130.0,52280.0,51820.0,52160.0,nan,52027.169,92980,24187430900.0,119149,52130.0,27,52120.0,96,52140.0,51,52110.0,39,52150.0,62,52100.0,57,52160.0,40,52090.0,95,52170.0,31,52080.0,31
1597988277220587008,1597988277428999936,2020-08-21 13:37:57.429000,52130.0,52280.0,51820.0,52160.0,nan,52027.169,92980,24187430900.0,119149,52130.0,30,52120.0,96,52140.0,51,52110.0,39,52150.0,64,52100.0,57,52160.0,40,52090.0,95,52170.0,31,52080.0,31
1597988277626725120,1597988277920000000,2020-08-21 13:37:57.920000,52130.0,52280.0,51820.0,52160.0,nan,52027.17,92981,24187691550.0,119149,52130.0,30,52120.0,96,52140.0,51,52110.0,39,52150.0,65,52100.0,57,52160.0,40,52090.0,95,52170.0,31,52080.0,31
1597988279138937088,1597988279436000000,2020-08-21 13:37:59.436000,52130.0,52280.0,51820.0,52160.0,nan,52027.17,92981,24187691550.0,119149,52130.0,31,52120.0,96,52140.0,50,52110.0,39,52150.0,65,52100.0,57,52160.0,40,52090.0,95,52170.0,31,52080.0,31
1597988279657198080,1597988280138000128,2020-08-21 13:38:00.138000,52130.0,52280.0,51820.0,52160.0,nan,52027.17,92981,24187691550.0,119149,52130.0,31,52120.0,96,52140.0,50,52110.0,39,52150.0,65,52100.0,58,52160.0,40,52090.0,95,52170.0,31,52080.0,31
1597988281127653888,1597988281405999872,2020-08-21 13:38:01.406000,52130.0,52280.0,51820.0,52160.0,nan,52027.17,92981,24187691550.0,119149,52130.0,33,52120.0,96,52140.0,50,52110.0,39,52150.0,65,52100.0,58,52160.0,40,52090.0,95,52170.0,31,52080.0,31
1597988284144654080,1597988284435000064,2020-08-21 13:38:04.435000,52130.0,52280.0,51820.0,52160.0,nan,52027.171,92982,24187952200.0,119149,52130.0,32,52120.0,96,52140.0,50,52110.0,39,52150.0,65,52100.0,58,52160.0,40,52090.0,95,52170.0,31,52080.0,31
1597988284619105024,1597988284932000000,2020-08-21 13:38:04.932000,52130.0,52280.0,51820.0,52160.0,nan,52027.176,92986,24188994800.0,119148,52130.0,28,52120.0,96,52140.0,50,52110.0,39,52150.0,65,52100.0,58,52160.0,40,52090.0,95,52170.0,31,52080.0,31
1597988286138163968,1597988286428000000,2020-08-21 13:38:06.428000,52130.0,52280.0,51820.0,52160.0,nan,52027.176,92986,24188994800.0,119148,52130.0,28,52120.0,96,52140.0,49,52110.0,39,52150.0,65,52100.0,58,52160.0,40,52090.0,95,52170.0,31,52080.0,31
1597988286637157888,1597988286936000000,2020-08-21 13:38:06.936000,52130.0,52280.0,51820.0,52160.0,nan,52027.178,92988,24189516100.0,119150,52130.0,26,52120.0,96,52140.0,48,52110.0,39,52150.0,65,52100.0,58,52160.0,40,52090.0,95,52170.0,31,52080.0,31
1597988287129873920,1597988287435000064,2020-08-21 13:38:07.435000,52130.0,52280.0,51820.0,52160.0,nan,52027.178,92988,24189516100.0,119150,52130.0,27,52120.0,96,52140.0,48,52110.0,39,52150.0,65,52100.0,58,52160.0,40,52090.0,95,52170.0,31,52080.0,31
1597988288119867904,1597988288436999936,2020-08-21 13:38:08.437000,52130.0,52280.0,51820.0,52160.0,nan,52027.178,92988,24189516100.0,119150,52130.0,25,52120.0,96,52140.0,48,52110.0,39,52150.0,65,52100.0,58,52160.0,40,52090.0,95,52170.0,31,52080.0,31
1597988288614000128,1597988288913000192,2020-08-21 13:38:08.913000,52130.0,52280.0,51820.0,52160.0,nan,52027.189,92998,24192122600.0,119145,52130.0,6,52120.0,101,52140.0,49,52110.0,39,52150.0,65,52100.0,58,52160.0,40,52090.0,95,52170.0,31,52080.0,31
1597988289108634112,1597988289432000000,2020-08-21 13:38:09.432000,52130.0,52280.0,51820.0,52160.0,nan,52027.19,92999,24192383250.0,119145,52130.0,11,52120.0,96,52140.0,49,52110.0,39,52150.0,65,52100.0,58,52160.0,40,52090.0,95,52170.0,31,52080.0,31
1597988289635028992,1597988289911000064,2020-08-21 13:38:09.911000,52130.0,52280.0,51820.0,52160.0,nan,52027.19,92999,24192383250.0,119145,52130.0,12,52120.0,96,52140.0,49,52110.0,39,52150.0,65,52100.0,58,52160.0,40,52090.0,95,52170.0,31,52080.0,31
1597988291115203072,1597988291432000000,2020-08-21 13:38:11.432000,52130.0,52280.0,51820.0,52160.0,nan,52027.19,92999,24192383250.0,119145,52130.0,33,52120.0,99,52140.0,49,52110.0,39,52150.0,65,52100.0,58,52160.0,40,52090.0,95,52170.0,31,52080.0,81
1597988292129847040,1597988292436999936,2020-08-21 13:38:12.437000,52130.0,52280.0,51820.0,52160.0,nan,52027.19,92999,24192383250.0,119145,52130.0,34,52120.0,99,52140.0,49,52110.0,39,52150.0,65,52100.0,58,52160.0,40,52090.0,95,52170.0,31,52080.0,81
1597988293125562112,1597988293428000000,2020-08-21 13:38:13.428000,52130.0,52280.0,51820.0,52160.0,nan,52027.19,92999,24192383250.0,119145,52130.0,35,52120.0,100,52140.0,49,52110.0,39,52150.0,65,52100.0,58,52160.0,40,52090.0,95,52170.0,31,52080.0,81
1597988293611817984,1597988293931000064,2020-08-21 13:38:13.931000,52130.0,52280.0,51820.0,52160.0,nan,52027.19,92999,24192383250.0,119145,52130.0,34,52120.0,100,52140.0,49,52110.0,39,52150.0,70,52100.0,58,52160.0,40,52090.0,95,52170.0,31,52080.0,81
1597988294619923968,1597988294933000192,2020-08-21 13:38:14.933000,52120.0,52280.0,51820.0,52160.0,nan,52027.191,93000,24192643850.0,119145,52130.0,34,52120.0,99,52140.0,49,52110.0,39,52150.0,70,52100.0,58,52160.0,40,52090.0,78,52170.0,31,52080.0,81
1597988296634725120,1597988296903000064,2020-08-21 13:38:16.903000,52130.0,52280.0,51820.0,52160.0,nan,52027.192,93001,24192904500.0,119144,52130.0,33,52120.0,99,52140.0,49,52110.0,39,52150.0,70,52100.0,58,52160.0,40,52090.0,78,52170.0,31,52080.0,81
1597988297142063104,1597988297424999936,2020-08-21 13:38:17.425000,52120.0,52280.0,51820.0,52160.0,nan,52027.194,93003,24193425700.0,119146,52130.0,33,52120.0,98,52140.0,49,52110.0,39,52150.0,71,52100.0,58,52160.0,38,52090.0,78,52170.0,30,52080.0,81
1597988298626706944,1597988298876000000,2020-08-21 13:38:18.876000,52120.0,52280.0,51820.0,52160.0,nan,52027.194,93003,24193425700.0,119146,52130.0,32,52120.0,98,52140.0,49,52110.0,39,52150.0,71,52100.0,58,52160.0,38,52090.0,78,52170.0,29,52080.0,81
1597988300138434048,1597988300418999808,2020-08-21 13:38:20.419000,52120.0,52280.0,51820.0,52160.0,nan,52027.194,93003,24193425700.0,119146,52130.0,33,52120.0,98,52140.0,49,52110.0,39,52150.0,71,52100.0,58,52160.0,38,52090.0,78,52170.0,29,52080.0,81
1597988303111702016,1597988303428000000,2020-08-21 13:38:23.428000,52120.0,52280.0,51820.0,52160.0,nan,52027.194,93003,24193425700.0,119146,52130.0,33,52120.0,98,52140.0,49,52110.0,39,52150.0,71,52100.0,59,52160.0,38,52090.0,78,52170.0,29,52080.0,81
1597988303808135936,1597988303917999872,2020-08-21 13:38:23.918000,52120.0,52280.0,51820.0,52160.0,nan,52027.195,93004,24193686300.0,119147,52130.0,33,52120.0,97,52140.0,47,52110.0,39,52150.0,71,52100.0,59,52160.0,38,52090.0,78,52170.0,29,52080.0,81
1597988304138769920,1597988304435000064,2020-08-21 13:38:24.435000,52120.0,52280.0,51820.0,52160.0,nan,52027.195,93004,24193686300.0,119147,52130.0,35,52120.0,97,52140.0,47,52110.0,39,52150.0,71,52100.0,59,52160.0,38,52090.0,78,52170.0,29,52080.0,81
1597988304631574016,1597988304928999936,2020-08-21 13:38:24.929000,52120.0,52280.0,51820.0,52160.0,nan,52027.195,93004,24193686300.0,119147,52130.0,35,52120.0,97,52140.0,45,52110.0,39,52150.0,71,52100.0,59,52160.0,38,52090.0,78,52170.0,29,52080.0,81
1597988305122066944,1597988305433000192,2020-08-21 13:38:25.433000,52120.0,52280.0,51820.0,52160.0,nan,52027.195,93004,24193686300.0,119147,52130.0,37,52120.0,97,52140.0,45,52110.0,39,52150.0,71,52100.0,59,52160.0,38,52090.0,78,52170.0,29,52080.0,81
1597988305628386048,1597988305936999936,2020-08-21 13:38:25.937000,52120.0,52280.0,51820.0,52160.0,nan,52027.195,93004,24193686300.0,119147,52130.0,39,52120.0,97,52140.0,45,52110.0,39,52150.0,71,52100.0,59,52160.0,38,52090.0,78,52170.0,29,52080.0,81
1597988306623898880,1597988306932000000,2020-08-21 13:38:26.932000,52120.0,52280.0,51820.0,52160.0,nan,52027.195,93004,24193686300.0,119147,52130.0,40,52120.0,96,52140.0,45,52110.0,39,52150.0,72,52100.0,59,52160.0,38,52090.0,78,52170.0,29,52080.0,81
1597988307111354112,1597988307413000192,2020-08-21 13:38:27.413000,52120.0,52280.0,51820.0,52160.0,nan,52027.195,93004,24193686300.0,119147,52130.0,41,52120.0,96,52140.0,45,52110.0,39,52150.0,72,52100.0,59,52160.0,38,52090.0,78,52170.0,29,52080.0,81
1597988307618277888,1597988307923000064,2020-08-21 13:38:27.923000,52120.0,52280.0,51820.0,52160.0,nan,52027.195,93004,24193686300.0,119147,52130.0,41,52120.0,96,52140.0,45,52110.0,39,52150.0,72,52100.0,59,52160.0,38,52090.0,78,52170.0,30,52080.0,81
1597988309110604032,1597988309437999872,2020-08-21 13:38:29.438000,52120.0,52280.0,51820.0,52160.0,nan,52027.195,93004,24193686300.0,119147,52130.0,42,52120.0,97,52140.0,45,52110.0,39,52150.0,72,52100.0,59,52160.0,38,52090.0,78,52170.0,30,52080.0,81
1597988309898361088,1597988309937999872,2020-08-21 13:38:29.938000,52120.0,52280.0,51820.0,52160.0,nan,52027.196,93005,24193946900.0,119147,52130.0,42,52120.0,96,52140.0,45,52110.0,39,52150.0,72,52100.0,59,52160.0,38,52090.0,78,52170.0,30,52080.0,81
1597988311123713024,1597988311407000064,2020-08-21 13:38:31.407000,52120.0,52280.0,51820.0,52160.0,nan,52027.196,93005,24193946900.0,119147,52130.0,43,52120.0,96,52140.0,45,52110.0,39,52150.0,72,52100.0,59,52160.0,38,52090.0,78,52170.0,30,52080.0,81
1597988311615920128,1597988311936000000,2020-08-21 13:38:31.936000,52120.0,52280.0,51820.0,52160.0,nan,52027.196,93005,24193946900.0,119147,52130.0,43,52120.0,96,52140.0,45,52110.0,39,52150.0,72,52100.0,59,52160.0,38,52090.0,78,52170.0,30,52080.0,82
1597988313119963904,1597988313424000000,2020-08-21 13:38:33.424000,52120.0,52280.0,51820.0,52160.0,nan,52027.196,93005,24193946900.0,119147,52130.0,43,52120.0,97,52140.0,45,52110.0,39,52150.0,72,52100.0,59,52160.0,38,52090.0,78,52170.0,30,52080.0,82
1597988313617093888,1597988313927000064,2020-08-21 13:38:33.927000,52130.0,52280.0,51820.0,52160.0,nan,52027.198,93007,24194468200.0,119148,52130.0,41,52120.0,97,52140.0,45,52110.0,39,52150.0,72,52100.0,59,52160.0,38,52090.0,78,52170.0,30,52080.0,82
1597988314128677120,1597988314420999936,2020-08-21 13:38:34.421000,52130.0,52280.0,51820.0,52160.0,nan,52027.201,93009,24194989500.0,119149,52130.0,20,52120.0,98,52140.0,45,52110.0,39,52150.0,72,52100.0,59,52160.0,38,52090.0,78,52170.0,30,52080.0,82
1597988314614707968,1597988314897000192,2020-08-21 13:38:34.897000,52120.0,52280.0,51820.0,52160.0,nan,52027.202,93010,24195250100.0,119149,52130.0,10,52120.0,97,52140.0,45,52110.0,39,52150.0,72,52100.0,59,52160.0,38,52090.0,78,52170.0,30,52080.0,82
1597988315111735040,1597988315403000064,2020-08-21 13:38:35.403000,52120.0,52280.0,51820.0,52160.0,nan,52027.202,93010,24195250100.0,119149,52130.0,10,52120.0,97,52140.0,45,52110.0,39,52150.0,62,52100.0,59,52160.0,38,52090.0,78,52170.0,30,52080.0,82
1597988315689609984,1597988315878000128,2020-08-21 13:38:35.878000,52120.0,52280.0,51820.0,52160.0,nan,52027.212,93020,24197856100.0,119149,52130.0,14,52120.0,87,52140.0,45,52110.0,39,52150.0,62,52100.0,59,52160.0,38,52090.0,78,52170.0,30,52080.0,82
1597988316128368128,1597988316420000000,2020-08-21 13:38:36.420000,52120.0,52280.0,51820.0,52160.0,nan,52027.213,93021,24198116700.0,119149,52130.0,29,52120.0,86,52140.0,45,52110.0,39,52150.0,62,52100.0,59,52160.0,38,52090.0,78,52170.0,30,52080.0,82
1597988316631780096,1597988316920999936,2020-08-21 13:38:36.921000,52120.0,52280.0,51820.0,52160.0,nan,52027.218,93026,24199419700.0,119154,52130.0,28,52120.0,80,52140.0,45,52110.0,39,52150.0,62,52100.0,59,52160.0,38,52090.0,78,52170.0,30,52080.0,82
1597988318165392896,1597988318714999808,2020-08-21 13:38:38.715000,52120.0,52280.0,51820.0,52160.0,nan,52027.218,93026,24199419700.0,119154,52130.0,28,52120.0,81,52140.0,45,52110.0,39,52150.0,62,52100.0,59,52160.0,38,52090.0,78,52170.0,30,52080.0,82
1597988319114467072,1597988319404000000,2020-08-21 13:38:39.404000,52120.0,52280.0,51820.0,52160.0,nan,52027.218,93026,24199419700.0,119154,52130.0,28,52120.0,83,52140.0,45,52110.0,39,52150.0,62,52100.0,59,52160.0,38,52090.0,78,52170.0,30,52080.0,82
1597988319627356928,1597988319927000064,2020-08-21 13:38:39.927000,52120.0,52280.0,51820.0,52160.0,nan,52027.218,93026,24199419700.0,119154,52130.0,31,52120.0,83,52140.0,45,52110.0,39,52150.0,61,52100.0,59,52160.0,38,52090.0,78,52170.0,30,52080.0,82
1597988320138190080,1597988320428999936,2020-08-21 13:38:40.429000,52120.0,52280.0,51820.0,52160.0,nan,52027.218,93026,24199419700.0,119154,52130.0,32,52120.0,83,52140.0,45,52110.0,39,52150.0,61,52100.0,59,52160.0,38,52090.0,78,52170.0,30,52080.0,82
1597988322117267968,1597988322426000128,2020-08-21 13:38:42.426000,52120.0,52280.0,51820.0,52160.0,nan,52027.218,93026,24199419700.0,119154,52130.0,35,52120.0,83,52140.0,45,52110.0,39,52150.0,61,52100.0,59,52160.0,38,52090.0,78,52170.0,30,52080.0,82
1597988322633816064,1597988322928999936,2020-08-21 13:38:42.929000,52120.0,52280.0,51820.0,52160.0,nan,52027.218,93026,24199419700.0,119154,52130.0,36,52120.0,83,52140.0,45,52110.0,39,52150.0,61,52100.0,59,52160.0,38,52090.0,78,52170.0,30,52080.0,82
1597988323129720064,1597988323428999936,2020-08-21 13:38:43.429000,52120.0,52280.0,51820.0,52160.0,nan,52027.219,93027,24199680300.0,119154,52130.0,36,52120.0,82,52140.0,45,52110.0,39,52150.0,61,52100.0,59,52160.0,38,52090.0,78,52170.0,30,52080.0,82
1597988324107440896,1597988324424999936,2020-08-21 13:38:44.425000,52130.0,52280.0,51820.0,52160.0,nan,52027.22,93028,24199940950.0,119155,52130.0,35,52120.0,82,52140.0,46,52110.0,39,52150.0,61,52100.0,59,52160.0,38,52090.0,78,52170.0,30,52080.0,82
1597988328250011904,1597988328431000064,2020-08-21 13:38:48.431000,52130.0,52280.0,51820.0,52160.0,nan,52027.22,93028,24199940950.0,119155,52130.0,34,52120.0,82,52140.0,46,52110.0,39,52150.0,61,52100.0,59,52160.0,38,52090.0,78,52170.0,30,52080.0,82
1597988328635270912,1597988328881999872,2020-08-21 13:38:48.882000,52130.0,52280.0,51820.0,52160.0,nan,52027.22,93028,24199940950.0,119155,52130.0,34,52120.0,83,52140.0,46,52110.0,39,52150.0,61,52100.0,59,52160.0,38,52090.0,78,52170.0,30,52080.0,82
1597988329255823104,1597988329400000000,2020-08-21 13:38:49.400000,52130.0,52280.0,51820.0,52160.0,nan,52027.22,93028,24199940950.0,119155,52130.0,34,52120.0,85,52140.0,46,52110.0,39,52150.0,61,52100.0,59,52160.0,38,52090.0,78,52170.0,30,52080.0,82
1597988329625711104,1597988329930000128,2020-08-21 13:38:49.930000,52130.0,52280.0,51820.0,52160.0,nan,52027.22,93028,24199940950.0,119155,52130.0,34,52120.0,85,52140.0,45,52110.0,39,52150.0,61,52100.0,59,52160.0,38,52090.0,78,52170.0,30,52080.0,82
1597988330147353088,1597988330434000128,2020-08-21 13:38:50.434000,52130.0,52280.0,51820.0,52160.0,nan,52027.22,93028,24199940950.0,119155,52130.0,35,52120.0,85,52140.0,45,52110.0,39,52150.0,61,52100.0,59,52160.0,38,52090.0,78,52170.0,30,52080.0,82
1597988332170629888,1597988332427000064,2020-08-21 13:38:52.427000,52130.0,52280.0,51820.0,52160.0,nan,52027.22,93028,24199940950.0,119155,52130.0,35,52120.0,85,52140.0,45,52110.0,39,52150.0,61,52100.0,59,52160.0,35,52090.0,78,52170.0,30,52080.0,82
1597988333143066112,1597988333436000000,2020-08-21 13:38:53.436000,52130.0,52280.0,51820.0,52160.0,nan,52027.221,93029,24200201600.0,119156,52130.0,34,52120.0,85,52140.0,46,52110.0,39,52150.0,61,52100.0,59,52160.0,35,52090.0,78,52170.0,30,52080.0,82
1597988333673807104,1597988333913000192,2020-08-21 13:38:53.913000,52130.0,52280.0,51820.0,52160.0,nan,52027.222,93030,24200462250.0,119156,52130.0,33,52120.0,85,52140.0,46,52110.0,39,52150.0,61,52100.0,59,52160.0,35,52090.0,78,52170.0,30,52080.0,82
1597988334146546944,1597988334436000000,2020-08-21 13:38:54.436000,52130.0,52280.0,51820.0,52160.0,nan,52027.222,93030,24200462250.0,119156,52130.0,33,52120.0,85,52140.0,46,52110.0,39,52150.0,60,52100.0,59,52160.0,35,52090.0,78,52170.0,30,52080.0,82
1597988334652503040,1597988334927000064,2020-08-21 13:38:54.927000,52130.0,52280.0,51820.0,52160.0,nan,52027.222,93030,24200462250.0,119156,52130.0,33,52120.0,85,52140.0,46,52110.0,41,52150.0,60,52100.0,59,52160.0,35,52090.0,78,52170.0,30,52080.0,82
1597988335153799936,1597988335376000000,2020-08-21 13:38:55.376000,52130.0,52280.0,51820.0,52160.0,nan,52027.224,93032,24200983550.0,119156,52130.0,31,52120.0,85,52140.0,46,52110.0,41,52150.0,60,52100.0,59,52160.0,35,52090.0,78,52170.0,30,52080.0,82
1597988336147956992,1597988336403000064,2020-08-21 13:38:56.403000,52130.0,52280.0,51820.0,52160.0,nan,52027.226,93034,24201504800.0,119156,52130.0,30,52120.0,84,52140.0,46,52110.0,41,52150.0,60,52100.0,59,52160.0,35,52090.0,78,52170.0,30,52080.0,82
1597988336613498880,1597988336936999936,2020-08-21 13:38:56.937000,52130.0,52280.0,51820.0,52160.0,nan,52027.226,93034,24201504800.0,119156,52130.0,32,52120.0,84,52140.0,46,52110.0,41,52150.0,60,52100.0,59,52160.0,35,52090.0,78,52170.0,30,52080.0,82
1597988337137438976,1597988337416999936,2020-08-21 13:38:57.417000,52130.0,52280.0,51820.0,52160.0,nan,52027.227,93035,24201765450.0,119157,52130.0,31,52120.0,84,52140.0,46,52110.0,41,52150.0,60,52100.0,59,52160.0,35,52090.0,78,52170.0,30,52080.0,82
1597988338137120000,1597988338428000000,2020-08-21 13:38:58.428000,52130.0,52280.0,51820.0,52160.0,nan,52027.228,93036,24202026100.0,119157,52130.0,30,52120.0,83,52140.0,46,52110.0,41,52150.0,60,52100.0,59,52160.0,35,52090.0,78,52170.0,30,52080.0,82
1597988338630310912,1597988338928999936,2020-08-21 13:38:58.929000,52130.0,52280.0,51820.0,52160.0,nan,52027.229,93037,24202286750.0,119157,52130.0,27,52120.0,84,52140.0,46,52110.0,41,52150.0,60,52100.0,59,52160.0,35,52090.0,78,52170.0,30,52080.0,82
1597988340632851968,1597988340924000000,2020-08-21 13:39:00.924000,52130.0,52280.0,51820.0,52160.0,nan,52027.252,93057,24207499750.0,119164,52130.0,7,52120.0,85,52140.0,46,52110.0,41,52150.0,60,52100.0,59,52160.0,35,52090.0,78,52170.0,30,52080.0,82
1597988341139804928,1597988341415000064,2020-08-21 13:39:01.415000,52130.0,52280.0,51820.0,52160.0,nan,52027.264,93068,24210366900.0,119156,52140.0,46,52130.0,6,52150.0,60,52120.0,85,52160.0,35,52110.0,41,52170.0,30,52100.0,59,52180.0,25,52090.0,78
1597988341655930880,1597988341936999936,2020-08-21 13:39:01.937000,52130.0,52280.0,51820.0,52160.0,nan,52027.264,93068,24210366900.0,119156,52140.0,49,52130.0,21,52150.0,60,52120.0,83,52160.0,36,52110.0,41,52170.0,30,52100.0,59,52180.0,25,52090.0,78
1597988342165466112,1597988342410000128,2020-08-21 13:39:02.410000,52130.0,52280.0,51820.0,52160.0,nan,52027.264,93068,24210366900.0,119156,52140.0,48,52130.0,28,52150.0,60,52120.0,83,52160.0,36,52110.0,41,52170.0,30,52100.0,59,52180.0,24,52090.0,78
1597988342722614016,1597988342924999936,2020-08-21 13:39:02.925000,52130.0,52280.0,51820.0,52160.0,nan,52027.264,93068,24210366900.0,119156,52140.0,48,52130.0,30,52150.0,59,52120.0,83,52160.0,36,52110.0,41,52170.0,31,52100.0,58,52180.0,24,52090.0,78
1597988343137616896,1597988343435000064,2020-08-21 13:39:03.435000,52130.0,52280.0,51820.0,52160.0,nan,52027.264,93068,24210366900.0,119156,52140.0,47,52130.0,30,52150.0,59,52120.0,83,52160.0,36,52110.0,41,52170.0,31,52100.0,58,52180.0,24,52090.0,78
1597988344135865088,1597988344374000128,2020-08-21 13:39:04.374000,52130.0,52280.0,51820.0,52160.0,nan,52027.264,93068,24210366900.0,119156,52140.0,47,52130.0,31,52150.0,59,52120.0,83,52160.0,36,52110.0,41,52170.0,31,52100.0,58,52180.0,24,52090.0,78
1597988344618277888,1597988344918999808,2020-08-21 13:39:04.919000,52130.0,52280.0,51820.0,52160.0,nan,52027.265,93069,24210627550.0,119155,52140.0,47,52130.0,30,52150.0,59,52120.0,83,52160.0,36,52110.0,41,52170.0,31,52100.0,58,52180.0,24,52090.0,78
1597988345139091968,1597988345416999936,2020-08-21 13:39:05.417000,52130.0,52280.0,51820.0,52160.0,nan,52027.265,93069,24210627550.0,119155,52140.0,47,52130.0,22,52150.0,59,52120.0,82,52160.0,36,52110.0,41,52170.0,31,52100.0,58,52180.0,24,52090.0,78
1597988345639012096,1597988345923000064,2020-08-21 13:39:05.923000,52130.0,52280.0,51820.0,52160.0,nan,52027.268,93072,24211409550.0,119156,52140.0,46,52130.0,20,52150.0,59,52120.0,82,52160.0,36,52110.0,41,52170.0,31,52100.0,58,52180.0,24,52090.0,78
1597988346154630912,1597988346420999936,2020-08-21 13:39:06.421000,52130.0,52280.0,51820.0,52160.0,nan,52027.268,93072,24211409550.0,119156,52140.0,48,52130.0,20,52150.0,59,52120.0,82,52160.0,36,52110.0,41,52170.0,31,52100.0,58,52180.0,24,52090.0,78
1597988346646738944,1597988346920000000,2020-08-21 13:39:06.920000,52130.0,52280.0,51820.0,52160.0,nan,52027.288,93090,24216101250.0,119153,52140.0,49,52120.0,83,52150.0,59,52110.0,41,52160.0,36,52100.0,58,52170.0,31,52090.0,78,52180.0,24,52080.0,82
1597988347375408896,1597988347420999936,2020-08-21 13:39:07.421000,52130.0,52280.0,51820.0,52160.0,nan,52027.288,93090,24216101250.0,119153,52130.0,4,52120.0,84,52140.0,52,52110.0,41,52150.0,59,52100.0,57,52160.0,36,52090.0,79,52170.0,31,52080.0,82
1597988347645427968,1597988347923000064,2020-08-21 13:39:07.923000,52130.0,52280.0,51820.0,52160.0,nan,52027.289,93091,24216361900.0,119152,52130.0,23,52120.0,80,52140.0,50,52110.0,41,52150.0,59,52100.0,57,52160.0,36,52090.0,79,52170.0,31,52080.0,82
1597988348637317888,1597988348932000000,2020-08-21 13:39:08.932000,52130.0,52280.0,51820.0,52160.0,nan,52027.289,93091,24216361900.0,119152,52130.0,24,52120.0,80,52140.0,50,52110.0,41,52150.0,59,52100.0,57,52160.0,36,52090.0,79,52170.0,31,52080.0,82
1597988350112512000,1597988350412000000,2020-08-21 13:39:10.412000,52130.0,52280.0,51820.0,52160.0,nan,52027.29,93092,24216622550.0,119152,52130.0,23,52120.0,84,52140.0,50,52110.0,41,52150.0,59,52100.0,57,52160.0,36,52090.0,79,52170.0,31,52080.0,82
1597988350657062912,1597988350888000000,2020-08-21 13:39:10.888000,52130.0,52280.0,51820.0,52160.0,nan,52027.29,93092,24216622550.0,119152,52130.0,23,52120.0,84,52140.0,48,52110.0,41,52150.0,59,52100.0,57,52160.0,36,52090.0,79,52170.0,31,52080.0,82
1597988351117669120,1597988351423000064,2020-08-21 13:39:11.423000,52130.0,52280.0,51820.0,52160.0,nan,52027.29,93092,24216622550.0,119152,52130.0,23,52120.0,90,52140.0,48,52110.0,41,52150.0,59,52100.0,57,52160.0,36,52090.0,79,52170.0,31,52080.0,82
1597988352123766016,1597988352436999936,2020-08-21 13:39:12.437000,52130.0,52280.0,51820.0,52160.0,nan,52027.291,93093,24216883200.0,119151,52130.0,22,52120.0,90,52140.0,48,52110.0,41,52150.0,59,52100.0,57,52160.0,36,52090.0,79,52170.0,31,52080.0,82
1597988352683491072,1597988352927000064,2020-08-21 13:39:12.927000,52130.0,52280.0,51820.0,52160.0,nan,52027.312,93112,24221835550.0,119152,52140.0,48,52130.0,3,52150.0,59,52120.0,91,52160.0,36,52110.0,41,52170.0,31,52100.0,57,52180.0,23,52090.0,79
1597988353174070016,1597988353404999936,2020-08-21 13:39:13.405000,52130.0,52280.0,51820.0,52160.0,nan,52027.315,93114,24222356850.0,119150,52140.0,52,52130.0,13,52150.0,61,52120.0,89,52160.0,36,52110.0,41,52170.0,31,52100.0,57,52180.0,23,52090.0,79
1597988353607952896,1597988353924999936,2020-08-21 13:39:13.925000,52130.0,52280.0,51820.0,52160.0,nan,52027.315,93114,24222356850.0,119150,52140.0,49,52130.0,14,52150.0,59,52120.0,89,52160.0,36,52110.0,41,52170.0,31,52100.0,57,52180.0,23,52090.0,79
1597988354128563968,1597988354382999808,2020-08-21 13:39:14.383000,52130.0,52280.0,51820.0,52160.0,nan,52027.315,93114,24222356850.0,119150,52140.0,48,52130.0,16,52150.0,59,52120.0,91,52160.0,36,52110.0,41,52170.0,31,52100.0,57,52180.0,23,52090.0,79
1597988354633480960,1597988354903000064,2020-08-21 13:39:14.903000,52130.0,52280.0,51820.0,52160.0,nan,52027.315,93114,24222356850.0,119150,52140.0,47,52130.0,16,52150.0,59,52120.0,91,52160.0,36,52110.0,41,52170.0,31,52100.0,57,52180.0,23,52090.0,79
1597988356123624960,1597988356436000000,2020-08-21 13:39:16.436000,52130.0,52280.0,51820.0,52160.0,nan,52027.332,93130,24226527250.0,119165,52130.0,13,52120.0,91,52140.0,48,52110.0,41,52150.0,59,52100.0,57,52160.0,36,52090.0,79,52170.0,31,52080.0,82
1597988356610369024,1597988356924999936,2020-08-21 13:39:16.925000,52130.0,52280.0,51820.0,52160.0,nan,52027.332,93130,24226527250.0,119165,52130.0,13,52120.0,97,52140.0,48,52110.0,41,52150.0,59,52100.0,57,52160.0,36,52090.0,79,52170.0,31,52080.0,82
1597988357115094016,1597988357430000128,2020-08-21 13:39:17.430000,52130.0,52280.0,51820.0,52160.0,nan,52027.333,93131,24226787900.0,119165,52130.0,12,52120.0,91,52140.0,48,52110.0,41,52150.0,59,52100.0,57,52160.0,36,52090.0,79,52170.0,31,52080.0,82
1597988357629732096,1597988357931000064,2020-08-21 13:39:17.931000,52130.0,52280.0,51820.0,52160.0,nan,52027.333,93131,24226787900.0,119165,52130.0,13,52120.0,90,52140.0,48,52110.0,41,52150.0,59,52100.0,57,52160.0,36,52090.0,79,52170.0,31,52080.0,82
1597988358629335040,1597988358920000000,2020-08-21 13:39:18.920000,52130.0,52280.0,51820.0,52160.0,nan,52027.333,93131,24226787900.0,119165,52130.0,14,52120.0,90,52140.0,48,52110.0,41,52150.0,59,52100.0,57,52160.0,36,52090.0,79,52170.0,31,52080.0,82
1597988359617259008,1597988359923000064,2020-08-21 13:39:19.923000,52130.0,52280.0,51820.0,52160.0,nan,52027.333,93131,24226787900.0,119165,52130.0,17,52120.0,90,52140.0,48,52110.0,41,52150.0,59,52100.0,57,52160.0,36,52090.0,79,52170.0,31,52080.0,82
1597988360123283968,1597988360408999936,2020-08-21 13:39:20.409000,52130.0,52280.0,51820.0,52160.0,nan,52027.333,93131,24226787900.0,119165,52130.0,17,52120.0,91,52140.0,48,52110.0,41,52150.0,59,52100.0,57,52160.0,36,52090.0,79,52170.0,31,52080.0,82
1597988361127245056,1597988361430000128,2020-08-21 13:39:21.430000,52130.0,52280.0,51820.0,52160.0,nan,52027.333,93131,24226787900.0,119165,52130.0,22,52120.0,91,52140.0,48,52110.0,41,52150.0,59,52100.0,57,52160.0,36,52090.0,79,52170.0,30,52080.0,82
1597988362668579072,1597988362903000064,2020-08-21 13:39:22.903000,52130.0,52280.0,51820.0,52160.0,nan,52027.333,93131,24226787900.0,119165,52130.0,22,52120.0,92,52140.0,48,52110.0,41,52150.0,59,52100.0,57,52160.0,36,52090.0,79,52170.0,30,52080.0,82
1597988366144962048,1597988366421999872,2020-08-21 13:39:26.422000,52130.0,52280.0,51820.0,52160.0,nan,52027.333,93131,24226787900.0,119165,52130.0,22,52120.0,92,52140.0,47,52110.0,41,52150.0,59,52100.0,57,52160.0,36,52090.0,79,52170.0,30,52080.0,82
1597988366650665984,1597988366920000000,2020-08-21 13:39:26.920000,52130.0,52280.0,51820.0,52160.0,nan,52027.334,93132,24227048550.0,119166,52130.0,21,52120.0,92,52140.0,47,52110.0,41,52150.0,59,52100.0,57,52160.0,36,52090.0,79,52170.0,30,52080.0,82
1597988369116727040,1597988369394000128,2020-08-21 13:39:29.394000,52130.0,52280.0,51820.0,52160.0,nan,52027.334,93132,24227048550.0,119166,52130.0,22,52120.0,92,52140.0,47,52110.0,41,52150.0,59,52100.0,57,52160.0,36,52090.0,79,52170.0,30,52080.0,82
1597988372129118976,1597988372426000128,2020-08-21 13:39:32.426000,52130.0,52280.0,51820.0,52160.0,nan,52027.334,93132,24227048550.0,119166,52130.0,32,52120.0,92,52140.0,47,52110.0,41,52150.0,59,52100.0,57,52160.0,36,52090.0,79,52170.0,30,52080.0,82
1597988373131802880,1597988373426000128,2020-08-21 13:39:33.426000,52130.0,52280.0,51820.0,52160.0,nan,52027.336,93133,24227309200.0,119167,52130.0,31,52120.0,92,52140.0,47,52110.0,41,52150.0,59,52100.0,57,52160.0,36,52090.0,79,52170.0,30,52080.0,82
1597988374690419968,1597988374936999936,2020-08-21 13:39:34.937000,52130.0,52280.0,51820.0,52160.0,nan,52027.336,93133,24227309200.0,119167,52130.0,36,52120.0,92,52140.0,47,52110.0,39,52150.0,59,52100.0,57,52160.0,36,52090.0,79,52170.0,30,52080.0,82
1597988375130035968,1597988375430000128,2020-08-21 13:39:35.430000,52130.0,52280.0,51820.0,52160.0,nan,52027.336,93133,24227309200.0,119167,52130.0,36,52120.0,93,52140.0,47,52110.0,39,52150.0,60,52100.0,59,52160.0,36,52090.0,79,52170.0,30,52080.0,82
1597988375628964096,1597988375897000192,2020-08-21 13:39:35.897000,52120.0,52280.0,51820.0,52160.0,nan,52027.429,93227,24251805600.0,119162,52130.0,36,52110.0,39,52140.0,47,52100.0,60,52150.0,60,52090.0,79,52160.0,36,52080.0,82,52170.0,30,52070.0,6
1597988376107780096,1597988376411000064,2020-08-21 13:39:36.411000,52120.0,52280.0,51820.0,52160.0,nan,52027.429,93227,24251805600.0,119162,52120.0,10,52110.0,34,52130.0,44,52100.0,56,52140.0,51,52090.0,83,52150.0,60,52080.0,83,52160.0,36,52070.0,7
1597988376643010048,1597988376935000064,2020-08-21 13:39:36.935000,52120.0,52280.0,51820.0,52160.0,nan,52027.429,93227,24251805600.0,119162,52120.0,26,52110.0,32,52130.0,42,52100.0,56,52140.0,53,52090.0,83,52150.0,61,52080.0,83,52160.0,36,52070.0,7
1597988377127651072,1597988377420999936,2020-08-21 13:39:37.421000,52120.0,52280.0,51820.0,52160.0,nan,52027.429,93227,24251805600.0,119162,52120.0,34,52110.0,32,52130.0,42,52100.0,56,52140.0,53,52090.0,83,52150.0,60,52080.0,83,52160.0,36,52070.0,7
1597988377625509120,1597988377936000000,2020-08-21 13:39:37.936000,52120.0,52280.0,51820.0,52160.0,nan,52027.429,93227,24251805600.0,119162,52120.0,34,52110.0,32,52130.0,43,52100.0,56,52140.0,53,52090.0,83,52150.0,60,52080.0,85,52160.0,36,52070.0,7
1597988379115030016,1597988379394000128,2020-08-21 13:39:39.394000,52120.0,52280.0,51820.0,52160.0,nan,52027.429,93227,24251805600.0,119162,52120.0,34,52110.0,32,52130.0,41,52100.0,56,52140.0,51,52090.0,83,52150.0,60,52080.0,85,52160.0,36,52070.0,7
1597988379618648064,1597988379928000000,2020-08-21 13:39:39.928000,52120.0,52280.0,51820.0,52160.0,nan,52027.429,93227,24251805600.0,119162,52120.0,34,52110.0,34,52130.0,41,52100.0,56,52140.0,50,52090.0,83,52150.0,60,52080.0,85,52160.0,36,52070.0,7
1597988380128002048,1597988380382999808,2020-08-21 13:39:40.383000,52120.0,52280.0,51820.0,52160.0,nan,52027.429,93227,24251805600.0,119162,52120.0,35,52110.0,32,52130.0,41,52100.0,56,52140.0,50,52090.0,83,52150.0,60,52080.0,85,52160.0,36,52070.0,7
1597988381147105024,1597988381404000000,2020-08-21 13:39:41.404000,52120.0,52280.0,51820.0,52160.0,nan,52027.429,93227,24251805600.0,119162,52120.0,30,52110.0,33,52130.0,41,52100.0,56,52140.0,50,52090.0,83,52150.0,60,52080.0,85,52160.0,36,52070.0,7
1597988381620545024,1597988381904999936,2020-08-21 13:39:41.905000,52120.0,52280.0,51820.0,52160.0,nan,52027.429,93227,24251805600.0,119162,52120.0,26,52110.0,34,52130.0,41,52100.0,56,52140.0,50,52090.0,83,52150.0,60,52080.0,85,52160.0,36,52070.0,7
1597988383118555904,1597988383423000064,2020-08-21 13:39:43.423000,52120.0,52280.0,51820.0,52160.0,nan,52027.429,93227,24251805600.0,119162,52120.0,26,52110.0,32,52130.0,41,52100.0,56,52140.0,50,52090.0,83,52150.0,60,52080.0,85,52160.0,36,52070.0,7
1597988384618075904,1597988384924000000,2020-08-21 13:39:44.924000,52120.0,52280.0,51820.0,52160.0,nan,52027.429,93227,24251805600.0,119162,52120.0,26,52110.0,32,52130.0,41,52100.0,56,52140.0,49,52090.0,83,52150.0,60,52080.0,85,52160.0,36,52070.0,7
1597988385136879104,1597988385400999936,2020-08-21 13:39:45.401000,52120.0,52280.0,51820.0,52160.0,nan,52027.429,93227,24251805600.0,119162,52120.0,26,52110.0,34,52130.0,44,52100.0,56,52140.0,46,52090.0,83,52150.0,60,52080.0,85,52160.0,36,52070.0,7
1597988386623072000,1597988386927000064,2020-08-21 13:39:46.927000,52120.0,52280.0,51820.0,52160.0,nan,52027.429,93227,24251805600.0,119162,52120.0,26,52110.0,34,52130.0,44,52100.0,56,52140.0,46,52090.0,83,52150.0,60,52080.0,85,52160.0,34,52070.0,7
1597988387138322944,1597988387426000128,2020-08-21 13:39:47.426000,52120.0,52280.0,51820.0,52160.0,nan,52027.429,93227,24251805600.0,119162,52120.0,26,52110.0,35,52130.0,42,52100.0,56,52140.0,46,52090.0,83,52150.0,60,52080.0,85,52160.0,34,52070.0,7
1597988387631700992,1597988387872000000,2020-08-21 13:39:47.872000,52110.0,52280.0,51820.0,52160.0,nan,52027.43,93228,24252066150.0,119161,52120.0,26,52110.0,34,52130.0,42,52100.0,56,52140.0,46,52090.0,83,52150.0,60,52080.0,85,52160.0,34,52070.0,7
1597988392118557952,1597988392435000064,2020-08-21 13:39:52.435000,52110.0,52280.0,51820.0,52160.0,nan,52027.43,93228,24252066150.0,119161,52120.0,26,52110.0,34,52130.0,42,52100.0,57,52140.0,46,52090.0,83,52150.0,60,52080.0,85,52160.0,34,52070.0,7
1597988392615058944,1597988392937999872,2020-08-21 13:39:52.938000,52110.0,52280.0,51820.0,52160.0,nan,52027.43,93228,24252066150.0,119161,52120.0,26,52110.0,35,52130.0,42,52100.0,57,52140.0,46,52090.0,83,52150.0,60,52080.0,85,52160.0,34,52070.0,7
1597988393609338112,1597988393904999936,2020-08-21 13:39:53.905000,52120.0,52280.0,51820.0,52160.0,nan,52027.434,93232,24253108550.0,119160,52120.0,22,52110.0,35,52130.0,42,52100.0,57,52140.0,46,52090.0,83,52150.0,65,52080.0,85,52160.0,34,52070.0,7
1597988394115218944,1597988394424999936,2020-08-21 13:39:54.425000,52120.0,52280.0,51820.0,52160.0,nan,52027.434,93232,24253108550.0,119160,52120.0,27,52110.0,35,52130.0,42,52100.0,57,52140.0,46,52090.0,83,52150.0,65,52080.0,85,52160.0,34,52070.0,7
1597988394621436928,1597988394903000064,2020-08-21 13:39:54.903000,52120.0,52280.0,51820.0,52160.0,nan,52027.434,93232,24253108550.0,119160,52120.0,27,52110.0,35,52130.0,42,52100.0,57,52140.0,46,52090.0,83,52150.0,64,52080.0,85,52160.0,34,52070.0,7
1597988396682075904,1597988396937999872,2020-08-21 13:39:56.938000,52120.0,52280.0,51820.0,52160.0,nan,52027.434,93232,24253108550.0,119160,52120.0,28,52110.0,35,52130.0,42,52100.0,57,52140.0,46,52090.0,83,52150.0,64,52080.0,85,52160.0,34,52070.0,7
1597988397116414976,1597988397437999872,2020-08-21 13:39:57.438000,52120.0,52280.0,51820.0,52160.0,nan,52027.434,93232,24253108550.0,119160,52120.0,28,52110.0,35,52130.0,42,52100.0,56,52140.0,46,52090.0,83,52150.0,64,52080.0,85,52160.0,34,52070.0,7
1597988397622636032,1597988397901999872,2020-08-21 13:39:57.902000,52110.0,52280.0,51820.0,52160.0,nan,52027.435,93233,24253369100.0,119160,52120.0,28,52110.0,34,52130.0,42,52100.0,56,52140.0,45,52090.0,83,52150.0,64,52080.0,85,52160.0,34,52070.0,7
1597988398629157888,1597988398860999936,2020-08-21 13:39:58.861000,52110.0,52280.0,51820.0,52160.0,nan,52027.436,93234,24253629650.0,119160,52120.0,28,52110.0,33,52130.0,42,52100.0,56,52140.0,45,52090.0,83,52150.0,64,52080.0,85,52160.0,34,52070.0,7
1597988399128109056,1597988399408999936,2020-08-21 13:39:59.409000,52110.0,52280.0,51820.0,52160.0,nan,52027.436,93234,24253629650.0,119160,52120.0,29,52110.0,33,52130.0,42,52100.0,56,52140.0,45,52090.0,83,52150.0,64,52080.0,85,52160.0,34,52070.0,7
1597988399609999872,1597988399924999936,2020-08-21 13:39:59.925000,52110.0,52280.0,51820.0,52160.0,nan,52027.436,93235,24253890200.0,119160,52120.0,29,52110.0,32,52130.0,42,52100.0,56,52140.0,45,52090.0,83,52150.0,64,52080.0,85,52160.0,34,52070.0,7
1597988400139035904,1597988400420999936,2020-08-21 13:40:00.421000,52120.0,52280.0,51820.0,52160.0,nan,52027.437,93236,24254150800.0,119161,52120.0,21,52110.0,32,52130.0,42,52100.0,56,52140.0,45,52090.0,83,52150.0,64,52080.0,85,52160.0,34,52070.0,7
1597988400620923904,1597988400937999872,2020-08-21 13:40:00.938000,52120.0,52280.0,51820.0,52160.0,nan,52027.437,93236,24254150800.0,119161,52120.0,26,52110.0,32,52130.0,42,52100.0,56,52140.0,45,52090.0,83,52150.0,64,52080.0,85,52160.0,34,52070.0,7
1597988403115958016,1597988403432000000,2020-08-21 13:40:03.432000,52110.0,52280.0,51820.0,52160.0,nan,52027.438,93237,24254411350.0,119161,52120.0,26,52110.0,27,52130.0,43,52100.0,56,52140.0,45,52090.0,83,52150.0,64,52080.0,85,52160.0,34,52070.0,9
1597988403630560000,1597988403924000000,2020-08-21 13:40:03.924000,52110.0,52280.0,51820.0,52160.0,nan,52027.438,93237,24254411350.0,119161,52120.0,26,52110.0,17,52130.0,43,52100.0,56,52140.0,45,52090.0,83,52150.0,64,52080.0,85,52160.0,34,52070.0,9
1597988404166256896,1597988404411000064,2020-08-21 13:40:04.411000,52110.0,52280.0,51820.0,52160.0,nan,52027.438,93237,24254411350.0,119161,52120.0,26,52110.0,16,52130.0,43,52100.0,56,52140.0,45,52090.0,84,52150.0,64,52080.0,85,52160.0,34,52070.0,9
1597988404626348032,1597988404903000064,2020-08-21 13:40:04.903000,52110.0,52280.0,51820.0,52160.0,nan,52027.439,93238,24254671900.0,119162,52120.0,26,52110.0,15,52130.0,43,52100.0,56,52140.0,45,52090.0,84,52150.0,64,52080.0,85,52160.0,34,52070.0,9
1597988407277704960,1597988407437999872,2020-08-21 13:40:07.438000,52110.0,52280.0,51820.0,52160.0,nan,52027.439,93238,24254671900.0,119162,52120.0,26,52110.0,16,52130.0,43,52100.0,56,52140.0,45,52090.0,84,52150.0,64,52080.0,85,52160.0,34,52070.0,9
1597988407634330112,1597988407897000192,2020-08-21 13:40:07.897000,52110.0,52280.0,51820.0,52160.0,nan,52027.439,93238,24254671900.0,119162,52120.0,26,52110.0,19,52130.0,43,52100.0,56,52140.0,45,52090.0,84,52150.0,64,52080.0,85,52160.0,34,52070.0,9
1597988408151700992,1597988408431000064,2020-08-21 13:40:08.431000,52110.0,52280.0,51820.0,52160.0,nan,52027.439,93238,24254671900.0,119162,52120.0,26,52110.0,18,52130.0,43,52100.0,56,52140.0,45,52090.0,84,52150.0,64,52080.0,85,52160.0,34,52070.0,9
1597988408627842048,1597988408918999808,2020-08-21 13:40:08.919000,52110.0,52280.0,51820.0,52160.0,nan,52027.439,93238,24254671900.0,119162,52120.0,26,52110.0,23,52130.0,43,52100.0,56,52140.0,44,52090.0,84,52150.0,64,52080.0,85,52160.0,34,52070.0,9
1597988409129327104,1597988409415000064,2020-08-21 13:40:09.415000,52110.0,52280.0,51820.0,52160.0,nan,52027.439,93238,24254671900.0,119162,52120.0,27,52110.0,23,52130.0,43,52100.0,56,52140.0,44,52090.0,84,52150.0,64,52080.0,85,52160.0,34,52070.0,9
1597988409629306112,1597988409904999936,2020-08-21 13:40:09.905000,52110.0,52280.0,51820.0,52160.0,nan,52027.445,93245,24256495750.0,119158,52120.0,27,52110.0,16,52130.0,43,52100.0,56,52140.0,44,52090.0,84,52150.0,64,52080.0,85,52160.0,34,52070.0,9
1597988410635282944,1597988410931000064,2020-08-21 13:40:10.931000,52110.0,52280.0,51820.0,52160.0,nan,52027.445,93245,24256495750.0,119158,52120.0,27,52110.0,17,52130.0,43,52100.0,56,52140.0,44,52090.0,84,52150.0,64,52080.0,85,52160.0,34,52070.0,9
1597988412116899072,1597988412411000064,2020-08-21 13:40:12.411000,52120.0,52280.0,51820.0,52160.0,nan,52027.446,93246,24256756350.0,119159,52120.0,26,52110.0,17,52130.0,43,52100.0,56,52140.0,44,52090.0,84,52150.0,64,52080.0,85,52160.0,34,52070.0,9
1597988412661001984,1597988412930000128,2020-08-21 13:40:12.930000,52120.0,52280.0,51820.0,52160.0,nan,52027.446,93246,24256756350.0,119159,52120.0,26,52110.0,24,52130.0,43,52100.0,56,52140.0,44,52090.0,84,52150.0,64,52080.0,85,52160.0,34,52070.0,9
1597988413126604032,1597988413426000128,2020-08-21 13:40:13.426000,52120.0,52280.0,51820.0,52160.0,nan,52027.446,93246,24256756350.0,119159,52120.0,26,52110.0,17,52130.0,43,52100.0,56,52140.0,44,52090.0,84,52150.0,64,52080.0,85,52160.0,34,52070.0,9
1597988413669056000,1597988413916000000,2020-08-21 13:40:13.916000,52120.0,52280.0,51820.0,52160.0,nan,52027.446,93246,24256756350.0,119159,52120.0,46,52110.0,24,52130.0,43,52100.0,56,52140.0,44,52090.0,84,52150.0,64,52080.0,85,52160.0,34,52070.0,9
1597988414126084096,1597988414356000000,2020-08-21 13:40:14.356000,52120.0,52280.0,51820.0,52160.0,nan,52027.446,93246,24256756350.0,119159,52120.0,46,52110.0,17,52130.0,43,52100.0,56,52140.0,44,52090.0,84,52150.0,64,52080.0,85,52160.0,34,52070.0,9
1597988414630708992,1597988414920999936,2020-08-21 13:40:14.921000,52120.0,52280.0,51820.0,52160.0,nan,52027.446,93246,24256756350.0,119159,52120.0,46,52110.0,17,52130.0,45,52100.0,56,52140.0,44,52090.0,84,52150.0,64,52080.0,85,52160.0,34,52070.0,9
1597988415689776896,1597988415935000064,2020-08-21 13:40:15.935000,52110.0,52280.0,51820.0,52160.0,nan,52027.455,93256,24259361850.0,119163,52120.0,46,52110.0,7,52130.0,45,52100.0,56,52140.0,44,52090.0,84,52150.0,64,52080.0,85,52160.0,34,52070.0,9
1597988416138215936,1597988416325999872,2020-08-21 13:40:16.326000,52110.0,52280.0,51820.0,52160.0,nan,52027.456,93257,24259622400.0,119163,52120.0,47,52110.0,12,52130.0,45,52100.0,56,52140.0,44,52090.0,84,52150.0,64,52080.0,85,52160.0,34,52070.0,9
1597988416608551936,1597988416935000064,2020-08-21 13:40:16.935000,52110.0,52280.0,51820.0,52160.0,nan,52027.463,93265,24261706800.0,119164,52120.0,46,52110.0,1,52130.0,45,52100.0,56,52140.0,44,52090.0,84,52150.0,64,52080.0,85,52160.0,34,52070.0,9
1597988417149399040,1597988417744000000,2020-08-21 13:40:17.744000,52110.0,52280.0,51820.0,52160.0,nan,52027.464,93266,24261967350.0,119165,52110.0,7,52100.0,55,52120.0,48,52090.0,84,52130.0,45,52080.0,86,52140.0,44,52070.0,9,52150.0,64,52060.0,133
1597988417623259904,1597988417892999936,2020-08-21 13:40:17.893000,52110.0,52280.0,51820.0,52160.0,nan,52027.469,93272,24263530650.0,119162,52110.0,32,52100.0,56,52120.0,47,52090.0,86,52130.0,47,52080.0,87,52140.0,44,52070.0,11,52150.0,64,52060.0,133
1597988418113305088,1597988418427000064,2020-08-21 13:40:18.427000,52110.0,52280.0,51820.0,52160.0,nan,52027.469,93272,24263530650.0,119162,52110.0,39,52100.0,37,52120.0,47,52090.0,84,52130.0,47,52080.0,89,52140.0,43,52070.0,13,52150.0,65,52060.0,133
1597988418631912960,1597988418931000064,2020-08-21 13:40:18.931000,52100.0,52280.0,51820.0,52160.0,nan,52027.471,93274,24264051650.0,119160,52110.0,39,52100.0,34,52120.0,50,52090.0,84,52130.0,47,52080.0,89,52140.0,43,52070.0,13,52150.0,65,52060.0,133
1597988419138304000,1597988419430000128,2020-08-21 13:40:19.430000,52100.0,52280.0,51820.0,52160.0,nan,52027.472,93275,24264312150.0,119159,52110.0,39,52100.0,33,52120.0,50,52090.0,84,52130.0,47,52080.0,89,52140.0,43,52070.0,13,52150.0,65,52060.0,133
1597988421617981952,1597988421928000000,2020-08-21 13:40:21.928000,52110.0,52280.0,51820.0,52160.0,nan,52027.473,93276,24264572700.0,119159,52110.0,38,52100.0,33,52120.0,50,52090.0,84,52130.0,47,52080.0,89,52140.0,43,52070.0,13,52150.0,65,52060.0,133
1597988422101616128,1597988422401999872,2020-08-21 13:40:22.402000,52110.0,52280.0,51820.0,52160.0,nan,52027.473,93276,24264572700.0,119159,52110.0,37,52100.0,33,52120.0,50,52090.0,84,52130.0,47,52080.0,89,52140.0,43,52070.0,13,52150.0,65,52060.0,133
1597988422648392960,1597988422921999872,2020-08-21 13:40:22.922000,52100.0,52280.0,51820.0,52160.0,nan,52027.475,93279,24265354200.0,119156,52110.0,40,52100.0,39,52120.0,50,52090.0,84,52130.0,44,52080.0,89,52140.0,43,52070.0,13,52150.0,66,52060.0,133
1597988423125027072,1597988423430000128,2020-08-21 13:40:23.430000,52100.0,52280.0,51820.0,52160.0,nan,52027.475,93279,24265354200.0,119156,52110.0,40,52100.0,39,52120.0,50,52090.0,84,52130.0,49,52080.0,89,52140.0,43,52070.0,13,52150.0,66,52060.0,133
1597988423615557888,1597988423857000192,2020-08-21 13:40:23.857000,52100.0,52280.0,51820.0,52160.0,nan,52027.476,93280,24265614700.0,119156,52110.0,34,52100.0,41,52120.0,50,52090.0,84,52130.0,49,52080.0,89,52140.0,43,52070.0,13,52150.0,66,52060.0,133
1597988425118365952,1597988425424999936,2020-08-21 13:40:25.425000,52100.0,52280.0,51820.0,52160.0,nan,52027.476,93280,24265614700.0,119156,52110.0,18,52100.0,41,52120.0,50,52090.0,84,52130.0,49,52080.0,89,52140.0,43,52070.0,13,52150.0,66,52060.0,133
1597988425623320064,1597988425930000128,2020-08-21 13:40:25.930000,52100.0,52280.0,51820.0,52160.0,nan,52027.476,93280,24265614700.0,119156,52110.0,21,52100.0,42,52120.0,50,52090.0,85,52130.0,49,52080.0,89,52140.0,43,52070.0,13,52150.0,66,52060.0,133
1597988426148037120,1597988426431000064,2020-08-21 13:40:26.431000,52100.0,52280.0,51820.0,52160.0,nan,52027.476,93280,24265614700.0,119156,52110.0,21,52100.0,52,52120.0,50,52090.0,85,52130.0,49,52080.0,39,52140.0,43,52070.0,63,52150.0,66,52060.0,133
1597988426845208064,1597988426934000128,2020-08-21 13:40:26.934000,52100.0,52280.0,51820.0,52160.0,nan,52027.476,93280,24265614700.0,119156,52110.0,21,52100.0,52,52120.0,50,52090.0,85,52130.0,49,52080.0,39,52140.0,43,52070.0,64,52150.0,66,52060.0,133
1597988427165606912,1597988427434000128,2020-08-21 13:40:27.434000,52100.0,52280.0,51820.0,52160.0,nan,52027.476,93280,24265614700.0,119156,52110.0,21,52100.0,51,52120.0,50,52090.0,85,52130.0,49,52080.0,39,52140.0,43,52070.0,64,52150.0,66,52060.0,133
1597988429125950976,1597988429424999936,2020-08-21 13:40:29.425000,52110.0,52280.0,51820.0,52160.0,nan,52027.478,93282,24266135800.0,119157,52110.0,19,52100.0,51,52120.0,50,52090.0,85,52130.0,49,52080.0,39,52140.0,44,52070.0,64,52150.0,66,52060.0,133
1597988430121698048,1597988430434000128,2020-08-21 13:40:30.434000,52110.0,52280.0,51820.0,52160.0,nan,52027.478,93282,24266135800.0,119157,52110.0,19,52100.0,52,52120.0,50,52090.0,85,52130.0,49,52080.0,39,52140.0,44,52070.0,64,52150.0,66,52060.0,133
1597988431114353920,1597988431431000064,2020-08-21 13:40:31.431000,52110.0,52280.0,51820.0,52160.0,nan,52027.478,93282,24266135800.0,119157,52110.0,22,52100.0,52,52120.0,50,52090.0,85,52130.0,49,52080.0,39,52140.0,44,52070.0,64,52150.0,66,52060.0,133
1597988431635204096,1597988431912000000,2020-08-21 13:40:31.912000,52110.0,52280.0,51820.0,52160.0,nan,52027.478,93282,24266135800.0,119157,52110.0,19,52100.0,52,52120.0,63,52090.0,85,52130.0,49,52080.0,39,52140.0,54,52070.0,64,52150.0,66,52060.0,133
1597988432128471040,1597988432428000000,2020-08-21 13:40:32.428000,52100.0,52280.0,51820.0,52160.0,nan,52027.478,93283,24266396300.0,119157,52110.0,19,52100.0,51,52120.0,63,52090.0,85,52130.0,49,52080.0,39,52140.0,54,52070.0,64,52150.0,66,52060.0,133
1597988432615575040,1597988432936999936,2020-08-21 13:40:32.937000,52100.0,52280.0,51820.0,52160.0,nan,52027.478,93283,24266396300.0,119157,52110.0,19,52100.0,51,52120.0,63,52090.0,85,52130.0,49,52080.0,39,52140.0,54,52070.0,64,52150.0,62,52060.0,133
1597988434630660096,1597988434923000064,2020-08-21 13:40:34.923000,52100.0,52280.0,51820.0,52160.0,nan,52027.478,93283,24266396300.0,119157,52110.0,19,52100.0,51,52120.0,63,52090.0,85,52130.0,50,52080.0,39,52140.0,54,52070.0,64,52150.0,62,52060.0,133
1597988437618494976,1597988437937999872,2020-08-21 13:40:37.938000,52100.0,52280.0,51820.0,52160.0,nan,52027.478,93283,24266396300.0,119157,52110.0,22,52100.0,51,52120.0,60,52090.0,85,52130.0,50,52080.0,39,52140.0,54,52070.0,64,52150.0,62,52060.0,133
1597988438125935104,1597988438430000128,2020-08-21 13:40:38.430000,52100.0,52280.0,51820.0,52160.0,nan,52027.478,93283,24266396300.0,119157,52110.0,22,52100.0,52,52120.0,60,52090.0,85,52130.0,50,52080.0,39,52140.0,54,52070.0,64,52150.0,62,52060.0,133
1597988439623362048,1597988439926000128,2020-08-21 13:40:39.926000,52100.0,52280.0,51820.0,52160.0,nan,52027.478,93283,24266396300.0,119157,52110.0,22,52100.0,53,52120.0,60,52090.0,85,52130.0,50,52080.0,39,52140.0,54,52070.0,64,52150.0,62,52060.0,133
1597988443118842880,1597988443434000128,2020-08-21 13:40:43.434000,52100.0,52280.0,51820.0,52160.0,nan,52027.478,93283,24266396300.0,119157,52110.0,22,52100.0,54,52120.0,60,52090.0,85,52130.0,50,52080.0,39,52140.0,54,52070.0,64,52150.0,62,52060.0,133
1597988444123680000,1597988444435000064,2020-08-21 13:40:44.435000,52100.0,52280.0,51820.0,52160.0,nan,52027.481,93286,24267177800.0,119157,52110.0,22,52100.0,51,52120.0,60,52090.0,85,52130.0,50,52080.0,39,52140.0,54,52070.0,64,52150.0,62,52060.0,133
1597988445135724032,1597988445427000064,2020-08-21 13:40:45.427000,52100.0,52280.0,51820.0,52160.0,nan,52027.481,93286,24267177800.0,119157,52110.0,32,52100.0,51,52120.0,60,52090.0,85,52130.0,50,52080.0,39,52140.0,54,52070.0,64,52150.0,62,52060.0,133
1597988445627334912,1597988445926000128,2020-08-21 13:40:45.926000,52100.0,52280.0,51820.0,52160.0,nan,52027.481,93286,24267177800.0,119157,52110.0,32,52100.0,51,52120.0,59,52090.0,85,52130.0,50,52080.0,39,52140.0,54,52070.0,64,52150.0,62,52060.0,133
1597988446136121088,1597988446435000064,2020-08-21 13:40:46.435000,52100.0,52280.0,51820.0,52160.0,nan,52027.481,93286,24267177800.0,119157,52110.0,33,52100.0,51,52120.0,59,52090.0,85,52130.0,50,52080.0,39,52140.0,54,52070.0,64,52150.0,62,52060.0,133
1597988447108987904,1597988447360999936,2020-08-21 13:40:47.361000,52100.0,52280.0,51820.0,52160.0,nan,52027.481,93287,24267438300.0,119157,52110.0,33,52100.0,50,52120.0,59,52090.0,85,52130.0,50,52080.0,39,52140.0,54,52070.0,64,52150.0,62,52060.0,133
1597988447607019008,1597988447936999936,2020-08-21 13:40:47.937000,52100.0,52280.0,51820.0,52160.0,nan,52027.481,93287,24267438300.0,119157,52110.0,33,52100.0,48,52120.0,59,52090.0,85,52130.0,50,52080.0,39,52140.0,54,52070.0,64,52150.0,62,52060.0,133
1597988448113369088,1597988448424999936,2020-08-21 13:40:48.425000,52100.0,52280.0,51820.0,52160.0,nan,52027.482,93288,24267698800.0,119157,52110.0,33,52100.0,47,52120.0,59,52090.0,85,52130.0,50,52080.0,39,52140.0,54,52070.0,64,52150.0,62,52060.0,133
1597988448624476928,1597988448924999936,2020-08-21 13:40:48.925000,52100.0,52280.0,51820.0,52160.0,nan,52027.482,93288,24267698800.0,119157,52110.0,34,52100.0,47,52120.0,59,52090.0,85,52130.0,50,52080.0,39,52140.0,54,52070.0,64,52150.0,62,52060.0,133
1597988449629495040,1597988449894000128,2020-08-21 13:40:49.894000,52100.0,52280.0,51820.0,52160.0,nan,52027.483,93289,24267959300.0,119157,52110.0,34,52100.0,46,52120.0,59,52090.0,85,52130.0,47,52080.0,39,52140.0,54,52070.0,64,52150.0,62,52060.0,133
1597988452628494080,1597988452930000128,2020-08-21 13:40:52.930000,52100.0,52280.0,51820.0,52160.0,nan,52027.488,93296,24269782800.0,119150,52110.0,34,52100.0,40,52120.0,59,52090.0,85,52130.0,47,52080.0,39,52140.0,54,52070.0,64,52150.0,62,52060.0,133
1597988453141527040,1597988453424999936,2020-08-21 13:40:53.425000,52100.0,52280.0,51820.0,52160.0,nan,52027.488,93296,24269782800.0,119150,52110.0,36,52100.0,41,52120.0,59,52090.0,85,52130.0,47,52080.0,39,52140.0,54,52070.0,64,52150.0,62,52060.0,133
1597988453640076032,1597988453932000000,2020-08-21 13:40:53.932000,52100.0,52280.0,51820.0,52160.0,nan,52027.488,93296,24269782800.0,119150,52110.0,37,52100.0,41,52120.0,59,52090.0,85,52130.0,47,52080.0,39,52140.0,54,52070.0,64,52150.0,62,52060.0,133
1597988454114148096,1597988454428000000,2020-08-21 13:40:54.428000,52100.0,52280.0,51820.0,52160.0,nan,52027.488,93296,24269782800.0,119150,52110.0,37,52100.0,41,52120.0,59,52090.0,85,52130.0,47,52080.0,43,52140.0,54,52070.0,64,52150.0,62,52060.0,133
1597988454625051904,1597988454931000064,2020-08-21 13:40:54.931000,52100.0,52280.0,51820.0,52160.0,nan,52027.488,93296,24269782800.0,119150,52110.0,36,52100.0,41,52120.0,59,52090.0,85,52130.0,47,52080.0,43,52140.0,54,52070.0,64,52150.0,62,52060.0,133
1597988455125024000,1597988455435000064,2020-08-21 13:40:55.435000,52100.0,52280.0,51820.0,52160.0,nan,52027.488,93296,24269782800.0,119150,52110.0,36,52100.0,41,52120.0,59,52090.0,85,52130.0,47,52080.0,43,52140.0,55,52070.0,64,52150.0,61,52060.0,133
1597988456104604928,1597988456432000000,2020-08-21 13:40:56.432000,52100.0,52280.0,51820.0,52160.0,nan,52027.488,93296,24269782800.0,119150,52110.0,36,52100.0,41,52120.0,59,52090.0,85,52130.0,47,52080.0,43,52140.0,55,52070.0,64,52150.0,62,52060.0,133
1597988461609867008,1597988461891000064,2020-08-21 13:41:01.891000,52100.0,52280.0,51820.0,52160.0,nan,52027.489,93297,24270043300.0,119150,52110.0,36,52100.0,40,52120.0,59,52090.0,85,52130.0,47,52080.0,43,52140.0,55,52070.0,64,52150.0,62,52060.0,133
1597988462608608000,1597988462911000064,2020-08-21 13:41:02.911000,52100.0,52280.0,51820.0,52160.0,nan,52027.489,93297,24270043300.0,119150,52110.0,40,52100.0,40,52120.0,59,52090.0,83,52130.0,47,52080.0,43,52140.0,55,52070.0,64,52150.0,62,52060.0,133
1597988463124385024,1597988463430000128,2020-08-21 13:41:03.430000,52100.0,52280.0,51820.0,52160.0,nan,52027.489,93297,24270043300.0,119150,52110.0,37,52100.0,40,52120.0,59,52090.0,85,52130.0,47,52080.0,43,52140.0,55,52070.0,64,52150.0,62,52060.0,133
1597988465140475904,1597988465426000128,2020-08-21 13:41:05.426000,52100.0,52280.0,51820.0,52160.0,nan,52027.495,93305,24272127300.0,119142,52110.0,37,52100.0,32,52120.0,59,52090.0,85,52130.0,47,52080.0,43,52140.0,55,52070.0,64,52150.0,62,52060.0,133
1597988465615706880,1597988465921999872,2020-08-21 13:41:05.922000,52100.0,52280.0,51820.0,52160.0,nan,52027.495,93305,24272127300.0,119142,52110.0,37,52100.0,32,52120.0,60,52090.0,85,52130.0,47,52080.0,43,52140.0,55,52070.0,64,52150.0,62,52060.0,133
1597988466615915008,1597988466938999808,2020-08-21 13:41:06.939000,52100.0,52280.0,51820.0,52160.0,nan,52027.495,93305,24272127300.0,119142,52110.0,37,52100.0,32,52120.0,60,52090.0,83,52130.0,47,52080.0,43,52140.0,55,52070.0,64,52150.0,62,52060.0,133
1597988467112450048,1597988467434000128,2020-08-21 13:41:07.434000,52100.0,52280.0,51820.0,52160.0,nan,52027.495,93305,24272127300.0,119142,52110.0,37,52100.0,32,52120.0,60,52090.0,83,52130.0,47,52080.0,43,52140.0,55,52070.0,66,52150.0,62,52060.0,133
1597988467617542912,1597988467888999936,2020-08-21 13:41:07.889000,52100.0,52280.0,51820.0,52160.0,nan,52027.495,93305,24272127300.0,119142,52110.0,37,52100.0,32,52120.0,59,52090.0,83,52130.0,47,52080.0,43,52140.0,55,52070.0,66,52150.0,62,52060.0,133
1597988468129889024,1597988468428000000,2020-08-21 13:41:08.428000,52100.0,52280.0,51820.0,52160.0,nan,52027.495,93305,24272127300.0,119142,52110.0,38,52100.0,32,52120.0,59,52090.0,83,52130.0,47,52080.0,43,52140.0,55,52070.0,66,52150.0,62,52060.0,133
1597988468624896000,1597988468913000192,2020-08-21 13:41:08.913000,52100.0,52280.0,51820.0,52160.0,nan,52027.495,93305,24272127300.0,119142,52110.0,38,52100.0,33,52120.0,59,52090.0,83,52130.0,47,52080.0,43,52140.0,55,52070.0,66,52150.0,62,52060.0,133
1597988471127472896,1597988471436000000,2020-08-21 13:41:11.436000,52100.0,52280.0,51820.0,52160.0,nan,52027.495,93305,24272127300.0,119142,52110.0,38,52100.0,33,52120.0,59,52090.0,83,52130.0,47,52080.0,43,52140.0,55,52070.0,66,52150.0,53,52060.0,133
1597988471609702912,1597988471927000064,2020-08-21 13:41:11.927000,52100.0,52280.0,51820.0,52160.0,nan,52027.495,93305,24272127300.0,119142,52110.0,38,52100.0,33,52120.0,59,52090.0,83,52130.0,37,52080.0,43,52140.0,55,52070.0,66,52150.0,53,52060.0,133
1597988472114441984,1597988472436999936,2020-08-21 13:41:12.437000,52100.0,52280.0,51820.0,52160.0,nan,52027.495,93305,24272127300.0,119142,52110.0,38,52100.0,33,52120.0,58,52090.0,83,52130.0,37,52080.0,43,52140.0,55,52070.0,70,52150.0,53,52060.0,133
1597988472602553088,1597988472932000000,2020-08-21 13:41:12.932000,52100.0,52280.0,51820.0,52160.0,nan,52027.495,93305,24272127300.0,119142,52110.0,39,52100.0,33,52120.0,58,52090.0,83,52130.0,37,52080.0,43,52140.0,55,52070.0,70,52150.0,53,52060.0,133
1597988474125938944,1597988474404000000,2020-08-21 13:41:14.404000,52100.0,52280.0,51820.0,52160.0,nan,52027.499,93310,24273429800.0,119139,52110.0,39,52100.0,28,52120.0,58,52090.0,83,52130.0,37,52080.0,43,52140.0,55,52070.0,70,52150.0,53,52060.0,133
1597988475125568000,1597988475437999872,2020-08-21 13:41:15.438000,52100.0,52280.0,51820.0,52160.0,nan,52027.499,93310,24273429800.0,119139,52110.0,39,52100.0,28,52120.0,58,52090.0,83,52130.0,38,52080.0,43,52140.0,55,52070.0,70,52150.0,53,52060.0,133
1597988475654571008,1597988476220000000,2020-08-21 13:41:16.220000,52100.0,52280.0,51820.0,52160.0,nan,52027.521,93338,24280723800.0,119136,52110.0,42,52090.0,83,52120.0,58,52080.0,43,52130.0,38,52070.0,70,52140.0,55,52060.0,133,52150.0,53,52050.0,30
1597988476151388928,1597988476743000064,2020-08-21 13:41:16.743000,52100.0,52280.0,51820.0,52160.0,nan,52027.521,93338,24280723800.0,119136,52100.0,16,52090.0,82,52110.0,46,52080.0,43,52120.0,60,52070.0,71,52130.0,38,52060.0,134,52140.0,55,52050.0,29
1597988476611356928,1597988476930000128,2020-08-21 13:41:16.930000,52100.0,52280.0,51820.0,52160.0,nan,52027.521,93338,24280723800.0,119136,52100.0,46,52090.0,82,52110.0,41,52080.0,42,52120.0,58,52070.0,71,52130.0,38,52060.0,137,52140.0,55,52050.0,29
1597988477131691008,1597988477436000000,2020-08-21 13:41:17.436000,52100.0,52280.0,51820.0,52160.0,nan,52027.521,93338,24280723800.0,119136,52100.0,47,52090.0,64,52110.0,41,52080.0,42,52120.0,58,52070.0,71,52130.0,37,52060.0,139,52140.0,55,52050.0,29
1597988477629359104,1597988477934000128,2020-08-21 13:41:17.934000,52100.0,52280.0,51820.0,52160.0,nan,52027.521,93338,24280723800.0,119136,52100.0,47,52090.0,59,52110.0,42,52080.0,40,52120.0,59,52070.0,73,52130.0,37,52060.0,139,52140.0,54,52050.0,29
1597988478166953984,1597988478742000128,2020-08-21 13:41:18.742000,52100.0,52280.0,51820.0,52160.0,nan,52027.521,93338,24280723800.0,119136,52100.0,47,52090.0,60,52110.0,42,52080.0,40,52120.0,59,52070.0,73,52130.0,37,52060.0,139,52140.0,54,52050.0,29
1597988478649251072,1597988478927000064,2020-08-21 13:41:18.927000,52100.0,52280.0,51820.0,52160.0,nan,52027.521,93338,24280723800.0,119136,52100.0,47,52090.0,60,52110.0,52,52080.0,40,52120.0,59,52070.0,73,52130.0,37,52060.0,139,52140.0,54,52050.0,29
1597988479137419008,1597988479433000192,2020-08-21 13:41:19.433000,52100.0,52280.0,51820.0,52160.0,nan,52027.521,93338,24280723800.0,119136,52100.0,47,52090.0,60,52110.0,52,52080.0,38,52120.0,59,52070.0,73,52130.0,37,52060.0,139,52140.0,54,52050.0,29
1597988479627392000,1597988479936000000,2020-08-21 13:41:19.936000,52100.0,52280.0,51820.0,52160.0,nan,52027.536,93357,24285673300.0,119136,52100.0,28,52090.0,60,52110.0,52,52080.0,38,52120.0,59,52070.0,73,52130.0,37,52060.0,139,52140.0,54,52050.0,29
1597988480119398912,1597988480416999936,2020-08-21 13:41:20.417000,52100.0,52280.0,51820.0,52160.0,nan,52027.536,93357,24285673300.0,119136,52100.0,26,52090.0,62,52110.0,52,52080.0,38,52120.0,59,52070.0,73,52130.0,37,52060.0,139,52140.0,55,52050.0,29
1597988480628794112,1597988480903000064,2020-08-21 13:41:20.903000,52100.0,52280.0,51820.0,52160.0,nan,52027.536,93357,24285673300.0,119136,52100.0,27,52090.0,62,52110.0,52,52080.0,38,52120.0,59,52070.0,73,52130.0,37,52060.0,139,52140.0,55,52050.0,29
1597988483113575936,1597988483434000128,2020-08-21 13:41:23.434000,52100.0,52280.0,51820.0,52160.0,nan,52027.557,93384,24292706800.0,119143,52110.0,52,52090.0,64,52120.0,59,52080.0,38,52130.0,37,52070.0,73,52140.0,55,52060.0,139,52150.0,54,52050.0,29
1597988483612953088,1597988483932000000,2020-08-21 13:41:23.932000,52100.0,52280.0,51820.0,52160.0,nan,52027.557,93384,24292706800.0,119143,52110.0,51,52100.0,5,52120.0,58,52090.0,66,52130.0,37,52080.0,40,52140.0,56,52070.0,73,52150.0,54,52060.0,139
1597988484120957952,1597988484434000128,2020-08-21 13:41:24.434000,52100.0,52280.0,51820.0,52160.0,nan,52027.557,93384,24292706800.0,119143,52110.0,51,52100.0,5,52120.0,58,52090.0,67,52130.0,37,52080.0,41,52140.0,56,52070.0,73,52150.0,54,52060.0,139
1597988485139920896,1597988485431000064,2020-08-21 13:41:25.431000,52100.0,52280.0,51820.0,52160.0,nan,52027.557,93384,24292706800.0,119143,52110.0,51,52100.0,6,52120.0,58,52090.0,67,52130.0,37,52080.0,41,52140.0,56,52070.0,73,52150.0,54,52060.0,139
1597988485640762880,1597988485936000000,2020-08-21 13:41:25.936000,52100.0,52280.0,51820.0,52160.0,nan,52027.557,93384,24292706800.0,119143,52110.0,53,52100.0,6,52120.0,58,52090.0,67,52130.0,37,52080.0,41,52140.0,56,52070.0,73,52150.0,54,52060.0,139
1597988486630829056,1597988486928000000,2020-08-21 13:41:26.928000,52110.0,52280.0,51820.0,52160.0,nan,52027.558,93385,24292967350.0,119143,52110.0,52,52100.0,6,52120.0,58,52090.0,67,52130.0,37,52080.0,41,52140.0,56,52070.0,73,52150.0,54,52060.0,139
1597988487131159040,1597988487435000064,2020-08-21 13:41:27.435000,52110.0,52280.0,51820.0,52160.0,nan,52027.558,93385,24292967350.0,119143,52110.0,52,52100.0,7,52120.0,58,52090.0,67,52130.0,37,52080.0,41,52140.0,56,52070.0,73,52150.0,54,52060.0,139
1597988487614513920,1597988487936999936,2020-08-21 13:41:27.937000,52100.0,52280.0,51820.0,52160.0,nan,52027.563,93392,24294790850.0,119140,52100.0,2,52090.0,67,52110.0,52,52080.0,41,52120.0,58,52070.0,73,52130.0,37,52060.0,139,52140.0,56,52050.0,49
1597988488122297088,1597988488431000064,2020-08-21 13:41:28.431000,52100.0,52280.0,51820.0,52160.0,nan,52027.565,93394,24295311850.0,119138,52110.0,50,52100.0,3,52120.0,58,52090.0,69,52130.0,37,52080.0,41,52140.0,56,52070.0,73,52150.0,54,52060.0,139
1597988488675494912,1597988488936999936,2020-08-21 13:41:28.937000,52100.0,52280.0,51820.0,52160.0,nan,52027.565,93394,24295311850.0,119138,52110.0,52,52100.0,6,52120.0,58,52090.0,67,52130.0,37,52080.0,41,52140.0,56,52070.0,73,52150.0,54,52060.0,139
1597988490127196928,1597988490401999872,2020-08-21 13:41:30.402000,52100.0,52280.0,51820.0,52160.0,nan,52027.565,93395,24295572350.0,119138,52110.0,52,52100.0,5,52120.0,58,52090.0,67,52130.0,37,52080.0,41,52140.0,56,52070.0,73,52150.0,54,52060.0,139
1597988492131491072,1597988492431000064,2020-08-21 13:41:32.431000,52100.0,52280.0,51820.0,52160.0,nan,52027.565,93395,24295572350.0,119138,52110.0,52,52100.0,5,52120.0,58,52090.0,78,52130.0,37,52080.0,41,52140.0,56,52070.0,73,52150.0,54,52060.0,139
1597988492633633024,1597988492917999872,2020-08-21 13:41:32.918000,52100.0,52280.0,51820.0,52160.0,nan,52027.566,93396,24295832850.0,119139,52110.0,52,52100.0,4,52120.0,58,52090.0,78,52130.0,37,52080.0,41,52140.0,56,52070.0,73,52150.0,54,52060.0,139
1597988493112192000,1597988493436999936,2020-08-21 13:41:33.437000,52100.0,52280.0,51820.0,52160.0,nan,52027.566,93396,24295832850.0,119139,52110.0,52,52100.0,4,52120.0,58,52090.0,76,52130.0,37,52080.0,41,52140.0,56,52070.0,73,52150.0,54,52060.0,139
1597988493619511040,1597988493933000192,2020-08-21 13:41:33.933000,52100.0,52280.0,51820.0,52160.0,nan,52027.566,93396,24295832850.0,119139,52110.0,52,52100.0,5,52120.0,58,52090.0,76,52130.0,37,52080.0,41,52140.0,56,52070.0,73,52150.0,54,52060.0,139
1597988495128023040,1597988495416000000,2020-08-21 13:41:35.416000,52100.0,52280.0,51820.0,52160.0,nan,52027.567,93397,24296093350.0,119139,52110.0,52,52100.0,4,52120.0,58,52090.0,76,52130.0,40,52080.0,42,52140.0,56,52070.0,73,52150.0,54,52060.0,139
1597988496609618944,1597988496937999872,2020-08-21 13:41:36.938000,52100.0,52280.0,51820.0,52160.0,nan,52027.567,93397,24296093350.0,119139,52110.0,52,52100.0,4,52120.0,59,52090.0,76,52130.0,40,52080.0,42,52140.0,56,52070.0,73,52150.0,54,52060.0,139
1597988498112179968,1597988498437999872,2020-08-21 13:41:38.438000,52100.0,52280.0,51820.0,52160.0,nan,52027.567,93397,24296093350.0,119139,52110.0,52,52100.0,5,52120.0,59,52090.0,76,52130.0,40,52080.0,42,52140.0,56,52070.0,73,52150.0,54,52060.0,139
1597988498620350976,1597988498930000128,2020-08-21 13:41:38.930000,52110.0,52280.0,51820.0,52160.0,nan,52027.568,93398,24296353900.0,119140,52110.0,51,52100.0,6,52120.0,59,52090.0,76,52130.0,40,52080.0,42,52140.0,56,52070.0,73,52150.0,54,52060.0,139
1597988500143653888,1597988500435000064,2020-08-21 13:41:40.435000,52110.0,52280.0,51820.0,52160.0,nan,52027.568,93398,24296353900.0,119140,52110.0,51,52100.0,13,52120.0,59,52090.0,76,52130.0,40,52080.0,42,52140.0,56,52070.0,73,52150.0,54,52060.0,139
1597988500601740032,1597988500921999872,2020-08-21 13:41:40.922000,52110.0,52280.0,51820.0,52160.0,nan,52027.568,93398,24296353900.0,119140,52110.0,50,52100.0,18,52120.0,59,52090.0,76,52130.0,40,52080.0,42,52140.0,56,52070.0,73,52150.0,54,52060.0,139
1597988501609648896,1597988501934000128,2020-08-21 13:41:41.934000,52110.0,52280.0,51820.0,52160.0,nan,52027.568,93398,24296353900.0,119140,52110.0,50,52100.0,18,52120.0,59,52090.0,76,52130.0,40,52080.0,42,52140.0,56,52070.0,73,52150.0,53,52060.0,139
1597988502152058112,1597988502584999936,2020-08-21 13:41:42.585000,52110.0,52280.0,51820.0,52160.0,nan,52027.568,93398,24296353900.0,119140,52110.0,50,52100.0,19,52120.0,59,52090.0,76,52130.0,40,52080.0,42,52140.0,56,52070.0,73,52150.0,53,52060.0,139
1597988503122558976,1597988503397000192,2020-08-21 13:41:43.397000,52110.0,52280.0,51820.0,52160.0,nan,52027.568,93398,24296353900.0,119140,52110.0,49,52100.0,19,52120.0,59,52090.0,82,52130.0,40,52080.0,42,52140.0,56,52070.0,73,52150.0,53,52060.0,139
1597988504118094080,1597988504430000128,2020-08-21 13:41:44.430000,52110.0,52280.0,51820.0,52160.0,nan,52027.568,93398,24296353900.0,119140,52110.0,49,52100.0,19,52120.0,58,52090.0,82,52130.0,40,52080.0,42,52140.0,56,52070.0,73,52150.0,53,52060.0,139
1597988505622810112,1597988505936999936,2020-08-21 13:41:45.937000,52110.0,52280.0,51820.0,52160.0,nan,52027.568,93398,24296353900.0,119140,52110.0,49,52100.0,21,52120.0,58,52090.0,82,52130.0,40,52080.0,42,52140.0,56,52070.0,73,52150.0,53,52060.0,139
1597988506125254912,1597988506427000064,2020-08-21 13:41:46.427000,52110.0,52280.0,51820.0,52160.0,nan,52027.57,93400,24296875000.0,119140,52110.0,47,52100.0,21,52120.0,58,52090.0,82,52130.0,40,52080.0,42,52140.0,56,52070.0,73,52150.0,53,52060.0,139
1597988508116076032,1597988508430000128,2020-08-21 13:41:48.430000,52100.0,52280.0,51820.0,52160.0,nan,52027.57,93401,24297135500.0,119140,52110.0,47,52100.0,20,52120.0,58,52090.0,82,52130.0,40,52080.0,42,52140.0,56,52070.0,73,52150.0,53,52060.0,139
1597988508631855104,1597988508938999808,2020-08-21 13:41:48.939000,52100.0,52280.0,51820.0,52160.0,nan,52027.57,93401,24297135500.0,119140,52110.0,47,52100.0,20,52120.0,58,52090.0,82,52130.0,40,52080.0,42,52140.0,56,52070.0,71,52150.0,53,52060.0,139
1597988509608961024,1597988509934000128,2020-08-21 13:41:49.934000,52100.0,52280.0,51820.0,52160.0,nan,52027.57,93401,24297135500.0,119140,52110.0,48,52100.0,20,52120.0,58,52090.0,82,52130.0,40,52080.0,42,52140.0,56,52070.0,71,52150.0,53,52060.0,139
1597988511624114944,1597988511924999936,2020-08-21 13:41:51.925000,52100.0,52280.0,51820.0,52160.0,nan,52027.571,93402,24297396000.0,119141,52110.0,48,52100.0,19,52120.0,58,52090.0,82,52130.0,40,52080.0,42,52140.0,56,52070.0,71,52150.0,53,52060.0,139
1597988512130029056,1597988512430000128,2020-08-21 13:41:52.430000,52100.0,52280.0,51820.0,52160.0,nan,52027.571,93402,24297396000.0,119141,52110.0,49,52100.0,19,52120.0,58,52090.0,82,52130.0,40,52080.0,42,52140.0,56,52070.0,71,52150.0,53,52060.0,139
1597988512640464896,1597988512914000128,2020-08-21 13:41:52.914000,52100.0,52280.0,51820.0,52160.0,nan,52027.571,93402,24297396000.0,119141,52110.0,48,52100.0,20,52120.0,58,52090.0,82,52130.0,40,52080.0,42,52140.0,56,52070.0,71,52150.0,53,52060.0,139
1597988513628858112,1597988513936000000,2020-08-21 13:41:53.936000,52100.0,52280.0,51820.0,52160.0,nan,52027.571,93402,24297396000.0,119141,52110.0,48,52100.0,13,52120.0,58,52090.0,82,52130.0,40,52080.0,42,52140.0,56,52070.0,71,52150.0,53,52060.0,139
1597988514127308032,1597988514434000128,2020-08-21 13:41:54.434000,52100.0,52280.0,51820.0,52160.0,nan,52027.571,93402,24297396000.0,119141,52110.0,49,52100.0,24,52120.0,58,52090.0,71,52130.0,40,52080.0,42,52140.0,56,52070.0,71,52150.0,53,52060.0,139
1597988514620646912,1597988514895000064,2020-08-21 13:41:54.895000,52100.0,52280.0,51820.0,52160.0,nan,52027.571,93402,24297396000.0,119141,52110.0,48,52100.0,24,52120.0,58,52090.0,71,52130.0,40,52080.0,42,52140.0,56,52070.0,71,52150.0,53,52060.0,139
1597988516119998976,1597988516435000064,2020-08-21 13:41:56.435000,52100.0,52280.0,51820.0,52160.0,nan,52027.571,93402,24297396000.0,119141,52110.0,48,52100.0,24,52120.0,58,52090.0,71,52130.0,39,52080.0,42,52140.0,56,52070.0,71,52150.0,53,52060.0,139
1597988517618294016,1597988517930000128,2020-08-21 13:41:57.930000,52100.0,52280.0,51820.0,52160.0,nan,52027.571,93402,24297396000.0,119141,52110.0,48,52100.0,25,52120.0,58,52090.0,71,52130.0,39,52080.0,42,52140.0,56,52070.0,71,52150.0,53,52060.0,139
1597988519625784064,1597988519936999936,2020-08-21 13:41:59.937000,52100.0,52280.0,51820.0,52160.0,nan,52027.571,93402,24297396000.0,119141,52110.0,48,52100.0,25,52120.0,59,52090.0,71,52130.0,39,52080.0,42,52140.0,56,52070.0,71,52150.0,53,52060.0,139
1597988520115043072,1597988520426000128,2020-08-21 13:42:00.426000,52100.0,52280.0,51820.0,52160.0,nan,52027.573,93404,24297917000.0,119141,52110.0,48,52100.0,23,52120.0,59,52090.0,71,52130.0,39,52080.0,42,52140.0,56,52070.0,71,52150.0,53,52060.0,139
1597988521133172992,1597988521368000000,2020-08-21 13:42:01.368000,52100.0,52280.0,51820.0,52160.0,nan,52027.573,93404,24297917000.0,119141,52110.0,48,52100.0,23,52120.0,60,52090.0,71,52130.0,39,52080.0,42,52140.0,56,52070.0,71,52150.0,53,52060.0,139
1597988522144114944,1597988522665999872,2020-08-21 13:42:02.666000,52100.0,52280.0,51820.0,52160.0,nan,52027.573,93404,24297917000.0,119141,52110.0,47,52100.0,23,52120.0,60,52090.0,71,52130.0,39,52080.0,42,52140.0,56,52070.0,71,52150.0,53,52060.0,139
1597988522661661952,1597988522936000000,2020-08-21 13:42:02.936000,52100.0,52280.0,51820.0,52160.0,nan,52027.573,93404,24297917000.0,119141,52110.0,46,52100.0,23,52120.0,60,52090.0,71,52130.0,39,52080.0,42,52140.0,56,52070.0,71,52150.0,53,52060.0,139
1597988523144930048,1597988523616000000,2020-08-21 13:42:03.616000,52100.0,52280.0,51820.0,52160.0,nan,52027.573,93404,24297917000.0,119141,52110.0,47,52100.0,23,52120.0,60,52090.0,71,52130.0,39,52080.0,42,52140.0,56,52070.0,71,52150.0,53,52060.0,139
1597988525115585024,1597988525421999872,2020-08-21 13:42:05.422000,52100.0,52280.0,51820.0,52160.0,nan,52027.573,93404,24297917000.0,119141,52110.0,47,52100.0,23,52120.0,61,52090.0,71,52130.0,39,52080.0,42,52140.0,56,52070.0,71,52150.0,53,52060.0,139
1597988525628561920,1597988525935000064,2020-08-21 13:42:05.935000,52100.0,52280.0,51820.0,52160.0,nan,52027.573,93404,24297917000.0,119141,52110.0,46,52100.0,23,52120.0,61,52090.0,71,52130.0,39,52080.0,42,52140.0,56,52070.0,71,52150.0,53,52060.0,139
1597988530640284928,1597988530936999936,2020-08-21 13:42:10.937000,52100.0,52280.0,51820.0,52160.0,nan,52027.575,93407,24298698500.0,119140,52110.0,46,52100.0,20,52120.0,61,52090.0,71,52130.0,39,52080.0,42,52140.0,56,52070.0,71,52150.0,53,52060.0,139
1597988531646523904,1597988531934000128,2020-08-21 13:42:11.934000,52100.0,52280.0,51820.0,52160.0,nan,52027.575,93407,24298698500.0,119140,52110.0,47,52100.0,22,52120.0,61,52090.0,71,52130.0,39,52080.0,42,52140.0,56,52070.0,71,52150.0,53,52060.0,139
1597988532113495040,1597988532436000000,2020-08-21 13:42:12.436000,52100.0,52280.0,51820.0,52160.0,nan,52027.575,93407,24298698500.0,119140,52110.0,46,52100.0,22,52120.0,61,52090.0,71,52130.0,39,52080.0,42,52140.0,56,52070.0,71,52150.0,53,52060.0,139
1597988533124702976,1597988533405999872,2020-08-21 13:42:13.406000,52100.0,52280.0,51820.0,52160.0,nan,52027.575,93407,24298698500.0,119140,52110.0,46,52100.0,23,52120.0,61,52090.0,71,52130.0,39,52080.0,42,52140.0,56,52070.0,71,52150.0,53,52060.0,139
1597988534619908096,1597988534926000128,2020-08-21 13:42:14.926000,52100.0,52280.0,51820.0,52160.0,nan,52027.575,93407,24298698500.0,119140,52110.0,47,52100.0,23,52120.0,61,52090.0,71,52130.0,39,52080.0,42,52140.0,55,52070.0,71,52150.0,53,52060.0,139
1597988537613184000,1597988537928000000,2020-08-21 13:42:17.928000,52100.0,52280.0,51820.0,52160.0,nan,52027.593,93430,24304690000.0,119133,52110.0,47,52090.0,71,52120.0,61,52080.0,42,52130.0,39,52070.0,71,52140.0,55,52060.0,139,52150.0,53,52050.0,49
1597988538133300992,1597988538427000064,2020-08-21 13:42:18.427000,52100.0,52280.0,51820.0,52160.0,nan,52027.593,93430,24304690000.0,119133,52100.0,1,52090.0,70,52110.0,51,52080.0,42,52120.0,61,52070.0,71,52130.0,39,52060.0,139,52140.0,55,52050.0,49
1597988538608261120,1597988538927000064,2020-08-21 13:42:18.927000,52100.0,52280.0,51820.0,52160.0,nan,52027.593,93430,24304690000.0,119133,52100.0,10,52090.0,70,52110.0,51,52080.0,42,52120.0,61,52070.0,71,52130.0,39,52060.0,139,52140.0,55,52050.0,49
1597988539118622976,1597988539407000064,2020-08-21 13:42:19.407000,52100.0,52280.0,51820.0,52160.0,nan,52027.593,93430,24304690000.0,119133,52100.0,14,52090.0,70,52110.0,51,52080.0,42,52120.0,61,52070.0,71,52130.0,39,52060.0,139,52140.0,55,52050.0,49
1597988539658577920,1597988539931000064,2020-08-21 13:42:19.931000,52100.0,52280.0,51820.0,52160.0,nan,52027.594,93431,24304950500.0,119133,52100.0,13,52090.0,70,52110.0,51,52080.0,42,52120.0,61,52070.0,71,52130.0,39,52060.0,139,52140.0,55,52050.0,49
1597988540618498048,1597988540915000064,2020-08-21 13:42:20.915000,52100.0,52280.0,51820.0,52160.0,nan,52027.595,93433,24305471500.0,119133,52100.0,12,52090.0,70,52110.0,51,52080.0,42,52120.0,61,52070.0,71,52130.0,39,52060.0,139,52140.0,55,52050.0,49
1597988541148672000,1597988541416999936,2020-08-21 13:42:21.417000,52100.0,52280.0,51820.0,52160.0,nan,52027.596,93434,24305732000.0,119133,52100.0,11,52090.0,70,52110.0,49,52080.0,42,52120.0,61,52070.0,71,52130.0,39,52060.0,139,52140.0,55,52050.0,49
1597988542134938112,1597988542404999936,2020-08-21 13:42:22.405000,52100.0,52280.0,51820.0,52160.0,nan,52027.598,93437,24306513500.0,119134,52100.0,8,52090.0,70,52110.0,49,52080.0,42,52120.0,61,52070.0,71,52130.0,39,52060.0,139,52140.0,55,52050.0,49
1597988543123500032,1597988543424999936,2020-08-21 13:42:23.425000,52100.0,52280.0,51820.0,52160.0,nan,52027.602,93442,24307816000.0,119132,52100.0,3,52090.0,70,52110.0,50,52080.0,42,52120.0,61,52070.0,71,52130.0,39,52060.0,139,52140.0,55,52050.0,49
1597988543624591104,1597988543901999872,2020-08-21 13:42:23.902000,52100.0,52280.0,51820.0,52160.0,nan,52027.604,93445,24308597500.0,119133,52110.0,50,52090.0,70,52120.0,61,52080.0,42,52130.0,39,52070.0,71,52140.0,55,52060.0,139,52150.0,53,52050.0,49
1597988544124400896,1597988544432000000,2020-08-21 13:42:24.432000,52100.0,52280.0,51820.0,52160.0,nan,52027.604,93445,24308597500.0,119133,52110.0,52,52100.0,1,52120.0,61,52090.0,70,52130.0,39,52080.0,41,52140.0,55,52070.0,71,52150.0,53,52060.0,139
1597988544625512960,1597988544898000128,2020-08-21 13:42:24.898000,52100.0,52280.0,51820.0,52160.0,nan,52027.605,93446,24308858000.0,119132,52100.0,1,52090.0,70,52110.0,50,52080.0,41,52120.0,61,52070.0,71,52130.0,39,52060.0,139,52140.0,55,52050.0,49
1597988545175389952,1597988545395000064,2020-08-21 13:42:25.395000,52100.0,52280.0,51820.0,52160.0,nan,52027.607,93448,24309379000.0,119133,52110.0,48,52090.0,70,52120.0,61,52080.0,41,52130.0,39,52070.0,71,52140.0,55,52060.0,139,52150.0,53,52050.0,49
1597988545631994880,1597988545928999936,2020-08-21 13:42:25.929000,52100.0,52280.0,51820.0,52160.0,nan,52027.607,93448,24309379000.0,119133,52110.0,50,52090.0,70,52120.0,61,52080.0,41,52130.0,39,52070.0,71,52140.0,55,52060.0,139,52150.0,53,52050.0,49
1597988546135600128,1597988546427000064,2020-08-21 13:42:26.427000,52100.0,52280.0,51820.0,52160.0,nan,52027.607,93448,24309379000.0,119133,52110.0,50,52100.0,1,52120.0,61,52090.0,70,52130.0,39,52080.0,41,52140.0,55,52070.0,71,52150.0,53,52060.0,139
1597988546642219008,1597988546937999872,2020-08-21 13:42:26.938000,52100.0,52280.0,51820.0,52160.0,nan,52027.608,93449,24309639500.0,119134,52100.0,1,52090.0,70,52110.0,51,52080.0,41,52120.0,61,52070.0,71,52130.0,39,52060.0,139,52140.0,55,52050.0,49
1597988547158693120,1597988547426000128,2020-08-21 13:42:27.426000,52100.0,52280.0,51820.0,52160.0,nan,52027.608,93450,24309900000.0,119134,52110.0,49,52090.0,70,52120.0,61,52080.0,41,52130.0,39,52070.0,71,52140.0,55,52060.0,139,52150.0,53,52050.0,49
1597988547619877120,1597988547904999936,2020-08-21 13:42:27.905000,52100.0,52280.0,51820.0,52160.0,nan,52027.608,93450,24309900000.0,119134,52110.0,51,52090.0,70,52120.0,61,52080.0,41,52130.0,39,52070.0,71,52140.0,55,52060.0,139,52150.0,53,52050.0,49
1597988548113177088,1597988548418999808,2020-08-21 13:42:28.419000,52100.0,52280.0,51820.0,52160.0,nan,52027.608,93450,24309900000.0,119134,52110.0,54,52090.0,77,52120.0,61,52080.0,41,52130.0,39,52070.0,71,52140.0,55,52060.0,139,52150.0,53,52050.0,49
1597988548641072128,1597988548936999936,2020-08-21 13:42:28.937000,52090.0,52280.0,51820.0,52160.0,nan,52027.609,93451,24310160450.0,119135,52110.0,54,52090.0,76,52120.0,61,52080.0,41,52130.0,39,52070.0,71,52140.0,55,52060.0,139,52150.0,53,52050.0,49
1597988551137084928,1597988551437999872,2020-08-21 13:42:31.438000,52090.0,52280.0,51820.0,52160.0,nan,52027.609,93451,24310160450.0,119135,52100.0,20,52090.0,76,52110.0,54,52080.0,41,52120.0,61,52070.0,71,52130.0,39,52060.0,139,52140.0,55,52050.0,49
1597988551625634048,1597988551920999936,2020-08-21 13:42:31.921000,52090.0,52280.0,51820.0,52160.0,nan,52027.609,93451,24310160450.0,119135,52100.0,21,52090.0,76,52110.0,55,52080.0,41,52120.0,61,52070.0,71,52130.0,39,52060.0,139,52140.0,55,52050.0,49
1597988554140634880,1597988554434000128,2020-08-21 13:42:34.434000,52090.0,52280.0,51820.0,52160.0,nan,52027.609,93451,24310160450.0,119135,52100.0,22,52090.0,76,52110.0,55,52080.0,41,52120.0,61,52070.0,71,52130.0,39,52060.0,139,52140.0,55,52050.0,49
1597988554620530944,1597988554935000064,2020-08-21 13:42:34.935000,52090.0,52280.0,51820.0,52160.0,nan,52027.609,93451,24310160450.0,119135,52100.0,24,52090.0,76,52110.0,55,52080.0,41,52120.0,61,52070.0,71,52130.0,39,52060.0,139,52140.0,55,52050.0,49
1597988558658341888,1597988559164999936,2020-08-21 13:42:39.165000,52090.0,52280.0,51820.0,52160.0,nan,52027.609,93451,24310160450.0,119135,52100.0,36,52090.0,71,52110.0,55,52080.0,39,52120.0,61,52070.0,71,52130.0,39,52060.0,139,52140.0,55,52050.0,49
1597988559118338048,1597988559437999872,2020-08-21 13:42:39.438000,52090.0,52280.0,51820.0,52160.0,nan,52027.609,93451,24310160450.0,119135,52100.0,36,52090.0,72,52110.0,57,52080.0,39,52120.0,61,52070.0,71,52130.0,39,52060.0,139,52140.0,55,52050.0,49
1597988560130705920,1597988560430000128,2020-08-21 13:42:40.430000,52090.0,52280.0,51820.0,52160.0,nan,52027.609,93451,24310160450.0,119135,52100.0,36,52090.0,73,52110.0,57,52080.0,39,52120.0,61,52070.0,71,52130.0,39,52060.0,139,52140.0,55,52050.0,49
1597988560654031872,1597988560904999936,2020-08-21 13:42:40.905000,52090.0,52280.0,51820.0,52160.0,nan,52027.609,93451,24310160450.0,119135,52100.0,36,52090.0,73,52110.0,56,52080.0,39,52120.0,60,52070.0,71,52130.0,39,52060.0,139,52140.0,55,52050.0,49
1597988561143613952,1597988561426000128,2020-08-21 13:42:41.426000,52090.0,52280.0,51820.0,52160.0,nan,52027.609,93451,24310160450.0,119135,52100.0,36,52090.0,81,52110.0,56,52080.0,39,52120.0,60,52070.0,71,52130.0,39,52060.0,139,52140.0,55,52050.0,49
1597988561614659072,1597988561931000064,2020-08-21 13:42:41.931000,52090.0,52280.0,51820.0,52160.0,nan,52027.609,93451,24310160450.0,119135,52100.0,35,52090.0,81,52110.0,56,52080.0,37,52120.0,60,52070.0,73,52130.0,39,52060.0,139,52140.0,55,52050.0,49
1597988562650138880,1597988562928000000,2020-08-21 13:42:42.928000,52090.0,52280.0,51820.0,52160.0,nan,52027.61,93452,24310420900.0,119134,52100.0,35,52090.0,80,52110.0,56,52080.0,37,52120.0,60,52070.0,73,52130.0,39,52060.0,139,52140.0,55,52050.0,49
1597988563122471936,1597988563430000128,2020-08-21 13:42:43.430000,52090.0,52280.0,51820.0,52160.0,nan,52027.61,93452,24310420900.0,119134,52100.0,36,52090.0,81,52110.0,56,52080.0,37,52120.0,60,52070.0,73,52130.0,39,52060.0,139,52140.0,55,52050.0,49
1597988564625626112,1597988564935000064,2020-08-21 13:42:44.935000,52090.0,52280.0,51820.0,52160.0,nan,52027.61,93452,24310420900.0,119134,52100.0,37,52090.0,81,52110.0,56,52080.0,37,52120.0,60,52070.0,73,52130.0,39,52060.0,139,52140.0,55,52050.0,49
1597988565116302080,1597988565430000128,2020-08-21 13:42:45.430000,52090.0,52280.0,51820.0,52160.0,nan,52027.61,93452,24310420900.0,119134,52100.0,38,52090.0,80,52110.0,56,52080.0,37,52120.0,60,52070.0,73,52130.0,39,52060.0,139,52140.0,55,52050.0,49
1597988565621515008,1597988565936999936,2020-08-21 13:42:45.937000,52090.0,52280.0,51820.0,52160.0,nan,52027.61,93452,24310420900.0,119134,52100.0,42,52090.0,82,52110.0,56,52080.0,37,52120.0,60,52070.0,73,52130.0,39,52060.0,139,52140.0,55,52050.0,49
1597988566131577088,1597988566436999936,2020-08-21 13:42:46.437000,52090.0,52280.0,51820.0,52160.0,nan,52027.61,93452,24310420900.0,119134,52100.0,42,52090.0,80,52110.0,56,52080.0,37,52120.0,60,52070.0,73,52130.0,39,52060.0,139,52140.0,55,52050.0,49
1597988567140226048,1597988567430000128,2020-08-21 13:42:47.430000,52090.0,52280.0,51820.0,52160.0,nan,52027.61,93452,24310420900.0,119134,52100.0,42,52090.0,81,52110.0,56,52080.0,37,52120.0,60,52070.0,73,52130.0,39,52060.0,139,52140.0,55,52050.0,49
1597988567626575104,1597988567912000000,2020-08-21 13:42:47.912000,52090.0,52280.0,51820.0,52160.0,nan,52027.663,93532,24331256900.0,119105,52100.0,42,52090.0,1,52110.0,56,52080.0,37,52120.0,60,52070.0,73,52130.0,39,52060.0,139,52140.0,55,52050.0,49
1597988568117978880,1597988568436999936,2020-08-21 13:42:48.437000,52090.0,52280.0,51820.0,52160.0,nan,52027.678,93554,24336986800.0,119115,52100.0,55,52090.0,13,52110.0,56,52080.0,35,52120.0,60,52070.0,73,52130.0,39,52060.0,139,52140.0,55,52050.0,49
1597988568625276928,1597988568924999936,2020-08-21 13:42:48.925000,52090.0,52280.0,51820.0,52160.0,nan,52027.689,93571,24341414450.0,119118,52090.0,34,52080.0,35,52100.0,56,52070.0,73,52110.0,60,52060.0,139,52120.0,61,52050.0,49,52130.0,39,52040.0,59
1597988569122156032,1597988569435000064,2020-08-21 13:42:49.435000,52090.0,52280.0,51820.0,52160.0,nan,52027.69,93572,24341674900.0,119118,52090.0,51,52080.0,39,52100.0,53,52070.0,70,52110.0,60,52060.0,140,52120.0,61,52050.0,53,52130.0,39,52040.0,59
1597988569619458048,1597988569936000000,2020-08-21 13:42:49.936000,52090.0,52280.0,51820.0,52160.0,nan,52027.69,93572,24341674900.0,119118,52090.0,52,52080.0,45,52100.0,53,52070.0,70,52110.0,60,52060.0,140,52120.0,60,52050.0,53,52130.0,39,52040.0,59
1597988570160632064,1597988570428999936,2020-08-21 13:42:50.429000,52090.0,52280.0,51820.0,52160.0,nan,52027.69,93572,24341674900.0,119118,52090.0,51,52080.0,45,52100.0,53,52070.0,70,52110.0,60,52060.0,140,52120.0,60,52050.0,53,52130.0,39,52040.0,59
1597988571142473984,1597988571435000064,2020-08-21 13:42:51.435000,52090.0,52280.0,51820.0,52160.0,nan,52027.69,93572,24341674900.0,119118,52090.0,52,52080.0,45,52100.0,53,52070.0,70,52110.0,60,52060.0,140,52120.0,60,52050.0,53,52130.0,39,52040.0,59
1597988572133392896,1597988572437999872,2020-08-21 13:42:52.438000,52090.0,52280.0,51820.0,52160.0,nan,52027.69,93572,24341674900.0,119118,52090.0,52,52080.0,45,52100.0,53,52070.0,70,52110.0,61,52060.0,140,52120.0,60,52050.0,53,52130.0,39,52040.0,59
1597988572627950080,1597988572923000064,2020-08-21 13:42:52.923000,52090.0,52280.0,51820.0,52160.0,nan,52027.691,93574,24342195800.0,119119,52090.0,50,52080.0,45,52100.0,53,52070.0,70,52110.0,61,52060.0,140,52120.0,60,52050.0,53,52130.0,39,52040.0,59
1597988573114999040,1597988573428999936,2020-08-21 13:42:53.429000,52090.0,52280.0,51820.0,52160.0,nan,52027.691,93574,24342195800.0,119119,52090.0,50,52080.0,45,52100.0,56,52070.0,70,52110.0,58,52060.0,140,52120.0,60,52050.0,53,52130.0,39,52040.0,59
1597988573636980992,1597988573935000064,2020-08-21 13:42:53.935000,52090.0,52280.0,51820.0,52160.0,nan,52027.691,93574,24342195800.0,119119,52090.0,50,52080.0,45,52100.0,56,52070.0,70,52110.0,58,52060.0,140,52120.0,59,52050.0,53,52130.0,39,52040.0,59
1597988574159873024,1597988574424999936,2020-08-21 13:42:54.425000,52090.0,52280.0,51820.0,52160.0,nan,52027.691,93574,24342195800.0,119119,52090.0,51,52080.0,45,52100.0,56,52070.0,70,52110.0,58,52060.0,140,52120.0,59,52050.0,53,52130.0,39,52040.0,59
1597988576130784000,1597988576433000192,2020-08-21 13:42:56.433000,52090.0,52280.0,51820.0,52160.0,nan,52027.691,93574,24342195800.0,119119,52090.0,51,52080.0,45,52100.0,56,52070.0,71,52110.0,58,52060.0,140,52120.0,59,52050.0,53,52130.0,39,52040.0,59
1597988576632616960,1597988576927000064,2020-08-21 13:42:56.927000,52090.0,52280.0,51820.0,52160.0,nan,52027.691,93574,24342195800.0,119119,52090.0,52,52080.0,45,52100.0,56,52070.0,71,52110.0,58,52060.0,140,52120.0,59,52050.0,53,52130.0,39,52040.0,59
1597988577627536896,1597988577927000064,2020-08-21 13:42:57.927000,52080.0,52280.0,51820.0,52160.0,nan,52027.692,93575,24342456200.0,119119,52090.0,52,52080.0,44,52100.0,56,52070.0,71,52110.0,58,52060.0,140,52120.0,59,52050.0,53,52130.0,39,52040.0,59
1597988578117370112,1597988578438999808,2020-08-21 13:42:58.439000,52080.0,52280.0,51820.0,52160.0,nan,52027.692,93576,24342716600.0,119119,52090.0,54,52080.0,35,52100.0,57,52070.0,71,52110.0,58,52060.0,141,52120.0,59,52050.0,53,52130.0,39,52040.0,59
1597988578701526016,1597988578933000192,2020-08-21 13:42:58.933000,52080.0,52280.0,51820.0,52160.0,nan,52027.693,93577,24342977000.0,119120,52090.0,54,52080.0,34,52100.0,57,52070.0,71,52110.0,58,52060.0,141,52120.0,59,52050.0,53,52130.0,39,52040.0,59
1597988579126191104,1597988579436000000,2020-08-21 13:42:59.436000,52080.0,52280.0,51820.0,52160.0,nan,52027.694,93579,24343497800.0,119118,52090.0,54,52080.0,32,52100.0,57,52070.0,71,52110.0,58,52060.0,141,52120.0,59,52050.0,53,52130.0,39,52040.0,59
1597988581134948096,1597988581411000064,2020-08-21 13:43:01.411000,52090.0,52280.0,51820.0,52160.0,nan,52027.694,93580,24343758250.0,119119,52090.0,53,52080.0,32,52100.0,57,52070.0,71,52110.0,58,52060.0,141,52120.0,59,52050.0,53,52130.0,39,52040.0,59
1597988581645404928,1597988581927000064,2020-08-21 13:43:01.927000,52090.0,52280.0,51820.0,52160.0,nan,52027.694,93580,24343758250.0,119119,52090.0,57,52080.0,32,52100.0,56,52070.0,71,52110.0,58,52060.0,141,52120.0,59,52050.0,53,52130.0,39,52040.0,59
