local_nano_time,quote_nano_time,datetime,last_price,highest,lowest,open,close,average,volume,amount,open_interest,ask_price1,ask_volume1,bid_price1,bid_volume1,ask_price2,ask_volume2,bid_price2,bid_volume2,ask_price3,ask_volume3,bid_price3,bid_volume3,ask_price4,ask_volume4,bid_price4,bid_volume4,ask_price5,ask_volume5,bid_price5,bid_volume5
1597988230136414976,1597988230000000000,2020-08-21 13:37:10.000000,20180.0,20220.0,20020.0,20195.0,nan,20110.352401,89628,9012253325.0,64237,20185.0,34,20180.0,36,20190.0,33,20175.0,42,20195.0,35,20170.0,27,20200.0,151,20165.0,33,20205.0,22,20160.0,38
1597988230607976960,1597988230500000000,2020-08-21 13:37:10.500000,20180.0,20220.0,20020.0,20195.0,nan,20110.352401,89628,9012253325.0,64237,20185.0,35,20180.0,28,20190.0,33,20175.0,42,20195.0,35,20170.0,27,20200.0,151,20165.0,33,20205.0,22,20160.0,38
1597988231147447040,1597988231000000000,2020-08-21 13:37:11.000000,20180.0,20220.0,20020.0,20195.0,nan,20110.372599,89654,9014876725.0,64233,20180.0,6,20175.0,42,20185.0,36,20170.0,27,20190.0,33,20165.0,33,20195.0,35,20160.0,38,20200.0,150,20155.0,19
1597988231612658944,1597988231500000000,2020-08-21 13:37:11.500000,20180.0,20220.0,20020.0,20195.0,nan,20110.372599,89654,9014876725.0,64233,20180.0,19,20175.0,40,20185.0,36,20170.0,28,20190.0,35,20165.0,33,20195.0,35,20160.0,38,20200.0,150,20155.0,19
1597988232134522880,1597988232000000000,2020-08-21 13:37:12.000000,20180.0,20220.0,20020.0,20195.0,nan,20110.372599,89654,9014876725.0,64233,20180.0,20,20175.0,33,20185.0,36,20170.0,29,20190.0,35,20165.0,33,20195.0,35,20160.0,38,20200.0,150,20155.0,19
1597988232618825984,1597988232500000000,2020-08-21 13:37:12.500000,20180.0,20220.0,20020.0,20195.0,nan,20110.372599,89654,9014876725.0,64233,20180.0,25,20175.0,34,20185.0,36,20170.0,29,20190.0,35,20165.0,33,20195.0,35,20160.0,38,20200.0,150,20155.0,19
1597988233112025088,1597988233000000000,2020-08-21 13:37:13.000000,20180.0,20220.0,20020.0,20195.0,nan,20110.372599,89654,9014876725.0,64233,20180.0,25,20175.0,37,20185.0,36,20170.0,29,20190.0,35,20165.0,33,20195.0,35,20160.0,38,20200.0,150,20155.0,19
1597988233627062016,1597988233500000000,2020-08-21 13:37:13.500000,20180.0,20220.0,20020.0,20195.0,nan,20110.386576,89672,9016692925.0,64222,20180.0,11,20175.0,37,20185.0,36,20170.0,29,20190.0,35,20165.0,33,20195.0,35,20160.0,38,20200.0,150,20155.0,19
1597988234125996032,1597988234000000000,2020-08-21 13:37:14.000000,20180.0,20220.0,20020.0,20195.0,nan,20110.386576,89672,9016692925.0,64222,20180.0,13,20175.0,38,20185.0,36,20170.0,29,20190.0,35,20165.0,33,20195.0,35,20160.0,38,20200.0,150,20155.0,19
1597988234612814080,1597988234500000000,2020-08-21 13:37:14.500000,20180.0,20220.0,20020.0,20195.0,nan,20110.388128,89674,9016894725.0,64221,20180.0,20,20175.0,38,20185.0,36,20170.0,29,20190.0,35,20165.0,33,20195.0,35,20160.0,38,20200.0,150,20155.0,19
1597988236111345920,1597988236000000000,2020-08-21 13:37:16.000000,20180.0,20220.0,20020.0,20195.0,nan,20110.388128,89674,9016894725.0,64221,20180.0,20,20175.0,38,20185.0,35,20170.0,28,20190.0,35,20165.0,33,20195.0,35,20160.0,38,20200.0,150,20155.0,19
1597988236609284096,1597988236500000000,2020-08-21 13:37:16.500000,20180.0,20220.0,20020.0,20195.0,nan,20110.388128,89674,9016894725.0,64221,20180.0,22,20175.0,38,20185.0,35,20170.0,28,20190.0,35,20165.0,33,20195.0,35,20160.0,38,20200.0,150,20155.0,19
1597988237129108992,1597988237000000000,2020-08-21 13:37:17.000000,20180.0,20220.0,20020.0,20195.0,nan,20110.389625,89676,9017096500.0,64220,20180.0,22,20175.0,31,20185.0,35,20170.0,28,20190.0,35,20165.0,33,20195.0,35,20160.0,38,20200.0,150,20155.0,19
1597988237618430976,1597988237500000000,2020-08-21 13:37:17.500000,20180.0,20220.0,20020.0,20195.0,nan,20110.389625,89676,9017096500.0,64220,20180.0,24,20175.0,23,20185.0,35,20170.0,28,20190.0,35,20165.0,33,20195.0,34,20160.0,38,20200.0,150,20155.0,19
1597988238132982016,1597988238000000000,2020-08-21 13:37:18.000000,20180.0,20220.0,20020.0,20195.0,nan,20110.389625,89676,9017096500.0,64220,20180.0,27,20175.0,18,20185.0,37,20170.0,28,20190.0,35,20165.0,34,20195.0,34,20160.0,38,20200.0,150,20155.0,19
1597988238617593088,1597988238500000000,2020-08-21 13:37:18.500000,20175.0,20220.0,20020.0,20195.0,nan,20110.404752,89697,9019214875.0,64210,20180.0,27,20170.0,28,20185.0,37,20165.0,34,20190.0,35,20160.0,38,20195.0,34,20155.0,19,20200.0,150,20150.0,113
1597988239111805952,1597988239000000000,2020-08-21 13:37:19.000000,20175.0,20220.0,20020.0,20195.0,nan,20110.405472,89698,9019315750.0,64210,20175.0,11,20170.0,27,20180.0,30,20165.0,34,20185.0,37,20160.0,40,20190.0,35,20155.0,23,20195.0,34,20150.0,113
1597988239617937920,1597988239500000000,2020-08-21 13:37:19.500000,20175.0,20220.0,20020.0,20195.0,nan,20110.405472,89698,9019315750.0,64210,20175.0,15,20170.0,23,20180.0,30,20165.0,34,20185.0,37,20160.0,40,20190.0,35,20155.0,23,20195.0,34,20150.0,113
1597988240147271936,1597988240000000000,2020-08-21 13:37:20.000000,20170.0,20220.0,20020.0,20195.0,nan,20110.414776,89711,9020627100.0,64216,20180.0,31,20175.0,1,20185.0,37,20170.0,35,20190.0,35,20165.0,35,20195.0,34,20160.0,40,20200.0,151,20155.0,23
1597988240609607936,1597988240500000000,2020-08-21 13:37:20.500000,20170.0,20220.0,20020.0,20195.0,nan,20110.414776,89711,9020627100.0,64216,20180.0,25,20175.0,8,20185.0,37,20170.0,35,20190.0,35,20165.0,35,20195.0,34,20160.0,40,20200.0,152,20155.0,23
1597988241142262016,1597988241000000000,2020-08-21 13:37:21.000000,20170.0,20220.0,20020.0,20195.0,nan,20110.414776,89711,9020627100.0,64216,20180.0,25,20175.0,19,20185.0,38,20170.0,35,20190.0,35,20165.0,35,20195.0,34,20160.0,40,20200.0,162,20155.0,23
1597988241615591936,1597988241500000000,2020-08-21 13:37:21.500000,20175.0,20220.0,20020.0,20195.0,nan,20110.416216,89713,9020828850.0,64215,20180.0,23,20175.0,17,20185.0,38,20170.0,37,20190.0,35,20165.0,35,20195.0,34,20160.0,40,20200.0,162,20155.0,23
1597988242637712896,1597988242500000000,2020-08-21 13:37:22.500000,20180.0,20220.0,20020.0,20195.0,nan,20110.416992,89714,9020929750.0,64214,20180.0,22,20175.0,18,20185.0,38,20170.0,37,20190.0,35,20165.0,35,20195.0,34,20160.0,40,20200.0,162,20155.0,23
1597988243624283904,1597988243500000000,2020-08-21 13:37:23.500000,20175.0,20220.0,20020.0,20195.0,nan,20110.417712,89715,9021030625.0,64214,20180.0,22,20175.0,17,20185.0,38,20170.0,36,20190.0,35,20165.0,35,20195.0,34,20160.0,40,20200.0,162,20155.0,23
1597988245118383104,1597988245000000000,2020-08-21 13:37:25.000000,20175.0,20220.0,20020.0,20195.0,nan,20110.417712,89715,9021030625.0,64214,20180.0,22,20175.0,16,20185.0,39,20170.0,36,20190.0,35,20165.0,35,20195.0,34,20160.0,40,20200.0,162,20155.0,23
1597988245619764992,1597988245500000000,2020-08-21 13:37:25.500000,20180.0,20220.0,20020.0,20195.0,nan,20110.418487,89716,9021131525.0,64214,20180.0,23,20175.0,16,20185.0,39,20170.0,36,20190.0,35,20165.0,35,20195.0,34,20160.0,40,20200.0,162,20155.0,23
1597988246140040960,1597988246000000000,2020-08-21 13:37:26.000000,20180.0,20220.0,20020.0,20195.0,nan,20110.418487,89716,9021131525.0,64214,20180.0,24,20175.0,16,20185.0,39,20170.0,36,20190.0,35,20165.0,35,20195.0,34,20160.0,40,20200.0,162,20155.0,23
1597988246619254016,1597988246500000000,2020-08-21 13:37:26.500000,20180.0,20220.0,20020.0,20195.0,nan,20110.418487,89716,9021131525.0,64214,20180.0,24,20175.0,15,20185.0,39,20170.0,36,20190.0,35,20165.0,35,20195.0,34,20160.0,40,20200.0,162,20155.0,23
1597988247127393024,1597988247000000000,2020-08-21 13:37:27.000000,20175.0,20220.0,20020.0,20195.0,nan,20110.419207,89717,9021232400.0,64213,20180.0,24,20175.0,14,20185.0,39,20170.0,36,20190.0,35,20165.0,35,20195.0,34,20160.0,40,20200.0,162,20155.0,23
1597988247604100096,1597988247500000000,2020-08-21 13:37:27.500000,20175.0,20220.0,20020.0,20195.0,nan,20110.429283,89731,9022644650.0,64203,20180.0,25,20170.0,36,20185.0,39,20165.0,35,20190.0,35,20160.0,40,20195.0,34,20155.0,23,20200.0,162,20150.0,113
1597988248120581120,1597988248000000000,2020-08-21 13:37:28.000000,20175.0,20220.0,20020.0,20195.0,nan,20110.429283,89731,9022644650.0,64203,20175.0,9,20170.0,37,20180.0,27,20165.0,35,20185.0,39,20160.0,40,20190.0,35,20155.0,25,20195.0,34,20150.0,113
1597988248623369984,1597988248500000000,2020-08-21 13:37:28.500000,20180.0,20220.0,20020.0,20195.0,nan,20110.439412,89745,9024056925.0,64211,20180.0,26,20170.0,38,20185.0,39,20165.0,35,20190.0,35,20160.0,40,20195.0,34,20155.0,25,20200.0,160,20150.0,113
1597988249129722112,1597988249000000000,2020-08-21 13:37:29.000000,20180.0,20220.0,20020.0,20195.0,nan,20110.440187,89746,9024157825.0,64211,20180.0,25,20175.0,5,20185.0,39,20170.0,39,20190.0,35,20165.0,35,20195.0,34,20160.0,40,20200.0,160,20155.0,24
1597988249604788992,1597988249500000000,2020-08-21 13:37:29.500000,20180.0,20220.0,20020.0,20195.0,nan,20110.441737,89748,9024359625.0,64209,20180.0,21,20175.0,17,20185.0,39,20170.0,29,20190.0,35,20165.0,35,20195.0,34,20160.0,40,20200.0,160,20155.0,24
1597988250139079936,1597988250000000000,2020-08-21 13:37:30.000000,20180.0,20220.0,20020.0,20195.0,nan,20110.444006,89751,9024662300.0,64207,20180.0,15,20175.0,21,20185.0,39,20170.0,27,20190.0,35,20165.0,35,20195.0,34,20160.0,40,20200.0,160,20155.0,24
1597988250610458112,1597988250500000000,2020-08-21 13:37:30.500000,20180.0,20220.0,20020.0,20195.0,nan,20110.444781,89752,9024763200.0,64206,20180.0,14,20175.0,22,20185.0,47,20170.0,29,20190.0,35,20165.0,35,20195.0,34,20160.0,40,20200.0,160,20155.0,24
1597988251626533120,1597988251500000000,2020-08-21 13:37:31.500000,20180.0,20220.0,20020.0,20195.0,nan,20110.444781,89752,9024763200.0,64206,20180.0,24,20175.0,22,20185.0,47,20170.0,29,20190.0,35,20165.0,35,20195.0,34,20160.0,40,20200.0,160,20155.0,24
1597988252142522880,1597988252000000000,2020-08-21 13:37:32.000000,20180.0,20220.0,20020.0,20195.0,nan,20110.444781,89752,9024763200.0,64206,20180.0,24,20175.0,21,20185.0,47,20170.0,29,20190.0,35,20165.0,35,20195.0,34,20160.0,40,20200.0,160,20155.0,24
1597988252624064000,1597988252500000000,2020-08-21 13:37:32.500000,20175.0,20220.0,20020.0,20195.0,nan,20110.449096,89758,9025368450.0,64204,20180.0,24,20175.0,15,20185.0,47,20170.0,29,20190.0,85,20165.0,35,20195.0,34,20160.0,40,20200.0,160,20155.0,24
1597988253157263872,1597988253000000000,2020-08-21 13:37:33.000000,20175.0,20220.0,20020.0,20195.0,nan,20110.457725,89770,9026578950.0,64193,20180.0,25,20175.0,8,20185.0,47,20170.0,31,20190.0,86,20165.0,35,20195.0,34,20160.0,40,20200.0,160,20155.0,24
1597988253622336000,1597988253500000000,2020-08-21 13:37:33.500000,20175.0,20220.0,20020.0,20195.0,nan,20110.457725,89770,9026578950.0,64193,20180.0,25,20175.0,16,20185.0,47,20170.0,31,20190.0,86,20165.0,35,20195.0,34,20160.0,40,20200.0,160,20155.0,24
1597988254614561024,1597988254500000000,2020-08-21 13:37:34.500000,20175.0,20220.0,20020.0,20195.0,nan,20110.457725,89770,9026578950.0,64193,20180.0,43,20175.0,16,20185.0,47,20170.0,31,20190.0,86,20165.0,35,20195.0,34,20160.0,40,20200.0,160,20155.0,24
1597988255105146112,1597988255000000000,2020-08-21 13:37:35.000000,20175.0,20220.0,20020.0,20195.0,nan,20110.457725,89770,9026578950.0,64193,20180.0,44,20175.0,16,20185.0,47,20170.0,31,20190.0,86,20165.0,35,20195.0,34,20160.0,40,20200.0,160,20155.0,24
1597988256127611904,1597988256000000000,2020-08-21 13:37:36.000000,20175.0,20220.0,20020.0,20195.0,nan,20110.457725,89770,9026578950.0,64193,20180.0,44,20175.0,16,20185.0,48,20170.0,31,20190.0,86,20165.0,35,20195.0,34,20160.0,40,20200.0,160,20155.0,24
1597988257609166080,1597988257500000000,2020-08-21 13:37:37.500000,20175.0,20220.0,20020.0,20195.0,nan,20110.457725,89770,9026578950.0,64193,20180.0,44,20175.0,17,20185.0,48,20170.0,31,20190.0,86,20165.0,35,20195.0,34,20160.0,40,20200.0,160,20155.0,24
1597988258599220992,1597988258500000000,2020-08-21 13:37:38.500000,20175.0,20220.0,20020.0,20195.0,nan,20110.457725,89770,9026578950.0,64193,20180.0,44,20175.0,20,20185.0,48,20170.0,31,20190.0,86,20165.0,35,20195.0,34,20160.0,40,20200.0,160,20155.0,24
1597988259132564992,1597988259000000000,2020-08-21 13:37:39.000000,20175.0,20220.0,20020.0,20195.0,nan,20110.457725,89770,9026578950.0,64193,20180.0,44,20175.0,21,20185.0,48,20170.0,31,20190.0,86,20165.0,35,20195.0,34,20160.0,40,20200.0,160,20155.0,24
1597988259611770112,1597988259500000000,2020-08-21 13:37:39.500000,20175.0,20220.0,20020.0,20195.0,nan,20110.457725,89770,9026578950.0,64193,20180.0,45,20175.0,21,20185.0,48,20170.0,31,20190.0,87,20165.0,35,20195.0,34,20160.0,40,20200.0,159,20155.0,24
1597988262116142080,1597988262000000000,2020-08-21 13:37:42.000000,20175.0,20220.0,20020.0,20195.0,nan,20110.457725,89770,9026578950.0,64193,20180.0,45,20175.0,23,20185.0,48,20170.0,31,20190.0,87,20165.0,35,20195.0,35,20160.0,40,20200.0,159,20155.0,24
1597988262630644992,1597988262500000000,2020-08-21 13:37:42.500000,20175.0,20220.0,20020.0,20195.0,nan,20110.457725,89770,9026578950.0,64193,20180.0,45,20175.0,24,20185.0,48,20170.0,31,20190.0,87,20165.0,35,20195.0,35,20160.0,40,20200.0,159,20155.0,24
1597988263102682112,1597988263000000000,2020-08-21 13:37:43.000000,20175.0,20220.0,20020.0,20195.0,nan,20110.457725,89770,9026578950.0,64193,20180.0,45,20175.0,30,20185.0,48,20170.0,31,20190.0,87,20165.0,35,20195.0,35,20160.0,40,20200.0,159,20155.0,24
1597988263614156032,1597988263500000000,2020-08-21 13:37:43.500000,20180.0,20220.0,20020.0,20195.0,nan,20110.491794,89814,9031018550.0,64230,20185.0,48,20180.0,1,20190.0,87,20175.0,46,20195.0,35,20170.0,31,20200.0,159,20165.0,35,20205.0,27,20160.0,40
1597988264118369024,1597988264000000000,2020-08-21 13:37:44.000000,20175.0,20220.0,20020.0,20195.0,nan,20110.527153,89860,9035659850.0,64205,20185.0,45,20180.0,12,20190.0,87,20175.0,27,20195.0,36,20170.0,31,20200.0,159,20165.0,33,20205.0,27,20160.0,40
1597988264614842880,1597988264500000000,2020-08-21 13:37:44.500000,20180.0,20220.0,20020.0,20195.0,nan,20110.540294,89877,9037375150.0,64189,20180.0,49,20175.0,20,20185.0,48,20170.0,31,20190.0,87,20165.0,32,20195.0,36,20160.0,40,20200.0,159,20155.0,24
1597988265133764096,1597988265000000000,2020-08-21 13:37:45.000000,20180.0,20220.0,20020.0,20195.0,nan,20110.550444,89891,9038787450.0,64187,20180.0,52,20170.0,30,20185.0,50,20165.0,32,20190.0,87,20160.0,40,20195.0,35,20155.0,24,20200.0,159,20150.0,113
1597988265608452096,1597988265500000000,2020-08-21 13:37:45.500000,20175.0,20220.0,20020.0,20195.0,nan,20110.551878,89893,9038989200.0,64187,20180.0,51,20175.0,9,20185.0,50,20170.0,40,20190.0,87,20165.0,32,20195.0,35,20160.0,40,20200.0,159,20155.0,22
1597988266131802880,1597988266000000000,2020-08-21 13:37:46.000000,20175.0,20220.0,20020.0,20195.0,nan,20110.551878,89893,9038989200.0,64187,20180.0,41,20175.0,23,20185.0,50,20170.0,39,20190.0,87,20165.0,32,20195.0,35,20160.0,40,20200.0,159,20155.0,22
1597988266614598912,1597988266500000000,2020-08-21 13:37:46.500000,20175.0,20220.0,20020.0,20195.0,nan,20110.551878,89893,9038989200.0,64187,20180.0,41,20175.0,25,20185.0,50,20170.0,39,20190.0,87,20165.0,33,20195.0,35,20160.0,40,20200.0,159,20155.0,22
1597988267133349888,1597988267000000000,2020-08-21 13:37:47.000000,20175.0,20220.0,20020.0,20195.0,nan,20110.551878,89893,9038989200.0,64187,20180.0,41,20175.0,24,20185.0,50,20170.0,39,20190.0,87,20165.0,33,20195.0,35,20160.0,41,20200.0,159,20155.0,22
1597988267612311040,1597988267500000000,2020-08-21 13:37:47.500000,20175.0,20220.0,20020.0,20195.0,nan,20110.551878,89893,9038989200.0,64187,20180.0,41,20175.0,25,20185.0,50,20170.0,39,20190.0,87,20165.0,33,20195.0,35,20160.0,41,20200.0,159,20155.0,22
1597988268617178880,1597988268500000000,2020-08-21 13:37:48.500000,20180.0,20220.0,20020.0,20195.0,nan,20110.552651,89894,9039090100.0,64187,20180.0,35,20175.0,25,20185.0,50,20170.0,36,20190.0,87,20165.0,33,20195.0,35,20160.0,41,20200.0,159,20155.0,22
1597988269106927104,1597988269000000000,2020-08-21 13:37:49.000000,20180.0,20220.0,20020.0,20195.0,nan,20110.552651,89894,9039090100.0,64187,20180.0,32,20175.0,29,20185.0,50,20170.0,36,20190.0,87,20165.0,33,20195.0,35,20160.0,41,20200.0,159,20155.0,22
1597988269618098944,1597988269500000000,2020-08-21 13:37:49.500000,20180.0,20220.0,20020.0,20195.0,nan,20110.552651,89894,9039090100.0,64187,20180.0,32,20175.0,28,20185.0,50,20170.0,36,20190.0,87,20165.0,32,20195.0,35,20160.0,41,20200.0,159,20155.0,22
1597988270143005952,1597988270000000000,2020-08-21 13:37:50.000000,20180.0,20220.0,20020.0,20195.0,nan,20110.552651,89894,9039090100.0,64187,20180.0,31,20175.0,28,20185.0,50,20170.0,36,20190.0,87,20165.0,30,20195.0,35,20160.0,41,20200.0,159,20155.0,22
1597988270605965056,1597988270500000000,2020-08-21 13:37:50.500000,20180.0,20220.0,20020.0,20195.0,nan,20110.553423,89895,9039191000.0,64187,20180.0,30,20175.0,25,20185.0,50,20170.0,36,20190.0,87,20165.0,30,20195.0,35,20160.0,41,20200.0,159,20155.0,22
1597988271141878016,1597988271000000000,2020-08-21 13:37:51.000000,20180.0,20220.0,20020.0,20195.0,nan,20110.554196,89896,9039291900.0,64186,20180.0,29,20175.0,25,20185.0,50,20170.0,36,20190.0,87,20165.0,30,20195.0,35,20160.0,41,20200.0,159,20155.0,22
1597988272131977984,1597988272000000000,2020-08-21 13:37:52.000000,20180.0,20220.0,20020.0,20195.0,nan,20110.554196,89896,9039291900.0,64186,20180.0,30,20175.0,25,20185.0,50,20170.0,36,20190.0,87,20165.0,30,20195.0,35,20160.0,41,20200.0,159,20155.0,22
1597988274139738880,1597988274000000000,2020-08-21 13:37:54.000000,20180.0,20220.0,20020.0,20195.0,nan,20110.554196,89896,9039291900.0,64186,20180.0,30,20175.0,18,20185.0,50,20170.0,36,20190.0,87,20165.0,30,20195.0,35,20160.0,41,20200.0,159,20155.0,22
1597988274644647936,1597988274500000000,2020-08-21 13:37:54.500000,20180.0,20220.0,20020.0,20195.0,nan,20110.554196,89896,9039291900.0,64186,20180.0,30,20175.0,12,20185.0,50,20170.0,36,20190.0,87,20165.0,30,20195.0,35,20160.0,41,20200.0,159,20155.0,22
1597988275130352128,1597988275000000000,2020-08-21 13:37:55.000000,20175.0,20220.0,20020.0,20195.0,nan,20110.554913,89897,9039392775.0,64187,20180.0,29,20175.0,11,20185.0,50,20170.0,36,20190.0,87,20165.0,30,20195.0,35,20160.0,41,20200.0,159,20155.0,22
1597988275707780096,1597988275500000000,2020-08-21 13:37:55.500000,20175.0,20220.0,20020.0,20195.0,nan,20110.554913,89897,9039392775.0,64187,20180.0,31,20175.0,10,20185.0,50,20170.0,36,20190.0,87,20165.0,30,20195.0,35,20160.0,41,20200.0,159,20155.0,22
1597988276805114880,1597988276500000000,2020-08-21 13:37:56.500000,20175.0,20220.0,20020.0,20195.0,nan,20110.554913,89897,9039392775.0,64187,20180.0,30,20175.0,18,20185.0,50,20170.0,36,20190.0,87,20165.0,30,20195.0,35,20160.0,41,20200.0,159,20155.0,22
1597988277217779968,1597988277000000000,2020-08-21 13:37:57.000000,20180.0,20220.0,20020.0,20195.0,nan,20110.555685,89898,9039493675.0,64187,20180.0,30,20175.0,18,20185.0,50,20170.0,36,20190.0,87,20165.0,30,20195.0,35,20160.0,41,20200.0,159,20155.0,22
1597988277621424896,1597988277500000000,2020-08-21 13:37:57.500000,20180.0,20220.0,20020.0,20195.0,nan,20110.555685,89898,9039493675.0,64187,20180.0,31,20175.0,18,20185.0,50,20170.0,36,20190.0,87,20165.0,30,20195.0,35,20160.0,41,20200.0,159,20155.0,22
1597988278129805056,1597988278000000000,2020-08-21 13:37:58.000000,20180.0,20220.0,20020.0,20195.0,nan,20110.555685,89898,9039493675.0,64187,20180.0,31,20175.0,14,20185.0,50,20170.0,36,20190.0,87,20165.0,30,20195.0,35,20160.0,41,20200.0,159,20155.0,22
1597988279146690048,1597988279000000000,2020-08-21 13:37:59.000000,20175.0,20220.0,20020.0,20195.0,nan,20110.556402,89899,9039594550.0,64188,20180.0,33,20175.0,13,20185.0,50,20170.0,36,20190.0,87,20165.0,30,20195.0,35,20160.0,41,20200.0,159,20155.0,22
1597988279638429952,1597988279500000000,2020-08-21 13:37:59.500000,20180.0,20220.0,20020.0,20195.0,nan,20110.557175,89900,9039695450.0,64189,20180.0,33,20175.0,12,20185.0,50,20170.0,36,20190.0,87,20165.0,30,20195.0,35,20160.0,41,20200.0,159,20155.0,22
1597988280160194048,1597988280000000000,2020-08-21 13:38:00.000000,20180.0,20220.0,20020.0,20195.0,nan,20110.557175,89900,9039695450.0,64189,20180.0,33,20175.0,12,20185.0,50,20170.0,36,20190.0,87,20165.0,30,20195.0,45,20160.0,41,20200.0,159,20155.0,22
1597988280614740992,1597988280500000000,2020-08-21 13:38:00.500000,20180.0,20220.0,20020.0,20195.0,nan,20110.557175,89900,9039695450.0,64189,20180.0,35,20175.0,13,20185.0,50,20170.0,36,20190.0,87,20165.0,30,20195.0,45,20160.0,41,20200.0,159,20155.0,22
1597988281144658944,1597988281000000000,2020-08-21 13:38:01.000000,20175.0,20220.0,20020.0,20195.0,nan,20110.560981,89905,9040199925.0,64190,20180.0,31,20175.0,15,20185.0,50,20170.0,36,20190.0,87,20165.0,30,20195.0,45,20160.0,41,20200.0,159,20155.0,22
1597988281611484928,1597988281500000000,2020-08-21 13:38:01.500000,20175.0,20220.0,20020.0,20195.0,nan,20110.560981,89905,9040199925.0,64190,20180.0,31,20175.0,32,20185.0,50,20170.0,36,20190.0,87,20165.0,30,20195.0,45,20160.0,41,20200.0,159,20155.0,22
1597988282144043008,1597988282000000000,2020-08-21 13:38:02.000000,20180.0,20220.0,20020.0,20195.0,nan,20110.583372,89934,9043126025.0,64193,20185.0,50,20175.0,35,20190.0,87,20170.0,36,20195.0,45,20165.0,30,20200.0,159,20160.0,41,20205.0,27,20155.0,22
1597988282638402048,1597988282500000000,2020-08-21 13:38:02.500000,20180.0,20220.0,20020.0,20195.0,nan,20110.584916,89936,9043327825.0,64193,20185.0,46,20180.0,13,20190.0,87,20175.0,41,20195.0,35,20170.0,32,20200.0,159,20165.0,30,20205.0,27,20160.0,41
1597988283118610944,1597988283000000000,2020-08-21 13:38:03.000000,20180.0,20220.0,20020.0,20195.0,nan,20110.584916,89936,9043327825.0,64193,20185.0,48,20180.0,16,20190.0,87,20175.0,36,20195.0,35,20170.0,32,20200.0,159,20165.0,30,20205.0,27,20160.0,41
1597988283616034048,1597988283500000000,2020-08-21 13:38:03.500000,20180.0,20220.0,20020.0,20195.0,nan,20110.584916,89936,9043327825.0,64193,20185.0,48,20180.0,33,20190.0,87,20175.0,36,20195.0,35,20170.0,32,20200.0,159,20165.0,30,20205.0,27,20160.0,41
1597988284141353984,1597988284000000000,2020-08-21 13:38:04.000000,20180.0,20220.0,20020.0,20195.0,nan,20110.584916,89936,9043327825.0,64193,20185.0,48,20180.0,36,20190.0,87,20175.0,38,20195.0,35,20170.0,32,20200.0,159,20165.0,38,20205.0,27,20160.0,41
1597988284614991872,1597988284500000000,2020-08-21 13:38:04.500000,20185.0,20220.0,20020.0,20195.0,nan,20110.586571,89938,9043529675.0,64191,20185.0,46,20180.0,36,20190.0,87,20175.0,38,20195.0,35,20170.0,32,20200.0,159,20165.0,38,20205.0,27,20160.0,41
1597988285120102912,1597988285000000000,2020-08-21 13:38:05.000000,20185.0,20220.0,20020.0,20195.0,nan,20110.586571,89938,9043529675.0,64191,20185.0,46,20180.0,40,20190.0,87,20175.0,37,20195.0,35,20170.0,32,20200.0,158,20165.0,37,20205.0,27,20160.0,41
1597988285620743936,1597988285500000000,2020-08-21 13:38:05.500000,20180.0,20220.0,20020.0,20195.0,nan,20110.595059,89949,9044639575.0,64202,20185.0,46,20180.0,30,20190.0,87,20175.0,37,20195.0,36,20170.0,138,20200.0,158,20165.0,37,20205.0,27,20160.0,41
1597988286141876992,1597988286000000000,2020-08-21 13:38:06.000000,20185.0,20220.0,20020.0,20195.0,nan,20110.596714,89951,9044841425.0,64200,20185.0,44,20180.0,31,20190.0,87,20175.0,37,20195.0,36,20170.0,139,20200.0,158,20165.0,37,20205.0,27,20160.0,41
1597988287124822016,1597988287000000000,2020-08-21 13:38:07.000000,20180.0,20220.0,20020.0,20195.0,nan,20110.598257,89953,9045043225.0,64199,20185.0,44,20180.0,30,20190.0,87,20175.0,37,20195.0,36,20170.0,139,20200.0,158,20165.0,37,20205.0,27,20160.0,41
1597988287617039872,1597988287500000000,2020-08-21 13:38:07.500000,20180.0,20220.0,20020.0,20195.0,nan,20110.598257,89953,9045043225.0,64199,20185.0,44,20180.0,31,20190.0,87,20175.0,37,20195.0,36,20170.0,139,20200.0,158,20165.0,37,20205.0,27,20160.0,41
1597988288144537088,1597988288000000000,2020-08-21 13:38:08.000000,20180.0,20220.0,20020.0,20195.0,nan,20110.598257,89953,9045043225.0,64199,20185.0,44,20180.0,30,20190.0,87,20175.0,37,20195.0,36,20170.0,139,20200.0,158,20165.0,37,20205.0,27,20160.0,41
1597988289630654976,1597988289500000000,2020-08-21 13:38:09.500000,20180.0,20220.0,20020.0,20195.0,nan,20110.598257,89953,9045043225.0,64199,20185.0,44,20180.0,30,20190.0,87,20175.0,37,20195.0,36,20170.0,139,20200.0,158,20165.0,37,20205.0,37,20160.0,41
1597988290112762880,1597988290000000000,2020-08-21 13:38:10.000000,20180.0,20220.0,20020.0,20195.0,nan,20110.598257,89953,9045043225.0,64199,20185.0,47,20180.0,30,20190.0,87,20175.0,37,20195.0,36,20170.0,139,20200.0,158,20165.0,37,20205.0,37,20160.0,41
1597988290612529920,1597988290500000000,2020-08-21 13:38:10.500000,20180.0,20220.0,20020.0,20195.0,nan,20110.598257,89953,9045043225.0,64199,20185.0,47,20180.0,30,20190.0,88,20175.0,37,20195.0,36,20170.0,139,20200.0,158,20165.0,37,20205.0,37,20160.0,41
1597988291618726912,1597988291500000000,2020-08-21 13:38:11.500000,20180.0,20220.0,20020.0,20195.0,nan,20110.598257,89953,9045043225.0,64199,20185.0,47,20180.0,33,20190.0,88,20175.0,37,20195.0,36,20170.0,139,20200.0,158,20165.0,37,20205.0,37,20160.0,41
1597988292609443072,1597988292500000000,2020-08-21 13:38:12.500000,20180.0,20220.0,20020.0,20195.0,nan,20110.598257,89953,9045043225.0,64199,20185.0,47,20180.0,34,20190.0,88,20175.0,37,20195.0,36,20170.0,139,20200.0,158,20165.0,37,20205.0,37,20160.0,41
1597988293121713920,1597988293000000000,2020-08-21 13:38:13.000000,20185.0,20220.0,20020.0,20195.0,nan,20110.602392,89958,9045547850.0,64198,20185.0,43,20180.0,38,20190.0,88,20175.0,42,20195.0,36,20170.0,139,20200.0,158,20165.0,37,20205.0,37,20160.0,41
1597988293599600896,1597988293500000000,2020-08-21 13:38:13.500000,20185.0,20220.0,20020.0,20195.0,nan,20110.602392,89958,9045547850.0,64198,20185.0,42,20180.0,39,20190.0,88,20175.0,42,20195.0,37,20170.0,139,20200.0,158,20165.0,37,20205.0,37,20160.0,41
1597988295146014976,1597988295000000000,2020-08-21 13:38:15.000000,20185.0,20220.0,20020.0,20195.0,nan,20110.604046,89960,9045749700.0,64198,20185.0,40,20180.0,39,20190.0,88,20175.0,42,20195.0,37,20170.0,139,20200.0,158,20165.0,37,20205.0,37,20160.0,41
1597988295614418944,1597988295500000000,2020-08-21 13:38:15.500000,20185.0,20220.0,20020.0,20195.0,nan,20110.604046,89960,9045749700.0,64198,20185.0,40,20180.0,40,20190.0,88,20175.0,42,20195.0,37,20170.0,139,20200.0,158,20165.0,37,20205.0,37,20160.0,41
1597988296640733952,1597988296500000000,2020-08-21 13:38:16.500000,20180.0,20220.0,20020.0,20195.0,nan,20110.60807,89965,9046254275.0,64196,20185.0,47,20180.0,41,20190.0,88,20175.0,42,20195.0,37,20170.0,139,20200.0,158,20165.0,37,20205.0,37,20160.0,41
1597988297149047040,1597988297000000000,2020-08-21 13:38:17.000000,20180.0,20220.0,20020.0,20195.0,nan,20110.60807,89965,9046254275.0,64196,20185.0,51,20180.0,45,20190.0,88,20175.0,42,20195.0,37,20170.0,139,20200.0,158,20165.0,37,20205.0,37,20160.0,41
1597988297622955008,1597988297500000000,2020-08-21 13:38:17.500000,20180.0,20220.0,20020.0,20195.0,nan,20110.60807,89965,9046254275.0,64196,20185.0,57,20180.0,46,20190.0,88,20175.0,42,20195.0,37,20170.0,139,20200.0,152,20165.0,37,20205.0,37,20160.0,41
1597988298622642944,1597988298500000000,2020-08-21 13:38:18.500000,20185.0,20220.0,20020.0,20195.0,nan,20110.656825,90024,9052208850.0,64223,20190.0,88,20180.0,55,20195.0,37,20175.0,42,20200.0,152,20170.0,139,20205.0,37,20165.0,37,20210.0,13,20160.0,41
1597988299130188032,1597988299000000000,2020-08-21 13:38:19.000000,20185.0,20220.0,20020.0,20195.0,nan,20110.657651,90025,9052309775.0,64223,20190.0,89,20185.0,27,20195.0,37,20180.0,57,20200.0,152,20175.0,42,20205.0,37,20170.0,138,20210.0,13,20165.0,37
1597988299620118016,1597988299500000000,2020-08-21 13:38:19.500000,20185.0,20220.0,20020.0,20195.0,nan,20110.690668,90065,9056346775.0,64217,20190.0,90,20185.0,3,20195.0,37,20180.0,47,20200.0,153,20175.0,42,20205.0,37,20170.0,136,20210.0,13,20165.0,37
1597988300145614080,1597988300000000000,2020-08-21 13:38:20.000000,20185.0,20220.0,20020.0,20195.0,nan,20110.698093,90074,9057255100.0,64213,20185.0,7,20180.0,44,20190.0,91,20175.0,42,20195.0,37,20170.0,136,20200.0,153,20165.0,37,20205.0,37,20160.0,41
1597988300616796928,1597988300500000000,2020-08-21 13:38:20.500000,20190.0,20220.0,20020.0,20195.0,nan,20110.747468,90131,9063008900.0,64251,20190.0,49,20185.0,11,20195.0,37,20180.0,46,20200.0,154,20175.0,42,20205.0,37,20170.0,136,20210.0,13,20165.0,37
1597988301438804992,1597988301000000000,2020-08-21 13:38:21.000000,20185.0,20220.0,20020.0,20195.0,nan,20110.76147,90148,9064724625.0,64239,20190.0,49,20185.0,3,20195.0,37,20180.0,46,20200.0,155,20175.0,42,20205.0,37,20170.0,136,20210.0,13,20165.0,37
1597988301825784064,1597988301500000000,2020-08-21 13:38:21.500000,20190.0,20220.0,20020.0,20195.0,nan,20110.805228,90198,9069772050.0,64278,20195.0,38,20190.0,100,20200.0,155,20185.0,1,20205.0,37,20180.0,44,20210.0,13,20175.0,39,20215.0,81,20170.0,136
1597988302136067072,1597988302000000000,2020-08-21 13:38:22.000000,20190.0,20220.0,20020.0,20195.0,nan,20110.80874,90202,9070175850.0,64278,20195.0,36,20190.0,160,20200.0,154,20185.0,13,20205.0,35,20180.0,42,20210.0,19,20175.0,46,20215.0,81,20170.0,141
1597988302618535936,1597988302500000000,2020-08-21 13:38:22.500000,20190.0,20220.0,20020.0,20195.0,nan,20110.80874,90202,9070175850.0,64278,20195.0,32,20190.0,185,20200.0,94,20185.0,33,20205.0,35,20180.0,42,20210.0,19,20175.0,46,20215.0,81,20170.0,141
1597988303118714880,1597988303000000000,2020-08-21 13:38:23.000000,20190.0,20220.0,20020.0,20195.0,nan,20110.80874,90202,9070175850.0,64278,20195.0,32,20190.0,187,20200.0,94,20185.0,34,20205.0,35,20180.0,42,20210.0,19,20175.0,45,20215.0,81,20170.0,141
1597988303615874048,1597988303500000000,2020-08-21 13:38:23.500000,20195.0,20220.0,20020.0,20195.0,nan,20110.836732,90232,9073205100.0,64301,20200.0,94,20195.0,10,20205.0,35,20190.0,190,20210.0,19,20185.0,34,20215.0,81,20180.0,40,20220.0,68,20175.0,45
1597988304149638912,1597988304000000000,2020-08-21 13:38:24.000000,20195.0,20220.0,20020.0,20195.0,nan,20110.843316,90239,9073911950.0,64300,20200.0,96,20195.0,34,20205.0,35,20190.0,170,20210.0,20,20185.0,34,20215.0,13,20180.0,23,20220.0,68,20175.0,54
1597988304618074112,1597988304500000000,2020-08-21 13:38:24.500000,20195.0,20220.0,20020.0,20195.0,nan,20110.843316,90239,9073911950.0,64300,20200.0,94,20195.0,36,20205.0,35,20190.0,170,20210.0,22,20185.0,17,20215.0,22,20180.0,23,20220.0,68,20175.0,54
1597988305109101056,1597988305000000000,2020-08-21 13:38:25.000000,20200.0,20220.0,20020.0,20195.0,nan,20110.844304,90240,9074012950.0,64300,20200.0,93,20195.0,34,20205.0,35,20190.0,170,20210.0,22,20185.0,17,20215.0,22,20180.0,23,20220.0,68,20175.0,54
1597988305633692928,1597988305500000000,2020-08-21 13:38:25.500000,20200.0,20220.0,20020.0,20195.0,nan,20110.882819,90279,9077951950.0,64301,20200.0,55,20195.0,36,20205.0,35,20190.0,168,20210.0,22,20185.0,17,20215.0,22,20180.0,23,20220.0,67,20175.0,54
1597988306142720000,1597988306000000000,2020-08-21 13:38:26.000000,20200.0,20220.0,20020.0,20195.0,nan,20110.891702,90288,9078860950.0,64307,20200.0,47,20195.0,37,20205.0,34,20190.0,166,20210.0,22,20185.0,17,20215.0,22,20180.0,22,20220.0,67,20175.0,54
1597988306612704000,1597988306500000000,2020-08-21 13:38:26.500000,20200.0,20220.0,20020.0,20195.0,nan,20110.938064,90335,9083607950.0,64345,20205.0,34,20200.0,13,20210.0,22,20195.0,40,20215.0,22,20190.0,164,20220.0,67,20185.0,17,20225.0,21,20180.0,22
1597988307108112896,1597988307000000000,2020-08-21 13:38:27.000000,20200.0,20220.0,20020.0,20195.0,nan,20110.967631,90365,9086637950.0,64355,20205.0,47,20200.0,7,20210.0,20,20195.0,20,20215.0,24,20190.0,78,20220.0,69,20185.0,17,20225.0,21,20180.0,30
1597988307621424896,1597988307500000000,2020-08-21 13:38:27.500000,20195.0,20220.0,20020.0,20195.0,nan,20110.977372,90375,9087647900.0,64363,20200.0,21,20195.0,17,20205.0,39,20190.0,78,20210.0,20,20185.0,17,20215.0,24,20180.0,30,20220.0,69,20175.0,46
1597988308118533888,1597988308000000000,2020-08-21 13:38:28.000000,20200.0,20220.0,20020.0,20195.0,nan,20110.989136,90387,9088859875.0,64352,20200.0,14,20195.0,24,20205.0,39,20190.0,78,20210.0,22,20185.0,17,20215.0,24,20180.0,30,20220.0,69,20175.0,46
1597988308623474944,1597988308500000000,2020-08-21 13:38:28.500000,20205.0,20220.0,20020.0,20195.0,nan,20111.042526,90439,9094112875.0,64385,20210.0,22,20205.0,3,20215.0,24,20200.0,3,20220.0,69,20195.0,33,20225.0,21,20190.0,78,20230.0,96,20185.0,17
1597988309156077056,1597988309000000000,2020-08-21 13:38:29.000000,20205.0,20220.0,20020.0,20195.0,nan,20111.070568,90466,9096840550.0,64382,20210.0,41,20205.0,11,20215.0,24,20200.0,18,20220.0,71,20195.0,23,20225.0,20,20190.0,78,20230.0,96,20185.0,22
1597988309687400960,1597988309500000000,2020-08-21 13:38:29.500000,20205.0,20220.0,20020.0,20195.0,nan,20111.090181,90485,9098759975.0,64381,20205.0,2,20200.0,15,20210.0,39,20195.0,22,20215.0,24,20190.0,78,20220.0,71,20185.0,22,20225.0,20,20180.0,22
1597988310205097984,1597988310000000000,2020-08-21 13:38:30.000000,20205.0,20220.0,20020.0,20195.0,nan,20111.091219,90486,9098861000.0,64382,20205.0,33,20200.0,16,20210.0,39,20195.0,24,20215.0,25,20190.0,78,20220.0,71,20185.0,22,20225.0,20,20180.0,22
1597988310608076032,1597988310500000000,2020-08-21 13:38:30.500000,20200.0,20220.0,20020.0,20195.0,nan,20111.096131,90491,9099366000.0,64377,20205.0,34,20200.0,8,20210.0,41,20195.0,24,20215.0,25,20190.0,78,20220.0,71,20185.0,22,20225.0,20,20180.0,22
1597988311106539008,1597988311000000000,2020-08-21 13:38:31.000000,20205.0,20220.0,20020.0,20195.0,nan,20111.1314,90525,9102800850.0,64404,20210.0,41,20205.0,16,20215.0,25,20200.0,13,20220.0,71,20195.0,23,20225.0,20,20190.0,78,20230.0,96,20185.0,22
1597988311605445888,1597988311500000000,2020-08-21 13:38:31.500000,20195.0,20220.0,20020.0,20195.0,nan,20111.169738,90563,9106639325.0,64394,20205.0,12,20195.0,18,20210.0,40,20190.0,78,20215.0,25,20185.0,22,20220.0,71,20180.0,22,20225.0,22,20175.0,46
1597988312142064128,1597988312000000000,2020-08-21 13:38:32.000000,20200.0,20220.0,20020.0,20195.0,nan,20111.172681,90566,9106942325.0,64395,20205.0,31,20200.0,16,20210.0,45,20195.0,25,20215.0,25,20190.0,78,20220.0,70,20185.0,22,20225.0,20,20180.0,22
1597988312618597888,1597988312500000000,2020-08-21 13:38:32.500000,20200.0,20220.0,20020.0,20195.0,nan,20111.172681,90566,9106942325.0,64395,20205.0,31,20200.0,17,20210.0,46,20195.0,25,20215.0,27,20190.0,78,20220.0,70,20185.0,22,20225.0,20,20180.0,22
1597988313117227008,1597988313000000000,2020-08-21 13:38:33.000000,20205.0,20220.0,20020.0,20195.0,nan,20111.206746,90599,9110276100.0,64409,20210.0,46,20205.0,20,20215.0,27,20200.0,17,20220.0,70,20195.0,25,20225.0,20,20190.0,28,20230.0,96,20185.0,22
1597988313618507008,1597988313500000000,2020-08-21 13:38:33.500000,20205.0,20220.0,20020.0,20195.0,nan,20111.238332,90630,9113407650.0,64406,20205.0,10,20200.0,3,20210.0,46,20195.0,27,20215.0,27,20190.0,28,20220.0,70,20185.0,22,20225.0,20,20180.0,27
1597988314134658048,1597988314000000000,2020-08-21 13:38:34.000000,20200.0,20220.0,20020.0,20195.0,nan,20111.241325,90633,9113710675.0,64405,20205.0,28,20200.0,25,20210.0,47,20195.0,27,20215.0,27,20190.0,28,20220.0,70,20185.0,22,20225.0,20,20180.0,27
1597988314621680128,1597988314500000000,2020-08-21 13:38:34.500000,20205.0,20220.0,20020.0,20195.0,nan,20111.242359,90634,9113811700.0,64406,20205.0,27,20200.0,31,20210.0,47,20195.0,27,20215.0,27,20190.0,29,20220.0,70,20185.0,22,20225.0,20,20180.0,27
1597988315156605952,1597988315000000000,2020-08-21 13:38:35.000000,20200.0,20220.0,20020.0,20195.0,nan,20111.276897,90669,9117346825.0,64383,20205.0,28,20200.0,2,20210.0,47,20195.0,27,20215.0,27,20190.0,29,20220.0,70,20185.0,22,20225.0,20,20180.0,27
1597988315687888896,1597988315500000000,2020-08-21 13:38:35.500000,20200.0,20220.0,20020.0,20195.0,nan,20111.276897,90669,9117346825.0,64383,20205.0,32,20200.0,1,20210.0,47,20195.0,25,20215.0,27,20190.0,29,20220.0,70,20185.0,22,20225.0,20,20180.0,28
1597988316141296128,1597988316000000000,2020-08-21 13:38:36.000000,20205.0,20220.0,20020.0,20195.0,nan,20111.279943,90672,9117649875.0,64385,20200.0,2,20195.0,23,20205.0,29,20190.0,28,20210.0,46,20185.0,22,20215.0,26,20180.0,28,20220.0,70,20175.0,45
1597988316615635968,1597988316500000000,2020-08-21 13:38:36.500000,20200.0,20220.0,20020.0,20195.0,nan,20111.286792,90679,9118356875.0,64382,20200.0,3,20195.0,19,20205.0,31,20190.0,28,20210.0,46,20185.0,23,20215.0,26,20180.0,28,20220.0,70,20175.0,45
1597988317138310912,1597988317000000000,2020-08-21 13:38:37.000000,20205.0,20220.0,20020.0,20195.0,nan,20111.334458,90726,9123104650.0,64416,20210.0,46,20205.0,40,20215.0,26,20200.0,7,20220.0,70,20195.0,20,20225.0,20,20190.0,30,20230.0,97,20185.0,23
1597988317638136064,1597988317500000000,2020-08-21 13:38:37.500000,20200.0,20220.0,20020.0,20195.0,nan,20111.381704,90772,9127751700.0,64419,20205.0,22,20200.0,7,20210.0,45,20195.0,22,20215.0,26,20190.0,30,20220.0,70,20185.0,23,20225.0,20,20180.0,28
1597988318180785920,1597988318000000000,2020-08-21 13:38:38.000000,20210.0,20220.0,20020.0,20195.0,nan,20111.42478,90814,9131994650.0,64436,20210.0,38,20200.0,15,20215.0,26,20195.0,22,20220.0,70,20190.0,38,20225.0,20,20185.0,23,20230.0,97,20180.0,28
1597988318610032896,1597988318500000000,2020-08-21 13:38:38.500000,20210.0,20220.0,20020.0,20195.0,nan,20111.42478,90814,9131994650.0,64436,20210.0,29,20205.0,5,20215.0,27,20200.0,29,20220.0,70,20195.0,22,20225.0,20,20190.0,38,20230.0,97,20185.0,23
1597988319133664000,1597988319000000000,2020-08-21 13:38:39.000000,20205.0,20220.0,20020.0,20195.0,nan,20111.473278,90862,9136843425.0,64416,20210.0,29,20205.0,5,20215.0,28,20200.0,13,20220.0,70,20195.0,22,20225.0,20,20190.0,38,20230.0,97,20185.0,23
1597988319616303104,1597988319500000000,2020-08-21 13:38:39.500000,20200.0,20220.0,20020.0,20195.0,nan,20111.487466,90876,9138257675.0,64415,20205.0,3,20200.0,9,20210.0,29,20195.0,22,20215.0,28,20190.0,39,20220.0,70,20185.0,23,20225.0,20,20180.0,28
1597988320121558016,1597988320000000000,2020-08-21 13:38:40.000000,20205.0,20220.0,20020.0,20195.0,nan,20111.497755,90886,9139267925.0,64419,20210.0,30,20205.0,1,20215.0,28,20200.0,44,20220.0,70,20195.0,22,20225.0,21,20190.0,39,20230.0,97,20185.0,23
1597988320603698944,1597988320500000000,2020-08-21 13:38:40.500000,20200.0,20220.0,20020.0,20195.0,nan,20111.517188,90905,9141187350.0,64405,20205.0,1,20200.0,38,20210.0,29,20195.0,22,20215.0,28,20190.0,39,20220.0,70,20185.0,23,20225.0,21,20180.0,28
1597988321133611008,1597988321000000000,2020-08-21 13:38:41.000000,20205.0,20220.0,20020.0,20195.0,nan,20111.524386,90912,9141894525.0,64405,20210.0,38,20205.0,1,20215.0,28,20200.0,41,20220.0,70,20195.0,22,20225.0,21,20190.0,39,20230.0,97,20185.0,23
1597988321620826112,1597988321500000000,2020-08-21 13:38:41.500000,20205.0,20220.0,20020.0,20195.0,nan,20111.526443,90914,9142096575.0,64404,20210.0,38,20205.0,3,20215.0,28,20200.0,45,20220.0,70,20195.0,22,20225.0,21,20190.0,39,20230.0,97,20185.0,23
1597988322148467968,1597988322000000000,2020-08-21 13:38:42.000000,20210.0,20220.0,20020.0,20195.0,nan,20111.528554,90916,9142298650.0,64404,20210.0,38,20205.0,5,20215.0,28,20200.0,46,20220.0,70,20195.0,22,20225.0,22,20190.0,39,20230.0,97,20185.0,23
1597988322619369984,1597988322500000000,2020-08-21 13:38:42.500000,20210.0,20220.0,20020.0,20195.0,nan,20111.569695,90954,9146138550.0,64422,20215.0,27,20210.0,11,20220.0,70,20205.0,20,20225.0,22,20200.0,51,20230.0,97,20195.0,22,20235.0,14,20190.0,39
1597988323134215936,1597988323000000000,2020-08-21 13:38:43.000000,20210.0,20220.0,20020.0,20195.0,nan,20111.571859,90956,9146340650.0,64424,20215.0,26,20210.0,30,20220.0,69,20205.0,21,20225.0,19,20200.0,54,20230.0,27,20195.0,22,20235.0,14,20190.0,47
1597988323621961984,1597988323500000000,2020-08-21 13:38:43.500000,20210.0,20220.0,20020.0,20195.0,nan,20111.571859,90956,9146340650.0,64424,20215.0,17,20210.0,31,20220.0,69,20205.0,21,20225.0,19,20200.0,54,20230.0,27,20195.0,22,20235.0,14,20190.0,47
1597988324134823936,1597988324000000000,2020-08-21 13:38:44.000000,20215.0,20220.0,20020.0,20195.0,nan,20111.574133,90958,9146542800.0,64424,20215.0,14,20210.0,32,20220.0,67,20205.0,23,20225.0,19,20200.0,54,20230.0,27,20195.0,22,20235.0,14,20190.0,47
1597988324617626112,1597988324500000000,2020-08-21 13:38:44.500000,20215.0,20220.0,20020.0,20195.0,nan,20111.593515,90975,9148261100.0,64432,20215.0,6,20210.0,33,20220.0,66,20205.0,23,20225.0,19,20200.0,54,20230.0,27,20195.0,22,20235.0,14,20190.0,47
1597988325133266944,1597988325000000000,2020-08-21 13:38:45.000000,20215.0,20220.0,20020.0,20195.0,nan,20111.601471,90982,9148968625.0,64433,20220.0,56,20215.0,15,20225.0,18,20210.0,35,20230.0,27,20205.0,22,20235.0,14,20200.0,54,20240.0,26,20195.0,22
1597988325676082944,1597988325500000000,2020-08-21 13:38:45.500000,20215.0,20220.0,20020.0,20195.0,nan,20111.648118,91022,9153012175.0,64452,20220.0,33,20215.0,2,20225.0,18,20210.0,32,20230.0,30,20205.0,22,20235.0,17,20200.0,50,20240.0,26,20195.0,30
1597988326144126976,1597988326000000000,2020-08-21 13:38:46.000000,20215.0,20220.0,20020.0,20195.0,nan,20111.664012,91036,9154427225.0,64441,20220.0,35,20215.0,5,20225.0,18,20210.0,31,20230.0,30,20205.0,22,20235.0,17,20200.0,49,20240.0,26,20195.0,31
1597988326642330112,1597988326500000000,2020-08-21 13:38:46.500000,20215.0,20220.0,20020.0,20195.0,nan,20111.675362,91046,9155437975.0,64437,20220.0,33,20215.0,5,20225.0,19,20210.0,35,20230.0,30,20205.0,22,20235.0,17,20200.0,55,20240.0,26,20195.0,31
1597988327279009024,1597988327000000000,2020-08-21 13:38:47.000000,20215.0,20220.0,20020.0,20195.0,nan,20111.677686,91048,9155640150.0,64437,20220.0,32,20215.0,13,20225.0,19,20210.0,35,20230.0,30,20205.0,22,20235.0,17,20200.0,55,20240.0,26,20195.0,32
1597988327611357952,1597988327500000000,2020-08-21 13:38:47.500000,20220.0,20220.0,20020.0,20195.0,nan,20111.678876,91049,9155741250.0,64438,20220.0,21,20215.0,18,20225.0,19,20210.0,35,20230.0,30,20205.0,22,20235.0,17,20200.0,55,20240.0,26,20195.0,32
1597988328177036032,1597988328000000000,2020-08-21 13:38:48.000000,20220.0,20220.0,20020.0,20195.0,nan,20111.680066,91050,9155842350.0,64438,20220.0,24,20215.0,22,20225.0,19,20210.0,35,20230.0,30,20205.0,22,20235.0,17,20200.0,55,20240.0,26,20195.0,32
1597988328613690880,1597988328500000000,2020-08-21 13:38:48.500000,20215.0,20220.0,20020.0,20195.0,nan,20111.682335,91052,9156044500.0,64438,20220.0,24,20215.0,21,20225.0,19,20210.0,35,20230.0,30,20205.0,22,20235.0,17,20200.0,55,20240.0,26,20195.0,32
1597988329158970880,1597988329000000000,2020-08-21 13:38:49.000000,20215.0,20220.0,20020.0,20195.0,nan,20111.682335,91052,9156044500.0,64438,20220.0,23,20215.0,21,20225.0,19,20210.0,36,20230.0,30,20205.0,22,20235.0,17,20200.0,55,20240.0,26,20195.0,32
1597988329635290880,1597988329500000000,2020-08-21 13:38:49.500000,20220.0,20220.0,20020.0,20195.0,nan,20111.69423,91062,9157055500.0,64447,20220.0,13,20215.0,21,20225.0,19,20210.0,36,20230.0,30,20205.0,22,20235.0,17,20200.0,54,20240.0,26,20195.0,33
1597988330128706048,1597988330000000000,2020-08-21 13:38:50.000000,20220.0,20220.0,20020.0,20195.0,nan,20111.70969,91075,9158369800.0,64450,20225.0,20,20220.0,1,20230.0,30,20215.0,27,20235.0,19,20210.0,36,20240.0,26,20205.0,20,20245.0,92,20200.0,51
1597988330643365120,1597988330500000000,2020-08-21 13:38:50.500000,20215.0,20220.0,20020.0,20195.0,nan,20111.719036,91083,9159178525.0,64447,20220.0,2,20215.0,25,20225.0,26,20210.0,36,20230.0,30,20205.0,20,20235.0,19,20200.0,56,20240.0,26,20195.0,22
1597988331124851968,1597988331000000000,2020-08-21 13:38:51.000000,20215.0,20220.0,20020.0,20195.0,nan,20111.72017,91084,9159279600.0,64448,20220.0,26,20215.0,27,20225.0,23,20210.0,36,20230.0,30,20205.0,20,20235.0,19,20200.0,56,20240.0,26,20195.0,26
1597988331627575040,1597988331500000000,2020-08-21 13:38:51.500000,20220.0,20220.0,20020.0,20195.0,nan,20111.749698,91110,9161907575.0,64447,20220.0,32,20215.0,1,20225.0,23,20210.0,36,20230.0,30,20205.0,20,20235.0,19,20200.0,56,20240.0,26,20195.0,26
1597988332158744064,1597988332000000000,2020-08-21 13:38:52.000000,20210.0,20220.0,20020.0,20195.0,nan,20111.75191,91112,9162109700.0,64446,20215.0,7,20210.0,35,20220.0,40,20205.0,20,20225.0,25,20200.0,56,20230.0,30,20195.0,26,20235.0,19,20190.0,39
1597988332671801088,1597988332500000000,2020-08-21 13:38:52.500000,20215.0,20220.0,20020.0,20195.0,nan,20111.755199,91115,9162412875.0,64446,20215.0,23,20210.0,30,20220.0,33,20205.0,21,20225.0,25,20200.0,56,20230.0,30,20195.0,26,20235.0,19,20190.0,39
1597988333156161024,1597988333000000000,2020-08-21 13:38:53.000000,20215.0,20220.0,20020.0,20195.0,nan,20111.757466,91117,9162615025.0,64445,20215.0,25,20210.0,19,20220.0,35,20205.0,21,20225.0,26,20200.0,56,20230.0,30,20195.0,26,20235.0,27,20190.0,39
1597988333623548928,1597988333500000000,2020-08-21 13:38:53.500000,20210.0,20220.0,20020.0,20195.0,nan,20111.758544,91118,9162716075.0,64446,20215.0,25,20210.0,18,20220.0,35,20205.0,21,20225.0,26,20200.0,56,20230.0,30,20195.0,26,20235.0,27,20190.0,39
1597988334132549888,1597988334000000000,2020-08-21 13:38:54.000000,20210.0,20220.0,20020.0,20195.0,nan,20111.758544,91118,9162716075.0,64446,20215.0,25,20210.0,18,20220.0,40,20205.0,21,20225.0,26,20200.0,56,20230.0,30,20195.0,26,20235.0,27,20190.0,39
1597988334629963008,1597988334500000000,2020-08-21 13:38:54.500000,20215.0,20220.0,20020.0,20195.0,nan,20111.759677,91119,9162817150.0,64445,20215.0,27,20210.0,18,20220.0,40,20205.0,22,20225.0,26,20200.0,56,20230.0,30,20195.0,26,20235.0,27,20190.0,39
1597988335133811968,1597988335000000000,2020-08-21 13:38:55.000000,20215.0,20220.0,20020.0,20195.0,nan,20111.76081,91120,9162918225.0,64445,20215.0,26,20210.0,19,20220.0,41,20205.0,22,20225.0,26,20200.0,56,20230.0,30,20195.0,26,20235.0,27,20190.0,39
1597988335639672064,1597988335500000000,2020-08-21 13:38:55.500000,20210.0,20220.0,20020.0,20195.0,nan,20111.780212,91138,9164737125.0,64441,20215.0,26,20210.0,1,20220.0,42,20205.0,22,20225.0,26,20200.0,56,20230.0,30,20195.0,26,20235.0,27,20190.0,39
1597988336179836928,1597988336000000000,2020-08-21 13:38:56.000000,20210.0,20220.0,20020.0,20195.0,nan,20111.782368,91140,9164939225.0,64441,20210.0,2,20205.0,21,20215.0,31,20200.0,56,20220.0,40,20195.0,25,20225.0,26,20190.0,40,20230.0,30,20185.0,16
1597988336610198016,1597988336500000000,2020-08-21 13:38:56.500000,20210.0,20220.0,20020.0,20195.0,nan,20111.782368,91140,9164939225.0,64441,20210.0,22,20205.0,20,20215.0,26,20200.0,56,20220.0,40,20195.0,25,20225.0,24,20190.0,40,20230.0,30,20185.0,16
1597988337162019072,1597988337000000000,2020-08-21 13:38:57.000000,20210.0,20220.0,20020.0,20195.0,nan,20111.783445,91141,9165040275.0,64441,20210.0,23,20205.0,17,20215.0,28,20200.0,56,20220.0,40,20195.0,25,20225.0,24,20190.0,39,20230.0,30,20185.0,16
1597988337647500032,1597988337500000000,2020-08-21 13:38:57.500000,20210.0,20220.0,20020.0,20195.0,nan,20111.785601,91143,9165242375.0,64443,20210.0,22,20205.0,17,20215.0,28,20200.0,56,20220.0,40,20195.0,25,20225.0,24,20190.0,39,20230.0,38,20185.0,16
1597988338134182912,1597988338000000000,2020-08-21 13:38:58.000000,20210.0,20220.0,20020.0,20195.0,nan,20111.785601,91143,9165242375.0,64443,20210.0,22,20205.0,19,20215.0,28,20200.0,57,20220.0,40,20195.0,25,20225.0,24,20190.0,39,20230.0,38,20185.0,16
1597988338614295040,1597988338500000000,2020-08-21 13:38:58.500000,20210.0,20220.0,20020.0,20195.0,nan,20111.786678,91144,9165343425.0,64444,20210.0,21,20205.0,19,20215.0,29,20200.0,57,20220.0,33,20195.0,25,20225.0,24,20190.0,39,20230.0,38,20185.0,16
1597988339247308032,1597988339000000000,2020-08-21 13:38:59.000000,20210.0,20220.0,20020.0,20195.0,nan,20111.787756,91145,9165444475.0,64445,20210.0,21,20205.0,27,20215.0,29,20200.0,57,20220.0,39,20195.0,25,20225.0,24,20190.0,39,20230.0,38,20185.0,16
1597988339618708992,1597988339500000000,2020-08-21 13:38:59.500000,20210.0,20220.0,20020.0,20195.0,nan,20111.788833,91146,9165545525.0,64446,20210.0,21,20205.0,27,20215.0,30,20200.0,58,20220.0,39,20195.0,25,20225.0,24,20190.0,39,20230.0,38,20185.0,16
1597988340130796032,1597988340000000000,2020-08-21 13:39:00.000000,20210.0,20220.0,20020.0,20195.0,nan,20111.788833,91146,9165545525.0,64446,20210.0,25,20205.0,28,20215.0,30,20200.0,58,20220.0,39,20195.0,25,20225.0,24,20190.0,39,20230.0,38,20185.0,16
1597988340623461888,1597988340500000000,2020-08-21 13:39:00.500000,20215.0,20220.0,20020.0,20195.0,nan,20111.820236,91175,9168476050.0,64462,20215.0,26,20210.0,1,20220.0,39,20205.0,30,20225.0,24,20200.0,58,20230.0,38,20195.0,25,20235.0,29,20190.0,39
1597988341117204992,1597988341000000000,2020-08-21 13:39:01.000000,20215.0,20220.0,20020.0,20195.0,nan,20111.820236,91175,9168476050.0,64462,20215.0,24,20210.0,13,20220.0,40,20205.0,29,20225.0,24,20200.0,58,20230.0,38,20195.0,25,20235.0,29,20190.0,39
1597988341637195008,1597988341500000000,2020-08-21 13:39:01.500000,20215.0,20220.0,20020.0,20195.0,nan,20111.821367,91176,9168577125.0,64462,20215.0,21,20210.0,46,20220.0,40,20205.0,31,20225.0,24,20200.0,58,20230.0,48,20195.0,24,20235.0,29,20190.0,39
1597988342151060992,1597988342000000000,2020-08-21 13:39:02.000000,20215.0,20220.0,20020.0,20195.0,nan,20111.828157,91182,9169183575.0,64466,20215.0,1,20210.0,51,20220.0,40,20205.0,31,20225.0,24,20200.0,58,20230.0,48,20195.0,24,20235.0,29,20190.0,39
1597988342644441088,1597988342500000000,2020-08-21 13:39:02.500000,20210.0,20220.0,20020.0,20195.0,nan,20111.949909,91294,9180501775.0,64428,20210.0,39,20205.0,30,20220.0,40,20200.0,58,20225.0,24,20195.0,24,20230.0,48,20190.0,39,20235.0,29,20185.0,16
1597988343147630080,1597988343000000000,2020-08-21 13:39:03.000000,20210.0,20220.0,20020.0,20195.0,nan,20111.953131,91297,9180804925.0,64425,20210.0,38,20205.0,28,20215.0,13,20200.0,58,20220.0,40,20195.0,24,20225.0,24,20190.0,39,20230.0,48,20185.0,16
1597988343648300032,1597988343500000000,2020-08-21 13:39:03.500000,20210.0,20220.0,20020.0,20195.0,nan,20111.9585,91302,9181310175.0,64424,20210.0,44,20205.0,28,20215.0,15,20200.0,58,20220.0,40,20195.0,24,20225.0,24,20190.0,39,20230.0,48,20185.0,16
1597988344124388096,1597988344000000000,2020-08-21 13:39:04.000000,20210.0,20220.0,20020.0,20195.0,nan,20111.962795,91306,9181714375.0,64424,20210.0,40,20205.0,25,20215.0,16,20200.0,58,20220.0,40,20195.0,24,20225.0,24,20190.0,40,20230.0,48,20185.0,16
1597988344612208128,1597988344500000000,2020-08-21 13:39:04.500000,20210.0,20220.0,20020.0,20195.0,nan,20111.963869,91307,9181815425.0,64423,20210.0,39,20205.0,25,20215.0,17,20200.0,58,20220.0,40,20195.0,24,20225.0,24,20190.0,40,20230.0,48,20185.0,16
1597988345164431104,1597988345000000000,2020-08-21 13:39:05.000000,20210.0,20220.0,20020.0,20195.0,nan,20111.963869,91307,9181815425.0,64423,20210.0,40,20205.0,25,20215.0,17,20200.0,58,20220.0,40,20195.0,24,20225.0,24,20190.0,40,20230.0,48,20185.0,16
1597988345625372928,1597988345500000000,2020-08-21 13:39:05.500000,20210.0,20220.0,20020.0,20195.0,nan,20111.963869,91307,9181815425.0,64423,20210.0,44,20205.0,25,20215.0,19,20200.0,58,20220.0,40,20195.0,24,20225.0,24,20190.0,40,20230.0,48,20185.0,16
1597988346144186880,1597988346000000000,2020-08-21 13:39:06.000000,20210.0,20220.0,20020.0,20195.0,nan,20111.966981,91310,9182118525.0,64421,20210.0,49,20205.0,23,20215.0,19,20200.0,58,20220.0,40,20195.0,24,20225.0,24,20190.0,40,20230.0,48,20185.0,16
1597988346628717056,1597988346500000000,2020-08-21 13:39:06.500000,20200.0,20220.0,20020.0,20195.0,nan,20111.998172,91341,9185250125.0,64414,20205.0,4,20200.0,53,20210.0,55,20195.0,24,20215.0,19,20190.0,40,20220.0,40,20185.0,16,20225.0,24,20180.0,96
1597988347172199936,1597988347000000000,2020-08-21 13:39:07.000000,20205.0,20220.0,20020.0,20195.0,nan,20112.000153,91343,9185452150.0,64414,20205.0,46,20200.0,51,20210.0,57,20195.0,24,20215.0,19,20190.0,40,20220.0,40,20185.0,19,20225.0,24,20180.0,96
1597988347623119872,1597988347500000000,2020-08-21 13:39:07.500000,20200.0,20220.0,20020.0,20195.0,nan,20112.046372,91391,9190300150.0,64389,20200.0,10,20195.0,23,20205.0,48,20190.0,39,20210.0,59,20185.0,20,20215.0,19,20180.0,96,20220.0,40,20175.0,36
1597988348152110080,1597988348000000000,2020-08-21 13:39:08.000000,20195.0,20220.0,20020.0,20195.0,nan,20112.04728,91392,9190401125.0,64388,20200.0,42,20195.0,9,20205.0,38,20190.0,39,20210.0,59,20185.0,20,20215.0,20,20180.0,29,20220.0,41,20175.0,36
1597988348616850944,1597988348500000000,2020-08-21 13:39:08.500000,20195.0,20220.0,20020.0,20195.0,nan,20112.05454,91400,9191208925.0,64390,20200.0,44,20195.0,3,20205.0,38,20190.0,37,20210.0,59,20185.0,19,20215.0,20,20180.0,30,20220.0,38,20175.0,34
1597988349169551872,1597988349000000000,2020-08-21 13:39:09.000000,20195.0,20220.0,20020.0,20195.0,nan,20112.064522,91411,9192319650.0,64386,20195.0,11,20190.0,35,20200.0,44,20185.0,19,20205.0,38,20180.0,30,20210.0,44,20175.0,34,20215.0,20,20170.0,127
1597988349612346880,1597988349500000000,2020-08-21 13:39:09.500000,20195.0,20220.0,20020.0,20195.0,nan,20112.064522,91411,9192319650.0,64386,20195.0,28,20190.0,26,20200.0,45,20185.0,20,20205.0,38,20180.0,24,20210.0,44,20175.0,33,20215.0,20,20170.0,127
1597988350098355968,1597988350000000000,2020-08-21 13:39:10.000000,20195.0,20220.0,20020.0,20195.0,nan,20112.064522,91411,9192319650.0,64386,20195.0,31,20190.0,17,20200.0,46,20185.0,18,20205.0,38,20180.0,23,20210.0,44,20175.0,34,20215.0,20,20170.0,127
1597988350625822976,1597988350500000000,2020-08-21 13:39:10.500000,20195.0,20220.0,20020.0,20195.0,nan,20112.071779,91419,9193127450.0,64386,20195.0,24,20190.0,17,20200.0,46,20185.0,20,20205.0,38,20180.0,23,20210.0,44,20175.0,36,20215.0,20,20170.0,127
1597988351123194112,1597988351000000000,2020-08-21 13:39:11.000000,20195.0,20220.0,20020.0,20195.0,nan,20112.071779,91419,9193127450.0,64386,20195.0,24,20190.0,20,20200.0,46,20185.0,20,20205.0,38,20180.0,23,20210.0,44,20175.0,36,20215.0,20,20170.0,127
1597988351671257088,1597988351500000000,2020-08-21 13:39:11.500000,20195.0,20220.0,20020.0,20195.0,nan,20112.073539,91421,9193329375.0,64385,20195.0,23,20190.0,22,20200.0,46,20185.0,20,20205.0,38,20180.0,23,20210.0,44,20175.0,36,20215.0,20,20170.0,127
1597988352152267008,1597988352000000000,2020-08-21 13:39:12.000000,20195.0,20220.0,20020.0,20195.0,nan,20112.094397,91444,9195651800.0,64399,20200.0,46,20195.0,23,20205.0,38,20190.0,23,20210.0,44,20185.0,20,20215.0,20,20180.0,23,20220.0,34,20175.0,35
1597988352622085120,1597988352500000000,2020-08-21 13:39:12.500000,20200.0,20220.0,20020.0,20195.0,nan,20112.095358,91445,9195752800.0,64399,20200.0,43,20195.0,34,20205.0,38,20190.0,23,20210.0,44,20185.0,20,20215.0,20,20180.0,23,20220.0,34,20175.0,35
1597988353139384064,1597988353000000000,2020-08-21 13:39:13.000000,20200.0,20220.0,20020.0,20195.0,nan,20112.095358,91445,9195752800.0,64399,20200.0,43,20195.0,41,20205.0,38,20190.0,23,20210.0,43,20185.0,20,20215.0,20,20180.0,23,20220.0,34,20175.0,35
1597988353612016128,1597988353500000000,2020-08-21 13:39:13.500000,20200.0,20220.0,20020.0,20195.0,nan,20112.096319,91446,9195853800.0,64399,20200.0,41,20195.0,43,20205.0,38,20190.0,22,20210.0,43,20185.0,20,20215.0,20,20180.0,23,20220.0,34,20175.0,35
1597988354136557056,1597988354000000000,2020-08-21 13:39:14.000000,20200.0,20220.0,20020.0,20195.0,nan,20112.096319,91446,9195853800.0,64399,20200.0,42,20195.0,43,20205.0,38,20190.0,22,20210.0,43,20185.0,20,20215.0,20,20180.0,23,20220.0,34,20175.0,35
1597988354622426112,1597988354500000000,2020-08-21 13:39:14.500000,20200.0,20220.0,20020.0,20195.0,nan,20112.096319,91446,9195853800.0,64399,20200.0,45,20195.0,43,20205.0,38,20190.0,22,20210.0,43,20185.0,20,20215.0,20,20180.0,23,20220.0,34,20175.0,35
1597988355611435008,1597988355500000000,2020-08-21 13:39:15.500000,20200.0,20220.0,20020.0,20195.0,nan,20112.102032,91452,9196459775.0,64400,20200.0,40,20195.0,42,20205.0,38,20190.0,25,20210.0,43,20185.0,20,20215.0,20,20180.0,23,20220.0,34,20175.0,35
1597988356120467968,1597988356000000000,2020-08-21 13:39:16.000000,20200.0,20220.0,20020.0,20195.0,nan,20112.102032,91452,9196459775.0,64400,20200.0,40,20195.0,42,20205.0,38,20190.0,25,20210.0,43,20185.0,21,20215.0,20,20180.0,24,20220.0,34,20175.0,35
1597988356604480000,1597988356500000000,2020-08-21 13:39:16.500000,20200.0,20220.0,20020.0,20195.0,nan,20112.102032,91452,9196459775.0,64400,20200.0,40,20195.0,42,20205.0,38,20190.0,25,20210.0,43,20185.0,21,20215.0,20,20180.0,25,20220.0,34,20175.0,35
1597988357132431872,1597988357000000000,2020-08-21 13:39:17.000000,20200.0,20220.0,20020.0,20195.0,nan,20112.102993,91453,9196560775.0,64401,20200.0,39,20195.0,43,20205.0,38,20190.0,25,20210.0,43,20185.0,21,20215.0,20,20180.0,25,20220.0,34,20175.0,35
1597988357599269888,1597988357500000000,2020-08-21 13:39:17.500000,20200.0,20220.0,20020.0,20195.0,nan,20112.105876,91456,9196863775.0,64404,20200.0,33,20195.0,43,20205.0,38,20190.0,24,20210.0,43,20185.0,22,20215.0,20,20180.0,25,20220.0,34,20175.0,35
1597988358139419904,1597988358000000000,2020-08-21 13:39:18.000000,20200.0,20220.0,20020.0,20195.0,nan,20112.111587,91462,9197469750.0,64404,20200.0,31,20195.0,42,20205.0,38,20190.0,24,20210.0,43,20185.0,22,20215.0,20,20180.0,25,20220.0,34,20175.0,35
1597988359613848064,1597988359500000000,2020-08-21 13:39:19.500000,20200.0,20220.0,20020.0,20195.0,nan,20112.111587,91462,9197469750.0,64404,20200.0,31,20195.0,42,20205.0,38,20190.0,24,20210.0,42,20185.0,22,20215.0,20,20180.0,25,20220.0,39,20175.0,35
1597988360140300032,1597988360000000000,2020-08-21 13:39:20.000000,20200.0,20220.0,20020.0,20195.0,nan,20112.111587,91462,9197469750.0,64404,20200.0,31,20195.0,41,20205.0,38,20190.0,24,20210.0,42,20185.0,23,20215.0,20,20180.0,25,20220.0,39,20175.0,35
1597988360604603904,1597988360500000000,2020-08-21 13:39:20.500000,20200.0,20220.0,20020.0,20195.0,nan,20112.111587,91462,9197469750.0,64404,20200.0,31,20195.0,40,20205.0,38,20190.0,24,20210.0,42,20185.0,23,20215.0,20,20180.0,25,20220.0,39,20175.0,35
1597988361123762944,1597988361000000000,2020-08-21 13:39:21.000000,20200.0,20220.0,20020.0,20195.0,nan,20112.15693,91512,9202518525.0,64398,20200.0,32,20190.0,24,20205.0,38,20185.0,23,20210.0,42,20180.0,25,20215.0,20,20175.0,35,20220.0,39,20170.0,127
1597988361611105024,1597988361500000000,2020-08-21 13:39:21.500000,20200.0,20220.0,20020.0,20195.0,nan,20112.15693,91512,9202518525.0,64398,20195.0,18,20190.0,25,20200.0,36,20185.0,23,20205.0,38,20180.0,25,20210.0,42,20175.0,35,20215.0,20,20170.0,127
1597988362130887936,1597988362000000000,2020-08-21 13:39:22.000000,20190.0,20220.0,20020.0,20195.0,nan,20112.157781,91513,9202619475.0,64398,20195.0,16,20190.0,21,20200.0,38,20185.0,23,20205.0,35,20180.0,26,20210.0,42,20175.0,35,20215.0,20,20170.0,127
1597988362617349888,1597988362500000000,2020-08-21 13:39:22.500000,20190.0,20220.0,20020.0,20195.0,nan,20112.158631,91514,9202720425.0,64398,20195.0,18,20190.0,18,20200.0,38,20185.0,21,20205.0,35,20180.0,26,20210.0,42,20175.0,35,20215.0,20,20170.0,127
1597988363123610880,1597988363000000000,2020-08-21 13:39:23.000000,20190.0,20220.0,20020.0,20195.0,nan,20112.158631,91514,9202720425.0,64398,20195.0,16,20190.0,20,20200.0,39,20185.0,23,20205.0,35,20180.0,26,20210.0,42,20175.0,35,20215.0,20,20170.0,127
1597988363621731072,1597988363500000000,2020-08-21 13:39:23.500000,20190.0,20220.0,20020.0,20195.0,nan,20112.158631,91514,9202720425.0,64398,20195.0,16,20190.0,18,20200.0,39,20185.0,23,20205.0,35,20180.0,27,20210.0,42,20175.0,35,20215.0,20,20170.0,127
1597988364133952000,1597988364000000000,2020-08-21 13:39:24.000000,20190.0,20220.0,20020.0,20195.0,nan,20112.158631,91514,9202720425.0,64398,20195.0,16,20190.0,18,20200.0,39,20185.0,23,20205.0,35,20180.0,26,20210.0,42,20175.0,35,20215.0,20,20170.0,127
1597988364612364032,1597988364500000000,2020-08-21 13:39:24.500000,20190.0,20220.0,20020.0,20195.0,nan,20112.158631,91514,9202720425.0,64398,20195.0,17,20190.0,18,20200.0,37,20185.0,23,20205.0,35,20180.0,26,20210.0,43,20175.0,35,20215.0,20,20170.0,127
1597988365140113920,1597988365000000000,2020-08-21 13:39:25.000000,20190.0,20220.0,20020.0,20195.0,nan,20112.158631,91514,9202720425.0,64398,20195.0,18,20190.0,22,20200.0,37,20185.0,23,20205.0,35,20180.0,26,20210.0,43,20175.0,35,20215.0,20,20170.0,127
1597988365613769984,1597988365500000000,2020-08-21 13:39:25.500000,20190.0,20220.0,20020.0,20195.0,nan,20112.158631,91514,9202720425.0,64398,20195.0,16,20190.0,19,20200.0,37,20185.0,23,20205.0,35,20180.0,26,20210.0,43,20175.0,35,20215.0,20,20170.0,127
1597988366147035904,1597988366000000000,2020-08-21 13:39:26.000000,20195.0,20220.0,20020.0,20195.0,nan,20112.166778,91523,9203629200.0,64403,20195.0,7,20190.0,26,20200.0,37,20185.0,22,20205.0,35,20180.0,26,20210.0,43,20175.0,35,20215.0,20,20170.0,127
1597988366631483904,1597988366500000000,2020-08-21 13:39:26.500000,20195.0,20220.0,20020.0,20195.0,nan,20112.166778,91523,9203629200.0,64403,20195.0,9,20190.0,27,20200.0,36,20185.0,22,20205.0,35,20180.0,26,20210.0,43,20175.0,35,20215.0,20,20170.0,127
1597988367130355968,1597988367000000000,2020-08-21 13:39:27.000000,20195.0,20220.0,20020.0,20195.0,nan,20112.166778,91523,9203629200.0,64403,20195.0,9,20190.0,31,20200.0,36,20185.0,22,20205.0,35,20180.0,26,20210.0,43,20175.0,35,20215.0,20,20170.0,127
1597988367605071872,1597988367500000000,2020-08-21 13:39:27.500000,20195.0,20220.0,20020.0,20195.0,nan,20112.166778,91523,9203629200.0,64403,20195.0,9,20190.0,31,20200.0,36,20185.0,22,20205.0,35,20180.0,26,20210.0,43,20175.0,36,20215.0,21,20170.0,127
1597988368122088960,1597988368000000000,2020-08-21 13:39:28.000000,20195.0,20220.0,20020.0,20195.0,nan,20112.166778,91523,9203629200.0,64403,20195.0,9,20190.0,40,20200.0,37,20185.0,22,20205.0,35,20180.0,25,20210.0,43,20175.0,36,20215.0,21,20170.0,127
1597988369603333888,1597988369500000000,2020-08-21 13:39:29.500000,20190.0,20220.0,20020.0,20195.0,nan,20112.167628,91524,9203730150.0,64403,20195.0,9,20190.0,38,20200.0,37,20185.0,22,20205.0,35,20180.0,25,20210.0,43,20175.0,36,20215.0,21,20170.0,127
1597988370158211072,1597988370000000000,2020-08-21 13:39:30.000000,20190.0,20220.0,20020.0,20195.0,nan,20112.167628,91524,9203730150.0,64403,20195.0,9,20190.0,38,20200.0,37,20185.0,22,20205.0,33,20180.0,25,20210.0,43,20175.0,36,20215.0,21,20170.0,127
1597988370638514944,1597988370500000000,2020-08-21 13:39:30.500000,20190.0,20220.0,20020.0,20195.0,nan,20112.168479,91525,9203831100.0,64403,20195.0,11,20190.0,37,20200.0,37,20185.0,22,20205.0,31,20180.0,25,20210.0,43,20175.0,36,20215.0,21,20170.0,127
1597988371131724032,1597988371000000000,2020-08-21 13:39:31.000000,20190.0,20220.0,20020.0,20195.0,nan,20112.171084,91528,9204133975.0,64404,20195.0,18,20190.0,35,20200.0,37,20185.0,22,20205.0,31,20180.0,25,20210.0,43,20175.0,36,20215.0,21,20170.0,127
1597988371660724992,1597988371500000000,2020-08-21 13:39:31.500000,20190.0,20220.0,20020.0,20195.0,nan,20112.171084,91528,9204133975.0,64404,20195.0,20,20190.0,26,20200.0,37,20185.0,22,20205.0,31,20180.0,25,20210.0,43,20175.0,36,20215.0,21,20170.0,127
1597988372149480960,1597988372000000000,2020-08-21 13:39:32.000000,20190.0,20220.0,20020.0,20195.0,nan,20112.171084,91528,9204133975.0,64404,20195.0,24,20190.0,24,20200.0,37,20185.0,22,20205.0,31,20180.0,25,20210.0,43,20175.0,36,20215.0,21,20170.0,127
1597988372631124992,1597988372500000000,2020-08-21 13:39:32.500000,20190.0,20220.0,20020.0,20195.0,nan,20112.171084,91528,9204133975.0,64404,20195.0,24,20190.0,24,20200.0,37,20185.0,22,20205.0,31,20180.0,25,20210.0,43,20175.0,37,20215.0,21,20170.0,127
1597988373156839936,1597988373000000000,2020-08-21 13:39:33.000000,20190.0,20220.0,20020.0,20195.0,nan,20112.173635,91531,9204436825.0,64407,20195.0,24,20190.0,21,20200.0,37,20185.0,22,20205.0,31,20180.0,25,20210.0,43,20175.0,37,20215.0,21,20170.0,127
1597988373607753984,1597988373500000000,2020-08-21 13:39:33.500000,20190.0,20220.0,20020.0,20195.0,nan,20112.174485,91532,9204537775.0,64408,20195.0,24,20190.0,20,20200.0,37,20185.0,22,20205.0,31,20180.0,25,20210.0,43,20175.0,37,20215.0,21,20170.0,127
1597988374126682112,1597988374000000000,2020-08-21 13:39:34.000000,20190.0,20220.0,20020.0,20195.0,nan,20112.174485,91532,9204537775.0,64408,20195.0,24,20190.0,21,20200.0,37,20185.0,22,20205.0,31,20180.0,25,20210.0,43,20175.0,37,20215.0,21,20170.0,127
1597988374670137088,1597988374500000000,2020-08-21 13:39:34.500000,20190.0,20220.0,20020.0,20195.0,nan,20112.192337,91553,9206657725.0,64395,20195.0,24,20190.0,7,20200.0,37,20185.0,22,20205.0,31,20180.0,25,20210.0,43,20175.0,37,20215.0,21,20170.0,127
1597988375124240896,1597988375000000000,2020-08-21 13:39:35.000000,20190.0,20220.0,20020.0,20195.0,nan,20112.206782,91570,9208373875.0,64394,20190.0,6,20185.0,22,20195.0,33,20180.0,25,20200.0,37,20175.0,37,20205.0,31,20170.0,127,20210.0,43,20165.0,97
1597988375616328960,1597988375500000000,2020-08-21 13:39:35.500000,20190.0,20220.0,20020.0,20195.0,nan,20112.206782,91570,9208373875.0,64394,20190.0,15,20185.0,23,20195.0,33,20180.0,25,20200.0,37,20175.0,37,20205.0,31,20170.0,127,20210.0,43,20165.0,97
1597988376123649024,1597988376000000000,2020-08-21 13:39:36.000000,20190.0,20220.0,20020.0,20195.0,nan,20112.207631,91571,9208474825.0,64393,20190.0,14,20185.0,23,20195.0,35,20180.0,25,20200.0,37,20175.0,37,20205.0,31,20170.0,127,20210.0,44,20165.0,97
1597988377101711872,1597988377000000000,2020-08-21 13:39:37.000000,20190.0,20220.0,20020.0,20195.0,nan,20112.207631,91571,9208474825.0,64393,20190.0,14,20185.0,24,20195.0,35,20180.0,25,20200.0,37,20175.0,37,20205.0,31,20170.0,127,20210.0,44,20165.0,97
1597988377633611008,1597988377500000000,2020-08-21 13:39:37.500000,20190.0,20220.0,20020.0,20195.0,nan,20112.208481,91572,9208575775.0,64392,20190.0,7,20185.0,25,20195.0,35,20180.0,25,20200.0,37,20175.0,37,20205.0,31,20170.0,127,20210.0,44,20165.0,97
1597988378153340928,1597988378000000000,2020-08-21 13:39:38.000000,20190.0,20220.0,20020.0,20195.0,nan,20112.215276,91580,9209383375.0,64391,20195.0,35,20190.0,15,20200.0,37,20185.0,25,20205.0,31,20180.0,25,20210.0,44,20175.0,37,20215.0,21,20170.0,127
1597988378610051072,1597988378500000000,2020-08-21 13:39:38.500000,20190.0,20220.0,20020.0,20195.0,nan,20112.215276,91580,9209383375.0,64391,20195.0,33,20190.0,18,20200.0,37,20185.0,25,20205.0,31,20180.0,25,20210.0,44,20175.0,37,20215.0,21,20170.0,127
1597988379132480000,1597988379000000000,2020-08-21 13:39:39.000000,20190.0,20220.0,20020.0,20195.0,nan,20112.215276,91580,9209383375.0,64391,20195.0,28,20190.0,18,20200.0,37,20185.0,25,20205.0,30,20180.0,25,20210.0,44,20175.0,37,20215.0,21,20170.0,127
1597988379614093056,1597988379500000000,2020-08-21 13:39:39.500000,20190.0,20220.0,20020.0,20195.0,nan,20112.215276,91580,9209383375.0,64391,20195.0,30,20190.0,18,20200.0,37,20185.0,25,20205.0,30,20180.0,25,20210.0,44,20175.0,37,20215.0,21,20170.0,127
1597988380137541888,1597988380000000000,2020-08-21 13:39:40.000000,20190.0,20220.0,20020.0,20195.0,nan,20112.215276,91580,9209383375.0,64391,20195.0,28,20190.0,18,20200.0,35,20185.0,25,20205.0,30,20180.0,25,20210.0,44,20175.0,37,20215.0,21,20170.0,127
1597988380609061888,1597988380500000000,2020-08-21 13:39:40.500000,20190.0,20220.0,20020.0,20195.0,nan,20112.215276,91580,9209383375.0,64391,20195.0,20,20190.0,18,20200.0,35,20185.0,24,20205.0,30,20180.0,25,20210.0,44,20175.0,37,20215.0,21,20170.0,127
1597988381156391936,1597988381000000000,2020-08-21 13:39:41.000000,20190.0,20220.0,20020.0,20195.0,nan,20112.215276,91580,9209383375.0,64391,20195.0,23,20190.0,18,20200.0,35,20185.0,24,20205.0,30,20180.0,25,20210.0,44,20175.0,37,20215.0,21,20170.0,127
1597988381613295104,1597988381500000000,2020-08-21 13:39:41.500000,20190.0,20220.0,20020.0,20195.0,nan,20112.215276,91580,9209383375.0,64391,20195.0,21,20190.0,18,20200.0,35,20185.0,24,20205.0,30,20180.0,25,20210.0,44,20175.0,37,20215.0,21,20170.0,127
1597988382144551936,1597988382000000000,2020-08-21 13:39:42.000000,20190.0,20220.0,20020.0,20195.0,nan,20112.215276,91580,9209383375.0,64391,20195.0,23,20190.0,6,20200.0,35,20185.0,24,20205.0,30,20180.0,25,20210.0,44,20175.0,37,20215.0,21,20170.0,127
1597988382618146048,1597988382500000000,2020-08-21 13:39:42.500000,20190.0,20220.0,20020.0,20195.0,nan,20112.218783,91584,9209787225.0,64393,20195.0,21,20190.0,12,20200.0,35,20185.0,24,20205.0,30,20180.0,25,20210.0,44,20175.0,37,20215.0,21,20170.0,127
1597988383109638912,1597988383000000000,2020-08-21 13:39:43.000000,20190.0,20220.0,20020.0,20195.0,nan,20112.218783,91584,9209787225.0,64393,20195.0,21,20190.0,18,20200.0,36,20185.0,24,20205.0,30,20180.0,25,20210.0,44,20175.0,37,20215.0,21,20170.0,127
1597988383630988032,1597988383500000000,2020-08-21 13:39:43.500000,20195.0,20220.0,20020.0,20195.0,nan,20112.223302,91589,9210292100.0,64393,20195.0,14,20190.0,19,20200.0,36,20185.0,24,20205.0,30,20180.0,25,20210.0,44,20175.0,37,20215.0,21,20170.0,127
1597988384135396096,1597988384000000000,2020-08-21 13:39:44.000000,20195.0,20220.0,20020.0,20195.0,nan,20112.227821,91594,9210796975.0,64396,20200.0,36,20195.0,45,20205.0,30,20190.0,19,20210.0,44,20185.0,24,20215.0,21,20180.0,25,20220.0,33,20175.0,37
1597988384609957888,1597988384500000000,2020-08-21 13:39:44.500000,20195.0,20220.0,20020.0,20195.0,nan,20112.260335,91628,9214230950.0,64411,20205.0,30,20195.0,60,20210.0,44,20190.0,14,20215.0,21,20185.0,26,20220.0,33,20180.0,25,20225.0,23,20175.0,37
1597988385132595968,1597988385000000000,2020-08-21 13:39:45.000000,20195.0,20220.0,20020.0,20195.0,nan,20112.262141,91630,9214432900.0,64411,20205.0,28,20200.0,16,20210.0,43,20195.0,52,20215.0,22,20190.0,19,20220.0,52,20185.0,26,20225.0,23,20180.0,25
1597988385606676992,1597988385500000000,2020-08-21 13:39:45.500000,20195.0,20220.0,20020.0,20195.0,nan,20112.263947,91632,9214634850.0,64411,20205.0,24,20200.0,21,20210.0,43,20195.0,49,20215.0,22,20190.0,19,20220.0,52,20185.0,24,20225.0,23,20180.0,25
1597988386121168896,1597988386000000000,2020-08-21 13:39:46.000000,20195.0,20220.0,20020.0,20195.0,nan,20112.26485,91633,9214735825.0,64411,20205.0,24,20200.0,21,20210.0,43,20195.0,49,20215.0,22,20190.0,18,20220.0,52,20185.0,24,20225.0,23,20180.0,25
1597988386607695104,1597988386500000000,2020-08-21 13:39:46.500000,20195.0,20220.0,20020.0,20195.0,nan,20112.26485,91633,9214735825.0,64411,20205.0,24,20200.0,21,20210.0,43,20195.0,49,20215.0,22,20190.0,17,20220.0,52,20185.0,24,20225.0,23,20180.0,25
1597988387622918912,1597988387500000000,2020-08-21 13:39:47.500000,20195.0,20220.0,20020.0,20195.0,nan,20112.265753,91634,9214836800.0,64411,20205.0,24,20200.0,20,20210.0,43,20195.0,49,20215.0,22,20190.0,17,20220.0,52,20185.0,24,20225.0,23,20180.0,25
1597988388145990912,1597988388000000000,2020-08-21 13:39:48.000000,20205.0,20220.0,20020.0,20195.0,nan,20112.290035,91658,9217261400.0,64429,20210.0,43,20205.0,26,20215.0,22,20200.0,20,20220.0,52,20195.0,49,20225.0,23,20190.0,17,20230.0,153,20185.0,24
1597988388622828032,1597988388500000000,2020-08-21 13:39:48.500000,20205.0,20220.0,20020.0,20195.0,nan,20112.327117,91695,9220999175.0,64439,20210.0,44,20205.0,3,20215.0,22,20200.0,13,20220.0,54,20195.0,51,20225.0,23,20190.0,23,20230.0,153,20185.0,24
1597988389113768960,1597988389000000000,2020-08-21 13:39:49.000000,20200.0,20220.0,20020.0,20195.0,nan,20112.353852,91722,9223726600.0,64426,20205.0,16,20200.0,9,20210.0,37,20195.0,51,20215.0,22,20190.0,23,20220.0,54,20185.0,24,20225.0,23,20180.0,26
1597988389608758016,1597988389500000000,2020-08-21 13:39:49.500000,20200.0,20220.0,20020.0,20195.0,nan,20112.354807,91723,9223827600.0,64426,20205.0,25,20200.0,39,20210.0,48,20195.0,51,20215.0,22,20190.0,24,20220.0,54,20185.0,24,20225.0,23,20180.0,26
1597988390163686912,1597988390000000000,2020-08-21 13:39:50.000000,20200.0,20220.0,20020.0,20195.0,nan,20112.367282,91736,9225140625.0,64432,20205.0,25,20200.0,24,20210.0,48,20195.0,51,20215.0,22,20190.0,24,20220.0,54,20185.0,24,20225.0,23,20180.0,26
1597988390629032960,1597988390500000000,2020-08-21 13:39:50.500000,20200.0,20220.0,20020.0,20195.0,nan,20112.368237,91737,9225241625.0,64431,20205.0,27,20200.0,12,20210.0,48,20195.0,50,20215.0,22,20190.0,24,20220.0,54,20185.0,24,20225.0,23,20180.0,26
1597988391129921024,1597988391000000000,2020-08-21 13:39:51.000000,20200.0,20220.0,20020.0,20195.0,nan,20112.368237,91737,9225241625.0,64431,20205.0,25,20200.0,12,20210.0,48,20195.0,50,20215.0,22,20190.0,24,20220.0,54,20185.0,24,20225.0,23,20180.0,26
1597988391608919040,1597988391500000000,2020-08-21 13:39:51.500000,20205.0,20220.0,20020.0,20195.0,nan,20112.393474,91762,9227767250.0,64441,20210.0,48,20205.0,19,20215.0,22,20200.0,14,20220.0,54,20195.0,6,20225.0,23,20190.0,24,20230.0,153,20185.0,24
1597988392124916992,1597988392000000000,2020-08-21 13:39:52.000000,20205.0,20220.0,20020.0,20195.0,nan,20112.412645,91781,9229686725.0,64451,20210.0,48,20200.0,15,20215.0,22,20195.0,9,20220.0,54,20190.0,24,20225.0,23,20185.0,24,20230.0,153,20180.0,26
1597988392605241088,1597988392500000000,2020-08-21 13:39:52.500000,20205.0,20220.0,20020.0,20195.0,nan,20112.413654,91782,9229787750.0,64452,20205.0,12,20200.0,18,20210.0,47,20195.0,9,20215.0,22,20190.0,21,20220.0,55,20185.0,24,20225.0,23,20180.0,26
1597988393151692032,1597988393000000000,2020-08-21 13:39:53.000000,20205.0,20220.0,20020.0,20195.0,nan,20112.417689,91786,9230191850.0,64449,20205.0,9,20200.0,18,20210.0,48,20195.0,9,20215.0,22,20190.0,20,20220.0,55,20185.0,24,20225.0,23,20180.0,26
1597988393605641984,1597988393500000000,2020-08-21 13:39:53.500000,20205.0,20220.0,20020.0,20195.0,nan,20112.417689,91786,9230191850.0,64449,20205.0,15,20200.0,20,20210.0,49,20195.0,9,20215.0,22,20190.0,21,20220.0,55,20185.0,24,20225.0,23,20180.0,26
1597988394107767040,1597988394000000000,2020-08-21 13:39:54.000000,20205.0,20220.0,20020.0,20195.0,nan,20112.418698,91787,9230292875.0,64449,20205.0,20,20200.0,20,20210.0,49,20195.0,9,20215.0,22,20190.0,21,20220.0,55,20185.0,24,20225.0,23,20180.0,26
1597988394614702080,1597988394500000000,2020-08-21 13:39:54.500000,20205.0,20220.0,20020.0,20195.0,nan,20112.418698,91787,9230292875.0,64449,20205.0,23,20200.0,21,20210.0,49,20195.0,9,20215.0,22,20190.0,21,20220.0,55,20185.0,24,20225.0,23,20180.0,32
1597988395116061952,1597988395000000000,2020-08-21 13:39:55.000000,20205.0,20220.0,20020.0,20195.0,nan,20112.419706,91788,9230393900.0,64449,20205.0,22,20200.0,21,20210.0,49,20195.0,9,20215.0,22,20190.0,21,20220.0,55,20185.0,24,20225.0,23,20180.0,32
1597988395611527936,1597988395500000000,2020-08-21 13:39:55.500000,20205.0,20220.0,20020.0,20195.0,nan,20112.421723,91790,9230595950.0,64449,20205.0,21,20200.0,21,20210.0,49,20195.0,9,20215.0,22,20190.0,21,20220.0,55,20185.0,24,20225.0,23,20180.0,32
1597988396149902080,1597988396000000000,2020-08-21 13:39:56.000000,20205.0,20220.0,20020.0,20195.0,nan,20112.421723,91790,9230595950.0,64449,20205.0,21,20200.0,21,20210.0,46,20195.0,9,20215.0,22,20190.0,21,20220.0,55,20185.0,24,20225.0,23,20180.0,32
1597988396639727104,1597988396500000000,2020-08-21 13:39:56.500000,20205.0,20220.0,20020.0,20195.0,nan,20112.421723,91790,9230595950.0,64449,20205.0,21,20200.0,21,20210.0,47,20195.0,9,20215.0,22,20190.0,21,20220.0,55,20185.0,24,20225.0,23,20180.0,32
1597988398161227008,1597988398000000000,2020-08-21 13:39:58.000000,20205.0,20220.0,20020.0,20195.0,nan,20112.421723,91790,9230595950.0,64449,20205.0,21,20200.0,23,20210.0,47,20195.0,9,20215.0,22,20190.0,21,20220.0,55,20185.0,24,20225.0,23,20180.0,32
1597988398617056000,1597988398500000000,2020-08-21 13:39:58.500000,20205.0,20220.0,20020.0,20195.0,nan,20112.421723,91790,9230595950.0,64449,20205.0,23,20200.0,23,20210.0,47,20195.0,9,20215.0,22,20190.0,21,20220.0,55,20185.0,24,20225.0,23,20180.0,32
1597988399146048000,1597988399000000000,2020-08-21 13:39:59.000000,20205.0,20220.0,20020.0,20195.0,nan,20112.421723,91790,9230595950.0,64449,20205.0,24,20200.0,23,20210.0,47,20195.0,9,20215.0,22,20190.0,21,20220.0,55,20185.0,24,20225.0,23,20180.0,32
1597988399611930880,1597988399500000000,2020-08-21 13:39:59.500000,20205.0,20220.0,20020.0,20195.0,nan,20112.422732,91791,9230696975.0,64449,20205.0,23,20200.0,24,20210.0,47,20195.0,9,20215.0,22,20190.0,21,20220.0,55,20185.0,24,20225.0,23,20180.0,32
1597988400141168896,1597988400000000000,2020-08-21 13:40:00.000000,20205.0,20220.0,20020.0,20195.0,nan,20112.428783,91797,9231303125.0,64447,20205.0,20,20200.0,24,20210.0,47,20195.0,9,20215.0,22,20190.0,21,20220.0,55,20185.0,24,20225.0,23,20180.0,32
1597988400604864000,1597988400500000000,2020-08-21 13:40:00.500000,20210.0,20220.0,20020.0,20195.0,nan,20112.446087,91814,9233020625.0,64452,20205.0,2,20200.0,24,20210.0,44,20195.0,9,20215.0,23,20190.0,22,20220.0,54,20185.0,24,20225.0,23,20180.0,31
1597988401105520128,1597988401000000000,2020-08-21 13:40:01.000000,20205.0,20220.0,20020.0,20195.0,nan,20112.448103,91816,9233222675.0,64450,20210.0,43,20200.0,26,20215.0,23,20195.0,17,20220.0,54,20190.0,22,20225.0,23,20185.0,24,20230.0,153,20180.0,31
1597988401601498112,1597988401500000000,2020-08-21 13:40:01.500000,20205.0,20220.0,20020.0,20195.0,nan,20112.448103,91816,9233222675.0,64450,20205.0,7,20200.0,26,20210.0,50,20195.0,17,20215.0,23,20190.0,22,20220.0,54,20185.0,24,20225.0,23,20180.0,31
1597988402151447040,1597988402000000000,2020-08-21 13:40:02.000000,20200.0,20220.0,20020.0,20195.0,nan,20112.45001,91818,9233424675.0,64448,20205.0,11,20200.0,26,20210.0,49,20195.0,17,20215.0,23,20190.0,22,20220.0,54,20185.0,24,20225.0,23,20180.0,31
1597988402609733888,1597988402500000000,2020-08-21 13:40:02.500000,20200.0,20220.0,20020.0,20195.0,nan,20112.45001,91818,9233424675.0,64448,20205.0,16,20200.0,26,20210.0,49,20195.0,17,20215.0,23,20190.0,22,20220.0,54,20185.0,24,20225.0,23,20180.0,31
1597988403140355072,1597988403000000000,2020-08-21 13:40:03.000000,20200.0,20220.0,20020.0,20195.0,nan,20112.45001,91818,9233424675.0,64448,20205.0,20,20200.0,26,20210.0,49,20195.0,17,20215.0,23,20190.0,22,20220.0,35,20185.0,24,20225.0,23,20180.0,31
1597988403642752000,1597988403500000000,2020-08-21 13:40:03.500000,20205.0,20220.0,20020.0,20195.0,nan,20112.452026,91820,9233626725.0,64448,20205.0,19,20200.0,26,20210.0,50,20195.0,17,20215.0,23,20190.0,22,20220.0,35,20185.0,24,20225.0,23,20180.0,31
1597988405148899072,1597988405000000000,2020-08-21 13:40:05.000000,20205.0,20220.0,20020.0,20195.0,nan,20112.452026,91820,9233626725.0,64448,20205.0,19,20200.0,26,20210.0,50,20195.0,17,20215.0,23,20190.0,25,20220.0,35,20185.0,24,20225.0,23,20180.0,31
1597988405628153088,1597988405500000000,2020-08-21 13:40:05.500000,20205.0,20220.0,20020.0,20195.0,nan,20112.454042,91822,9233828775.0,64448,20205.0,19,20200.0,27,20210.0,50,20195.0,17,20215.0,23,20190.0,25,20220.0,35,20185.0,24,20225.0,23,20180.0,31
1597988406635276032,1597988406500000000,2020-08-21 13:40:06.500000,20200.0,20220.0,20020.0,20195.0,nan,20112.455948,91824,9234030775.0,64446,20205.0,19,20200.0,27,20210.0,59,20195.0,17,20215.0,23,20190.0,25,20220.0,35,20185.0,24,20225.0,23,20180.0,31
1597988407126870016,1597988407000000000,2020-08-21 13:40:07.000000,20200.0,20220.0,20020.0,20195.0,nan,20112.475012,91844,9236050775.0,64438,20205.0,24,20200.0,9,20210.0,60,20195.0,17,20215.0,23,20190.0,25,20220.0,35,20185.0,24,20225.0,23,20180.0,31
1597988407628783104,1597988407500000000,2020-08-21 13:40:07.500000,20200.0,20220.0,20020.0,20195.0,nan,20112.496489,91867,9238373575.0,64430,20200.0,17,20195.0,8,20205.0,46,20190.0,25,20210.0,60,20185.0,24,20215.0,31,20180.0,31,20220.0,35,20175.0,42
1597988408176396032,1597988408000000000,2020-08-21 13:40:08.000000,20195.0,20220.0,20020.0,20195.0,nan,20112.499184,91870,9238676500.0,64430,20200.0,20,20195.0,37,20205.0,46,20190.0,23,20210.0,60,20185.0,24,20215.0,31,20180.0,31,20220.0,35,20175.0,42
1597988408644911104,1597988408500000000,2020-08-21 13:40:08.500000,20200.0,20220.0,20020.0,20195.0,nan,20112.502993,91874,9239080500.0,64430,20200.0,15,20195.0,38,20205.0,44,20190.0,23,20210.0,60,20185.0,24,20215.0,31,20180.0,31,20220.0,35,20175.0,42
1597988409137574912,1597988409000000000,2020-08-21 13:40:09.000000,20200.0,20220.0,20020.0,20195.0,nan,20112.502993,91874,9239080500.0,64430,20200.0,14,20195.0,38,20205.0,49,20190.0,23,20210.0,61,20185.0,24,20215.0,31,20180.0,31,20220.0,35,20175.0,42
1597988409631450112,1597988409500000000,2020-08-21 13:40:09.500000,20200.0,20220.0,20020.0,20195.0,nan,20112.516324,91888,9240494500.0,64430,20205.0,47,20200.0,10,20210.0,61,20195.0,40,20215.0,31,20190.0,23,20220.0,35,20185.0,24,20225.0,23,20180.0,31
1597988410108327936,1597988410000000000,2020-08-21 13:40:10.000000,20195.0,20220.0,20020.0,20195.0,nan,20112.528645,91901,9241807475.0,64430,20200.0,1,20195.0,38,20205.0,48,20190.0,25,20210.0,61,20185.0,23,20215.0,31,20180.0,32,20220.0,35,20175.0,42
1597988410625692928,1597988410500000000,2020-08-21 13:40:10.500000,20195.0,20220.0,20020.0,20195.0,nan,20112.528645,91901,9241807475.0,64430,20200.0,3,20195.0,39,20205.0,48,20190.0,25,20210.0,61,20185.0,23,20215.0,31,20180.0,32,20220.0,35,20175.0,42
1597988411142426112,1597988411000000000,2020-08-21 13:40:11.000000,20195.0,20220.0,20020.0,20195.0,nan,20112.529542,91902,9241908450.0,64431,20200.0,16,20195.0,36,20205.0,48,20190.0,25,20210.0,61,20185.0,23,20215.0,31,20180.0,32,20220.0,35,20175.0,42
1597988411627753984,1597988411500000000,2020-08-21 13:40:11.500000,20195.0,20220.0,20020.0,20195.0,nan,20112.53044,91903,9242009425.0,64431,20200.0,16,20195.0,35,20205.0,48,20190.0,25,20210.0,61,20185.0,23,20215.0,31,20180.0,32,20220.0,35,20175.0,42
1597988412132943104,1597988412000000000,2020-08-21 13:40:12.000000,20195.0,20220.0,20020.0,20195.0,nan,20112.53044,91903,9242009425.0,64431,20200.0,21,20195.0,34,20205.0,48,20190.0,25,20210.0,61,20185.0,23,20215.0,31,20180.0,32,20220.0,35,20175.0,42
1597988412658554112,1597988412500000000,2020-08-21 13:40:12.500000,20200.0,20220.0,20020.0,20195.0,nan,20112.531391,91904,9242110425.0,64431,20200.0,25,20195.0,32,20205.0,30,20190.0,25,20210.0,61,20185.0,23,20215.0,31,20180.0,32,20220.0,35,20175.0,42
1597988413142248960,1597988413000000000,2020-08-21 13:40:13.000000,20200.0,20220.0,20020.0,20195.0,nan,20112.531391,91904,9242110425.0,64431,20200.0,44,20195.0,35,20205.0,30,20190.0,25,20210.0,61,20185.0,23,20215.0,31,20180.0,32,20220.0,35,20175.0,42
1597988413642373120,1597988413500000000,2020-08-21 13:40:13.500000,20200.0,20220.0,20020.0,20195.0,nan,20112.532343,91905,9242211425.0,64431,20200.0,44,20195.0,33,20205.0,30,20190.0,25,20210.0,61,20185.0,23,20215.0,31,20180.0,32,20220.0,35,20175.0,42
1597988414145867008,1597988414000000000,2020-08-21 13:40:14.000000,20195.0,20220.0,20020.0,20195.0,nan,20112.566427,91943,9246048475.0,64441,20195.0,7,20190.0,25,20200.0,44,20185.0,23,20205.0,30,20180.0,32,20210.0,61,20175.0,42,20215.0,31,20170.0,127
1597988414636595968,1597988414500000000,2020-08-21 13:40:14.500000,20190.0,20220.0,20020.0,20195.0,nan,20112.567269,91944,9246149425.0,64440,20195.0,15,20190.0,21,20200.0,52,20185.0,22,20205.0,29,20180.0,32,20210.0,60,20175.0,42,20215.0,31,20170.0,127
1597988415134768128,1597988415000000000,2020-08-21 13:40:15.000000,20195.0,20220.0,20020.0,20195.0,nan,20112.570855,91948,9246553325.0,64441,20195.0,30,20190.0,20,20200.0,53,20185.0,22,20205.0,29,20180.0,32,20210.0,60,20175.0,42,20215.0,31,20170.0,127
1597988415693052928,1597988415500000000,2020-08-21 13:40:15.500000,20190.0,20220.0,20020.0,20195.0,nan,20112.571697,91949,9246654275.0,64440,20195.0,31,20190.0,19,20200.0,50,20185.0,24,20205.0,29,20180.0,32,20210.0,59,20175.0,43,20215.0,31,20170.0,127
1597988416183152128,1597988416000000000,2020-08-21 13:40:16.000000,20190.0,20220.0,20020.0,20195.0,nan,20112.571697,91949,9246654275.0,64440,20195.0,31,20190.0,21,20200.0,50,20185.0,24,20205.0,29,20180.0,32,20210.0,60,20175.0,43,20215.0,31,20170.0,127
1597988416621208064,1597988416500000000,2020-08-21 13:40:16.500000,20195.0,20220.0,20020.0,20195.0,nan,20112.572594,91950,9246755250.0,64441,20195.0,30,20190.0,21,20200.0,46,20185.0,24,20205.0,29,20180.0,33,20210.0,60,20175.0,43,20215.0,31,20170.0,127
1597988417180642048,1597988417000000000,2020-08-21 13:40:17.000000,20195.0,20220.0,20020.0,20195.0,nan,20112.57349,91951,9246856225.0,64441,20195.0,29,20190.0,21,20200.0,42,20185.0,24,20205.0,26,20180.0,33,20210.0,60,20175.0,43,20215.0,31,20170.0,127
1597988417634542080,1597988417500000000,2020-08-21 13:40:17.500000,20195.0,20220.0,20020.0,20195.0,nan,20112.57349,91951,9246856225.0,64441,20195.0,32,20190.0,21,20200.0,43,20185.0,24,20205.0,26,20180.0,33,20210.0,60,20175.0,43,20215.0,31,20170.0,127
1597988418142977024,1597988418000000000,2020-08-21 13:40:18.000000,20195.0,20220.0,20020.0,20195.0,nan,20112.57349,91951,9246856225.0,64441,20195.0,34,20190.0,21,20200.0,44,20185.0,24,20205.0,27,20180.0,33,20210.0,60,20175.0,43,20215.0,39,20170.0,127
1597988418619568896,1597988418500000000,2020-08-21 13:40:18.500000,20190.0,20220.0,20020.0,20195.0,nan,20112.5777,91956,9247360975.0,64444,20195.0,39,20190.0,16,20200.0,44,20185.0,24,20205.0,28,20180.0,33,20210.0,60,20175.0,43,20215.0,38,20170.0,127
1597988419139271936,1597988419000000000,2020-08-21 13:40:19.000000,20190.0,20220.0,20020.0,20195.0,nan,20112.591169,91972,9248976175.0,64441,20190.0,2,20185.0,24,20195.0,48,20180.0,33,20200.0,43,20175.0,43,20205.0,28,20170.0,127,20210.0,60,20165.0,79
1597988419640217088,1597988419500000000,2020-08-21 13:40:19.500000,20185.0,20220.0,20020.0,20195.0,nan,20112.603737,91987,9250490400.0,64432,20190.0,3,20185.0,23,20195.0,48,20180.0,32,20200.0,43,20175.0,37,20205.0,28,20170.0,127,20210.0,60,20165.0,79
1597988420104299008,1597988420000000000,2020-08-21 13:40:20.000000,20185.0,20220.0,20020.0,20195.0,nan,20112.604525,91988,9250591325.0,64431,20190.0,7,20185.0,22,20195.0,50,20180.0,32,20200.0,43,20175.0,37,20205.0,28,20170.0,127,20210.0,61,20165.0,79
1597988420612998912,1597988420500000000,2020-08-21 13:40:20.500000,20185.0,20220.0,20020.0,20195.0,nan,20112.621048,92009,9252710750.0,64443,20185.0,9,20180.0,32,20190.0,22,20175.0,37,20195.0,50,20170.0,127,20200.0,43,20165.0,79,20205.0,28,20160.0,28
1597988421149040128,1597988421000000000,2020-08-21 13:40:21.000000,20185.0,20220.0,20020.0,20195.0,nan,20112.622621,92011,9252912600.0,64443,20185.0,21,20180.0,30,20190.0,27,20175.0,36,20195.0,46,20170.0,130,20200.0,43,20165.0,9,20205.0,28,20160.0,20
1597988421611741952,1597988421500000000,2020-08-21 13:40:21.500000,20185.0,20220.0,20020.0,20195.0,nan,20112.632846,92024,9254224625.0,64444,20185.0,10,20180.0,27,20190.0,27,20175.0,36,20195.0,44,20170.0,130,20200.0,43,20165.0,10,20205.0,28,20160.0,20
1597988422113272064,1597988422000000000,2020-08-21 13:40:22.000000,20185.0,20220.0,20020.0,20195.0,nan,20112.635205,92027,9254527400.0,64447,20185.0,8,20180.0,28,20190.0,27,20175.0,36,20195.0,42,20170.0,130,20200.0,43,20165.0,10,20205.0,28,20160.0,20
1597988422662629888,1597988422500000000,2020-08-21 13:40:22.500000,20185.0,20220.0,20020.0,20195.0,nan,20112.642281,92036,9255435725.0,64446,20190.0,28,20180.0,28,20195.0,42,20175.0,36,20200.0,43,20170.0,130,20205.0,28,20165.0,10,20210.0,61,20160.0,20
1597988423138541056,1597988423000000000,2020-08-21 13:40:23.000000,20185.0,20220.0,20020.0,20195.0,nan,20112.642281,92036,9255435725.0,64446,20185.0,3,20180.0,28,20190.0,28,20175.0,36,20195.0,43,20170.0,130,20200.0,43,20165.0,10,20205.0,28,20160.0,20
1597988423624879104,1597988423500000000,2020-08-21 13:40:23.500000,20185.0,20220.0,20020.0,20195.0,nan,20112.643067,92037,9255536650.0,64446,20185.0,5,20180.0,27,20190.0,29,20175.0,36,20195.0,42,20170.0,130,20200.0,43,20165.0,10,20205.0,28,20160.0,20
1597988424203488000,1597988424000000000,2020-08-21 13:40:24.000000,20185.0,20220.0,20020.0,20195.0,nan,20112.643067,92037,9255536650.0,64446,20185.0,18,20180.0,27,20190.0,29,20175.0,36,20195.0,42,20170.0,130,20200.0,43,20165.0,10,20205.0,28,20160.0,20
1597988424636334080,1597988424500000000,2020-08-21 13:40:24.500000,20185.0,20220.0,20020.0,20195.0,nan,20112.643067,92037,9255536650.0,64446,20185.0,20,20180.0,23,20190.0,29,20175.0,36,20195.0,42,20170.0,130,20200.0,42,20165.0,10,20205.0,28,20160.0,20
1597988425136067072,1597988425000000000,2020-08-21 13:40:25.000000,20185.0,20220.0,20020.0,20195.0,nan,20112.643067,92037,9255536650.0,64446,20185.0,21,20180.0,22,20190.0,29,20175.0,36,20195.0,42,20170.0,130,20200.0,42,20165.0,18,20205.0,28,20160.0,20
1597988426174981120,1597988426000000000,2020-08-21 13:40:26.000000,20185.0,20220.0,20020.0,20195.0,nan,20112.643067,92037,9255536650.0,64446,20185.0,23,20180.0,22,20190.0,27,20175.0,36,20195.0,41,20170.0,130,20200.0,42,20165.0,18,20205.0,28,20160.0,20
1597988426660413952,1597988426500000000,2020-08-21 13:40:26.500000,20185.0,20220.0,20020.0,20195.0,nan,20112.643067,92037,9255536650.0,64446,20185.0,23,20180.0,23,20190.0,27,20175.0,36,20195.0,41,20170.0,130,20200.0,42,20165.0,18,20205.0,28,20160.0,20
1597988428116025088,1597988428000000000,2020-08-21 13:40:28.000000,20185.0,20220.0,20020.0,20195.0,nan,20112.643067,92037,9255536650.0,64446,20185.0,23,20180.0,30,20190.0,27,20175.0,36,20195.0,41,20170.0,130,20200.0,45,20165.0,18,20205.0,28,20160.0,20
1597988428611506944,1597988428500000000,2020-08-21 13:40:28.500000,20185.0,20220.0,20020.0,20195.0,nan,20112.643067,92037,9255536650.0,64446,20185.0,23,20180.0,32,20190.0,27,20175.0,36,20195.0,41,20170.0,130,20200.0,45,20165.0,18,20205.0,28,20160.0,20
1597988429126021888,1597988429000000000,2020-08-21 13:40:29.000000,20185.0,20220.0,20020.0,20195.0,nan,20112.643067,92037,9255536650.0,64446,20185.0,25,20180.0,32,20190.0,27,20175.0,36,20195.0,42,20170.0,130,20200.0,45,20165.0,18,20205.0,28,20160.0,20
1597988429601434112,1597988429500000000,2020-08-21 13:40:29.500000,20185.0,20220.0,20020.0,20195.0,nan,20112.643067,92037,9255536650.0,64446,20185.0,25,20180.0,33,20190.0,27,20175.0,36,20195.0,42,20170.0,130,20200.0,47,20165.0,18,20205.0,28,20160.0,20
1597988430128137984,1597988430000000000,2020-08-21 13:40:30.000000,20180.0,20220.0,20020.0,20195.0,nan,20112.643799,92038,9255637550.0,64446,20185.0,25,20180.0,32,20190.0,25,20175.0,37,20195.0,42,20170.0,130,20200.0,47,20165.0,18,20205.0,28,20160.0,20
1597988430620705024,1597988430500000000,2020-08-21 13:40:30.500000,20185.0,20220.0,20020.0,20195.0,nan,20112.663448,92063,9258160675.0,64429,20190.0,25,20180.0,40,20195.0,42,20175.0,37,20200.0,47,20170.0,130,20205.0,28,20165.0,18,20210.0,69,20160.0,20
1597988431106470912,1597988431000000000,2020-08-21 13:40:31.000000,20185.0,20220.0,20020.0,20195.0,nan,20112.665805,92066,9258463450.0,64432,20190.0,27,20185.0,12,20195.0,42,20180.0,43,20200.0,47,20175.0,37,20205.0,28,20170.0,130,20210.0,70,20165.0,18
1597988431632186112,1597988431500000000,2020-08-21 13:40:31.500000,20185.0,20220.0,20020.0,20195.0,nan,20112.674446,92077,9259573625.0,64427,20190.0,23,20185.0,8,20195.0,42,20180.0,33,20200.0,47,20175.0,37,20205.0,28,20170.0,130,20210.0,70,20165.0,18
1597988432123070976,1597988432000000000,2020-08-21 13:40:32.000000,20185.0,20220.0,20020.0,20195.0,nan,20112.674446,92077,9259573625.0,64427,20190.0,25,20185.0,12,20195.0,42,20180.0,33,20200.0,47,20175.0,37,20205.0,28,20170.0,130,20210.0,70,20165.0,19
1597988432608112896,1597988432500000000,2020-08-21 13:40:32.500000,20185.0,20220.0,20020.0,20195.0,nan,20112.674446,92077,9259573625.0,64427,20190.0,25,20185.0,20,20195.0,42,20180.0,32,20200.0,47,20175.0,37,20205.0,28,20170.0,130,20210.0,70,20165.0,19
1597988433131060992,1597988433000000000,2020-08-21 13:40:33.000000,20185.0,20220.0,20020.0,20195.0,nan,20112.674446,92077,9259573625.0,64427,20190.0,25,20185.0,21,20195.0,42,20180.0,32,20200.0,47,20175.0,37,20205.0,28,20170.0,130,20210.0,69,20165.0,19
1597988433613500928,1597988433500000000,2020-08-21 13:40:33.500000,20185.0,20220.0,20020.0,20195.0,nan,20112.674446,92077,9259573625.0,64427,20190.0,26,20185.0,21,20195.0,42,20180.0,32,20200.0,47,20175.0,37,20205.0,28,20170.0,130,20210.0,69,20165.0,19
1597988434607953920,1597988434500000000,2020-08-21 13:40:34.500000,20185.0,20220.0,20020.0,20195.0,nan,20112.674446,92077,9259573625.0,64427,20190.0,28,20185.0,21,20195.0,42,20180.0,32,20200.0,47,20175.0,37,20205.0,28,20170.0,130,20210.0,69,20165.0,19
1597988435123279872,1597988435000000000,2020-08-21 13:40:35.000000,20185.0,20220.0,20020.0,20195.0,nan,20112.674446,92077,9259573625.0,64427,20190.0,28,20185.0,21,20195.0,42,20180.0,32,20200.0,46,20175.0,37,20205.0,28,20170.0,130,20210.0,69,20165.0,19
1597988435604670976,1597988435500000000,2020-08-21 13:40:35.500000,20185.0,20220.0,20020.0,20195.0,nan,20112.674446,92077,9259573625.0,64427,20190.0,28,20185.0,22,20195.0,42,20180.0,32,20200.0,46,20175.0,37,20205.0,28,20170.0,130,20210.0,69,20165.0,19
1597988436154658048,1597988436000000000,2020-08-21 13:40:36.000000,20190.0,20220.0,20020.0,20195.0,nan,20112.699632,92107,9262602125.0,64414,20195.0,42,20190.0,76,20200.0,46,20185.0,22,20205.0,28,20180.0,32,20210.0,69,20175.0,37,20215.0,112,20170.0,24
1597988436610080000,1597988436500000000,2020-08-21 13:40:36.500000,20190.0,20220.0,20020.0,20195.0,nan,20112.71893,92130,9264923975.0,64395,20195.0,31,20190.0,64,20200.0,46,20185.0,16,20205.0,28,20180.0,34,20210.0,64,20175.0,37,20215.0,112,20170.0,24
1597988437107854080,1597988437000000000,2020-08-21 13:40:37.000000,20190.0,20220.0,20020.0,20195.0,nan,20112.756206,92172,9269164825.0,64363,20200.0,46,20190.0,60,20205.0,28,20185.0,16,20210.0,64,20180.0,34,20215.0,112,20175.0,37,20220.0,92,20170.0,32
1597988437614118912,1597988437500000000,2020-08-21 13:40:37.500000,20190.0,20220.0,20020.0,20195.0,nan,20112.837108,92270,9279057400.0,64367,20190.0,6,20185.0,2,20195.0,68,20180.0,32,20200.0,66,20175.0,36,20205.0,36,20170.0,31,20210.0,64,20165.0,20
1597988438146063872,1597988438000000000,2020-08-21 13:40:38.000000,20190.0,20220.0,20020.0,20195.0,nan,20112.854341,92291,9281177200.0,64349,20190.0,5,20185.0,33,20195.0,61,20180.0,30,20200.0,52,20175.0,36,20205.0,28,20170.0,31,20210.0,64,20165.0,20
1597988438625551872,1597988438500000000,2020-08-21 13:40:38.500000,20190.0,20220.0,20020.0,20195.0,nan,20112.85852,92296,9281681950.0,64354,20195.0,29,20190.0,21,20200.0,52,20185.0,39,20205.0,35,20180.0,31,20210.0,64,20175.0,35,20215.0,41,20170.0,31
1597988439135739904,1597988439000000000,2020-08-21 13:40:39.000000,20185.0,20220.0,20020.0,20195.0,nan,20112.883316,92326,9284710325.0,64361,20195.0,32,20185.0,35,20200.0,51,20180.0,33,20205.0,35,20175.0,35,20210.0,64,20170.0,31,20215.0,41,20165.0,20
1597988439636186880,1597988439500000000,2020-08-21 13:40:39.500000,20185.0,20220.0,20020.0,20195.0,nan,20112.88644,92330,9285114025.0,64359,20190.0,2,20185.0,32,20195.0,30,20180.0,33,20200.0,51,20175.0,35,20205.0,35,20170.0,31,20210.0,63,20165.0,20
1597988440141989888,1597988440000000000,2020-08-21 13:40:40.000000,20185.0,20220.0,20020.0,20195.0,nan,20112.88644,92330,9285114025.0,64359,20190.0,9,20185.0,30,20195.0,30,20180.0,33,20200.0,51,20175.0,35,20205.0,35,20170.0,31,20210.0,63,20165.0,20
1597988440631322112,1597988440500000000,2020-08-21 13:40:40.500000,20185.0,20220.0,20020.0,20195.0,nan,20112.88644,92330,9285114025.0,64359,20190.0,10,20185.0,30,20195.0,30,20180.0,33,20200.0,51,20175.0,35,20205.0,35,20170.0,31,20210.0,63,20165.0,20
1597988441623257088,1597988441500000000,2020-08-21 13:40:41.500000,20185.0,20220.0,20020.0,20195.0,nan,20112.88644,92330,9285114025.0,64359,20190.0,16,20185.0,30,20195.0,30,20180.0,33,20200.0,51,20175.0,35,20205.0,35,20170.0,31,20210.0,63,20165.0,20
1597988442142279936,1597988442000000000,2020-08-21 13:40:42.000000,20190.0,20220.0,20020.0,20195.0,nan,20112.887275,92331,9285214975.0,64358,20190.0,15,20185.0,30,20195.0,40,20180.0,32,20200.0,51,20175.0,35,20205.0,35,20170.0,31,20210.0,73,20165.0,20
1597988443108090880,1597988443000000000,2020-08-21 13:40:43.000000,20190.0,20220.0,20020.0,20195.0,nan,20112.887275,92331,9285214975.0,64358,20190.0,22,20185.0,34,20195.0,40,20180.0,32,20200.0,51,20175.0,35,20205.0,35,20170.0,31,20210.0,73,20165.0,20
1597988443634821888,1597988443500000000,2020-08-21 13:40:43.500000,20185.0,20220.0,20020.0,20195.0,nan,20112.888056,92332,9285315900.0,64358,20190.0,23,20185.0,33,20195.0,40,20180.0,32,20200.0,51,20175.0,35,20205.0,35,20170.0,31,20210.0,73,20165.0,20
1597988444154149888,1597988444000000000,2020-08-21 13:40:44.000000,20185.0,20220.0,20020.0,20195.0,nan,20112.893523,92339,9286022375.0,64354,20190.0,23,20185.0,25,20195.0,41,20180.0,32,20200.0,53,20175.0,35,20205.0,35,20170.0,31,20210.0,73,20165.0,20
1597988444638376960,1597988444500000000,2020-08-21 13:40:44.500000,20185.0,20220.0,20020.0,20195.0,nan,20112.912259,92363,9288444575.0,64362,20190.0,27,20185.0,4,20195.0,41,20180.0,30,20200.0,53,20175.0,35,20205.0,35,20170.0,31,20210.0,73,20165.0,20
1597988445131406080,1597988445000000000,2020-08-21 13:40:45.000000,20185.0,20220.0,20020.0,20195.0,nan,20112.922404,92376,9289756600.0,64361,20185.0,26,20180.0,30,20190.0,31,20175.0,35,20195.0,41,20170.0,31,20200.0,53,20165.0,21,20205.0,35,20160.0,20
1597988445614432000,1597988445500000000,2020-08-21 13:40:45.500000,20185.0,20220.0,20020.0,20195.0,nan,20112.923184,92377,9289857525.0,64361,20185.0,28,20180.0,17,20190.0,32,20175.0,35,20195.0,41,20170.0,31,20200.0,53,20165.0,23,20205.0,35,20160.0,20
1597988446162085120,1597988446000000000,2020-08-21 13:40:46.000000,20185.0,20220.0,20020.0,20195.0,nan,20112.923184,92377,9289857525.0,64361,20185.0,28,20180.0,22,20190.0,32,20175.0,33,20195.0,41,20170.0,31,20200.0,53,20165.0,23,20205.0,36,20160.0,20
1597988446603325952,1597988446500000000,2020-08-21 13:40:46.500000,20185.0,20220.0,20020.0,20195.0,nan,20112.923184,92377,9289857525.0,64361,20185.0,28,20180.0,21,20190.0,32,20175.0,33,20195.0,41,20170.0,31,20200.0,53,20165.0,23,20205.0,36,20160.0,20
1597988447108058880,1597988447000000000,2020-08-21 13:40:47.000000,20185.0,20220.0,20020.0,20195.0,nan,20112.923184,92377,9289857525.0,64361,20185.0,28,20180.0,23,20190.0,32,20175.0,33,20195.0,41,20170.0,31,20200.0,53,20165.0,23,20205.0,36,20160.0,20
1597988447603832064,1597988447500000000,2020-08-21 13:40:47.500000,20185.0,20220.0,20020.0,20195.0,nan,20112.923184,92377,9289857525.0,64361,20185.0,28,20180.0,18,20190.0,32,20175.0,33,20195.0,41,20170.0,31,20200.0,53,20165.0,23,20205.0,36,20160.0,20
1597988448117096960,1597988448000000000,2020-08-21 13:40:48.000000,20185.0,20220.0,20020.0,20195.0,nan,20112.923184,92377,9289857525.0,64361,20185.0,28,20180.0,18,20190.0,42,20175.0,33,20195.0,41,20170.0,31,20200.0,53,20165.0,23,20205.0,36,20160.0,20
1597988448632346880,1597988448500000000,2020-08-21 13:40:48.500000,20185.0,20220.0,20020.0,20195.0,nan,20112.923184,92377,9289857525.0,64361,20185.0,30,20180.0,17,20190.0,42,20175.0,33,20195.0,41,20170.0,31,20200.0,53,20165.0,23,20205.0,36,20160.0,20
1597988449114746880,1597988449000000000,2020-08-21 13:40:49.000000,20185.0,20220.0,20020.0,20195.0,nan,20112.923184,92377,9289857525.0,64361,20185.0,30,20180.0,20,20190.0,42,20175.0,33,20195.0,41,20170.0,31,20200.0,53,20165.0,23,20205.0,36,20160.0,20
1597988450113534976,1597988450000000000,2020-08-21 13:40:50.000000,20185.0,20220.0,20020.0,20195.0,nan,20112.923184,92377,9289857525.0,64361,20185.0,30,20180.0,21,20190.0,43,20175.0,33,20195.0,41,20170.0,31,20200.0,53,20165.0,23,20205.0,36,20160.0,20
1597988450598486016,1597988450500000000,2020-08-21 13:40:50.500000,20180.0,20220.0,20020.0,20195.0,nan,20112.92391,92378,9289958425.0,64361,20185.0,30,20180.0,20,20190.0,43,20175.0,33,20195.0,41,20170.0,31,20200.0,53,20165.0,23,20205.0,36,20160.0,20
1597988451146351104,1597988451000000000,2020-08-21 13:40:51.000000,20180.0,20220.0,20020.0,20195.0,nan,20112.938429,92398,9291976425.0,64377,20185.0,30,20180.0,1,20190.0,43,20175.0,33,20195.0,41,20170.0,31,20200.0,53,20165.0,23,20205.0,36,20160.0,20
1597988451608752896,1597988451500000000,2020-08-21 13:40:51.500000,20180.0,20220.0,20020.0,20195.0,nan,20112.939155,92399,9292077325.0,64376,20180.0,8,20175.0,33,20185.0,23,20170.0,31,20190.0,44,20165.0,22,20195.0,39,20160.0,21,20200.0,53,20155.0,28
1597988452120402944,1597988452000000000,2020-08-21 13:40:52.000000,20180.0,20220.0,20020.0,20195.0,nan,20112.939155,92399,9292077325.0,64376,20180.0,32,20175.0,33,20185.0,21,20170.0,32,20190.0,44,20165.0,22,20195.0,39,20160.0,23,20200.0,53,20155.0,18
1597988452617571072,1597988452500000000,2020-08-21 13:40:52.500000,20180.0,20220.0,20020.0,20195.0,nan,20112.939155,92399,9292077325.0,64376,20180.0,35,20175.0,9,20185.0,21,20170.0,30,20190.0,44,20165.0,22,20195.0,39,20160.0,23,20200.0,53,20155.0,18
