local_nano_time,quote_nano_time,datetime,last_price,highest,lowest,open,close,average,volume,amount,open_interest,ask_price1,ask_volume1,bid_price1,bid_volume1,ask_price2,ask_volume2,bid_price2,bid_volume2,ask_price3,ask_volume3,bid_price3,bid_volume3,ask_price4,ask_volume4,bid_price4,bid_volume4,ask_price5,ask_volume5,bid_price5,bid_volume5
1597988226226904064,1597988226719000064,2020-08-21 13:37:06.719000,3618.0,3636.0,3551.0,3580.0,nan,3589.0,153928,11051742720.0,91850,3619.0,8,3617.0,10,nan,0,nan,0,nan,0,nan,0,nan,0,nan,0,nan,0,nan,0
1597988226643994112,1597988227223000064,2020-08-21 13:37:07.223000,3618.0,3636.0,3551.0,3580.0,nan,3589.0,153944,11052900180.0,91845,3618.0,15,3617.0,4,nan,0,nan,0,nan,0,nan,0,nan,0,nan,0,nan,0,nan,0
1597988227148497920,1597988227728000000,2020-08-21 13:37:07.728000,3618.0,3636.0,3551.0,3580.0,nan,3589.0,153944,11052900180.0,91845,3618.0,15,3617.0,9,nan,0,nan,0,nan,0,nan,0,nan,0,nan,0,nan,0,nan,0
1597988227638159104,1597988228232999936,2020-08-21 13:37:08.233000,3618.0,3636.0,3551.0,3580.0,nan,3589.0,153945,11052972540.0,91845,3618.0,14,3617.0,12,nan,0,nan,0,nan,0,nan,0,nan,0,nan,0,nan,0,nan,0
1597988228133826048,1597988228728000000,2020-08-21 13:37:08.728000,3618.0,3636.0,3551.0,3580.0,nan,3589.0,153945,11052972540.0,91845,3618.0,12,3617.0,12,nan,0,nan,0,nan,0,nan,0,nan,0,nan,0,nan,0,nan,0
1597988228642085888,1597988229198999808,2020-08-21 13:37:09.199000,3618.0,3636.0,3551.0,3580.0,nan,3589.0,153945,11052972540.0,91845,3618.0,12,3617.0,17,nan,0,nan,0,nan,0,nan,0,nan,0,nan,0,nan,0,nan,0
1597988229138663936,1597988229670000128,2020-08-21 13:37:09.670000,3617.0,3636.0,3551.0,3580.0,nan,3589.0,153946,11053044880.0,91846,3618.0,13,3617.0,16,nan,0,nan,0,nan,0,nan,0,nan,0,nan,0,nan,0,nan,0
1597988229637027072,1597988230216000000,2020-08-21 13:37:10.216000,3617.0,3636.0,3551.0,3580.0,nan,3589.0,153946,11053044880.0,91846,3618.0,14,3617.0,16,nan,0,nan,0,nan,0,nan,0,nan,0,nan,0,nan,0,nan,0
1597988230179687936,1597988230713999872,2020-08-21 13:37:10.714000,3617.0,3636.0,3551.0,3580.0,nan,3589.0,153962,11054202320.0,91835,3618.0,19,3616.0,10,nan,0,nan,0,nan,0,nan,0,nan,0,nan,0,nan,0,nan,0
1597988230638071040,1597988231226000128,2020-08-21 13:37:11.226000,3617.0,3636.0,3551.0,3580.0,nan,3589.0,153963,11054274660.0,91835,3617.0,2,3616.0,10,nan,0,nan,0,nan,0,nan,0,nan,0,nan,0,nan,0,nan,0
1597988231139409920,1597988231734999808,2020-08-21 13:37:11.735000,3617.0,3636.0,3551.0,3580.0,nan,3589.0,153965,11054419340.0,91833,3618.0,19,3617.0,8,nan,0,nan,0,nan,0,nan,0,nan,0,nan,0,nan,0,nan,0
1597988231646330112,1597988232226000128,2020-08-21 13:37:12.226000,3618.0,3636.0,3551.0,3580.0,nan,3589.0,153969,11054708740.0,91832,3618.0,15,3617.0,6,nan,0,nan,0,nan,0,nan,0,nan,0,nan,0,nan,0,nan,0
1597988232176898048,1597988232742000128,2020-08-21 13:37:12.742000,3618.0,3636.0,3551.0,3580.0,nan,3589.0,153969,11054708740.0,91832,3618.0,17,3617.0,11,nan,0,nan,0,nan,0,nan,0,nan,0,nan,0,nan,0,nan,0
1597988232644272896,1597988233224999936,2020-08-21 13:37:13.225000,3618.0,3636.0,3551.0,3580.0,nan,3589.0,153969,11054708740.0,91832,3618.0,17,3617.0,12,nan,0,nan,0,nan,0,nan,0,nan,0,nan,0,nan,0,nan,0
1597988234139869952,1597988234700000000,2020-08-21 13:37:14.700000,3618.0,3636.0,3551.0,3580.0,nan,3589.0,153970,11054781100.0,91833,3618.0,16,3617.0,12,nan,0,nan,0,nan,0,nan,0,nan,0,nan,0,nan,0,nan,0
1597988234637989120,1597988235193000192,2020-08-21 13:37:15.193000,3617.0,3636.0,3551.0,3580.0,nan,3589.0,153971,11054853440.0,91832,3618.0,17,3617.0,12,nan,0,nan,0,nan,0,nan,0,nan,0,nan,0,nan,0,nan,0
1597988235145837056,1597988235579000064,2020-08-21 13:37:15.579000,3617.0,3636.0,3551.0,3580.0,nan,3589.0,153977,11055287480.0,91826,3618.0,17,3617.0,6,nan,0,nan,0,nan,0,nan,0,nan,0,nan,0,nan,0,nan,0
1597988235694066944,1597988236221999872,2020-08-21 13:37:16.222000,3617.0,3636.0,3551.0,3580.0,nan,3589.0,153979,11055432160.0,91824,3618.0,17,3617.0,4,nan,0,nan,0,nan,0,nan,0,nan,0,nan,0,nan,0,nan,0
1597988236147731968,1597988236734999808,2020-08-21 13:37:16.735000,3618.0,3636.0,3551.0,3580.0,nan,3589.0,153984,11055793880.0,91824,3618.0,16,3617.0,5,nan,0,nan,0,nan,0,nan,0,nan,0,nan,0,nan,0,nan,0
1597988236642180096,1597988237232000000,2020-08-21 13:37:17.232000,3617.0,3636.0,3551.0,3580.0,nan,3589.0,153986,11055938560.0,91826,3618.0,16,3617.0,3,nan,0,nan,0,nan,0,nan,0,nan,0,nan,0,nan,0,nan,0
1597988238165889024,1597988238712000000,2020-08-21 13:37:18.712000,3617.0,3636.0,3551.0,3580.0,nan,3589.0,153989,11056155580.0,91826,3617.0,1,3616.0,21,nan,0,nan,0,nan,0,nan,0,nan,0,nan,0,nan,0,nan,0
1597988238646362112,1597988239240999936,2020-08-21 13:37:19.241000,3617.0,3636.0,3551.0,3580.0,nan,3589.0,153990,11056227920.0,91826,3617.0,5,3616.0,21,nan,0,nan,0,nan,0,nan,0,nan,0,nan,0,nan,0,nan,0
1597988239145468928,1597988239690000128,2020-08-21 13:37:19.690000,3617.0,3636.0,3551.0,3580.0,nan,3589.0,153991,11056300260.0,91826,3617.0,5,3616.0,16,nan,0,nan,0,nan,0,nan,0,nan,0,nan,0,nan,0,nan,0
1597988239651260928,1597988240232999936,2020-08-21 13:37:20.233000,3617.0,3636.0,3551.0,3580.0,nan,3589.0,153992,11056372600.0,91826,3617.0,4,3616.0,16,nan,0,nan,0,nan,0,nan,0,nan,0,nan,0,nan,0,nan,0
1597988240150437120,1597988240720999936,2020-08-21 13:37:20.721000,3617.0,3636.0,3551.0,3580.0,nan,3589.0,153994,11056517280.0,91826,3617.0,2,3616.0,16,nan,0,nan,0,nan,0,nan,0,nan,0,nan,0,nan,0,nan,0
1597988240639459072,1597988241204000000,2020-08-21 13:37:21.204000,3617.0,3636.0,3551.0,3580.0,nan,3589.0,153995,11056589620.0,91826,3617.0,3,3616.0,17,nan,0,nan,0,nan,0,nan,0,nan,0,nan,0,nan,0,nan,0
1597988241143001088,1597988241731000064,2020-08-21 13:37:21.731000,3617.0,3636.0,3551.0,3580.0,nan,3589.0,153997,11056734300.0,91825,3617.0,1,3616.0,17,nan,0,nan,0,nan,0,nan,0,nan,0,nan,0,nan,0,nan,0
1597988241664281088,1597988242229000192,2020-08-21 13:37:22.229000,3617.0,3636.0,3551.0,3580.0,nan,3589.0,153998,11056806640.0,91825,3618.0,16,3617.0,25,nan,0,nan,0,nan,0,nan,0,nan,0,nan,0,nan,0,nan,0
1597988242138839040,1597988242728000000,2020-08-21 13:37:22.728000,3617.0,3636.0,3551.0,3580.0,nan,3589.0,153999,11056878980.0,91826,3618.0,16,3617.0,24,nan,0,nan,0,nan,0,nan,0,nan,0,nan,0,nan,0,nan,0
1597988242688796928,1597988243240000000,2020-08-21 13:37:23.240000,3617.0,3636.0,3551.0,3580.0,nan,3589.0,154010,11057674720.0,91827,3618.0,16,3617.0,13,nan,0,nan,0,nan,0,nan,0,nan,0,nan,0,nan,0,nan,0
1597988243141996032,1597988243736999936,2020-08-21 13:37:23.737000,3617.0,3636.0,3551.0,3580.0,nan,3589.0,154011,11057747060.0,91827,3618.0,16,3617.0,12,nan,0,nan,0,nan,0,nan,0,nan,0,nan,0,nan,0,nan,0
1597988243644468992,1597988244160000000,2020-08-21 13:37:24.160000,3618.0,3636.0,3551.0,3580.0,nan,3589.0,154016,11058108780.0,91826,3618.0,15,3617.0,9,nan,0,nan,0,nan,0,nan,0,nan,0,nan,0,nan,0,nan,0
1597988245145658880,1597988245700000000,2020-08-21 13:37:25.700000,3617.0,3636.0,3551.0,3580.0,nan,3589.0,154019,11058325820.0,91828,3618.0,16,3617.0,7,nan,0,nan,0,nan,0,nan,0,nan,0,nan,0,nan,0,nan,0
1597988246175866880,1597988246723000064,2020-08-21 13:37:26.723000,3618.0,3636.0,3551.0,3580.0,nan,3589.0,154022,11058542880.0,91829,3618.0,14,3617.0,6,nan,0,nan,0,nan,0,nan,0,nan,0,nan,0,nan,0,nan,0
1597988247150548992,1597988247742000128,2020-08-21 13:37:27.742000,3617.0,3636.0,3551.0,3580.0,nan,3589.0,154023,11058615220.0,91830,3618.0,13,3617.0,5,nan,0,nan,0,nan,0,nan,0,nan,0,nan,0,nan,0,nan,0
1597988248191113984,1597988248727000064,2020-08-21 13:37:28.727000,3617.0,3636.0,3551.0,3580.0,nan,3589.0,154025,11058759900.0,91832,3618.0,13,3617.0,3,nan,0,nan,0,nan,0,nan,0,nan,0,nan,0,nan,0,nan,0
1597988248649564928,1597988249240000000,2020-08-21 13:37:29.240000,3617.0,3636.0,3551.0,3580.0,nan,3589.0,154028,11058976920.0,91835,3618.0,13,3616.0,19,nan,0,nan,0,nan,0,nan,0,nan,0,nan,0,nan,0,nan,0
1597988249144355072,1597988249731000064,2020-08-21 13:37:29.731000,3616.0,3636.0,3551.0,3580.0,nan,3589.0,154031,11059193940.0,91835,3617.0,1,3616.0,18,nan,0,nan,0,nan,0,nan,0,nan,0,nan,0,nan,0,nan,0
1597988249668591104,1597988250240000000,2020-08-21 13:37:30.240000,3617.0,3636.0,3551.0,3580.0,nan,3589.0,154032,11059266280.0,91835,3618.0,12,3617.0,2,nan,0,nan,0,nan,0,nan,0,nan,0,nan,0,nan,0,nan,0
1597988250178394112,1597988250739000064,2020-08-21 13:37:30.739000,3617.0,3636.0,3551.0,3580.0,nan,3589.0,154032,11059266280.0,91835,3618.0,14,3617.0,2,nan,0,nan,0,nan,0,nan,0,nan,0,nan,0,nan,0,nan,0
1597988250661988096,1597988251240000000,2020-08-21 13:37:31.240000,3617.0,3636.0,3551.0,3580.0,nan,3589.0,154035,11059483300.0,91835,3617.0,3,3616.0,18,nan,0,nan,0,nan,0,nan,0,nan,0,nan,0,nan,0,nan,0
1597988251157997056,1597988251737999872,2020-08-21 13:37:31.738000,3617.0,3636.0,3551.0,3580.0,nan,3589.0,154038,11059700280.0,91836,3617.0,2,3616.0,17,nan,0,nan,0,nan,0,nan,0,nan,0,nan,0,nan,0,nan,0
1597988252144324096,1597988252742000128,2020-08-21 13:37:32.742000,3617.0,3636.0,3551.0,3580.0,nan,3589.0,154038,11059700280.0,91836,3617.0,3,3616.0,20,nan,0,nan,0,nan,0,nan,0,nan,0,nan,0,nan,0,nan,0
1597988252669703936,1597988253240000000,2020-08-21 13:37:33.240000,3617.0,3636.0,3551.0,3580.0,nan,3589.0,154040,11059844940.0,91837,3617.0,2,3616.0,19,nan,0,nan,0,nan,0,nan,0,nan,0,nan,0,nan,0,nan,0
1597988253145541120,1597988253730000128,2020-08-21 13:37:33.730000,3617.0,3636.0,3551.0,3580.0,nan,3589.0,154040,11059844940.0,91837,3617.0,4,3616.0,19,nan,0,nan,0,nan,0,nan,0,nan,0,nan,0,nan,0,nan,0
1597988254157186048,1597988254739000064,2020-08-21 13:37:34.739000,3617.0,3636.0,3551.0,3580.0,nan,3589.0,154041,11059917280.0,91837,3617.0,3,3616.0,19,nan,0,nan,0,nan,0,nan,0,nan,0,nan,0,nan,0,nan,0
1597988254647863040,1597988255220000000,2020-08-21 13:37:35.220000,3616.0,3636.0,3551.0,3580.0,nan,3589.0,154044,11060134280.0,91836,3617.0,1,3616.0,19,nan,0,nan,0,nan,0,nan,0,nan,0,nan,0,nan,0,nan,0
1597988255147518976,1597988255737999872,2020-08-21 13:37:35.738000,3616.0,3636.0,3551.0,3580.0,nan,3589.0,154046,11060278920.0,91838,3617.0,1,3616.0,17,nan,0,nan,0,nan,0,nan,0,nan,0,nan,0,nan,0,nan,0
1597988255646845952,1597988256232999936,2020-08-21 13:37:36.233000,3616.0,3636.0,3551.0,3580.0,nan,3589.0,154048,11060423580.0,91839,3617.0,1,3616.0,16,nan,0,nan,0,nan,0,nan,0,nan,0,nan,0,nan,0,nan,0
1597988256172836096,1597988256740999936,2020-08-21 13:37:36.741000,3616.0,3636.0,3551.0,3580.0,nan,3589.0,154049,11060495900.0,91840,3617.0,1,3616.0,15,nan,0,nan,0,nan,0,nan,0,nan,0,nan,0,nan,0,nan,0
1597988256652103936,1597988257223000064,2020-08-21 13:37:37.223000,3616.0,3636.0,3551.0,3580.0,nan,3589.0,154052,11060712860.0,91842,3617.0,1,3616.0,12,nan,0,nan,0,nan,0,nan,0,nan,0,nan,0,nan,0,nan,0
1597988257158797056,1597988257727000064,2020-08-21 13:37:37.727000,3617.0,3636.0,3551.0,3580.0,nan,3589.0,154053,11060785200.0,91842,3617.0,4,3616.0,12,nan,0,nan,0,nan,0,nan,0,nan,0,nan,0,nan,0,nan,0
1597988257646532096,1597988258237999872,2020-08-21 13:37:38.238000,3616.0,3636.0,3551.0,3580.0,nan,3589.0,154055,11060929860.0,91841,3617.0,3,3616.0,12,nan,0,nan,0,nan,0,nan,0,nan,0,nan,0,nan,0,nan,0
1597988258148442880,1597988258734999808,2020-08-21 13:37:38.735000,3616.0,3636.0,3551.0,3580.0,nan,3589.0,154055,11060929860.0,91841,3617.0,4,3616.0,12,nan,0,nan,0,nan,0,nan,0,nan,0,nan,0,nan,0,nan,0
1597988258644913920,1597988259240000000,2020-08-21 13:37:39.240000,3616.0,3636.0,3551.0,3580.0,nan,3589.0,154055,11060929860.0,91841,3617.0,5,3616.0,12,nan,0,nan,0,nan,0,nan,0,nan,0,nan,0,nan,0,nan,0
1597988259146489088,1597988259724000000,2020-08-21 13:37:39.724000,3616.0,3636.0,3551.0,3580.0,nan,3589.0,154055,11060929860.0,91841,3617.0,9,3616.0,13,nan,0,nan,0,nan,0,nan,0,nan,0,nan,0,nan,0,nan,0
1597988261161742080,1597988261736000000,2020-08-21 13:37:41.736000,3616.0,3636.0,3551.0,3580.0,nan,3589.0,154057,11061074500.0,91842,3617.0,9,3616.0,11,nan,0,nan,0,nan,0,nan,0,nan,0,nan,0,nan,0,nan,0
1597988262161531904,1597988262742000128,2020-08-21 13:37:42.742000,3616.0,3636.0,3551.0,3580.0,nan,3589.0,154058,11061146820.0,91843,3617.0,13,3616.0,10,nan,0,nan,0,nan,0,nan,0,nan,0,nan,0,nan,0,nan,0
1597988263141080064,1597988263686000128,2020-08-21 13:37:43.686000,3617.0,3636.0,3551.0,3580.0,nan,3589.0,154073,11062231700.0,91835,3617.0,9,3615.0,26,nan,0,nan,0,nan,0,nan,0,nan,0,nan,0,nan,0,nan,0
1597988263635164928,1597988264236999936,2020-08-21 13:37:44.237000,3616.0,3636.0,3551.0,3580.0,nan,3589.0,154074,11062304020.0,91834,3617.0,12,3616.0,3,nan,0,nan,0,nan,0,nan,0,nan,0,nan,0,nan,0,nan,0
1597988264159962112,1597988264730000128,2020-08-21 13:37:44.730000,3616.0,3636.0,3551.0,3580.0,nan,3589.0,154074,11062304020.0,91834,3617.0,12,3616.0,13,nan,0,nan,0,nan,0,nan,0,nan,0,nan,0,nan,0,nan,0
1597988264636037888,1597988265232000000,2020-08-21 13:37:45.232000,3616.0,3636.0,3551.0,3580.0,nan,3589.0,154081,11062810260.0,91829,3617.0,17,3616.0,6,nan,0,nan,0,nan,0,nan,0,nan,0,nan,0,nan,0,nan,0
1597988265146987008,1597988265709000192,2020-08-21 13:37:45.709000,3617.0,3636.0,3551.0,3580.0,nan,3589.0,154082,11062882600.0,91829,3617.0,16,3616.0,6,nan,0,nan,0,nan,0,nan,0,nan,0,nan,0,nan,0,nan,0
1597988267165623040,1597988267736999936,2020-08-21 13:37:47.737000,3617.0,3636.0,3551.0,3580.0,nan,3589.0,154082,11062882600.0,91829,3617.0,16,3616.0,11,nan,0,nan,0,nan,0,nan,0,nan,0,nan,0,nan,0,nan,0
1597988269143982080,1597988269740000000,2020-08-21 13:37:49.740000,3616.0,3636.0,3551.0,3580.0,nan,3589.0,154083,11062954920.0,91829,3617.0,12,3616.0,10,nan,0,nan,0,nan,0,nan,0,nan,0,nan,0,nan,0,nan,0
1597988269662365952,1597988270220000000,2020-08-21 13:37:50.220000,3616.0,3636.0,3551.0,3580.0,nan,3589.0,154083,11062954920.0,91829,3617.0,13,3616.0,10,nan,0,nan,0,nan,0,nan,0,nan,0,nan,0,nan,0,nan,0
1597988270147660032,1597988270728000000,2020-08-21 13:37:50.728000,3617.0,3636.0,3551.0,3580.0,nan,3589.0,154084,11063027260.0,91829,3617.0,12,3616.0,10,nan,0,nan,0,nan,0,nan,0,nan,0,nan,0,nan,0,nan,0
1597988270641839104,1597988271228000000,2020-08-21 13:37:51.228000,3617.0,3636.0,3551.0,3580.0,nan,3589.0,154084,11063027260.0,91829,3617.0,12,3616.0,35,nan,0,nan,0,nan,0,nan,0,nan,0,nan,0,nan,0,nan,0
1597988271149763072,1597988271697999872,2020-08-21 13:37:51.698000,3617.0,3636.0,3551.0,3580.0,nan,3589.0,154097,11063967680.0,91836,3618.0,9,3617.0,3,nan,0,nan,0,nan,0,nan,0,nan,0,nan,0,nan,0,nan,0
1597988271638273024,1597988272233999872,2020-08-21 13:37:52.234000,3617.0,3636.0,3551.0,3580.0,nan,3589.0,154099,11064112360.0,91838,3618.0,9,3617.0,6,nan,0,nan,0,nan,0,nan,0,nan,0,nan,0,nan,0,nan,0
1597988272135514880,1597988272704999936,2020-08-21 13:37:52.705000,3617.0,3636.0,3551.0,3580.0,nan,3589.0,154100,11064184700.0,91839,3618.0,9,3617.0,5,nan,0,nan,0,nan,0,nan,0,nan,0,nan,0,nan,0,nan,0
1597988272646739968,1597988273233999872,2020-08-21 13:37:53.234000,3617.0,3636.0,3551.0,3580.0,nan,3589.0,154100,11064184700.0,91839,3618.0,9,3617.0,10,nan,0,nan,0,nan,0,nan,0,nan,0,nan,0,nan,0,nan,0
1597988273149318912,1597988273732000000,2020-08-21 13:37:53.732000,3618.0,3636.0,3551.0,3580.0,nan,3589.0,154102,11064329400.0,91839,3618.0,8,3617.0,10,nan,0,nan,0,nan,0,nan,0,nan,0,nan,0,nan,0,nan,0
1597988273643164928,1597988274236000000,2020-08-21 13:37:54.236000,3617.0,3636.0,3551.0,3580.0,nan,3589.0,154104,11064474080.0,91841,3618.0,8,3617.0,8,nan,0,nan,0,nan,0,nan,0,nan,0,nan,0,nan,0,nan,0
1597988274644162048,1597988275239000064,2020-08-21 13:37:55.239000,3617.0,3636.0,3551.0,3580.0,nan,3589.0,154111,11064980580.0,91842,3618.0,3,3617.0,7,nan,0,nan,0,nan,0,nan,0,nan,0,nan,0,nan,0,nan,0
1597988275146179072,1597988275727000064,2020-08-21 13:37:55.727000,3617.0,3636.0,3551.0,3580.0,nan,3589.0,154112,11065052920.0,91843,3618.0,3,3617.0,6,nan,0,nan,0,nan,0,nan,0,nan,0,nan,0,nan,0,nan,0
1597988275648930048,1597988276240999936,2020-08-21 13:37:56.241000,3617.0,3636.0,3551.0,3580.0,nan,3589.0,154113,11065125260.0,91844,3618.0,3,3617.0,5,nan,0,nan,0,nan,0,nan,0,nan,0,nan,0,nan,0,nan,0
1597988277264669952,1597988277706000128,2020-08-21 13:37:57.706000,3618.0,3636.0,3551.0,3580.0,nan,3589.0,154116,11065342340.0,91846,3619.0,10,3618.0,2,nan,0,nan,0,nan,0,nan,0,nan,0,nan,0,nan,0,nan,0
1597988277642985984,1597988278236999936,2020-08-21 13:37:58.237000,3617.0,3636.0,3551.0,3580.0,nan,3589.0,154120,11065631740.0,91849,3618.0,1,3617.0,10,nan,0,nan,0,nan,0,nan,0,nan,0,nan,0,nan,0,nan,0
1597988278149835008,1597988278713999872,2020-08-21 13:37:58.714000,3617.0,3636.0,3551.0,3580.0,nan,3589.0,154120,11065631740.0,91849,3618.0,6,3617.0,10,nan,0,nan,0,nan,0,nan,0,nan,0,nan,0,nan,0,nan,0
1597988278643955968,1597988279236000000,2020-08-21 13:37:59.236000,3617.0,3636.0,3551.0,3580.0,nan,3589.0,154120,11065631740.0,91849,3618.0,6,3617.0,11,nan,0,nan,0,nan,0,nan,0,nan,0,nan,0,nan,0,nan,0
1597988279644225024,1597988280153000192,2020-08-21 13:38:00.153000,3617.0,3636.0,3551.0,3580.0,nan,3589.0,154120,11065631740.0,91849,3618.0,9,3617.0,11,nan,0,nan,0,nan,0,nan,0,nan,0,nan,0,nan,0,nan,0
1597988280146061056,1597988280742000128,2020-08-21 13:38:00.742000,3617.0,3636.0,3551.0,3580.0,nan,3589.0,154120,11065631740.0,91849,3618.0,10,3617.0,11,nan,0,nan,0,nan,0,nan,0,nan,0,nan,0,nan,0,nan,0
1597988280639249920,1597988281236999936,2020-08-21 13:38:01.237000,3618.0,3636.0,3551.0,3580.0,nan,3589.0,154121,11065704100.0,91849,3618.0,9,3617.0,11,nan,0,nan,0,nan,0,nan,0,nan,0,nan,0,nan,0,nan,0
1597988281142162944,1597988281742000128,2020-08-21 13:38:01.742000,3618.0,3636.0,3551.0,3580.0,nan,3589.0,154121,11065704100.0,91849,3618.0,10,3617.0,11,nan,0,nan,0,nan,0,nan,0,nan,0,nan,0,nan,0,nan,0
1597988282146001920,1597988282688000000,2020-08-21 13:38:02.688000,3618.0,3636.0,3551.0,3580.0,nan,3589.0,154121,11065704100.0,91849,3618.0,14,3617.0,11,nan,0,nan,0,nan,0,nan,0,nan,0,nan,0,nan,0,nan,0
1597988283638671872,1597988284236000000,2020-08-21 13:38:04.236000,3618.0,3636.0,3551.0,3580.0,nan,3589.0,154122,11065776460.0,91849,3618.0,13,3617.0,11,nan,0,nan,0,nan,0,nan,0,nan,0,nan,0,nan,0,nan,0
1597988285144776960,1597988285714999808,2020-08-21 13:38:05.715000,3618.0,3636.0,3551.0,3580.0,nan,3589.0,154122,11065776460.0,91849,3618.0,13,3617.0,10,nan,0,nan,0,nan,0,nan,0,nan,0,nan,0,nan,0,nan,0
1597988285642735104,1597988286236999936,2020-08-21 13:38:06.237000,3618.0,3636.0,3551.0,3580.0,nan,3589.0,154122,11065776460.0,91849,3618.0,14,3617.0,8,nan,0,nan,0,nan,0,nan,0,nan,0,nan,0,nan,0,nan,0
1597988286137668096,1597988286732999936,2020-08-21 13:38:06.733000,3617.0,3636.0,3551.0,3580.0,nan,3589.0,154125,11065993480.0,91852,3618.0,15,3617.0,5,nan,0,nan,0,nan,0,nan,0,nan,0,nan,0,nan,0,nan,0
1597988286650405888,1597988287220000000,2020-08-21 13:38:07.220000,3617.0,3636.0,3551.0,3580.0,nan,3589.0,154130,11066355180.0,91852,3618.0,15,3616.0,46,nan,0,nan,0,nan,0,nan,0,nan,0,nan,0,nan,0,nan,0
1597988287142139904,1597988287739000064,2020-08-21 13:38:07.739000,3617.0,3636.0,3551.0,3580.0,nan,3589.0,154131,11066427520.0,91851,3618.0,15,3616.0,46,nan,0,nan,0,nan,0,nan,0,nan,0,nan,0,nan,0,nan,0
1597988287637260032,1597988288242000128,2020-08-21 13:38:08.242000,3617.0,3636.0,3551.0,3580.0,nan,3589.0,154131,11066427520.0,91851,3618.0,16,3616.0,46,nan,0,nan,0,nan,0,nan,0,nan,0,nan,0,nan,0,nan,0
1597988288142522880,1597988288730000128,2020-08-21 13:38:08.730000,3617.0,3636.0,3551.0,3580.0,nan,3589.0,154131,11066427520.0,91851,3618.0,16,3616.0,52,nan,0,nan,0,nan,0,nan,0,nan,0,nan,0,nan,0,nan,0
1597988288646641920,1597988289240999936,2020-08-21 13:38:09.241000,3616.0,3636.0,3551.0,3580.0,nan,3589.0,154132,11066499840.0,91851,3617.0,1,3616.0,51,nan,0,nan,0,nan,0,nan,0,nan,0,nan,0,nan,0,nan,0
1597988289142921984,1597988289724999936,2020-08-21 13:38:09.725000,3617.0,3636.0,3551.0,3580.0,nan,3589.0,154134,11066644520.0,91851,3617.0,4,3616.0,52,nan,0,nan,0,nan,0,nan,0,nan,0,nan,0,nan,0,nan,0
1597988290141880064,1597988290712000000,2020-08-21 13:38:10.712000,3617.0,3636.0,3551.0,3580.0,nan,3589.0,154135,11066716860.0,91852,3617.0,3,3616.0,52,nan,0,nan,0,nan,0,nan,0,nan,0,nan,0,nan,0,nan,0
1597988290638713088,1597988291242000128,2020-08-21 13:38:11.242000,3617.0,3636.0,3551.0,3580.0,nan,3589.0,154136,11066789200.0,91852,3617.0,2,3616.0,52,nan,0,nan,0,nan,0,nan,0,nan,0,nan,0,nan,0,nan,0
1597988291148593920,1597988291740999936,2020-08-21 13:38:11.741000,3617.0,3636.0,3551.0,3580.0,nan,3589.0,154138,11066933860.0,91853,3617.0,1,3616.0,51,nan,0,nan,0,nan,0,nan,0,nan,0,nan,0,nan,0,nan,0
1597988292639397120,1597988293220999936,2020-08-21 13:38:13.221000,3617.0,3636.0,3551.0,3580.0,nan,3589.0,154139,11067006200.0,91854,3618.0,15,3617.0,3,nan,0,nan,0,nan,0,nan,0,nan,0,nan,0,nan,0,nan,0
1597988293140717056,1597988293727000064,2020-08-21 13:38:13.727000,3617.0,3636.0,3551.0,3580.0,nan,3589.0,154142,11067223220.0,91854,3618.0,17,3617.0,2,nan,0,nan,0,nan,0,nan,0,nan,0,nan,0,nan,0,nan,0
1597988293637724928,1597988294209000192,2020-08-21 13:38:14.209000,3617.0,3636.0,3551.0,3580.0,nan,3589.0,154142,11067223220.0,91854,3618.0,17,3617.0,5,nan,0,nan,0,nan,0,nan,0,nan,0,nan,0,nan,0,nan,0
1597988294141121024,1597988294740000000,2020-08-21 13:38:14.740000,3617.0,3636.0,3551.0,3580.0,nan,3589.0,154142,11067223220.0,91854,3618.0,19,3617.0,5,nan,0,nan,0,nan,0,nan,0,nan,0,nan,0,nan,0,nan,0
1597988294641573888,1597988295240000000,2020-08-21 13:38:15.240000,3617.0,3636.0,3551.0,3580.0,nan,3589.0,154146,11067512580.0,91856,3618.0,19,3617.0,3,nan,0,nan,0,nan,0,nan,0,nan,0,nan,0,nan,0,nan,0
1597988295179322880,1597988295708000000,2020-08-21 13:38:15.708000,3618.0,3636.0,3551.0,3580.0,nan,3589.0,154147,11067584940.0,91857,3618.0,18,3617.0,4,nan,0,nan,0,nan,0,nan,0,nan,0,nan,0,nan,0,nan,0
1597988296661534976,1597988297220000000,2020-08-21 13:38:17.220000,3618.0,3636.0,3551.0,3580.0,nan,3589.0,154147,11067584940.0,91857,3618.0,16,3617.0,7,nan,0,nan,0,nan,0,nan,0,nan,0,nan,0,nan,0,nan,0
1597988297645349120,1597988298234999808,2020-08-21 13:38:18.235000,3618.0,3636.0,3551.0,3580.0,nan,3589.0,154147,11067584940.0,91857,3618.0,17,3617.0,7,nan,0,nan,0,nan,0,nan,0,nan,0,nan,0,nan,0,nan,0
1597988298640857088,1597988299232999936,2020-08-21 13:38:19.233000,3618.0,3636.0,3551.0,3580.0,nan,3589.0,154147,11067584940.0,91857,3618.0,17,3617.0,8,nan,0,nan,0,nan,0,nan,0,nan,0,nan,0,nan,0,nan,0
1597988299642832896,1597988300231000064,2020-08-21 13:38:20.231000,3617.0,3636.0,3551.0,3580.0,nan,3589.0,154148,11067657280.0,91858,3618.0,17,3617.0,7,nan,0,nan,0,nan,0,nan,0,nan,0,nan,0,nan,0,nan,0
1597988300160285952,1597988300708000000,2020-08-21 13:38:20.708000,3617.0,3636.0,3551.0,3580.0,nan,3589.0,154148,11067657280.0,91858,3618.0,17,3617.0,9,nan,0,nan,0,nan,0,nan,0,nan,0,nan,0,nan,0,nan,0
1597988300709968896,1597988301226000128,2020-08-21 13:38:21.226000,3618.0,3636.0,3551.0,3580.0,nan,3589.0,154165,11068887400.0,91853,3619.0,12,3618.0,1,nan,0,nan,0,nan,0,nan,0,nan,0,nan,0,nan,0,nan,0
1597988301530491904,1597988301740999936,2020-08-21 13:38:21.741000,3617.0,3636.0,3551.0,3580.0,nan,3589.0,154167,11069032100.0,91852,3619.0,12,3617.0,7,nan,0,nan,0,nan,0,nan,0,nan,0,nan,0,nan,0,nan,0
1597988301927643904,1597988302231000064,2020-08-21 13:38:22.231000,3617.0,3636.0,3551.0,3580.0,nan,3589.0,154171,11069321460.0,91851,3618.0,4,3617.0,8,nan,0,nan,0,nan,0,nan,0,nan,0,nan,0,nan,0,nan,0
1597988302187490048,1597988302732000000,2020-08-21 13:38:22.732000,3617.0,3636.0,3551.0,3580.0,nan,3589.0,154171,11069321460.0,91851,3618.0,5,3617.0,8,nan,0,nan,0,nan,0,nan,0,nan,0,nan,0,nan,0,nan,0
1597988302651468032,1597988303228000000,2020-08-21 13:38:23.228000,3617.0,3636.0,3551.0,3580.0,nan,3589.0,154171,11069321460.0,91851,3618.0,6,3617.0,3,nan,0,nan,0,nan,0,nan,0,nan,0,nan,0,nan,0,nan,0
1597988303143072000,1597988303732000000,2020-08-21 13:38:23.732000,3618.0,3636.0,3551.0,3580.0,nan,3589.0,154172,11069393820.0,91850,3618.0,9,3617.0,3,nan,0,nan,0,nan,0,nan,0,nan,0,nan,0,nan,0,nan,0
1597988304170920960,1597988304743000064,2020-08-21 13:38:24.743000,3618.0,3636.0,3551.0,3580.0,nan,3589.0,154173,11069466180.0,91850,3618.0,8,3617.0,6,nan,0,nan,0,nan,0,nan,0,nan,0,nan,0,nan,0,nan,0
1597988305148101120,1597988305742000128,2020-08-21 13:38:25.742000,3618.0,3636.0,3551.0,3580.0,nan,3589.0,154174,11069538540.0,91849,3618.0,7,3617.0,7,nan,0,nan,0,nan,0,nan,0,nan,0,nan,0,nan,0,nan,0
1597988306146696960,1597988306742000128,2020-08-21 13:38:26.742000,3618.0,3636.0,3551.0,3580.0,nan,3589.0,154174,11069538540.0,91849,3618.0,6,3617.0,7,nan,0,nan,0,nan,0,nan,0,nan,0,nan,0,nan,0,nan,0
1597988306637985024,1597988307209000192,2020-08-21 13:38:27.209000,3618.0,3636.0,3551.0,3580.0,nan,3589.0,154176,11069683260.0,91849,3618.0,4,3617.0,7,nan,0,nan,0,nan,0,nan,0,nan,0,nan,0,nan,0,nan,0
1597988307193233920,1597988307742000128,2020-08-21 13:38:27.742000,3618.0,3636.0,3551.0,3580.0,nan,3589.0,154177,11069755620.0,91850,3618.0,3,3617.0,10,nan,0,nan,0,nan,0,nan,0,nan,0,nan,0,nan,0,nan,0
1597988307700009984,1597988308243000064,2020-08-21 13:38:28.243000,3618.0,3636.0,3551.0,3580.0,nan,3589.0,154180,11069972700.0,91853,3619.0,12,3617.0,10,nan,0,nan,0,nan,0,nan,0,nan,0,nan,0,nan,0,nan,0
1597988309176467968,1597988309736000000,2020-08-21 13:38:29.736000,3618.0,3636.0,3551.0,3580.0,nan,3589.0,154180,11069972700.0,91853,3619.0,12,3617.0,11,nan,0,nan,0,nan,0,nan,0,nan,0,nan,0,nan,0,nan,0
1597988309897640960,1597988310226000128,2020-08-21 13:38:30.226000,3618.0,3636.0,3551.0,3580.0,nan,3589.0,154180,11069972700.0,91853,3619.0,12,3618.0,1,nan,0,nan,0,nan,0,nan,0,nan,0,nan,0,nan,0,nan,0
1597988310218621952,1597988310736999936,2020-08-21 13:38:30.737000,3618.0,3636.0,3551.0,3580.0,nan,3589.0,154180,11069972700.0,91853,3619.0,15,3618.0,3,nan,0,nan,0,nan,0,nan,0,nan,0,nan,0,nan,0,nan,0
1597988310661841920,1597988311240999936,2020-08-21 13:38:31.241000,3618.0,3636.0,3551.0,3580.0,nan,3589.0,154183,11070189780.0,91851,3619.0,14,3617.0,9,nan,0,nan,0,nan,0,nan,0,nan,0,nan,0,nan,0,nan,0
1597988311144280064,1597988311724000000,2020-08-21 13:38:31.724000,3618.0,3636.0,3551.0,3580.0,nan,3589.0,154183,11070189780.0,91851,3619.0,14,3617.0,20,nan,0,nan,0,nan,0,nan,0,nan,0,nan,0,nan,0,nan,0
1597988313175802112,1597988313737999872,2020-08-21 13:38:33.738000,3618.0,3636.0,3551.0,3580.0,nan,3589.0,154183,11070189780.0,91851,3618.0,1,3617.0,20,nan,0,nan,0,nan,0,nan,0,nan,0,nan,0,nan,0,nan,0
1597988313651127040,1597988314234999808,2020-08-21 13:38:34.235000,3618.0,3636.0,3551.0,3580.0,nan,3589.0,154184,11070262140.0,91851,3619.0,14,3617.0,20,nan,0,nan,0,nan,0,nan,0,nan,0,nan,0,nan,0,nan,0
1597988314636688896,1597988315232999936,2020-08-21 13:38:35.233000,3618.0,3636.0,3551.0,3580.0,nan,3589.0,154184,11070262140.0,91851,3619.0,14,3617.0,21,nan,0,nan,0,nan,0,nan,0,nan,0,nan,0,nan,0,nan,0
1597988316646231040,1597988317240999936,2020-08-21 13:38:37.241000,3618.0,3636.0,3551.0,3580.0,nan,3589.0,154184,11070262140.0,91851,3619.0,15,3617.0,21,nan,0,nan,0,nan,0,nan,0,nan,0,nan,0,nan,0,nan,0
1597988317162594048,1597988317700999936,2020-08-21 13:38:37.701000,3618.0,3636.0,3551.0,3580.0,nan,3589.0,154184,11070262140.0,91851,3618.0,1,3617.0,21,nan,0,nan,0,nan,0,nan,0,nan,0,nan,0,nan,0,nan,0
1597988317637692928,1597988318224000000,2020-08-21 13:38:38.224000,3618.0,3636.0,3551.0,3580.0,nan,3589.0,154184,11070262140.0,91851,3618.0,4,3617.0,21,nan,0,nan,0,nan,0,nan,0,nan,0,nan,0,nan,0,nan,0
1597988319648192000,1597988320240999936,2020-08-21 13:38:40.241000,3618.0,3636.0,3551.0,3580.0,nan,3589.0,154184,11070262140.0,91851,3618.0,1,3617.0,22,nan,0,nan,0,nan,0,nan,0,nan,0,nan,0,nan,0,nan,0
1597988320650338048,1597988321224999936,2020-08-21 13:38:41.225000,3618.0,3636.0,3551.0,3580.0,nan,3589.0,154184,11070262140.0,91851,3618.0,1,3617.0,23,nan,0,nan,0,nan,0,nan,0,nan,0,nan,0,nan,0,nan,0
1597988321139941120,1597988321740999936,2020-08-21 13:38:41.741000,3618.0,3636.0,3551.0,3580.0,nan,3589.0,154185,11070334500.0,91851,3619.0,15,3618.0,3,nan,0,nan,0,nan,0,nan,0,nan,0,nan,0,nan,0,nan,0
1597988321638583040,1597988322224000000,2020-08-21 13:38:42.224000,3618.0,3636.0,3551.0,3580.0,nan,3589.0,154185,11070334500.0,91851,3619.0,15,3618.0,5,nan,0,nan,0,nan,0,nan,0,nan,0,nan,0,nan,0,nan,0
1597988322141067008,1597988322726000128,2020-08-21 13:38:42.726000,3618.0,3636.0,3551.0,3580.0,nan,3589.0,154185,11070334500.0,91851,3619.0,13,3618.0,5,nan,0,nan,0,nan,0,nan,0,nan,0,nan,0,nan,0,nan,0
1597988322647323904,1597988323213999872,2020-08-21 13:38:43.214000,3618.0,3636.0,3551.0,3580.0,nan,3589.0,154185,11070334500.0,91851,3619.0,13,3618.0,6,nan,0,nan,0,nan,0,nan,0,nan,0,nan,0,nan,0,nan,0
1597988323145470976,1597988323732999936,2020-08-21 13:38:43.733000,3618.0,3636.0,3551.0,3580.0,nan,3589.0,154186,11070406860.0,91851,3619.0,14,3618.0,7,nan,0,nan,0,nan,0,nan,0,nan,0,nan,0,nan,0,nan,0
1597988323639877888,1597988324236999936,2020-08-21 13:38:44.237000,3619.0,3636.0,3551.0,3580.0,nan,3589.0,154187,11070479240.0,91851,3619.0,13,3618.0,7,nan,0,nan,0,nan,0,nan,0,nan,0,nan,0,nan,0,nan,0
1597988324646281984,1597988325237999872,2020-08-21 13:38:45.238000,3619.0,3636.0,3551.0,3580.0,nan,3589.0,154194,11070985860.0,91844,3619.0,8,3618.0,2,nan,0,nan,0,nan,0,nan,0,nan,0,nan,0,nan,0,nan,0
1597988326294365952,1597988326737999872,2020-08-21 13:38:46.738000,3619.0,3636.0,3551.0,3580.0,nan,3589.0,154194,11070985860.0,91844,3619.0,9,3618.0,2,nan,0,nan,0,nan,0,nan,0,nan,0,nan,0,nan,0,nan,0
1597988327143465984,1597988327712000000,2020-08-21 13:38:47.712000,3619.0,3636.0,3551.0,3580.0,nan,3589.0,154195,11071058240.0,91845,3619.0,8,3618.0,2,nan,0,nan,0,nan,0,nan,0,nan,0,nan,0,nan,0,nan,0
1597988328249302016,1597988328732000000,2020-08-21 13:38:48.732000,3619.0,3636.0,3551.0,3580.0,nan,3589.0,154195,11071058240.0,91845,3619.0,8,3618.0,3,nan,0,nan,0,nan,0,nan,0,nan,0,nan,0,nan,0,nan,0
1597988330690030080,1597988331240000000,2020-08-21 13:38:51.240000,3619.0,3636.0,3551.0,3580.0,nan,3589.0,154197,11071203000.0,91847,3619.0,6,3618.0,6,nan,0,nan,0,nan,0,nan,0,nan,0,nan,0,nan,0,nan,0
1597988331668282880,1597988332230000128,2020-08-21 13:38:52.230000,3619.0,3636.0,3551.0,3580.0,nan,3589.0,154197,11071203000.0,91847,3619.0,6,3618.0,7,nan,0,nan,0,nan,0,nan,0,nan,0,nan,0,nan,0,nan,0
1597988332212047104,1597988332740999936,2020-08-21 13:38:52.741000,3619.0,3636.0,3551.0,3580.0,nan,3589.0,154197,11071203000.0,91847,3619.0,6,3618.0,8,nan,0,nan,0,nan,0,nan,0,nan,0,nan,0,nan,0,nan,0
1597988332725933056,1597988333239000064,2020-08-21 13:38:53.239000,3619.0,3636.0,3551.0,3580.0,nan,3589.0,154197,11071203000.0,91847,3619.0,6,3618.0,9,nan,0,nan,0,nan,0,nan,0,nan,0,nan,0,nan,0,nan,0
1597988333673289984,1597988334240999936,2020-08-21 13:38:54.241000,3619.0,3636.0,3551.0,3580.0,nan,3589.0,154197,11071203000.0,91847,3619.0,6,3618.0,13,nan,0,nan,0,nan,0,nan,0,nan,0,nan,0,nan,0,nan,0
1597988335153227008,1597988335736999936,2020-08-21 13:38:55.737000,3619.0,3636.0,3551.0,3580.0,nan,3589.0,154198,11071275380.0,91847,3619.0,5,3618.0,13,nan,0,nan,0,nan,0,nan,0,nan,0,nan,0,nan,0,nan,0
1597988335701061888,1597988336194000128,2020-08-21 13:38:56.194000,3619.0,3636.0,3551.0,3580.0,nan,3589.0,154198,11071275380.0,91847,3619.0,5,3618.0,14,nan,0,nan,0,nan,0,nan,0,nan,0,nan,0,nan,0,nan,0
1597988336209225984,1597988336742000128,2020-08-21 13:38:56.742000,3618.0,3636.0,3551.0,3580.0,nan,3589.0,154204,11071709540.0,91849,3619.0,6,3618.0,9,nan,0,nan,0,nan,0,nan,0,nan,0,nan,0,nan,0,nan,0
1597988336698151936,1597988337237999872,2020-08-21 13:38:57.238000,3619.0,3636.0,3551.0,3580.0,nan,3589.0,154207,11071926680.0,91851,3619.0,8,3618.0,9,nan,0,nan,0,nan,0,nan,0,nan,0,nan,0,nan,0,nan,0
1597988337169669888,1597988337703000064,2020-08-21 13:38:57.703000,3619.0,3636.0,3551.0,3580.0,nan,3589.0,154208,11071999060.0,91851,3619.0,6,3618.0,11,nan,0,nan,0,nan,0,nan,0,nan,0,nan,0,nan,0,nan,0
1597988337653071104,1597988338239000064,2020-08-21 13:38:58.239000,3619.0,3636.0,3551.0,3580.0,nan,3589.0,154208,11071999060.0,91851,3619.0,1,3618.0,12,nan,0,nan,0,nan,0,nan,0,nan,0,nan,0,nan,0,nan,0
1597988338150653952,1597988338732000000,2020-08-21 13:38:58.732000,3619.0,3636.0,3551.0,3580.0,nan,3589.0,154209,11072071440.0,91851,3619.0,2,3618.0,12,nan,0,nan,0,nan,0,nan,0,nan,0,nan,0,nan,0,nan,0
1597988338710657024,1597988339234999808,2020-08-21 13:38:59.235000,3619.0,3636.0,3551.0,3580.0,nan,3589.0,154209,11072071440.0,91851,3619.0,5,3618.0,12,nan,0,nan,0,nan,0,nan,0,nan,0,nan,0,nan,0,nan,0
1597988339272048896,1597988339732000000,2020-08-21 13:38:59.732000,3619.0,3636.0,3551.0,3580.0,nan,3589.0,154210,11072143820.0,91851,3619.0,4,3618.0,12,nan,0,nan,0,nan,0,nan,0,nan,0,nan,0,nan,0,nan,0
1597988340166985984,1597988340736999936,2020-08-21 13:39:00.737000,3619.0,3636.0,3551.0,3580.0,nan,3589.0,154210,11072143820.0,91851,3619.0,4,3618.0,13,nan,0,nan,0,nan,0,nan,0,nan,0,nan,0,nan,0,nan,0
1597988341158985984,1597988341724000000,2020-08-21 13:39:01.724000,3619.0,3636.0,3551.0,3580.0,nan,3589.0,154212,11072288580.0,91850,3619.0,4,3618.0,14,nan,0,nan,0,nan,0,nan,0,nan,0,nan,0,nan,0,nan,0
1597988341740932096,1597988342244000000,2020-08-21 13:39:02.244000,3619.0,3636.0,3551.0,3580.0,nan,3589.0,154213,11072360960.0,91851,3619.0,1,3618.0,14,nan,0,nan,0,nan,0,nan,0,nan,0,nan,0,nan,0,nan,0
1597988342165097984,1597988342734999808,2020-08-21 13:39:02.735000,3619.0,3636.0,3551.0,3580.0,nan,3589.0,154213,11072360960.0,91851,3619.0,2,3618.0,14,nan,0,nan,0,nan,0,nan,0,nan,0,nan,0,nan,0,nan,0
1597988343158428928,1597988343740000000,2020-08-21 13:39:03.740000,3619.0,3636.0,3551.0,3580.0,nan,3589.0,154214,11072433340.0,91852,3619.0,1,3618.0,14,nan,0,nan,0,nan,0,nan,0,nan,0,nan,0,nan,0,nan,0
1597988343669174016,1597988344221999872,2020-08-21 13:39:04.222000,3619.0,3636.0,3551.0,3580.0,nan,3589.0,154215,11072505720.0,91852,3620.0,35,3618.0,14,nan,0,nan,0,nan,0,nan,0,nan,0,nan,0,nan,0,nan,0
1597988344645308928,1597988345212000000,2020-08-21 13:39:05.212000,3619.0,3636.0,3551.0,3580.0,nan,3589.0,154215,11072505720.0,91852,3620.0,34,3619.0,1,nan,0,nan,0,nan,0,nan,0,nan,0,nan,0,nan,0,nan,0
1597988345165220096,1597988345742000128,2020-08-21 13:39:05.742000,3619.0,3636.0,3551.0,3580.0,nan,3589.0,154215,11072505720.0,91852,3620.0,34,3619.0,2,nan,0,nan,0,nan,0,nan,0,nan,0,nan,0,nan,0,nan,0
1597988345665491968,1597988346233999872,2020-08-21 13:39:06.234000,3619.0,3636.0,3551.0,3580.0,nan,3589.0,154215,11072505720.0,91852,3620.0,33,3619.0,2,nan,0,nan,0,nan,0,nan,0,nan,0,nan,0,nan,0,nan,0
1597988346190428928,1597988346724999936,2020-08-21 13:39:06.725000,3619.0,3636.0,3551.0,3580.0,nan,3589.0,154215,11072505720.0,91852,3620.0,28,3619.0,2,nan,0,nan,0,nan,0,nan,0,nan,0,nan,0,nan,0,nan,0
1597988348656392960,1597988349219000064,2020-08-21 13:39:09.219000,3620.0,3636.0,3551.0,3580.0,nan,3589.0,154216,11072578120.0,91853,3620.0,27,3619.0,2,nan,0,nan,0,nan,0,nan,0,nan,0,nan,0,nan,0,nan,0
1597988349243779072,1597988349740000000,2020-08-21 13:39:09.740000,3620.0,3636.0,3551.0,3580.0,nan,3589.0,154217,11072650520.0,91853,3620.0,27,3619.0,2,nan,0,nan,0,nan,0,nan,0,nan,0,nan,0,nan,0,nan,0
1597988349648816896,1597988350224000000,2020-08-21 13:39:10.224000,3620.0,3636.0,3551.0,3580.0,nan,3589.0,154218,11072722920.0,91854,3620.0,26,3619.0,2,nan,0,nan,0,nan,0,nan,0,nan,0,nan,0,nan,0,nan,0
1597988350257968896,1597988350742000128,2020-08-21 13:39:10.742000,3619.0,3636.0,3551.0,3580.0,nan,3589.0,154219,11072795300.0,91853,3620.0,27,3619.0,1,nan,0,nan,0,nan,0,nan,0,nan,0,nan,0,nan,0,nan,0
1597988350881387008,1597988351211000064,2020-08-21 13:39:11.211000,3619.0,3636.0,3551.0,3580.0,nan,3589.0,154219,11072795300.0,91853,3620.0,28,3619.0,1,nan,0,nan,0,nan,0,nan,0,nan,0,nan,0,nan,0,nan,0
1597988351163808000,1597988351736999936,2020-08-21 13:39:11.737000,3619.0,3636.0,3551.0,3580.0,nan,3589.0,154219,11072795300.0,91853,3620.0,26,3619.0,1,nan,0,nan,0,nan,0,nan,0,nan,0,nan,0,nan,0,nan,0
1597988351754594048,1597988352243000064,2020-08-21 13:39:12.243000,3620.0,3636.0,3551.0,3580.0,nan,3589.0,154225,11073229700.0,91852,3620.0,20,3619.0,6,nan,0,nan,0,nan,0,nan,0,nan,0,nan,0,nan,0,nan,0
1597988352137843968,1597988352734999808,2020-08-21 13:39:12.735000,3620.0,3636.0,3551.0,3580.0,nan,3589.0,154225,11073229700.0,91852,3620.0,20,3619.0,7,nan,0,nan,0,nan,0,nan,0,nan,0,nan,0,nan,0,nan,0
1597988353173465088,1597988353730000128,2020-08-21 13:39:13.730000,3620.0,3636.0,3551.0,3580.0,nan,3589.0,154225,11073229700.0,91852,3620.0,31,3619.0,8,nan,0,nan,0,nan,0,nan,0,nan,0,nan,0,nan,0,nan,0
1597988353648365056,1597988354242000128,2020-08-21 13:39:14.242000,3619.0,3636.0,3551.0,3580.0,nan,3589.0,154227,11073374480.0,91852,3620.0,31,3619.0,7,nan,0,nan,0,nan,0,nan,0,nan,0,nan,0,nan,0,nan,0
1597988354650166016,1597988355237999872,2020-08-21 13:39:15.238000,3619.0,3636.0,3551.0,3580.0,nan,3589.0,154228,11073446860.0,91851,3620.0,31,3619.0,2,nan,0,nan,0,nan,0,nan,0,nan,0,nan,0,nan,0,nan,0
1597988356140464896,1597988356732999936,2020-08-21 13:39:16.733000,3620.0,3636.0,3551.0,3580.0,nan,3589.0,154229,11073519260.0,91851,3620.0,30,3619.0,2,nan,0,nan,0,nan,0,nan,0,nan,0,nan,0,nan,0,nan,0
1597988356642693120,1597988357214999808,2020-08-21 13:39:17.215000,3619.0,3636.0,3551.0,3580.0,nan,3589.0,154230,11073591640.0,91850,3620.0,20,3619.0,1,nan,0,nan,0,nan,0,nan,0,nan,0,nan,0,nan,0,nan,0
1597988357141443072,1597988357663000064,2020-08-21 13:39:17.663000,3619.0,3636.0,3551.0,3580.0,nan,3589.0,154230,11073591640.0,91850,3620.0,20,3619.0,2,nan,0,nan,0,nan,0,nan,0,nan,0,nan,0,nan,0,nan,0
1597988358144935936,1597988358742000128,2020-08-21 13:39:18.742000,3619.0,3636.0,3551.0,3580.0,nan,3589.0,154230,11073591640.0,91850,3620.0,20,3619.0,3,nan,0,nan,0,nan,0,nan,0,nan,0,nan,0,nan,0,nan,0
1597988359148218112,1597988359740000000,2020-08-21 13:39:19.740000,3619.0,3636.0,3551.0,3580.0,nan,3589.0,154241,11074388020.0,91845,3620.0,10,3619.0,2,nan,0,nan,0,nan,0,nan,0,nan,0,nan,0,nan,0,nan,0
1597988360137864960,1597988360740999936,2020-08-21 13:39:20.741000,3620.0,3636.0,3551.0,3580.0,nan,3589.0,154250,11075039620.0,91847,3620.0,2,3619.0,43,nan,0,nan,0,nan,0,nan,0,nan,0,nan,0,nan,0,nan,0
1597988360641860096,1597988361153000192,2020-08-21 13:39:21.153000,3620.0,3636.0,3551.0,3580.0,nan,3589.0,154255,11075401620.0,91852,3621.0,19,3620.0,6,nan,0,nan,0,nan,0,nan,0,nan,0,nan,0,nan,0,nan,0
1597988361638464000,1597988362220999936,2020-08-21 13:39:22.221000,3620.0,3636.0,3551.0,3580.0,nan,3589.0,154256,11075474020.0,91853,3621.0,16,3620.0,5,nan,0,nan,0,nan,0,nan,0,nan,0,nan,0,nan,0,nan,0
1597988362138491904,1597988362736000000,2020-08-21 13:39:22.736000,3620.0,3636.0,3551.0,3580.0,nan,3589.0,154257,11075546420.0,91854,3621.0,16,3620.0,5,nan,0,nan,0,nan,0,nan,0,nan,0,nan,0,nan,0,nan,0
1597988362668211968,1597988363230000128,2020-08-21 13:39:23.230000,3620.0,3636.0,3551.0,3580.0,nan,3589.0,154257,11075546420.0,91854,3621.0,16,3620.0,4,nan,0,nan,0,nan,0,nan,0,nan,0,nan,0,nan,0,nan,0
1597988363153371904,1597988363716000000,2020-08-21 13:39:23.716000,3620.0,3636.0,3551.0,3580.0,nan,3589.0,154260,11075763660.0,91853,3621.0,14,3620.0,4,nan,0,nan,0,nan,0,nan,0,nan,0,nan,0,nan,0,nan,0
1597988365145240064,1597988365728000000,2020-08-21 13:39:25.728000,3620.0,3636.0,3551.0,3580.0,nan,3589.0,154260,11075763660.0,91853,3621.0,16,3620.0,3,nan,0,nan,0,nan,0,nan,0,nan,0,nan,0,nan,0,nan,0
1597988365646041088,1597988366243000064,2020-08-21 13:39:26.243000,3621.0,3636.0,3551.0,3580.0,nan,3589.0,154264,11076053280.0,91852,3621.0,16,3619.0,43,nan,0,nan,0,nan,0,nan,0,nan,0,nan,0,nan,0,nan,0
1597988366190736896,1597988366731000064,2020-08-21 13:39:26.731000,3621.0,3636.0,3551.0,3580.0,nan,3589.0,154264,11076053280.0,91852,3620.0,1,3619.0,43,nan,0,nan,0,nan,0,nan,0,nan,0,nan,0,nan,0,nan,0
1597988366735614976,1597988367230000128,2020-08-21 13:39:27.230000,3620.0,3636.0,3551.0,3580.0,nan,3589.0,154265,11076125680.0,91852,3621.0,17,3620.0,2,nan,0,nan,0,nan,0,nan,0,nan,0,nan,0,nan,0,nan,0
1597988367173060096,1597988367731000064,2020-08-21 13:39:27.731000,3621.0,3636.0,3551.0,3580.0,nan,3589.0,154268,11076342900.0,91849,3621.0,24,3619.0,44,nan,0,nan,0,nan,0,nan,0,nan,0,nan,0,nan,0,nan,0
1597988368140825088,1597988368736999936,2020-08-21 13:39:28.737000,3621.0,3636.0,3551.0,3580.0,nan,3589.0,154268,11076342900.0,91849,3620.0,11,3619.0,45,nan,0,nan,0,nan,0,nan,0,nan,0,nan,0,nan,0,nan,0
1597988368646427904,1597988369236999936,2020-08-21 13:39:29.237000,3621.0,3636.0,3551.0,3580.0,nan,3589.0,154268,11076342900.0,91849,3620.0,12,3619.0,45,nan,0,nan,0,nan,0,nan,0,nan,0,nan,0,nan,0,nan,0
1597988369156819968,1597988369731000064,2020-08-21 13:39:29.731000,3621.0,3636.0,3551.0,3580.0,nan,3589.0,154269,11076415320.0,91849,3620.0,11,3619.0,45,nan,0,nan,0,nan,0,nan,0,nan,0,nan,0,nan,0,nan,0
1597988370647102976,1597988371223000064,2020-08-21 13:39:31.223000,3621.0,3636.0,3551.0,3580.0,nan,3589.0,154269,11076415320.0,91849,3620.0,11,3619.0,44,nan,0,nan,0,nan,0,nan,0,nan,0,nan,0,nan,0,nan,0
1597988371144358912,1597988371739000064,2020-08-21 13:39:31.739000,3621.0,3636.0,3551.0,3580.0,nan,3589.0,154269,11076415320.0,91849,3620.0,11,3619.0,45,nan,0,nan,0,nan,0,nan,0,nan,0,nan,0,nan,0,nan,0
1597988371659000064,1597988372240999936,2020-08-21 13:39:32.241000,3620.0,3636.0,3551.0,3580.0,nan,3589.0,154270,11076487720.0,91849,3620.0,15,3619.0,45,nan,0,nan,0,nan,0,nan,0,nan,0,nan,0,nan,0,nan,0
1597988372148857088,1597988372739000064,2020-08-21 13:39:32.739000,3620.0,3636.0,3551.0,3580.0,nan,3589.0,154274,11076777320.0,91853,3620.0,14,3619.0,46,nan,0,nan,0,nan,0,nan,0,nan,0,nan,0,nan,0,nan,0
1597988373190095872,1597988373724999936,2020-08-21 13:39:33.725000,3620.0,3636.0,3551.0,3580.0,nan,3589.0,154281,11077284120.0,91859,3620.0,7,3619.0,46,nan,0,nan,0,nan,0,nan,0,nan,0,nan,0,nan,0,nan,0
1597988373688442112,1597988374216999936,2020-08-21 13:39:34.217000,3620.0,3636.0,3551.0,3580.0,nan,3589.0,154283,11077428920.0,91858,3620.0,6,3619.0,46,nan,0,nan,0,nan,0,nan,0,nan,0,nan,0,nan,0,nan,0
1597988374145769984,1597988374736999936,2020-08-21 13:39:34.737000,3620.0,3636.0,3551.0,3580.0,nan,3589.0,154283,11077428920.0,91858,3620.0,6,3619.0,47,nan,0,nan,0,nan,0,nan,0,nan,0,nan,0,nan,0,nan,0
1597988374687810048,1597988375244000000,2020-08-21 13:39:35.244000,3619.0,3636.0,3551.0,3580.0,nan,3589.0,154284,11077501300.0,91857,3620.0,9,3619.0,46,nan,0,nan,0,nan,0,nan,0,nan,0,nan,0,nan,0,nan,0
1597988375646039040,1597988376240000000,2020-08-21 13:39:36.240000,3619.0,3636.0,3551.0,3580.0,nan,3589.0,154287,11077718480.0,91854,3620.0,7,3619.0,45,nan,0,nan,0,nan,0,nan,0,nan,0,nan,0,nan,0,nan,0
1597988376138893056,1597988376744000000,2020-08-21 13:39:36.744000,3620.0,3636.0,3551.0,3580.0,nan,3589.0,154293,11078152880.0,91852,3620.0,13,3619.0,45,nan,0,nan,0,nan,0,nan,0,nan,0,nan,0,nan,0,nan,0
1597988377148529920,1597988377743000064,2020-08-21 13:39:37.743000,3620.0,3636.0,3551.0,3580.0,nan,3589.0,154293,11078152880.0,91852,3620.0,14,3619.0,45,nan,0,nan,0,nan,0,nan,0,nan,0,nan,0,nan,0,nan,0
1597988377659979008,1597988378224999936,2020-08-21 13:39:38.225000,3619.0,3636.0,3551.0,3580.0,nan,3589.0,154339,11081482360.0,91813,3619.0,21,3618.0,12,nan,0,nan,0,nan,0,nan,0,nan,0,nan,0,nan,0,nan,0
1597988378156306944,1597988378743000064,2020-08-21 13:39:38.743000,3619.0,3636.0,3551.0,3580.0,nan,3589.0,154339,11081482360.0,91813,3619.0,20,3618.0,12,nan,0,nan,0,nan,0,nan,0,nan,0,nan,0,nan,0,nan,0
1597988379139657984,1597988379720999936,2020-08-21 13:39:39.721000,3619.0,3636.0,3551.0,3580.0,nan,3589.0,154349,11082206160.0,91809,3619.0,9,3618.0,12,nan,0,nan,0,nan,0,nan,0,nan,0,nan,0,nan,0,nan,0
1597988379648999936,1597988380232999936,2020-08-21 13:39:40.233000,3619.0,3636.0,3551.0,3580.0,nan,3589.0,154349,11082206160.0,91809,3619.0,8,3618.0,12,nan,0,nan,0,nan,0,nan,0,nan,0,nan,0,nan,0,nan,0
1597988380146252032,1597988380729000192,2020-08-21 13:39:40.729000,3619.0,3636.0,3551.0,3580.0,nan,3589.0,154349,11082206160.0,91809,3619.0,9,3618.0,12,nan,0,nan,0,nan,0,nan,0,nan,0,nan,0,nan,0,nan,0
1597988381146369024,1597988381719000064,2020-08-21 13:39:41.719000,3619.0,3636.0,3551.0,3580.0,nan,3589.0,154354,11082568060.0,91809,3619.0,4,3618.0,11,nan,0,nan,0,nan,0,nan,0,nan,0,nan,0,nan,0,nan,0
1597988381646552064,1597988382240999936,2020-08-21 13:39:42.241000,3619.0,3636.0,3551.0,3580.0,nan,3589.0,154354,11082568060.0,91809,3619.0,4,3618.0,12,nan,0,nan,0,nan,0,nan,0,nan,0,nan,0,nan,0,nan,0
1597988382641434880,1597988383216999936,2020-08-21 13:39:43.217000,3619.0,3636.0,3551.0,3580.0,nan,3589.0,154358,11082857580.0,91805,3620.0,35,3619.0,5,nan,0,nan,0,nan,0,nan,0,nan,0,nan,0,nan,0,nan,0
1597988383142970880,1597988383714999808,2020-08-21 13:39:43.715000,3619.0,3636.0,3551.0,3580.0,nan,3589.0,154363,11083219480.0,91805,3619.0,2,3618.0,12,nan,0,nan,0,nan,0,nan,0,nan,0,nan,0,nan,0,nan,0
1597988383636526080,1597988384208000000,2020-08-21 13:39:44.208000,3619.0,3636.0,3551.0,3580.0,nan,3589.0,154363,11083219480.0,91805,3619.0,6,3618.0,12,nan,0,nan,0,nan,0,nan,0,nan,0,nan,0,nan,0,nan,0
1597988384141861120,1597988384744000000,2020-08-21 13:39:44.744000,3618.0,3636.0,3551.0,3580.0,nan,3589.0,154364,11083291840.0,91805,3619.0,6,3618.0,11,nan,0,nan,0,nan,0,nan,0,nan,0,nan,0,nan,0,nan,0
1597988385641422080,1597988386194000128,2020-08-21 13:39:46.194000,3619.0,3636.0,3551.0,3580.0,nan,3589.0,154365,11083364220.0,91806,3619.0,6,3618.0,11,nan,0,nan,0,nan,0,nan,0,nan,0,nan,0,nan,0,nan,0
1597988387647656960,1597988388223000064,2020-08-21 13:39:48.223000,3619.0,3636.0,3551.0,3580.0,nan,3589.0,154365,11083364220.0,91806,3619.0,8,3618.0,11,nan,0,nan,0,nan,0,nan,0,nan,0,nan,0,nan,0,nan,0
1597988389150438912,1597988389707000064,2020-08-21 13:39:49.707000,3619.0,3636.0,3551.0,3580.0,nan,3589.0,154369,11083653740.0,91806,3619.0,4,3618.0,11,nan,0,nan,0,nan,0,nan,0,nan,0,nan,0,nan,0,nan,0
1597988389650088960,1597988390240000000,2020-08-21 13:39:50.240000,3618.0,3636.0,3551.0,3580.0,nan,3589.0,154372,11083870860.0,91807,3619.0,2,3618.0,10,nan,0,nan,0,nan,0,nan,0,nan,0,nan,0,nan,0,nan,0
1597988390176096000,1597988390744000000,2020-08-21 13:39:50.744000,3618.0,3636.0,3551.0,3580.0,nan,3589.0,154372,11083870860.0,91807,3619.0,6,3618.0,10,nan,0,nan,0,nan,0,nan,0,nan,0,nan,0,nan,0,nan,0
1597988390648582912,1597988391240999936,2020-08-21 13:39:51.241000,3618.0,3636.0,3551.0,3580.0,nan,3589.0,154378,11084305120.0,91808,3619.0,2,3618.0,9,nan,0,nan,0,nan,0,nan,0,nan,0,nan,0,nan,0,nan,0
1597988391642735104,1597988392242000128,2020-08-21 13:39:52.242000,3618.0,3636.0,3551.0,3580.0,nan,3589.0,154379,11084377480.0,91809,3619.0,7,3618.0,8,nan,0,nan,0,nan,0,nan,0,nan,0,nan,0,nan,0,nan,0
1597988392144135936,1597988392736999936,2020-08-21 13:39:52.737000,3618.0,3636.0,3551.0,3580.0,nan,3589.0,154387,11084956360.0,91805,3618.0,2,3617.0,27,nan,0,nan,0,nan,0,nan,0,nan,0,nan,0,nan,0,nan,0
1597988392640211968,1597988393233999872,2020-08-21 13:39:53.234000,3618.0,3636.0,3551.0,3580.0,nan,3589.0,154391,11085245800.0,91803,3618.0,1,3617.0,27,nan,0,nan,0,nan,0,nan,0,nan,0,nan,0,nan,0,nan,0
1597988393162142976,1597988393729000192,2020-08-21 13:39:53.729000,3618.0,3636.0,3551.0,3580.0,nan,3589.0,154392,11085318160.0,91803,3619.0,18,3618.0,11,nan,0,nan,0,nan,0,nan,0,nan,0,nan,0,nan,0,nan,0
1597988393636163072,1597988394239000064,2020-08-21 13:39:54.239000,3619.0,3636.0,3551.0,3580.0,nan,3589.0,154395,11085535300.0,91805,3619.0,15,3618.0,11,nan,0,nan,0,nan,0,nan,0,nan,0,nan,0,nan,0,nan,0
1597988394145345024,1597988394743000064,2020-08-21 13:39:54.743000,3618.0,3636.0,3551.0,3580.0,nan,3589.0,154405,11086258900.0,91805,3619.0,14,3618.0,2,nan,0,nan,0,nan,0,nan,0,nan,0,nan,0,nan,0,nan,0
1597988394647811072,1597988395234999808,2020-08-21 13:39:55.235000,3618.0,3636.0,3551.0,3580.0,nan,3589.0,154407,11086403620.0,91805,3619.0,14,3617.0,27,nan,0,nan,0,nan,0,nan,0,nan,0,nan,0,nan,0,nan,0
1597988395149923072,1597988395739000064,2020-08-21 13:39:55.739000,3618.0,3636.0,3551.0,3580.0,nan,3589.0,154407,11086403620.0,91805,3618.0,2,3617.0,27,nan,0,nan,0,nan,0,nan,0,nan,0,nan,0,nan,0,nan,0
1597988395646607872,1597988396236000000,2020-08-21 13:39:56.236000,3618.0,3636.0,3551.0,3580.0,nan,3589.0,154408,11086475980.0,91805,3618.0,1,3617.0,27,nan,0,nan,0,nan,0,nan,0,nan,0,nan,0,nan,0,nan,0
1597988396673156096,1597988397231000064,2020-08-21 13:39:57.231000,3618.0,3636.0,3551.0,3580.0,nan,3589.0,154409,11086548340.0,91805,3619.0,18,3617.0,27,nan,0,nan,0,nan,0,nan,0,nan,0,nan,0,nan,0,nan,0
1597988397646285056,1597988398239000064,2020-08-21 13:39:58.239000,3618.0,3636.0,3551.0,3580.0,nan,3589.0,154409,11086548340.0,91805,3618.0,1,3617.0,27,nan,0,nan,0,nan,0,nan,0,nan,0,nan,0,nan,0,nan,0
1597988398170573056,1597988398740999936,2020-08-21 13:39:58.741000,3617.0,3636.0,3551.0,3580.0,nan,3589.0,154410,11086620680.0,91806,3618.0,6,3617.0,27,nan,0,nan,0,nan,0,nan,0,nan,0,nan,0,nan,0,nan,0
1597988398647173888,1597988399239000064,2020-08-21 13:39:59.239000,3617.0,3636.0,3551.0,3580.0,nan,3589.0,154412,11086765360.0,91806,3618.0,6,3617.0,25,nan,0,nan,0,nan,0,nan,0,nan,0,nan,0,nan,0,nan,0
1597988400160630016,1597988400744000000,2020-08-21 13:40:00.744000,3618.0,3636.0,3551.0,3580.0,nan,3589.0,154414,11086910080.0,91805,3618.0,4,3617.0,26,nan,0,nan,0,nan,0,nan,0,nan,0,nan,0,nan,0,nan,0
1597988400658897920,1597988401224999936,2020-08-21 13:40:01.225000,3618.0,3636.0,3551.0,3580.0,nan,3589.0,154414,11086910080.0,91805,3618.0,5,3617.0,27,nan,0,nan,0,nan,0,nan,0,nan,0,nan,0,nan,0,nan,0
1597988401159368960,1597988401694000128,2020-08-21 13:40:01.694000,3618.0,3636.0,3551.0,3580.0,nan,3589.0,154420,11087344240.0,91810,3619.0,18,3617.0,26,nan,0,nan,0,nan,0,nan,0,nan,0,nan,0,nan,0,nan,0
1597988401652915968,1597988402216999936,2020-08-21 13:40:02.217000,3618.0,3636.0,3551.0,3580.0,nan,3589.0,154421,11087416600.0,91810,3619.0,17,3617.0,26,nan,0,nan,0,nan,0,nan,0,nan,0,nan,0,nan,0,nan,0
1597988402164532992,1597988402729000192,2020-08-21 13:40:02.729000,3618.0,3636.0,3551.0,3580.0,nan,3589.0,154421,11087416600.0,91810,3619.0,17,3617.0,27,nan,0,nan,0,nan,0,nan,0,nan,0,nan,0,nan,0,nan,0
1597988402642456064,1597988403240999936,2020-08-21 13:40:03.241000,3617.0,3636.0,3551.0,3580.0,nan,3589.0,154422,11087488940.0,91811,3619.0,17,3617.0,26,nan,0,nan,0,nan,0,nan,0,nan,0,nan,0,nan,0,nan,0
1597988404165840896,1597988404724000000,2020-08-21 13:40:04.724000,3619.0,3636.0,3551.0,3580.0,nan,3589.0,154423,11087561320.0,91811,3619.0,16,3617.0,27,nan,0,nan,0,nan,0,nan,0,nan,0,nan,0,nan,0,nan,0
1597988404654540032,1597988405221999872,2020-08-21 13:40:05.222000,3619.0,3636.0,3551.0,3580.0,nan,3589.0,154423,11087561320.0,91811,3619.0,18,3617.0,27,nan,0,nan,0,nan,0,nan,0,nan,0,nan,0,nan,0,nan,0
1597988406149964032,1597988406744999936,2020-08-21 13:40:06.745000,3619.0,3636.0,3551.0,3580.0,nan,3589.0,154423,11087561320.0,91811,3619.0,19,3617.0,27,nan,0,nan,0,nan,0,nan,0,nan,0,nan,0,nan,0,nan,0
1597988407649216000,1597988408239000064,2020-08-21 13:40:08.239000,3617.0,3636.0,3551.0,3580.0,nan,3589.0,154424,11087633660.0,91811,3619.0,20,3617.0,26,nan,0,nan,0,nan,0,nan,0,nan,0,nan,0,nan,0,nan,0
1597988410143351040,1597988410712000000,2020-08-21 13:40:10.712000,3617.0,3636.0,3551.0,3580.0,nan,3589.0,154424,11087633660.0,91811,3619.0,51,3617.0,26,nan,0,nan,0,nan,0,nan,0,nan,0,nan,0,nan,0,nan,0
1597988410654650112,1597988411239000064,2020-08-21 13:40:11.239000,3617.0,3636.0,3551.0,3580.0,nan,3589.0,154424,11087633660.0,91811,3618.0,14,3617.0,23,nan,0,nan,0,nan,0,nan,0,nan,0,nan,0,nan,0,nan,0
1597988411137043968,1597988411730000128,2020-08-21 13:40:11.730000,3618.0,3636.0,3551.0,3580.0,nan,3589.0,154426,11087778380.0,91811,3618.0,12,3617.0,23,nan,0,nan,0,nan,0,nan,0,nan,0,nan,0,nan,0,nan,0
1597988412145432064,1597988412708000000,2020-08-21 13:40:12.708000,3618.0,3636.0,3551.0,3580.0,nan,3589.0,154427,11087850740.0,91810,3618.0,11,3617.0,24,nan,0,nan,0,nan,0,nan,0,nan,0,nan,0,nan,0,nan,0
1597988412680965888,1597988413220999936,2020-08-21 13:40:13.221000,3618.0,3636.0,3551.0,3580.0,nan,3589.0,154427,11087850740.0,91810,3618.0,11,3617.0,25,nan,0,nan,0,nan,0,nan,0,nan,0,nan,0,nan,0,nan,0
1597988413155970048,1597988413709000192,2020-08-21 13:40:13.709000,3618.0,3636.0,3551.0,3580.0,nan,3589.0,154427,11087850740.0,91810,3618.0,13,3617.0,25,nan,0,nan,0,nan,0,nan,0,nan,0,nan,0,nan,0,nan,0
1597988414145068032,1597988414704000000,2020-08-21 13:40:14.704000,3618.0,3636.0,3551.0,3580.0,nan,3589.0,154428,11087923100.0,91810,3618.0,12,3617.0,25,nan,0,nan,0,nan,0,nan,0,nan,0,nan,0,nan,0,nan,0
1597988415143372032,1597988415740999936,2020-08-21 13:40:15.741000,3618.0,3636.0,3551.0,3580.0,nan,3589.0,154429,11087995460.0,91811,3618.0,11,3617.0,25,nan,0,nan,0,nan,0,nan,0,nan,0,nan,0,nan,0,nan,0
1597988416207320064,1597988416733999872,2020-08-21 13:40:16.734000,3618.0,3636.0,3551.0,3580.0,nan,3589.0,154430,11088067820.0,91812,3618.0,12,3617.0,25,nan,0,nan,0,nan,0,nan,0,nan,0,nan,0,nan,0,nan,0
1597988416640546048,1597988417244000000,2020-08-21 13:40:17.244000,3618.0,3636.0,3551.0,3580.0,nan,3589.0,154430,11088067820.0,91812,3618.0,16,3617.0,25,nan,0,nan,0,nan,0,nan,0,nan,0,nan,0,nan,0,nan,0
1597988417149024000,1597988417744000000,2020-08-21 13:40:17.744000,3617.0,3636.0,3551.0,3580.0,nan,3589.0,154431,11088140160.0,91813,3618.0,16,3617.0,26,nan,0,nan,0,nan,0,nan,0,nan,0,nan,0,nan,0,nan,0
1597988417649362944,1597988418243000064,2020-08-21 13:40:18.243000,3617.0,3636.0,3551.0,3580.0,nan,3589.0,154431,11088140160.0,91813,3618.0,19,3617.0,27,nan,0,nan,0,nan,0,nan,0,nan,0,nan,0,nan,0,nan,0
1597988418159514112,1597988418734999808,2020-08-21 13:40:18.735000,3617.0,3636.0,3551.0,3580.0,nan,3589.0,154431,11088140160.0,91813,3618.0,20,3617.0,27,nan,0,nan,0,nan,0,nan,0,nan,0,nan,0,nan,0,nan,0
1597988419152690944,1597988419665999872,2020-08-21 13:40:19.666000,3618.0,3636.0,3551.0,3580.0,nan,3589.0,154432,11088212520.0,91812,3618.0,19,3617.0,28,nan,0,nan,0,nan,0,nan,0,nan,0,nan,0,nan,0,nan,0
1597988419675219968,1597988420226000128,2020-08-21 13:40:20.226000,3618.0,3636.0,3551.0,3580.0,nan,3589.0,154432,11088212520.0,91812,3618.0,20,3617.0,12,nan,0,nan,0,nan,0,nan,0,nan,0,nan,0,nan,0,nan,0
1597988420147219968,1597988420744000000,2020-08-21 13:40:20.744000,3618.0,3636.0,3551.0,3580.0,nan,3589.0,154432,11088212520.0,91812,3618.0,21,3617.0,12,nan,0,nan,0,nan,0,nan,0,nan,0,nan,0,nan,0,nan,0
1597988421148732928,1597988421688000000,2020-08-21 13:40:21.688000,3617.0,3636.0,3551.0,3580.0,nan,3589.0,154438,11088646560.0,91812,3618.0,21,3617.0,6,nan,0,nan,0,nan,0,nan,0,nan,0,nan,0,nan,0,nan,0
1597988421647848960,1597988422176999936,2020-08-21 13:40:22.177000,3617.0,3636.0,3551.0,3580.0,nan,3590.0,154446,11089225300.0,91807,3618.0,21,3616.0,47,nan,0,nan,0,nan,0,nan,0,nan,0,nan,0,nan,0,nan,0
1597988422139556096,1597988422720999936,2020-08-21 13:40:22.721000,3618.0,3636.0,3551.0,3580.0,nan,3590.0,154450,11089514680.0,91803,3618.0,20,3617.0,1,nan,0,nan,0,nan,0,nan,0,nan,0,nan,0,nan,0,nan,0
1597988422677769984,1597988423237999872,2020-08-21 13:40:23.238000,3618.0,3636.0,3551.0,3580.0,nan,3590.0,154458,11090093560.0,91806,3618.0,12,3617.0,5,nan,0,nan,0,nan,0,nan,0,nan,0,nan,0,nan,0,nan,0
1597988423143121920,1597988423736999936,2020-08-21 13:40:23.737000,3618.0,3636.0,3551.0,3580.0,nan,3590.0,154459,11090165920.0,91806,3618.0,11,3617.0,9,nan,0,nan,0,nan,0,nan,0,nan,0,nan,0,nan,0,nan,0
1597988423651770880,1597988424240000000,2020-08-21 13:40:24.240000,3618.0,3636.0,3551.0,3580.0,nan,3590.0,154459,11090165920.0,91806,3618.0,14,3617.0,9,nan,0,nan,0,nan,0,nan,0,nan,0,nan,0,nan,0,nan,0
1597988424187923968,1597988424730000128,2020-08-21 13:40:24.730000,3618.0,3636.0,3551.0,3580.0,nan,3590.0,154460,11090238280.0,91805,3618.0,13,3617.0,9,nan,0,nan,0,nan,0,nan,0,nan,0,nan,0,nan,0,nan,0
1597988424678883072,1597988425211000064,2020-08-21 13:40:25.211000,3618.0,3636.0,3551.0,3580.0,nan,3590.0,154460,11090238280.0,91805,3618.0,15,3617.0,9,nan,0,nan,0,nan,0,nan,0,nan,0,nan,0,nan,0,nan,0
1597988425175577088,1597988425719000064,2020-08-21 13:40:25.719000,3618.0,3636.0,3551.0,3580.0,nan,3590.0,154460,11090238280.0,91805,3618.0,17,3617.0,7,nan,0,nan,0,nan,0,nan,0,nan,0,nan,0,nan,0,nan,0
1597988425648963072,1597988426244999936,2020-08-21 13:40:26.245000,3618.0,3636.0,3551.0,3580.0,nan,3590.0,154460,11090238280.0,91805,3618.0,16,3617.0,6,nan,0,nan,0,nan,0,nan,0,nan,0,nan,0,nan,0,nan,0
1597988426191511040,1597988426712000000,2020-08-21 13:40:26.712000,3617.0,3636.0,3551.0,3580.0,nan,3590.0,154462,11090382960.0,91805,3618.0,17,3617.0,8,nan,0,nan,0,nan,0,nan,0,nan,0,nan,0,nan,0,nan,0
1597988427192568064,1597988427740000000,2020-08-21 13:40:27.740000,3617.0,3636.0,3551.0,3580.0,nan,3590.0,154463,11090455300.0,91805,3618.0,17,3617.0,8,nan,0,nan,0,nan,0,nan,0,nan,0,nan,0,nan,0,nan,0
1597988428646755072,1597988429244999936,2020-08-21 13:40:29.245000,3617.0,3636.0,3551.0,3580.0,nan,3590.0,154463,11090455300.0,91805,3618.0,17,3617.0,9,nan,0,nan,0,nan,0,nan,0,nan,0,nan,0,nan,0,nan,0
1597988429638540032,1597988430233999872,2020-08-21 13:40:30.234000,3617.0,3636.0,3551.0,3580.0,nan,3590.0,154464,11090527640.0,91805,3618.0,17,3617.0,9,nan,0,nan,0,nan,0,nan,0,nan,0,nan,0,nan,0,nan,0
1597988430154787072,1597988430742000128,2020-08-21 13:40:30.742000,3617.0,3636.0,3551.0,3580.0,nan,3590.0,154491,11092481240.0,91792,3618.0,9,3617.0,6,nan,0,nan,0,nan,0,nan,0,nan,0,nan,0,nan,0,nan,0
1597988430652495104,1597988431200999936,2020-08-21 13:40:31.201000,3618.0,3636.0,3551.0,3580.0,nan,3590.0,154493,11092625940.0,91791,3618.0,15,3617.0,5,nan,0,nan,0,nan,0,nan,0,nan,0,nan,0,nan,0,nan,0
1597988431149135872,1597988431652000000,2020-08-21 13:40:31.652000,3618.0,3636.0,3551.0,3580.0,nan,3590.0,154494,11092698300.0,91790,3618.0,14,3617.0,5,nan,0,nan,0,nan,0,nan,0,nan,0,nan,0,nan,0,nan,0
1597988431649382912,1597988432244999936,2020-08-21 13:40:32.245000,3618.0,3636.0,3551.0,3580.0,nan,3590.0,154496,11092843020.0,91788,3618.0,13,3617.0,6,nan,0,nan,0,nan,0,nan,0,nan,0,nan,0,nan,0,nan,0
1597988432150731008,1597988432740999936,2020-08-21 13:40:32.741000,3617.0,3636.0,3551.0,3580.0,nan,3590.0,154499,11093060040.0,91788,3618.0,13,3617.0,3,nan,0,nan,0,nan,0,nan,0,nan,0,nan,0,nan,0,nan,0
1597988432640708096,1597988433243000064,2020-08-21 13:40:33.243000,3617.0,3636.0,3551.0,3580.0,nan,3590.0,154500,11093132380.0,91788,3617.0,2,3616.0,46,nan,0,nan,0,nan,0,nan,0,nan,0,nan,0,nan,0,nan,0
1597988433146119936,1597988433697999872,2020-08-21 13:40:33.698000,3616.0,3636.0,3551.0,3580.0,nan,3590.0,154502,11093277020.0,91788,3617.0,10,3616.0,44,nan,0,nan,0,nan,0,nan,0,nan,0,nan,0,nan,0,nan,0
1597988434183193088,1597988434720999936,2020-08-21 13:40:34.721000,3617.0,3636.0,3551.0,3580.0,nan,3590.0,154503,11093349360.0,91788,3617.0,9,3616.0,44,nan,0,nan,0,nan,0,nan,0,nan,0,nan,0,nan,0,nan,0
1597988436693703936,1597988437226000128,2020-08-21 13:40:37.226000,3617.0,3636.0,3551.0,3580.0,nan,3590.0,154506,11093566360.0,91785,3617.0,7,3616.0,43,nan,0,nan,0,nan,0,nan,0,nan,0,nan,0,nan,0,nan,0
1597988437651056128,1597988438233999872,2020-08-21 13:40:38.234000,3617.0,3636.0,3551.0,3580.0,nan,3590.0,154514,11094145080.0,91778,3618.0,11,3617.0,12,nan,0,nan,0,nan,0,nan,0,nan,0,nan,0,nan,0,nan,0
1597988438140668928,1597988438723000064,2020-08-21 13:40:38.723000,3617.0,3636.0,3551.0,3580.0,nan,3590.0,154516,11094289760.0,91776,3618.0,11,3617.0,10,nan,0,nan,0,nan,0,nan,0,nan,0,nan,0,nan,0,nan,0
1597988439652344064,1597988440224000000,2020-08-21 13:40:40.224000,3617.0,3636.0,3551.0,3580.0,nan,3590.0,154518,11094434440.0,91776,3618.0,11,3617.0,8,nan,0,nan,0,nan,0,nan,0,nan,0,nan,0,nan,0,nan,0
1597988440663880960,1597988441234999808,2020-08-21 13:40:41.235000,3617.0,3636.0,3551.0,3580.0,nan,3590.0,154520,11094579120.0,91775,3618.0,11,3617.0,6,nan,0,nan,0,nan,0,nan,0,nan,0,nan,0,nan,0,nan,0
1597988442140232960,1597988442744999936,2020-08-21 13:40:42.745000,3617.0,3636.0,3551.0,3580.0,nan,3590.0,154520,11094579120.0,91775,3618.0,11,3617.0,7,nan,0,nan,0,nan,0,nan,0,nan,0,nan,0,nan,0,nan,0
1597988443141303040,1597988443743000064,2020-08-21 13:40:43.743000,3617.0,3636.0,3551.0,3580.0,nan,3590.0,154520,11094579120.0,91775,3618.0,14,3617.0,8,nan,0,nan,0,nan,0,nan,0,nan,0,nan,0,nan,0,nan,0
1597988444149499904,1597988444728000000,2020-08-21 13:40:44.728000,3617.0,3636.0,3551.0,3580.0,nan,3590.0,154522,11094723820.0,91775,3618.0,13,3617.0,7,nan,0,nan,0,nan,0,nan,0,nan,0,nan,0,nan,0,nan,0
1597988444669561088,1597988445216999936,2020-08-21 13:40:45.217000,3617.0,3636.0,3551.0,3580.0,nan,3590.0,154522,11094723820.0,91775,3618.0,13,3617.0,8,nan,0,nan,0,nan,0,nan,0,nan,0,nan,0,nan,0,nan,0
1597988445159782912,1597988445717999872,2020-08-21 13:40:45.718000,3617.0,3636.0,3551.0,3580.0,nan,3590.0,154522,11094723820.0,91775,3618.0,13,3617.0,9,nan,0,nan,0,nan,0,nan,0,nan,0,nan,0,nan,0,nan,0
1597988445641466880,1597988446243000064,2020-08-21 13:40:46.243000,3617.0,3636.0,3551.0,3580.0,nan,3590.0,154522,11094723820.0,91775,3618.0,13,3617.0,10,nan,0,nan,0,nan,0,nan,0,nan,0,nan,0,nan,0,nan,0
1597988446155227904,1597988446693000192,2020-08-21 13:40:46.693000,3618.0,3636.0,3551.0,3580.0,nan,3590.0,154524,11094868540.0,91775,3618.0,11,3617.0,10,nan,0,nan,0,nan,0,nan,0,nan,0,nan,0,nan,0,nan,0
1597988446647900928,1597988447240000000,2020-08-21 13:40:47.240000,3617.0,3636.0,3551.0,3580.0,nan,3590.0,154525,11094940880.0,91775,3618.0,13,3617.0,9,nan,0,nan,0,nan,0,nan,0,nan,0,nan,0,nan,0,nan,0
1597988447142476032,1597988447739000064,2020-08-21 13:40:47.739000,3617.0,3636.0,3551.0,3580.0,nan,3590.0,154525,11094940880.0,91775,3618.0,13,3617.0,12,nan,0,nan,0,nan,0,nan,0,nan,0,nan,0,nan,0,nan,0
1597988448650529024,1597988449244999936,2020-08-21 13:40:49.245000,3618.0,3636.0,3551.0,3580.0,nan,3590.0,154527,11095085600.0,91774,3618.0,11,3617.0,12,nan,0,nan,0,nan,0,nan,0,nan,0,nan,0,nan,0,nan,0
1597988449138443008,1597988449632999936,2020-08-21 13:40:49.633000,3618.0,3636.0,3551.0,3580.0,nan,3590.0,154527,11095085600.0,91774,3618.0,11,3617.0,15,nan,0,nan,0,nan,0,nan,0,nan,0,nan,0,nan,0,nan,0
1597988449645168896,1597988450232999936,2020-08-21 13:40:50.233000,3618.0,3636.0,3551.0,3580.0,nan,3590.0,154528,11095157960.0,91775,3618.0,10,3617.0,15,nan,0,nan,0,nan,0,nan,0,nan,0,nan,0,nan,0,nan,0
1597988450140537088,1597988450732000000,2020-08-21 13:40:50.732000,3617.0,3636.0,3551.0,3580.0,nan,3590.0,154529,11095230300.0,91775,3618.0,10,3617.0,14,nan,0,nan,0,nan,0,nan,0,nan,0,nan,0,nan,0,nan,0
1597988450639035904,1597988451224000000,2020-08-21 13:40:51.224000,3617.0,3636.0,3551.0,3580.0,nan,3590.0,154530,11095302640.0,91774,3618.0,10,3617.0,13,nan,0,nan,0,nan,0,nan,0,nan,0,nan,0,nan,0,nan,0
1597988451146917120,1597988451743000064,2020-08-21 13:40:51.743000,3617.0,3636.0,3551.0,3580.0,nan,3590.0,154530,11095302640.0,91774,3618.0,11,3617.0,13,nan,0,nan,0,nan,0,nan,0,nan,0,nan,0,nan,0,nan,0
1597988453155767040,1597988453731000064,2020-08-21 13:40:53.731000,3617.0,3636.0,3551.0,3580.0,nan,3590.0,154532,11095447340.0,91774,3618.0,7,3617.0,12,nan,0,nan,0,nan,0,nan,0,nan,0,nan,0,nan,0,nan,0
1597988453654409984,1597988454232999936,2020-08-21 13:40:54.233000,3617.0,3636.0,3551.0,3580.0,nan,3590.0,154532,11095447340.0,91774,3618.0,7,3617.0,10,nan,0,nan,0,nan,0,nan,0,nan,0,nan,0,nan,0,nan,0
1597988454139881984,1597988454709000192,2020-08-21 13:40:54.709000,3618.0,3636.0,3551.0,3580.0,nan,3590.0,154533,11095519700.0,91774,3618.0,6,3617.0,10,nan,0,nan,0,nan,0,nan,0,nan,0,nan,0,nan,0,nan,0
1597988454639738112,1597988455242000128,2020-08-21 13:40:55.242000,3618.0,3636.0,3551.0,3580.0,nan,3590.0,154534,11095592060.0,91775,3618.0,6,3617.0,9,nan,0,nan,0,nan,0,nan,0,nan,0,nan,0,nan,0,nan,0
1597988455639277056,1597988456161999872,2020-08-21 13:40:56.162000,3617.0,3636.0,3551.0,3580.0,nan,3590.0,154535,11095664400.0,91775,3618.0,6,3617.0,8,nan,0,nan,0,nan,0,nan,0,nan,0,nan,0,nan,0,nan,0
1597988456137323008,1597988456736000000,2020-08-21 13:40:56.736000,3618.0,3636.0,3551.0,3580.0,nan,3590.0,154536,11095736760.0,91775,3618.0,5,3617.0,12,nan,0,nan,0,nan,0,nan,0,nan,0,nan,0,nan,0,nan,0
1597988456645120000,1597988457240000000,2020-08-21 13:40:57.240000,3618.0,3636.0,3551.0,3580.0,nan,3590.0,154537,11095809120.0,91775,3618.0,4,3617.0,12,nan,0,nan,0,nan,0,nan,0,nan,0,nan,0,nan,0,nan,0
1597988457137420032,1597988457743000064,2020-08-21 13:40:57.743000,3617.0,3636.0,3551.0,3580.0,nan,3590.0,154542,11096170860.0,91777,3618.0,2,3617.0,9,nan,0,nan,0,nan,0,nan,0,nan,0,nan,0,nan,0,nan,0
1597988457644588032,1597988458244000000,2020-08-21 13:40:58.244000,3617.0,3636.0,3551.0,3580.0,nan,3590.0,154542,11096170860.0,91777,3618.0,2,3617.0,10,nan,0,nan,0,nan,0,nan,0,nan,0,nan,0,nan,0,nan,0
1597988458138585088,1597988458742000128,2020-08-21 13:40:58.742000,3617.0,3636.0,3551.0,3580.0,nan,3590.0,154542,11096170860.0,91777,3618.0,6,3617.0,11,nan,0,nan,0,nan,0,nan,0,nan,0,nan,0,nan,0,nan,0
1597988460164813056,1597988460742000128,2020-08-21 13:41:00.742000,3617.0,3636.0,3551.0,3580.0,nan,3590.0,154542,11096170860.0,91777,3618.0,7,3617.0,11,nan,0,nan,0,nan,0,nan,0,nan,0,nan,0,nan,0,nan,0
1597988460645541120,1597988461244000000,2020-08-21 13:41:01.244000,3618.0,3636.0,3551.0,3580.0,nan,3590.0,154543,11096243220.0,91777,3618.0,6,3617.0,11,nan,0,nan,0,nan,0,nan,0,nan,0,nan,0,nan,0,nan,0
1597988461642224896,1597988462244999936,2020-08-21 13:41:02.245000,3618.0,3636.0,3551.0,3580.0,nan,3590.0,154543,11096243220.0,91777,3618.0,6,3617.0,12,nan,0,nan,0,nan,0,nan,0,nan,0,nan,0,nan,0,nan,0
1597988462157758976,1597988462739000064,2020-08-21 13:41:02.739000,3618.0,3636.0,3551.0,3580.0,nan,3590.0,154550,11096749720.0,91782,3619.0,45,3617.0,11,nan,0,nan,0,nan,0,nan,0,nan,0,nan,0,nan,0,nan,0
1597988462645626880,1597988463236000000,2020-08-21 13:41:03.236000,3617.0,3636.0,3551.0,3580.0,nan,3590.0,154562,11097617860.0,91781,3617.0,12,3616.0,42,nan,0,nan,0,nan,0,nan,0,nan,0,nan,0,nan,0,nan,0
1597988464149861888,1597988464740000000,2020-08-21 13:41:04.740000,3617.0,3636.0,3551.0,3580.0,nan,3590.0,154563,11097690200.0,91780,3617.0,11,3616.0,42,nan,0,nan,0,nan,0,nan,0,nan,0,nan,0,nan,0,nan,0
1597988464679159040,1597988465236999936,2020-08-21 13:41:05.237000,3616.0,3636.0,3551.0,3580.0,nan,3590.0,154564,11097762520.0,91781,3617.0,11,3616.0,41,nan,0,nan,0,nan,0,nan,0,nan,0,nan,0,nan,0,nan,0
1597988465647724032,1597988466186000128,2020-08-21 13:41:06.186000,3617.0,3636.0,3551.0,3580.0,nan,3590.0,154565,11097834860.0,91780,3617.0,10,3616.0,41,nan,0,nan,0,nan,0,nan,0,nan,0,nan,0,nan,0,nan,0
1597988466160070912,1597988466694000128,2020-08-21 13:41:06.694000,3617.0,3636.0,3551.0,3580.0,nan,3590.0,154565,11097834860.0,91780,3617.0,12,3616.0,41,nan,0,nan,0,nan,0,nan,0,nan,0,nan,0,nan,0,nan,0
1597988467144545024,1597988467708000000,2020-08-21 13:41:07.708000,3617.0,3636.0,3551.0,3580.0,nan,3590.0,154565,11097834860.0,91780,3617.0,13,3616.0,41,nan,0,nan,0,nan,0,nan,0,nan,0,nan,0,nan,0,nan,0
1597988467644993024,1597988468180000000,2020-08-21 13:41:08.180000,3616.0,3636.0,3551.0,3580.0,nan,3590.0,154567,11097979500.0,91782,3617.0,13,3616.0,39,nan,0,nan,0,nan,0,nan,0,nan,0,nan,0,nan,0,nan,0
1597988469141352960,1597988469713999872,2020-08-21 13:41:09.714000,3617.0,3636.0,3551.0,3580.0,nan,3590.0,154568,11098051840.0,91781,3617.0,16,3616.0,39,nan,0,nan,0,nan,0,nan,0,nan,0,nan,0,nan,0,nan,0
1597988470138157056,1597988470730000128,2020-08-21 13:41:10.730000,3616.0,3636.0,3551.0,3580.0,nan,3590.0,154570,11098196480.0,91782,3617.0,16,3616.0,37,nan,0,nan,0,nan,0,nan,0,nan,0,nan,0,nan,0,nan,0
1597988471145892096,1597988471719000064,2020-08-21 13:41:11.719000,3616.0,3636.0,3551.0,3580.0,nan,3590.0,154571,11098268800.0,91783,3617.0,16,3616.0,31,nan,0,nan,0,nan,0,nan,0,nan,0,nan,0,nan,0,nan,0
1597988472636846080,1597988473236000000,2020-08-21 13:41:13.236000,3616.0,3636.0,3551.0,3580.0,nan,3590.0,154572,11098341120.0,91784,3617.0,16,3616.0,30,nan,0,nan,0,nan,0,nan,0,nan,0,nan,0,nan,0,nan,0
1597988473135830016,1597988473673000192,2020-08-21 13:41:13.673000,3616.0,3636.0,3551.0,3580.0,nan,3590.0,154602,11100510720.0,91795,3616.0,3,3615.0,60,nan,0,nan,0,nan,0,nan,0,nan,0,nan,0,nan,0,nan,0
1597988473647292928,1597988474236000000,2020-08-21 13:41:14.236000,3616.0,3636.0,3551.0,3580.0,nan,3590.0,154603,11100583040.0,91794,3616.0,5,3615.0,60,nan,0,nan,0,nan,0,nan,0,nan,0,nan,0,nan,0,nan,0
1597988474139467008,1597988474651000064,2020-08-21 13:41:14.651000,3616.0,3636.0,3551.0,3580.0,nan,3590.0,154604,11100655360.0,91794,3616.0,4,3615.0,60,nan,0,nan,0,nan,0,nan,0,nan,0,nan,0,nan,0,nan,0
1597988474685210880,1597988475194999808,2020-08-21 13:41:15.195000,3616.0,3636.0,3551.0,3580.0,nan,3590.0,154604,11100655360.0,91794,3616.0,3,3615.0,60,nan,0,nan,0,nan,0,nan,0,nan,0,nan,0,nan,0,nan,0
1597988475138259968,1597988475724999936,2020-08-21 13:41:15.725000,3615.0,3636.0,3551.0,3580.0,nan,3590.0,154665,11105065680.0,91806,3615.0,8,3614.0,32,nan,0,nan,0,nan,0,nan,0,nan,0,nan,0,nan,0,nan,0
1597988475654245120,1597988476220000000,2020-08-21 13:41:16.220000,3615.0,3636.0,3551.0,3580.0,nan,3590.0,154675,11105788680.0,91806,3616.0,18,3614.0,32,nan,0,nan,0,nan,0,nan,0,nan,0,nan,0,nan,0,nan,0
1597988476151040000,1597988476743000064,2020-08-21 13:41:16.743000,3614.0,3636.0,3551.0,3580.0,nan,3590.0,154677,11105933280.0,91804,3615.0,1,3614.0,31,nan,0,nan,0,nan,0,nan,0,nan,0,nan,0,nan,0,nan,0
1597988476667427072,1597988477193000192,2020-08-21 13:41:17.193000,3614.0,3636.0,3551.0,3580.0,nan,3590.0,154688,11106728360.0,91793,3615.0,12,3614.0,20,nan,0,nan,0,nan,0,nan,0,nan,0,nan,0,nan,0,nan,0
1597988477144971008,1597988477734999808,2020-08-21 13:41:17.735000,3614.0,3636.0,3551.0,3580.0,nan,3590.0,154692,11107017480.0,91789,3615.0,12,3614.0,17,nan,0,nan,0,nan,0,nan,0,nan,0,nan,0,nan,0,nan,0
1597988477641679872,1597988478232000000,2020-08-21 13:41:18.232000,3614.0,3636.0,3551.0,3580.0,nan,3590.0,154692,11107017480.0,91789,3615.0,12,3614.0,16,nan,0,nan,0,nan,0,nan,0,nan,0,nan,0,nan,0,nan,0
1597988478148054016,1597988478742000128,2020-08-21 13:41:18.742000,3615.0,3636.0,3551.0,3580.0,nan,3590.0,154696,11107306620.0,91788,3615.0,11,3614.0,13,nan,0,nan,0,nan,0,nan,0,nan,0,nan,0,nan,0,nan,0
1597988478676025088,1597988479240999936,2020-08-21 13:41:19.241000,3615.0,3636.0,3551.0,3580.0,nan,3590.0,154697,11107378920.0,91789,3615.0,10,3614.0,14,nan,0,nan,0,nan,0,nan,0,nan,0,nan,0,nan,0,nan,0
1597988479159451904,1597988479746000128,2020-08-21 13:41:19.746000,3615.0,3636.0,3551.0,3580.0,nan,3590.0,154697,11107378920.0,91789,3615.0,10,3614.0,16,nan,0,nan,0,nan,0,nan,0,nan,0,nan,0,nan,0,nan,0
1597988479652171008,1597988480232000000,2020-08-21 13:41:20.232000,3615.0,3636.0,3551.0,3580.0,nan,3590.0,154699,11107523520.0,91789,3615.0,9,3614.0,16,nan,0,nan,0,nan,0,nan,0,nan,0,nan,0,nan,0,nan,0
1597988480151542016,1597988480711000064,2020-08-21 13:41:20.711000,3615.0,3636.0,3551.0,3580.0,nan,3590.0,154700,11107595820.0,91788,3615.0,8,3614.0,16,nan,0,nan,0,nan,0,nan,0,nan,0,nan,0,nan,0,nan,0
1597988480685744896,1597988481242000128,2020-08-21 13:41:21.242000,3615.0,3636.0,3551.0,3580.0,nan,3590.0,154705,11107957320.0,91784,3615.0,3,3614.0,16,nan,0,nan,0,nan,0,nan,0,nan,0,nan,0,nan,0,nan,0
1597988481153277952,1597988481740999936,2020-08-21 13:41:21.741000,3616.0,3636.0,3551.0,3580.0,nan,3590.0,154709,11108246540.0,91785,3616.0,23,3614.0,17,nan,0,nan,0,nan,0,nan,0,nan,0,nan,0,nan,0,nan,0
1597988482150361088,1597988482739000064,2020-08-21 13:41:22.739000,3614.0,3636.0,3551.0,3580.0,nan,3590.0,154710,11108318820.0,91784,3615.0,17,3614.0,16,nan,0,nan,0,nan,0,nan,0,nan,0,nan,0,nan,0,nan,0
1597988482674117120,1597988483240000000,2020-08-21 13:41:23.240000,3615.0,3636.0,3551.0,3580.0,nan,3590.0,154711,11108391120.0,91784,3615.0,16,3614.0,18,nan,0,nan,0,nan,0,nan,0,nan,0,nan,0,nan,0,nan,0
1597988483143682048,1597988483746000128,2020-08-21 13:41:23.746000,3615.0,3636.0,3551.0,3580.0,nan,3590.0,154711,11108391120.0,91784,3615.0,19,3614.0,18,nan,0,nan,0,nan,0,nan,0,nan,0,nan,0,nan,0,nan,0
1597988483645713920,1597988484224000000,2020-08-21 13:41:24.224000,3615.0,3636.0,3551.0,3580.0,nan,3590.0,154712,11108463420.0,91785,3615.0,18,3614.0,18,nan,0,nan,0,nan,0,nan,0,nan,0,nan,0,nan,0,nan,0
1597988484153060096,1597988484728000000,2020-08-21 13:41:24.728000,3615.0,3636.0,3551.0,3580.0,nan,3590.0,154719,11108969500.0,91790,3615.0,13,3614.0,20,nan,0,nan,0,nan,0,nan,0,nan,0,nan,0,nan,0,nan,0
1597988484640462080,1597988485237999872,2020-08-21 13:41:25.238000,3615.0,3636.0,3551.0,3580.0,nan,3590.0,154719,11108969500.0,91790,3615.0,14,3614.0,20,nan,0,nan,0,nan,0,nan,0,nan,0,nan,0,nan,0,nan,0
1597988485151898880,1597988485655000064,2020-08-21 13:41:25.655000,3615.0,3636.0,3551.0,3580.0,nan,3590.0,154719,11108969500.0,91790,3615.0,15,3614.0,20,nan,0,nan,0,nan,0,nan,0,nan,0,nan,0,nan,0,nan,0
1597988485657184000,1597988486210000128,2020-08-21 13:41:26.210000,3614.0,3636.0,3551.0,3580.0,nan,3590.0,154723,11109258620.0,91786,3615.0,15,3614.0,16,nan,0,nan,0,nan,0,nan,0,nan,0,nan,0,nan,0,nan,0
1597988486154082048,1597988486736000000,2020-08-21 13:41:26.736000,3614.0,3636.0,3551.0,3580.0,nan,3590.0,154723,11109258620.0,91786,3615.0,15,3614.0,18,nan,0,nan,0,nan,0,nan,0,nan,0,nan,0,nan,0,nan,0
1597988486645142016,1597988487246000128,2020-08-21 13:41:27.246000,3614.0,3636.0,3551.0,3580.0,nan,3590.0,154724,11109330900.0,91786,3615.0,17,3614.0,17,nan,0,nan,0,nan,0,nan,0,nan,0,nan,0,nan,0,nan,0
1597988487146036992,1597988487737999872,2020-08-21 13:41:27.738000,3614.0,3636.0,3551.0,3580.0,nan,3590.0,154733,11109981420.0,91788,3615.0,18,3614.0,8,nan,0,nan,0,nan,0,nan,0,nan,0,nan,0,nan,0,nan,0
1597988487646926080,1597988488209000192,2020-08-21 13:41:28.209000,3614.0,3636.0,3551.0,3580.0,nan,3590.0,154742,11110631980.0,91792,3615.0,16,3614.0,4,nan,0,nan,0,nan,0,nan,0,nan,0,nan,0,nan,0,nan,0
1597988488173448960,1597988488746000128,2020-08-21 13:41:28.746000,3614.0,3636.0,3551.0,3580.0,nan,3590.0,154743,11110704260.0,91793,3615.0,16,3614.0,4,nan,0,nan,0,nan,0,nan,0,nan,0,nan,0,nan,0,nan,0
1597988488675151104,1597988489240999936,2020-08-21 13:41:29.241000,3614.0,3636.0,3551.0,3580.0,nan,3590.0,154743,11110704260.0,91793,3615.0,17,3614.0,4,nan,0,nan,0,nan,0,nan,0,nan,0,nan,0,nan,0,nan,0
1597988489176683008,1597988489736999936,2020-08-21 13:41:29.737000,3614.0,3636.0,3551.0,3580.0,nan,3590.0,154745,11110848840.0,91793,3615.0,16,3614.0,3,nan,0,nan,0,nan,0,nan,0,nan,0,nan,0,nan,0,nan,0
1597988489640793088,1597988490196000000,2020-08-21 13:41:30.196000,3614.0,3636.0,3551.0,3580.0,nan,3590.0,154751,11111282520.0,91792,3615.0,16,3614.0,1,nan,0,nan,0,nan,0,nan,0,nan,0,nan,0,nan,0,nan,0
1597988490652393984,1597988491246000128,2020-08-21 13:41:31.246000,3614.0,3636.0,3551.0,3580.0,nan,3590.0,154754,11111499360.0,91792,3615.0,16,3614.0,1,nan,0,nan,0,nan,0,nan,0,nan,0,nan,0,nan,0,nan,0
1597988491139552000,1597988491728000000,2020-08-21 13:41:31.728000,3614.0,3636.0,3551.0,3580.0,nan,3590.0,154754,11111499360.0,91792,3615.0,16,3614.0,11,nan,0,nan,0,nan,0,nan,0,nan,0,nan,0,nan,0,nan,0
1597988491640250112,1597988492224000000,2020-08-21 13:41:32.224000,3614.0,3636.0,3551.0,3580.0,nan,3590.0,154762,11112077600.0,91790,3615.0,16,3614.0,8,nan,0,nan,0,nan,0,nan,0,nan,0,nan,0,nan,0,nan,0
1597988492658646016,1597988493237999872,2020-08-21 13:41:33.238000,3614.0,3636.0,3551.0,3580.0,nan,3590.0,154762,11112077600.0,91790,3615.0,18,3614.0,10,nan,0,nan,0,nan,0,nan,0,nan,0,nan,0,nan,0,nan,0
1597988493149691904,1597988493742000128,2020-08-21 13:41:33.742000,3614.0,3636.0,3551.0,3580.0,nan,3590.0,154766,11112366720.0,91788,3615.0,18,3614.0,5,nan,0,nan,0,nan,0,nan,0,nan,0,nan,0,nan,0,nan,0
1597988493657361920,1597988494226000128,2020-08-21 13:41:34.226000,3614.0,3636.0,3551.0,3580.0,nan,3590.0,154769,11112583580.0,91788,3615.0,21,3614.0,4,nan,0,nan,0,nan,0,nan,0,nan,0,nan,0,nan,0,nan,0
1597988494139462912,1597988494730000128,2020-08-21 13:41:34.730000,3615.0,3636.0,3551.0,3580.0,nan,3590.0,154770,11112655880.0,91788,3615.0,20,3614.0,4,nan,0,nan,0,nan,0,nan,0,nan,0,nan,0,nan,0,nan,0
1597988494646522880,1597988495226000128,2020-08-21 13:41:35.226000,3614.0,3636.0,3551.0,3580.0,nan,3590.0,154771,11112728160.0,91788,3615.0,22,3614.0,3,nan,0,nan,0,nan,0,nan,0,nan,0,nan,0,nan,0,nan,0
1597988495146656000,1597988495743000064,2020-08-21 13:41:35.743000,3615.0,3636.0,3551.0,3580.0,nan,3590.0,154772,11112800460.0,91789,3615.0,21,3614.0,25,nan,0,nan,0,nan,0,nan,0,nan,0,nan,0,nan,0,nan,0
1597988495667126016,1597988496240000000,2020-08-21 13:41:36.240000,3614.0,3636.0,3551.0,3580.0,nan,3590.0,154773,11112872740.0,91789,3615.0,22,3614.0,26,nan,0,nan,0,nan,0,nan,0,nan,0,nan,0,nan,0,nan,0
1597988496647465984,1597988497244999936,2020-08-21 13:41:37.245000,3615.0,3636.0,3551.0,3580.0,nan,3590.0,154795,11114463340.0,91806,3616.0,27,3614.0,28,nan,0,nan,0,nan,0,nan,0,nan,0,nan,0,nan,0,nan,0
1597988497138074112,1597988497683000064,2020-08-21 13:41:37.683000,3615.0,3636.0,3551.0,3580.0,nan,3590.0,154796,11114535640.0,91806,3616.0,23,3615.0,5,nan,0,nan,0,nan,0,nan,0,nan,0,nan,0,nan,0,nan,0
1597988497640043008,1597988498217999872,2020-08-21 13:41:38.218000,3615.0,3636.0,3551.0,3580.0,nan,3590.0,154800,11114824860.0,91802,3616.0,22,3615.0,4,nan,0,nan,0,nan,0,nan,0,nan,0,nan,0,nan,0,nan,0
1597988498140910080,1597988498732000000,2020-08-21 13:41:38.732000,3615.0,3636.0,3551.0,3580.0,nan,3590.0,154800,11114824860.0,91802,3616.0,23,3615.0,5,nan,0,nan,0,nan,0,nan,0,nan,0,nan,0,nan,0,nan,0
1597988498638821888,1597988499196999936,2020-08-21 13:41:39.197000,3615.0,3636.0,3551.0,3580.0,nan,3590.0,154801,11114897160.0,91802,3616.0,23,3615.0,4,nan,0,nan,0,nan,0,nan,0,nan,0,nan,0,nan,0,nan,0
1597988499144422912,1597988499736999936,2020-08-21 13:41:39.737000,3616.0,3636.0,3551.0,3580.0,nan,3590.0,154802,11114969480.0,91801,3616.0,22,3615.0,4,nan,0,nan,0,nan,0,nan,0,nan,0,nan,0,nan,0,nan,0
1597988500172751872,1597988500740000000,2020-08-21 13:41:40.740000,3616.0,3636.0,3551.0,3580.0,nan,3590.0,154802,11114969480.0,91801,3616.0,22,3615.0,5,nan,0,nan,0,nan,0,nan,0,nan,0,nan,0,nan,0,nan,0
1597988501145210112,1597988501724999936,2020-08-21 13:41:41.725000,3616.0,3636.0,3551.0,3580.0,nan,3590.0,154802,11114969480.0,91801,3616.0,18,3615.0,7,nan,0,nan,0,nan,0,nan,0,nan,0,nan,0,nan,0,nan,0
1597988501645703936,1597988502227000064,2020-08-21 13:41:42.227000,3616.0,3636.0,3551.0,3580.0,nan,3590.0,154803,11115041800.0,91801,3616.0,17,3615.0,7,nan,0,nan,0,nan,0,nan,0,nan,0,nan,0,nan,0,nan,0
1597988502165769984,1597988502744999936,2020-08-21 13:41:42.745000,3615.0,3636.0,3551.0,3580.0,nan,3590.0,154805,11115186420.0,91801,3616.0,16,3615.0,11,nan,0,nan,0,nan,0,nan,0,nan,0,nan,0,nan,0,nan,0
1597988502646807040,1597988503242000128,2020-08-21 13:41:43.242000,3616.0,3636.0,3551.0,3580.0,nan,3590.0,154822,11116415860.0,91810,3617.0,25,3616.0,15,nan,0,nan,0,nan,0,nan,0,nan,0,nan,0,nan,0,nan,0
1597988503141037056,1597988503740999936,2020-08-21 13:41:43.741000,3616.0,3636.0,3551.0,3580.0,nan,3590.0,154822,11116415860.0,91810,3617.0,28,3616.0,16,nan,0,nan,0,nan,0,nan,0,nan,0,nan,0,nan,0,nan,0
1597988503735238912,1597988504227000064,2020-08-21 13:41:44.227000,3616.0,3636.0,3551.0,3580.0,nan,3590.0,154822,11116415860.0,91810,3617.0,28,3616.0,17,nan,0,nan,0,nan,0,nan,0,nan,0,nan,0,nan,0,nan,0
1597988504142902016,1597988504743000064,2020-08-21 13:41:44.743000,3616.0,3636.0,3551.0,3580.0,nan,3590.0,154833,11117211560.0,91809,3617.0,19,3616.0,15,nan,0,nan,0,nan,0,nan,0,nan,0,nan,0,nan,0,nan,0
1597988504646415104,1597988505242000128,2020-08-21 13:41:45.242000,3616.0,3636.0,3551.0,3580.0,nan,3590.0,154833,11117211560.0,91809,3617.0,17,3616.0,15,nan,0,nan,0,nan,0,nan,0,nan,0,nan,0,nan,0,nan,0
1597988505634226944,1597988506196999936,2020-08-21 13:41:46.197000,3616.0,3636.0,3551.0,3580.0,nan,3590.0,154833,11117211560.0,91809,3617.0,19,3616.0,15,nan,0,nan,0,nan,0,nan,0,nan,0,nan,0,nan,0,nan,0
1597988506138648064,1597988506668999936,2020-08-21 13:41:46.669000,3616.0,3636.0,3551.0,3580.0,nan,3590.0,154835,11117356200.0,91809,3617.0,19,3616.0,13,nan,0,nan,0,nan,0,nan,0,nan,0,nan,0,nan,0,nan,0
1597988506634450944,1597988507242000128,2020-08-21 13:41:47.242000,3616.0,3636.0,3551.0,3580.0,nan,3590.0,154836,11117428520.0,91809,3617.0,20,3616.0,12,nan,0,nan,0,nan,0,nan,0,nan,0,nan,0,nan,0,nan,0
1597988507139207936,1597988507746000128,2020-08-21 13:41:47.746000,3616.0,3636.0,3551.0,3580.0,nan,3590.0,154837,11117500840.0,91809,3617.0,20,3616.0,11,nan,0,nan,0,nan,0,nan,0,nan,0,nan,0,nan,0,nan,0
1597988507641369088,1597988508240999936,2020-08-21 13:41:48.241000,3616.0,3636.0,3551.0,3580.0,nan,3590.0,154838,11117573160.0,91809,3617.0,21,3616.0,6,nan,0,nan,0,nan,0,nan,0,nan,0,nan,0,nan,0,nan,0
1597988508149005056,1597988508744999936,2020-08-21 13:41:48.745000,3616.0,3636.0,3551.0,3580.0,nan,3590.0,154838,11117573160.0,91809,3617.0,22,3616.0,7,nan,0,nan,0,nan,0,nan,0,nan,0,nan,0,nan,0,nan,0
1597988509138201088,1597988509698999808,2020-08-21 13:41:49.699000,3616.0,3636.0,3551.0,3580.0,nan,3590.0,154838,11117573160.0,91809,3617.0,22,3616.0,8,nan,0,nan,0,nan,0,nan,0,nan,0,nan,0,nan,0,nan,0
1597988510148841984,1597988510740000000,2020-08-21 13:41:50.740000,3616.0,3636.0,3551.0,3580.0,nan,3590.0,154846,11118151720.0,91803,3616.0,1,3615.0,42,nan,0,nan,0,nan,0,nan,0,nan,0,nan,0,nan,0,nan,0
1597988510657769984,1597988511243000064,2020-08-21 13:41:51.243000,3616.0,3636.0,3551.0,3580.0,nan,3590.0,154847,11118224040.0,91802,3616.0,2,3615.0,42,nan,0,nan,0,nan,0,nan,0,nan,0,nan,0,nan,0,nan,0
1597988511161238016,1597988511724000000,2020-08-21 13:41:51.724000,3616.0,3636.0,3551.0,3580.0,nan,3590.0,154849,11118368680.0,91804,3616.0,2,3615.0,42,nan,0,nan,0,nan,0,nan,0,nan,0,nan,0,nan,0,nan,0
1597988511646894080,1597988512232000000,2020-08-21 13:41:52.232000,3616.0,3636.0,3551.0,3580.0,nan,3590.0,154850,11118441000.0,91804,3616.0,1,3615.0,42,nan,0,nan,0,nan,0,nan,0,nan,0,nan,0,nan,0,nan,0
1597988512143560960,1597988512736999936,2020-08-21 13:41:52.737000,3616.0,3636.0,3551.0,3580.0,nan,3590.0,154851,11118513320.0,91805,3616.0,1,3615.0,42,nan,0,nan,0,nan,0,nan,0,nan,0,nan,0,nan,0,nan,0
1597988512655721984,1597988513244000000,2020-08-21 13:41:53.244000,3616.0,3636.0,3551.0,3580.0,nan,3590.0,154853,11118657960.0,91806,3617.0,22,3616.0,18,nan,0,nan,0,nan,0,nan,0,nan,0,nan,0,nan,0,nan,0
1597988513145001984,1597988513727000064,2020-08-21 13:41:53.727000,3616.0,3636.0,3551.0,3580.0,nan,3590.0,154853,11118657960.0,91806,3617.0,22,3616.0,20,nan,0,nan,0,nan,0,nan,0,nan,0,nan,0,nan,0,nan,0
1597988513642842880,1597988514231000064,2020-08-21 13:41:54.231000,3616.0,3636.0,3551.0,3580.0,nan,3590.0,154854,11118730280.0,91806,3617.0,23,3616.0,19,nan,0,nan,0,nan,0,nan,0,nan,0,nan,0,nan,0,nan,0
1597988514143330048,1597988514742000128,2020-08-21 13:41:54.742000,3616.0,3636.0,3551.0,3580.0,nan,3590.0,154856,11118874940.0,91806,3617.0,22,3616.0,22,nan,0,nan,0,nan,0,nan,0,nan,0,nan,0,nan,0,nan,0
1597988516143681024,1597988516728000000,2020-08-21 13:41:56.728000,3616.0,3636.0,3551.0,3580.0,nan,3590.0,154858,11119019580.0,91808,3617.0,22,3616.0,20,nan,0,nan,0,nan,0,nan,0,nan,0,nan,0,nan,0,nan,0
1597988517136930048,1597988517622999808,2020-08-21 13:41:57.623000,3616.0,3636.0,3551.0,3580.0,nan,3590.0,154865,11119525820.0,91815,3617.0,22,3616.0,13,nan,0,nan,0,nan,0,nan,0,nan,0,nan,0,nan,0,nan,0
1597988517640678912,1597988518242000128,2020-08-21 13:41:58.242000,3616.0,3636.0,3551.0,3580.0,nan,3590.0,154867,11119670460.0,91817,3617.0,22,3616.0,11,nan,0,nan,0,nan,0,nan,0,nan,0,nan,0,nan,0,nan,0
1597988518139293952,1597988518726000128,2020-08-21 13:41:58.726000,3616.0,3636.0,3551.0,3580.0,nan,3590.0,154867,11119670460.0,91817,3617.0,23,3616.0,11,nan,0,nan,0,nan,0,nan,0,nan,0,nan,0,nan,0,nan,0
1597988520145147904,1597988520724000000,2020-08-21 13:42:00.724000,3617.0,3636.0,3551.0,3580.0,nan,3590.0,154869,11119815140.0,91817,3617.0,21,3616.0,11,nan,0,nan,0,nan,0,nan,0,nan,0,nan,0,nan,0,nan,0
1597988520651053056,1597988521229000192,2020-08-21 13:42:01.229000,3615.0,3636.0,3551.0,3580.0,nan,3590.0,154884,11120899860.0,91810,3616.0,6,3615.0,41,nan,0,nan,0,nan,0,nan,0,nan,0,nan,0,nan,0,nan,0
1597988521149604096,1597988521734999808,2020-08-21 13:42:01.735000,3616.0,3636.0,3551.0,3580.0,nan,3590.0,154894,11121623060.0,91809,3617.0,20,3616.0,2,nan,0,nan,0,nan,0,nan,0,nan,0,nan,0,nan,0,nan,0
1597988521647069952,1597988522219000064,2020-08-21 13:42:02.219000,3616.0,3636.0,3551.0,3580.0,nan,3590.0,154896,11121767700.0,91807,3617.0,20,3616.0,2,nan,0,nan,0,nan,0,nan,0,nan,0,nan,0,nan,0,nan,0
1597988522143789056,1597988522730000128,2020-08-21 13:42:02.730000,3616.0,3636.0,3551.0,3580.0,nan,3590.0,154898,11121912340.0,91807,3617.0,20,3615.0,41,nan,0,nan,0,nan,0,nan,0,nan,0,nan,0,nan,0,nan,0
1597988522682641920,1597988523246000128,2020-08-21 13:42:03.246000,3615.0,3636.0,3551.0,3580.0,nan,3590.0,154899,11121984640.0,91807,3616.0,1,3615.0,40,nan,0,nan,0,nan,0,nan,0,nan,0,nan,0,nan,0,nan,0
1597988523144530944,1597988523740999936,2020-08-21 13:42:03.741000,3616.0,3636.0,3551.0,3580.0,nan,3590.0,154901,11122129280.0,91805,3617.0,20,3616.0,9,nan,0,nan,0,nan,0,nan,0,nan,0,nan,0,nan,0,nan,0
1597988523643499008,1597988524224000000,2020-08-21 13:42:04.224000,3616.0,3636.0,3551.0,3580.0,nan,3590.0,154909,11122707840.0,91802,3617.0,20,3616.0,1,nan,0,nan,0,nan,0,nan,0,nan,0,nan,0,nan,0,nan,0
1597988525659586048,1597988526228000000,2020-08-21 13:42:06.228000,3616.0,3636.0,3551.0,3580.0,nan,3590.0,154910,11122780160.0,91802,3617.0,20,3615.0,42,nan,0,nan,0,nan,0,nan,0,nan,0,nan,0,nan,0,nan,0
1597988526139417088,1597988526707000064,2020-08-21 13:42:06.707000,3616.0,3636.0,3551.0,3580.0,nan,3590.0,154910,11122780160.0,91802,3616.0,15,3615.0,42,nan,0,nan,0,nan,0,nan,0,nan,0,nan,0,nan,0,nan,0
1597988527645530880,1597988528224000000,2020-08-21 13:42:08.224000,3615.0,3636.0,3551.0,3580.0,nan,3590.0,154922,11123647760.0,91807,3616.0,16,3615.0,30,nan,0,nan,0,nan,0,nan,0,nan,0,nan,0,nan,0,nan,0
1597988528644463104,1597988529224000000,2020-08-21 13:42:09.224000,3615.0,3636.0,3551.0,3580.0,nan,3590.0,154922,11123647760.0,91807,3616.0,18,3615.0,30,nan,0,nan,0,nan,0,nan,0,nan,0,nan,0,nan,0,nan,0
1597988529139000064,1597988529732000000,2020-08-21 13:42:09.732000,3615.0,3636.0,3551.0,3580.0,nan,3590.0,154933,11124443260.0,91797,3616.0,8,3615.0,29,nan,0,nan,0,nan,0,nan,0,nan,0,nan,0,nan,0,nan,0
1597988529636112896,1597988530236000000,2020-08-21 13:42:10.236000,3615.0,3636.0,3551.0,3580.0,nan,3590.0,154963,11126612280.0,91793,3615.0,73,3614.0,39,nan,0,nan,0,nan,0,nan,0,nan,0,nan,0,nan,0,nan,0
1597988530148613120,1597988530744000000,2020-08-21 13:42:10.744000,3614.0,3636.0,3551.0,3580.0,nan,3590.0,155002,11129431200.0,91762,3614.0,12,3613.0,33,nan,0,nan,0,nan,0,nan,0,nan,0,nan,0,nan,0,nan,0
1597988530669028096,1597988531236000000,2020-08-21 13:42:11.236000,3613.0,3636.0,3551.0,3580.0,nan,3590.0,155004,11129575740.0,91762,3614.0,11,3613.0,32,nan,0,nan,0,nan,0,nan,0,nan,0,nan,0,nan,0,nan,0
1597988531146153984,1597988531744000000,2020-08-21 13:42:11.744000,3613.0,3636.0,3551.0,3580.0,nan,3590.0,155032,11131599140.0,91749,3614.0,7,3613.0,17,nan,0,nan,0,nan,0,nan,0,nan,0,nan,0,nan,0,nan,0
1597988531669755904,1597988532217999872,2020-08-21 13:42:12.218000,3613.0,3636.0,3551.0,3580.0,nan,3590.0,155033,11131671400.0,91748,3614.0,11,3613.0,16,nan,0,nan,0,nan,0,nan,0,nan,0,nan,0,nan,0,nan,0
1597988532138780928,1597988532724999936,2020-08-21 13:42:12.725000,3613.0,3636.0,3551.0,3580.0,nan,3590.0,155036,11131888180.0,91746,3614.0,11,3613.0,12,nan,0,nan,0,nan,0,nan,0,nan,0,nan,0,nan,0,nan,0
1597988532637512960,1597988533227000064,2020-08-21 13:42:13.227000,3614.0,3636.0,3551.0,3580.0,nan,3590.0,155037,11131960460.0,91746,3614.0,10,3613.0,12,nan,0,nan,0,nan,0,nan,0,nan,0,nan,0,nan,0,nan,0
1597988533140711936,1597988533627000064,2020-08-21 13:42:13.627000,3614.0,3636.0,3551.0,3580.0,nan,3590.0,155038,11132032740.0,91746,3614.0,11,3613.0,12,nan,0,nan,0,nan,0,nan,0,nan,0,nan,0,nan,0,nan,0
1597988534163366912,1597988534740999936,2020-08-21 13:42:14.741000,3614.0,3636.0,3551.0,3580.0,nan,3590.0,155039,11132105020.0,91747,3614.0,10,3613.0,12,nan,0,nan,0,nan,0,nan,0,nan,0,nan,0,nan,0,nan,0
1597988534641648128,1597988535201999872,2020-08-21 13:42:15.202000,3613.0,3636.0,3551.0,3580.0,nan,3590.0,155041,11132249540.0,91748,3614.0,12,3613.0,11,nan,0,nan,0,nan,0,nan,0,nan,0,nan,0,nan,0,nan,0
1597988535642786048,1597988536240000000,2020-08-21 13:42:16.240000,3613.0,3636.0,3551.0,3580.0,nan,3590.0,155041,11132249540.0,91748,3614.0,12,3613.0,16,nan,0,nan,0,nan,0,nan,0,nan,0,nan,0,nan,0,nan,0
1597988536140716032,1597988536723000064,2020-08-21 13:42:16.723000,3614.0,3636.0,3551.0,3580.0,nan,3590.0,155043,11132394080.0,91748,3614.0,11,3613.0,15,nan,0,nan,0,nan,0,nan,0,nan,0,nan,0,nan,0,nan,0
1597988536666392064,1597988537224999936,2020-08-21 13:42:17.225000,3614.0,3636.0,3551.0,3580.0,nan,3590.0,155043,11132394080.0,91748,3614.0,10,3613.0,15,nan,0,nan,0,nan,0,nan,0,nan,0,nan,0,nan,0,nan,0
1597988537171972096,1597988537746000128,2020-08-21 13:42:17.746000,3613.0,3636.0,3551.0,3580.0,nan,3590.0,155046,11132610860.0,91745,3614.0,10,3613.0,13,nan,0,nan,0,nan,0,nan,0,nan,0,nan,0,nan,0,nan,0
1597988537640061952,1597988538224000000,2020-08-21 13:42:18.224000,3613.0,3636.0,3551.0,3580.0,nan,3590.0,155052,11133044420.0,91745,3614.0,13,3613.0,9,nan,0,nan,0,nan,0,nan,0,nan,0,nan,0,nan,0,nan,0
1597988538167907072,1597988538732999936,2020-08-21 13:42:18.733000,3613.0,3636.0,3551.0,3580.0,nan,3590.0,155054,11133188940.0,91745,3614.0,13,3613.0,8,nan,0,nan,0,nan,0,nan,0,nan,0,nan,0,nan,0,nan,0
1597988538643550976,1597988539229000192,2020-08-21 13:42:19.229000,3613.0,3636.0,3551.0,3580.0,nan,3590.0,155054,11133188940.0,91745,3614.0,18,3613.0,8,nan,0,nan,0,nan,0,nan,0,nan,0,nan,0,nan,0,nan,0
1597988539174938112,1597988539720999936,2020-08-21 13:42:19.721000,3614.0,3636.0,3551.0,3580.0,nan,3590.0,155074,11134634540.0,91738,3614.0,5,3613.0,24,nan,0,nan,0,nan,0,nan,0,nan,0,nan,0,nan,0,nan,0
1597988539657988096,1597988540237999872,2020-08-21 13:42:20.238000,3614.0,3636.0,3551.0,3580.0,nan,3590.0,155075,11134706820.0,91738,3614.0,1,3613.0,28,nan,0,nan,0,nan,0,nan,0,nan,0,nan,0,nan,0,nan,0
1597988540165893888,1597988540713999872,2020-08-21 13:42:20.714000,3613.0,3636.0,3551.0,3580.0,nan,3590.0,155088,11135646220.0,91738,3615.0,88,3613.0,26,nan,0,nan,0,nan,0,nan,0,nan,0,nan,0,nan,0,nan,0
1597988540655422976,1597988541231000064,2020-08-21 13:42:21.231000,3614.0,3636.0,3551.0,3580.0,nan,3590.0,155089,11135718500.0,91738,3615.0,89,3613.0,27,nan,0,nan,0,nan,0,nan,0,nan,0,nan,0,nan,0,nan,0
1597988541162375936,1597988541737999872,2020-08-21 13:42:21.738000,3613.0,3636.0,3551.0,3580.0,nan,3590.0,155092,11135935300.0,91739,3614.0,1,3613.0,26,nan,0,nan,0,nan,0,nan,0,nan,0,nan,0,nan,0,nan,0
1597988541635163904,1597988542246000128,2020-08-21 13:42:22.246000,3614.0,3636.0,3551.0,3580.0,nan,3590.0,155094,11136079860.0,91738,3615.0,89,3613.0,21,nan,0,nan,0,nan,0,nan,0,nan,0,nan,0,nan,0,nan,0
1597988542150520064,1597988542729000192,2020-08-21 13:42:22.729000,3614.0,3636.0,3551.0,3580.0,nan,3590.0,155094,11136079860.0,91738,3615.0,89,3613.0,26,nan,0,nan,0,nan,0,nan,0,nan,0,nan,0,nan,0,nan,0
1597988542642752000,1597988543219000064,2020-08-21 13:42:23.219000,3614.0,3636.0,3551.0,3580.0,nan,3590.0,155094,11136079860.0,91738,3615.0,89,3613.0,28,nan,0,nan,0,nan,0,nan,0,nan,0,nan,0,nan,0,nan,0
1597988544637987072,1597988545228000000,2020-08-21 13:42:25.228000,3615.0,3636.0,3551.0,3580.0,nan,3590.0,155102,11136658080.0,91738,3615.0,85,3613.0,25,nan,0,nan,0,nan,0,nan,0,nan,0,nan,0,nan,0,nan,0
1597988545174840064,1597988545746000128,2020-08-21 13:42:25.746000,3613.0,3636.0,3551.0,3580.0,nan,3590.0,155116,11137670120.0,91725,3615.0,75,3613.0,22,nan,0,nan,0,nan,0,nan,0,nan,0,nan,0,nan,0,nan,0
1597988545654839040,1597988546237999872,2020-08-21 13:42:26.238000,3615.0,3636.0,3551.0,3580.0,nan,3590.0,155136,11139116100.0,91706,3615.0,56,3614.0,6,nan,0,nan,0,nan,0,nan,0,nan,0,nan,0,nan,0,nan,0
1597988546156380928,1597988546737999872,2020-08-21 13:42:26.738000,3615.0,3636.0,3551.0,3580.0,nan,3590.0,155136,11139116100.0,91706,3615.0,57,3614.0,7,nan,0,nan,0,nan,0,nan,0,nan,0,nan,0,nan,0,nan,0
1597988547157722112,1597988547719000064,2020-08-21 13:42:27.719000,3614.0,3636.0,3551.0,3580.0,nan,3590.0,155140,11139405220.0,91702,3615.0,57,3614.0,3,nan,0,nan,0,nan,0,nan,0,nan,0,nan,0,nan,0,nan,0
1597988547639177984,1597988548246000128,2020-08-21 13:42:28.246000,3614.0,3636.0,3551.0,3580.0,nan,3590.0,155144,11139694340.0,91704,3615.0,58,3614.0,2,nan,0,nan,0,nan,0,nan,0,nan,0,nan,0,nan,0,nan,0
1597988548143650048,1597988548744000000,2020-08-21 13:42:28.744000,3614.0,3636.0,3551.0,3580.0,nan,3590.0,155144,11139694340.0,91704,3615.0,65,3614.0,5,nan,0,nan,0,nan,0,nan,0,nan,0,nan,0,nan,0,nan,0
1597988549138714880,1597988549736999936,2020-08-21 13:42:29.737000,3614.0,3636.0,3551.0,3580.0,nan,3590.0,155144,11139694340.0,91704,3615.0,66,3614.0,6,nan,0,nan,0,nan,0,nan,0,nan,0,nan,0,nan,0,nan,0
1597988549790625024,1597988550244999936,2020-08-21 13:42:30.245000,3614.0,3636.0,3551.0,3580.0,nan,3590.0,155149,11140055740.0,91706,3615.0,67,3614.0,1,nan,0,nan,0,nan,0,nan,0,nan,0,nan,0,nan,0,nan,0
1597988550181252096,1597988550744999936,2020-08-21 13:42:30.745000,3614.0,3636.0,3551.0,3580.0,nan,3590.0,155150,11140128020.0,91706,3614.0,3,3613.0,19,nan,0,nan,0,nan,0,nan,0,nan,0,nan,0,nan,0,nan,0
1597988550710843904,1597988551243000064,2020-08-21 13:42:31.243000,3614.0,3636.0,3551.0,3580.0,nan,3590.0,155151,11140200300.0,91706,3614.0,8,3613.0,17,nan,0,nan,0,nan,0,nan,0,nan,0,nan,0,nan,0,nan,0
1597988551151153920,1597988551732999936,2020-08-21 13:42:31.733000,3614.0,3636.0,3551.0,3580.0,nan,3590.0,155155,11140489420.0,91707,3614.0,5,3613.0,17,nan,0,nan,0,nan,0,nan,0,nan,0,nan,0,nan,0,nan,0
1597988551653923072,1597988552244999936,2020-08-21 13:42:32.245000,3614.0,3636.0,3551.0,3580.0,nan,3590.0,155155,11140489420.0,91707,3614.0,11,3613.0,18,nan,0,nan,0,nan,0,nan,0,nan,0,nan,0,nan,0,nan,0
1597988552150833920,1597988552744000000,2020-08-21 13:42:32.744000,3614.0,3636.0,3551.0,3580.0,nan,3590.0,155165,11141212220.0,91707,3614.0,6,3613.0,13,nan,0,nan,0,nan,0,nan,0,nan,0,nan,0,nan,0,nan,0
1597988553163148032,1597988553740000000,2020-08-21 13:42:33.740000,3614.0,3636.0,3551.0,3580.0,nan,3590.0,155166,11141284500.0,91707,3614.0,6,3613.0,13,nan,0,nan,0,nan,0,nan,0,nan,0,nan,0,nan,0,nan,0
1597988553667322112,1597988554246000128,2020-08-21 13:42:34.246000,3614.0,3636.0,3551.0,3580.0,nan,3590.0,155167,11141356780.0,91708,3614.0,5,3613.0,13,nan,0,nan,0,nan,0,nan,0,nan,0,nan,0,nan,0,nan,0
1597988554154085888,1597988554736000000,2020-08-21 13:42:34.736000,3614.0,3636.0,3551.0,3580.0,nan,3590.0,155168,11141429060.0,91709,3614.0,7,3613.0,13,nan,0,nan,0,nan,0,nan,0,nan,0,nan,0,nan,0,nan,0
1597988554645541120,1597988555244000000,2020-08-21 13:42:35.244000,3614.0,3636.0,3551.0,3580.0,nan,3590.0,155170,11141573600.0,91709,3614.0,10,3613.0,13,nan,0,nan,0,nan,0,nan,0,nan,0,nan,0,nan,0,nan,0
1597988555145105920,1597988555730000128,2020-08-21 13:42:35.730000,3614.0,3636.0,3551.0,3580.0,nan,3590.0,155172,11141718160.0,91709,3614.0,11,3613.0,13,nan,0,nan,0,nan,0,nan,0,nan,0,nan,0,nan,0,nan,0
1597988555644963072,1597988556236999936,2020-08-21 13:42:36.237000,3614.0,3636.0,3551.0,3580.0,nan,3590.0,155172,11141718160.0,91709,3614.0,13,3613.0,13,nan,0,nan,0,nan,0,nan,0,nan,0,nan,0,nan,0,nan,0
1597988556154929920,1597988556740999936,2020-08-21 13:42:36.741000,3613.0,3636.0,3551.0,3580.0,nan,3590.0,155173,11141790420.0,91710,3614.0,13,3613.0,12,nan,0,nan,0,nan,0,nan,0,nan,0,nan,0,nan,0,nan,0
1597988556656175104,1597988557212999936,2020-08-21 13:42:37.213000,3613.0,3636.0,3551.0,3580.0,nan,3590.0,155179,11142223980.0,91711,3614.0,13,3613.0,6,nan,0,nan,0,nan,0,nan,0,nan,0,nan,0,nan,0,nan,0
1597988557694360064,1597988558232000000,2020-08-21 13:42:38.232000,3613.0,3636.0,3551.0,3580.0,nan,3590.0,155184,11142585280.0,91713,3614.0,13,3613.0,1,nan,0,nan,0,nan,0,nan,0,nan,0,nan,0,nan,0,nan,0
1597988558173516032,1597988558728000000,2020-08-21 13:42:38.728000,3613.0,3636.0,3551.0,3580.0,nan,3590.0,155186,11142729800.0,91714,3614.0,14,3612.0,17,nan,0,nan,0,nan,0,nan,0,nan,0,nan,0,nan,0,nan,0
1597988558691309056,1597988559240000000,2020-08-21 13:42:39.240000,3613.0,3636.0,3551.0,3580.0,nan,3590.0,155187,11142802060.0,91713,3614.0,14,3612.0,17,nan,0,nan,0,nan,0,nan,0,nan,0,nan,0,nan,0,nan,0
1597988559193125120,1597988559744999936,2020-08-21 13:42:39.745000,3613.0,3636.0,3551.0,3580.0,nan,3590.0,155188,11142874320.0,91713,3613.0,3,3612.0,17,nan,0,nan,0,nan,0,nan,0,nan,0,nan,0,nan,0,nan,0
1597988559663375104,1597988560228000000,2020-08-21 13:42:40.228000,3613.0,3636.0,3551.0,3580.0,nan,3590.0,155195,11143380140.0,91713,3613.0,1,3612.0,17,nan,0,nan,0,nan,0,nan,0,nan,0,nan,0,nan,0,nan,0
1597988560168337920,1597988560740000000,2020-08-21 13:42:40.740000,3613.0,3636.0,3551.0,3580.0,nan,3590.0,155198,11143596900.0,91711,3613.0,4,3612.0,13,nan,0,nan,0,nan,0,nan,0,nan,0,nan,0,nan,0,nan,0
1597988560650874112,1597988561219000064,2020-08-21 13:42:41.219000,3613.0,3636.0,3551.0,3580.0,nan,3590.0,155198,11143596900.0,91711,3613.0,4,3612.0,18,nan,0,nan,0,nan,0,nan,0,nan,0,nan,0,nan,0,nan,0
1597988561156382976,1597988561728000000,2020-08-21 13:42:41.728000,3613.0,3636.0,3551.0,3580.0,nan,3590.0,155199,11143669160.0,91711,3613.0,3,3612.0,18,nan,0,nan,0,nan,0,nan,0,nan,0,nan,0,nan,0,nan,0
1597988561663907072,1597988562228000000,2020-08-21 13:42:42.228000,3613.0,3636.0,3551.0,3580.0,nan,3590.0,155199,11143669160.0,91711,3613.0,5,3612.0,18,nan,0,nan,0,nan,0,nan,0,nan,0,nan,0,nan,0,nan,0
1597988563136008960,1597988563742000128,2020-08-21 13:42:43.742000,3613.0,3636.0,3551.0,3580.0,nan,3590.0,155202,11143885920.0,91709,3613.0,9,3612.0,17,nan,0,nan,0,nan,0,nan,0,nan,0,nan,0,nan,0,nan,0
1597988563658411008,1597988564228000000,2020-08-21 13:42:44.228000,3612.0,3636.0,3551.0,3580.0,nan,3590.0,155212,11144608320.0,91713,3613.0,19,3612.0,7,nan,0,nan,0,nan,0,nan,0,nan,0,nan,0,nan,0,nan,0
1597988564172710912,1597988564731000064,2020-08-21 13:42:44.731000,3613.0,3636.0,3551.0,3580.0,nan,3590.0,155222,11145330860.0,91709,3613.0,13,3612.0,4,nan,0,nan,0,nan,0,nan,0,nan,0,nan,0,nan,0,nan,0
1597988564641394944,1597988565244999936,2020-08-21 13:42:45.245000,3612.0,3636.0,3551.0,3580.0,nan,3590.0,155223,11145403100.0,91710,3613.0,24,3612.0,3,nan,0,nan,0,nan,0,nan,0,nan,0,nan,0,nan,0,nan,0
1597988565150312960,1597988565731000064,2020-08-21 13:42:45.731000,3613.0,3636.0,3551.0,3580.0,nan,3590.0,155258,11147932180.0,91692,3614.0,22,3613.0,18,nan,0,nan,0,nan,0,nan,0,nan,0,nan,0,nan,0,nan,0
1597988565652280064,1597988566239000064,2020-08-21 13:42:46.239000,3612.0,3636.0,3551.0,3580.0,nan,3590.0,155278,11149377340.0,91696,3614.0,25,3613.0,1,nan,0,nan,0,nan,0,nan,0,nan,0,nan,0,nan,0,nan,0
1597988566149466880,1597988566732000000,2020-08-21 13:42:46.732000,3613.0,3636.0,3551.0,3580.0,nan,3590.0,155279,11149449600.0,91697,3613.0,1,3612.0,18,nan,0,nan,0,nan,0,nan,0,nan,0,nan,0,nan,0,nan,0
1597988566655795968,1597988567229000192,2020-08-21 13:42:47.229000,3612.0,3636.0,3551.0,3580.0,nan,3590.0,155280,11149521840.0,91697,3613.0,4,3612.0,12,nan,0,nan,0,nan,0,nan,0,nan,0,nan,0,nan,0,nan,0
1597988567154944000,1597988567729000192,2020-08-21 13:42:47.729000,3612.0,3636.0,3551.0,3580.0,nan,3590.0,155280,11149521840.0,91697,3613.0,4,3612.0,13,nan,0,nan,0,nan,0,nan,0,nan,0,nan,0,nan,0,nan,0
1597988567641560064,1597988568239000064,2020-08-21 13:42:48.239000,3612.0,3636.0,3551.0,3580.0,nan,3590.0,155280,11149521840.0,91697,3613.0,6,3612.0,13,nan,0,nan,0,nan,0,nan,0,nan,0,nan,0,nan,0,nan,0
1597988568150053888,1597988568731000064,2020-08-21 13:42:48.731000,3612.0,3636.0,3551.0,3580.0,nan,3590.0,155280,11149521840.0,91697,3613.0,7,3612.0,13,nan,0,nan,0,nan,0,nan,0,nan,0,nan,0,nan,0,nan,0
1597988568663781888,1597988569232000000,2020-08-21 13:42:49.232000,3612.0,3636.0,3551.0,3580.0,nan,3590.0,155287,11150027560.0,91693,3613.0,28,3612.0,9,nan,0,nan,0,nan,0,nan,0,nan,0,nan,0,nan,0,nan,0
1597988569149561088,1597988569734999808,2020-08-21 13:42:49.735000,3613.0,3636.0,3551.0,3580.0,nan,3590.0,155295,11150605540.0,91692,3613.0,11,3612.0,7,nan,0,nan,0,nan,0,nan,0,nan,0,nan,0,nan,0,nan,0
1597988569650680064,1597988570246000128,2020-08-21 13:42:50.246000,3612.0,3636.0,3551.0,3580.0,nan,3590.0,155296,11150677780.0,91692,3613.0,12,3612.0,5,nan,0,nan,0,nan,0,nan,0,nan,0,nan,0,nan,0,nan,0
1597988570159170048,1597988570740999936,2020-08-21 13:42:50.741000,3613.0,3636.0,3551.0,3580.0,nan,3590.0,155309,11151617160.0,91704,3614.0,24,3613.0,35,nan,0,nan,0,nan,0,nan,0,nan,0,nan,0,nan,0,nan,0
