local_nano_time,quote_nano_time,datetime,last_price,highest,lowest,open,close,average,volume,amount,open_interest,ask_price1,ask_volume1,bid_price1,bid_volume1,ask_price2,ask_volume2,bid_price2,bid_volume2,ask_price3,ask_volume3,bid_price3,bid_volume3,ask_price4,ask_volume4,bid_price4,bid_volume4,ask_price5,ask_volume5,bid_price5,bid_volume5
1597988227105298944,1597988227436000000,2020-08-21 13:37:07.436000,14755.0,14985.0,14720.0,14780.0,nan,14843.001,108590,8059007475.0,115056,14755.0,62,14750.0,63,14760.0,46,14745.0,312,14765.0,16,14740.0,378,14770.0,123,14735.0,300,14775.0,41,14730.0,205
1597988227610715904,1597988227936000000,2020-08-21 13:37:07.936000,14755.0,14985.0,14720.0,14780.0,nan,14843.001,108590,8059007475.0,115056,14755.0,62,14750.0,67,14760.0,46,14745.0,312,14765.0,16,14740.0,378,14770.0,123,14735.0,300,14775.0,41,14730.0,205
1597988230139595008,1597988230432000000,2020-08-21 13:37:10.432000,14755.0,14985.0,14720.0,14780.0,nan,14842.993,108600,8059745225.0,115066,14755.0,53,14750.0,67,14760.0,46,14745.0,312,14765.0,16,14740.0,378,14770.0,123,14735.0,300,14775.0,41,14730.0,205
1597988231125613056,1597988231436999936,2020-08-21 13:37:11.437000,14755.0,14985.0,14720.0,14780.0,nan,14842.992,108601,8059819000.0,115067,14755.0,55,14750.0,67,14760.0,46,14745.0,312,14765.0,16,14740.0,378,14770.0,123,14735.0,300,14775.0,41,14730.0,205
1597988231623305984,1597988231910000128,2020-08-21 13:37:11.910000,14755.0,14985.0,14720.0,14780.0,nan,14842.987,108607,8060261650.0,115067,14755.0,51,14750.0,67,14760.0,46,14745.0,312,14765.0,16,14740.0,378,14770.0,123,14735.0,300,14775.0,41,14730.0,205
1597988232113754880,1597988232423000064,2020-08-21 13:37:12.423000,14755.0,14985.0,14720.0,14780.0,nan,14842.987,108607,8060261650.0,115067,14755.0,51,14750.0,62,14760.0,46,14745.0,312,14765.0,16,14740.0,378,14770.0,123,14735.0,300,14775.0,41,14730.0,205
1597988233120923904,1597988233405999872,2020-08-21 13:37:13.406000,14755.0,14985.0,14720.0,14780.0,nan,14842.987,108607,8060261650.0,115067,14755.0,51,14750.0,52,14760.0,46,14745.0,312,14765.0,16,14740.0,378,14770.0,123,14735.0,300,14775.0,41,14730.0,205
1597988233617928960,1597988233912000000,2020-08-21 13:37:13.912000,14755.0,14985.0,14720.0,14780.0,nan,14842.987,108607,8060261650.0,115067,14755.0,51,14750.0,102,14760.0,46,14745.0,262,14765.0,16,14740.0,378,14770.0,123,14735.0,300,14775.0,41,14730.0,205
1597988234141187072,1597988234427000064,2020-08-21 13:37:14.427000,14755.0,14985.0,14720.0,14780.0,nan,14842.987,108607,8060261650.0,115067,14755.0,51,14750.0,104,14760.0,46,14745.0,262,14765.0,16,14740.0,378,14770.0,123,14735.0,300,14775.0,41,14730.0,205
1597988234624346112,1597988234937999872,2020-08-21 13:37:14.938000,14755.0,14985.0,14720.0,14780.0,nan,14842.987,108607,8060261650.0,115067,14755.0,52,14750.0,104,14760.0,45,14745.0,262,14765.0,16,14740.0,378,14770.0,123,14735.0,300,14775.0,41,14730.0,205
1597988235131113984,1597988235413000192,2020-08-21 13:37:15.413000,14755.0,14985.0,14720.0,14780.0,nan,14842.987,108607,8060261650.0,115067,14755.0,52,14750.0,104,14760.0,44,14745.0,262,14765.0,16,14740.0,378,14770.0,123,14735.0,300,14775.0,41,14730.0,205
1597988235625039872,1597988235905999872,2020-08-21 13:37:15.906000,14755.0,14985.0,14720.0,14780.0,nan,14842.987,108607,8060261650.0,115067,14755.0,53,14750.0,104,14760.0,43,14745.0,262,14765.0,16,14740.0,378,14770.0,123,14735.0,300,14775.0,41,14730.0,205
1597988240609989888,1597988240916000000,2020-08-21 13:37:20.916000,14755.0,14985.0,14720.0,14780.0,nan,14842.987,108607,8060261650.0,115067,14755.0,54,14750.0,104,14760.0,43,14745.0,262,14765.0,16,14740.0,378,14770.0,123,14735.0,300,14775.0,41,14730.0,205
1597988242125390080,1597988242423000064,2020-08-21 13:37:22.423000,14755.0,14985.0,14720.0,14780.0,nan,14842.944,108661,8064245500.0,115104,14760.0,43,14755.0,4,14765.0,17,14750.0,104,14770.0,123,14745.0,262,14775.0,41,14740.0,378,14780.0,27,14735.0,300
1597988242618275072,1597988242935000064,2020-08-21 13:37:22.935000,14755.0,14985.0,14720.0,14780.0,nan,14842.939,108667,8064688150.0,115103,14755.0,7,14750.0,104,14760.0,44,14745.0,262,14765.0,17,14740.0,378,14770.0,123,14735.0,300,14775.0,41,14730.0,205
1597988243118650880,1597988243432000000,2020-08-21 13:37:23.432000,14755.0,14985.0,14720.0,14780.0,nan,14842.935,108672,8065057025.0,115103,14755.0,13,14750.0,105,14760.0,44,14745.0,262,14765.0,17,14740.0,378,14770.0,123,14735.0,300,14775.0,41,14730.0,205
1597988243613964032,1597988243917999872,2020-08-21 13:37:23.918000,14755.0,14985.0,14720.0,14780.0,nan,14842.935,108672,8065057025.0,115103,14755.0,14,14750.0,105,14760.0,44,14745.0,262,14765.0,17,14740.0,378,14770.0,123,14735.0,300,14775.0,41,14730.0,205
1597988245133114880,1597988245427000064,2020-08-21 13:37:25.427000,14755.0,14985.0,14720.0,14780.0,nan,14842.934,108673,8065130800.0,115102,14755.0,13,14750.0,105,14760.0,44,14745.0,262,14765.0,17,14740.0,378,14770.0,123,14735.0,300,14775.0,41,14730.0,205
1597988246663873024,1597988246932000000,2020-08-21 13:37:26.932000,14755.0,14985.0,14720.0,14780.0,nan,14842.926,108683,8065868550.0,115102,14755.0,3,14750.0,105,14760.0,44,14745.0,262,14765.0,17,14740.0,378,14770.0,123,14735.0,300,14775.0,41,14730.0,205
1597988247125600000,1597988247436999936,2020-08-21 13:37:27.437000,14755.0,14985.0,14720.0,14780.0,nan,14842.925,108684,8065942325.0,115102,14755.0,6,14750.0,105,14760.0,44,14745.0,262,14765.0,17,14740.0,378,14770.0,123,14735.0,300,14775.0,41,14730.0,205
1597988247624038912,1597988247912000000,2020-08-21 13:37:27.912000,14755.0,14985.0,14720.0,14780.0,nan,14842.925,108684,8065942325.0,115102,14755.0,7,14750.0,105,14760.0,44,14745.0,262,14765.0,17,14740.0,378,14770.0,123,14735.0,300,14775.0,41,14730.0,205
1597988248635777024,1597988248938999808,2020-08-21 13:37:28.939000,14755.0,14985.0,14720.0,14780.0,nan,14842.925,108684,8065942325.0,115102,14755.0,9,14750.0,105,14760.0,44,14745.0,262,14765.0,17,14740.0,378,14770.0,123,14735.0,300,14775.0,41,14730.0,205
1597988251613806080,1597988251914000128,2020-08-21 13:37:31.914000,14755.0,14985.0,14720.0,14780.0,nan,14842.924,108685,8066016100.0,115103,14755.0,8,14750.0,105,14760.0,44,14745.0,262,14765.0,17,14740.0,378,14770.0,123,14735.0,300,14775.0,41,14730.0,205
1597988252609769984,1597988252933000192,2020-08-21 13:37:32.933000,14755.0,14985.0,14720.0,14780.0,nan,14842.923,108686,8066089875.0,115104,14755.0,7,14750.0,105,14760.0,44,14745.0,262,14765.0,17,14740.0,378,14770.0,123,14735.0,300,14775.0,41,14730.0,205
1597988254116886016,1597988254438999808,2020-08-21 13:37:34.439000,14755.0,14985.0,14720.0,14780.0,nan,14842.923,108686,8066089875.0,115104,14755.0,27,14750.0,105,14760.0,44,14745.0,262,14765.0,17,14740.0,378,14770.0,123,14735.0,300,14775.0,41,14730.0,205
1597988254621955072,1597988254935000064,2020-08-21 13:37:34.935000,14755.0,14985.0,14720.0,14780.0,nan,14842.923,108686,8066089875.0,115104,14755.0,32,14750.0,105,14760.0,44,14745.0,262,14765.0,17,14740.0,378,14770.0,123,14735.0,300,14775.0,41,14730.0,205
1597988255105003008,1597988255433000192,2020-08-21 13:37:35.433000,14755.0,14985.0,14720.0,14780.0,nan,14842.923,108686,8066089875.0,115104,14755.0,33,14750.0,105,14760.0,44,14745.0,262,14765.0,17,14740.0,378,14770.0,123,14735.0,300,14775.0,41,14730.0,205
1597988255617057024,1597988255931000064,2020-08-21 13:37:35.931000,14755.0,14985.0,14720.0,14780.0,nan,14842.923,108686,8066089875.0,115104,14755.0,34,14750.0,105,14760.0,44,14745.0,262,14765.0,17,14740.0,378,14770.0,123,14735.0,300,14775.0,41,14730.0,205
1597988257614064128,1597988257933000192,2020-08-21 13:37:37.933000,14755.0,14985.0,14720.0,14780.0,nan,14842.923,108686,8066089875.0,115104,14755.0,34,14750.0,115,14760.0,44,14745.0,262,14765.0,17,14740.0,378,14770.0,123,14735.0,300,14775.0,41,14730.0,205
1597988259124499968,1597988259405999872,2020-08-21 13:37:39.406000,14755.0,14985.0,14720.0,14780.0,nan,14842.923,108686,8066089875.0,115104,14755.0,35,14750.0,115,14760.0,44,14745.0,262,14765.0,17,14740.0,378,14770.0,123,14735.0,300,14775.0,41,14730.0,205
1597988259627152896,1597988259921999872,2020-08-21 13:37:39.922000,14755.0,14985.0,14720.0,14780.0,nan,14842.923,108686,8066089875.0,115104,14755.0,37,14750.0,115,14760.0,44,14745.0,262,14765.0,17,14740.0,378,14770.0,123,14735.0,300,14775.0,41,14730.0,205
1597988260121928960,1597988260427000064,2020-08-21 13:37:40.427000,14755.0,14985.0,14720.0,14780.0,nan,14842.923,108687,8066163650.0,115105,14755.0,41,14750.0,115,14760.0,44,14745.0,262,14765.0,17,14740.0,378,14770.0,123,14735.0,300,14775.0,41,14730.0,205
1597988260604999936,1597988260932000000,2020-08-21 13:37:40.932000,14755.0,14985.0,14720.0,14780.0,nan,14842.923,108687,8066163650.0,115105,14755.0,44,14750.0,115,14760.0,44,14745.0,262,14765.0,17,14740.0,378,14770.0,123,14735.0,300,14775.0,41,14730.0,205
1597988261127939072,1597988261436000000,2020-08-21 13:37:41.436000,14755.0,14985.0,14720.0,14780.0,nan,14842.888,108730,8069335975.0,115129,14755.0,1,14750.0,111,14760.0,44,14745.0,262,14765.0,17,14740.0,378,14770.0,123,14735.0,300,14775.0,41,14730.0,205
1597988261606019072,1597988261931000064,2020-08-21 13:37:41.931000,14755.0,14985.0,14720.0,14780.0,nan,14842.885,108734,8069631075.0,115129,14760.0,44,14755.0,14,14765.0,17,14750.0,111,14770.0,123,14745.0,262,14775.0,41,14740.0,378,14780.0,27,14735.0,300
1597988262117107968,1597988262435000064,2020-08-21 13:37:42.435000,14755.0,14985.0,14720.0,14780.0,nan,14842.882,108737,8069852400.0,115129,14760.0,44,14755.0,12,14765.0,17,14750.0,112,14770.0,123,14745.0,262,14775.0,41,14740.0,378,14780.0,27,14735.0,300
1597988262628246016,1597988262910000128,2020-08-21 13:37:42.910000,14755.0,14985.0,14720.0,14780.0,nan,14842.879,108741,8070147500.0,115129,14760.0,44,14755.0,8,14765.0,17,14750.0,112,14770.0,123,14745.0,262,14775.0,41,14740.0,378,14780.0,27,14735.0,300
1597988264608148992,1597988264935000064,2020-08-21 13:37:44.935000,14755.0,14985.0,14720.0,14780.0,nan,14842.872,108749,8070737700.0,115128,14760.0,44,14750.0,112,14765.0,17,14745.0,262,14770.0,123,14740.0,378,14775.0,41,14735.0,300,14780.0,27,14730.0,205
1597988265611590912,1597988265935000064,2020-08-21 13:37:45.935000,14755.0,14985.0,14720.0,14780.0,nan,14842.872,108749,8070737700.0,115128,14760.0,44,14750.0,111,14765.0,17,14745.0,262,14770.0,123,14740.0,378,14775.0,41,14735.0,300,14780.0,27,14730.0,205
1597988266611394048,1597988266924000000,2020-08-21 13:37:46.924000,14755.0,14985.0,14720.0,14780.0,nan,14842.872,108749,8070737700.0,115128,14760.0,49,14750.0,112,14765.0,17,14745.0,262,14770.0,123,14740.0,378,14775.0,41,14735.0,300,14780.0,27,14730.0,205
1597988269629070080,1597988269923000064,2020-08-21 13:37:49.923000,14760.0,14985.0,14720.0,14780.0,nan,14842.872,108750,8070811500.0,115127,14760.0,48,14750.0,112,14765.0,17,14745.0,262,14770.0,123,14740.0,378,14775.0,41,14735.0,300,14780.0,27,14730.0,205
1597988273608033024,1597988273932000000,2020-08-21 13:37:53.932000,14750.0,14985.0,14720.0,14780.0,nan,14842.776,108862,8079071500.0,115111,14750.0,400,14745.0,261,14755.0,12,14740.0,378,14760.0,48,14735.0,300,14765.0,17,14730.0,205,14770.0,123,14725.0,244
1597988274105871104,1597988274432000000,2020-08-21 13:37:54.432000,14750.0,14985.0,14720.0,14780.0,nan,14842.768,108872,8079809000.0,115101,14750.0,399,14745.0,249,14755.0,13,14740.0,378,14760.0,51,14735.0,301,14765.0,17,14730.0,205,14770.0,123,14725.0,244
1597988274617078016,1597988274931000064,2020-08-21 13:37:54.931000,14750.0,14985.0,14720.0,14780.0,nan,14842.765,108875,8080030250.0,115098,14750.0,395,14745.0,249,14755.0,13,14740.0,376,14760.0,47,14735.0,301,14765.0,17,14730.0,205,14770.0,123,14725.0,244
1597988275115429120,1597988275411000064,2020-08-21 13:37:55.411000,14750.0,14985.0,14720.0,14780.0,nan,14842.765,108875,8080030250.0,115098,14750.0,395,14745.0,249,14755.0,13,14740.0,376,14760.0,42,14735.0,301,14765.0,17,14730.0,206,14770.0,123,14725.0,244
1597988277608233984,1597988277920000000,2020-08-21 13:37:57.920000,14750.0,14985.0,14720.0,14780.0,nan,14842.765,108875,8080030250.0,115098,14750.0,395,14745.0,249,14755.0,13,14740.0,377,14760.0,42,14735.0,301,14765.0,17,14730.0,206,14770.0,123,14725.0,244
1597988278118927872,1597988278436000000,2020-08-21 13:37:58.436000,14750.0,14985.0,14720.0,14780.0,nan,14842.765,108875,8080030250.0,115098,14750.0,20,14745.0,249,14755.0,13,14740.0,376,14760.0,41,14735.0,301,14765.0,17,14730.0,206,14770.0,123,14725.0,244
1597988278619139072,1597988278937999872,2020-08-21 13:37:58.938000,14745.0,14985.0,14720.0,14780.0,nan,14842.483,109194,8103550375.0,114902,14745.0,99,14740.0,377,14750.0,8,14735.0,301,14755.0,7,14730.0,206,14760.0,34,14725.0,244,14765.0,17,14720.0,165
1597988279121076992,1597988279436000000,2020-08-21 13:37:59.436000,14745.0,14985.0,14720.0,14780.0,nan,14842.445,109236,8106646825.0,114901,14745.0,69,14740.0,377,14750.0,10,14735.0,300,14755.0,12,14730.0,167,14760.0,35,14725.0,245,14765.0,18,14720.0,165
1597988279623579904,1597988279936999936,2020-08-21 13:37:59.937000,14745.0,14985.0,14720.0,14780.0,nan,14842.42,109264,8108711125.0,114894,14745.0,44,14740.0,376,14750.0,10,14735.0,300,14755.0,12,14730.0,167,14760.0,65,14725.0,245,14765.0,26,14720.0,165
1597988280108503040,1597988280436000000,2020-08-21 13:38:00.436000,14745.0,14985.0,14720.0,14780.0,nan,14842.416,109269,8109079750.0,114894,14745.0,39,14740.0,376,14750.0,10,14735.0,300,14755.0,12,14730.0,167,14760.0,65,14725.0,245,14765.0,26,14720.0,165
1597988280614003968,1597988280933000192,2020-08-21 13:38:00.933000,14745.0,14985.0,14720.0,14780.0,nan,14842.416,109269,8109079750.0,114894,14745.0,42,14740.0,377,14750.0,10,14735.0,300,14755.0,12,14730.0,167,14760.0,65,14725.0,245,14765.0,26,14720.0,165
1597988281110618880,1597988281405999872,2020-08-21 13:38:01.406000,14745.0,14985.0,14720.0,14780.0,nan,14842.416,109269,8109079750.0,114894,14745.0,45,14740.0,377,14750.0,12,14735.0,300,14755.0,12,14730.0,167,14760.0,65,14725.0,245,14765.0,26,14720.0,165
1597988282130888960,1597988282423000064,2020-08-21 13:38:02.423000,14745.0,14985.0,14720.0,14780.0,nan,14842.416,109269,8109079750.0,114894,14745.0,45,14740.0,378,14750.0,12,14735.0,300,14755.0,12,14730.0,167,14760.0,65,14725.0,245,14765.0,26,14720.0,165
1597988282634059008,1597988282935000064,2020-08-21 13:38:02.935000,14745.0,14985.0,14720.0,14780.0,nan,14842.404,109282,8110038175.0,114894,14745.0,32,14740.0,378,14750.0,12,14735.0,300,14755.0,12,14730.0,167,14760.0,66,14725.0,245,14765.0,26,14720.0,165
1597988283117946880,1597988283430000128,2020-08-21 13:38:03.430000,14745.0,14985.0,14720.0,14780.0,nan,14842.404,109282,8110038175.0,114894,14745.0,33,14740.0,378,14750.0,12,14735.0,300,14755.0,12,14730.0,167,14760.0,66,14725.0,245,14765.0,26,14720.0,165
1597988283624141056,1597988283913000192,2020-08-21 13:38:03.913000,14745.0,14985.0,14720.0,14780.0,nan,14842.404,109282,8110038175.0,114894,14745.0,34,14740.0,378,14750.0,12,14735.0,300,14755.0,12,14730.0,167,14760.0,66,14725.0,245,14765.0,26,14720.0,165
1597988284128398080,1597988284435000064,2020-08-21 13:38:04.435000,14745.0,14985.0,14720.0,14780.0,nan,14842.404,109282,8110038175.0,114894,14745.0,34,14740.0,378,14750.0,12,14735.0,301,14755.0,12,14730.0,167,14760.0,66,14725.0,245,14765.0,26,14720.0,165
1597988284602629120,1597988284932000000,2020-08-21 13:38:04.932000,14745.0,14985.0,14720.0,14780.0,nan,14842.404,109282,8110038175.0,114894,14745.0,34,14740.0,378,14750.0,12,14735.0,301,14755.0,12,14730.0,167,14760.0,36,14725.0,245,14765.0,26,14720.0,165
1597988285121074944,1597988285413000192,2020-08-21 13:38:05.413000,14745.0,14985.0,14720.0,14780.0,nan,14842.374,109316,8112544825.0,114916,14750.0,12,14745.0,16,14755.0,12,14740.0,378,14760.0,51,14735.0,301,14765.0,26,14730.0,167,14770.0,162,14725.0,245
1597988285630159872,1597988285937999872,2020-08-21 13:38:05.938000,14745.0,14985.0,14720.0,14780.0,nan,14842.374,109316,8112544825.0,114916,14750.0,45,14745.0,25,14755.0,13,14740.0,377,14760.0,36,14735.0,301,14765.0,26,14730.0,167,14770.0,162,14725.0,245
1597988286121413120,1597988286428000000,2020-08-21 13:38:06.428000,14745.0,14985.0,14720.0,14780.0,nan,14842.346,109347,8114830300.0,114909,14750.0,47,14740.0,377,14755.0,13,14735.0,301,14760.0,36,14730.0,167,14765.0,26,14725.0,245,14770.0,162,14720.0,165
1597988286621328896,1597988286936000000,2020-08-21 13:38:06.936000,14745.0,14985.0,14720.0,14780.0,nan,14842.346,109347,8114830300.0,114909,14750.0,47,14740.0,376,14755.0,13,14735.0,301,14760.0,36,14730.0,167,14765.0,26,14725.0,245,14770.0,162,14720.0,165
1597988288121150976,1597988288436999936,2020-08-21 13:38:08.437000,14745.0,14985.0,14720.0,14780.0,nan,14842.346,109347,8114830300.0,114909,14750.0,48,14740.0,376,14755.0,13,14735.0,301,14760.0,36,14730.0,167,14765.0,26,14725.0,245,14770.0,162,14720.0,165
1597988288614895104,1597988288913000192,2020-08-21 13:38:08.913000,14745.0,14985.0,14720.0,14780.0,nan,14842.346,109347,8114830300.0,114909,14745.0,6,14740.0,376,14750.0,52,14735.0,301,14755.0,13,14730.0,167,14760.0,36,14725.0,245,14765.0,26,14720.0,165
1597988289109688064,1597988289432000000,2020-08-21 13:38:09.432000,14745.0,14985.0,14720.0,14780.0,nan,14842.345,109349,8114977750.0,114911,14745.0,5,14740.0,376,14750.0,52,14735.0,301,14755.0,13,14730.0,167,14760.0,36,14725.0,245,14765.0,26,14720.0,165
1597988289636432896,1597988289911000064,2020-08-21 13:38:09.911000,14745.0,14985.0,14720.0,14780.0,nan,14842.345,109349,8114977750.0,114911,14745.0,5,14740.0,376,14750.0,52,14735.0,301,14755.0,14,14730.0,167,14760.0,36,14725.0,245,14765.0,26,14720.0,165
1597988290120442880,1597988290417999872,2020-08-21 13:38:10.418000,14745.0,14985.0,14720.0,14780.0,nan,14842.345,109349,8114977750.0,114911,14745.0,5,14740.0,375,14750.0,52,14735.0,301,14755.0,14,14730.0,167,14760.0,36,14725.0,245,14765.0,26,14720.0,165
1597988291625192960,1597988291936000000,2020-08-21 13:38:11.936000,14745.0,14985.0,14720.0,14780.0,nan,14842.344,109350,8115051475.0,114912,14745.0,4,14740.0,375,14750.0,52,14735.0,301,14755.0,14,14730.0,167,14760.0,36,14725.0,245,14765.0,26,14720.0,165
1597988295149826048,1597988295438999808,2020-08-21 13:38:15.439000,14745.0,14985.0,14720.0,14780.0,nan,14842.336,109359,8115715000.0,114921,14750.0,52,14745.0,91,14755.0,14,14740.0,375,14760.0,36,14735.0,301,14765.0,26,14730.0,167,14770.0,162,14725.0,245
1597988295624897024,1597988295937999872,2020-08-21 13:38:15.938000,14745.0,14985.0,14720.0,14780.0,nan,14842.336,109359,8115715000.0,114921,14750.0,59,14745.0,93,14755.0,14,14740.0,376,14760.0,36,14735.0,301,14765.0,26,14730.0,167,14770.0,162,14725.0,245
1597988296611090944,1597988296903000064,2020-08-21 13:38:16.903000,14745.0,14985.0,14720.0,14780.0,nan,14842.336,109359,8115715000.0,114921,14750.0,59,14745.0,93,14755.0,13,14740.0,376,14760.0,36,14735.0,301,14765.0,26,14730.0,167,14770.0,162,14725.0,245
1597988297122735104,1597988297424999936,2020-08-21 13:38:17.425000,14750.0,14985.0,14720.0,14780.0,nan,14842.335,109360,8115788750.0,114922,14750.0,58,14745.0,93,14755.0,14,14740.0,376,14760.0,36,14735.0,301,14765.0,26,14730.0,167,14770.0,162,14725.0,245
1597988299644516096,1597988299933000192,2020-08-21 13:38:19.933000,14750.0,14985.0,14720.0,14780.0,nan,14842.335,109360,8115788750.0,114922,14750.0,58,14745.0,94,14755.0,14,14740.0,376,14760.0,36,14735.0,301,14765.0,26,14730.0,167,14770.0,162,14725.0,245
1597988300116433920,1597988300418999808,2020-08-21 13:38:20.419000,14750.0,14985.0,14720.0,14780.0,nan,14842.335,109360,8115788750.0,114922,14750.0,57,14745.0,94,14755.0,14,14740.0,376,14760.0,36,14735.0,301,14765.0,26,14730.0,167,14770.0,162,14725.0,245
1597988301931823104,1597988301933000192,2020-08-21 13:38:21.933000,14750.0,14985.0,14720.0,14780.0,nan,14842.335,109360,8115788750.0,114922,14750.0,57,14745.0,94,14755.0,13,14740.0,376,14760.0,36,14735.0,301,14765.0,26,14730.0,167,14770.0,162,14725.0,245
1597988302142316032,1597988302412000000,2020-08-21 13:38:22.412000,14750.0,14985.0,14720.0,14780.0,nan,14842.335,109360,8115788750.0,114922,14750.0,58,14745.0,94,14755.0,13,14740.0,376,14760.0,36,14735.0,301,14765.0,26,14730.0,167,14770.0,162,14725.0,245
1597988302616502016,1597988302926000128,2020-08-21 13:38:22.926000,14750.0,14985.0,14720.0,14780.0,nan,14842.335,109360,8115788750.0,114922,14750.0,59,14745.0,94,14755.0,13,14740.0,376,14760.0,36,14735.0,301,14765.0,26,14730.0,167,14770.0,162,14725.0,245
1597988303811668992,1597988303917999872,2020-08-21 13:38:23.918000,14750.0,14985.0,14720.0,14780.0,nan,14842.335,109360,8115788750.0,114922,14750.0,59,14745.0,94,14755.0,13,14740.0,376,14760.0,36,14735.0,298,14765.0,26,14730.0,167,14770.0,162,14725.0,245
1597988307620389888,1597988307923000064,2020-08-21 13:38:27.923000,14750.0,14985.0,14720.0,14780.0,nan,14842.335,109360,8115788750.0,114922,14750.0,60,14745.0,94,14755.0,13,14740.0,376,14760.0,36,14735.0,298,14765.0,26,14730.0,167,14770.0,162,14725.0,245
1597988308126425088,1597988308432000000,2020-08-21 13:38:28.432000,14750.0,14985.0,14720.0,14780.0,nan,14842.334,109361,8115862500.0,114923,14750.0,59,14745.0,94,14755.0,13,14740.0,376,14760.0,36,14735.0,298,14765.0,26,14730.0,167,14770.0,162,14725.0,245
1597988309905331968,1597988309937999872,2020-08-21 13:38:29.938000,14750.0,14985.0,14720.0,14780.0,nan,14842.333,109362,8115936250.0,114924,14750.0,58,14745.0,94,14755.0,13,14740.0,376,14760.0,36,14735.0,298,14765.0,26,14730.0,167,14770.0,162,14725.0,245
1597988312635427072,1597988312916999936,2020-08-21 13:38:32.917000,14750.0,14985.0,14720.0,14780.0,nan,14842.333,109362,8115936250.0,114924,14750.0,61,14745.0,94,14755.0,13,14740.0,376,14760.0,36,14735.0,298,14765.0,26,14730.0,167,14770.0,162,14725.0,245
1597988313121487872,1597988313424000000,2020-08-21 13:38:33.424000,14750.0,14985.0,14720.0,14780.0,nan,14842.333,109362,8115936250.0,114924,14750.0,62,14745.0,94,14755.0,14,14740.0,376,14760.0,36,14735.0,298,14765.0,26,14730.0,167,14770.0,162,14725.0,245
1597988313618124032,1597988313927000064,2020-08-21 13:38:33.927000,14750.0,14985.0,14720.0,14780.0,nan,14842.333,109362,8115936250.0,114924,14750.0,62,14745.0,94,14755.0,13,14740.0,376,14760.0,36,14735.0,298,14765.0,26,14730.0,167,14770.0,162,14725.0,245
1597988314615881984,1597988314897000192,2020-08-21 13:38:34.897000,14750.0,14985.0,14720.0,14780.0,nan,14842.325,109372,8116673750.0,114920,14750.0,52,14745.0,101,14755.0,13,14740.0,376,14760.0,36,14735.0,298,14765.0,26,14730.0,175,14770.0,162,14725.0,245
1597988315098860032,1597988315403000064,2020-08-21 13:38:35.403000,14750.0,14985.0,14720.0,14780.0,nan,14842.283,109422,8120361250.0,114941,14755.0,13,14750.0,13,14760.0,36,14745.0,104,14765.0,26,14740.0,376,14770.0,162,14735.0,298,14775.0,32,14730.0,175
1597988315691810048,1597988315878000128,2020-08-21 13:38:35.878000,14750.0,14985.0,14720.0,14780.0,nan,14842.27,109437,8121467500.0,114942,14755.0,50,14750.0,3,14760.0,35,14745.0,104,14765.0,26,14740.0,376,14770.0,162,14735.0,299,14775.0,32,14730.0,175
1597988316114093056,1597988316420000000,2020-08-21 13:38:36.420000,14750.0,14985.0,14720.0,14780.0,nan,14842.267,109441,8121762500.0,114938,14750.0,6,14745.0,104,14755.0,51,14740.0,376,14760.0,35,14735.0,299,14765.0,18,14730.0,175,14770.0,171,14725.0,244
1597988316600918016,1597988316920999936,2020-08-21 13:38:36.921000,14750.0,14985.0,14720.0,14780.0,nan,14842.262,109446,8122131250.0,114942,14755.0,51,14745.0,104,14760.0,35,14740.0,376,14765.0,18,14735.0,299,14770.0,171,14730.0,175,14775.0,32,14725.0,244
1597988319628848128,1597988319927000064,2020-08-21 13:38:39.927000,14750.0,14985.0,14720.0,14780.0,nan,14842.262,109446,8122131250.0,114942,14755.0,54,14745.0,104,14760.0,35,14740.0,376,14765.0,18,14735.0,299,14770.0,171,14730.0,175,14775.0,32,14725.0,244
1597988324627780096,1597988324895000064,2020-08-21 13:38:44.895000,14750.0,14985.0,14720.0,14780.0,nan,14842.262,109446,8122131250.0,114942,14755.0,54,14745.0,116,14760.0,35,14740.0,376,14765.0,18,14735.0,299,14770.0,171,14730.0,175,14775.0,32,14725.0,244
1597988325135699968,1597988325424000000,2020-08-21 13:38:45.424000,14750.0,14985.0,14720.0,14780.0,nan,14842.262,109446,8122131250.0,114942,14755.0,54,14750.0,1,14760.0,35,14745.0,116,14765.0,18,14740.0,376,14770.0,171,14735.0,299,14775.0,32,14730.0,175
1597988325675557120,1597988325935000064,2020-08-21 13:38:45.935000,14750.0,14985.0,14720.0,14780.0,nan,14842.261,109448,8122278750.0,114940,14755.0,54,14745.0,116,14760.0,35,14740.0,376,14765.0,18,14735.0,299,14770.0,171,14730.0,175,14775.0,32,14725.0,244
1597988327632120064,1597988327936999936,2020-08-21 13:38:47.937000,14750.0,14985.0,14720.0,14780.0,nan,14842.261,109448,8122278750.0,114940,14755.0,54,14745.0,117,14760.0,35,14740.0,376,14765.0,18,14735.0,299,14770.0,171,14730.0,175,14775.0,32,14725.0,244
1597988328134934016,1597988328431000064,2020-08-21 13:38:48.431000,14755.0,14985.0,14720.0,14780.0,nan,14842.26,109449,8122352525.0,114941,14755.0,53,14745.0,117,14760.0,35,14740.0,376,14765.0,18,14735.0,299,14770.0,171,14730.0,175,14775.0,32,14725.0,244
1597988330119030016,1597988330434000128,2020-08-21 13:38:50.434000,14755.0,14985.0,14720.0,14780.0,nan,14842.26,109449,8122352525.0,114941,14755.0,54,14745.0,117,14760.0,35,14740.0,376,14765.0,18,14735.0,299,14770.0,171,14730.0,175,14775.0,32,14725.0,244
1597988330622823936,1597988330931000064,2020-08-21 13:38:50.931000,14755.0,14985.0,14720.0,14780.0,nan,14842.26,109449,8122352525.0,114941,14755.0,56,14745.0,117,14760.0,35,14740.0,376,14765.0,18,14735.0,299,14770.0,171,14730.0,175,14775.0,32,14725.0,244
1597988332696567040,1597988332932000000,2020-08-21 13:38:52.932000,14755.0,14985.0,14720.0,14780.0,nan,14842.258,109451,8122500075.0,114943,14755.0,54,14745.0,117,14760.0,35,14740.0,376,14765.0,18,14735.0,299,14770.0,171,14730.0,175,14775.0,32,14725.0,244
1597988333144791040,1597988333436000000,2020-08-21 13:38:53.436000,14755.0,14985.0,14720.0,14780.0,nan,14842.258,109451,8122500075.0,114943,14750.0,2,14745.0,117,14755.0,54,14740.0,376,14760.0,35,14735.0,299,14765.0,18,14730.0,175,14770.0,171,14725.0,244
1597988333612281088,1597988333913000192,2020-08-21 13:38:53.913000,14755.0,14985.0,14720.0,14780.0,nan,14842.258,109451,8122500075.0,114943,14750.0,3,14745.0,117,14755.0,54,14740.0,376,14760.0,35,14735.0,299,14765.0,18,14730.0,175,14770.0,171,14725.0,244
1597988336150605056,1597988336403000064,2020-08-21 13:38:56.403000,14755.0,14985.0,14720.0,14780.0,nan,14842.258,109451,8122500075.0,114943,14750.0,15,14745.0,117,14755.0,54,14740.0,376,14760.0,35,14735.0,299,14765.0,18,14730.0,175,14770.0,171,14725.0,244
1597988336614476032,1597988336936999936,2020-08-21 13:38:56.937000,14755.0,14985.0,14720.0,14780.0,nan,14842.258,109451,8122500075.0,114943,14750.0,16,14745.0,117,14755.0,54,14740.0,376,14760.0,35,14735.0,299,14765.0,18,14730.0,175,14770.0,171,14725.0,244
1597988337139987968,1597988337416999936,2020-08-21 13:38:57.417000,14750.0,14985.0,14720.0,14780.0,nan,14842.255,109455,8122795075.0,114946,14750.0,12,14745.0,117,14755.0,54,14740.0,376,14760.0,35,14735.0,299,14765.0,18,14730.0,175,14770.0,171,14725.0,244
1597988337620635904,1597988337934000128,2020-08-21 13:38:57.934000,14750.0,14985.0,14720.0,14780.0,nan,14842.255,109455,8122795075.0,114946,14750.0,14,14745.0,117,14755.0,54,14740.0,376,14760.0,35,14735.0,299,14765.0,18,14730.0,175,14770.0,171,14725.0,244
1597988338612506112,1597988338928999936,2020-08-21 13:38:58.929000,14750.0,14985.0,14720.0,14780.0,nan,14842.254,109456,8122868825.0,114946,14750.0,13,14745.0,117,14755.0,54,14740.0,376,14760.0,35,14735.0,299,14765.0,18,14730.0,175,14770.0,171,14725.0,244
1597988341117703936,1597988341415000064,2020-08-21 13:39:01.415000,14750.0,14985.0,14720.0,14780.0,nan,14842.254,109456,8122868825.0,114946,14750.0,14,14745.0,117,14755.0,53,14740.0,376,14760.0,35,14735.0,299,14765.0,18,14730.0,175,14770.0,171,14725.0,244
1597988341658078976,1597988341936999936,2020-08-21 13:39:01.937000,14750.0,14985.0,14720.0,14780.0,nan,14842.254,109456,8122868825.0,114946,14750.0,18,14745.0,117,14755.0,51,14740.0,376,14760.0,35,14735.0,299,14765.0,18,14730.0,175,14770.0,171,14725.0,244
1597988342138836992,1597988342410000128,2020-08-21 13:39:02.410000,14750.0,14985.0,14720.0,14780.0,nan,14842.253,109457,8122942575.0,114946,14750.0,17,14745.0,117,14755.0,51,14740.0,376,14760.0,35,14735.0,299,14765.0,18,14730.0,175,14770.0,171,14725.0,244
1597988342723895040,1597988342924999936,2020-08-21 13:39:02.925000,14750.0,14985.0,14720.0,14780.0,nan,14842.253,109457,8122942575.0,114946,14750.0,8,14745.0,117,14755.0,51,14740.0,376,14760.0,35,14735.0,299,14765.0,18,14730.0,175,14770.0,171,14725.0,244
1597988343138861056,1597988343435000064,2020-08-21 13:39:03.435000,14750.0,14985.0,14720.0,14780.0,nan,14842.253,109457,8122942575.0,114946,14750.0,14,14745.0,117,14755.0,51,14740.0,376,14760.0,35,14735.0,299,14765.0,18,14730.0,175,14770.0,171,14725.0,244
1597988343640041984,1597988343936999936,2020-08-21 13:39:03.937000,14750.0,14985.0,14720.0,14780.0,nan,14842.253,109457,8122942575.0,114946,14750.0,15,14745.0,117,14755.0,51,14740.0,376,14760.0,35,14735.0,299,14765.0,18,14730.0,175,14770.0,171,14725.0,244
1597988344619290112,1597988344918999808,2020-08-21 13:39:04.919000,14750.0,14985.0,14720.0,14780.0,nan,14842.253,109457,8122942575.0,114946,14750.0,15,14745.0,117,14755.0,48,14740.0,376,14760.0,35,14735.0,299,14765.0,18,14730.0,175,14770.0,171,14725.0,244
1597988345142310912,1597988345416999936,2020-08-21 13:39:05.417000,14750.0,14985.0,14720.0,14780.0,nan,14842.253,109457,8122942575.0,114946,14750.0,16,14745.0,117,14755.0,48,14740.0,376,14760.0,35,14735.0,299,14765.0,18,14730.0,175,14770.0,171,14725.0,244
1597988345641196032,1597988345923000064,2020-08-21 13:39:05.923000,14750.0,14985.0,14720.0,14780.0,nan,14842.253,109457,8122942575.0,114946,14750.0,20,14745.0,117,14755.0,48,14740.0,376,14760.0,35,14735.0,299,14765.0,18,14730.0,175,14770.0,171,14725.0,244
1597988346156016128,1597988346420999936,2020-08-21 13:39:06.421000,14750.0,14985.0,14720.0,14780.0,nan,14842.253,109457,8122942575.0,114946,14750.0,23,14745.0,117,14755.0,46,14740.0,376,14760.0,35,14735.0,299,14765.0,18,14730.0,175,14770.0,171,14725.0,244
1597988347377096960,1597988347420999936,2020-08-21 13:39:07.421000,14750.0,14985.0,14720.0,14780.0,nan,14842.253,109457,8122942575.0,114946,14750.0,35,14745.0,117,14755.0,46,14740.0,376,14760.0,35,14735.0,299,14765.0,18,14730.0,175,14770.0,171,14725.0,244
1597988347647344896,1597988347923000064,2020-08-21 13:39:07.923000,14750.0,14985.0,14720.0,14780.0,nan,14842.253,109457,8122942575.0,114946,14750.0,37,14745.0,117,14755.0,46,14740.0,376,14760.0,35,14735.0,299,14765.0,18,14730.0,175,14770.0,171,14725.0,244
1597988348119714048,1597988348430000128,2020-08-21 13:39:08.430000,14750.0,14985.0,14720.0,14780.0,nan,14842.253,109457,8122942575.0,114946,14750.0,38,14745.0,117,14755.0,46,14740.0,376,14760.0,35,14735.0,299,14765.0,18,14730.0,175,14770.0,171,14725.0,244
1597988350658520064,1597988350888000000,2020-08-21 13:39:10.888000,14750.0,14985.0,14720.0,14780.0,nan,14842.253,109457,8122942575.0,114946,14750.0,38,14745.0,117,14755.0,46,14740.0,376,14760.0,36,14735.0,299,14765.0,18,14730.0,175,14770.0,171,14725.0,244
1597988351118789120,1597988351423000064,2020-08-21 13:39:11.423000,14750.0,14985.0,14720.0,14780.0,nan,14842.253,109457,8122942575.0,114946,14750.0,39,14745.0,117,14755.0,46,14740.0,376,14760.0,36,14735.0,299,14765.0,18,14730.0,175,14770.0,171,14725.0,244
1597988351766707968,1597988351935000064,2020-08-21 13:39:11.935000,14750.0,14985.0,14720.0,14780.0,nan,14842.253,109457,8122942575.0,114946,14750.0,40,14745.0,117,14755.0,46,14740.0,376,14760.0,36,14735.0,299,14765.0,18,14730.0,175,14770.0,171,14725.0,244
1597988356125187072,1597988356436000000,2020-08-21 13:39:16.436000,14750.0,14985.0,14720.0,14780.0,nan,14842.253,109457,8122942575.0,114946,14750.0,40,14745.0,118,14755.0,46,14740.0,376,14760.0,36,14735.0,299,14765.0,18,14730.0,175,14770.0,171,14725.0,244
1597988361128678912,1597988361430000128,2020-08-21 13:39:21.430000,14750.0,14985.0,14720.0,14780.0,nan,14842.252,109458,8123016325.0,114947,14750.0,39,14745.0,118,14755.0,46,14740.0,371,14760.0,36,14735.0,299,14765.0,18,14730.0,175,14770.0,171,14725.0,244
1597988361623512064,1597988361904000000,2020-08-21 13:39:21.904000,14750.0,14985.0,14720.0,14780.0,nan,14842.252,109458,8123016325.0,114947,14750.0,39,14745.0,125,14755.0,46,14740.0,366,14760.0,36,14735.0,299,14765.0,18,14730.0,175,14770.0,171,14725.0,244
1597988363627581952,1597988363923000064,2020-08-21 13:39:23.923000,14750.0,14985.0,14720.0,14780.0,nan,14842.252,109458,8123016325.0,114947,14750.0,39,14745.0,125,14755.0,45,14740.0,366,14760.0,36,14735.0,299,14765.0,18,14730.0,175,14770.0,171,14725.0,244
1597988367134368000,1597988367416000000,2020-08-21 13:39:27.416000,14750.0,14985.0,14720.0,14780.0,nan,14842.252,109458,8123016325.0,114947,14750.0,40,14745.0,125,14755.0,45,14740.0,364,14760.0,36,14735.0,299,14765.0,18,14730.0,175,14770.0,171,14725.0,244
1597988367623655936,1597988367901999872,2020-08-21 13:39:27.902000,14750.0,14985.0,14720.0,14780.0,nan,14842.252,109458,8123016325.0,114947,14750.0,44,14745.0,125,14755.0,45,14740.0,364,14760.0,36,14735.0,299,14765.0,18,14730.0,175,14770.0,171,14725.0,244
1597988368619113984,1597988368928999936,2020-08-21 13:39:28.929000,14750.0,14985.0,14720.0,14780.0,nan,14842.252,109458,8123016325.0,114947,14750.0,44,14745.0,124,14755.0,45,14740.0,364,14760.0,36,14735.0,299,14765.0,18,14730.0,175,14770.0,171,14725.0,244
1597988369117988096,1597988369394000128,2020-08-21 13:39:29.394000,14750.0,14985.0,14720.0,14780.0,nan,14842.252,109458,8123016325.0,114947,14750.0,44,14745.0,124,14755.0,45,14740.0,364,14760.0,36,14735.0,299,14765.0,18,14730.0,176,14770.0,171,14725.0,244
1597988374119428096,1597988374433000192,2020-08-21 13:39:34.433000,14745.0,14985.0,14720.0,14780.0,nan,14842.252,109459,8123090050.0,114947,14750.0,43,14745.0,123,14755.0,45,14740.0,364,14760.0,36,14735.0,299,14765.0,18,14730.0,176,14770.0,171,14725.0,244
1597988374649050880,1597988374936999936,2020-08-21 13:39:34.937000,14745.0,14985.0,14720.0,14780.0,nan,14842.25,109461,8123237500.0,114947,14750.0,41,14745.0,121,14755.0,45,14740.0,364,14760.0,36,14735.0,299,14765.0,18,14730.0,176,14770.0,171,14725.0,244
1597988375617203968,1597988375897000192,2020-08-21 13:39:35.897000,14745.0,14985.0,14720.0,14780.0,nan,14842.248,109463,8123384950.0,114947,14750.0,41,14745.0,119,14755.0,45,14740.0,364,14760.0,36,14735.0,299,14765.0,18,14730.0,176,14770.0,171,14725.0,244
1597988384128764928,1597988384434000128,2020-08-21 13:39:44.434000,14745.0,14985.0,14720.0,14780.0,nan,14842.248,109463,8123384950.0,114947,14750.0,41,14745.0,123,14755.0,45,14740.0,364,14760.0,36,14735.0,299,14765.0,18,14730.0,176,14770.0,171,14725.0,244
1597988384619015936,1597988384924000000,2020-08-21 13:39:44.924000,14745.0,14985.0,14720.0,14780.0,nan,14842.248,109463,8123384950.0,114947,14750.0,42,14745.0,123,14755.0,45,14740.0,364,14760.0,36,14735.0,299,14765.0,18,14730.0,176,14770.0,171,14725.0,244
1597988385123941120,1597988385400999936,2020-08-21 13:39:45.401000,14745.0,14985.0,14720.0,14780.0,nan,14842.248,109463,8123384950.0,114947,14750.0,42,14745.0,123,14755.0,38,14740.0,364,14760.0,35,14735.0,299,14765.0,18,14730.0,176,14770.0,171,14725.0,244
1597988385612754944,1597988385924000000,2020-08-21 13:39:45.924000,14745.0,14985.0,14720.0,14780.0,nan,14842.248,109463,8123384950.0,114947,14750.0,51,14745.0,123,14755.0,38,14740.0,364,14760.0,35,14735.0,299,14765.0,18,14730.0,176,14770.0,171,14725.0,244
1597988386129648128,1597988386428999936,2020-08-21 13:39:46.429000,14745.0,14985.0,14720.0,14780.0,nan,14842.248,109463,8123384950.0,114947,14750.0,51,14745.0,123,14755.0,37,14740.0,364,14760.0,35,14735.0,299,14765.0,18,14730.0,176,14770.0,171,14725.0,244
1597988386624232960,1597988386927000064,2020-08-21 13:39:46.927000,14745.0,14985.0,14720.0,14780.0,nan,14842.248,109463,8123384950.0,114947,14750.0,52,14745.0,123,14755.0,35,14740.0,364,14760.0,35,14735.0,299,14765.0,18,14730.0,176,14770.0,171,14725.0,244
1597988387139318016,1597988387426000128,2020-08-21 13:39:47.426000,14745.0,14985.0,14720.0,14780.0,nan,14842.248,109463,8123384950.0,114947,14750.0,54,14745.0,123,14755.0,35,14740.0,364,14760.0,35,14735.0,299,14765.0,18,14730.0,176,14770.0,171,14725.0,244
1597988389135196928,1597988389374000128,2020-08-21 13:39:49.374000,14745.0,14985.0,14720.0,14780.0,nan,14842.246,109465,8123532400.0,114947,14750.0,52,14745.0,121,14755.0,35,14740.0,364,14760.0,35,14735.0,299,14765.0,18,14730.0,176,14770.0,171,14725.0,244
1597988389614324992,1597988389934000128,2020-08-21 13:39:49.934000,14745.0,14985.0,14720.0,14780.0,nan,14842.245,109466,8123606125.0,114947,14750.0,49,14745.0,120,14755.0,32,14740.0,364,14760.0,35,14735.0,299,14765.0,18,14730.0,176,14770.0,171,14725.0,244
1597988390126114048,1597988390432000000,2020-08-21 13:39:50.432000,14745.0,14985.0,14720.0,14780.0,nan,14842.244,109468,8123753575.0,114947,14750.0,52,14745.0,118,14755.0,32,14740.0,364,14760.0,35,14735.0,299,14765.0,18,14730.0,176,14770.0,171,14725.0,244
1597988394117043968,1597988394424999936,2020-08-21 13:39:54.425000,14745.0,14985.0,14720.0,14780.0,nan,14842.244,109468,8123753575.0,114947,14750.0,52,14745.0,118,14755.0,32,14740.0,359,14760.0,35,14735.0,299,14765.0,18,14730.0,176,14770.0,171,14725.0,244
1597988394626361088,1597988394903000064,2020-08-21 13:39:54.903000,14745.0,14985.0,14720.0,14780.0,nan,14842.244,109468,8123753575.0,114947,14750.0,52,14745.0,118,14755.0,32,14740.0,354,14760.0,35,14735.0,299,14765.0,18,14730.0,176,14770.0,171,14725.0,244
1597988396115226880,1597988396436000000,2020-08-21 13:39:56.436000,14745.0,14985.0,14720.0,14780.0,nan,14842.244,109468,8123753575.0,114947,14750.0,53,14745.0,118,14755.0,32,14740.0,354,14760.0,35,14735.0,299,14765.0,18,14730.0,176,14770.0,171,14725.0,244
1597988401613944064,1597988401930000128,2020-08-21 13:40:01.930000,14750.0,14985.0,14720.0,14780.0,nan,14842.199,109521,8127662325.0,114961,14755.0,32,14745.0,118,14760.0,35,14740.0,354,14765.0,18,14735.0,299,14770.0,171,14730.0,176,14775.0,32,14725.0,244
1597988402129521920,1597988402413000192,2020-08-21 13:40:02.413000,14750.0,14985.0,14720.0,14780.0,nan,14842.199,109521,8127662325.0,114961,14750.0,14,14745.0,120,14755.0,34,14740.0,354,14760.0,35,14735.0,299,14765.0,18,14730.0,176,14770.0,171,14725.0,245
1597988402613689088,1597988402918999808,2020-08-21 13:40:02.919000,14750.0,14985.0,14720.0,14780.0,nan,14842.199,109521,8127662325.0,114961,14750.0,15,14745.0,121,14755.0,34,14740.0,354,14760.0,35,14735.0,299,14765.0,18,14730.0,176,14770.0,171,14725.0,245
1597988404138417920,1597988404411000064,2020-08-21 13:40:04.411000,14750.0,14985.0,14720.0,14780.0,nan,14842.199,109521,8127662325.0,114961,14750.0,15,14745.0,121,14755.0,41,14740.0,354,14760.0,35,14735.0,299,14765.0,18,14730.0,176,14770.0,171,14725.0,245
1597988405137329920,1597988405420000000,2020-08-21 13:40:05.420000,14745.0,14985.0,14720.0,14780.0,nan,14842.198,109522,8127736050.0,114962,14750.0,15,14745.0,120,14755.0,41,14740.0,354,14760.0,35,14735.0,299,14765.0,18,14730.0,176,14770.0,171,14725.0,245
1597988406135986944,1597988406427000064,2020-08-21 13:40:06.427000,14745.0,14985.0,14720.0,14780.0,nan,14842.198,109522,8127736050.0,114962,14750.0,30,14745.0,120,14755.0,34,14740.0,354,14760.0,35,14735.0,299,14765.0,18,14730.0,176,14770.0,171,14725.0,245
1597988406631546112,1597988406927000064,2020-08-21 13:40:06.927000,14745.0,14985.0,14720.0,14780.0,nan,14842.198,109522,8127736050.0,114962,14750.0,34,14745.0,120,14755.0,34,14740.0,354,14760.0,35,14735.0,299,14765.0,18,14730.0,176,14770.0,171,14725.0,245
1597988413671678976,1597988413916000000,2020-08-21 13:40:13.916000,14750.0,14985.0,14720.0,14780.0,nan,14842.194,109527,8128104800.0,114967,14750.0,29,14745.0,120,14755.0,34,14740.0,354,14760.0,35,14735.0,299,14765.0,18,14730.0,176,14770.0,171,14725.0,245
1597988414126972928,1597988414356000000,2020-08-21 13:40:14.356000,14750.0,14985.0,14720.0,14780.0,nan,14842.193,109528,8128178550.0,114967,14750.0,31,14745.0,120,14755.0,34,14740.0,354,14760.0,35,14735.0,299,14765.0,18,14730.0,176,14770.0,171,14725.0,245
1597988415127491072,1597988415437999872,2020-08-21 13:40:15.438000,14750.0,14985.0,14720.0,14780.0,nan,14842.193,109528,8128178550.0,114967,14750.0,31,14745.0,121,14755.0,34,14740.0,354,14760.0,35,14735.0,299,14765.0,18,14730.0,176,14770.0,171,14725.0,245
1597988416609576960,1597988416935000064,2020-08-21 13:40:16.935000,14750.0,14985.0,14720.0,14780.0,nan,14842.193,109528,8128178550.0,114967,14750.0,35,14745.0,121,14755.0,34,14740.0,354,14760.0,35,14735.0,299,14765.0,18,14730.0,176,14770.0,171,14725.0,245
1597988417131694080,1597988417420999936,2020-08-21 13:40:17.421000,14750.0,14985.0,14720.0,14780.0,nan,14842.193,109528,8128178550.0,114967,14750.0,38,14745.0,121,14755.0,34,14740.0,354,14760.0,35,14735.0,299,14765.0,18,14730.0,176,14770.0,171,14725.0,245
1597988417624517120,1597988417892999936,2020-08-21 13:40:17.893000,14750.0,14985.0,14720.0,14780.0,nan,14842.158,109569,8131202300.0,114956,14755.0,34,14750.0,59,14760.0,35,14745.0,121,14765.0,18,14740.0,354,14770.0,171,14735.0,299,14775.0,33,14730.0,176
1597988418116460032,1597988418427000064,2020-08-21 13:40:18.427000,14745.0,14985.0,14720.0,14780.0,nan,14842.107,109630,8135701025.0,114897,14750.0,7,14745.0,119,14755.0,43,14740.0,354,14760.0,35,14735.0,299,14765.0,18,14730.0,176,14770.0,171,14725.0,245
1597988418608867072,1597988418931000064,2020-08-21 13:40:18.931000,14750.0,14985.0,14720.0,14780.0,nan,14842.106,109631,8135774775.0,114896,14750.0,17,14745.0,119,14755.0,43,14740.0,354,14760.0,35,14735.0,299,14765.0,18,14730.0,176,14770.0,171,14725.0,245
1597988419119422976,1597988419430000128,2020-08-21 13:40:19.430000,14750.0,14985.0,14720.0,14780.0,nan,14842.106,109631,8135774775.0,114896,14750.0,20,14745.0,120,14755.0,43,14740.0,354,14760.0,35,14735.0,299,14765.0,18,14730.0,176,14770.0,171,14725.0,245
1597988419622492928,1597988419924999936,2020-08-21 13:40:19.925000,14750.0,14985.0,14720.0,14780.0,nan,14842.106,109631,8135774775.0,114896,14750.0,20,14745.0,120,14755.0,43,14740.0,354,14760.0,35,14735.0,299,14765.0,18,14730.0,176,14770.0,170,14725.0,245
1597988420103124992,1597988420433000192,2020-08-21 13:40:20.433000,14750.0,14985.0,14720.0,14780.0,nan,14842.106,109631,8135774775.0,114896,14750.0,20,14745.0,120,14755.0,43,14740.0,354,14760.0,36,14735.0,299,14765.0,18,14730.0,176,14770.0,170,14725.0,245
1597988423108395008,1597988423430000128,2020-08-21 13:40:23.430000,14750.0,14985.0,14720.0,14780.0,nan,14842.089,109651,8137249775.0,114888,14755.0,43,14750.0,83,14760.0,36,14745.0,120,14765.0,18,14740.0,354,14770.0,170,14735.0,299,14775.0,33,14730.0,176
1597988423616493056,1597988423857000192,2020-08-21 13:40:23.857000,14755.0,14985.0,14720.0,14780.0,nan,14842.089,109652,8137323550.0,114888,14755.0,50,14750.0,86,14760.0,36,14745.0,120,14765.0,18,14740.0,354,14770.0,170,14735.0,299,14775.0,33,14730.0,176
1597988424166657024,1597988424434000128,2020-08-21 13:40:24.434000,14755.0,14985.0,14720.0,14780.0,nan,14842.089,109652,8137323550.0,114888,14755.0,50,14750.0,85,14760.0,36,14745.0,120,14765.0,18,14740.0,354,14770.0,170,14735.0,299,14775.0,33,14730.0,176
1597988425624704000,1597988425930000128,2020-08-21 13:40:25.930000,14750.0,14985.0,14720.0,14780.0,nan,14842.017,109737,8143592300.0,114888,14750.0,5,14745.0,120,14755.0,53,14740.0,354,14760.0,36,14735.0,299,14765.0,18,14730.0,176,14770.0,170,14725.0,245
1597988426149846016,1597988426431000064,2020-08-21 13:40:26.431000,14750.0,14985.0,14720.0,14780.0,nan,14842.016,109739,8143739800.0,114890,14750.0,6,14745.0,119,14755.0,54,14740.0,354,14760.0,36,14735.0,299,14765.0,18,14730.0,176,14770.0,170,14725.0,245
1597988430634670080,1597988430927000064,2020-08-21 13:40:30.927000,14750.0,14985.0,14720.0,14780.0,nan,14842.016,109739,8143739800.0,114890,14750.0,6,14745.0,119,14755.0,54,14740.0,354,14760.0,37,14735.0,299,14765.0,18,14730.0,176,14770.0,170,14725.0,245
1597988435606723072,1597988435910000128,2020-08-21 13:40:35.910000,14750.0,14985.0,14720.0,14780.0,nan,14842.016,109739,8143739800.0,114890,14750.0,6,14745.0,115,14755.0,54,14740.0,354,14760.0,37,14735.0,299,14765.0,18,14730.0,176,14770.0,170,14725.0,245
1597988436147431936,1597988436435000064,2020-08-21 13:40:36.435000,14750.0,14985.0,14720.0,14780.0,nan,14842.012,109743,8144034800.0,114894,14750.0,2,14745.0,115,14755.0,54,14740.0,354,14760.0,37,14735.0,299,14765.0,18,14730.0,176,14770.0,170,14725.0,245
1597988436610216960,1597988436894000128,2020-08-21 13:40:36.894000,14750.0,14985.0,14720.0,14780.0,nan,14842.012,109743,8144034800.0,114894,14750.0,3,14745.0,115,14755.0,54,14740.0,354,14760.0,37,14735.0,299,14765.0,18,14730.0,176,14770.0,170,14725.0,245
1597988437619496960,1597988437937999872,2020-08-21 13:40:37.938000,14750.0,14985.0,14720.0,14780.0,nan,14842.012,109743,8144034800.0,114894,14750.0,3,14745.0,115,14755.0,64,14740.0,354,14760.0,37,14735.0,299,14765.0,18,14730.0,176,14770.0,170,14725.0,245
1597988440130522880,1597988440408000000,2020-08-21 13:40:40.408000,14750.0,14985.0,14720.0,14780.0,nan,14842.011,109744,8144108550.0,114894,14750.0,2,14745.0,115,14755.0,64,14740.0,354,14760.0,37,14735.0,299,14765.0,18,14730.0,176,14770.0,170,14725.0,245
1597988450115516928,1597988450418999808,2020-08-21 13:40:50.419000,14750.0,14985.0,14720.0,14780.0,nan,14842.011,109744,8144108550.0,114894,14750.0,2,14745.0,115,14755.0,63,14740.0,354,14760.0,37,14735.0,299,14765.0,18,14730.0,176,14770.0,170,14725.0,245
1597988451110866944,1597988451423000064,2020-08-21 13:40:51.423000,14750.0,14985.0,14720.0,14780.0,nan,14842.01,109746,8144256050.0,114893,14755.0,63,14745.0,115,14760.0,37,14740.0,354,14765.0,18,14735.0,299,14770.0,170,14730.0,176,14775.0,33,14725.0,245
1597988452127239936,1597988452424999936,2020-08-21 13:40:52.425000,14750.0,14985.0,14720.0,14780.0,nan,14842.01,109746,8144256050.0,114893,14750.0,3,14745.0,115,14755.0,63,14740.0,354,14760.0,37,14735.0,299,14765.0,18,14730.0,176,14770.0,170,14725.0,245
1597988452629773056,1597988452930000128,2020-08-21 13:40:52.930000,14750.0,14985.0,14720.0,14780.0,nan,14842.01,109746,8144256050.0,114893,14750.0,4,14745.0,115,14755.0,63,14740.0,354,14760.0,37,14735.0,299,14765.0,18,14730.0,176,14770.0,170,14725.0,245
1597988453142903040,1597988453424999936,2020-08-21 13:40:53.425000,14750.0,14985.0,14720.0,14780.0,nan,14842.01,109746,8144256050.0,114893,14750.0,4,14745.0,115,14755.0,63,14740.0,354,14760.0,36,14735.0,299,14765.0,18,14730.0,176,14770.0,170,14725.0,245
1597988467618532096,1597988467888999936,2020-08-21 13:41:07.889000,14745.0,14985.0,14720.0,14780.0,nan,14842.009,109747,8144329775.0,114893,14750.0,4,14745.0,114,14755.0,63,14740.0,354,14760.0,36,14735.0,299,14765.0,18,14730.0,176,14770.0,170,14725.0,245
1597988468115354880,1597988468428000000,2020-08-21 13:41:08.428000,14745.0,14985.0,14720.0,14780.0,nan,14842.009,109747,8144329775.0,114893,14750.0,18,14745.0,114,14755.0,63,14740.0,354,14760.0,36,14735.0,299,14765.0,18,14730.0,176,14770.0,170,14725.0,245
1597988468607168000,1597988468913000192,2020-08-21 13:41:08.913000,14745.0,14985.0,14720.0,14780.0,nan,14842.009,109747,8144329775.0,114893,14750.0,21,14745.0,114,14755.0,64,14740.0,354,14760.0,36,14735.0,299,14765.0,18,14730.0,176,14770.0,170,14725.0,245
1597988469613986048,1597988469934000128,2020-08-21 13:41:09.934000,14750.0,14985.0,14720.0,14780.0,nan,14842.008,109748,8144403525.0,114893,14750.0,20,14745.0,114,14755.0,64,14740.0,354,14760.0,36,14735.0,299,14765.0,18,14730.0,176,14770.0,170,14725.0,245
1597988472115429888,1597988472436999936,2020-08-21 13:41:12.437000,14750.0,14985.0,14720.0,14780.0,nan,14842.008,109748,8144403525.0,114893,14750.0,20,14745.0,113,14755.0,64,14740.0,354,14760.0,36,14735.0,299,14765.0,18,14730.0,176,14770.0,170,14725.0,245
1597988475619962112,1597988475930000128,2020-08-21 13:41:15.930000,14745.0,14985.0,14720.0,14780.0,nan,14842.005,109751,8144624700.0,114893,14750.0,20,14745.0,110,14755.0,65,14740.0,354,14760.0,36,14735.0,299,14765.0,18,14730.0,176,14770.0,170,14725.0,245
1597988476118817024,1597988476435000064,2020-08-21 13:41:16.435000,14745.0,14985.0,14720.0,14780.0,nan,14842.005,109751,8144624700.0,114893,14750.0,26,14745.0,110,14755.0,62,14740.0,354,14760.0,36,14735.0,299,14765.0,18,14730.0,176,14770.0,170,14725.0,245
1597988477106329088,1597988477436000000,2020-08-21 13:41:17.436000,14745.0,14985.0,14720.0,14780.0,nan,14842.005,109751,8144624700.0,114893,14750.0,31,14745.0,110,14755.0,62,14740.0,354,14760.0,36,14735.0,299,14765.0,18,14730.0,176,14770.0,170,14725.0,245
1597988477615256064,1597988477934000128,2020-08-21 13:41:17.934000,14745.0,14985.0,14720.0,14780.0,nan,14842.005,109751,8144624700.0,114893,14750.0,31,14745.0,110,14755.0,62,14740.0,354,14760.0,35,14735.0,299,14765.0,18,14730.0,176,14770.0,170,14725.0,245
1597988478613117952,1597988478927000064,2020-08-21 13:41:18.927000,14745.0,14985.0,14720.0,14780.0,nan,14842.005,109751,8144624700.0,114893,14750.0,36,14745.0,110,14755.0,62,14740.0,354,14760.0,35,14735.0,299,14765.0,18,14730.0,176,14770.0,170,14725.0,245
1597988479119975936,1597988479433000192,2020-08-21 13:41:19.433000,14745.0,14985.0,14720.0,14780.0,nan,14841.997,109760,8145288225.0,114902,14750.0,37,14745.0,101,14755.0,62,14740.0,354,14760.0,35,14735.0,299,14765.0,18,14730.0,176,14770.0,170,14725.0,245
1597988480105508096,1597988480416999936,2020-08-21 13:41:20.417000,14745.0,14985.0,14720.0,14780.0,nan,14841.997,109760,8145288225.0,114902,14750.0,37,14745.0,101,14755.0,52,14740.0,354,14760.0,35,14735.0,299,14765.0,18,14730.0,176,14770.0,170,14725.0,245
1597988481621615104,1597988481937999872,2020-08-21 13:41:21.938000,14745.0,14985.0,14720.0,14780.0,nan,14841.997,109760,8145288225.0,114902,14750.0,42,14745.0,101,14755.0,52,14740.0,354,14760.0,35,14735.0,299,14765.0,18,14730.0,176,14770.0,170,14725.0,245
1597988483114254080,1597988483434000128,2020-08-21 13:41:23.434000,14745.0,14985.0,14720.0,14780.0,nan,14841.997,109760,8145288225.0,114902,14750.0,42,14745.0,101,14755.0,52,14740.0,349,14760.0,35,14735.0,299,14765.0,18,14730.0,176,14770.0,170,14725.0,245
1597988483614012928,1597988483932000000,2020-08-21 13:41:23.932000,14745.0,14985.0,14720.0,14780.0,nan,14841.997,109760,8145288225.0,114902,14750.0,42,14745.0,101,14755.0,44,14740.0,344,14760.0,35,14735.0,299,14765.0,18,14730.0,176,14770.0,170,14725.0,245
1597988484121884928,1597988484434000128,2020-08-21 13:41:24.434000,14745.0,14985.0,14720.0,14780.0,nan,14841.99,109769,8145951750.0,114902,14750.0,50,14745.0,92,14755.0,54,14740.0,339,14760.0,35,14735.0,299,14765.0,18,14730.0,176,14770.0,170,14725.0,245
1597988484616762112,1597988484915000064,2020-08-21 13:41:24.915000,14745.0,14985.0,14720.0,14780.0,nan,14841.918,109850,8151923475.0,114912,14745.0,17,14740.0,334,14750.0,50,14735.0,299,14755.0,54,14730.0,176,14760.0,35,14725.0,245,14765.0,18,14720.0,165
1597988485124055040,1597988485431000064,2020-08-21 13:41:25.431000,14745.0,14985.0,14720.0,14780.0,nan,14841.918,109850,8151923475.0,114912,14745.0,24,14740.0,333,14750.0,49,14735.0,298,14755.0,51,14730.0,176,14760.0,35,14725.0,246,14765.0,18,14720.0,165
1597988485623799040,1597988485936000000,2020-08-21 13:41:25.936000,14745.0,14985.0,14720.0,14780.0,nan,14841.918,109850,8151923475.0,114912,14745.0,29,14740.0,334,14750.0,49,14735.0,298,14755.0,51,14730.0,176,14760.0,35,14725.0,246,14765.0,18,14720.0,165
1597988486110929920,1597988486437999872,2020-08-21 13:41:26.438000,14745.0,14985.0,14720.0,14780.0,nan,14841.918,109850,8151923475.0,114912,14745.0,39,14740.0,334,14750.0,47,14735.0,298,14755.0,50,14730.0,176,14760.0,35,14725.0,246,14765.0,18,14720.0,165
1597988486614816000,1597988486928000000,2020-08-21 13:41:26.928000,14745.0,14985.0,14720.0,14780.0,nan,14841.918,109850,8151923475.0,114912,14745.0,48,14740.0,334,14750.0,47,14735.0,298,14755.0,50,14730.0,176,14760.0,34,14725.0,246,14765.0,18,14720.0,165
1597988487106095104,1597988487435000064,2020-08-21 13:41:27.435000,14745.0,14985.0,14720.0,14780.0,nan,14841.918,109850,8151923475.0,114912,14745.0,48,14740.0,334,14750.0,49,14735.0,298,14755.0,50,14730.0,176,14760.0,34,14725.0,246,14765.0,18,14720.0,165
1597988488107156992,1597988488431000064,2020-08-21 13:41:28.431000,14745.0,14985.0,14720.0,14780.0,nan,14841.918,109850,8151923475.0,114912,14745.0,48,14740.0,334,14750.0,44,14735.0,298,14755.0,50,14730.0,176,14760.0,34,14725.0,246,14765.0,18,14720.0,165
1597988489124627968,1597988489436000000,2020-08-21 13:41:29.436000,14745.0,14985.0,14720.0,14780.0,nan,14841.918,109850,8151923475.0,114912,14745.0,53,14740.0,334,14750.0,44,14735.0,298,14755.0,50,14730.0,176,14760.0,34,14725.0,246,14765.0,18,14720.0,165
1597988489602654976,1597988489936999936,2020-08-21 13:41:29.937000,14745.0,14985.0,14720.0,14780.0,nan,14841.918,109850,8151923475.0,114912,14745.0,53,14740.0,334,14750.0,44,14735.0,298,14755.0,43,14730.0,176,14760.0,34,14725.0,246,14765.0,18,14720.0,165
1597988490111788032,1597988490401999872,2020-08-21 13:41:30.402000,14745.0,14985.0,14720.0,14780.0,nan,14841.918,109850,8151923475.0,114912,14745.0,61,14740.0,334,14750.0,39,14735.0,298,14755.0,43,14730.0,176,14760.0,34,14725.0,246,14765.0,18,14720.0,165
1597988496611347968,1597988496937999872,2020-08-21 13:41:36.938000,14745.0,14985.0,14720.0,14780.0,nan,14841.918,109850,8151923475.0,114912,14745.0,61,14740.0,335,14750.0,39,14735.0,298,14755.0,43,14730.0,176,14760.0,34,14725.0,246,14765.0,18,14720.0,165
1597988497618002944,1597988497903000064,2020-08-21 13:41:37.903000,14745.0,14985.0,14720.0,14780.0,nan,14841.918,109850,8151923475.0,114912,14745.0,62,14740.0,335,14750.0,39,14735.0,298,14755.0,43,14730.0,176,14760.0,34,14725.0,246,14765.0,18,14720.0,165
1597988498114061056,1597988498437999872,2020-08-21 13:41:38.438000,14745.0,14985.0,14720.0,14780.0,nan,14841.918,109850,8151923475.0,114912,14745.0,62,14740.0,335,14750.0,39,14735.0,298,14755.0,43,14730.0,176,14760.0,34,14725.0,246,14765.0,17,14720.0,165
1597988500148826880,1597988500435000064,2020-08-21 13:41:40.435000,14745.0,14985.0,14720.0,14780.0,nan,14841.918,109850,8151923475.0,114912,14745.0,62,14740.0,335,14750.0,49,14735.0,298,14755.0,43,14730.0,176,14760.0,34,14725.0,246,14765.0,17,14720.0,165
1597988502133150976,1597988502404999936,2020-08-21 13:41:42.405000,14740.0,14985.0,14720.0,14780.0,nan,14841.917,109851,8151997175.0,114911,14745.0,62,14740.0,335,14750.0,49,14735.0,298,14755.0,43,14730.0,176,14760.0,34,14725.0,246,14765.0,17,14720.0,165
1597988504616292096,1597988504926000128,2020-08-21 13:41:44.926000,14740.0,14985.0,14720.0,14780.0,nan,14841.917,109851,8151997175.0,114911,14745.0,62,14740.0,338,14750.0,49,14735.0,298,14755.0,43,14730.0,176,14760.0,34,14725.0,246,14765.0,17,14720.0,165
1597988506614065920,1597988506926000128,2020-08-21 13:41:46.926000,14740.0,14985.0,14720.0,14780.0,nan,14841.917,109851,8151997175.0,114911,14745.0,70,14740.0,338,14750.0,49,14735.0,298,14755.0,43,14730.0,176,14760.0,34,14725.0,246,14765.0,17,14720.0,165
1597988507109992960,1597988507423000064,2020-08-21 13:41:47.423000,14740.0,14985.0,14720.0,14780.0,nan,14841.917,109851,8151997175.0,114911,14745.0,71,14740.0,338,14750.0,49,14735.0,298,14755.0,43,14730.0,176,14760.0,34,14725.0,246,14765.0,17,14720.0,165
1597988508633214976,1597988508938999808,2020-08-21 13:41:48.939000,14740.0,14985.0,14720.0,14780.0,nan,14841.917,109851,8151997175.0,114911,14745.0,71,14740.0,438,14750.0,49,14735.0,298,14755.0,43,14730.0,176,14760.0,34,14725.0,246,14765.0,17,14720.0,165
1597988511145647104,1597988511416999936,2020-08-21 13:41:51.417000,14745.0,14985.0,14720.0,14780.0,nan,14841.854,109923,8157305375.0,114892,14750.0,49,14745.0,28,14755.0,43,14740.0,438,14760.0,34,14735.0,298,14765.0,17,14730.0,176,14770.0,170,14725.0,246
1597988511610516992,1597988511924999936,2020-08-21 13:41:51.925000,14745.0,14985.0,14720.0,14780.0,nan,14841.854,109923,8157305375.0,114892,14750.0,50,14745.0,32,14755.0,43,14740.0,438,14760.0,34,14735.0,298,14765.0,17,14730.0,176,14770.0,170,14725.0,246
1597988512114554112,1597988512430000128,2020-08-21 13:41:52.430000,14745.0,14985.0,14720.0,14780.0,nan,14841.854,109923,8157305375.0,114892,14750.0,49,14745.0,32,14755.0,43,14740.0,438,14760.0,34,14735.0,298,14765.0,17,14730.0,176,14770.0,170,14725.0,246
1597988512624527872,1597988512914000128,2020-08-21 13:41:52.914000,14745.0,14985.0,14720.0,14780.0,nan,14841.854,109923,8157305375.0,114892,14750.0,50,14745.0,34,14755.0,43,14740.0,438,14760.0,34,14735.0,298,14765.0,17,14730.0,176,14770.0,170,14725.0,246
1597988513630044928,1597988513936000000,2020-08-21 13:41:53.936000,14745.0,14985.0,14720.0,14780.0,nan,14841.854,109923,8157305375.0,114892,14750.0,51,14745.0,34,14755.0,43,14740.0,438,14760.0,34,14735.0,298,14765.0,17,14730.0,176,14770.0,170,14725.0,246
1597988515625206016,1597988515927000064,2020-08-21 13:41:55.927000,14745.0,14985.0,14720.0,14780.0,nan,14841.854,109923,8157305375.0,114892,14750.0,51,14745.0,37,14755.0,43,14740.0,438,14760.0,34,14735.0,298,14765.0,17,14730.0,176,14770.0,170,14725.0,246
1597988517123098112,1597988517398999808,2020-08-21 13:41:57.399000,14745.0,14985.0,14720.0,14780.0,nan,14841.854,109923,8157305375.0,114892,14750.0,141,14745.0,37,14755.0,43,14740.0,438,14760.0,34,14735.0,298,14765.0,17,14730.0,176,14770.0,170,14725.0,246
1597988517619961088,1597988517930000128,2020-08-21 13:41:57.930000,14745.0,14985.0,14720.0,14780.0,nan,14841.824,109957,8159812025.0,114873,14750.0,142,14740.0,438,14755.0,43,14735.0,298,14760.0,34,14730.0,176,14765.0,17,14725.0,246,14770.0,170,14720.0,165
1597988518114822912,1597988518431000064,2020-08-21 13:41:58.431000,14745.0,14985.0,14720.0,14780.0,nan,14841.824,109957,8159812025.0,114873,14745.0,7,14740.0,439,14750.0,140,14735.0,298,14755.0,43,14730.0,176,14760.0,34,14725.0,246,14765.0,17,14720.0,165
1597988518702295040,1597988518930000128,2020-08-21 13:41:58.930000,14745.0,14985.0,14720.0,14780.0,nan,14841.824,109957,8159812025.0,114873,14745.0,8,14740.0,439,14750.0,141,14735.0,298,14755.0,43,14730.0,176,14760.0,34,14725.0,246,14765.0,17,14720.0,165
1597988520621281024,1597988520937999872,2020-08-21 13:42:00.938000,14745.0,14985.0,14720.0,14780.0,nan,14841.824,109957,8159812025.0,114873,14745.0,8,14740.0,440,14750.0,141,14735.0,298,14755.0,43,14730.0,176,14760.0,34,14725.0,246,14765.0,17,14720.0,165
1597988521122821120,1597988521368000000,2020-08-21 13:42:01.368000,14745.0,14985.0,14720.0,14780.0,nan,14841.821,109960,8160033200.0,114875,14745.0,5,14740.0,440,14750.0,141,14735.0,298,14755.0,43,14730.0,176,14760.0,34,14725.0,246,14765.0,17,14720.0,165
1597988521616773120,1597988521926000128,2020-08-21 13:42:01.926000,14745.0,14985.0,14720.0,14780.0,nan,14841.817,109965,8160401825.0,114871,14750.0,141,14740.0,440,14755.0,43,14735.0,298,14760.0,34,14730.0,176,14765.0,17,14725.0,246,14770.0,170,14720.0,165
1597988522106682880,1597988522437999872,2020-08-21 13:42:02.438000,14745.0,14985.0,14720.0,14780.0,nan,14841.817,109965,8160401825.0,114871,14750.0,142,14740.0,441,14755.0,43,14735.0,298,14760.0,34,14730.0,176,14765.0,17,14725.0,246,14770.0,170,14720.0,165
1597988523126924032,1597988523433000192,2020-08-21 13:42:03.433000,14745.0,14985.0,14720.0,14780.0,nan,14841.817,109965,8160401825.0,114871,14745.0,5,14740.0,441,14750.0,142,14735.0,298,14755.0,43,14730.0,176,14760.0,34,14725.0,246,14765.0,17,14720.0,165
1597988523619118080,1597988523927000064,2020-08-21 13:42:03.927000,14745.0,14985.0,14720.0,14780.0,nan,14841.817,109965,8160401825.0,114871,14745.0,9,14740.0,441,14750.0,142,14735.0,298,14755.0,43,14730.0,176,14760.0,34,14725.0,246,14765.0,17,14720.0,165
1597988525629444096,1597988525935000064,2020-08-21 13:42:05.935000,14745.0,14985.0,14720.0,14780.0,nan,14841.817,109965,8160401825.0,114871,14745.0,9,14740.0,341,14750.0,142,14735.0,298,14755.0,43,14730.0,176,14760.0,34,14725.0,246,14765.0,17,14720.0,165
1597988526119831040,1597988526364000000,2020-08-21 13:42:06.364000,14740.0,14985.0,14720.0,14780.0,nan,14841.807,109975,8161138825.0,114871,14745.0,21,14740.0,331,14750.0,135,14735.0,298,14755.0,43,14730.0,176,14760.0,34,14725.0,246,14765.0,17,14720.0,165
1597988526621415936,1597988526920000000,2020-08-21 13:42:06.920000,14745.0,14985.0,14720.0,14780.0,nan,14841.806,109976,8161212550.0,114871,14745.0,23,14740.0,331,14750.0,133,14735.0,298,14755.0,43,14730.0,176,14760.0,34,14725.0,246,14765.0,17,14720.0,165
1597988528619328000,1597988528936999936,2020-08-21 13:42:08.937000,14745.0,14985.0,14720.0,14780.0,nan,14841.806,109976,8161212550.0,114871,14745.0,23,14740.0,331,14750.0,145,14735.0,298,14755.0,43,14730.0,176,14760.0,34,14725.0,246,14765.0,17,14720.0,165
1597988538611836928,1597988538927000064,2020-08-21 13:42:18.927000,14745.0,14985.0,14720.0,14780.0,nan,14841.806,109976,8161212550.0,114871,14745.0,34,14740.0,331,14750.0,145,14735.0,298,14755.0,43,14730.0,176,14760.0,34,14725.0,246,14765.0,17,14720.0,165
1597988539121070080,1597988539407000064,2020-08-21 13:42:19.407000,14745.0,14985.0,14720.0,14780.0,nan,14841.806,109977,8161286275.0,114870,14745.0,33,14740.0,331,14750.0,145,14735.0,298,14755.0,43,14730.0,176,14760.0,34,14725.0,246,14765.0,17,14720.0,165
1597988540620204032,1597988540915000064,2020-08-21 13:42:20.915000,14745.0,14985.0,14720.0,14780.0,nan,14841.797,109987,8162023525.0,114874,14745.0,23,14740.0,331,14750.0,145,14735.0,298,14755.0,43,14730.0,176,14760.0,34,14725.0,246,14765.0,17,14720.0,165
1597988541149698048,1597988541416999936,2020-08-21 13:42:21.417000,14745.0,14985.0,14720.0,14780.0,nan,14841.795,109989,8162170975.0,114874,14745.0,22,14740.0,331,14750.0,145,14735.0,298,14755.0,43,14730.0,176,14760.0,34,14725.0,246,14765.0,17,14720.0,165
1597988544125338112,1597988544432000000,2020-08-21 13:42:24.432000,14745.0,14985.0,14720.0,14780.0,nan,14841.795,109989,8162170975.0,114874,14745.0,22,14740.0,332,14750.0,145,14735.0,298,14755.0,43,14730.0,176,14760.0,34,14725.0,246,14765.0,17,14720.0,165
1597988544626452992,1597988544898000128,2020-08-21 13:42:24.898000,14745.0,14985.0,14720.0,14780.0,nan,14841.79,109995,8162613325.0,114880,14745.0,17,14740.0,332,14750.0,145,14735.0,298,14755.0,43,14730.0,176,14760.0,34,14725.0,246,14765.0,17,14720.0,165
1597988545635411968,1597988545928999936,2020-08-21 13:42:25.929000,14745.0,14985.0,14720.0,14780.0,nan,14841.787,109998,8162834500.0,114883,14745.0,14,14740.0,329,14750.0,145,14735.0,298,14755.0,43,14730.0,176,14760.0,34,14725.0,246,14765.0,17,14720.0,165
1597988548113850880,1597988548418999808,2020-08-21 13:42:28.419000,14745.0,14985.0,14720.0,14780.0,nan,14841.778,110008,8163571750.0,114883,14745.0,4,14740.0,329,14750.0,145,14735.0,298,14755.0,43,14730.0,176,14760.0,34,14725.0,246,14765.0,17,14720.0,165
1597988548643357952,1597988548936999936,2020-08-21 13:42:28.937000,14745.0,14985.0,14720.0,14780.0,nan,14841.777,110010,8163719200.0,114883,14745.0,2,14740.0,329,14750.0,55,14735.0,298,14755.0,43,14730.0,176,14760.0,34,14725.0,246,14765.0,17,14720.0,165
1597988549124814080,1597988549428999936,2020-08-21 13:42:29.429000,14745.0,14985.0,14720.0,14780.0,nan,14841.774,110013,8163940375.0,114885,14750.0,55,14745.0,17,14755.0,43,14740.0,329,14760.0,34,14735.0,298,14765.0,17,14730.0,176,14770.0,170,14725.0,246
1597988549615919104,1597988549914000128,2020-08-21 13:42:29.914000,14750.0,14985.0,14720.0,14780.0,nan,14841.758,110031,8165267450.0,114885,14750.0,55,14745.0,14,14755.0,43,14740.0,330,14760.0,34,14735.0,298,14765.0,17,14730.0,176,14770.0,170,14725.0,246
1597988550162674944,1597988550432000000,2020-08-21 13:42:30.432000,14750.0,14985.0,14720.0,14780.0,nan,14841.758,110031,8165267450.0,114885,14750.0,57,14745.0,19,14755.0,43,14740.0,330,14760.0,34,14735.0,298,14765.0,17,14730.0,176,14770.0,170,14725.0,246
1597988550616361984,1597988550926000128,2020-08-21 13:42:30.926000,14750.0,14985.0,14720.0,14780.0,nan,14841.758,110031,8165267450.0,114885,14750.0,57,14745.0,25,14755.0,43,14740.0,330,14760.0,34,14735.0,298,14765.0,17,14730.0,176,14770.0,170,14725.0,246
1597988552621504000,1597988552898000128,2020-08-21 13:42:32.898000,14750.0,14985.0,14720.0,14780.0,nan,14841.753,110037,8165709825.0,114880,14750.0,56,14745.0,20,14755.0,43,14740.0,331,14760.0,34,14735.0,298,14765.0,17,14730.0,176,14770.0,170,14725.0,246
1597988553111740928,1597988553437999872,2020-08-21 13:42:33.438000,14745.0,14985.0,14720.0,14780.0,nan,14841.752,110038,8165783550.0,114880,14750.0,56,14745.0,22,14755.0,43,14740.0,331,14760.0,34,14735.0,298,14765.0,17,14730.0,176,14770.0,170,14725.0,246
1597988554125552896,1597988554434000128,2020-08-21 13:42:34.434000,14745.0,14985.0,14720.0,14780.0,nan,14841.752,110038,8165783550.0,114880,14750.0,56,14745.0,26,14755.0,43,14740.0,331,14760.0,34,14735.0,298,14765.0,17,14730.0,176,14770.0,170,14725.0,246
1597988554621768960,1597988554935000064,2020-08-21 13:42:34.935000,14745.0,14985.0,14720.0,14780.0,nan,14841.752,110038,8165783550.0,114880,14750.0,59,14745.0,28,14755.0,43,14740.0,331,14760.0,34,14735.0,298,14765.0,17,14730.0,176,14770.0,170,14725.0,246
1597988555132094976,1597988555436000000,2020-08-21 13:42:35.436000,14745.0,14985.0,14720.0,14780.0,nan,14841.752,110038,8165783550.0,114880,14750.0,58,14745.0,29,14755.0,43,14740.0,331,14760.0,34,14735.0,298,14765.0,17,14730.0,176,14770.0,170,14725.0,246
1597988555617152000,1597988555932000000,2020-08-21 13:42:35.932000,14745.0,14985.0,14720.0,14780.0,nan,14841.752,110038,8165783550.0,114880,14750.0,58,14745.0,30,14755.0,43,14740.0,331,14760.0,35,14735.0,298,14765.0,17,14730.0,176,14770.0,170,14725.0,246
1597988556140175104,1597988556431000064,2020-08-21 13:42:36.431000,14745.0,14985.0,14720.0,14780.0,nan,14841.752,110038,8165783550.0,114880,14750.0,58,14745.0,30,14755.0,44,14740.0,331,14760.0,35,14735.0,298,14765.0,17,14730.0,176,14770.0,170,14725.0,246
1597988557124311040,1597988557396000000,2020-08-21 13:42:37.396000,14745.0,14985.0,14720.0,14780.0,nan,14841.752,110038,8165783550.0,114880,14750.0,73,14745.0,30,14755.0,44,14740.0,331,14760.0,35,14735.0,299,14765.0,17,14730.0,176,14770.0,170,14725.0,246
1597988557613585920,1597988557924999936,2020-08-21 13:42:37.925000,14745.0,14985.0,14720.0,14780.0,nan,14841.752,110038,8165783550.0,114880,14750.0,73,14745.0,30,14755.0,44,14740.0,331,14760.0,36,14735.0,299,14765.0,17,14730.0,176,14770.0,170,14725.0,246
1597988560628475904,1597988560904999936,2020-08-21 13:42:40.905000,14745.0,14985.0,14720.0,14780.0,nan,14841.752,110038,8165783550.0,114880,14750.0,74,14745.0,30,14755.0,44,14740.0,331,14760.0,36,14735.0,299,14765.0,17,14730.0,176,14770.0,170,14725.0,246
1597988565623280128,1597988565936999936,2020-08-21 13:42:45.937000,14745.0,14985.0,14720.0,14780.0,nan,14841.726,110068,8167995300.0,114893,14745.0,66,14740.0,331,14750.0,74,14735.0,299,14755.0,44,14730.0,176,14760.0,36,14725.0,246,14765.0,17,14720.0,165
1597988566132766976,1597988566436999936,2020-08-21 13:42:46.437000,14745.0,14985.0,14720.0,14780.0,nan,14841.726,110068,8167995300.0,114893,14745.0,67,14740.0,329,14750.0,74,14735.0,299,14755.0,44,14730.0,176,14760.0,36,14725.0,246,14765.0,17,14720.0,165
1597988566625040896,1597988566917999872,2020-08-21 13:42:46.918000,14745.0,14985.0,14720.0,14780.0,nan,14841.724,110070,8168142750.0,114893,14745.0,65,14740.0,329,14750.0,74,14735.0,299,14755.0,44,14730.0,176,14760.0,36,14725.0,246,14765.0,17,14720.0,165
1597988567125266944,1597988567430000128,2020-08-21 13:42:47.430000,14745.0,14985.0,14720.0,14780.0,nan,14841.724,110070,8168142750.0,114893,14745.0,65,14740.0,330,14750.0,74,14735.0,299,14755.0,44,14730.0,176,14760.0,36,14725.0,246,14765.0,17,14720.0,165
1597988568626266880,1597988568924999936,2020-08-21 13:42:48.925000,14745.0,14985.0,14720.0,14780.0,nan,14841.724,110070,8168142750.0,114893,14745.0,65,14740.0,330,14750.0,74,14735.0,299,14755.0,46,14730.0,176,14760.0,36,14725.0,246,14765.0,17,14720.0,165
1597988571611343872,1597988571936999936,2020-08-21 13:42:51.937000,14745.0,14985.0,14720.0,14780.0,nan,14841.724,110070,8168142750.0,114893,14745.0,66,14740.0,330,14750.0,73,14735.0,299,14755.0,46,14730.0,176,14760.0,36,14725.0,246,14765.0,17,14720.0,165
1597988574135912960,1597988574424999936,2020-08-21 13:42:54.425000,14745.0,14985.0,14720.0,14780.0,nan,14841.724,110070,8168142750.0,114893,14745.0,71,14740.0,330,14750.0,73,14735.0,299,14755.0,46,14730.0,176,14760.0,36,14725.0,246,14765.0,17,14720.0,165
1597988575619438080,1597988575937999872,2020-08-21 13:42:55.938000,14740.0,14985.0,14720.0,14780.0,nan,14841.72,110074,8168437550.0,114893,14745.0,71,14740.0,326,14750.0,73,14735.0,299,14755.0,46,14730.0,176,14760.0,36,14725.0,246,14765.0,17,14720.0,165
1597988576115458048,1597988576433000192,2020-08-21 13:42:56.433000,14740.0,14985.0,14720.0,14780.0,nan,14841.72,110074,8168437550.0,114893,14745.0,72,14740.0,326,14750.0,73,14735.0,299,14755.0,46,14730.0,176,14760.0,36,14725.0,246,14765.0,17,14720.0,165
1597988576609204992,1597988576927000064,2020-08-21 13:42:56.927000,14740.0,14985.0,14720.0,14780.0,nan,14841.72,110074,8168437550.0,114893,14745.0,73,14740.0,326,14750.0,73,14735.0,299,14755.0,46,14730.0,176,14760.0,36,14725.0,246,14765.0,17,14720.0,165
1597988577114569984,1597988577428000000,2020-08-21 13:42:57.428000,14740.0,14985.0,14720.0,14780.0,nan,14841.72,110074,8168437550.0,114893,14745.0,73,14740.0,326,14750.0,73,14735.0,299,14755.0,46,14730.0,176,14760.0,36,14725.0,246,14765.0,27,14720.0,165
1597988578118070016,1597988578438999808,2020-08-21 13:42:58.439000,14745.0,14985.0,14720.0,14780.0,nan,14841.677,110123,8172050075.0,114942,14745.0,24,14740.0,326,14750.0,73,14735.0,299,14755.0,46,14730.0,176,14760.0,36,14725.0,246,14765.0,27,14720.0,165
1597988578702413056,1597988578933000192,2020-08-21 13:42:58.933000,14745.0,14985.0,14720.0,14780.0,nan,14841.677,110123,8172050075.0,114942,14745.0,28,14740.0,326,14750.0,73,14735.0,299,14755.0,46,14730.0,176,14760.0,36,14725.0,246,14765.0,27,14720.0,165
1597988579127294976,1597988579436000000,2020-08-21 13:42:59.436000,14745.0,14985.0,14720.0,14780.0,nan,14841.677,110123,8172050075.0,114942,14745.0,28,14740.0,326,14750.0,73,14735.0,299,14755.0,47,14730.0,176,14760.0,36,14725.0,246,14765.0,27,14720.0,165
1597988580111131904,1597988580437999872,2020-08-21 13:43:00.438000,14745.0,14985.0,14720.0,14780.0,nan,14841.677,110123,8172050075.0,114942,14745.0,29,14740.0,326,14750.0,73,14735.0,299,14755.0,47,14730.0,176,14760.0,36,14725.0,246,14765.0,27,14720.0,165
1597988580621383936,1597988580936999936,2020-08-21 13:43:00.937000,14745.0,14985.0,14720.0,14780.0,nan,14841.676,110124,8172123800.0,114943,14745.0,30,14740.0,326,14750.0,73,14735.0,299,14755.0,47,14730.0,176,14760.0,36,14725.0,246,14765.0,27,14720.0,165
1597988581108945920,1597988581411000064,2020-08-21 13:43:01.411000,14745.0,14985.0,14720.0,14780.0,nan,14841.675,110125,8172197525.0,114944,14745.0,29,14740.0,326,14750.0,73,14735.0,299,14755.0,47,14730.0,176,14760.0,37,14725.0,246,14765.0,27,14720.0,165
1597988581626266112,1597988581927000064,2020-08-21 13:43:01.927000,14745.0,14985.0,14720.0,14780.0,nan,14841.672,110129,8172492425.0,114948,14745.0,25,14740.0,326,14750.0,73,14735.0,299,14755.0,47,14730.0,176,14760.0,37,14725.0,246,14765.0,27,14720.0,165
1597988582105271040,1597988582438999808,2020-08-21 13:43:02.439000,14745.0,14985.0,14720.0,14780.0,nan,14841.672,110129,8172492425.0,114948,14745.0,28,14740.0,326,14750.0,74,14735.0,299,14755.0,47,14730.0,176,14760.0,37,14725.0,246,14765.0,27,14720.0,165
1597988582634141952,1597988582932000000,2020-08-21 13:43:02.932000,14745.0,14985.0,14720.0,14780.0,nan,14841.672,110129,8172492425.0,114948,14745.0,29,14740.0,326,14750.0,74,14735.0,299,14755.0,47,14730.0,176,14760.0,37,14725.0,246,14765.0,27,14720.0,165
1597988583123640064,1597988583432000000,2020-08-21 13:43:03.432000,14740.0,14985.0,14720.0,14780.0,nan,14841.668,110133,8172787250.0,114946,14745.0,28,14740.0,323,14750.0,74,14735.0,299,14755.0,47,14730.0,176,14760.0,37,14725.0,246,14765.0,27,14720.0,165
1597988583615920896,1597988583936000000,2020-08-21 13:43:03.936000,14740.0,14985.0,14720.0,14780.0,nan,14841.668,110133,8172787250.0,114946,14745.0,30,14740.0,323,14750.0,74,14735.0,299,14755.0,47,14730.0,176,14760.0,37,14725.0,246,14765.0,27,14720.0,165
1597988584122397952,1597988584437999872,2020-08-21 13:43:04.438000,14740.0,14985.0,14720.0,14780.0,nan,14841.668,110133,8172787250.0,114946,14745.0,32,14740.0,323,14750.0,74,14735.0,299,14755.0,47,14730.0,176,14760.0,37,14725.0,246,14765.0,27,14720.0,165
1597988584622490112,1597988584900000000,2020-08-21 13:43:04.900000,14740.0,14985.0,14720.0,14780.0,nan,14841.668,110133,8172787250.0,114946,14745.0,33,14740.0,323,14750.0,74,14735.0,299,14755.0,47,14730.0,176,14760.0,37,14725.0,246,14765.0,27,14720.0,165
1597988585637220096,1597988585908000000,2020-08-21 13:43:05.908000,14740.0,14985.0,14720.0,14780.0,nan,14841.668,110133,8172787250.0,114946,14745.0,34,14740.0,323,14750.0,74,14735.0,299,14755.0,47,14730.0,176,14760.0,37,14725.0,246,14765.0,27,14720.0,165
1597988586120615936,1597988586426000128,2020-08-21 13:43:06.426000,14740.0,14985.0,14720.0,14780.0,nan,14841.668,110133,8172787250.0,114946,14745.0,47,14740.0,323,14750.0,74,14735.0,299,14755.0,47,14730.0,176,14760.0,37,14725.0,246,14765.0,27,14720.0,165
1597988587612478976,1597988587937999872,2020-08-21 13:43:07.938000,14740.0,14985.0,14720.0,14780.0,nan,14841.668,110133,8172787250.0,114946,14745.0,47,14740.0,323,14750.0,75,14735.0,299,14755.0,47,14730.0,176,14760.0,37,14725.0,246,14765.0,27,14720.0,165
1597988588112107008,1597988588329999872,2020-08-21 13:43:08.330000,14740.0,14985.0,14720.0,14780.0,nan,14841.668,110133,8172787250.0,114946,14745.0,48,14740.0,323,14750.0,75,14735.0,299,14755.0,47,14730.0,176,14760.0,37,14725.0,246,14765.0,27,14720.0,165
1597988588661852928,1597988588916000000,2020-08-21 13:43:08.916000,14740.0,14985.0,14720.0,14780.0,nan,14841.667,110134,8172860950.0,114946,14745.0,49,14740.0,322,14750.0,75,14735.0,299,14755.0,47,14730.0,176,14760.0,37,14725.0,246,14765.0,27,14720.0,165
1597988592123407104,1597988592433000192,2020-08-21 13:43:12.433000,14745.0,14985.0,14720.0,14780.0,nan,14841.666,110135,8172934675.0,114947,14745.0,48,14740.0,322,14750.0,75,14735.0,299,14755.0,47,14730.0,176,14760.0,37,14725.0,246,14765.0,27,14720.0,165
1597988594614960896,1597988595000000000,2020-08-21 13:43:15.000000,14740.0,14985.0,14720.0,14780.0,nan,14841.663,110139,8173229475.0,114943,14745.0,48,14740.0,318,14750.0,75,14735.0,299,14755.0,47,14730.0,176,14760.0,37,14725.0,246,14765.0,27,14720.0,165
1597988595121705984,1597988595428000000,2020-08-21 13:43:15.428000,14740.0,14985.0,14720.0,14780.0,nan,14841.663,110139,8173229475.0,114943,14745.0,48,14740.0,322,14750.0,75,14735.0,299,14755.0,47,14730.0,176,14760.0,37,14725.0,246,14765.0,27,14720.0,165
1597988595616698880,1597988596000000000,2020-08-21 13:43:16.000000,14745.0,14985.0,14720.0,14780.0,nan,14841.656,110147,8173819275.0,114947,14745.0,40,14740.0,323,14750.0,75,14735.0,299,14755.0,47,14730.0,176,14760.0,37,14725.0,246,14765.0,27,14720.0,165
1597988596626202112,1597988596928999936,2020-08-21 13:43:16.929000,14740.0,14985.0,14720.0,14780.0,nan,14841.638,110167,8175293400.0,114939,14745.0,36,14740.0,308,14750.0,75,14735.0,299,14755.0,47,14730.0,176,14760.0,37,14725.0,246,14765.0,27,14720.0,165
1597988598615700992,1597988598928000000,2020-08-21 13:43:18.928000,14745.0,14985.0,14720.0,14780.0,nan,14841.637,110168,8175367125.0,114939,14745.0,35,14740.0,308,14750.0,75,14735.0,299,14755.0,47,14730.0,176,14760.0,37,14725.0,246,14765.0,27,14720.0,165
1597988599623856896,1597988599933000192,2020-08-21 13:43:19.933000,14745.0,14985.0,14720.0,14780.0,nan,14841.637,110168,8175367125.0,114939,14745.0,33,14740.0,308,14750.0,75,14735.0,299,14755.0,47,14730.0,176,14760.0,37,14725.0,246,14765.0,27,14720.0,165
1597988600606428928,1597988600936999936,2020-08-21 13:43:20.937000,14740.0,14985.0,14720.0,14780.0,nan,14841.636,110169,8175440825.0,114939,14745.0,33,14740.0,307,14750.0,75,14735.0,299,14755.0,47,14730.0,176,14760.0,37,14725.0,246,14765.0,27,14720.0,165
1597988601125445888,1597988601432000000,2020-08-21 13:43:21.432000,14740.0,14985.0,14720.0,14780.0,nan,14841.636,110169,8175440825.0,114939,14745.0,34,14740.0,309,14750.0,75,14735.0,299,14755.0,47,14730.0,176,14760.0,37,14725.0,246,14765.0,27,14720.0,165
1597988604114724096,1597988604427000064,2020-08-21 13:43:24.427000,14745.0,14985.0,14720.0,14780.0,nan,14841.635,110170,8175514550.0,114938,14745.0,33,14740.0,310,14750.0,75,14735.0,299,14755.0,47,14730.0,176,14760.0,37,14725.0,246,14765.0,27,14720.0,165
1597988604616076032,1597988604928999936,2020-08-21 13:43:24.929000,14745.0,14985.0,14720.0,14780.0,nan,14841.635,110170,8175514550.0,114938,14745.0,33,14740.0,311,14750.0,75,14735.0,299,14755.0,47,14730.0,176,14760.0,37,14725.0,246,14765.0,27,14720.0,165
1597988615614283008,1597988616000000000,2020-08-21 13:43:36.000000,14745.0,14985.0,14720.0,14780.0,nan,14841.635,110170,8175514550.0,114938,14745.0,29,14740.0,311,14750.0,75,14735.0,299,14755.0,47,14730.0,176,14760.0,37,14725.0,246,14765.0,27,14720.0,165
1597988616120865024,1597988616423000064,2020-08-21 13:43:36.423000,14745.0,14985.0,14720.0,14780.0,nan,14841.629,110177,8176030625.0,114940,14745.0,23,14740.0,311,14750.0,75,14735.0,299,14755.0,47,14730.0,176,14760.0,37,14725.0,246,14765.0,27,14720.0,165
1597988616625433088,1597988617000000000,2020-08-21 13:43:37.000000,14745.0,14985.0,14720.0,14780.0,nan,14841.626,110180,8176251800.0,114939,14745.0,19,14740.0,312,14750.0,75,14735.0,299,14755.0,47,14730.0,176,14760.0,37,14725.0,246,14765.0,27,14720.0,165
1597988617128855040,1597988617436999936,2020-08-21 13:43:37.437000,14745.0,14985.0,14720.0,14780.0,nan,14841.609,110199,8177652575.0,114958,14750.0,75,14740.0,312,14755.0,47,14735.0,299,14760.0,37,14730.0,176,14765.0,27,14725.0,246,14770.0,170,14720.0,165
1597988617627343872,1597988617926000128,2020-08-21 13:43:37.926000,14745.0,14985.0,14720.0,14780.0,nan,14841.608,110201,8177800025.0,114960,14750.0,75,14745.0,1,14755.0,47,14740.0,312,14760.0,37,14735.0,299,14765.0,27,14730.0,176,14770.0,170,14725.0,246
1597988618107698944,1597988618381999872,2020-08-21 13:43:38.382000,14745.0,14985.0,14720.0,14780.0,nan,14841.607,110202,8177873750.0,114961,14750.0,77,14745.0,7,14755.0,47,14740.0,319,14760.0,37,14735.0,299,14765.0,27,14730.0,176,14770.0,170,14725.0,246
1597988618620656896,1597988618912000000,2020-08-21 13:43:38.912000,14745.0,14985.0,14720.0,14780.0,nan,14841.607,110202,8177873750.0,114961,14750.0,77,14745.0,10,14755.0,47,14740.0,319,14760.0,37,14735.0,299,14765.0,27,14730.0,176,14770.0,170,14725.0,246
1597988620116294912,1597988620438999808,2020-08-21 13:43:40.439000,14745.0,14985.0,14720.0,14780.0,nan,14841.607,110202,8177873750.0,114961,14750.0,82,14745.0,10,14755.0,47,14740.0,319,14760.0,37,14735.0,299,14765.0,27,14730.0,176,14770.0,170,14725.0,246
1597988620606055936,1597988621000000000,2020-08-21 13:43:41.000000,14745.0,14985.0,14720.0,14780.0,nan,14841.607,110202,8177873750.0,114961,14750.0,83,14745.0,10,14755.0,47,14740.0,319,14760.0,37,14735.0,299,14765.0,27,14730.0,176,14770.0,170,14725.0,246
1597988621111898112,1597988621431000064,2020-08-21 13:43:41.431000,14745.0,14985.0,14720.0,14780.0,nan,14841.602,110207,8178242375.0,114964,14750.0,83,14745.0,5,14755.0,47,14740.0,319,14760.0,37,14735.0,299,14765.0,27,14730.0,176,14770.0,170,14725.0,246
1597988621610497024,1597988621904999936,2020-08-21 13:43:41.905000,14745.0,14985.0,14720.0,14780.0,nan,14841.598,110212,8178611000.0,114962,14745.0,7,14740.0,319,14750.0,83,14735.0,299,14755.0,47,14730.0,176,14760.0,37,14725.0,246,14765.0,27,14720.0,165
1597988622121250048,1597988622424999936,2020-08-21 13:43:42.425000,14745.0,14985.0,14720.0,14780.0,nan,14841.598,110212,8178611000.0,114962,14745.0,11,14740.0,319,14750.0,83,14735.0,299,14755.0,47,14730.0,176,14760.0,37,14725.0,246,14765.0,27,14720.0,165
1597988622608792064,1597988623000000000,2020-08-21 13:43:43.000000,14745.0,14985.0,14720.0,14780.0,nan,14841.598,110212,8178611000.0,114962,14745.0,12,14740.0,318,14750.0,83,14735.0,299,14755.0,47,14730.0,176,14760.0,37,14725.0,246,14765.0,27,14720.0,165
1597988623129926912,1597988623404999936,2020-08-21 13:43:43.405000,14745.0,14985.0,14720.0,14780.0,nan,14841.598,110212,8178611000.0,114962,14745.0,18,14740.0,318,14750.0,83,14735.0,299,14755.0,47,14730.0,176,14760.0,37,14725.0,246,14765.0,27,14720.0,165
1597988623616048896,1597988624000000000,2020-08-21 13:43:44.000000,14740.0,14985.0,14720.0,14780.0,nan,14841.515,110302,8185244000.0,114974,14745.0,19,14740.0,228,14750.0,83,14735.0,299,14755.0,47,14730.0,176,14760.0,37,14725.0,246,14765.0,27,14720.0,165
1597988624116596992,1597988624427000064,2020-08-21 13:43:44.427000,14740.0,14985.0,14720.0,14780.0,nan,14841.515,110302,8185244000.0,114974,14745.0,41,14740.0,227,14750.0,83,14735.0,299,14755.0,47,14730.0,176,14760.0,35,14725.0,246,14765.0,27,14720.0,165
1597988624633198080,1597988625000000000,2020-08-21 13:43:45.000000,14745.0,14985.0,14720.0,14780.0,nan,14841.514,110303,8185317725.0,114974,14745.0,42,14740.0,227,14750.0,83,14735.0,299,14755.0,47,14730.0,176,14760.0,35,14725.0,246,14765.0,27,14720.0,165
1597988625122650112,1597988625427000064,2020-08-21 13:43:45.427000,14745.0,14985.0,14720.0,14780.0,nan,14841.513,110304,8185391450.0,114974,14745.0,41,14740.0,227,14750.0,83,14735.0,299,14755.0,47,14730.0,176,14760.0,35,14725.0,246,14765.0,27,14720.0,165
1597988629612195072,1597988630000000000,2020-08-21 13:43:50.000000,14740.0,14985.0,14720.0,14780.0,nan,14841.501,110317,8186349550.0,114961,14745.0,41,14740.0,214,14750.0,83,14735.0,299,14755.0,47,14730.0,176,14760.0,35,14725.0,246,14765.0,27,14720.0,165
1597988630123429120,1597988630428000000,2020-08-21 13:43:50.428000,14740.0,14985.0,14720.0,14780.0,nan,14841.501,110317,8186349550.0,114961,14745.0,41,14740.0,216,14750.0,83,14735.0,299,14755.0,47,14730.0,176,14760.0,35,14725.0,246,14765.0,27,14720.0,165
1597988630631828992,1597988631000000000,2020-08-21 13:43:51.000000,14740.0,14985.0,14720.0,14780.0,nan,14841.501,110317,8186349550.0,114961,14745.0,46,14740.0,216,14750.0,83,14735.0,299,14755.0,47,14730.0,176,14760.0,35,14725.0,246,14765.0,27,14720.0,165
1597988631619441920,1597988632000000000,2020-08-21 13:43:52.000000,14745.0,14985.0,14720.0,14780.0,nan,14841.501,110318,8186423275.0,114962,14745.0,45,14740.0,216,14750.0,83,14735.0,299,14755.0,47,14730.0,176,14760.0,35,14725.0,246,14765.0,27,14720.0,165
1597988635129349120,1597988635391000064,2020-08-21 13:43:55.391000,14745.0,14985.0,14720.0,14780.0,nan,14841.461,110363,8189740900.0,114995,14750.0,83,14745.0,5,14755.0,47,14740.0,216,14760.0,35,14735.0,299,14765.0,27,14730.0,176,14770.0,170,14725.0,246
1597988635612133120,1597988636000000000,2020-08-21 13:43:56.000000,14745.0,14985.0,14720.0,14780.0,nan,14841.461,110363,8189740900.0,114995,14750.0,100,14745.0,6,14755.0,47,14740.0,219,14760.0,35,14735.0,299,14765.0,27,14730.0,176,14770.0,170,14725.0,246
1597988636113711104,1597988636432000000,2020-08-21 13:43:56.432000,14745.0,14985.0,14720.0,14780.0,nan,14841.456,110369,8190183250.0,114994,14750.0,100,14740.0,218,14755.0,47,14735.0,299,14760.0,35,14730.0,176,14765.0,27,14725.0,246,14770.0,170,14720.0,165
1597988636612432896,1597988637000000000,2020-08-21 13:43:57.000000,14745.0,14985.0,14720.0,14780.0,nan,14841.456,110369,8190183250.0,114994,14750.0,100,14740.0,219,14755.0,47,14735.0,299,14760.0,35,14730.0,176,14765.0,27,14725.0,246,14770.0,170,14720.0,165
1597988640606512896,1597988641000000000,2020-08-21 13:44:01.000000,14745.0,14985.0,14720.0,14780.0,nan,14841.456,110369,8190183250.0,114994,14750.0,100,14740.0,220,14755.0,47,14735.0,299,14760.0,35,14730.0,176,14765.0,27,14725.0,246,14770.0,170,14720.0,165
1597988641619128064,1597988642000000000,2020-08-21 13:44:02.000000,14745.0,14985.0,14720.0,14780.0,nan,14841.456,110369,8190183250.0,114994,14750.0,100,14740.0,370,14755.0,47,14735.0,299,14760.0,35,14730.0,176,14765.0,27,14725.0,246,14770.0,170,14720.0,165
1597988642145349888,1597988642408000000,2020-08-21 13:44:02.408000,14745.0,14985.0,14720.0,14780.0,nan,14841.456,110369,8190183250.0,114994,14750.0,100,14745.0,1,14755.0,47,14740.0,371,14760.0,35,14735.0,299,14765.0,27,14730.0,176,14770.0,170,14725.0,246
1597988642610461952,1597988643000000000,2020-08-21 13:44:03.000000,14745.0,14985.0,14720.0,14780.0,nan,14841.456,110369,8190183250.0,114994,14750.0,99,14745.0,8,14755.0,47,14740.0,372,14760.0,35,14735.0,299,14765.0,27,14730.0,176,14770.0,170,14725.0,246
1597988643126025984,1597988643428000000,2020-08-21 13:44:03.428000,14745.0,14985.0,14720.0,14780.0,nan,14841.456,110369,8190183250.0,114994,14750.0,99,14745.0,13,14755.0,47,14740.0,372,14760.0,35,14735.0,299,14765.0,27,14730.0,176,14770.0,170,14725.0,246
1597988643619170048,1597988644000000000,2020-08-21 13:44:04.000000,14745.0,14985.0,14720.0,14780.0,nan,14841.456,110369,8190183250.0,114994,14750.0,100,14745.0,15,14755.0,47,14740.0,372,14760.0,35,14735.0,299,14765.0,27,14730.0,176,14770.0,170,14725.0,246
1597988646118365952,1597988646434000128,2020-08-21 13:44:06.434000,14745.0,14985.0,14720.0,14780.0,nan,14841.443,110384,8191289125.0,115004,14745.0,75,14740.0,372,14750.0,100,14735.0,299,14755.0,47,14730.0,176,14760.0,35,14725.0,246,14765.0,27,14720.0,165
1597988646614012928,1597988647000000000,2020-08-21 13:44:07.000000,14745.0,14985.0,14720.0,14780.0,nan,14841.441,110386,8191436575.0,115006,14745.0,75,14740.0,371,14750.0,100,14735.0,299,14755.0,47,14730.0,176,14760.0,35,14725.0,246,14765.0,27,14720.0,165
1597988647106646016,1597988647435000064,2020-08-21 13:44:07.435000,14745.0,14985.0,14720.0,14780.0,nan,14841.441,110386,8191436575.0,115006,14745.0,75,14740.0,370,14750.0,100,14735.0,299,14755.0,47,14730.0,176,14760.0,35,14725.0,246,14765.0,27,14720.0,165
1597988648626488064,1597988649000000000,2020-08-21 13:44:09.000000,14745.0,14985.0,14720.0,14780.0,nan,14841.44,110387,8191510300.0,115007,14745.0,74,14740.0,370,14750.0,100,14735.0,299,14755.0,47,14730.0,176,14760.0,35,14725.0,246,14765.0,27,14720.0,165
1597988657605928960,1597988658000000000,2020-08-21 13:44:18.000000,14745.0,14985.0,14720.0,14780.0,nan,14841.438,110389,8191657750.0,115009,14745.0,72,14740.0,370,14750.0,100,14735.0,299,14755.0,47,14730.0,176,14760.0,35,14725.0,246,14765.0,27,14720.0,165
1597988662621769984,1597988663000000000,2020-08-21 13:44:23.000000,14745.0,14985.0,14720.0,14780.0,nan,14841.438,110389,8191657750.0,115009,14745.0,74,14740.0,370,14750.0,100,14735.0,299,14755.0,47,14730.0,176,14760.0,35,14725.0,246,14765.0,27,14720.0,165
1597988663122366976,1597988663438999808,2020-08-21 13:44:23.439000,14745.0,14985.0,14720.0,14780.0,nan,14841.438,110389,8191657750.0,115009,14745.0,81,14740.0,370,14750.0,100,14735.0,299,14755.0,47,14730.0,176,14760.0,35,14725.0,246,14765.0,27,14720.0,165
1597988664120495104,1597988664412000000,2020-08-21 13:44:24.412000,14745.0,14985.0,14720.0,14780.0,nan,14841.438,110389,8191657750.0,115009,14745.0,81,14740.0,369,14750.0,100,14735.0,299,14755.0,47,14730.0,176,14760.0,35,14725.0,246,14765.0,27,14720.0,165
1597988670611084032,1597988671000000000,2020-08-21 13:44:31.000000,14745.0,14985.0,14720.0,14780.0,nan,14841.438,110389,8191657750.0,115009,14745.0,81,14740.0,369,14750.0,99,14735.0,299,14755.0,47,14730.0,176,14760.0,35,14725.0,246,14765.0,27,14720.0,165
1597988673621295104,1597988674000000000,2020-08-21 13:44:34.000000,14745.0,14985.0,14720.0,14780.0,nan,14841.438,110389,8191657750.0,115009,14745.0,81,14740.0,369,14750.0,94,14735.0,299,14755.0,47,14730.0,176,14760.0,35,14725.0,246,14765.0,27,14720.0,165
1597988674128807936,1597988674438999808,2020-08-21 13:44:34.439000,14745.0,14985.0,14720.0,14780.0,nan,14841.438,110389,8191657750.0,115009,14745.0,81,14740.0,369,14750.0,91,14735.0,299,14755.0,47,14730.0,176,14760.0,35,14725.0,246,14765.0,27,14720.0,165
1597988674621698048,1597988675000000000,2020-08-21 13:44:35.000000,14745.0,14985.0,14720.0,14780.0,nan,14841.438,110389,8191657750.0,115009,14745.0,84,14740.0,369,14750.0,91,14735.0,299,14755.0,47,14730.0,176,14760.0,35,14725.0,246,14765.0,27,14720.0,165
1597988682628856064,1597988683000000000,2020-08-21 13:44:43.000000,14745.0,14985.0,14720.0,14780.0,nan,14841.438,110389,8191657750.0,115009,14745.0,85,14740.0,369,14750.0,91,14735.0,299,14755.0,47,14730.0,176,14760.0,35,14725.0,246,14765.0,27,14720.0,165
1597988683125625088,1597988683413000192,2020-08-21 13:44:43.413000,14745.0,14985.0,14720.0,14780.0,nan,14841.438,110389,8191657750.0,115009,14745.0,89,14740.0,369,14750.0,91,14735.0,299,14755.0,47,14730.0,176,14760.0,35,14725.0,246,14765.0,27,14720.0,165
1597988684122791936,1597988684437999872,2020-08-21 13:44:44.438000,14745.0,14985.0,14720.0,14780.0,nan,14841.438,110389,8191657750.0,115009,14745.0,90,14740.0,369,14750.0,91,14735.0,299,14755.0,47,14730.0,176,14760.0,35,14725.0,246,14765.0,27,14720.0,165
1597988686106725120,1597988686431000064,2020-08-21 13:44:46.431000,14740.0,14985.0,14720.0,14780.0,nan,14841.438,110390,8191731450.0,115009,14745.0,90,14740.0,368,14750.0,91,14735.0,299,14755.0,47,14730.0,176,14760.0,35,14725.0,246,14765.0,27,14720.0,165
1597988686633982976,1597988687000000000,2020-08-21 13:44:47.000000,14740.0,14985.0,14720.0,14780.0,nan,14841.438,110390,8191731450.0,115009,14745.0,90,14740.0,368,14750.0,91,14735.0,299,14755.0,47,14730.0,176,14760.0,45,14725.0,246,14765.0,27,14720.0,165
1597988688111597056,1597988688427000064,2020-08-21 13:44:48.427000,14740.0,14985.0,14720.0,14780.0,nan,14841.438,110390,8191731450.0,115009,14745.0,90,14740.0,369,14750.0,91,14735.0,299,14755.0,47,14730.0,176,14760.0,45,14725.0,246,14765.0,27,14720.0,165
1597988688620450048,1597988689000000000,2020-08-21 13:44:49.000000,14740.0,14985.0,14720.0,14780.0,nan,14841.438,110390,8191731450.0,115009,14745.0,90,14740.0,369,14750.0,90,14735.0,299,14755.0,47,14730.0,176,14760.0,45,14725.0,246,14765.0,27,14720.0,165
1597988689114545920,1597988689436000000,2020-08-21 13:44:49.436000,14740.0,14985.0,14720.0,14780.0,nan,14841.437,110391,8191805150.0,115008,14745.0,91,14740.0,368,14750.0,90,14735.0,299,14755.0,47,14730.0,176,14760.0,45,14725.0,246,14765.0,27,14720.0,165
1597988690611872000,1597988691000000000,2020-08-21 13:44:51.000000,14740.0,14985.0,14720.0,14780.0,nan,14841.436,110392,8191878850.0,115008,14745.0,91,14740.0,367,14750.0,90,14735.0,299,14755.0,47,14730.0,176,14760.0,45,14725.0,246,14765.0,27,14720.0,165
1597988691130155008,1597988691436000000,2020-08-21 13:44:51.436000,14740.0,14985.0,14720.0,14780.0,nan,14841.436,110392,8191878850.0,115008,14745.0,95,14740.0,367,14750.0,90,14735.0,299,14755.0,47,14730.0,176,14760.0,45,14725.0,246,14765.0,27,14720.0,165
1597988694107611904,1597988694428999936,2020-08-21 13:44:54.429000,14740.0,14985.0,14720.0,14780.0,nan,14841.436,110392,8191878850.0,115008,14745.0,95,14740.0,368,14750.0,90,14735.0,299,14755.0,47,14730.0,176,14760.0,45,14725.0,246,14765.0,27,14720.0,165
1597988694600665088,1597988695000000000,2020-08-21 13:44:55.000000,14740.0,14985.0,14720.0,14780.0,nan,14841.435,110393,8191952550.0,115007,14745.0,94,14740.0,367,14750.0,90,14735.0,299,14755.0,47,14730.0,176,14760.0,45,14725.0,246,14765.0,27,14720.0,165
1597988697617093888,1597988698000000000,2020-08-21 13:44:58.000000,14740.0,14985.0,14720.0,14780.0,nan,14841.435,110393,8191952550.0,115007,14745.0,94,14740.0,367,14750.0,90,14735.0,299,14755.0,45,14730.0,176,14760.0,45,14725.0,246,14765.0,27,14720.0,165
1597988698111400960,1597988698437999872,2020-08-21 13:44:58.438000,14740.0,14985.0,14720.0,14780.0,nan,14841.435,110393,8191952550.0,115007,14745.0,94,14740.0,367,14750.0,90,14735.0,299,14755.0,45,14730.0,176,14760.0,45,14725.0,245,14765.0,27,14720.0,165
1597988701105508096,1597988701404999936,2020-08-21 13:45:01.405000,14740.0,14985.0,14720.0,14780.0,nan,14841.435,110393,8191952550.0,115007,14745.0,94,14740.0,367,14750.0,90,14735.0,299,14755.0,45,14730.0,174,14760.0,45,14725.0,245,14765.0,27,14720.0,165
1597988701613185024,1597988702000000000,2020-08-21 13:45:02.000000,14745.0,14985.0,14720.0,14780.0,nan,14841.43,110398,8192321175.0,115007,14745.0,97,14740.0,367,14750.0,90,14735.0,299,14755.0,45,14730.0,174,14760.0,45,14725.0,245,14765.0,28,14720.0,165
1597988703117743104,1597988703435000064,2020-08-21 13:45:03.435000,14745.0,14985.0,14720.0,14780.0,nan,14841.43,110399,8192394900.0,115008,14745.0,96,14740.0,367,14750.0,90,14735.0,299,14755.0,45,14730.0,174,14760.0,45,14725.0,245,14765.0,28,14720.0,165
1597988703611724032,1597988704000000000,2020-08-21 13:45:04.000000,14745.0,14985.0,14720.0,14780.0,nan,14841.43,110399,8192394900.0,115008,14745.0,96,14740.0,367,14750.0,77,14735.0,299,14755.0,45,14730.0,174,14760.0,45,14725.0,245,14765.0,28,14720.0,165
1597988704164016896,1597988704437999872,2020-08-21 13:45:04.438000,14745.0,14985.0,14720.0,14780.0,nan,14841.43,110399,8192394900.0,115008,14745.0,110,14740.0,367,14750.0,77,14735.0,299,14755.0,45,14730.0,174,14760.0,45,14725.0,245,14765.0,28,14720.0,165
1597988706127300096,1597988706432000000,2020-08-21 13:45:06.432000,14745.0,14985.0,14720.0,14780.0,nan,14841.43,110399,8192394900.0,115008,14745.0,127,14740.0,368,14750.0,77,14735.0,299,14755.0,45,14730.0,174,14760.0,45,14725.0,245,14765.0,28,14720.0,165
1597988707126695936,1597988707427000064,2020-08-21 13:45:07.427000,14740.0,14985.0,14720.0,14780.0,nan,14841.093,110766,8219442800.0,115109,14740.0,11,14735.0,299,14745.0,133,14730.0,174,14750.0,77,14725.0,245,14755.0,45,14720.0,165,14760.0,45,14715.0,330
1597988707606885888,1597988708000000000,2020-08-21 13:45:08.000000,14740.0,14985.0,14720.0,14780.0,nan,14841.085,110775,8220106100.0,115109,14740.0,47,14735.0,300,14745.0,114,14730.0,174,14750.0,73,14725.0,232,14755.0,54,14720.0,165,14760.0,45,14715.0,330
1597988708128144896,1597988708436000000,2020-08-21 13:45:08.436000,14740.0,14985.0,14720.0,14780.0,nan,14841.085,110775,8220106100.0,115109,14740.0,60,14735.0,300,14745.0,110,14730.0,174,14750.0,72,14725.0,232,14755.0,54,14720.0,165,14760.0,44,14715.0,330
1597988708611706880,1597988709000000000,2020-08-21 13:45:09.000000,14740.0,14985.0,14720.0,14780.0,nan,14841.085,110775,8220106100.0,115109,14740.0,60,14735.0,300,14745.0,110,14730.0,174,14750.0,73,14725.0,232,14755.0,54,14720.0,165,14760.0,44,14715.0,330
1597988710605810944,1597988711000000000,2020-08-21 13:45:11.000000,14740.0,14985.0,14720.0,14780.0,nan,14841.085,110775,8220106100.0,115109,14740.0,80,14735.0,300,14745.0,110,14730.0,174,14750.0,73,14725.0,232,14755.0,54,14720.0,165,14760.0,44,14715.0,330
1597988712604052992,1597988713000000000,2020-08-21 13:45:13.000000,14740.0,14985.0,14720.0,14780.0,nan,14841.084,110776,8220179800.0,115109,14740.0,79,14735.0,300,14745.0,110,14730.0,174,14750.0,73,14725.0,232,14755.0,54,14720.0,165,14760.0,44,14715.0,330
1597988713124463104,1597988713421999872,2020-08-21 13:45:13.422000,14740.0,14985.0,14720.0,14780.0,nan,14841.084,110776,8220179800.0,115109,14740.0,80,14735.0,300,14745.0,110,14730.0,174,14750.0,73,14725.0,232,14755.0,54,14720.0,165,14760.0,44,14715.0,330
1597988714618255872,1597988715000000000,2020-08-21 13:45:15.000000,14740.0,14985.0,14720.0,14780.0,nan,14841.083,110777,8220253500.0,115109,14740.0,79,14735.0,300,14745.0,110,14730.0,174,14750.0,73,14725.0,232,14755.0,54,14720.0,165,14760.0,44,14715.0,330
1597988715113417984,1597988715431000064,2020-08-21 13:45:15.431000,14740.0,14985.0,14720.0,14780.0,nan,14841.083,110777,8220253500.0,115109,14740.0,80,14735.0,300,14745.0,110,14730.0,174,14750.0,73,14725.0,232,14755.0,54,14720.0,165,14760.0,44,14715.0,330
1597988716610049024,1597988717000000000,2020-08-21 13:45:17.000000,14740.0,14985.0,14720.0,14780.0,nan,14841.08,110781,8220548300.0,115109,14740.0,76,14735.0,300,14745.0,110,14730.0,174,14750.0,73,14725.0,232,14755.0,54,14720.0,165,14760.0,44,14715.0,330
1597988717110192128,1597988717433000192,2020-08-21 13:45:17.433000,14740.0,14985.0,14720.0,14780.0,nan,14841.01,110857,8226149500.0,115090,14740.0,3,14735.0,301,14745.0,110,14730.0,174,14750.0,73,14725.0,232,14755.0,54,14720.0,165,14760.0,44,14715.0,330
1597988717620507904,1597988718000000000,2020-08-21 13:45:18.000000,14745.0,14985.0,14720.0,14780.0,nan,14841.005,110863,8226591725.0,115091,14745.0,108,14735.0,303,14750.0,73,14730.0,174,14755.0,54,14725.0,232,14760.0,44,14720.0,165,14765.0,27,14715.0,330
1597988718125893120,1597988718428999936,2020-08-21 13:45:18.429000,14745.0,14985.0,14720.0,14780.0,nan,14841.004,110864,8226665450.0,115091,14745.0,107,14740.0,4,14750.0,73,14735.0,304,14755.0,53,14730.0,174,14760.0,45,14725.0,232,14765.0,27,14720.0,165
1597988718628176896,1597988719000000000,2020-08-21 13:45:19.000000,14745.0,14985.0,14720.0,14780.0,nan,14841.004,110864,8226665450.0,115091,14745.0,107,14740.0,26,14750.0,73,14735.0,305,14755.0,53,14730.0,174,14760.0,45,14725.0,232,14765.0,27,14720.0,165
1597988719117170944,1597988719417999872,2020-08-21 13:45:19.418000,14745.0,14985.0,14720.0,14780.0,nan,14841.004,110864,8226665450.0,115091,14745.0,107,14740.0,27,14750.0,73,14735.0,306,14755.0,53,14730.0,174,14760.0,45,14725.0,232,14765.0,27,14720.0,165
1597988719617598976,1597988720000000000,2020-08-21 13:45:20.000000,14745.0,14985.0,14720.0,14780.0,nan,14841.004,110864,8226665450.0,115091,14745.0,107,14740.0,31,14750.0,73,14735.0,306,14755.0,53,14730.0,174,14760.0,45,14725.0,232,14765.0,27,14720.0,165
1597988720125161984,1597988720438999808,2020-08-21 13:45:20.439000,14745.0,14985.0,14720.0,14780.0,nan,14841.004,110864,8226665450.0,115091,14745.0,107,14740.0,33,14750.0,73,14735.0,307,14755.0,53,14730.0,174,14760.0,45,14725.0,232,14765.0,27,14720.0,165
1597988720616124928,1597988721000000000,2020-08-21 13:45:21.000000,14745.0,14985.0,14720.0,14780.0,nan,14841.004,110864,8226665450.0,115091,14745.0,107,14740.0,33,14750.0,73,14735.0,309,14755.0,53,14730.0,174,14760.0,45,14725.0,232,14765.0,27,14720.0,165
1597988722633240064,1597988723000000000,2020-08-21 13:45:23.000000,14745.0,14985.0,14720.0,14780.0,nan,14841.004,110864,8226665450.0,115091,14745.0,108,14740.0,33,14750.0,73,14735.0,309,14755.0,53,14730.0,174,14760.0,45,14725.0,232,14765.0,27,14720.0,165
1597988723109500928,1597988723434000128,2020-08-21 13:45:23.434000,14745.0,14985.0,14720.0,14780.0,nan,14841.004,110864,8226665450.0,115091,14745.0,108,14740.0,34,14750.0,73,14735.0,309,14755.0,53,14730.0,174,14760.0,45,14725.0,232,14765.0,27,14720.0,165
1597988726131834112,1597988726433000192,2020-08-21 13:45:26.433000,14745.0,14985.0,14720.0,14780.0,nan,14841.004,110864,8226665450.0,115091,14745.0,108,14740.0,36,14750.0,73,14735.0,309,14755.0,53,14730.0,174,14760.0,45,14725.0,232,14765.0,27,14720.0,165
1597988726617264896,1597988727000000000,2020-08-21 13:45:27.000000,14745.0,14985.0,14720.0,14780.0,nan,14841.004,110864,8226665450.0,115091,14745.0,108,14740.0,40,14750.0,73,14735.0,309,14755.0,53,14730.0,174,14760.0,45,14725.0,232,14765.0,27,14720.0,165
1597988727106723072,1597988727437999872,2020-08-21 13:45:27.438000,14740.0,14985.0,14720.0,14780.0,nan,14841.003,110865,8226739150.0,115091,14745.0,108,14740.0,40,14750.0,72,14735.0,309,14755.0,53,14730.0,174,14760.0,45,14725.0,232,14765.0,27,14720.0,165
1597988727615355904,1597988728000000000,2020-08-21 13:45:28.000000,14740.0,14985.0,14720.0,14780.0,nan,14841.003,110865,8226739150.0,115091,14745.0,109,14740.0,46,14750.0,72,14735.0,307,14755.0,53,14730.0,174,14760.0,46,14725.0,232,14765.0,27,14720.0,165
1597988728123092992,1597988728435000064,2020-08-21 13:45:28.435000,14740.0,14985.0,14720.0,14780.0,nan,14841.003,110865,8226739150.0,115091,14745.0,109,14740.0,50,14750.0,72,14735.0,303,14755.0,53,14730.0,174,14760.0,46,14725.0,232,14765.0,27,14720.0,165
1597988728634710016,1597988729000000000,2020-08-21 13:45:29.000000,14745.0,14985.0,14720.0,14780.0,nan,14841.002,110866,8226812875.0,115091,14745.0,108,14740.0,51,14750.0,72,14735.0,300,14755.0,53,14730.0,174,14760.0,46,14725.0,232,14765.0,27,14720.0,165
