local_nano_time,quote_nano_time,datetime,last_price,highest,lowest,open,close,average,volume,amount,open_interest,ask_price1,ask_volume1,bid_price1,bid_volume1,ask_price2,ask_volume2,bid_price2,bid_volume2,ask_price3,ask_volume3,bid_price3,bid_volume3,ask_price4,ask_volume4,bid_price4,bid_volume4,ask_price5,ask_volume5,bid_price5,bid_volume5
1597988226224489984,1597988226000001024,2020-08-21 13:37:06.000001,8627.0,8654.0,8490.0,8590.0,nan,8571.0,353491,30297713610.0,152750,8627.0,12,8626.0,15,nan,0,nan,0,nan,0,nan,0,nan,0,nan,0,nan,0,nan,0
1597988226682705920,1597988227000000000,2020-08-21 13:37:07.000000,8626.0,8654.0,8490.0,8590.0,nan,8571.0,353502,30298656420.0,152740,8627.0,13,8626.0,4,nan,0,nan,0,nan,0,nan,0,nan,0,nan,0,nan,0,nan,0
1597988227188410112,1597988227000001024,2020-08-21 13:37:07.000001,8626.0,8654.0,8490.0,8590.0,nan,8571.0,353510,30299342100.0,152743,8626.0,6,8625.0,31,nan,0,nan,0,nan,0,nan,0,nan,0,nan,0,nan,0,nan,0
1597988227688272896,1597988228000000000,2020-08-21 13:37:08.000000,8626.0,8654.0,8490.0,8590.0,nan,8571.0,353514,30299684940.0,152740,8626.0,8,8625.0,30,nan,0,nan,0,nan,0,nan,0,nan,0,nan,0,nan,0,nan,0
1597988228186994944,1597988228000001024,2020-08-21 13:37:08.000001,8626.0,8654.0,8490.0,8590.0,nan,8571.0,353519,30300113490.0,152740,8627.0,23,8625.0,30,nan,0,nan,0,nan,0,nan,0,nan,0,nan,0,nan,0,nan,0
1597988228686031872,1597988229000000000,2020-08-21 13:37:09.000000,8625.0,8654.0,8490.0,8590.0,nan,8571.0,353521,30300284910.0,152740,8627.0,23,8625.0,28,nan,0,nan,0,nan,0,nan,0,nan,0,nan,0,nan,0,nan,0
1597988229188323072,1597988229000001024,2020-08-21 13:37:09.000001,8625.0,8654.0,8490.0,8590.0,nan,8571.0,353531,30301142010.0,152741,8627.0,16,8626.0,4,nan,0,nan,0,nan,0,nan,0,nan,0,nan,0,nan,0,nan,0
1597988229691960064,1597988230000000000,2020-08-21 13:37:10.000000,8625.0,8654.0,8490.0,8590.0,nan,8571.0,353531,30301142010.0,152741,8627.0,18,8626.0,4,nan,0,nan,0,nan,0,nan,0,nan,0,nan,0,nan,0,nan,0
1597988230241146112,1597988230000001024,2020-08-21 13:37:10.000001,8625.0,8654.0,8490.0,8590.0,nan,8571.0,353536,30301570560.0,152740,8626.0,16,8625.0,28,nan,0,nan,0,nan,0,nan,0,nan,0,nan,0,nan,0,nan,0
1597988231190941952,1597988231000001024,2020-08-21 13:37:11.000001,8625.0,8654.0,8490.0,8590.0,nan,8571.0,353536,30301570560.0,152740,8626.0,21,8625.0,23,nan,0,nan,0,nan,0,nan,0,nan,0,nan,0,nan,0,nan,0
1597988231710881024,1597988232000000000,2020-08-21 13:37:12.000000,8625.0,8654.0,8490.0,8590.0,nan,8571.0,353539,30301827690.0,152740,8626.0,21,8625.0,22,nan,0,nan,0,nan,0,nan,0,nan,0,nan,0,nan,0,nan,0
1597988232197839104,1597988232000001024,2020-08-21 13:37:12.000001,8626.0,8654.0,8490.0,8590.0,nan,8571.0,353540,30301913400.0,152740,8626.0,20,8625.0,22,nan,0,nan,0,nan,0,nan,0,nan,0,nan,0,nan,0,nan,0
1597988232703447040,1597988233000000000,2020-08-21 13:37:13.000000,8625.0,8654.0,8490.0,8590.0,nan,8571.0,353543,30302170530.0,152738,8626.0,18,8625.0,21,nan,0,nan,0,nan,0,nan,0,nan,0,nan,0,nan,0,nan,0
1597988233201893888,1597988233000001024,2020-08-21 13:37:13.000001,8626.0,8654.0,8490.0,8590.0,nan,8571.0,353545,30302341950.0,152739,8626.0,18,8625.0,20,nan,0,nan,0,nan,0,nan,0,nan,0,nan,0,nan,0,nan,0
1597988233694386944,1597988234000000000,2020-08-21 13:37:14.000000,8626.0,8654.0,8490.0,8590.0,nan,8571.0,353545,30302341950.0,152739,8626.0,19,8625.0,20,nan,0,nan,0,nan,0,nan,0,nan,0,nan,0,nan,0,nan,0
1597988234201416960,1597988234000001024,2020-08-21 13:37:14.000001,8625.0,8654.0,8490.0,8590.0,nan,8571.0,353565,30304056150.0,152728,8625.0,1,8624.0,18,nan,0,nan,0,nan,0,nan,0,nan,0,nan,0,nan,0,nan,0
1597988234693931008,1597988235000000000,2020-08-21 13:37:15.000000,8625.0,8654.0,8490.0,8590.0,nan,8571.0,353576,30304998960.0,152722,8626.0,18,8625.0,7,nan,0,nan,0,nan,0,nan,0,nan,0,nan,0,nan,0,nan,0
1597988235196786944,1597988235000001024,2020-08-21 13:37:15.000001,8625.0,8654.0,8490.0,8590.0,nan,8571.0,353579,30305256090.0,152721,8626.0,19,8625.0,6,nan,0,nan,0,nan,0,nan,0,nan,0,nan,0,nan,0,nan,0
1597988235858106112,1597988236000000000,2020-08-21 13:37:16.000000,8625.0,8654.0,8490.0,8590.0,nan,8571.0,353583,30305598930.0,152721,8626.0,19,8625.0,10,nan,0,nan,0,nan,0,nan,0,nan,0,nan,0,nan,0,nan,0
1597988236202664960,1597988236000001024,2020-08-21 13:37:16.000001,8626.0,8654.0,8490.0,8590.0,nan,8571.0,353585,30305770350.0,152722,8626.0,18,8625.0,9,nan,0,nan,0,nan,0,nan,0,nan,0,nan,0,nan,0,nan,0
1597988236703539968,1597988237000000000,2020-08-21 13:37:17.000000,8625.0,8654.0,8490.0,8590.0,nan,8571.0,353599,30306970290.0,152732,8625.0,17,8624.0,28,nan,0,nan,0,nan,0,nan,0,nan,0,nan,0,nan,0,nan,0
1597988237200314112,1597988237000001024,2020-08-21 13:37:17.000001,8625.0,8654.0,8490.0,8590.0,nan,8571.0,353599,30306970290.0,152732,8625.0,27,8624.0,31,nan,0,nan,0,nan,0,nan,0,nan,0,nan,0,nan,0,nan,0
1597988237698775040,1597988238000000000,2020-08-21 13:37:18.000000,8625.0,8654.0,8490.0,8590.0,nan,8571.0,353599,30306970290.0,152732,8625.0,29,8624.0,30,nan,0,nan,0,nan,0,nan,0,nan,0,nan,0,nan,0,nan,0
1597988238201792000,1597988238000001024,2020-08-21 13:37:18.000001,8625.0,8654.0,8490.0,8590.0,nan,8571.0,353600,30307056000.0,152733,8625.0,38,8624.0,30,nan,0,nan,0,nan,0,nan,0,nan,0,nan,0,nan,0,nan,0
1597988238707987968,1597988239000000000,2020-08-21 13:37:19.000000,8625.0,8654.0,8490.0,8590.0,nan,8571.0,353601,30307141710.0,152734,8625.0,37,8624.0,30,nan,0,nan,0,nan,0,nan,0,nan,0,nan,0,nan,0,nan,0
1597988239198937088,1597988239000001024,2020-08-21 13:37:19.000001,8624.0,8654.0,8490.0,8590.0,nan,8571.0,353607,30307655970.0,152730,8625.0,36,8624.0,25,nan,0,nan,0,nan,0,nan,0,nan,0,nan,0,nan,0,nan,0
1597988239690188032,1597988240000000000,2020-08-21 13:37:20.000000,8624.0,8654.0,8490.0,8590.0,nan,8571.0,353640,30310484400.0,152750,8625.0,24,8624.0,17,nan,0,nan,0,nan,0,nan,0,nan,0,nan,0,nan,0,nan,0
1597988240197886976,1597988240000001024,2020-08-21 13:37:20.000001,8624.0,8654.0,8490.0,8590.0,nan,8571.0,353642,30310655820.0,152751,8625.0,24,8624.0,15,nan,0,nan,0,nan,0,nan,0,nan,0,nan,0,nan,0,nan,0
1597988240692794112,1597988241000000000,2020-08-21 13:37:21.000000,8624.0,8654.0,8490.0,8590.0,nan,8571.0,353642,30310655820.0,152751,8625.0,24,8624.0,16,nan,0,nan,0,nan,0,nan,0,nan,0,nan,0,nan,0,nan,0
1597988241189876992,1597988241000001024,2020-08-21 13:37:21.000001,8624.0,8654.0,8490.0,8590.0,nan,8571.0,353649,30311255790.0,152751,8625.0,21,8624.0,15,nan,0,nan,0,nan,0,nan,0,nan,0,nan,0,nan,0,nan,0
1597988241694893056,1597988242000000000,2020-08-21 13:37:22.000000,8624.0,8654.0,8490.0,8590.0,nan,8571.0,353649,30311255790.0,152751,8625.0,21,8624.0,20,nan,0,nan,0,nan,0,nan,0,nan,0,nan,0,nan,0,nan,0
1597988242189690112,1597988242000001024,2020-08-21 13:37:22.000001,8625.0,8654.0,8490.0,8590.0,nan,8571.0,353654,30311684340.0,152751,8625.0,18,8624.0,22,nan,0,nan,0,nan,0,nan,0,nan,0,nan,0,nan,0,nan,0
1597988242701032960,1597988243000000000,2020-08-21 13:37:23.000000,8625.0,8654.0,8490.0,8590.0,nan,8571.0,353664,30312541440.0,152754,8625.0,10,8624.0,22,nan,0,nan,0,nan,0,nan,0,nan,0,nan,0,nan,0,nan,0
1597988243189552128,1597988243000001024,2020-08-21 13:37:23.000001,8624.0,8654.0,8490.0,8590.0,nan,8571.0,353665,30312627150.0,152754,8625.0,9,8624.0,21,nan,0,nan,0,nan,0,nan,0,nan,0,nan,0,nan,0,nan,0
1597988243691411968,1597988244000000000,2020-08-21 13:37:24.000000,8624.0,8654.0,8490.0,8590.0,nan,8571.0,353676,30313569960.0,152753,8625.0,8,8624.0,11,nan,0,nan,0,nan,0,nan,0,nan,0,nan,0,nan,0,nan,0
1597988244199589120,1597988244000001024,2020-08-21 13:37:24.000001,8624.0,8654.0,8490.0,8590.0,nan,8571.0,353690,30314769900.0,152757,8624.0,2,8623.0,26,nan,0,nan,0,nan,0,nan,0,nan,0,nan,0,nan,0,nan,0
1597988244692371968,1597988245000000000,2020-08-21 13:37:25.000000,8624.0,8654.0,8490.0,8590.0,nan,8571.0,353697,30315369870.0,152759,8624.0,13,8623.0,25,nan,0,nan,0,nan,0,nan,0,nan,0,nan,0,nan,0,nan,0
1597988245199045888,1597988245000001024,2020-08-21 13:37:25.000001,8623.0,8654.0,8490.0,8590.0,nan,8571.0,353707,30316226970.0,152759,8624.0,14,8623.0,15,nan,0,nan,0,nan,0,nan,0,nan,0,nan,0,nan,0,nan,0
1597988245698456064,1597988246000000000,2020-08-21 13:37:26.000000,8623.0,8654.0,8490.0,8590.0,nan,8571.0,353710,30316484100.0,152759,8624.0,15,8623.0,23,nan,0,nan,0,nan,0,nan,0,nan,0,nan,0,nan,0,nan,0
1597988246197061120,1597988246000001024,2020-08-21 13:37:26.000001,8624.0,8654.0,8490.0,8590.0,nan,8571.0,353730,30318198300.0,152750,8624.0,15,8623.0,4,nan,0,nan,0,nan,0,nan,0,nan,0,nan,0,nan,0,nan,0
1597988246706691072,1597988247000000000,2020-08-21 13:37:27.000000,8623.0,8654.0,8490.0,8590.0,nan,8571.0,353734,30318541140.0,152753,8624.0,20,8622.0,16,nan,0,nan,0,nan,0,nan,0,nan,0,nan,0,nan,0,nan,0
1597988247207493120,1597988247000001024,2020-08-21 13:37:27.000001,8624.0,8654.0,8490.0,8590.0,nan,8571.0,353752,30320083920.0,152761,8624.0,10,8622.0,24,nan,0,nan,0,nan,0,nan,0,nan,0,nan,0,nan,0,nan,0
1597988247710761984,1597988248000000000,2020-08-21 13:37:28.000000,8623.0,8654.0,8490.0,8590.0,nan,8571.0,353754,30320255340.0,152763,8624.0,20,8623.0,9,nan,0,nan,0,nan,0,nan,0,nan,0,nan,0,nan,0,nan,0
1597988248223232000,1597988248000001024,2020-08-21 13:37:28.000001,8623.0,8654.0,8490.0,8590.0,nan,8571.0,353758,30320598180.0,152765,8624.0,20,8623.0,10,nan,0,nan,0,nan,0,nan,0,nan,0,nan,0,nan,0,nan,0
1597988248695598080,1597988249000000000,2020-08-21 13:37:29.000000,8623.0,8654.0,8490.0,8590.0,nan,8571.0,353758,30320598180.0,152765,8624.0,21,8623.0,10,nan,0,nan,0,nan,0,nan,0,nan,0,nan,0,nan,0,nan,0
1597988249335179008,1597988249000001024,2020-08-21 13:37:29.000001,8623.0,8654.0,8490.0,8590.0,nan,8571.0,353760,30320769600.0,152763,8624.0,23,8623.0,9,nan,0,nan,0,nan,0,nan,0,nan,0,nan,0,nan,0,nan,0
1597988249700947968,1597988250000000000,2020-08-21 13:37:30.000000,8623.0,8654.0,8490.0,8590.0,nan,8571.0,353765,30321198150.0,152761,8624.0,25,8623.0,7,nan,0,nan,0,nan,0,nan,0,nan,0,nan,0,nan,0,nan,0
1597988250207040000,1597988250000001024,2020-08-21 13:37:30.000001,8623.0,8654.0,8490.0,8590.0,nan,8571.0,353765,30321198150.0,152761,8624.0,26,8623.0,7,nan,0,nan,0,nan,0,nan,0,nan,0,nan,0,nan,0,nan,0
1597988250726874880,1597988251000000000,2020-08-21 13:37:31.000000,8623.0,8654.0,8490.0,8590.0,nan,8571.0,353780,30322483800.0,152774,8623.0,12,8622.0,35,nan,0,nan,0,nan,0,nan,0,nan,0,nan,0,nan,0,nan,0
1597988251197475072,1597988251000001024,2020-08-21 13:37:31.000001,8622.0,8654.0,8490.0,8590.0,nan,8571.0,353786,30322998060.0,152777,8623.0,17,8622.0,32,nan,0,nan,0,nan,0,nan,0,nan,0,nan,0,nan,0,nan,0
1597988251700613120,1597988252000000000,2020-08-21 13:37:32.000000,8623.0,8654.0,8490.0,8590.0,nan,8571.0,353789,30323255190.0,152777,8623.0,15,8622.0,34,nan,0,nan,0,nan,0,nan,0,nan,0,nan,0,nan,0,nan,0
1597988252201334016,1597988252000001024,2020-08-21 13:37:32.000001,8623.0,8654.0,8490.0,8590.0,nan,8571.0,353790,30323340900.0,152777,8623.0,20,8622.0,34,nan,0,nan,0,nan,0,nan,0,nan,0,nan,0,nan,0,nan,0
1597988252702630912,1597988253000000000,2020-08-21 13:37:33.000000,8622.0,8654.0,8490.0,8590.0,nan,8571.0,353791,30323426610.0,152778,8623.0,20,8622.0,33,nan,0,nan,0,nan,0,nan,0,nan,0,nan,0,nan,0,nan,0
1597988253202115072,1597988253000001024,2020-08-21 13:37:33.000001,8622.0,8654.0,8490.0,8590.0,nan,8571.0,353794,30323683740.0,152781,8623.0,20,8622.0,38,nan,0,nan,0,nan,0,nan,0,nan,0,nan,0,nan,0,nan,0
1597988253714416128,1597988254000000000,2020-08-21 13:37:34.000000,8622.0,8654.0,8490.0,8590.0,nan,8571.0,353803,30324455130.0,152777,8623.0,18,8622.0,32,nan,0,nan,0,nan,0,nan,0,nan,0,nan,0,nan,0,nan,0
1597988254205476096,1597988254000001024,2020-08-21 13:37:34.000001,8622.0,8654.0,8490.0,8590.0,nan,8571.0,353811,30325140810.0,152777,8623.0,18,8622.0,24,nan,0,nan,0,nan,0,nan,0,nan,0,nan,0,nan,0,nan,0
1597988254732040960,1597988255000000000,2020-08-21 13:37:35.000000,8622.0,8654.0,8490.0,8590.0,nan,8571.0,353816,30325569360.0,152778,8623.0,17,8622.0,19,nan,0,nan,0,nan,0,nan,0,nan,0,nan,0,nan,0,nan,0
1597988255205469952,1597988255000001024,2020-08-21 13:37:35.000001,8622.0,8654.0,8490.0,8590.0,nan,8571.0,353816,30325569360.0,152778,8623.0,17,8622.0,27,nan,0,nan,0,nan,0,nan,0,nan,0,nan,0,nan,0,nan,0
1597988255715459072,1597988256000000000,2020-08-21 13:37:36.000000,8623.0,8654.0,8490.0,8590.0,nan,8571.0,353833,30327026430.0,152786,8624.0,26,8623.0,4,nan,0,nan,0,nan,0,nan,0,nan,0,nan,0,nan,0,nan,0
1597988256208288000,1597988256000001024,2020-08-21 13:37:36.000001,8623.0,8654.0,8490.0,8590.0,nan,8571.0,353837,30327369270.0,152785,8624.0,26,8623.0,8,nan,0,nan,0,nan,0,nan,0,nan,0,nan,0,nan,0,nan,0
1597988256714963968,1597988257000000000,2020-08-21 13:37:37.000000,8622.0,8654.0,8490.0,8590.0,nan,8571.0,353880,30331054800.0,152798,8622.0,8,8621.0,13,nan,0,nan,0,nan,0,nan,0,nan,0,nan,0,nan,0,nan,0
1597988257205594880,1597988257000001024,2020-08-21 13:37:37.000001,8622.0,8654.0,8490.0,8590.0,nan,8571.0,353899,30332683290.0,152799,8623.0,3,8622.0,1,nan,0,nan,0,nan,0,nan,0,nan,0,nan,0,nan,0,nan,0
1597988257716167936,1597988258000000000,2020-08-21 13:37:38.000000,8623.0,8654.0,8490.0,8590.0,nan,8571.0,353900,30332769000.0,152799,8623.0,13,8622.0,5,nan,0,nan,0,nan,0,nan,0,nan,0,nan,0,nan,0,nan,0
1597988258720569088,1597988259000000000,2020-08-21 13:37:39.000000,8622.0,8654.0,8490.0,8590.0,nan,8571.0,353907,30333368970.0,152794,8622.0,3,8621.0,15,nan,0,nan,0,nan,0,nan,0,nan,0,nan,0,nan,0,nan,0
1597988259216855040,1597988259000001024,2020-08-21 13:37:39.000001,8622.0,8654.0,8490.0,8590.0,nan,8571.0,353914,30333968940.0,152794,8623.0,15,8622.0,4,nan,0,nan,0,nan,0,nan,0,nan,0,nan,0,nan,0,nan,0
1597988259733053952,1597988260000000000,2020-08-21 13:37:40.000000,8622.0,8654.0,8490.0,8590.0,nan,8571.0,353917,30334226070.0,152794,8623.0,14,8622.0,2,nan,0,nan,0,nan,0,nan,0,nan,0,nan,0,nan,0,nan,0
1597988260214119936,1597988260000001024,2020-08-21 13:37:40.000001,8622.0,8654.0,8490.0,8590.0,nan,8571.0,353917,30334226070.0,152794,8623.0,14,8622.0,4,nan,0,nan,0,nan,0,nan,0,nan,0,nan,0,nan,0,nan,0
1597988260718076928,1597988261000000000,2020-08-21 13:37:41.000000,8622.0,8654.0,8490.0,8590.0,nan,8571.0,353922,30334654620.0,152790,8622.0,7,8621.0,16,nan,0,nan,0,nan,0,nan,0,nan,0,nan,0,nan,0,nan,0
1597988261207610112,1597988261000001024,2020-08-21 13:37:41.000001,8622.0,8654.0,8490.0,8590.0,nan,8571.0,353924,30334826040.0,152788,8622.0,10,8621.0,16,nan,0,nan,0,nan,0,nan,0,nan,0,nan,0,nan,0,nan,0
1597988261697561088,1597988262000000000,2020-08-21 13:37:42.000000,8622.0,8654.0,8490.0,8590.0,nan,8571.0,353933,30335597430.0,152783,8622.0,4,8621.0,16,nan,0,nan,0,nan,0,nan,0,nan,0,nan,0,nan,0,nan,0
1597988262196621056,1597988262000001024,2020-08-21 13:37:42.000001,8622.0,8654.0,8490.0,8590.0,nan,8571.0,353944,30336540240.0,152778,8623.0,11,8621.0,17,nan,0,nan,0,nan,0,nan,0,nan,0,nan,0,nan,0,nan,0
1597988262719507968,1597988263000000000,2020-08-21 13:37:43.000000,8622.0,8654.0,8490.0,8590.0,nan,8571.0,353948,30336883080.0,152778,8622.0,13,8621.0,17,nan,0,nan,0,nan,0,nan,0,nan,0,nan,0,nan,0,nan,0
1597988263198064128,1597988263000001024,2020-08-21 13:37:43.000001,8621.0,8654.0,8490.0,8590.0,nan,8571.0,353950,30337054500.0,152780,8622.0,13,8621.0,15,nan,0,nan,0,nan,0,nan,0,nan,0,nan,0,nan,0,nan,0
1597988263697281024,1597988264000000000,2020-08-21 13:37:44.000000,8622.0,8654.0,8490.0,8590.0,nan,8571.0,353953,30337311630.0,152783,8622.0,11,8621.0,15,nan,0,nan,0,nan,0,nan,0,nan,0,nan,0,nan,0,nan,0
1597988264202620928,1597988264000001024,2020-08-21 13:37:44.000001,8622.0,8654.0,8490.0,8590.0,nan,8571.0,353972,30338940120.0,152785,8622.0,6,8621.0,14,nan,0,nan,0,nan,0,nan,0,nan,0,nan,0,nan,0,nan,0
1597988264716786944,1597988265000000000,2020-08-21 13:37:45.000000,8622.0,8654.0,8490.0,8590.0,nan,8571.0,353991,30340568610.0,152781,8623.0,11,8621.0,11,nan,0,nan,0,nan,0,nan,0,nan,0,nan,0,nan,0,nan,0
1597988265199408896,1597988265000001024,2020-08-21 13:37:45.000001,8622.0,8654.0,8490.0,8590.0,nan,8571.0,353993,30340740030.0,152781,8622.0,1,8621.0,16,nan,0,nan,0,nan,0,nan,0,nan,0,nan,0,nan,0,nan,0
1597988265716193024,1597988266000000000,2020-08-21 13:37:46.000000,8622.0,8654.0,8490.0,8590.0,nan,8571.0,353995,30340911450.0,152781,8623.0,13,8622.0,3,nan,0,nan,0,nan,0,nan,0,nan,0,nan,0,nan,0,nan,0
1597988266223101952,1597988266000001024,2020-08-21 13:37:46.000001,8622.0,8654.0,8490.0,8590.0,nan,8571.0,353995,30340911450.0,152781,8623.0,12,8622.0,10,nan,0,nan,0,nan,0,nan,0,nan,0,nan,0,nan,0,nan,0
1597988266700793088,1597988267000000000,2020-08-21 13:37:47.000000,8622.0,8654.0,8490.0,8590.0,nan,8571.0,353998,30341168580.0,152779,8623.0,6,8622.0,8,nan,0,nan,0,nan,0,nan,0,nan,0,nan,0,nan,0,nan,0
1597988267227484928,1597988267000001024,2020-08-21 13:37:47.000001,8623.0,8654.0,8490.0,8590.0,nan,8571.0,354006,30341854260.0,152775,8624.0,38,8623.0,1,nan,0,nan,0,nan,0,nan,0,nan,0,nan,0,nan,0,nan,0
1597988267724055040,1597988268000000000,2020-08-21 13:37:48.000000,8622.0,8654.0,8490.0,8590.0,nan,8571.0,354028,30343739880.0,152788,8623.0,5,8622.0,14,nan,0,nan,0,nan,0,nan,0,nan,0,nan,0,nan,0,nan,0
1597988268218060032,1597988268000001024,2020-08-21 13:37:48.000001,8622.0,8654.0,8490.0,8590.0,nan,8571.0,354028,30343739880.0,152788,8623.0,11,8622.0,24,nan,0,nan,0,nan,0,nan,0,nan,0,nan,0,nan,0,nan,0
1597988268705088000,1597988269000000000,2020-08-21 13:37:49.000000,8622.0,8654.0,8490.0,8590.0,nan,8571.0,354028,30343739880.0,152788,8623.0,11,8622.0,25,nan,0,nan,0,nan,0,nan,0,nan,0,nan,0,nan,0,nan,0
1597988269203032064,1597988269000001024,2020-08-21 13:37:49.000001,8623.0,8654.0,8490.0,8590.0,nan,8571.0,354039,30344682690.0,152777,8624.0,51,8622.0,26,nan,0,nan,0,nan,0,nan,0,nan,0,nan,0,nan,0,nan,0
1597988269716976128,1597988270000000000,2020-08-21 13:37:50.000000,8623.0,8654.0,8490.0,8590.0,nan,8571.0,354039,30344682690.0,152777,8624.0,52,8622.0,22,nan,0,nan,0,nan,0,nan,0,nan,0,nan,0,nan,0,nan,0
1597988270204386048,1597988270000001024,2020-08-21 13:37:50.000001,8622.0,8654.0,8490.0,8590.0,nan,8571.0,354045,30345196950.0,152775,8624.0,53,8622.0,20,nan,0,nan,0,nan,0,nan,0,nan,0,nan,0,nan,0,nan,0
1597988271205146112,1597988271000001024,2020-08-21 13:37:51.000001,8622.0,8654.0,8490.0,8590.0,nan,8571.0,354045,30345196950.0,152775,8623.0,2,8622.0,20,nan,0,nan,0,nan,0,nan,0,nan,0,nan,0,nan,0,nan,0
1597988271707137024,1597988272000000000,2020-08-21 13:37:52.000000,8623.0,8654.0,8490.0,8590.0,nan,8571.0,354047,30345368370.0,152773,8624.0,54,8622.0,20,nan,0,nan,0,nan,0,nan,0,nan,0,nan,0,nan,0,nan,0
1597988272221765888,1597988272000001024,2020-08-21 13:37:52.000001,8623.0,8654.0,8490.0,8590.0,nan,8571.0,354048,30345454080.0,152773,8624.0,54,8622.0,20,nan,0,nan,0,nan,0,nan,0,nan,0,nan,0,nan,0,nan,0
1597988273708344064,1597988274000000000,2020-08-21 13:37:54.000000,8623.0,8654.0,8490.0,8590.0,nan,8571.0,354048,30345454080.0,152773,8623.0,1,8622.0,22,nan,0,nan,0,nan,0,nan,0,nan,0,nan,0,nan,0,nan,0
1597988274207416064,1597988274000001024,2020-08-21 13:37:54.000001,8623.0,8654.0,8490.0,8590.0,nan,8571.0,354053,30345882630.0,152773,8623.0,1,8622.0,23,nan,0,nan,0,nan,0,nan,0,nan,0,nan,0,nan,0,nan,0
1597988274707186944,1597988275000000000,2020-08-21 13:37:55.000000,8623.0,8654.0,8490.0,8590.0,nan,8571.0,354056,30346139760.0,152773,8624.0,53,8622.0,25,nan,0,nan,0,nan,0,nan,0,nan,0,nan,0,nan,0,nan,0
1597988275212893952,1597988275000001024,2020-08-21 13:37:55.000001,8624.0,8654.0,8490.0,8590.0,nan,8571.0,354069,30347253990.0,152768,8624.0,40,8622.0,26,nan,0,nan,0,nan,0,nan,0,nan,0,nan,0,nan,0,nan,0
1597988275708826112,1597988276000000000,2020-08-21 13:37:56.000000,8624.0,8654.0,8490.0,8590.0,nan,8571.0,354069,30347253990.0,152768,8624.0,40,8623.0,7,nan,0,nan,0,nan,0,nan,0,nan,0,nan,0,nan,0,nan,0
1597988276214210048,1597988276000001024,2020-08-21 13:37:56.000001,8624.0,8654.0,8490.0,8590.0,nan,8571.0,354069,30347253990.0,152768,8624.0,40,8623.0,8,nan,0,nan,0,nan,0,nan,0,nan,0,nan,0,nan,0,nan,0
1597988276802686976,1597988277000000000,2020-08-21 13:37:57.000000,8623.0,8654.0,8490.0,8590.0,nan,8571.0,354073,30347596830.0,152770,8624.0,38,8623.0,9,nan,0,nan,0,nan,0,nan,0,nan,0,nan,0,nan,0,nan,0
1597988277256268032,1597988277000001024,2020-08-21 13:37:57.000001,8620.0,8654.0,8490.0,8590.0,nan,8571.0,354173,30356167830.0,152715,8623.0,32,8621.0,8,nan,0,nan,0,nan,0,nan,0,nan,0,nan,0,nan,0,nan,0
1597988277715266048,1597988278000000000,2020-08-21 13:37:58.000000,8621.0,8654.0,8490.0,8590.0,nan,8571.0,354179,30356682090.0,152712,8622.0,9,8621.0,8,nan,0,nan,0,nan,0,nan,0,nan,0,nan,0,nan,0,nan,0
1597988278213805056,1597988278000001024,2020-08-21 13:37:58.000001,8621.0,8654.0,8490.0,8590.0,nan,8571.0,354191,30357710610.0,152719,8622.0,8,8621.0,4,nan,0,nan,0,nan,0,nan,0,nan,0,nan,0,nan,0,nan,0
1597988278715188992,1597988279000000000,2020-08-21 13:37:59.000000,8621.0,8654.0,8490.0,8590.0,nan,8571.0,354194,30357967740.0,152722,8622.0,9,8621.0,1,nan,0,nan,0,nan,0,nan,0,nan,0,nan,0,nan,0,nan,0
1597988279212549120,1597988279000001024,2020-08-21 13:37:59.000001,8621.0,8654.0,8490.0,8590.0,nan,8571.0,354197,30358224870.0,152724,8622.0,12,8621.0,3,nan,0,nan,0,nan,0,nan,0,nan,0,nan,0,nan,0,nan,0
1597988279711621888,1597988280000000000,2020-08-21 13:38:00.000000,8622.0,8654.0,8490.0,8590.0,nan,8571.0,354200,30358482000.0,152727,8622.0,10,8621.0,3,nan,0,nan,0,nan,0,nan,0,nan,0,nan,0,nan,0,nan,0
1597988280221798912,1597988280000001024,2020-08-21 13:38:00.000001,8621.0,8654.0,8490.0,8590.0,nan,8571.0,354205,30358910550.0,152729,8621.0,3,8620.0,69,nan,0,nan,0,nan,0,nan,0,nan,0,nan,0,nan,0,nan,0
1597988280712576000,1597988281000000000,2020-08-21 13:38:01.000000,8621.0,8654.0,8490.0,8590.0,nan,8571.0,354218,30360024780.0,152726,8622.0,5,8620.0,69,nan,0,nan,0,nan,0,nan,0,nan,0,nan,0,nan,0,nan,0
1597988281206304000,1597988281000001024,2020-08-21 13:38:01.000001,8621.0,8654.0,8490.0,8590.0,nan,8571.0,354230,30361053300.0,152729,8622.0,10,8621.0,5,nan,0,nan,0,nan,0,nan,0,nan,0,nan,0,nan,0,nan,0
1597988281707898112,1597988282000000000,2020-08-21 13:38:02.000000,8621.0,8654.0,8490.0,8590.0,nan,8571.0,354236,30361567560.0,152729,8622.0,10,8621.0,17,nan,0,nan,0,nan,0,nan,0,nan,0,nan,0,nan,0,nan,0
1597988282211450112,1597988282000001024,2020-08-21 13:38:02.000001,8621.0,8654.0,8490.0,8590.0,nan,8571.0,354237,30361653270.0,152729,8622.0,10,8621.0,17,nan,0,nan,0,nan,0,nan,0,nan,0,nan,0,nan,0,nan,0
1597988282706694912,1597988283000000000,2020-08-21 13:38:03.000000,8622.0,8654.0,8490.0,8590.0,nan,8571.0,354246,30362424660.0,152726,8622.0,2,8621.0,16,nan,0,nan,0,nan,0,nan,0,nan,0,nan,0,nan,0,nan,0
1597988283210682112,1597988283000001024,2020-08-21 13:38:03.000001,8621.0,8654.0,8490.0,8590.0,nan,8571.0,354259,30363538890.0,152716,8622.0,2,8621.0,6,nan,0,nan,0,nan,0,nan,0,nan,0,nan,0,nan,0,nan,0
1597988283711731968,1597988284000000000,2020-08-21 13:38:04.000000,8621.0,8654.0,8490.0,8590.0,nan,8571.0,354259,30363538890.0,152716,8622.0,9,8621.0,6,nan,0,nan,0,nan,0,nan,0,nan,0,nan,0,nan,0,nan,0
1597988284227137024,1597988284000001024,2020-08-21 13:38:04.000001,8621.0,8654.0,8490.0,8590.0,nan,8571.0,354275,30364910250.0,152714,8621.0,44,8620.0,61,nan,0,nan,0,nan,0,nan,0,nan,0,nan,0,nan,0,nan,0
1597988284711110912,1597988285000000000,2020-08-21 13:38:05.000000,8621.0,8654.0,8490.0,8590.0,nan,8571.0,354281,30365424510.0,152714,8621.0,42,8620.0,60,nan,0,nan,0,nan,0,nan,0,nan,0,nan,0,nan,0,nan,0
1597988285208484096,1597988285000001024,2020-08-21 13:38:05.000001,8621.0,8654.0,8490.0,8590.0,nan,8571.0,354290,30366195900.0,152717,8621.0,33,8620.0,59,nan,0,nan,0,nan,0,nan,0,nan,0,nan,0,nan,0,nan,0
1597988285709254912,1597988286000000000,2020-08-21 13:38:06.000000,8620.0,8654.0,8490.0,8590.0,nan,8571.0,354291,30366281610.0,152717,8621.0,36,8620.0,59,nan,0,nan,0,nan,0,nan,0,nan,0,nan,0,nan,0,nan,0
1597988286213384960,1597988286000001024,2020-08-21 13:38:06.000001,8620.0,8654.0,8490.0,8590.0,nan,8571.0,354293,30366453030.0,152716,8621.0,36,8620.0,57,nan,0,nan,0,nan,0,nan,0,nan,0,nan,0,nan,0,nan,0
1597988286708065024,1597988287000000000,2020-08-21 13:38:07.000000,8621.0,8654.0,8490.0,8590.0,nan,8571.0,354297,30366795870.0,152715,8621.0,36,8620.0,55,nan,0,nan,0,nan,0,nan,0,nan,0,nan,0,nan,0,nan,0
1597988287215237120,1597988287000001024,2020-08-21 13:38:07.000001,8621.0,8654.0,8490.0,8590.0,nan,8571.0,354298,30366881580.0,152715,8621.0,36,8620.0,57,nan,0,nan,0,nan,0,nan,0,nan,0,nan,0,nan,0,nan,0
1597988287715492096,1597988288000000000,2020-08-21 13:38:08.000000,8620.0,8654.0,8490.0,8590.0,nan,8571.0,354299,30366967290.0,152715,8621.0,36,8620.0,56,nan,0,nan,0,nan,0,nan,0,nan,0,nan,0,nan,0,nan,0
1597988288211730944,1597988288000001024,2020-08-21 13:38:08.000001,8621.0,8654.0,8490.0,8590.0,nan,8571.0,354302,30367224420.0,152717,8621.0,34,8620.0,56,nan,0,nan,0,nan,0,nan,0,nan,0,nan,0,nan,0,nan,0
1597988288717121024,1597988289000000000,2020-08-21 13:38:09.000000,8620.0,8654.0,8490.0,8590.0,nan,8571.0,354303,30367310130.0,152717,8621.0,34,8620.0,54,nan,0,nan,0,nan,0,nan,0,nan,0,nan,0,nan,0,nan,0
1597988289218787072,1597988289000001024,2020-08-21 13:38:09.000001,8620.0,8654.0,8490.0,8590.0,nan,8571.0,354304,30367395840.0,152718,8621.0,34,8620.0,57,nan,0,nan,0,nan,0,nan,0,nan,0,nan,0,nan,0,nan,0
1597988289797734912,1597988290000000000,2020-08-21 13:38:10.000000,8621.0,8654.0,8490.0,8590.0,nan,8571.0,354305,30367481550.0,152718,8621.0,33,8620.0,58,nan,0,nan,0,nan,0,nan,0,nan,0,nan,0,nan,0,nan,0
1597988290218697984,1597988290000001024,2020-08-21 13:38:10.000001,8621.0,8654.0,8490.0,8590.0,nan,8571.0,354309,30367824390.0,152720,8621.0,32,8620.0,55,nan,0,nan,0,nan,0,nan,0,nan,0,nan,0,nan,0,nan,0
1597988290713486080,1597988291000000000,2020-08-21 13:38:11.000000,8620.0,8654.0,8490.0,8590.0,nan,8571.0,354316,30368424360.0,152715,8621.0,30,8620.0,49,nan,0,nan,0,nan,0,nan,0,nan,0,nan,0,nan,0,nan,0
1597988291226529024,1597988291000001024,2020-08-21 13:38:11.000001,8621.0,8654.0,8490.0,8590.0,nan,8571.0,354330,30369624300.0,152705,8621.0,26,8620.0,41,nan,0,nan,0,nan,0,nan,0,nan,0,nan,0,nan,0,nan,0
1597988291717222912,1597988292000000000,2020-08-21 13:38:12.000000,8621.0,8654.0,8490.0,8590.0,nan,8571.0,354359,30372109890.0,152710,8622.0,13,8620.0,82,nan,0,nan,0,nan,0,nan,0,nan,0,nan,0,nan,0,nan,0
1597988292223205120,1597988292000001024,2020-08-21 13:38:12.000001,8621.0,8654.0,8490.0,8590.0,nan,8571.0,354363,30372452730.0,152714,8622.0,16,8621.0,9,nan,0,nan,0,nan,0,nan,0,nan,0,nan,0,nan,0,nan,0
1597988292714480896,1597988293000000000,2020-08-21 13:38:13.000000,8621.0,8654.0,8490.0,8590.0,nan,8571.0,354367,30372795570.0,152714,8622.0,16,8621.0,6,nan,0,nan,0,nan,0,nan,0,nan,0,nan,0,nan,0,nan,0
1597988293215961088,1597988293000001024,2020-08-21 13:38:13.000001,8621.0,8654.0,8490.0,8590.0,nan,8571.0,354367,30372795570.0,152714,8622.0,16,8621.0,18,nan,0,nan,0,nan,0,nan,0,nan,0,nan,0,nan,0,nan,0
1597988293719570944,1597988294000000000,2020-08-21 13:38:14.000000,8621.0,8654.0,8490.0,8590.0,nan,8571.0,354367,30372795570.0,152714,8622.0,16,8621.0,19,nan,0,nan,0,nan,0,nan,0,nan,0,nan,0,nan,0,nan,0
1597988294719241984,1597988295000000000,2020-08-21 13:38:15.000000,8622.0,8654.0,8490.0,8590.0,nan,8571.0,354368,30372881280.0,152714,8622.0,15,8621.0,21,nan,0,nan,0,nan,0,nan,0,nan,0,nan,0,nan,0,nan,0
1597988295235981056,1597988295000001024,2020-08-21 13:38:15.000001,8621.0,8654.0,8490.0,8590.0,nan,8571.0,354379,30373824090.0,152719,8622.0,14,8621.0,16,nan,0,nan,0,nan,0,nan,0,nan,0,nan,0,nan,0,nan,0
1597988295722084096,1597988296000000000,2020-08-21 13:38:16.000000,8621.0,8654.0,8490.0,8590.0,nan,8571.0,354391,30374852610.0,152724,8622.0,14,8621.0,5,nan,0,nan,0,nan,0,nan,0,nan,0,nan,0,nan,0,nan,0
1597988296231856896,1597988296000001024,2020-08-21 13:38:16.000001,8621.0,8654.0,8490.0,8590.0,nan,8571.0,354395,30375195450.0,152722,8622.0,13,8621.0,10,nan,0,nan,0,nan,0,nan,0,nan,0,nan,0,nan,0,nan,0
1597988296745131008,1597988297000000000,2020-08-21 13:38:17.000000,8621.0,8654.0,8490.0,8590.0,nan,8571.0,354395,30375195450.0,152722,8622.0,13,8621.0,12,nan,0,nan,0,nan,0,nan,0,nan,0,nan,0,nan,0,nan,0
1597988297235547904,1597988297000001024,2020-08-21 13:38:17.000001,8622.0,8654.0,8490.0,8590.0,nan,8571.0,354396,30375281160.0,152721,8622.0,12,8621.0,12,nan,0,nan,0,nan,0,nan,0,nan,0,nan,0,nan,0,nan,0
1597988297732322048,1597988298000000000,2020-08-21 13:38:18.000000,8621.0,8654.0,8490.0,8590.0,nan,8571.0,354400,30375624000.0,152719,8622.0,12,8621.0,8,nan,0,nan,0,nan,0,nan,0,nan,0,nan,0,nan,0,nan,0
1597988298223344896,1597988298000001024,2020-08-21 13:38:18.000001,8621.0,8654.0,8490.0,8590.0,nan,8571.0,354409,30376395390.0,152724,8621.0,52,8620.0,88,nan,0,nan,0,nan,0,nan,0,nan,0,nan,0,nan,0,nan,0
1597988298726618112,1597988299000000000,2020-08-21 13:38:19.000000,8621.0,8654.0,8490.0,8590.0,nan,8571.0,354411,30376566810.0,152723,8621.0,58,8620.0,88,nan,0,nan,0,nan,0,nan,0,nan,0,nan,0,nan,0,nan,0
1597988299219959040,1597988299000001024,2020-08-21 13:38:19.000001,8620.0,8654.0,8490.0,8590.0,nan,8571.0,354499,30384109290.0,152743,8620.0,39,8619.0,20,nan,0,nan,0,nan,0,nan,0,nan,0,nan,0,nan,0,nan,0
1597988299732957952,1597988300000000000,2020-08-21 13:38:20.000000,8618.0,8654.0,8490.0,8590.0,nan,8571.0,354530,30386766300.0,152757,8619.0,12,8618.0,66,nan,0,nan,0,nan,0,nan,0,nan,0,nan,0,nan,0,nan,0
1597988300223505920,1597988300000001024,2020-08-21 13:38:20.000001,8618.0,8654.0,8490.0,8590.0,nan,8571.0,354542,30387794820.0,152758,8619.0,12,8618.0,63,nan,0,nan,0,nan,0,nan,0,nan,0,nan,0,nan,0,nan,0
1597988300756250112,1597988301000000000,2020-08-21 13:38:21.000000,8619.0,8654.0,8490.0,8590.0,nan,8571.0,354546,30388137660.0,152758,8619.0,10,8618.0,64,nan,0,nan,0,nan,0,nan,0,nan,0,nan,0,nan,0,nan,0
1597988301516535040,1597988301000001024,2020-08-21 13:38:21.000001,8618.0,8654.0,8490.0,8590.0,nan,8571.0,354547,30388223370.0,152758,8619.0,14,8618.0,63,nan,0,nan,0,nan,0,nan,0,nan,0,nan,0,nan,0,nan,0
1597988301906515968,1597988302000000000,2020-08-21 13:38:22.000000,8619.0,8654.0,8490.0,8590.0,nan,8571.0,354552,30388651920.0,152754,8619.0,11,8618.0,61,nan,0,nan,0,nan,0,nan,0,nan,0,nan,0,nan,0,nan,0
1597988302219229952,1597988302000001024,2020-08-21 13:38:22.000001,8618.0,8654.0,8490.0,8590.0,nan,8571.0,354557,30389080470.0,152753,8619.0,8,8618.0,59,nan,0,nan,0,nan,0,nan,0,nan,0,nan,0,nan,0,nan,0
1597988302713633024,1597988303000000000,2020-08-21 13:38:23.000000,8619.0,8654.0,8490.0,8590.0,nan,8571.0,354562,30389509020.0,152754,8619.0,6,8618.0,62,nan,0,nan,0,nan,0,nan,0,nan,0,nan,0,nan,0,nan,0
1597988303215543040,1597988303000001024,2020-08-21 13:38:23.000001,8619.0,8654.0,8490.0,8590.0,nan,8571.0,354563,30389594730.0,152754,8619.0,5,8618.0,62,nan,0,nan,0,nan,0,nan,0,nan,0,nan,0,nan,0,nan,0
1597988303844503040,1597988304000000000,2020-08-21 13:38:24.000000,8619.0,8654.0,8490.0,8590.0,nan,8571.0,354570,30390194700.0,152756,8620.0,25,8619.0,3,nan,0,nan,0,nan,0,nan,0,nan,0,nan,0,nan,0,nan,0
1597988304253789952,1597988304000001024,2020-08-21 13:38:24.000001,8618.0,8654.0,8490.0,8590.0,nan,8571.0,354579,30390966090.0,152759,8619.0,29,8618.0,63,nan,0,nan,0,nan,0,nan,0,nan,0,nan,0,nan,0,nan,0
1597988304717142016,1597988305000000000,2020-08-21 13:38:25.000000,8619.0,8654.0,8490.0,8590.0,nan,8571.0,354589,30391823190.0,152755,8619.0,20,8618.0,65,nan,0,nan,0,nan,0,nan,0,nan,0,nan,0,nan,0,nan,0
1597988305217520896,1597988305000001024,2020-08-21 13:38:25.000001,8619.0,8654.0,8490.0,8590.0,nan,8571.0,354594,30392251740.0,152754,8619.0,44,8618.0,65,nan,0,nan,0,nan,0,nan,0,nan,0,nan,0,nan,0,nan,0
1597988305718245888,1597988306000000000,2020-08-21 13:38:26.000000,8619.0,8654.0,8490.0,8590.0,nan,8571.0,354598,30392594580.0,152754,8619.0,43,8618.0,62,nan,0,nan,0,nan,0,nan,0,nan,0,nan,0,nan,0,nan,0
1597988306232301056,1597988306000001024,2020-08-21 13:38:26.000001,8619.0,8654.0,8490.0,8590.0,nan,8571.0,354600,30392766000.0,152752,8619.0,42,8618.0,62,nan,0,nan,0,nan,0,nan,0,nan,0,nan,0,nan,0,nan,0
1597988306718484992,1597988307000000000,2020-08-21 13:38:27.000000,8618.0,8654.0,8490.0,8590.0,nan,8571.0,354602,30392937420.0,152754,8619.0,47,8618.0,60,nan,0,nan,0,nan,0,nan,0,nan,0,nan,0,nan,0,nan,0
1597988307221103104,1597988307000001024,2020-08-21 13:38:27.000001,8619.0,8654.0,8490.0,8590.0,nan,8571.0,354606,30393280260.0,152752,8619.0,46,8618.0,61,nan,0,nan,0,nan,0,nan,0,nan,0,nan,0,nan,0,nan,0
1597988307720900096,1597988308000000000,2020-08-21 13:38:28.000000,8619.0,8654.0,8490.0,8590.0,nan,8571.0,354608,30393451680.0,152751,8619.0,44,8618.0,61,nan,0,nan,0,nan,0,nan,0,nan,0,nan,0,nan,0,nan,0
1597988308224077056,1597988308000001024,2020-08-21 13:38:28.000001,8618.0,8654.0,8490.0,8590.0,nan,8571.0,354618,30394308780.0,152743,8619.0,35,8618.0,61,nan,0,nan,0,nan,0,nan,0,nan,0,nan,0,nan,0,nan,0
1597988308732397056,1597988309000000000,2020-08-21 13:38:29.000000,8618.0,8654.0,8490.0,8590.0,nan,8571.0,354620,30394480200.0,152744,8619.0,36,8618.0,62,nan,0,nan,0,nan,0,nan,0,nan,0,nan,0,nan,0,nan,0
1597988309220548096,1597988309000001024,2020-08-21 13:38:29.000001,8618.0,8654.0,8490.0,8590.0,nan,8571.0,354624,30394823040.0,152743,8619.0,35,8618.0,60,nan,0,nan,0,nan,0,nan,0,nan,0,nan,0,nan,0,nan,0
1597988309967387904,1597988310000000000,2020-08-21 13:38:30.000000,8618.0,8654.0,8490.0,8590.0,nan,8571.0,354629,30395251590.0,152744,8619.0,33,8618.0,57,nan,0,nan,0,nan,0,nan,0,nan,0,nan,0,nan,0,nan,0
1597988310246808064,1597988310000001024,2020-08-21 13:38:30.000001,8618.0,8654.0,8490.0,8590.0,nan,8571.0,354636,30395851560.0,152746,8619.0,32,8618.0,52,nan,0,nan,0,nan,0,nan,0,nan,0,nan,0,nan,0,nan,0
1597988310724816896,1597988311000000000,2020-08-21 13:38:31.000000,8618.0,8654.0,8490.0,8590.0,nan,8571.0,354638,30396022980.0,152747,8619.0,31,8618.0,52,nan,0,nan,0,nan,0,nan,0,nan,0,nan,0,nan,0,nan,0
1597988311232847872,1597988311000001024,2020-08-21 13:38:31.000001,8618.0,8654.0,8490.0,8590.0,nan,8571.0,354639,30396108690.0,152748,8619.0,31,8618.0,51,nan,0,nan,0,nan,0,nan,0,nan,0,nan,0,nan,0,nan,0
1597988311739254016,1597988312000000000,2020-08-21 13:38:32.000000,8618.0,8654.0,8490.0,8590.0,nan,8571.0,354690,30400479900.0,152762,8620.0,31,8619.0,1,nan,0,nan,0,nan,0,nan,0,nan,0,nan,0,nan,0,nan,0
1597988312236502016,1597988312000001024,2020-08-21 13:38:32.000001,8619.0,8654.0,8490.0,8590.0,nan,8571.0,354693,30400737030.0,152760,8619.0,19,8618.0,34,nan,0,nan,0,nan,0,nan,0,nan,0,nan,0,nan,0,nan,0
1597988312724742912,1597988313000000000,2020-08-21 13:38:33.000000,8619.0,8654.0,8490.0,8590.0,nan,8571.0,354696,30400994160.0,152762,8619.0,19,8618.0,31,nan,0,nan,0,nan,0,nan,0,nan,0,nan,0,nan,0,nan,0
1597988313229422080,1597988313000001024,2020-08-21 13:38:33.000001,8618.0,8654.0,8490.0,8590.0,nan,8571.0,354699,30401251290.0,152763,8619.0,17,8618.0,30,nan,0,nan,0,nan,0,nan,0,nan,0,nan,0,nan,0,nan,0
1597988313725496064,1597988314000000000,2020-08-21 13:38:34.000000,8619.0,8654.0,8490.0,8590.0,nan,8571.0,354700,30401337000.0,152763,8619.0,17,8618.0,33,nan,0,nan,0,nan,0,nan,0,nan,0,nan,0,nan,0,nan,0
1597988314224092928,1597988314000001024,2020-08-21 13:38:34.000001,8618.0,8654.0,8490.0,8590.0,nan,8571.0,354701,30401422710.0,152763,8619.0,18,8618.0,32,nan,0,nan,0,nan,0,nan,0,nan,0,nan,0,nan,0,nan,0
1597988314725267968,1597988315000000000,2020-08-21 13:38:35.000000,8618.0,8654.0,8490.0,8590.0,nan,8571.0,354733,30404165430.0,152770,8619.0,18,8617.0,72,nan,0,nan,0,nan,0,nan,0,nan,0,nan,0,nan,0,nan,0
1597988315230035968,1597988315000001024,2020-08-21 13:38:35.000001,8618.0,8654.0,8490.0,8590.0,nan,8571.0,354737,30404508270.0,152770,8618.0,1,8617.0,71,nan,0,nan,0,nan,0,nan,0,nan,0,nan,0,nan,0,nan,0
1597988315738657024,1597988316000000000,2020-08-21 13:38:36.000000,8618.0,8654.0,8490.0,8590.0,nan,8571.0,354750,30405622500.0,152766,8619.0,18,8617.0,72,nan,0,nan,0,nan,0,nan,0,nan,0,nan,0,nan,0,nan,0
1597988316226652928,1597988316000001024,2020-08-21 13:38:36.000001,8618.0,8654.0,8490.0,8590.0,nan,8571.0,354751,30405708210.0,152766,8618.0,4,8617.0,75,nan,0,nan,0,nan,0,nan,0,nan,0,nan,0,nan,0,nan,0
1597988316728788992,1597988317000000000,2020-08-21 13:38:37.000000,8617.0,8654.0,8490.0,8590.0,nan,8571.0,354759,30406393890.0,152768,8618.0,5,8617.0,68,nan,0,nan,0,nan,0,nan,0,nan,0,nan,0,nan,0,nan,0
1597988317236791040,1597988317000001024,2020-08-21 13:38:37.000001,8618.0,8654.0,8490.0,8590.0,nan,8571.0,354775,30407765250.0,152755,8618.0,3,8617.0,57,nan,0,nan,0,nan,0,nan,0,nan,0,nan,0,nan,0,nan,0
1597988317744164096,1597988318000000000,2020-08-21 13:38:38.000000,8617.0,8654.0,8490.0,8590.0,nan,8571.0,354776,30407850960.0,152755,8618.0,8,8617.0,55,nan,0,nan,0,nan,0,nan,0,nan,0,nan,0,nan,0,nan,0
1597988318242945024,1597988318000001024,2020-08-21 13:38:38.000001,8618.0,8654.0,8490.0,8590.0,nan,8571.0,354779,30408108090.0,152752,8618.0,9,8617.0,53,nan,0,nan,0,nan,0,nan,0,nan,0,nan,0,nan,0,nan,0
1597988318728407040,1597988319000000000,2020-08-21 13:38:39.000000,8617.0,8654.0,8490.0,8590.0,nan,8571.0,354787,30408793770.0,152747,8618.0,3,8617.0,53,nan,0,nan,0,nan,0,nan,0,nan,0,nan,0,nan,0,nan,0
1597988319232829952,1597988319000001024,2020-08-21 13:38:39.000001,8617.0,8654.0,8490.0,8590.0,nan,8571.0,354812,30410936520.0,152736,8618.0,9,8617.0,36,nan,0,nan,0,nan,0,nan,0,nan,0,nan,0,nan,0,nan,0
1597988319734718976,1597988320000000000,2020-08-21 13:38:40.000000,8618.0,8654.0,8490.0,8590.0,nan,8571.0,354816,30411279360.0,152733,8618.0,13,8617.0,34,nan,0,nan,0,nan,0,nan,0,nan,0,nan,0,nan,0,nan,0
1597988320230451968,1597988320000001024,2020-08-21 13:38:40.000001,8617.0,8654.0,8490.0,8590.0,nan,8571.0,354817,30411365070.0,152733,8618.0,13,8617.0,35,nan,0,nan,0,nan,0,nan,0,nan,0,nan,0,nan,0,nan,0
1597988320739492096,1597988321000000000,2020-08-21 13:38:41.000000,8617.0,8654.0,8490.0,8590.0,nan,8571.0,354832,30412650720.0,152734,8618.0,16,8617.0,19,nan,0,nan,0,nan,0,nan,0,nan,0,nan,0,nan,0,nan,0
1597988321235037952,1597988321000001024,2020-08-21 13:38:41.000001,8617.0,8654.0,8490.0,8590.0,nan,8571.0,354855,30414622050.0,152737,8617.0,6,8616.0,104,nan,0,nan,0,nan,0,nan,0,nan,0,nan,0,nan,0,nan,0
1597988321741644032,1597988322000000000,2020-08-21 13:38:42.000000,8616.0,8654.0,8490.0,8590.0,nan,8571.0,354861,30415136310.0,152735,8617.0,11,8616.0,102,nan,0,nan,0,nan,0,nan,0,nan,0,nan,0,nan,0,nan,0
1597988322235286016,1597988322000001024,2020-08-21 13:38:42.000001,8617.0,8654.0,8490.0,8590.0,nan,8571.0,354898,30418307580.0,152740,8617.0,1,8616.0,92,nan,0,nan,0,nan,0,nan,0,nan,0,nan,0,nan,0,nan,0
1597988322732321024,1597988323000000000,2020-08-21 13:38:43.000000,8617.0,8654.0,8490.0,8590.0,nan,8571.0,354901,30418564710.0,152740,8617.0,1,8616.0,91,nan,0,nan,0,nan,0,nan,0,nan,0,nan,0,nan,0,nan,0
1597988323221204992,1597988323000001024,2020-08-21 13:38:43.000001,8616.0,8654.0,8490.0,8590.0,nan,8571.0,354907,30419078970.0,152740,8618.0,28,8616.0,90,nan,0,nan,0,nan,0,nan,0,nan,0,nan,0,nan,0,nan,0
1597988323724367872,1597988324000000000,2020-08-21 13:38:44.000000,8616.0,8654.0,8490.0,8590.0,nan,8571.0,354940,30421907400.0,152734,8618.0,28,8616.0,59,nan,0,nan,0,nan,0,nan,0,nan,0,nan,0,nan,0,nan,0
1597988324231169024,1597988324000001024,2020-08-21 13:38:44.000001,8616.0,8654.0,8490.0,8590.0,nan,8571.0,354959,30423535890.0,152740,8617.0,11,8616.0,49,nan,0,nan,0,nan,0,nan,0,nan,0,nan,0,nan,0,nan,0
1597988324742745088,1597988325000000000,2020-08-21 13:38:45.000000,8617.0,8654.0,8490.0,8590.0,nan,8571.0,354963,30423878730.0,152741,8617.0,9,8616.0,45,nan,0,nan,0,nan,0,nan,0,nan,0,nan,0,nan,0,nan,0
1597988325289710080,1597988325000001024,2020-08-21 13:38:45.000001,8617.0,8654.0,8490.0,8590.0,nan,8571.0,354963,30423878730.0,152741,8617.0,12,8616.0,45,nan,0,nan,0,nan,0,nan,0,nan,0,nan,0,nan,0,nan,0
1597988325792016896,1597988326000000000,2020-08-21 13:38:46.000000,8618.0,8654.0,8490.0,8590.0,nan,8571.0,354976,30424992960.0,152737,8618.0,28,8617.0,4,nan,0,nan,0,nan,0,nan,0,nan,0,nan,0,nan,0,nan,0
1597988326288806912,1597988326000001024,2020-08-21 13:38:46.000001,8616.0,8654.0,8490.0,8590.0,nan,8571.0,354989,30426107190.0,152739,8618.0,28,8617.0,4,nan,0,nan,0,nan,0,nan,0,nan,0,nan,0,nan,0,nan,0
1597988326773966080,1597988327000000000,2020-08-21 13:38:47.000000,8616.0,8654.0,8490.0,8590.0,nan,8571.0,355001,30427135710.0,152738,8618.0,27,8616.0,48,nan,0,nan,0,nan,0,nan,0,nan,0,nan,0,nan,0,nan,0
1597988327275204096,1597988327000001024,2020-08-21 13:38:47.000001,8616.0,8654.0,8490.0,8590.0,nan,8571.0,355004,30427392840.0,152738,8617.0,3,8616.0,45,nan,0,nan,0,nan,0,nan,0,nan,0,nan,0,nan,0,nan,0
1597988327731256064,1597988328000000000,2020-08-21 13:38:48.000000,8616.0,8654.0,8490.0,8590.0,nan,8571.0,355017,30428507070.0,152737,8618.0,29,8616.0,43,nan,0,nan,0,nan,0,nan,0,nan,0,nan,0,nan,0,nan,0
1597988328319808000,1597988328000001024,2020-08-21 13:38:48.000001,8616.0,8654.0,8490.0,8590.0,nan,8571.0,355018,30428592780.0,152737,8618.0,31,8616.0,45,nan,0,nan,0,nan,0,nan,0,nan,0,nan,0,nan,0,nan,0
1597988328737511936,1597988329000000000,2020-08-21 13:38:49.000000,8617.0,8654.0,8490.0,8590.0,nan,8571.0,355026,30429278460.0,152734,8618.0,28,8617.0,2,nan,0,nan,0,nan,0,nan,0,nan,0,nan,0,nan,0,nan,0
1597988329294854912,1597988329000001024,2020-08-21 13:38:49.000001,8616.0,8654.0,8490.0,8590.0,nan,8571.0,355076,30433563960.0,152725,8616.0,15,8615.0,42,nan,0,nan,0,nan,0,nan,0,nan,0,nan,0,nan,0,nan,0
1597988329734262016,1597988330000000000,2020-08-21 13:38:50.000000,8615.0,8654.0,8490.0,8590.0,nan,8571.0,355082,30434078220.0,152729,8616.0,12,8615.0,41,nan,0,nan,0,nan,0,nan,0,nan,0,nan,0,nan,0,nan,0
1597988330274494976,1597988330000001024,2020-08-21 13:38:50.000001,8616.0,8654.0,8490.0,8590.0,nan,8571.0,355128,30438020880.0,152718,8616.0,5,8615.0,23,nan,0,nan,0,nan,0,nan,0,nan,0,nan,0,nan,0,nan,0
1597988330802526976,1597988331000000000,2020-08-21 13:38:51.000000,8615.0,8654.0,8490.0,8590.0,nan,8571.0,355140,30439049400.0,152711,8616.0,14,8615.0,8,nan,0,nan,0,nan,0,nan,0,nan,0,nan,0,nan,0,nan,0
1597988331232093952,1597988331000001024,2020-08-21 13:38:51.000001,8615.0,8654.0,8490.0,8590.0,nan,8571.0,355145,30439477950.0,152711,8616.0,13,8615.0,7,nan,0,nan,0,nan,0,nan,0,nan,0,nan,0,nan,0,nan,0
1597988331737061120,1597988332000000000,2020-08-21 13:38:52.000000,8616.0,8654.0,8490.0,8590.0,nan,8571.0,355149,30439820790.0,152711,8616.0,10,8615.0,17,nan,0,nan,0,nan,0,nan,0,nan,0,nan,0,nan,0,nan,0
1597988332245065984,1597988332000001024,2020-08-21 13:38:52.000001,8615.0,8654.0,8490.0,8590.0,nan,8571.0,355169,30441534990.0,152709,8615.0,12,8614.0,15,nan,0,nan,0,nan,0,nan,0,nan,0,nan,0,nan,0,nan,0
1597988332744744960,1597988333000000000,2020-08-21 13:38:53.000000,8615.0,8654.0,8490.0,8590.0,nan,8571.0,355179,30442392090.0,152706,8615.0,17,8614.0,12,nan,0,nan,0,nan,0,nan,0,nan,0,nan,0,nan,0,nan,0
1597988333264605952,1597988333000001024,2020-08-21 13:38:53.000001,8615.0,8654.0,8490.0,8590.0,nan,8571.0,355199,30444106290.0,152706,8615.0,34,8614.0,5,nan,0,nan,0,nan,0,nan,0,nan,0,nan,0,nan,0,nan,0
1597988333815866112,1597988334000000000,2020-08-21 13:38:54.000000,8615.0,8654.0,8490.0,8590.0,nan,8571.0,355205,30444620550.0,152707,8615.0,31,8614.0,5,nan,0,nan,0,nan,0,nan,0,nan,0,nan,0,nan,0,nan,0
1597988334248684032,1597988334000001024,2020-08-21 13:38:54.000001,8614.0,8654.0,8490.0,8590.0,nan,8571.0,355208,30444877680.0,152708,8615.0,30,8614.0,15,nan,0,nan,0,nan,0,nan,0,nan,0,nan,0,nan,0,nan,0
1597988334747481088,1597988335000000000,2020-08-21 13:38:55.000000,8614.0,8654.0,8490.0,8590.0,nan,8571.0,355226,30446420460.0,152719,8615.0,16,8614.0,20,nan,0,nan,0,nan,0,nan,0,nan,0,nan,0,nan,0,nan,0
1597988335238497024,1597988335000001024,2020-08-21 13:38:55.000001,8616.0,8654.0,8490.0,8590.0,nan,8571.0,355249,30448391790.0,152712,8616.0,14,8615.0,9,nan,0,nan,0,nan,0,nan,0,nan,0,nan,0,nan,0,nan,0
1597988335737999104,1597988336000000000,2020-08-21 13:38:56.000000,8616.0,8654.0,8490.0,8590.0,nan,8571.0,355253,30448734630.0,152713,8616.0,15,8615.0,20,nan,0,nan,0,nan,0,nan,0,nan,0,nan,0,nan,0,nan,0
1597988336235699968,1597988336000001024,2020-08-21 13:38:56.000001,8615.0,8654.0,8490.0,8590.0,nan,8571.0,355268,30450020280.0,152719,8616.0,14,8615.0,20,nan,0,nan,0,nan,0,nan,0,nan,0,nan,0,nan,0,nan,0
1597988336764271104,1597988337000000000,2020-08-21 13:38:57.000000,8616.0,8654.0,8490.0,8590.0,nan,8571.0,355278,30450877380.0,152709,8616.0,5,8615.0,28,nan,0,nan,0,nan,0,nan,0,nan,0,nan,0,nan,0,nan,0
1597988337256886016,1597988337000001024,2020-08-21 13:38:57.000001,8616.0,8654.0,8490.0,8590.0,nan,8571.0,355284,30451391640.0,152705,8617.0,50,8616.0,3,nan,0,nan,0,nan,0,nan,0,nan,0,nan,0,nan,0,nan,0
1597988337872678912,1597988338000000000,2020-08-21 13:38:58.000000,8616.0,8654.0,8490.0,8590.0,nan,8571.0,355290,30451905900.0,152707,8617.0,50,8615.0,36,nan,0,nan,0,nan,0,nan,0,nan,0,nan,0,nan,0,nan,0
1597988338236011008,1597988338000001024,2020-08-21 13:38:58.000001,8617.0,8654.0,8490.0,8590.0,nan,8571.0,355301,30452848710.0,152696,8617.0,49,8615.0,61,nan,0,nan,0,nan,0,nan,0,nan,0,nan,0,nan,0,nan,0
1597988338745182976,1597988339000000000,2020-08-21 13:38:59.000000,8616.0,8654.0,8490.0,8590.0,nan,8571.0,355306,30453277260.0,152695,8617.0,49,8616.0,22,nan,0,nan,0,nan,0,nan,0,nan,0,nan,0,nan,0,nan,0
1597988339348658944,1597988339000001024,2020-08-21 13:38:59.000001,8617.0,8654.0,8490.0,8590.0,nan,8571.0,355312,30453791520.0,152694,8617.0,45,8616.0,21,nan,0,nan,0,nan,0,nan,0,nan,0,nan,0,nan,0,nan,0
1597988339761433088,1597988340000000000,2020-08-21 13:39:00.000000,8615.0,8654.0,8490.0,8590.0,nan,8571.0,355347,30456791370.0,152674,8617.0,49,8615.0,51,nan,0,nan,0,nan,0,nan,0,nan,0,nan,0,nan,0,nan,0
1597988340242482944,1597988340000001024,2020-08-21 13:39:00.000001,8616.0,8654.0,8490.0,8590.0,nan,8571.0,355349,30456962790.0,152674,8617.0,49,8615.0,56,nan,0,nan,0,nan,0,nan,0,nan,0,nan,0,nan,0,nan,0
1597988340765529088,1597988341000000000,2020-08-21 13:39:01.000000,8616.0,8654.0,8490.0,8590.0,nan,8571.0,355357,30457648470.0,152676,8616.0,46,8615.0,54,nan,0,nan,0,nan,0,nan,0,nan,0,nan,0,nan,0,nan,0
1597988341247794944,1597988341000001024,2020-08-21 13:39:01.000001,8616.0,8654.0,8490.0,8590.0,nan,8571.0,355358,30457734180.0,152676,8616.0,48,8615.0,52,nan,0,nan,0,nan,0,nan,0,nan,0,nan,0,nan,0,nan,0
1597988342237364992,1597988342000001024,2020-08-21 13:39:02.000001,8616.0,8654.0,8490.0,8590.0,nan,8571.0,355409,30462105390.0,152674,8617.0,54,8616.0,12,nan,0,nan,0,nan,0,nan,0,nan,0,nan,0,nan,0,nan,0
1597988342763206912,1597988343000000000,2020-08-21 13:39:03.000000,8616.0,8654.0,8490.0,8590.0,nan,8571.0,355411,30462276810.0,152672,8617.0,54,8616.0,13,nan,0,nan,0,nan,0,nan,0,nan,0,nan,0,nan,0,nan,0
1597988343246466048,1597988343000001024,2020-08-21 13:39:03.000001,8617.0,8654.0,8490.0,8590.0,nan,8571.0,355416,30462705360.0,152672,8617.0,50,8616.0,28,nan,0,nan,0,nan,0,nan,0,nan,0,nan,0,nan,0,nan,0
1597988343740542976,1597988344000000000,2020-08-21 13:39:04.000000,8617.0,8654.0,8490.0,8590.0,nan,8571.0,355472,30467505120.0,152652,8618.0,22,8617.0,11,nan,0,nan,0,nan,0,nan,0,nan,0,nan,0,nan,0,nan,0
1597988344239713024,1597988344000001024,2020-08-21 13:39:04.000001,8617.0,8654.0,8490.0,8590.0,nan,8571.0,355474,30467676540.0,152653,8618.0,26,8617.0,12,nan,0,nan,0,nan,0,nan,0,nan,0,nan,0,nan,0,nan,0
1597988344746177024,1597988345000000000,2020-08-21 13:39:05.000000,8617.0,8654.0,8490.0,8590.0,nan,8571.0,355480,30468190800.0,152659,8618.0,27,8617.0,10,nan,0,nan,0,nan,0,nan,0,nan,0,nan,0,nan,0,nan,0
1597988345292463104,1597988345000001024,2020-08-21 13:39:05.000001,8617.0,8654.0,8490.0,8590.0,nan,8571.0,355490,30469047900.0,152658,8618.0,26,8617.0,2,nan,0,nan,0,nan,0,nan,0,nan,0,nan,0,nan,0,nan,0
1597988345784557056,1597988346000000000,2020-08-21 13:39:06.000000,8617.0,8654.0,8490.0,8590.0,nan,8571.0,355498,30469733580.0,152658,8617.0,11,8616.0,39,nan,0,nan,0,nan,0,nan,0,nan,0,nan,0,nan,0,nan,0
1597988346253517056,1597988346000001024,2020-08-21 13:39:06.000001,8617.0,8654.0,8490.0,8590.0,nan,8571.0,355510,30470762100.0,152654,8618.0,27,8616.0,41,nan,0,nan,0,nan,0,nan,0,nan,0,nan,0,nan,0,nan,0
1597988346754349056,1597988347000000000,2020-08-21 13:39:07.000000,8617.0,8654.0,8490.0,8590.0,nan,8571.0,355510,30470762100.0,152654,8618.0,27,8617.0,1,nan,0,nan,0,nan,0,nan,0,nan,0,nan,0,nan,0,nan,0
1597988347455420928,1597988347000001024,2020-08-21 13:39:07.000001,8617.0,8654.0,8490.0,8590.0,nan,8571.0,355516,30471276360.0,152655,8617.0,2,8616.0,41,nan,0,nan,0,nan,0,nan,0,nan,0,nan,0,nan,0,nan,0
1597988347739346944,1597988348000000000,2020-08-21 13:39:08.000000,8616.0,8654.0,8490.0,8590.0,nan,8571.0,355518,30471447780.0,152655,8617.0,14,8616.0,40,nan,0,nan,0,nan,0,nan,0,nan,0,nan,0,nan,0,nan,0
1597988348241551872,1597988348000001024,2020-08-21 13:39:08.000001,8616.0,8654.0,8490.0,8590.0,nan,8571.0,355520,30471619200.0,152654,8617.0,14,8616.0,44,nan,0,nan,0,nan,0,nan,0,nan,0,nan,0,nan,0,nan,0
1597988348738045952,1597988349000000000,2020-08-21 13:39:09.000000,8617.0,8654.0,8490.0,8590.0,nan,8571.0,355521,30471704910.0,152653,8617.0,13,8616.0,45,nan,0,nan,0,nan,0,nan,0,nan,0,nan,0,nan,0,nan,0
1597988349269039104,1597988349000001024,2020-08-21 13:39:09.000001,8617.0,8654.0,8490.0,8590.0,nan,8571.0,355521,30471704910.0,152653,8617.0,14,8616.0,45,nan,0,nan,0,nan,0,nan,0,nan,0,nan,0,nan,0,nan,0
1597988350246395904,1597988350000001024,2020-08-21 13:39:10.000001,8617.0,8654.0,8490.0,8590.0,nan,8571.0,355522,30471790620.0,152653,8617.0,13,8616.0,45,nan,0,nan,0,nan,0,nan,0,nan,0,nan,0,nan,0,nan,0
1597988350799546112,1597988351000000000,2020-08-21 13:39:11.000000,8617.0,8654.0,8490.0,8590.0,nan,8571.0,355528,30472304880.0,152647,8617.0,7,8616.0,45,nan,0,nan,0,nan,0,nan,0,nan,0,nan,0,nan,0,nan,0
1597988351243099904,1597988351000001024,2020-08-21 13:39:11.000001,8617.0,8654.0,8490.0,8590.0,nan,8571.0,355530,30472476300.0,152646,8617.0,4,8616.0,48,nan,0,nan,0,nan,0,nan,0,nan,0,nan,0,nan,0,nan,0
1597988351783761920,1597988352000000000,2020-08-21 13:39:12.000000,8617.0,8654.0,8490.0,8590.0,nan,8571.0,355545,30473761950.0,152638,8617.0,11,8616.0,33,nan,0,nan,0,nan,0,nan,0,nan,0,nan,0,nan,0,nan,0
1597988352342886912,1597988352000001024,2020-08-21 13:39:12.000001,8617.0,8654.0,8490.0,8590.0,nan,8571.0,355554,30474533340.0,152636,8617.0,9,8616.0,27,nan,0,nan,0,nan,0,nan,0,nan,0,nan,0,nan,0,nan,0
1597988352787422976,1597988353000000000,2020-08-21 13:39:13.000000,8617.0,8654.0,8490.0,8590.0,nan,8571.0,355557,30474790470.0,152638,8617.0,7,8616.0,26,nan,0,nan,0,nan,0,nan,0,nan,0,nan,0,nan,0,nan,0
1597988353242882048,1597988353000001024,2020-08-21 13:39:13.000001,8617.0,8654.0,8490.0,8590.0,nan,8571.0,355569,30475818990.0,152644,8618.0,38,8617.0,1,nan,0,nan,0,nan,0,nan,0,nan,0,nan,0,nan,0,nan,0
1597988353753826048,1597988354000000000,2020-08-21 13:39:14.000000,8617.0,8654.0,8490.0,8590.0,nan,8571.0,355572,30476076120.0,152642,8618.0,38,8617.0,7,nan,0,nan,0,nan,0,nan,0,nan,0,nan,0,nan,0,nan,0
1597988354239365888,1597988354000001024,2020-08-21 13:39:14.000001,8617.0,8654.0,8490.0,8590.0,nan,8571.0,355572,30476076120.0,152642,8618.0,40,8617.0,15,nan,0,nan,0,nan,0,nan,0,nan,0,nan,0,nan,0,nan,0
1597988354737831936,1597988355000000000,2020-08-21 13:39:15.000000,8617.0,8654.0,8490.0,8590.0,nan,8571.0,355587,30477361770.0,152646,8618.0,40,8617.0,2,nan,0,nan,0,nan,0,nan,0,nan,0,nan,0,nan,0,nan,0
1597988355241588992,1597988355000001024,2020-08-21 13:39:15.000001,8617.0,8654.0,8490.0,8590.0,nan,8571.0,355589,30477533190.0,152645,8617.0,1,8616.0,36,nan,0,nan,0,nan,0,nan,0,nan,0,nan,0,nan,0,nan,0
1597988355751879936,1597988356000000000,2020-08-21 13:39:16.000000,8617.0,8654.0,8490.0,8590.0,nan,8571.0,355593,30477876030.0,152645,8617.0,1,8616.0,65,nan,0,nan,0,nan,0,nan,0,nan,0,nan,0,nan,0,nan,0
1597988356238756096,1597988356000001024,2020-08-21 13:39:16.000001,8616.0,8654.0,8490.0,8590.0,nan,8571.0,355637,30481647270.0,152651,8618.0,23,8616.0,56,nan,0,nan,0,nan,0,nan,0,nan,0,nan,0,nan,0,nan,0
1597988356740333056,1597988357000000000,2020-08-21 13:39:17.000000,8616.0,8654.0,8490.0,8590.0,nan,8571.0,355637,30481647270.0,152651,8617.0,4,8616.0,60,nan,0,nan,0,nan,0,nan,0,nan,0,nan,0,nan,0,nan,0
1597988357244672000,1597988357000001024,2020-08-21 13:39:17.000001,8617.0,8654.0,8490.0,8590.0,nan,8571.0,355644,30482247240.0,152646,8618.0,23,8617.0,2,nan,0,nan,0,nan,0,nan,0,nan,0,nan,0,nan,0,nan,0
1597988357741863936,1597988358000000000,2020-08-21 13:39:18.000000,8617.0,8654.0,8490.0,8590.0,nan,8571.0,355645,30482332950.0,152645,8618.0,28,8617.0,1,nan,0,nan,0,nan,0,nan,0,nan,0,nan,0,nan,0,nan,0
1597988358241363968,1597988358000001024,2020-08-21 13:39:18.000001,8618.0,8654.0,8490.0,8590.0,nan,8571.0,355646,30482418660.0,152645,8618.0,27,8617.0,2,nan,0,nan,0,nan,0,nan,0,nan,0,nan,0,nan,0,nan,0
1597988358740901888,1597988359000000000,2020-08-21 13:39:19.000000,8617.0,8654.0,8490.0,8590.0,nan,8571.0,355650,30482761500.0,152644,8618.0,25,8617.0,6,nan,0,nan,0,nan,0,nan,0,nan,0,nan,0,nan,0,nan,0
1597988359242611968,1597988359000001024,2020-08-21 13:39:19.000001,8618.0,8654.0,8490.0,8590.0,nan,8571.0,355653,30483018630.0,152645,8618.0,24,8617.0,9,nan,0,nan,0,nan,0,nan,0,nan,0,nan,0,nan,0,nan,0
1597988359753428992,1597988360000000000,2020-08-21 13:39:20.000000,8617.0,8654.0,8490.0,8590.0,nan,8571.0,355663,30483875730.0,152644,8618.0,24,8617.0,1,nan,0,nan,0,nan,0,nan,0,nan,0,nan,0,nan,0,nan,0
1597988360245029120,1597988360000001024,2020-08-21 13:39:20.000001,8618.0,8654.0,8490.0,8590.0,nan,8571.0,355665,30484047150.0,152644,8618.0,23,8617.0,5,nan,0,nan,0,nan,0,nan,0,nan,0,nan,0,nan,0,nan,0
1597988360744000000,1597988361000000000,2020-08-21 13:39:21.000000,8617.0,8654.0,8490.0,8590.0,nan,8571.0,355667,30484218570.0,152645,8618.0,24,8617.0,4,nan,0,nan,0,nan,0,nan,0,nan,0,nan,0,nan,0,nan,0
1597988361243591936,1597988361000001024,2020-08-21 13:39:21.000001,8617.0,8654.0,8490.0,8590.0,nan,8571.0,355667,30484218570.0,152645,8618.0,24,8617.0,5,nan,0,nan,0,nan,0,nan,0,nan,0,nan,0,nan,0,nan,0
1597988362242320896,1597988362000001024,2020-08-21 13:39:22.000001,8617.0,8654.0,8490.0,8590.0,nan,8571.0,355667,30484218570.0,152645,8618.0,26,8617.0,7,nan,0,nan,0,nan,0,nan,0,nan,0,nan,0,nan,0,nan,0
1597988362772076032,1597988363000000000,2020-08-21 13:39:23.000000,8617.0,8654.0,8490.0,8590.0,nan,8571.0,355667,30484218570.0,152645,8618.0,27,8617.0,9,nan,0,nan,0,nan,0,nan,0,nan,0,nan,0,nan,0,nan,0
1597988363260612096,1597988363000001024,2020-08-21 13:39:23.000001,8617.0,8654.0,8490.0,8590.0,nan,8571.0,355669,30484389990.0,152645,8618.0,27,8617.0,11,nan,0,nan,0,nan,0,nan,0,nan,0,nan,0,nan,0,nan,0
1597988363747111936,1597988364000000000,2020-08-21 13:39:24.000000,8617.0,8654.0,8490.0,8590.0,nan,8571.0,355669,30484389990.0,152645,8618.0,29,8617.0,14,nan,0,nan,0,nan,0,nan,0,nan,0,nan,0,nan,0,nan,0
1597988364248542976,1597988364000001024,2020-08-21 13:39:24.000001,8618.0,8654.0,8490.0,8590.0,nan,8571.0,355692,30486361320.0,152636,8618.0,17,8617.0,5,nan,0,nan,0,nan,0,nan,0,nan,0,nan,0,nan,0,nan,0
1597988364750661888,1597988365000000000,2020-08-21 13:39:25.000000,8617.0,8654.0,8490.0,8590.0,nan,8571.0,355693,30486447030.0,152637,8618.0,18,8617.0,6,nan,0,nan,0,nan,0,nan,0,nan,0,nan,0,nan,0,nan,0
1597988365249757952,1597988365000001024,2020-08-21 13:39:25.000001,8617.0,8654.0,8490.0,8590.0,nan,8571.0,355695,30486618450.0,152639,8618.0,19,8617.0,6,nan,0,nan,0,nan,0,nan,0,nan,0,nan,0,nan,0,nan,0
1597988365746010112,1597988366000000000,2020-08-21 13:39:26.000000,8617.0,8654.0,8490.0,8590.0,nan,8571.0,355697,30486789870.0,152640,8618.0,19,8617.0,8,nan,0,nan,0,nan,0,nan,0,nan,0,nan,0,nan,0,nan,0
1597988366247147008,1597988366000001024,2020-08-21 13:39:26.000001,8618.0,8654.0,8490.0,8590.0,nan,8571.0,355698,30486875580.0,152640,8618.0,19,8617.0,9,nan,0,nan,0,nan,0,nan,0,nan,0,nan,0,nan,0,nan,0
1597988366759623936,1597988367000000000,2020-08-21 13:39:27.000000,8618.0,8654.0,8490.0,8590.0,nan,8571.0,355698,30486875580.0,152640,8618.0,19,8617.0,16,nan,0,nan,0,nan,0,nan,0,nan,0,nan,0,nan,0,nan,0
1597988367252784128,1597988367000001024,2020-08-21 13:39:27.000001,8618.0,8654.0,8490.0,8590.0,nan,8571.0,355698,30486875580.0,152640,8618.0,19,8617.0,18,nan,0,nan,0,nan,0,nan,0,nan,0,nan,0,nan,0,nan,0
1597988367748286976,1597988368000000000,2020-08-21 13:39:28.000000,8618.0,8654.0,8490.0,8590.0,nan,8571.0,355699,30486961290.0,152640,8618.0,18,8617.0,18,nan,0,nan,0,nan,0,nan,0,nan,0,nan,0,nan,0,nan,0
1597988368256667904,1597988368000001024,2020-08-21 13:39:28.000001,8617.0,8654.0,8490.0,8590.0,nan,8571.0,355704,30487389840.0,152641,8618.0,17,8617.0,17,nan,0,nan,0,nan,0,nan,0,nan,0,nan,0,nan,0,nan,0
1597988368748723968,1597988369000000000,2020-08-21 13:39:29.000000,8617.0,8654.0,8490.0,8590.0,nan,8571.0,355724,30489104040.0,152638,8617.0,50,8616.0,87,nan,0,nan,0,nan,0,nan,0,nan,0,nan,0,nan,0,nan,0
1597988369252729088,1597988369000001024,2020-08-21 13:39:29.000001,8617.0,8654.0,8490.0,8590.0,nan,8572.0,355809,30499947480.0,152675,8617.0,49,8616.0,4,nan,0,nan,0,nan,0,nan,0,nan,0,nan,0,nan,0,nan,0
1597988369770777088,1597988370000000000,2020-08-21 13:39:30.000000,8616.0,8654.0,8490.0,8590.0,nan,8572.0,355816,30500547520.0,152679,8616.0,20,8615.0,43,nan,0,nan,0,nan,0,nan,0,nan,0,nan,0,nan,0,nan,0
1597988370256468992,1597988370000001024,2020-08-21 13:39:30.000001,8616.0,8654.0,8490.0,8590.0,nan,8572.0,355821,30500976120.0,152679,8616.0,25,8615.0,42,nan,0,nan,0,nan,0,nan,0,nan,0,nan,0,nan,0,nan,0
1597988370755796992,1597988371000000000,2020-08-21 13:39:31.000000,8616.0,8654.0,8490.0,8590.0,nan,8572.0,355831,30501833320.0,152683,8616.0,15,8615.0,42,nan,0,nan,0,nan,0,nan,0,nan,0,nan,0,nan,0,nan,0
1597988371254454016,1597988371000001024,2020-08-21 13:39:31.000001,8616.0,8654.0,8490.0,8590.0,nan,8572.0,355833,30502004760.0,152681,8616.0,15,8615.0,42,nan,0,nan,0,nan,0,nan,0,nan,0,nan,0,nan,0,nan,0
1597988371754132992,1597988372000000000,2020-08-21 13:39:32.000000,8615.0,8654.0,8490.0,8590.0,nan,8572.0,355835,30502176200.0,152681,8616.0,15,8615.0,41,nan,0,nan,0,nan,0,nan,0,nan,0,nan,0,nan,0,nan,0
1597988372250639872,1597988372000001024,2020-08-21 13:39:32.000001,8615.0,8654.0,8490.0,8590.0,nan,8572.0,355835,30502176200.0,152681,8616.0,18,8615.0,44,nan,0,nan,0,nan,0,nan,0,nan,0,nan,0,nan,0,nan,0
1597988372765189888,1597988373000000000,2020-08-21 13:39:33.000000,8616.0,8654.0,8490.0,8590.0,nan,8572.0,355838,30502433360.0,152680,8616.0,16,8615.0,44,nan,0,nan,0,nan,0,nan,0,nan,0,nan,0,nan,0,nan,0
1597988373758085888,1597988374000000000,2020-08-21 13:39:34.000000,8616.0,8654.0,8490.0,8590.0,nan,8572.0,355842,30502776240.0,152679,8616.0,15,8615.0,42,nan,0,nan,0,nan,0,nan,0,nan,0,nan,0,nan,0,nan,0
1597988374256922880,1597988374000001024,2020-08-21 13:39:34.000001,8616.0,8654.0,8490.0,8590.0,nan,8572.0,355844,30502947680.0,152677,8616.0,25,8615.0,46,nan,0,nan,0,nan,0,nan,0,nan,0,nan,0,nan,0,nan,0
1597988374765415936,1597988375000000000,2020-08-21 13:39:35.000000,8615.0,8654.0,8490.0,8590.0,nan,8572.0,355846,30503119120.0,152677,8616.0,25,8615.0,44,nan,0,nan,0,nan,0,nan,0,nan,0,nan,0,nan,0,nan,0
1597988375756534016,1597988376000000000,2020-08-21 13:39:36.000000,8615.0,8654.0,8490.0,8590.0,nan,8572.0,355850,30503462000.0,152677,8616.0,26,8615.0,42,nan,0,nan,0,nan,0,nan,0,nan,0,nan,0,nan,0,nan,0
1597988376268008960,1597988376000001024,2020-08-21 13:39:36.000001,8615.0,8654.0,8490.0,8590.0,nan,8572.0,355861,30504404920.0,152671,8616.0,17,8615.0,43,nan,0,nan,0,nan,0,nan,0,nan,0,nan,0,nan,0,nan,0
1597988376760527872,1597988377000000000,2020-08-21 13:39:37.000000,8615.0,8654.0,8490.0,8590.0,nan,8572.0,355871,30505262120.0,152661,8616.0,18,8615.0,36,nan,0,nan,0,nan,0,nan,0,nan,0,nan,0,nan,0,nan,0
1597988377259668992,1597988377000001024,2020-08-21 13:39:37.000001,8615.0,8654.0,8490.0,8590.0,nan,8572.0,355871,30505262120.0,152661,8616.0,22,8615.0,36,nan,0,nan,0,nan,0,nan,0,nan,0,nan,0,nan,0,nan,0
1597988377761210880,1597988378000000000,2020-08-21 13:39:38.000000,8616.0,8654.0,8490.0,8590.0,nan,8572.0,355873,30505433560.0,152661,8616.0,20,8615.0,41,nan,0,nan,0,nan,0,nan,0,nan,0,nan,0,nan,0,nan,0
1597988378367085056,1597988378000001024,2020-08-21 13:39:38.000001,8616.0,8654.0,8490.0,8590.0,nan,8572.0,355883,30506290760.0,152656,8616.0,12,8615.0,46,nan,0,nan,0,nan,0,nan,0,nan,0,nan,0,nan,0,nan,0
1597988378745483008,1597988379000000000,2020-08-21 13:39:39.000000,8616.0,8654.0,8490.0,8590.0,nan,8572.0,355887,30506633640.0,152656,8616.0,12,8615.0,44,nan,0,nan,0,nan,0,nan,0,nan,0,nan,0,nan,0,nan,0
1597988379269768960,1597988379000001024,2020-08-21 13:39:39.000001,8615.0,8654.0,8490.0,8590.0,nan,8572.0,355904,30508090880.0,152649,8616.0,12,8615.0,26,nan,0,nan,0,nan,0,nan,0,nan,0,nan,0,nan,0,nan,0
1597988379762284032,1597988380000000000,2020-08-21 13:39:40.000000,8615.0,8654.0,8490.0,8590.0,nan,8572.0,355906,30508262320.0,152650,8616.0,11,8615.0,25,nan,0,nan,0,nan,0,nan,0,nan,0,nan,0,nan,0,nan,0
1597988380270081024,1597988380000001024,2020-08-21 13:39:40.000001,8615.0,8654.0,8490.0,8590.0,nan,8572.0,355909,30508519480.0,152653,8616.0,11,8615.0,24,nan,0,nan,0,nan,0,nan,0,nan,0,nan,0,nan,0,nan,0
1597988380755616000,1597988381000000000,2020-08-21 13:39:41.000000,8615.0,8654.0,8490.0,8590.0,nan,8572.0,355933,30510576760.0,152655,8616.0,18,8614.0,26,nan,0,nan,0,nan,0,nan,0,nan,0,nan,0,nan,0,nan,0
1597988381250425088,1597988381000001024,2020-08-21 13:39:41.000001,8615.0,8654.0,8490.0,8590.0,nan,8572.0,355944,30511519680.0,152646,8615.0,1,8614.0,27,nan,0,nan,0,nan,0,nan,0,nan,0,nan,0,nan,0,nan,0
1597988381754509056,1597988382000000000,2020-08-21 13:39:42.000000,8615.0,8654.0,8490.0,8590.0,nan,8572.0,355955,30512462600.0,152641,8616.0,7,8615.0,46,nan,0,nan,0,nan,0,nan,0,nan,0,nan,0,nan,0,nan,0
1597988382250995968,1597988382000001024,2020-08-21 13:39:42.000001,8616.0,8654.0,8490.0,8590.0,nan,8572.0,355956,30512548320.0,152641,8616.0,6,8615.0,56,nan,0,nan,0,nan,0,nan,0,nan,0,nan,0,nan,0,nan,0
1597988382753096960,1597988383000000000,2020-08-21 13:39:43.000000,8615.0,8654.0,8490.0,8590.0,nan,8572.0,355960,30512891200.0,152642,8616.0,9,8615.0,55,nan,0,nan,0,nan,0,nan,0,nan,0,nan,0,nan,0,nan,0
1597988383254030080,1597988383000001024,2020-08-21 13:39:43.000001,8615.0,8654.0,8490.0,8590.0,nan,8572.0,355983,30514862760.0,152626,8617.0,48,8615.0,65,nan,0,nan,0,nan,0,nan,0,nan,0,nan,0,nan,0,nan,0
1597988383768782080,1597988384000000000,2020-08-21 13:39:44.000000,8615.0,8654.0,8490.0,8590.0,nan,8572.0,355983,30514862760.0,152626,8616.0,3,8615.0,65,nan,0,nan,0,nan,0,nan,0,nan,0,nan,0,nan,0,nan,0
1597988384752570112,1597988385000000000,2020-08-21 13:39:45.000000,8615.0,8654.0,8490.0,8590.0,nan,8572.0,355985,30515034200.0,152626,8616.0,2,8615.0,65,nan,0,nan,0,nan,0,nan,0,nan,0,nan,0,nan,0,nan,0
1597988385275301888,1597988385000001024,2020-08-21 13:39:45.000001,8616.0,8654.0,8490.0,8590.0,nan,8572.0,355987,30515205640.0,152624,8617.0,48,8615.0,65,nan,0,nan,0,nan,0,nan,0,nan,0,nan,0,nan,0,nan,0
1597988385753156096,1597988386000000000,2020-08-21 13:39:46.000000,8615.0,8654.0,8490.0,8590.0,nan,8572.0,355990,30515462800.0,152623,8616.0,3,8615.0,63,nan,0,nan,0,nan,0,nan,0,nan,0,nan,0,nan,0,nan,0
1597988386254460928,1597988386000001024,2020-08-21 13:39:46.000001,8615.0,8654.0,8490.0,8590.0,nan,8572.0,355992,30515634240.0,152623,8616.0,3,8615.0,66,nan,0,nan,0,nan,0,nan,0,nan,0,nan,0,nan,0,nan,0
1597988386753306880,1597988387000000000,2020-08-21 13:39:47.000000,8615.0,8654.0,8490.0,8590.0,nan,8572.0,356002,30516491440.0,152613,8616.0,3,8615.0,52,nan,0,nan,0,nan,0,nan,0,nan,0,nan,0,nan,0,nan,0
1597988387254318080,1597988387000001024,2020-08-21 13:39:47.000001,8616.0,8654.0,8490.0,8590.0,nan,8572.0,356019,30517948680.0,152598,8616.0,7,8615.0,42,nan,0,nan,0,nan,0,nan,0,nan,0,nan,0,nan,0,nan,0
1597988387764477952,1597988388000000000,2020-08-21 13:39:48.000000,8615.0,8654.0,8490.0,8590.0,nan,8572.0,356020,30518034400.0,152597,8616.0,8,8615.0,43,nan,0,nan,0,nan,0,nan,0,nan,0,nan,0,nan,0,nan,0
1597988388258432000,1597988388000001024,2020-08-21 13:39:48.000001,8616.0,8654.0,8490.0,8590.0,nan,8572.0,356024,30518377280.0,152596,8616.0,7,8615.0,43,nan,0,nan,0,nan,0,nan,0,nan,0,nan,0,nan,0,nan,0
1597988388757984000,1597988389000000000,2020-08-21 13:39:49.000000,8616.0,8654.0,8490.0,8590.0,nan,8572.0,356026,30518548720.0,152596,8616.0,2,8615.0,47,nan,0,nan,0,nan,0,nan,0,nan,0,nan,0,nan,0,nan,0
1597988389258118912,1597988389000001024,2020-08-21 13:39:49.000001,8616.0,8654.0,8490.0,8590.0,nan,8572.0,356047,30520348840.0,152598,8616.0,6,8615.0,43,nan,0,nan,0,nan,0,nan,0,nan,0,nan,0,nan,0,nan,0
1597988389753463040,1597988390000000000,2020-08-21 13:39:50.000000,8616.0,8654.0,8490.0,8590.0,nan,8572.0,356047,30520348840.0,152598,8616.0,9,8615.0,44,nan,0,nan,0,nan,0,nan,0,nan,0,nan,0,nan,0,nan,0
1597988390269371904,1597988390000001024,2020-08-21 13:39:50.000001,8616.0,8654.0,8490.0,8590.0,nan,8572.0,356049,30520520280.0,152598,8616.0,7,8615.0,45,nan,0,nan,0,nan,0,nan,0,nan,0,nan,0,nan,0,nan,0
1597988390762882048,1597988391000000000,2020-08-21 13:39:51.000000,8616.0,8654.0,8490.0,8590.0,nan,8572.0,356057,30521206040.0,152599,8616.0,4,8615.0,41,nan,0,nan,0,nan,0,nan,0,nan,0,nan,0,nan,0,nan,0
1597988391267865088,1597988391000001024,2020-08-21 13:39:51.000001,8616.0,8654.0,8490.0,8590.0,nan,8572.0,356060,30521463200.0,152599,8617.0,50,8616.0,2,nan,0,nan,0,nan,0,nan,0,nan,0,nan,0,nan,0,nan,0
1597988391770994944,1597988392000000000,2020-08-21 13:39:52.000000,8616.0,8654.0,8490.0,8590.0,nan,8572.0,356061,30521548920.0,152599,8617.0,50,8616.0,1,nan,0,nan,0,nan,0,nan,0,nan,0,nan,0,nan,0,nan,0
1597988392261477888,1597988392000001024,2020-08-21 13:39:52.000001,8616.0,8654.0,8490.0,8590.0,nan,8572.0,356061,30521548920.0,152599,8617.0,50,8616.0,12,nan,0,nan,0,nan,0,nan,0,nan,0,nan,0,nan,0,nan,0
1597988392758195968,1597988393000000000,2020-08-21 13:39:53.000000,8616.0,8654.0,8490.0,8590.0,nan,8572.0,356064,30521806080.0,152601,8617.0,51,8616.0,23,nan,0,nan,0,nan,0,nan,0,nan,0,nan,0,nan,0,nan,0
1597988393276515072,1597988393000001024,2020-08-21 13:39:53.000001,8616.0,8654.0,8490.0,8590.0,nan,8572.0,356087,30523777640.0,152611,8616.0,70,8615.0,46,nan,0,nan,0,nan,0,nan,0,nan,0,nan,0,nan,0,nan,0
1597988393758706944,1597988394000000000,2020-08-21 13:39:54.000000,8615.0,8654.0,8490.0,8590.0,nan,8572.0,356089,30523949080.0,152613,8616.0,73,8615.0,48,nan,0,nan,0,nan,0,nan,0,nan,0,nan,0,nan,0,nan,0
1597988394258661888,1597988394000001024,2020-08-21 13:39:54.000001,8615.0,8654.0,8490.0,8590.0,nan,8572.0,356143,30528577960.0,152634,8616.0,28,8615.0,49,nan,0,nan,0,nan,0,nan,0,nan,0,nan,0,nan,0,nan,0
1597988394765235968,1597988395000000000,2020-08-21 13:39:55.000000,8616.0,8654.0,8490.0,8590.0,nan,8572.0,356180,30531749600.0,152635,8617.0,51,8616.0,1,nan,0,nan,0,nan,0,nan,0,nan,0,nan,0,nan,0,nan,0
1597988395272378112,1597988395000001024,2020-08-21 13:39:55.000001,8615.0,8654.0,8490.0,8590.0,nan,8572.0,356189,30532521080.0,152638,8617.0,55,8616.0,1,nan,0,nan,0,nan,0,nan,0,nan,0,nan,0,nan,0,nan,0
1597988395773766912,1597988396000000000,2020-08-21 13:39:56.000000,8616.0,8654.0,8490.0,8590.0,nan,8572.0,356191,30532692520.0,152640,8617.0,60,8616.0,2,nan,0,nan,0,nan,0,nan,0,nan,0,nan,0,nan,0,nan,0
1597988396264110080,1597988396000001024,2020-08-21 13:39:56.000001,8616.0,8654.0,8490.0,8590.0,nan,8572.0,356195,30533035400.0,152642,8616.0,9,8615.0,51,nan,0,nan,0,nan,0,nan,0,nan,0,nan,0,nan,0,nan,0
1597988396768953088,1597988397000000000,2020-08-21 13:39:57.000000,8616.0,8654.0,8490.0,8590.0,nan,8572.0,356196,30533121120.0,152641,8616.0,12,8615.0,31,nan,0,nan,0,nan,0,nan,0,nan,0,nan,0,nan,0,nan,0
1597988397273204992,1597988397000001024,2020-08-21 13:39:57.000001,8616.0,8654.0,8490.0,8590.0,nan,8572.0,356202,30533635440.0,152644,8616.0,11,8615.0,33,nan,0,nan,0,nan,0,nan,0,nan,0,nan,0,nan,0,nan,0
1597988397788852992,1597988398000000000,2020-08-21 13:39:58.000000,8615.0,8654.0,8490.0,8590.0,nan,8572.0,356205,30533892600.0,152645,8616.0,11,8615.0,30,nan,0,nan,0,nan,0,nan,0,nan,0,nan,0,nan,0,nan,0
1597988398269603072,1597988398000001024,2020-08-21 13:39:58.000001,8616.0,8654.0,8490.0,8590.0,nan,8572.0,356221,30535264120.0,152636,8616.0,10,8615.0,16,nan,0,nan,0,nan,0,nan,0,nan,0,nan,0,nan,0,nan,0
1597988398784711936,1597988399000000000,2020-08-21 13:39:59.000000,8615.0,8654.0,8490.0,8590.0,nan,8572.0,356239,30536807080.0,152627,8615.0,24,8614.0,42,nan,0,nan,0,nan,0,nan,0,nan,0,nan,0,nan,0,nan,0
1597988399274106112,1597988399000001024,2020-08-21 13:39:59.000001,8615.0,8654.0,8490.0,8590.0,nan,8572.0,356240,30536892800.0,152627,8615.0,25,8614.0,45,nan,0,nan,0,nan,0,nan,0,nan,0,nan,0,nan,0,nan,0
1597988399834068992,1597988400000000000,2020-08-21 13:40:00.000000,8614.0,8654.0,8490.0,8590.0,nan,8572.0,356249,30537664280.0,152626,8615.0,30,8614.0,38,nan,0,nan,0,nan,0,nan,0,nan,0,nan,0,nan,0,nan,0
1597988400266401024,1597988400000001024,2020-08-21 13:40:00.000001,8614.0,8654.0,8490.0,8590.0,nan,8572.0,356295,30541607400.0,152621,8615.0,30,8613.0,65,nan,0,nan,0,nan,0,nan,0,nan,0,nan,0,nan,0,nan,0
1597988400765963008,1597988401000000000,2020-08-21 13:40:01.000000,8614.0,8654.0,8490.0,8590.0,nan,8572.0,356299,30541950280.0,152620,8615.0,23,8614.0,2,nan,0,nan,0,nan,0,nan,0,nan,0,nan,0,nan,0,nan,0
1597988401269328896,1597988401000001024,2020-08-21 13:40:01.000001,8615.0,8654.0,8490.0,8590.0,nan,8572.0,356306,30542550320.0,152618,8615.0,21,8614.0,5,nan,0,nan,0,nan,0,nan,0,nan,0,nan,0,nan,0,nan,0
1597988401769204992,1597988402000000000,2020-08-21 13:40:02.000000,8615.0,8654.0,8490.0,8590.0,nan,8572.0,356315,30543321800.0,152617,8615.0,20,8614.0,8,nan,0,nan,0,nan,0,nan,0,nan,0,nan,0,nan,0,nan,0
1597988402270403072,1597988402000001024,2020-08-21 13:40:02.000001,8614.0,8654.0,8490.0,8590.0,nan,8572.0,356320,30543750400.0,152622,8615.0,33,8614.0,14,nan,0,nan,0,nan,0,nan,0,nan,0,nan,0,nan,0,nan,0
1597988402767503104,1597988403000000000,2020-08-21 13:40:03.000000,8615.0,8654.0,8490.0,8590.0,nan,8572.0,356322,30543921840.0,152622,8615.0,32,8614.0,17,nan,0,nan,0,nan,0,nan,0,nan,0,nan,0,nan,0,nan,0
1597988403270745088,1597988403000001024,2020-08-21 13:40:03.000001,8614.0,8654.0,8490.0,8590.0,nan,8572.0,356326,30544264720.0,152622,8615.0,31,8614.0,16,nan,0,nan,0,nan,0,nan,0,nan,0,nan,0,nan,0,nan,0
1597988403762565888,1597988404000000000,2020-08-21 13:40:04.000000,8614.0,8654.0,8490.0,8590.0,nan,8572.0,356334,30544950480.0,152622,8615.0,25,8614.0,19,nan,0,nan,0,nan,0,nan,0,nan,0,nan,0,nan,0,nan,0
1597988404260124928,1597988404000001024,2020-08-21 13:40:04.000001,8614.0,8654.0,8490.0,8590.0,nan,8572.0,356337,30545207640.0,152623,8615.0,23,8614.0,19,nan,0,nan,0,nan,0,nan,0,nan,0,nan,0,nan,0,nan,0
1597988404759904000,1597988405000000000,2020-08-21 13:40:05.000000,8614.0,8654.0,8490.0,8590.0,nan,8572.0,356362,30547350640.0,152621,8615.0,27,8614.0,4,nan,0,nan,0,nan,0,nan,0,nan,0,nan,0,nan,0,nan,0
1597988405263606016,1597988405000001024,2020-08-21 13:40:05.000001,8615.0,8654.0,8490.0,8590.0,nan,8572.0,356393,30550007960.0,152632,8615.0,29,8614.0,9,nan,0,nan,0,nan,0,nan,0,nan,0,nan,0,nan,0,nan,0
1597988405760293120,1597988406000000000,2020-08-21 13:40:06.000000,8615.0,8654.0,8490.0,8590.0,nan,8572.0,356393,30550007960.0,152632,8615.0,29,8614.0,13,nan,0,nan,0,nan,0,nan,0,nan,0,nan,0,nan,0,nan,0
1597988406266353920,1597988406000001024,2020-08-21 13:40:06.000001,8614.0,8654.0,8490.0,8590.0,nan,8572.0,356394,30550093680.0,152633,8615.0,42,8614.0,18,nan,0,nan,0,nan,0,nan,0,nan,0,nan,0,nan,0,nan,0
1597988406768559104,1597988407000000000,2020-08-21 13:40:07.000000,8615.0,8654.0,8490.0,8590.0,nan,8572.0,356407,30551208040.0,152627,8615.0,30,8614.0,38,nan,0,nan,0,nan,0,nan,0,nan,0,nan,0,nan,0,nan,0
1597988407308535040,1597988407000001024,2020-08-21 13:40:07.000001,8615.0,8654.0,8490.0,8590.0,nan,8572.0,356438,30553865360.0,152615,8616.0,21,8615.0,2,nan,0,nan,0,nan,0,nan,0,nan,0,nan,0,nan,0,nan,0
1597988407767076096,1597988408000000000,2020-08-21 13:40:08.000000,8615.0,8654.0,8490.0,8590.0,nan,8572.0,356444,30554379680.0,152614,8616.0,20,8615.0,18,nan,0,nan,0,nan,0,nan,0,nan,0,nan,0,nan,0,nan,0
1597988408282443008,1597988408000001024,2020-08-21 13:40:08.000001,8615.0,8654.0,8490.0,8590.0,nan,8572.0,356444,30554379680.0,152614,8616.0,21,8615.0,25,nan,0,nan,0,nan,0,nan,0,nan,0,nan,0,nan,0,nan,0
1597988408810060032,1597988409000000000,2020-08-21 13:40:09.000000,8615.0,8654.0,8490.0,8590.0,nan,8572.0,356445,30554465400.0,152614,8616.0,22,8615.0,24,nan,0,nan,0,nan,0,nan,0,nan,0,nan,0,nan,0,nan,0
1597988409274377984,1597988409000001024,2020-08-21 13:40:09.000001,8615.0,8654.0,8490.0,8590.0,nan,8572.0,356455,30555322600.0,152613,8616.0,22,8615.0,17,nan,0,nan,0,nan,0,nan,0,nan,0,nan,0,nan,0,nan,0
1597988409767635968,1597988410000000000,2020-08-21 13:40:10.000000,8615.0,8654.0,8490.0,8590.0,nan,8572.0,356507,30559780040.0,152616,8615.0,152,8614.0,56,nan,0,nan,0,nan,0,nan,0,nan,0,nan,0,nan,0,nan,0
1597988410266021888,1597988410000001024,2020-08-21 13:40:10.000001,8613.0,8654.0,8490.0,8590.0,nan,8572.0,356566,30564837520.0,152638,8614.0,29,8613.0,75,nan,0,nan,0,nan,0,nan,0,nan,0,nan,0,nan,0,nan,0
1597988410764481024,1597988411000000000,2020-08-21 13:40:11.000000,8614.0,8654.0,8490.0,8590.0,nan,8572.0,356583,30566294760.0,152628,8614.0,26,8613.0,64,nan,0,nan,0,nan,0,nan,0,nan,0,nan,0,nan,0,nan,0
1597988411268062976,1597988411000001024,2020-08-21 13:40:11.000001,8613.0,8654.0,8490.0,8590.0,nan,8572.0,356596,30567409120.0,152630,8614.0,26,8613.0,54,nan,0,nan,0,nan,0,nan,0,nan,0,nan,0,nan,0,nan,0
1597988411771184896,1597988412000000000,2020-08-21 13:40:12.000000,8614.0,8654.0,8490.0,8590.0,nan,8572.0,356600,30567752000.0,152630,8614.0,22,8613.0,55,nan,0,nan,0,nan,0,nan,0,nan,0,nan,0,nan,0,nan,0
1597988412267592960,1597988412000001024,2020-08-21 13:40:12.000001,8614.0,8654.0,8490.0,8590.0,nan,8572.0,356654,30572380880.0,152602,8614.0,12,8613.0,4,nan,0,nan,0,nan,0,nan,0,nan,0,nan,0,nan,0,nan,0
1597988412772229888,1597988413000000000,2020-08-21 13:40:13.000000,8613.0,8654.0,8490.0,8590.0,nan,8572.0,356660,30572895200.0,152606,8613.0,17,8612.0,84,nan,0,nan,0,nan,0,nan,0,nan,0,nan,0,nan,0,nan,0
1597988413266419968,1597988413000001024,2020-08-21 13:40:13.000001,8613.0,8654.0,8490.0,8590.0,nan,8572.0,356663,30573152360.0,152606,8613.0,16,8612.0,84,nan,0,nan,0,nan,0,nan,0,nan,0,nan,0,nan,0,nan,0
1597988413787139072,1597988414000000000,2020-08-21 13:40:14.000000,8613.0,8654.0,8490.0,8590.0,nan,8572.0,356751,30580695720.0,152621,8613.0,25,8612.0,3,nan,0,nan,0,nan,0,nan,0,nan,0,nan,0,nan,0,nan,0
1597988414267344896,1597988414000001024,2020-08-21 13:40:14.000001,8611.0,8654.0,8490.0,8590.0,nan,8572.0,356757,30581210040.0,152617,8612.0,16,8611.0,28,nan,0,nan,0,nan,0,nan,0,nan,0,nan,0,nan,0,nan,0
1597988414777094912,1597988415000000000,2020-08-21 13:40:15.000000,8612.0,8654.0,8490.0,8590.0,nan,8572.0,356815,30586181800.0,152591,8614.0,17,8613.0,1,nan,0,nan,0,nan,0,nan,0,nan,0,nan,0,nan,0,nan,0
1597988415270728960,1597988415000001024,2020-08-21 13:40:15.000001,8612.0,8654.0,8490.0,8590.0,nan,8572.0,356850,30589182000.0,152577,8613.0,3,8612.0,16,nan,0,nan,0,nan,0,nan,0,nan,0,nan,0,nan,0,nan,0
1597988415774188032,1597988416000000000,2020-08-21 13:40:16.000000,8612.0,8654.0,8490.0,8590.0,nan,8572.0,356856,30589696320.0,152575,8613.0,10,8612.0,14,nan,0,nan,0,nan,0,nan,0,nan,0,nan,0,nan,0,nan,0
1597988416268908032,1597988416000001024,2020-08-21 13:40:16.000001,8612.0,8654.0,8490.0,8590.0,nan,8572.0,356873,30591153560.0,152571,8613.0,5,8612.0,9,nan,0,nan,0,nan,0,nan,0,nan,0,nan,0,nan,0,nan,0
1597988416769472000,1597988417000000000,2020-08-21 13:40:17.000000,8612.0,8654.0,8490.0,8590.0,nan,8572.0,356875,30591325000.0,152573,8613.0,10,8612.0,10,nan,0,nan,0,nan,0,nan,0,nan,0,nan,0,nan,0,nan,0
1597988417270276096,1597988417000001024,2020-08-21 13:40:17.000001,8612.0,8654.0,8490.0,8590.0,nan,8572.0,356880,30591753600.0,152570,8613.0,7,8612.0,21,nan,0,nan,0,nan,0,nan,0,nan,0,nan,0,nan,0,nan,0
1597988417802049024,1597988418000000000,2020-08-21 13:40:18.000000,8613.0,8654.0,8490.0,8590.0,nan,8572.0,356884,30592096480.0,152570,8613.0,6,8612.0,30,nan,0,nan,0,nan,0,nan,0,nan,0,nan,0,nan,0,nan,0
1597988418271556096,1597988418000001024,2020-08-21 13:40:18.000001,8613.0,8654.0,8490.0,8590.0,nan,8572.0,356899,30593382280.0,152556,8614.0,18,8613.0,2,nan,0,nan,0,nan,0,nan,0,nan,0,nan,0,nan,0,nan,0
1597988418777840896,1597988419000000000,2020-08-21 13:40:19.000000,8613.0,8654.0,8490.0,8590.0,nan,8572.0,356921,30595268120.0,152551,8613.0,4,8612.0,30,nan,0,nan,0,nan,0,nan,0,nan,0,nan,0,nan,0,nan,0
1597988419290176000,1597988419000001024,2020-08-21 13:40:19.000001,8613.0,8654.0,8490.0,8590.0,nan,8572.0,356938,30596725360.0,152561,8614.0,19,8613.0,2,nan,0,nan,0,nan,0,nan,0,nan,0,nan,0,nan,0,nan,0
1597988419791203072,1597988420000000000,2020-08-21 13:40:20.000000,8614.0,8654.0,8490.0,8590.0,nan,8572.0,356957,30598354040.0,152571,8614.0,12,8613.0,4,nan,0,nan,0,nan,0,nan,0,nan,0,nan,0,nan,0,nan,0
1597988420286277888,1597988420000001024,2020-08-21 13:40:20.000001,8613.0,8654.0,8490.0,8590.0,nan,8572.0,356962,30598782640.0,152573,8614.0,13,8613.0,14,nan,0,nan,0,nan,0,nan,0,nan,0,nan,0,nan,0,nan,0
1597988420768059904,1597988421000000000,2020-08-21 13:40:21.000000,8614.0,8654.0,8490.0,8590.0,nan,8572.0,356974,30599811280.0,152574,8614.0,11,8613.0,11,nan,0,nan,0,nan,0,nan,0,nan,0,nan,0,nan,0,nan,0
1597988421269448960,1597988421000001024,2020-08-21 13:40:21.000001,8614.0,8654.0,8490.0,8590.0,nan,8572.0,356976,30599982720.0,152573,8614.0,10,8613.0,10,nan,0,nan,0,nan,0,nan,0,nan,0,nan,0,nan,0,nan,0
1597988421766753024,1597988422000000000,2020-08-21 13:40:22.000000,8613.0,8654.0,8490.0,8590.0,nan,8572.0,356978,30600154160.0,152573,8614.0,10,8613.0,23,nan,0,nan,0,nan,0,nan,0,nan,0,nan,0,nan,0,nan,0
1597988422267443968,1597988422000001024,2020-08-21 13:40:22.000001,8613.0,8654.0,8490.0,8590.0,nan,8572.0,357000,30602040000.0,152570,8614.0,13,8613.0,6,nan,0,nan,0,nan,0,nan,0,nan,0,nan,0,nan,0,nan,0
1597988422769362944,1597988423000000000,2020-08-21 13:40:23.000000,8613.0,8654.0,8490.0,8590.0,nan,8572.0,357013,30603154360.0,152564,8613.0,27,8612.0,30,nan,0,nan,0,nan,0,nan,0,nan,0,nan,0,nan,0,nan,0
1597988423274459904,1597988423000001024,2020-08-21 13:40:23.000001,8613.0,8654.0,8490.0,8590.0,nan,8572.0,357021,30603840120.0,152561,8613.0,20,8612.0,34,nan,0,nan,0,nan,0,nan,0,nan,0,nan,0,nan,0,nan,0
1597988423776244992,1597988424000000000,2020-08-21 13:40:24.000000,8612.0,8654.0,8490.0,8590.0,nan,8572.0,357024,30604097280.0,152561,8613.0,18,8612.0,45,nan,0,nan,0,nan,0,nan,0,nan,0,nan,0,nan,0,nan,0
1597988424305442048,1597988424000001024,2020-08-21 13:40:24.000001,8614.0,8654.0,8490.0,8590.0,nan,8572.0,357045,30605897400.0,152562,8614.0,32,8613.0,6,nan,0,nan,0,nan,0,nan,0,nan,0,nan,0,nan,0,nan,0
1597988424770784000,1597988425000000000,2020-08-21 13:40:25.000000,8613.0,8654.0,8490.0,8590.0,nan,8572.0,357053,30606583160.0,152557,8613.0,50,8612.0,47,nan,0,nan,0,nan,0,nan,0,nan,0,nan,0,nan,0,nan,0
1597988425273689088,1597988425000001024,2020-08-21 13:40:25.000001,8613.0,8654.0,8490.0,8590.0,nan,8572.0,357055,30606754600.0,152557,8613.0,48,8612.0,48,nan,0,nan,0,nan,0,nan,0,nan,0,nan,0,nan,0,nan,0
1597988425774700032,1597988426000000000,2020-08-21 13:40:26.000000,8613.0,8654.0,8490.0,8590.0,nan,8572.0,357057,30606926040.0,152557,8613.0,46,8612.0,49,nan,0,nan,0,nan,0,nan,0,nan,0,nan,0,nan,0,nan,0
1597988426283230976,1597988426000001024,2020-08-21 13:40:26.000001,8612.0,8654.0,8490.0,8590.0,nan,8572.0,357111,30611554920.0,152568,8612.0,4,8611.0,44,nan,0,nan,0,nan,0,nan,0,nan,0,nan,0,nan,0,nan,0
1597988426839458048,1597988427000000000,2020-08-21 13:40:27.000000,8612.0,8654.0,8490.0,8590.0,nan,8572.0,357116,30611983520.0,152571,8612.0,105,8611.0,44,nan,0,nan,0,nan,0,nan,0,nan,0,nan,0,nan,0,nan,0
1597988427272410880,1597988427000001024,2020-08-21 13:40:27.000001,8611.0,8654.0,8490.0,8590.0,nan,8572.0,357177,30617212440.0,152598,8611.0,10,8610.0,82,nan,0,nan,0,nan,0,nan,0,nan,0,nan,0,nan,0,nan,0
1597988427780940032,1597988428000000000,2020-08-21 13:40:28.000000,8611.0,8654.0,8490.0,8590.0,nan,8572.0,357197,30618926840.0,152601,8611.0,5,8610.0,72,nan,0,nan,0,nan,0,nan,0,nan,0,nan,0,nan,0,nan,0
1597988428276773888,1597988428000001024,2020-08-21 13:40:28.000001,8611.0,8654.0,8490.0,8590.0,nan,8572.0,357205,30619612600.0,152593,8611.0,3,8610.0,74,nan,0,nan,0,nan,0,nan,0,nan,0,nan,0,nan,0,nan,0
1597988428776806912,1597988429000000000,2020-08-21 13:40:29.000000,8611.0,8654.0,8490.0,8590.0,nan,8572.0,357211,30620126920.0,152593,8612.0,107,8611.0,5,nan,0,nan,0,nan,0,nan,0,nan,0,nan,0,nan,0,nan,0
1597988429278394880,1597988429000001024,2020-08-21 13:40:29.000001,8612.0,8654.0,8490.0,8590.0,nan,8572.0,357269,30625098680.0,152584,8612.0,101,8610.0,28,nan,0,nan,0,nan,0,nan,0,nan,0,nan,0,nan,0,nan,0
1597988429783032064,1597988430000000000,2020-08-21 13:40:30.000000,8610.0,8654.0,8490.0,8590.0,nan,8572.0,357306,30628270320.0,152582,8610.0,1,8609.0,28,nan,0,nan,0,nan,0,nan,0,nan,0,nan,0,nan,0,nan,0
1597988430296086016,1597988430000001024,2020-08-21 13:40:30.000001,8610.0,8654.0,8490.0,8590.0,nan,8572.0,357353,30632299160.0,152558,8612.0,85,8610.0,3,nan,0,nan,0,nan,0,nan,0,nan,0,nan,0,nan,0,nan,0
1597988430780278016,1597988431000000000,2020-08-21 13:40:31.000000,8610.0,8654.0,8490.0,8590.0,nan,8572.0,357359,30632813480.0,152557,8611.0,4,8610.0,12,nan,0,nan,0,nan,0,nan,0,nan,0,nan,0,nan,0,nan,0
1597988431291781888,1597988431000001024,2020-08-21 13:40:31.000001,8610.0,8654.0,8490.0,8590.0,nan,8572.0,357370,30633756400.0,152554,8611.0,3,8610.0,3,nan,0,nan,0,nan,0,nan,0,nan,0,nan,0,nan,0,nan,0
1597988431810878976,1597988432000000000,2020-08-21 13:40:32.000000,8611.0,8654.0,8490.0,8590.0,nan,8572.0,357383,30634870760.0,152546,8610.0,1,8609.0,21,nan,0,nan,0,nan,0,nan,0,nan,0,nan,0,nan,0,nan,0
1597988432290290944,1597988432000001024,2020-08-21 13:40:32.000001,8610.0,8654.0,8490.0,8590.0,nan,8572.0,357456,30641128320.0,152510,8610.0,94,8609.0,23,nan,0,nan,0,nan,0,nan,0,nan,0,nan,0,nan,0,nan,0
1597988432800325120,1597988433000000000,2020-08-21 13:40:33.000000,8609.0,8654.0,8490.0,8590.0,nan,8572.0,357490,30644042800.0,152527,8609.0,9,8608.0,57,nan,0,nan,0,nan,0,nan,0,nan,0,nan,0,nan,0,nan,0
1597988433293504000,1597988433000001024,2020-08-21 13:40:33.000001,8609.0,8654.0,8490.0,8590.0,nan,8572.0,357523,30646871560.0,152525,8610.0,100,8608.0,55,nan,0,nan,0,nan,0,nan,0,nan,0,nan,0,nan,0,nan,0
1597988433833872896,1597988434000000000,2020-08-21 13:40:34.000000,8609.0,8654.0,8490.0,8590.0,nan,8572.0,357545,30648757400.0,152516,8610.0,100,8608.0,55,nan,0,nan,0,nan,0,nan,0,nan,0,nan,0,nan,0,nan,0
1597988434280572928,1597988434000001024,2020-08-21 13:40:34.000001,8608.0,8654.0,8490.0,8590.0,nan,8572.0,357554,30649528880.0,152518,8610.0,98,8608.0,58,nan,0,nan,0,nan,0,nan,0,nan,0,nan,0,nan,0,nan,0
1597988434784305920,1597988435000000000,2020-08-21 13:40:35.000000,8608.0,8654.0,8490.0,8590.0,nan,8572.0,357586,30652271920.0,152514,8610.0,96,8608.0,36,nan,0,nan,0,nan,0,nan,0,nan,0,nan,0,nan,0,nan,0
1597988435297661952,1597988435000001024,2020-08-21 13:40:35.000001,8608.0,8654.0,8490.0,8590.0,nan,8572.0,357610,30654329200.0,152516,8610.0,96,8608.0,26,nan,0,nan,0,nan,0,nan,0,nan,0,nan,0,nan,0,nan,0
1597988435803460096,1597988436000000000,2020-08-21 13:40:36.000000,8608.0,8654.0,8490.0,8590.0,nan,8572.0,357640,30656900800.0,152514,8608.0,2,8607.0,33,nan,0,nan,0,nan,0,nan,0,nan,0,nan,0,nan,0,nan,0
1597988436283208960,1597988436000001024,2020-08-21 13:40:36.000001,8608.0,8654.0,8490.0,8590.0,nan,8572.0,357663,30658872360.0,152510,8609.0,3,8608.0,7,nan,0,nan,0,nan,0,nan,0,nan,0,nan,0,nan,0,nan,0
1597988436794027008,1597988437000000000,2020-08-21 13:40:37.000000,8609.0,8654.0,8490.0,8590.0,nan,8572.0,357665,30659043800.0,152510,8609.0,4,8608.0,19,nan,0,nan,0,nan,0,nan,0,nan,0,nan,0,nan,0,nan,0
1597988437302459904,1597988437000001024,2020-08-21 13:40:37.000001,8609.0,8654.0,8490.0,8590.0,nan,8572.0,357693,30661443960.0,152503,8609.0,6,8608.0,19,nan,0,nan,0,nan,0,nan,0,nan,0,nan,0,nan,0,nan,0
1597988437801711104,1597988438000000000,2020-08-21 13:40:38.000000,8609.0,8654.0,8490.0,8590.0,nan,8572.0,357699,30661958280.0,152503,8609.0,9,8608.0,27,nan,0,nan,0,nan,0,nan,0,nan,0,nan,0,nan,0,nan,0
1597988438287396096,1597988438000001024,2020-08-21 13:40:38.000001,8609.0,8654.0,8490.0,8590.0,nan,8572.0,357730,30664615600.0,152503,8610.0,94,8609.0,19,nan,0,nan,0,nan,0,nan,0,nan,0,nan,0,nan,0,nan,0
1597988438812156928,1597988439000000000,2020-08-21 13:40:39.000000,8609.0,8654.0,8490.0,8590.0,nan,8572.0,357741,30665558520.0,152500,8610.0,92,8609.0,15,nan,0,nan,0,nan,0,nan,0,nan,0,nan,0,nan,0,nan,0
1597988439302962944,1597988439000001024,2020-08-21 13:40:39.000001,8609.0,8654.0,8490.0,8590.0,nan,8572.0,357763,30667444360.0,152492,8610.0,93,8609.0,13,nan,0,nan,0,nan,0,nan,0,nan,0,nan,0,nan,0,nan,0
1597988439781900032,1597988440000000000,2020-08-21 13:40:40.000000,8609.0,8654.0,8490.0,8590.0,nan,8572.0,357768,30667872960.0,152494,8610.0,92,8609.0,11,nan,0,nan,0,nan,0,nan,0,nan,0,nan,0,nan,0,nan,0
1597988440283834880,1597988440000001024,2020-08-21 13:40:40.000001,8610.0,8654.0,8490.0,8590.0,nan,8572.0,357862,30675930640.0,152419,8611.0,5,8610.0,46,nan,0,nan,0,nan,0,nan,0,nan,0,nan,0,nan,0,nan,0
1597988440809234944,1597988441000000000,2020-08-21 13:40:41.000000,8611.0,8654.0,8490.0,8590.0,nan,8572.0,357880,30677473600.0,152415,8612.0,128,8611.0,4,nan,0,nan,0,nan,0,nan,0,nan,0,nan,0,nan,0,nan,0
1597988441287429888,1597988441000001024,2020-08-21 13:40:41.000001,8611.0,8654.0,8490.0,8590.0,nan,8572.0,357886,30677987920.0,152410,8611.0,1,8610.0,23,nan,0,nan,0,nan,0,nan,0,nan,0,nan,0,nan,0,nan,0
1597988441785752064,1597988442000000000,2020-08-21 13:40:42.000000,8610.0,8654.0,8490.0,8590.0,nan,8572.0,357890,30678330800.0,152409,8611.0,8,8610.0,23,nan,0,nan,0,nan,0,nan,0,nan,0,nan,0,nan,0,nan,0
1597988442298036992,1597988442000001024,2020-08-21 13:40:42.000001,8611.0,8654.0,8490.0,8590.0,nan,8572.0,357892,30678502240.0,152410,8611.0,15,8610.0,24,nan,0,nan,0,nan,0,nan,0,nan,0,nan,0,nan,0,nan,0
1597988442774217984,1597988443000000000,2020-08-21 13:40:43.000000,8611.0,8654.0,8490.0,8590.0,nan,8572.0,357895,30678759400.0,152411,8611.0,18,8610.0,24,nan,0,nan,0,nan,0,nan,0,nan,0,nan,0,nan,0,nan,0
1597988443279534080,1597988443000001024,2020-08-21 13:40:43.000001,8610.0,8654.0,8490.0,8590.0,nan,8572.0,357946,30683131120.0,152409,8610.0,6,8609.0,101,nan,0,nan,0,nan,0,nan,0,nan,0,nan,0,nan,0,nan,0
1597988443778811904,1597988444000000000,2020-08-21 13:40:44.000000,8610.0,8654.0,8490.0,8590.0,nan,8572.0,357953,30683731160.0,152409,8611.0,1,8610.0,17,nan,0,nan,0,nan,0,nan,0,nan,0,nan,0,nan,0,nan,0
1597988444311409920,1597988444000001024,2020-08-21 13:40:44.000001,8611.0,8654.0,8490.0,8590.0,nan,8572.0,357956,30683988320.0,152408,8612.0,131,8610.0,23,nan,0,nan,0,nan,0,nan,0,nan,0,nan,0,nan,0,nan,0
1597988444781366016,1597988445000000000,2020-08-21 13:40:45.000000,8610.0,8654.0,8490.0,8590.0,nan,8572.0,357975,30685617000.0,152403,8611.0,11,8610.0,6,nan,0,nan,0,nan,0,nan,0,nan,0,nan,0,nan,0,nan,0
1597988445279571968,1597988445000001024,2020-08-21 13:40:45.000001,8610.0,8654.0,8490.0,8590.0,nan,8572.0,357992,30687074240.0,152406,8611.0,21,8610.0,4,nan,0,nan,0,nan,0,nan,0,nan,0,nan,0,nan,0,nan,0
1597988445780244992,1597988446000000000,2020-08-21 13:40:46.000000,8610.0,8654.0,8490.0,8590.0,nan,8572.0,357999,30687674280.0,152410,8610.0,16,8609.0,103,nan,0,nan,0,nan,0,nan,0,nan,0,nan,0,nan,0,nan,0
1597988446782835968,1597988447000000000,2020-08-21 13:40:47.000000,8610.0,8654.0,8490.0,8590.0,nan,8572.0,358005,30688188600.0,152408,8610.0,11,8609.0,103,nan,0,nan,0,nan,0,nan,0,nan,0,nan,0,nan,0,nan,0
1597988447332648960,1597988447000001024,2020-08-21 13:40:47.000001,8609.0,8654.0,8490.0,8590.0,nan,8572.0,358013,30688874360.0,152410,8610.0,5,8609.0,101,nan,0,nan,0,nan,0,nan,0,nan,0,nan,0,nan,0,nan,0
1597988447793274112,1597988448000000000,2020-08-21 13:40:48.000000,8610.0,8654.0,8490.0,8590.0,nan,8572.0,358017,30689217240.0,152408,8610.0,3,8609.0,101,nan,0,nan,0,nan,0,nan,0,nan,0,nan,0,nan,0,nan,0
1597988448294153984,1597988448000001024,2020-08-21 13:40:48.000001,8610.0,8654.0,8490.0,8590.0,nan,8572.0,358030,30690331600.0,152417,8610.0,1,8609.0,101,nan,0,nan,0,nan,0,nan,0,nan,0,nan,0,nan,0,nan,0
1597988448788619008,1597988449000000000,2020-08-21 13:40:49.000000,8610.0,8654.0,8490.0,8590.0,nan,8572.0,358037,30690931640.0,152413,8611.0,33,8610.0,7,nan,0,nan,0,nan,0,nan,0,nan,0,nan,0,nan,0,nan,0
1597988449296819968,1597988449000001024,2020-08-21 13:40:49.000001,8610.0,8654.0,8490.0,8590.0,nan,8572.0,358055,30692474600.0,152418,8611.0,38,8609.0,97,nan,0,nan,0,nan,0,nan,0,nan,0,nan,0,nan,0,nan,0
1597988449793828096,1597988450000000000,2020-08-21 13:40:50.000000,8610.0,8654.0,8490.0,8590.0,nan,8572.0,358078,30694446160.0,152437,8610.0,7,8609.0,83,nan,0,nan,0,nan,0,nan,0,nan,0,nan,0,nan,0,nan,0
1597988450287397888,1597988450000001024,2020-08-21 13:40:50.000001,8610.0,8654.0,8490.0,8590.0,nan,8572.0,358079,30694531880.0,152437,8610.0,6,8609.0,84,nan,0,nan,0,nan,0,nan,0,nan,0,nan,0,nan,0,nan,0
1597988450784913920,1597988451000000000,2020-08-21 13:40:51.000000,8610.0,8654.0,8490.0,8590.0,nan,8572.0,358079,30694531880.0,152437,8610.0,6,8609.0,85,nan,0,nan,0,nan,0,nan,0,nan,0,nan,0,nan,0,nan,0
1597988451288300032,1597988451000001024,2020-08-21 13:40:51.000001,8609.0,8654.0,8490.0,8590.0,nan,8572.0,358164,30701818080.0,152514,8609.0,35,8608.0,33,nan,0,nan,0,nan,0,nan,0,nan,0,nan,0,nan,0,nan,0
1597988451790330880,1597988452000000000,2020-08-21 13:40:52.000000,8608.0,8654.0,8490.0,8590.0,nan,8572.0,358183,30703446760.0,152517,8609.0,32,8608.0,21,nan,0,nan,0,nan,0,nan,0,nan,0,nan,0,nan,0,nan,0
1597988452287579904,1597988452000001024,2020-08-21 13:40:52.000001,8609.0,8654.0,8490.0,8590.0,nan,8572.0,358196,30704561120.0,152516,8609.0,31,8608.0,15,nan,0,nan,0,nan,0,nan,0,nan,0,nan,0,nan,0,nan,0
1597988452803716096,1597988453000000000,2020-08-21 13:40:53.000000,8609.0,8654.0,8490.0,8590.0,nan,8572.0,358226,30707132720.0,152510,8609.0,2,8608.0,15,nan,0,nan,0,nan,0,nan,0,nan,0,nan,0,nan,0,nan,0
1597988453290011904,1597988453000001024,2020-08-21 13:40:53.000001,8609.0,8654.0,8490.0,8590.0,nan,8572.0,358242,30708504240.0,152503,8610.0,49,8609.0,13,nan,0,nan,0,nan,0,nan,0,nan,0,nan,0,nan,0,nan,0
1597988453789976064,1597988454000000000,2020-08-21 13:40:54.000000,8609.0,8654.0,8490.0,8590.0,nan,8572.0,358248,30709018560.0,152501,8610.0,49,8609.0,10,nan,0,nan,0,nan,0,nan,0,nan,0,nan,0,nan,0,nan,0
1597988454296059904,1597988454000001024,2020-08-21 13:40:54.000001,8609.0,8654.0,8490.0,8590.0,nan,8572.0,358250,30709190000.0,152501,8610.0,50,8609.0,11,nan,0,nan,0,nan,0,nan,0,nan,0,nan,0,nan,0,nan,0
1597988454779983104,1597988455000000000,2020-08-21 13:40:55.000000,8610.0,8654.0,8490.0,8590.0,nan,8572.0,358251,30709275720.0,152501,8610.0,50,8609.0,26,nan,0,nan,0,nan,0,nan,0,nan,0,nan,0,nan,0,nan,0
1597988455278802944,1597988455000001024,2020-08-21 13:40:55.000001,8609.0,8654.0,8490.0,8590.0,nan,8572.0,358311,30714418920.0,152529,8610.0,45,8609.0,4,nan,0,nan,0,nan,0,nan,0,nan,0,nan,0,nan,0,nan,0
1597988455780739072,1597988456000000000,2020-08-21 13:40:56.000000,8610.0,8654.0,8490.0,8590.0,nan,8572.0,358315,30714761800.0,152528,8609.0,1,8608.0,21,nan,0,nan,0,nan,0,nan,0,nan,0,nan,0,nan,0,nan,0
1597988456285381120,1597988456000001024,2020-08-21 13:40:56.000001,8610.0,8654.0,8490.0,8590.0,nan,8572.0,358315,30714761800.0,152528,8609.0,1,8608.0,23,nan,0,nan,0,nan,0,nan,0,nan,0,nan,0,nan,0,nan,0
1597988456789466112,1597988457000000000,2020-08-21 13:40:57.000000,8609.0,8654.0,8490.0,8590.0,nan,8572.0,358316,30714847520.0,152528,8609.0,13,8608.0,24,nan,0,nan,0,nan,0,nan,0,nan,0,nan,0,nan,0,nan,0
1597988457281559040,1597988457000001024,2020-08-21 13:40:57.000001,8609.0,8654.0,8490.0,8590.0,nan,8572.0,358326,30715704720.0,152525,8609.0,13,8608.0,29,nan,0,nan,0,nan,0,nan,0,nan,0,nan,0,nan,0,nan,0
1597988457785355008,1597988458000000000,2020-08-21 13:40:58.000000,8609.0,8654.0,8490.0,8590.0,nan,8572.0,358338,30716733360.0,152528,8609.0,8,8608.0,25,nan,0,nan,0,nan,0,nan,0,nan,0,nan,0,nan,0,nan,0
1597988458287879936,1597988458000001024,2020-08-21 13:40:58.000001,8609.0,8654.0,8490.0,8590.0,nan,8572.0,358348,30717590560.0,152527,8609.0,7,8608.0,24,nan,0,nan,0,nan,0,nan,0,nan,0,nan,0,nan,0,nan,0
1597988458782217984,1597988459000000000,2020-08-21 13:40:59.000000,8609.0,8654.0,8490.0,8590.0,nan,8572.0,358349,30717676280.0,152527,8609.0,9,8608.0,26,nan,0,nan,0,nan,0,nan,0,nan,0,nan,0,nan,0,nan,0
1597988459295972096,1597988459000001024,2020-08-21 13:40:59.000001,8609.0,8654.0,8490.0,8590.0,nan,8572.0,358351,30717847720.0,152528,8609.0,4,8608.0,29,nan,0,nan,0,nan,0,nan,0,nan,0,nan,0,nan,0,nan,0
1597988459795293952,1597988460000000000,2020-08-21 13:41:00.000000,8609.0,8654.0,8490.0,8590.0,nan,8572.0,358351,30717847720.0,152528,8609.0,4,8608.0,30,nan,0,nan,0,nan,0,nan,0,nan,0,nan,0,nan,0,nan,0
1597988460288389888,1597988460000001024,2020-08-21 13:41:00.000001,8608.0,8654.0,8490.0,8590.0,nan,8572.0,358352,30717933440.0,152528,8609.0,5,8608.0,35,nan,0,nan,0,nan,0,nan,0,nan,0,nan,0,nan,0,nan,0
1597988460799686912,1597988461000000000,2020-08-21 13:41:01.000000,8609.0,8654.0,8490.0,8590.0,nan,8572.0,358367,30719219240.0,152532,8609.0,18,8608.0,24,nan,0,nan,0,nan,0,nan,0,nan,0,nan,0,nan,0,nan,0
1597988461383303936,1597988461000001024,2020-08-21 13:41:01.000001,8609.0,8654.0,8490.0,8590.0,nan,8572.0,358395,30721619400.0,152548,8608.0,2,8607.0,54,nan,0,nan,0,nan,0,nan,0,nan,0,nan,0,nan,0,nan,0
1597988461794426880,1597988462000000000,2020-08-21 13:41:02.000000,8608.0,8654.0,8490.0,8590.0,nan,8572.0,358403,30722305160.0,152547,8608.0,24,8607.0,53,nan,0,nan,0,nan,0,nan,0,nan,0,nan,0,nan,0,nan,0
1597988462295472128,1597988462000001024,2020-08-21 13:41:02.000001,8607.0,8654.0,8490.0,8590.0,nan,8572.0,358410,30722905200.0,152546,8608.0,24,8607.0,52,nan,0,nan,0,nan,0,nan,0,nan,0,nan,0,nan,0,nan,0
1597988462795841024,1597988463000000000,2020-08-21 13:41:03.000000,8608.0,8654.0,8490.0,8590.0,nan,8572.0,358443,30725733960.0,152550,8608.0,15,8607.0,31,nan,0,nan,0,nan,0,nan,0,nan,0,nan,0,nan,0,nan,0
1597988463292812032,1597988463000001024,2020-08-21 13:41:03.000001,8607.0,8654.0,8490.0,8590.0,nan,8572.0,358460,30727191200.0,152554,8608.0,1,8607.0,34,nan,0,nan,0,nan,0,nan,0,nan,0,nan,0,nan,0,nan,0
1597988463797120000,1597988464000000000,2020-08-21 13:41:04.000000,8607.0,8654.0,8490.0,8590.0,nan,8572.0,358467,30727791240.0,152552,8608.0,4,8607.0,31,nan,0,nan,0,nan,0,nan,0,nan,0,nan,0,nan,0,nan,0
1597988464288241920,1597988464000001024,2020-08-21 13:41:04.000001,8608.0,8654.0,8490.0,8590.0,nan,8572.0,358495,30730191400.0,152546,8608.0,9,8607.0,5,nan,0,nan,0,nan,0,nan,0,nan,0,nan,0,nan,0,nan,0
1597988464793076992,1597988465000000000,2020-08-21 13:41:05.000000,8609.0,8654.0,8490.0,8590.0,nan,8572.0,358534,30733534480.0,152562,8609.0,18,8607.0,42,nan,0,nan,0,nan,0,nan,0,nan,0,nan,0,nan,0,nan,0
1597988465287340032,1597988465000001024,2020-08-21 13:41:05.000001,8608.0,8654.0,8490.0,8590.0,nan,8572.0,358536,30733705920.0,152562,8608.0,5,8607.0,44,nan,0,nan,0,nan,0,nan,0,nan,0,nan,0,nan,0,nan,0
1597988465792792064,1597988466000000000,2020-08-21 13:41:06.000000,8608.0,8654.0,8490.0,8590.0,nan,8572.0,358561,30735848920.0,152553,8609.0,21,8607.0,37,nan,0,nan,0,nan,0,nan,0,nan,0,nan,0,nan,0,nan,0
1597988466294566912,1597988466000001024,2020-08-21 13:41:06.000001,8607.0,8654.0,8490.0,8590.0,nan,8572.0,358583,30737734760.0,152552,8609.0,21,8607.0,45,nan,0,nan,0,nan,0,nan,0,nan,0,nan,0,nan,0,nan,0
1597988466803225088,1597988467000000000,2020-08-21 13:41:07.000000,8608.0,8654.0,8490.0,8590.0,nan,8572.0,358587,30738077640.0,152553,8609.0,16,8608.0,12,nan,0,nan,0,nan,0,nan,0,nan,0,nan,0,nan,0,nan,0
1597988467292410112,1597988467000001024,2020-08-21 13:41:07.000001,8608.0,8654.0,8490.0,8590.0,nan,8572.0,358589,30738249080.0,152553,8609.0,16,8608.0,11,nan,0,nan,0,nan,0,nan,0,nan,0,nan,0,nan,0,nan,0
1597988467790626048,1597988468000000000,2020-08-21 13:41:08.000000,8608.0,8654.0,8490.0,8590.0,nan,8572.0,358596,30738849120.0,152558,8609.0,18,8608.0,14,nan,0,nan,0,nan,0,nan,0,nan,0,nan,0,nan,0,nan,0
1597988468290887936,1597988468000001024,2020-08-21 13:41:08.000001,8608.0,8654.0,8490.0,8590.0,nan,8572.0,358618,30740734960.0,152572,8609.0,24,8608.0,3,nan,0,nan,0,nan,0,nan,0,nan,0,nan,0,nan,0,nan,0
1597988468797547008,1597988469000000000,2020-08-21 13:41:09.000000,8607.0,8654.0,8490.0,8590.0,nan,8572.0,358658,30744163760.0,152590,8608.0,1,8606.0,50,nan,0,nan,0,nan,0,nan,0,nan,0,nan,0,nan,0,nan,0
1597988469310411008,1597988469000001024,2020-08-21 13:41:09.000001,8607.0,8654.0,8490.0,8590.0,nan,8572.0,358678,30745878160.0,152596,8608.0,16,8606.0,48,nan,0,nan,0,nan,0,nan,0,nan,0,nan,0,nan,0,nan,0
1597988469797107968,1597988470000000000,2020-08-21 13:41:10.000000,8607.0,8654.0,8490.0,8590.0,nan,8572.0,358685,30746478200.0,152595,8607.0,1,8606.0,48,nan,0,nan,0,nan,0,nan,0,nan,0,nan,0,nan,0,nan,0
1597988470293395968,1597988470000001024,2020-08-21 13:41:10.000001,8607.0,8654.0,8490.0,8590.0,nan,8572.0,358691,30746992520.0,152597,8607.0,1,8606.0,48,nan,0,nan,0,nan,0,nan,0,nan,0,nan,0,nan,0,nan,0
1597988470807571968,1597988471000000000,2020-08-21 13:41:11.000000,8606.0,8654.0,8490.0,8590.0,nan,8572.0,358699,30747678280.0,152598,8607.0,6,8606.0,50,nan,0,nan,0,nan,0,nan,0,nan,0,nan,0,nan,0,nan,0
1597988471316974080,1597988471000001024,2020-08-21 13:41:11.000001,8607.0,8654.0,8490.0,8590.0,nan,8572.0,358712,30748792640.0,152593,8608.0,19,8607.0,3,nan,0,nan,0,nan,0,nan,0,nan,0,nan,0,nan,0,nan,0
1597988471796409088,1597988472000000000,2020-08-21 13:41:12.000000,8607.0,8654.0,8490.0,8590.0,nan,8572.0,358717,30749221240.0,152593,8608.0,19,8607.0,11,nan,0,nan,0,nan,0,nan,0,nan,0,nan,0,nan,0,nan,0
1597988472299661056,1597988472000001024,2020-08-21 13:41:12.000001,8608.0,8654.0,8490.0,8590.0,nan,8572.0,358727,30750078440.0,152588,8608.0,17,8607.0,4,nan,0,nan,0,nan,0,nan,0,nan,0,nan,0,nan,0,nan,0
1597988472800210944,1597988473000000000,2020-08-21 13:41:13.000000,8608.0,8654.0,8490.0,8590.0,nan,8572.0,358733,30750592760.0,152590,8608.0,13,8607.0,6,nan,0,nan,0,nan,0,nan,0,nan,0,nan,0,nan,0,nan,0
1597988473296517120,1597988473000001024,2020-08-21 13:41:13.000001,8609.0,8654.0,8490.0,8590.0,nan,8572.0,358787,30755221640.0,152641,8609.0,31,8606.0,65,nan,0,nan,0,nan,0,nan,0,nan,0,nan,0,nan,0,nan,0
1597988473793263104,1597988474000000000,2020-08-21 13:41:14.000000,8608.0,8654.0,8490.0,8590.0,nan,8572.0,358799,30756250280.0,152635,8609.0,31,8608.0,7,nan,0,nan,0,nan,0,nan,0,nan,0,nan,0,nan,0,nan,0
1597988474291563008,1597988474000001024,2020-08-21 13:41:14.000001,8608.0,8654.0,8490.0,8590.0,nan,8572.0,358803,30756593160.0,152631,8609.0,30,8608.0,3,nan,0,nan,0,nan,0,nan,0,nan,0,nan,0,nan,0,nan,0
1597988474803021056,1597988475000000000,2020-08-21 13:41:15.000000,8608.0,8654.0,8490.0,8590.0,nan,8572.0,358809,30757107480.0,152632,8609.0,30,8608.0,2,nan,0,nan,0,nan,0,nan,0,nan,0,nan,0,nan,0,nan,0
1597988475302934016,1597988475000001024,2020-08-21 13:41:15.000001,8607.0,8654.0,8490.0,8590.0,nan,8572.0,358863,30761736360.0,152634,8608.0,13,8607.0,39,nan,0,nan,0,nan,0,nan,0,nan,0,nan,0,nan,0,nan,0
1597988475802779904,1597988476000000000,2020-08-21 13:41:16.000000,8607.0,8654.0,8490.0,8590.0,nan,8572.0,358876,30762850720.0,152637,8608.0,19,8607.0,28,nan,0,nan,0,nan,0,nan,0,nan,0,nan,0,nan,0,nan,0
1597988476293373952,1597988476000001024,2020-08-21 13:41:16.000001,8608.0,8654.0,8490.0,8590.0,nan,8572.0,358877,30762936440.0,152637,8608.0,18,8607.0,31,nan,0,nan,0,nan,0,nan,0,nan,0,nan,0,nan,0,nan,0
1597988476810565120,1597988477000000000,2020-08-21 13:41:17.000000,8608.0,8654.0,8490.0,8590.0,nan,8572.0,358887,30763793640.0,152638,8609.0,31,8608.0,1,nan,0,nan,0,nan,0,nan,0,nan,0,nan,0,nan,0,nan,0
1597988477293067008,1597988477000001024,2020-08-21 13:41:17.000001,8609.0,8654.0,8490.0,8590.0,nan,8572.0,358889,30763965080.0,152636,8609.0,33,8608.0,11,nan,0,nan,0,nan,0,nan,0,nan,0,nan,0,nan,0,nan,0
1597988477795087104,1597988478000000000,2020-08-21 13:41:18.000000,8608.0,8654.0,8490.0,8590.0,nan,8572.0,358890,30764050800.0,152636,8609.0,33,8608.0,12,nan,0,nan,0,nan,0,nan,0,nan,0,nan,0,nan,0,nan,0
