local_nano_time,quote_nano_time,datetime,last_price,highest,lowest,open,close,average,volume,amount,open_interest,ask_price1,ask_volume1,bid_price1,bid_volume1,ask_price2,ask_volume2,bid_price2,bid_volume2,ask_price3,ask_volume3,bid_price3,bid_volume3,ask_price4,ask_volume4,bid_price4,bid_volume4,ask_price5,ask_volume5,bid_price5,bid_volume5
1597988226608508928,1597988226500000000,2020-08-21 13:37:06.500000,1982.0,1985.0,1911.0,1939.0,nan,1952.008,1214816,23713310580.0,450324,1983.0,1235,1982.0,148,1984.0,429,1981.0,476,1985.0,984,1980.0,598,1986.0,408,1979.0,594,1987.0,408,1978.0,337
1597988227119074048,1597988227000000000,2020-08-21 13:37:07.000000,1982.0,1985.0,1911.0,1939.0,nan,1952.014,1215030,23717552060.0,450342,1982.0,185,1981.0,480,1983.0,1244,1980.0,598,1984.0,429,1979.0,594,1985.0,984,1978.0,337,1986.0,408,1977.0,477
1597988227623237888,1597988227500000000,2020-08-21 13:37:07.500000,1982.0,1985.0,1911.0,1939.0,nan,1952.014,1215040,23717750260.0,450352,1982.0,228,1981.0,488,1983.0,1262,1980.0,598,1984.0,429,1979.0,593,1985.0,983,1978.0,337,1986.0,408,1977.0,477
1597988228114731008,1597988228000000000,2020-08-21 13:37:08.000000,1982.0,1985.0,1911.0,1939.0,nan,1952.014,1215045,23717849360.0,450353,1982.0,264,1981.0,486,1983.0,1262,1980.0,598,1984.0,429,1979.0,593,1985.0,983,1978.0,337,1986.0,408,1977.0,477
1597988228616448000,1597988228500000000,2020-08-21 13:37:08.500000,1981.0,1985.0,1911.0,1939.0,nan,1952.014,1215046,23717869170.0,450354,1982.0,271,1981.0,487,1983.0,1268,1980.0,606,1984.0,429,1979.0,593,1985.0,983,1978.0,337,1986.0,408,1977.0,477
1597988229114715904,1597988229000000000,2020-08-21 13:37:09.000000,1981.0,1985.0,1911.0,1939.0,nan,1952.014,1215055,23718047540.0,450361,1982.0,270,1981.0,481,1983.0,1269,1980.0,606,1984.0,430,1979.0,593,1985.0,984,1978.0,337,1986.0,408,1977.0,477
1597988229615824896,1597988229500000000,2020-08-21 13:37:09.500000,1982.0,1985.0,1911.0,1939.0,nan,1952.016,1215112,23719177280.0,450368,1982.0,249,1981.0,481,1983.0,1275,1980.0,607,1984.0,430,1979.0,593,1985.0,985,1978.0,338,1986.0,408,1977.0,477
1597988230131877120,1597988230000000000,2020-08-21 13:37:10.000000,1982.0,1985.0,1911.0,1939.0,nan,1952.016,1215114,23719216910.0,450369,1982.0,249,1981.0,484,1983.0,1282,1980.0,607,1984.0,430,1979.0,590,1985.0,985,1978.0,338,1986.0,408,1977.0,477
1597988230612960000,1597988230500000000,2020-08-21 13:37:10.500000,1981.0,1985.0,1911.0,1939.0,nan,1952.016,1215115,23719236720.0,450370,1982.0,257,1981.0,486,1983.0,1282,1980.0,607,1984.0,432,1979.0,590,1985.0,985,1978.0,338,1986.0,408,1977.0,477
1597988231122380032,1597988231000000000,2020-08-21 13:37:11.000000,1981.0,1985.0,1911.0,1939.0,nan,1952.016,1215135,23719632920.0,450384,1982.0,269,1981.0,472,1983.0,1284,1980.0,607,1984.0,432,1979.0,590,1985.0,985,1978.0,338,1986.0,408,1977.0,478
1597988231615430912,1597988231500000000,2020-08-21 13:37:11.500000,1982.0,1985.0,1911.0,1939.0,nan,1952.018,1215192,23720762660.0,450391,1982.0,222,1981.0,476,1983.0,1285,1980.0,607,1984.0,432,1979.0,590,1985.0,985,1978.0,338,1986.0,408,1977.0,478
1597988232111380992,1597988232000000000,2020-08-21 13:37:12.000000,1981.0,1985.0,1911.0,1939.0,nan,1952.018,1215204,23721000480.0,450391,1982.0,220,1981.0,476,1983.0,1285,1980.0,607,1984.0,432,1979.0,591,1985.0,985,1978.0,338,1986.0,408,1977.0,478
1597988232617465088,1597988232500000000,2020-08-21 13:37:12.500000,1981.0,1985.0,1911.0,1939.0,nan,1952.019,1215257,23722050430.0,450431,1982.0,242,1981.0,488,1983.0,1285,1980.0,607,1984.0,432,1979.0,591,1985.0,985,1978.0,338,1986.0,408,1977.0,478
1597988233116109056,1597988233000000000,2020-08-21 13:37:13.000000,1981.0,1985.0,1911.0,1939.0,nan,1952.02,1215289,23722684650.0,450433,1982.0,230,1981.0,497,1983.0,1287,1980.0,607,1984.0,432,1979.0,591,1985.0,986,1978.0,338,1986.0,408,1977.0,478
1597988233614546944,1597988233500000000,2020-08-21 13:37:13.500000,1982.0,1985.0,1911.0,1939.0,nan,1952.02,1215290,23722704470.0,450433,1982.0,231,1981.0,499,1983.0,1282,1980.0,606,1984.0,432,1979.0,591,1985.0,986,1978.0,338,1986.0,408,1977.0,479
1597988234125125120,1597988234000000000,2020-08-21 13:37:14.000000,1982.0,1985.0,1911.0,1939.0,nan,1952.02,1215290,23722704470.0,450433,1982.0,226,1981.0,499,1983.0,1282,1980.0,606,1984.0,433,1979.0,591,1985.0,986,1978.0,338,1986.0,408,1977.0,479
1597988234619280896,1597988234500000000,2020-08-21 13:37:14.500000,1981.0,1985.0,1911.0,1939.0,nan,1952.02,1215292,23722744090.0,450435,1982.0,242,1981.0,500,1983.0,1282,1980.0,605,1984.0,433,1979.0,591,1985.0,987,1978.0,338,1986.0,408,1977.0,479
1597988235126471936,1597988235000000000,2020-08-21 13:37:15.000000,1981.0,1985.0,1911.0,1939.0,nan,1952.021,1215313,23723160100.0,450450,1982.0,245,1981.0,487,1983.0,1284,1980.0,605,1984.0,433,1979.0,591,1985.0,987,1978.0,338,1986.0,407,1977.0,479
1597988235620704000,1597988235500000000,2020-08-21 13:37:15.500000,1981.0,1985.0,1911.0,1939.0,nan,1952.021,1215313,23723160100.0,450450,1982.0,249,1981.0,487,1983.0,1284,1980.0,605,1984.0,433,1979.0,591,1985.0,987,1978.0,338,1986.0,407,1977.0,479
1597988236110658048,1597988236000000000,2020-08-21 13:37:16.000000,1981.0,1985.0,1911.0,1939.0,nan,1952.021,1215326,23723417630.0,450450,1982.0,250,1981.0,473,1983.0,1285,1980.0,605,1984.0,433,1979.0,591,1985.0,987,1978.0,338,1986.0,407,1977.0,479
1597988236615404032,1597988236500000000,2020-08-21 13:37:16.500000,1982.0,1985.0,1911.0,1939.0,nan,1952.021,1215334,23723576150.0,450453,1982.0,252,1981.0,470,1983.0,1285,1980.0,605,1984.0,433,1979.0,591,1985.0,987,1978.0,338,1986.0,407,1977.0,479
1597988237107514112,1597988237000000000,2020-08-21 13:37:17.000000,1982.0,1985.0,1911.0,1939.0,nan,1952.021,1215334,23723576150.0,450453,1982.0,252,1981.0,471,1983.0,1265,1980.0,605,1984.0,433,1979.0,591,1985.0,987,1978.0,338,1986.0,407,1977.0,479
1597988237623352064,1597988237500000000,2020-08-21 13:37:17.500000,1982.0,1985.0,1911.0,1939.0,nan,1952.021,1215336,23723615780.0,450454,1982.0,271,1981.0,471,1983.0,1276,1980.0,605,1984.0,433,1979.0,591,1985.0,985,1978.0,338,1986.0,407,1977.0,479
1597988238110260992,1597988238000000000,2020-08-21 13:37:18.000000,1981.0,1985.0,1911.0,1939.0,nan,1952.021,1215337,23723635590.0,450455,1982.0,274,1981.0,470,1983.0,1276,1980.0,606,1984.0,434,1979.0,591,1985.0,985,1978.0,341,1986.0,407,1977.0,479
1597988238618956032,1597988238500000000,2020-08-21 13:37:18.500000,1981.0,1985.0,1911.0,1939.0,nan,1952.021,1215339,23723675210.0,450455,1982.0,274,1981.0,467,1983.0,1278,1980.0,606,1984.0,434,1979.0,592,1985.0,985,1978.0,341,1986.0,408,1977.0,479
1597988239112889088,1597988239000000000,2020-08-21 13:37:19.000000,1982.0,1985.0,1911.0,1939.0,nan,1952.023,1215420,23725280630.0,450459,1982.0,225,1981.0,469,1983.0,1277,1980.0,607,1984.0,434,1979.0,590,1985.0,985,1978.0,341,1986.0,408,1977.0,479
1597988239626563072,1597988239500000000,2020-08-21 13:37:19.500000,1982.0,1985.0,1911.0,1939.0,nan,1952.025,1215486,23726588750.0,450435,1982.0,195,1981.0,469,1983.0,1276,1980.0,607,1984.0,434,1979.0,590,1985.0,985,1978.0,341,1986.0,409,1977.0,479
1597988240121156096,1597988240000000000,2020-08-21 13:37:20.000000,1981.0,1985.0,1911.0,1939.0,nan,1952.025,1215490,23726667990.0,450438,1982.0,202,1981.0,466,1983.0,1276,1980.0,607,1984.0,434,1979.0,591,1985.0,985,1978.0,341,1986.0,409,1977.0,479
1597988240624133888,1597988240500000000,2020-08-21 13:37:20.500000,1982.0,1985.0,1911.0,1939.0,nan,1952.025,1215508,23727024750.0,450436,1982.0,185,1981.0,467,1983.0,1276,1980.0,608,1984.0,433,1979.0,591,1985.0,985,1978.0,341,1986.0,410,1977.0,479
1597988241123425024,1597988241000000000,2020-08-21 13:37:21.000000,1982.0,1985.0,1911.0,1939.0,nan,1952.028,1215597,23728788680.0,450441,1982.0,110,1981.0,472,1983.0,1276,1980.0,608,1984.0,433,1979.0,591,1985.0,985,1978.0,341,1986.0,409,1977.0,479
1597988241620729088,1597988241500000000,2020-08-21 13:37:21.500000,1981.0,1985.0,1911.0,1939.0,nan,1952.029,1215663,23730096600.0,450486,1982.0,89,1981.0,454,1983.0,1276,1980.0,608,1984.0,433,1979.0,591,1985.0,985,1978.0,340,1986.0,409,1977.0,479
1597988242122477056,1597988242000000000,2020-08-21 13:37:22.000000,1981.0,1985.0,1911.0,1939.0,nan,1952.029,1215666,23730156040.0,450488,1982.0,171,1981.0,453,1983.0,1280,1980.0,608,1984.0,433,1979.0,591,1985.0,985,1978.0,340,1986.0,409,1977.0,479
1597988242638661120,1597988242500000000,2020-08-21 13:37:22.500000,1982.0,1985.0,1911.0,1939.0,nan,1952.029,1215668,23730195680.0,450490,1982.0,254,1981.0,461,1983.0,1281,1980.0,609,1984.0,433,1979.0,590,1985.0,985,1978.0,340,1986.0,409,1977.0,479
1597988243112276992,1597988243000000000,2020-08-21 13:37:23.000000,1981.0,1985.0,1911.0,1939.0,nan,1952.03,1215687,23730572240.0,450503,1982.0,259,1981.0,449,1983.0,1281,1980.0,610,1984.0,433,1979.0,590,1985.0,985,1978.0,340,1986.0,409,1977.0,479
1597988243626360064,1597988243500000000,2020-08-21 13:37:23.500000,1982.0,1985.0,1911.0,1939.0,nan,1952.03,1215691,23730651520.0,450502,1982.0,263,1981.0,449,1983.0,1281,1980.0,609,1984.0,434,1979.0,590,1985.0,985,1978.0,340,1986.0,409,1977.0,479
1597988244106628096,1597988244000000000,2020-08-21 13:37:24.000000,1982.0,1985.0,1911.0,1939.0,nan,1952.03,1215691,23730651520.0,450502,1982.0,329,1981.0,457,1983.0,1281,1980.0,609,1984.0,434,1979.0,590,1985.0,985,1978.0,340,1986.0,409,1977.0,479
1597988244624080896,1597988244500000000,2020-08-21 13:37:24.500000,1982.0,1985.0,1911.0,1939.0,nan,1952.03,1215693,23730691150.0,450501,1982.0,359,1981.0,456,1983.0,1281,1980.0,609,1984.0,434,1979.0,590,1985.0,985,1978.0,341,1986.0,409,1977.0,479
1597988245119254016,1597988245000000000,2020-08-21 13:37:25.000000,1981.0,1985.0,1911.0,1939.0,nan,1952.03,1215695,23730730770.0,450502,1982.0,372,1981.0,454,1983.0,1291,1980.0,609,1984.0,433,1979.0,591,1985.0,986,1978.0,337,1986.0,409,1977.0,479
1597988245621900032,1597988245500000000,2020-08-21 13:37:25.500000,1981.0,1985.0,1911.0,1939.0,nan,1952.03,1215698,23730790210.0,450503,1982.0,376,1981.0,451,1983.0,1292,1980.0,609,1984.0,433,1979.0,595,1985.0,986,1978.0,337,1986.0,409,1977.0,479
1597988246139121920,1597988246000000000,2020-08-21 13:37:26.000000,1982.0,1985.0,1911.0,1939.0,nan,1952.03,1215699,23730810030.0,450502,1982.0,321,1981.0,443,1983.0,1293,1980.0,609,1984.0,433,1979.0,595,1985.0,986,1978.0,337,1986.0,409,1977.0,479
1597988246639437056,1597988246500000000,2020-08-21 13:37:26.500000,1982.0,1985.0,1911.0,1939.0,nan,1952.03,1215703,23730889290.0,450503,1982.0,287,1981.0,450,1983.0,1293,1980.0,609,1984.0,432,1979.0,595,1985.0,987,1978.0,337,1986.0,409,1977.0,480
1597988247121596928,1597988247000000000,2020-08-21 13:37:27.000000,1982.0,1985.0,1911.0,1939.0,nan,1952.031,1215717,23731166770.0,450511,1982.0,308,1981.0,466,1983.0,1293,1980.0,609,1984.0,432,1979.0,595,1985.0,987,1978.0,337,1986.0,409,1977.0,480
1597988247608958976,1597988247500000000,2020-08-21 13:37:27.500000,1982.0,1985.0,1911.0,1939.0,nan,1952.031,1215742,23731662250.0,450519,1982.0,286,1981.0,474,1983.0,1293,1980.0,608,1984.0,432,1979.0,595,1985.0,987,1978.0,337,1986.0,409,1977.0,480
1597988248131407872,1597988248000000000,2020-08-21 13:37:28.000000,1981.0,1985.0,1911.0,1939.0,nan,1952.031,1215744,23731701870.0,450517,1982.0,290,1981.0,472,1983.0,1293,1980.0,608,1984.0,432,1979.0,595,1985.0,987,1978.0,337,1986.0,409,1977.0,480
1597988248629370880,1597988248500000000,2020-08-21 13:37:28.500000,1982.0,1985.0,1911.0,1939.0,nan,1952.031,1215745,23731721690.0,450517,1982.0,299,1981.0,472,1983.0,1293,1980.0,609,1984.0,432,1979.0,595,1985.0,987,1978.0,337,1986.0,410,1977.0,480
1597988249109917952,1597988249000000000,2020-08-21 13:37:29.000000,1981.0,1985.0,1911.0,1939.0,nan,1952.031,1215750,23731820780.0,450517,1982.0,299,1981.0,472,1983.0,1298,1980.0,607,1984.0,432,1979.0,595,1985.0,987,1978.0,337,1986.0,410,1977.0,478
1597988249608104960,1597988249500000000,2020-08-21 13:37:29.500000,1981.0,1985.0,1911.0,1939.0,nan,1952.031,1215750,23731820780.0,450517,1982.0,300,1981.0,475,1983.0,1298,1980.0,607,1984.0,432,1979.0,595,1985.0,987,1978.0,337,1986.0,410,1977.0,479
1597988250125336064,1597988250000000000,2020-08-21 13:37:30.000000,1981.0,1985.0,1911.0,1939.0,nan,1952.031,1215750,23731820780.0,450517,1982.0,302,1981.0,475,1983.0,1289,1980.0,608,1984.0,432,1979.0,595,1985.0,987,1978.0,337,1986.0,410,1977.0,481
1597988250621737984,1597988250500000000,2020-08-21 13:37:30.500000,1981.0,1985.0,1911.0,1939.0,nan,1952.031,1215752,23731860410.0,450518,1982.0,303,1981.0,475,1983.0,1289,1980.0,610,1984.0,432,1979.0,595,1985.0,987,1978.0,337,1986.0,410,1977.0,481
1597988251121040896,1597988251000000000,2020-08-21 13:37:31.000000,1981.0,1985.0,1911.0,1939.0,nan,1952.031,1215753,23731880220.0,450518,1982.0,308,1981.0,477,1983.0,1289,1980.0,610,1984.0,432,1979.0,595,1985.0,987,1978.0,337,1986.0,410,1977.0,481
1597988251636460032,1597988251500000000,2020-08-21 13:37:31.500000,1982.0,1985.0,1911.0,1939.0,nan,1952.032,1215763,23732078420.0,450527,1982.0,301,1981.0,477,1983.0,1289,1980.0,610,1984.0,429,1979.0,597,1985.0,987,1978.0,337,1986.0,410,1977.0,481
1597988252128311040,1597988252000000000,2020-08-21 13:37:32.000000,1982.0,1985.0,1911.0,1939.0,nan,1952.032,1215763,23732078420.0,450527,1982.0,302,1981.0,478,1983.0,1288,1980.0,610,1984.0,430,1979.0,598,1985.0,987,1978.0,338,1986.0,410,1977.0,481
1597988252627714048,1597988252500000000,2020-08-21 13:37:32.500000,1981.0,1985.0,1911.0,1939.0,nan,1952.032,1215765,23732118050.0,450527,1982.0,313,1981.0,483,1983.0,1288,1980.0,610,1984.0,430,1979.0,598,1985.0,989,1978.0,341,1986.0,410,1977.0,481
1597988253125015040,1597988253000000000,2020-08-21 13:37:33.000000,1982.0,1985.0,1911.0,1939.0,nan,1952.032,1215776,23732336070.0,450537,1982.0,306,1981.0,484,1983.0,1288,1980.0,610,1984.0,430,1979.0,598,1985.0,989,1978.0,341,1986.0,410,1977.0,481
1597988253622371072,1597988253500000000,2020-08-21 13:37:33.500000,1981.0,1985.0,1911.0,1939.0,nan,1952.032,1215779,23732395500.0,450535,1982.0,306,1981.0,481,1983.0,1288,1980.0,614,1984.0,380,1979.0,598,1985.0,989,1978.0,341,1986.0,410,1977.0,483
1597988254112950016,1597988254000000000,2020-08-21 13:37:34.000000,1982.0,1985.0,1911.0,1939.0,nan,1952.032,1215781,23732435130.0,450535,1982.0,352,1981.0,479,1983.0,1289,1980.0,614,1984.0,380,1979.0,598,1985.0,989,1978.0,341,1986.0,410,1977.0,483
1597988254617476096,1597988254500000000,2020-08-21 13:37:34.500000,1982.0,1985.0,1911.0,1939.0,nan,1952.032,1215785,23732514390.0,450533,1982.0,371,1981.0,481,1983.0,1289,1980.0,614,1984.0,380,1979.0,598,1985.0,989,1978.0,341,1986.0,410,1977.0,483
1597988255613370880,1597988255500000000,2020-08-21 13:37:35.500000,1982.0,1985.0,1911.0,1939.0,nan,1952.032,1215786,23732534210.0,450533,1982.0,392,1981.0,484,1983.0,1293,1980.0,614,1984.0,381,1979.0,598,1985.0,989,1978.0,341,1986.0,410,1977.0,483
1597988256106565888,1597988256000000000,2020-08-21 13:37:36.000000,1981.0,1985.0,1911.0,1939.0,nan,1952.032,1215797,23732752130.0,450524,1982.0,397,1981.0,474,1983.0,1293,1980.0,614,1984.0,381,1979.0,598,1985.0,989,1978.0,341,1986.0,415,1977.0,483
1597988256633361920,1597988256500000000,2020-08-21 13:37:36.500000,1982.0,1985.0,1911.0,1939.0,nan,1952.033,1215799,23732791760.0,450524,1982.0,395,1981.0,463,1983.0,1293,1980.0,614,1984.0,377,1979.0,598,1985.0,989,1978.0,341,1986.0,415,1977.0,486
1597988257113485056,1597988257000000000,2020-08-21 13:37:37.000000,1981.0,1985.0,1911.0,1939.0,nan,1952.033,1215800,23732811570.0,450523,1982.0,395,1981.0,436,1983.0,1293,1980.0,614,1984.0,377,1979.0,597,1985.0,989,1978.0,341,1986.0,415,1977.0,486
1597988257609833984,1597988257500000000,2020-08-21 13:37:37.500000,1981.0,1985.0,1911.0,1939.0,nan,1952.033,1215802,23732851190.0,450523,1982.0,411,1981.0,434,1983.0,1293,1980.0,618,1984.0,377,1979.0,597,1985.0,989,1978.0,341,1986.0,415,1977.0,486
1597988258107729920,1597988258000000000,2020-08-21 13:37:38.000000,1982.0,1985.0,1911.0,1939.0,nan,1952.033,1215805,23732910650.0,450523,1982.0,421,1981.0,435,1983.0,1293,1980.0,619,1984.0,376,1979.0,598,1985.0,989,1978.0,341,1986.0,415,1977.0,486
1597988258603012096,1597988258500000000,2020-08-21 13:37:38.500000,1981.0,1985.0,1911.0,1939.0,nan,1952.033,1215817,23733148480.0,450523,1982.0,411,1981.0,416,1983.0,1293,1980.0,619,1984.0,376,1979.0,598,1985.0,989,1978.0,341,1986.0,415,1977.0,486
1597988259120382976,1597988259000000000,2020-08-21 13:37:39.000000,1981.0,1985.0,1911.0,1939.0,nan,1952.034,1215859,23733980510.0,450514,1982.0,422,1981.0,376,1983.0,1258,1980.0,619,1984.0,376,1979.0,598,1985.0,989,1978.0,341,1986.0,415,1977.0,486
1597988259615566080,1597988259500000000,2020-08-21 13:37:39.500000,1981.0,1985.0,1911.0,1939.0,nan,1952.043,1216238,23741488530.0,450426,1981.0,289,1980.0,637,1982.0,439,1979.0,598,1983.0,1258,1978.0,341,1984.0,376,1977.0,486,1985.0,989,1976.0,461
1597988260117466112,1597988260000000000,2020-08-21 13:37:40.000000,1980.0,1985.0,1911.0,1939.0,nan,1952.044,1216260,23741924340.0,450426,1981.0,328,1980.0,636,1982.0,543,1979.0,598,1983.0,1258,1978.0,342,1984.0,377,1977.0,492,1985.0,990,1976.0,461
1597988260602601984,1597988260500000000,2020-08-21 13:37:40.500000,1980.0,1985.0,1911.0,1939.0,nan,1952.044,1216278,23742280900.0,450427,1981.0,322,1980.0,644,1982.0,545,1979.0,598,1983.0,1257,1978.0,342,1984.0,377,1977.0,492,1985.0,990,1976.0,462
1597988261144008960,1597988261000000000,2020-08-21 13:37:41.000000,1980.0,1985.0,1911.0,1939.0,nan,1952.044,1216278,23742280900.0,450427,1981.0,323,1980.0,644,1982.0,562,1979.0,598,1983.0,1255,1978.0,342,1984.0,377,1977.0,492,1985.0,990,1976.0,462
1597988261601601024,1597988261500000000,2020-08-21 13:37:41.500000,1980.0,1985.0,1911.0,1939.0,nan,1952.044,1216278,23742280900.0,450427,1981.0,325,1980.0,644,1982.0,564,1979.0,598,1983.0,1255,1978.0,342,1984.0,377,1977.0,493,1985.0,990,1976.0,462
1597988262108997120,1597988262000000000,2020-08-21 13:37:42.000000,1980.0,1985.0,1911.0,1939.0,nan,1952.044,1216282,23742360130.0,450426,1981.0,322,1980.0,645,1982.0,566,1979.0,598,1983.0,1255,1978.0,342,1984.0,377,1977.0,493,1985.0,990,1976.0,463
1597988262624143104,1597988262500000000,2020-08-21 13:37:42.500000,1980.0,1985.0,1911.0,1939.0,nan,1952.044,1216283,23742379930.0,450427,1981.0,322,1980.0,644,1982.0,571,1979.0,598,1983.0,1255,1978.0,342,1984.0,377,1977.0,493,1985.0,990,1976.0,463
1597988263103251968,1597988263000000000,2020-08-21 13:37:43.000000,1981.0,1985.0,1911.0,1939.0,nan,1952.044,1216287,23742459150.0,450428,1981.0,320,1980.0,645,1982.0,572,1979.0,597,1983.0,1255,1978.0,342,1984.0,376,1977.0,493,1985.0,990,1976.0,463
1597988263620890880,1597988263500000000,2020-08-21 13:37:43.500000,1981.0,1985.0,1911.0,1939.0,nan,1952.045,1216317,23743053410.0,450403,1981.0,294,1980.0,642,1982.0,574,1979.0,598,1983.0,1255,1978.0,342,1984.0,376,1977.0,493,1985.0,990,1976.0,464
1597988264117227008,1597988264000000000,2020-08-21 13:37:44.000000,1980.0,1985.0,1911.0,1939.0,nan,1952.045,1216318,23743073210.0,450404,1981.0,294,1980.0,640,1982.0,583,1979.0,598,1983.0,1252,1978.0,342,1984.0,376,1977.0,493,1985.0,990,1976.0,464
1597988264619648000,1597988264500000000,2020-08-21 13:37:44.500000,1980.0,1985.0,1911.0,1939.0,nan,1952.045,1216320,23743112810.0,450403,1981.0,295,1980.0,640,1982.0,583,1979.0,598,1983.0,1249,1978.0,342,1984.0,376,1977.0,493,1985.0,990,1976.0,464
1597988265130214912,1597988265000000000,2020-08-21 13:37:45.000000,1980.0,1985.0,1911.0,1939.0,nan,1952.045,1216322,23743152410.0,450403,1981.0,313,1980.0,638,1982.0,597,1979.0,598,1983.0,1248,1978.0,342,1984.0,378,1977.0,493,1985.0,986,1976.0,464
1597988265623012096,1597988265500000000,2020-08-21 13:37:45.500000,1980.0,1985.0,1911.0,1939.0,nan,1952.045,1216322,23743152410.0,450403,1981.0,365,1980.0,639,1982.0,607,1979.0,598,1983.0,1248,1978.0,342,1984.0,378,1977.0,493,1985.0,986,1976.0,464
1597988266139109888,1597988266000000000,2020-08-21 13:37:46.000000,1980.0,1985.0,1911.0,1939.0,nan,1952.045,1216326,23743231640.0,450400,1981.0,386,1980.0,629,1982.0,606,1979.0,598,1983.0,1248,1978.0,342,1984.0,378,1977.0,493,1985.0,986,1976.0,464
1597988266608552960,1597988266500000000,2020-08-21 13:37:46.500000,1980.0,1985.0,1911.0,1939.0,nan,1952.045,1216327,23743251440.0,450400,1981.0,386,1980.0,635,1982.0,605,1979.0,598,1983.0,1259,1978.0,351,1984.0,378,1977.0,493,1985.0,986,1976.0,464
1597988267133573888,1597988267000000000,2020-08-21 13:37:47.000000,1980.0,1985.0,1911.0,1939.0,nan,1952.045,1216338,23743469320.0,450392,1981.0,381,1980.0,641,1982.0,606,1979.0,598,1983.0,1259,1978.0,351,1984.0,378,1977.0,493,1985.0,986,1976.0,464
1597988267617494016,1597988267500000000,2020-08-21 13:37:47.500000,1980.0,1985.0,1911.0,1939.0,nan,1952.046,1216353,23743766440.0,450390,1981.0,370,1980.0,674,1982.0,608,1979.0,598,1983.0,1259,1978.0,351,1984.0,378,1977.0,493,1985.0,986,1976.0,464
1597988268129814016,1597988268000000000,2020-08-21 13:37:48.000000,1981.0,1985.0,1911.0,1939.0,nan,1952.046,1216356,23743825860.0,450390,1981.0,368,1980.0,674,1982.0,610,1979.0,598,1983.0,1259,1978.0,351,1984.0,378,1977.0,493,1985.0,986,1976.0,464
1597988268632485888,1597988268500000000,2020-08-21 13:37:48.500000,1981.0,1985.0,1911.0,1939.0,nan,1952.046,1216356,23743825860.0,450390,1981.0,371,1980.0,675,1982.0,610,1979.0,598,1983.0,1258,1978.0,351,1984.0,378,1977.0,493,1985.0,986,1976.0,464
1597988269105950976,1597988269000000000,2020-08-21 13:37:49.000000,1980.0,1985.0,1911.0,1939.0,nan,1952.046,1216361,23743924860.0,450390,1981.0,371,1980.0,671,1982.0,610,1979.0,600,1983.0,1257,1978.0,351,1984.0,378,1977.0,493,1985.0,986,1976.0,464
1597988269618853120,1597988269500000000,2020-08-21 13:37:49.500000,1980.0,1985.0,1911.0,1939.0,nan,1952.046,1216365,23744004070.0,450388,1981.0,389,1980.0,669,1982.0,609,1979.0,600,1983.0,1257,1978.0,351,1984.0,378,1977.0,493,1985.0,984,1976.0,464
1597988270116737024,1597988270000000000,2020-08-21 13:37:50.000000,1981.0,1985.0,1911.0,1939.0,nan,1952.046,1216366,23744023880.0,450387,1981.0,390,1980.0,669,1982.0,619,1979.0,600,1983.0,1256,1978.0,351,1984.0,378,1977.0,493,1985.0,984,1976.0,467
1597988270606323968,1597988270500000000,2020-08-21 13:37:50.500000,1980.0,1985.0,1911.0,1939.0,nan,1952.046,1216386,23744419880.0,450393,1981.0,393,1980.0,650,1982.0,619,1979.0,600,1983.0,1256,1978.0,361,1984.0,378,1977.0,493,1985.0,984,1976.0,467
1597988271120453888,1597988271000000000,2020-08-21 13:37:51.000000,1980.0,1985.0,1911.0,1939.0,nan,1952.046,1216387,23744439680.0,450394,1981.0,394,1980.0,651,1982.0,620,1979.0,600,1983.0,1255,1978.0,361,1984.0,375,1977.0,493,1985.0,984,1976.0,467
1597988271602983936,1597988271500000000,2020-08-21 13:37:51.500000,1980.0,1985.0,1911.0,1939.0,nan,1952.047,1216389,23744479290.0,450394,1981.0,398,1980.0,653,1982.0,631,1979.0,600,1983.0,1255,1978.0,361,1984.0,375,1977.0,493,1985.0,984,1976.0,467
1597988272116041984,1597988272000000000,2020-08-21 13:37:52.000000,1980.0,1985.0,1911.0,1939.0,nan,1952.047,1216394,23744578320.0,450396,1981.0,395,1980.0,652,1982.0,650,1979.0,601,1983.0,1256,1978.0,361,1984.0,375,1977.0,493,1985.0,984,1976.0,467
1597988272616157952,1597988272500000000,2020-08-21 13:37:52.500000,1980.0,1985.0,1911.0,1939.0,nan,1952.047,1216397,23744637730.0,450396,1981.0,395,1980.0,653,1982.0,659,1979.0,601,1983.0,1256,1978.0,361,1984.0,375,1977.0,493,1985.0,980,1976.0,467
1597988273102289920,1597988273000000000,2020-08-21 13:37:53.000000,1980.0,1985.0,1911.0,1939.0,nan,1952.047,1216399,23744677330.0,450396,1981.0,395,1980.0,651,1982.0,671,1979.0,601,1983.0,1255,1978.0,361,1984.0,375,1977.0,493,1985.0,980,1976.0,467
1597988273602747904,1597988273500000000,2020-08-21 13:37:53.500000,1981.0,1985.0,1911.0,1939.0,nan,1952.047,1216400,23744697140.0,450396,1981.0,394,1980.0,654,1982.0,671,1979.0,600,1983.0,1255,1978.0,361,1984.0,376,1977.0,493,1985.0,980,1976.0,467
1597988274117763072,1597988274000000000,2020-08-21 13:37:54.000000,1980.0,1985.0,1911.0,1939.0,nan,1952.047,1216402,23744736740.0,450398,1981.0,399,1980.0,652,1982.0,657,1979.0,600,1983.0,1255,1978.0,363,1984.0,376,1977.0,493,1985.0,980,1976.0,467
1597988274640983040,1597988274500000000,2020-08-21 13:37:54.500000,1980.0,1985.0,1911.0,1939.0,nan,1952.047,1216403,23744756540.0,450398,1981.0,401,1980.0,653,1982.0,657,1979.0,601,1983.0,1255,1978.0,363,1984.0,376,1977.0,493,1985.0,979,1976.0,467
1597988275126597120,1597988275000000000,2020-08-21 13:37:55.000000,1980.0,1985.0,1911.0,1939.0,nan,1952.047,1216403,23744756540.0,450398,1981.0,419,1980.0,653,1982.0,657,1979.0,601,1983.0,1256,1978.0,363,1984.0,376,1977.0,493,1985.0,979,1976.0,467
1597988275645271040,1597988275500000000,2020-08-21 13:37:55.500000,1980.0,1985.0,1911.0,1939.0,nan,1952.047,1216406,23744815940.0,450398,1981.0,427,1980.0,606,1982.0,667,1979.0,601,1983.0,1256,1978.0,368,1984.0,376,1977.0,493,1985.0,979,1976.0,467
1597988276121294080,1597988276000000000,2020-08-21 13:37:56.000000,1980.0,1985.0,1911.0,1939.0,nan,1952.047,1216409,23744875350.0,450400,1981.0,457,1980.0,604,1982.0,664,1979.0,602,1983.0,1256,1978.0,368,1984.0,376,1977.0,493,1985.0,979,1976.0,467
1597988276634144000,1597988276500000000,2020-08-21 13:37:56.500000,1980.0,1985.0,1911.0,1939.0,nan,1952.047,1216410,23744895150.0,450400,1981.0,457,1980.0,608,1982.0,664,1979.0,602,1983.0,1258,1978.0,378,1984.0,376,1977.0,493,1985.0,979,1976.0,467
1597988277215405056,1597988277000000000,2020-08-21 13:37:57.000000,1980.0,1985.0,1911.0,1939.0,nan,1952.047,1216412,23744934750.0,450401,1981.0,458,1980.0,607,1982.0,668,1979.0,602,1983.0,1257,1978.0,378,1984.0,376,1977.0,493,1985.0,979,1976.0,467
1597988277623364096,1597988277500000000,2020-08-21 13:37:57.500000,1980.0,1985.0,1911.0,1939.0,nan,1952.047,1216412,23744934750.0,450401,1981.0,446,1980.0,606,1982.0,664,1979.0,602,1983.0,1257,1978.0,378,1984.0,376,1977.0,493,1985.0,979,1976.0,467
1597988278131081984,1597988278000000000,2020-08-21 13:37:58.000000,1981.0,1985.0,1911.0,1939.0,nan,1952.047,1216415,23744994160.0,450403,1981.0,448,1980.0,605,1982.0,664,1979.0,602,1983.0,1260,1978.0,378,1984.0,376,1977.0,493,1985.0,979,1976.0,467
1597988278629353984,1597988278500000000,2020-08-21 13:37:58.500000,1980.0,1985.0,1911.0,1939.0,nan,1952.047,1216422,23745132760.0,450404,1981.0,449,1980.0,598,1982.0,664,1979.0,602,1983.0,1260,1978.0,378,1984.0,376,1977.0,493,1985.0,978,1976.0,467
1597988279134392064,1597988279000000000,2020-08-21 13:37:59.000000,1980.0,1985.0,1911.0,1939.0,nan,1952.047,1216427,23745231800.0,450405,1981.0,445,1980.0,598,1982.0,667,1979.0,602,1983.0,1260,1978.0,378,1984.0,376,1977.0,493,1985.0,978,1976.0,467
1597988279639045120,1597988279500000000,2020-08-21 13:37:59.500000,1981.0,1985.0,1911.0,1939.0,nan,1952.048,1216431,23745311030.0,450406,1981.0,453,1980.0,597,1982.0,667,1979.0,602,1983.0,1260,1978.0,378,1984.0,376,1977.0,493,1985.0,978,1976.0,468
1597988280128930048,1597988280000000000,2020-08-21 13:38:00.000000,1980.0,1985.0,1911.0,1939.0,nan,1952.048,1216447,23745627830.0,450417,1981.0,456,1980.0,581,1982.0,665,1979.0,602,1983.0,1260,1978.0,378,1984.0,376,1977.0,493,1985.0,978,1976.0,468
1597988280610665984,1597988280500000000,2020-08-21 13:38:00.500000,1981.0,1985.0,1911.0,1939.0,nan,1952.048,1216449,23745667450.0,450417,1981.0,464,1980.0,581,1982.0,666,1979.0,602,1983.0,1260,1978.0,378,1984.0,376,1977.0,493,1985.0,968,1976.0,468
1597988281123879936,1597988281000000000,2020-08-21 13:38:01.000000,1981.0,1985.0,1911.0,1939.0,nan,1952.048,1216449,23745667450.0,450417,1981.0,474,1980.0,581,1982.0,664,1979.0,602,1983.0,1260,1978.0,378,1984.0,376,1977.0,493,1985.0,968,1976.0,469
1597988281614214912,1597988281500000000,2020-08-21 13:38:01.500000,1980.0,1985.0,1911.0,1939.0,nan,1952.048,1216452,23745726850.0,450418,1981.0,476,1980.0,581,1982.0,700,1979.0,652,1983.0,1259,1978.0,378,1984.0,374,1977.0,493,1985.0,968,1976.0,469
1597988282127207936,1597988282000000000,2020-08-21 13:38:02.000000,1980.0,1985.0,1911.0,1939.0,nan,1952.048,1216452,23745726850.0,450418,1981.0,479,1980.0,581,1982.0,699,1979.0,652,1983.0,1259,1978.0,379,1984.0,374,1977.0,494,1985.0,968,1976.0,469
1597988282629593088,1597988282500000000,2020-08-21 13:38:02.500000,1980.0,1985.0,1911.0,1939.0,nan,1952.048,1216453,23745746650.0,450418,1981.0,463,1980.0,586,1982.0,699,1979.0,652,1983.0,1259,1978.0,379,1984.0,374,1977.0,494,1985.0,968,1976.0,469
1597988283113998080,1597988283000000000,2020-08-21 13:38:03.000000,1980.0,1985.0,1911.0,1939.0,nan,1952.048,1216464,23745964450.0,450416,1981.0,463,1980.0,576,1982.0,699,1979.0,654,1983.0,1259,1978.0,379,1984.0,374,1977.0,494,1985.0,968,1976.0,469
1597988283620440064,1597988283500000000,2020-08-21 13:38:03.500000,1980.0,1985.0,1911.0,1939.0,nan,1952.048,1216464,23745964450.0,450416,1981.0,465,1980.0,578,1982.0,698,1979.0,657,1983.0,1259,1978.0,377,1984.0,374,1977.0,494,1985.0,968,1976.0,468
1597988284141126912,1597988284000000000,2020-08-21 13:38:04.000000,1980.0,1985.0,1911.0,1939.0,nan,1952.048,1216464,23745964450.0,450416,1981.0,464,1980.0,579,1982.0,699,1979.0,657,1983.0,1269,1978.0,377,1984.0,374,1977.0,494,1985.0,968,1976.0,469
1597988284616241920,1597988284500000000,2020-08-21 13:38:04.500000,1980.0,1985.0,1911.0,1939.0,nan,1952.048,1216467,23746023850.0,450419,1981.0,464,1980.0,593,1982.0,699,1979.0,657,1983.0,1269,1978.0,377,1984.0,373,1977.0,494,1985.0,968,1976.0,469
1597988285118272000,1597988285000000000,2020-08-21 13:38:05.000000,1981.0,1985.0,1911.0,1939.0,nan,1952.048,1216468,23746043660.0,450418,1981.0,528,1980.0,596,1982.0,699,1979.0,655,1983.0,1266,1978.0,377,1984.0,373,1977.0,494,1985.0,968,1976.0,469
1597988285627076096,1597988285500000000,2020-08-21 13:38:05.500000,1981.0,1985.0,1911.0,1939.0,nan,1952.048,1216468,23746043660.0,450418,1981.0,538,1980.0,596,1982.0,698,1979.0,655,1983.0,1266,1978.0,377,1984.0,373,1977.0,494,1985.0,968,1976.0,469
1597988286135374080,1597988286000000000,2020-08-21 13:38:06.000000,1980.0,1985.0,1911.0,1939.0,nan,1952.048,1216469,23746063460.0,450419,1981.0,541,1980.0,595,1982.0,699,1979.0,655,1983.0,1266,1978.0,377,1984.0,373,1977.0,494,1985.0,968,1976.0,469
1597988287126524928,1597988287000000000,2020-08-21 13:38:07.000000,1980.0,1985.0,1911.0,1939.0,nan,1952.048,1216471,23746103060.0,450419,1981.0,541,1980.0,593,1982.0,698,1979.0,655,1983.0,1266,1978.0,377,1984.0,373,1977.0,494,1985.0,968,1976.0,469
1597988287619197952,1597988287500000000,2020-08-21 13:38:07.500000,1981.0,1985.0,1911.0,1939.0,nan,1952.049,1216476,23746202090.0,450417,1981.0,541,1980.0,597,1982.0,698,1979.0,656,1983.0,1266,1978.0,377,1984.0,373,1977.0,494,1985.0,968,1976.0,469
1597988288117818112,1597988288000000000,2020-08-21 13:38:08.000000,1980.0,1985.0,1911.0,1939.0,nan,1952.049,1216477,23746221890.0,450417,1981.0,541,1980.0,596,1982.0,698,1979.0,656,1983.0,1265,1978.0,377,1984.0,372,1977.0,494,1985.0,978,1976.0,469
1597988288610927104,1597988288500000000,2020-08-21 13:38:08.500000,1980.0,1985.0,1911.0,1939.0,nan,1952.049,1216495,23746578290.0,450425,1981.0,561,1980.0,578,1982.0,708,1979.0,657,1983.0,1265,1978.0,377,1984.0,372,1977.0,494,1985.0,978,1976.0,469
1597988289104985088,1597988289000000000,2020-08-21 13:38:09.000000,1980.0,1985.0,1911.0,1939.0,nan,1952.049,1216495,23746578290.0,450425,1981.0,570,1980.0,578,1982.0,710,1979.0,657,1983.0,1265,1978.0,377,1984.0,372,1977.0,494,1985.0,978,1976.0,469
1597988289632240896,1597988289500000000,2020-08-21 13:38:09.500000,1980.0,1985.0,1911.0,1939.0,nan,1952.049,1216499,23746657490.0,450425,1981.0,570,1980.0,575,1982.0,712,1979.0,657,1983.0,1265,1978.0,377,1984.0,372,1977.0,494,1985.0,978,1976.0,469
1597988290116468992,1597988290000000000,2020-08-21 13:38:10.000000,1980.0,1985.0,1911.0,1939.0,nan,1952.049,1216502,23746716900.0,450426,1981.0,570,1980.0,575,1982.0,712,1979.0,657,1983.0,1266,1978.0,377,1984.0,372,1977.0,494,1985.0,978,1976.0,469
1597988290602992128,1597988290500000000,2020-08-21 13:38:10.500000,1981.0,1985.0,1911.0,1939.0,nan,1952.049,1216505,23746776310.0,450428,1981.0,569,1980.0,574,1982.0,713,1979.0,657,1983.0,1267,1978.0,377,1984.0,372,1977.0,494,1985.0,978,1976.0,469
1597988291112103936,1597988291000000000,2020-08-21 13:38:11.000000,1980.0,1985.0,1911.0,1939.0,nan,1952.05,1216523,23747132720.0,450434,1981.0,569,1980.0,555,1982.0,712,1979.0,657,1983.0,1267,1978.0,377,1984.0,371,1977.0,494,1985.0,978,1976.0,469
1597988291621345024,1597988291500000000,2020-08-21 13:38:11.500000,1980.0,1985.0,1911.0,1939.0,nan,1952.05,1216533,23747330720.0,450433,1981.0,569,1980.0,546,1982.0,712,1979.0,658,1983.0,1267,1978.0,377,1984.0,371,1977.0,494,1985.0,978,1976.0,469
1597988292127821056,1597988292000000000,2020-08-21 13:38:12.000000,1980.0,1985.0,1911.0,1939.0,nan,1952.05,1216535,23747370320.0,450435,1981.0,569,1980.0,603,1982.0,712,1979.0,658,1983.0,1267,1978.0,377,1984.0,371,1977.0,494,1985.0,978,1976.0,469
1597988292612037888,1597988292500000000,2020-08-21 13:38:12.500000,1980.0,1985.0,1911.0,1939.0,nan,1952.05,1216536,23747390120.0,450435,1981.0,570,1980.0,616,1982.0,712,1979.0,660,1983.0,1267,1978.0,377,1984.0,371,1977.0,494,1985.0,978,1976.0,469
1597988293111728128,1597988293000000000,2020-08-21 13:38:13.000000,1981.0,1985.0,1911.0,1939.0,nan,1952.051,1216566,23747984420.0,450435,1981.0,525,1980.0,617,1982.0,713,1979.0,660,1983.0,1267,1978.0,379,1984.0,371,1977.0,494,1985.0,978,1976.0,469
1597988293610309888,1597988293500000000,2020-08-21 13:38:13.500000,1981.0,1985.0,1911.0,1939.0,nan,1952.051,1216566,23747984420.0,450435,1981.0,521,1980.0,616,1982.0,713,1979.0,660,1983.0,1267,1978.0,381,1984.0,371,1977.0,494,1985.0,978,1976.0,469
1597988294124632064,1597988294000000000,2020-08-21 13:38:14.000000,1980.0,1985.0,1911.0,1939.0,nan,1952.051,1216568,23748024020.0,450437,1981.0,521,1980.0,614,1982.0,711,1979.0,660,1983.0,1267,1978.0,381,1984.0,371,1977.0,495,1985.0,978,1976.0,469
1597988294617854976,1597988294500000000,2020-08-21 13:38:14.500000,1980.0,1985.0,1911.0,1939.0,nan,1952.051,1216568,23748024020.0,450437,1981.0,522,1980.0,638,1982.0,711,1979.0,660,1983.0,1267,1978.0,381,1984.0,370,1977.0,495,1985.0,978,1976.0,469
1597988295134472960,1597988295000000000,2020-08-21 13:38:15.000000,1981.0,1985.0,1911.0,1939.0,nan,1952.051,1216571,23748083450.0,450437,1981.0,528,1980.0,640,1982.0,711,1979.0,660,1983.0,1267,1978.0,381,1984.0,370,1977.0,495,1985.0,978,1976.0,464
1597988295620796928,1597988295500000000,2020-08-21 13:38:15.500000,1980.0,1985.0,1911.0,1939.0,nan,1952.051,1216572,23748103250.0,450437,1981.0,529,1980.0,639,1982.0,711,1979.0,660,1983.0,1267,1978.0,381,1984.0,370,1977.0,495,1985.0,978,1976.0,464
1597988296124701952,1597988296000000000,2020-08-21 13:38:16.000000,1980.0,1985.0,1911.0,1939.0,nan,1952.051,1216574,23748142850.0,450437,1981.0,529,1980.0,641,1982.0,710,1979.0,660,1983.0,1267,1978.0,381,1984.0,370,1977.0,495,1985.0,978,1976.0,464
1597988296631451904,1597988296500000000,2020-08-21 13:38:16.500000,1980.0,1985.0,1911.0,1939.0,nan,1952.051,1216576,23748182450.0,450439,1981.0,538,1980.0,644,1982.0,710,1979.0,662,1983.0,1267,1978.0,381,1984.0,370,1977.0,495,1985.0,978,1976.0,464
1597988297134213120,1597988297000000000,2020-08-21 13:38:17.000000,1980.0,1985.0,1911.0,1939.0,nan,1952.051,1216577,23748202250.0,450440,1981.0,538,1980.0,644,1982.0,710,1979.0,662,1983.0,1267,1978.0,381,1984.0,370,1977.0,495,1985.0,978,1976.0,464
1597988297627569920,1597988297500000000,2020-08-21 13:38:17.500000,1980.0,1985.0,1911.0,1939.0,nan,1952.051,1216583,23748321050.0,450440,1981.0,540,1980.0,639,1982.0,711,1979.0,662,1983.0,1257,1978.0,381,1984.0,370,1977.0,493,1985.0,978,1976.0,463
1597988298115758080,1597988298000000000,2020-08-21 13:38:18.000000,1981.0,1985.0,1911.0,1939.0,nan,1952.051,1216586,23748380470.0,450439,1981.0,539,1980.0,638,1982.0,711,1979.0,662,1983.0,1257,1978.0,381,1984.0,370,1977.0,503,1985.0,978,1976.0,463
1597988298612576000,1597988298500000000,2020-08-21 13:38:18.500000,1980.0,1985.0,1911.0,1939.0,nan,1952.051,1216588,23748420070.0,450440,1981.0,540,1980.0,637,1982.0,701,1979.0,662,1983.0,1256,1978.0,381,1984.0,370,1977.0,503,1985.0,978,1976.0,463
1597988299115843072,1597988299000000000,2020-08-21 13:38:19.000000,1981.0,1985.0,1911.0,1939.0,nan,1952.051,1216589,23748439880.0,450440,1981.0,544,1980.0,637,1982.0,701,1979.0,662,1983.0,1256,1978.0,381,1984.0,370,1977.0,503,1985.0,978,1976.0,463
1597988299628015104,1597988299500000000,2020-08-21 13:38:19.500000,1981.0,1985.0,1911.0,1939.0,nan,1952.051,1216596,23748578540.0,450443,1981.0,540,1980.0,633,1982.0,701,1979.0,662,1983.0,1256,1978.0,381,1984.0,370,1977.0,503,1985.0,978,1976.0,463
1597988300136235008,1597988300000000000,2020-08-21 13:38:20.000000,1980.0,1985.0,1911.0,1939.0,nan,1952.051,1216599,23748637950.0,450443,1981.0,539,1980.0,631,1982.0,701,1979.0,662,1983.0,1256,1978.0,381,1984.0,370,1977.0,504,1985.0,977,1976.0,463
1597988300618650880,1597988300500000000,2020-08-21 13:38:20.500000,1980.0,1985.0,1911.0,1939.0,nan,1952.052,1216611,23748875560.0,450454,1981.0,533,1980.0,621,1982.0,681,1979.0,662,1983.0,1255,1978.0,381,1984.0,370,1977.0,504,1985.0,977,1976.0,463
1597988301499820032,1597988301000000000,2020-08-21 13:38:21.000000,1980.0,1985.0,1911.0,1939.0,nan,1952.052,1216611,23748875560.0,450454,1981.0,535,1980.0,621,1982.0,681,1979.0,662,1983.0,1255,1978.0,382,1984.0,370,1977.0,504,1985.0,977,1976.0,463
1597988301840912896,1597988301500000000,2020-08-21 13:38:21.500000,1980.0,1985.0,1911.0,1939.0,nan,1952.052,1216611,23748875560.0,450454,1981.0,546,1980.0,621,1982.0,681,1979.0,662,1983.0,1255,1978.0,382,1984.0,370,1977.0,505,1985.0,972,1976.0,463
1597988302134574080,1597988302000000000,2020-08-21 13:38:22.000000,1981.0,1985.0,1911.0,1939.0,nan,1952.052,1216616,23748974610.0,450454,1981.0,541,1980.0,622,1982.0,681,1979.0,662,1983.0,1255,1978.0,382,1984.0,370,1977.0,505,1985.0,972,1976.0,463
1597988302609466112,1597988302500000000,2020-08-21 13:38:22.500000,1980.0,1985.0,1911.0,1939.0,nan,1952.052,1216619,23749034010.0,450456,1981.0,542,1980.0,618,1982.0,681,1979.0,662,1983.0,1254,1978.0,382,1984.0,370,1977.0,505,1985.0,972,1976.0,463
1597988303108621056,1597988303000000000,2020-08-21 13:38:23.000000,1981.0,1985.0,1911.0,1939.0,nan,1952.052,1216623,23749113250.0,450460,1981.0,538,1980.0,618,1982.0,680,1979.0,662,1983.0,1254,1978.0,382,1984.0,370,1977.0,505,1985.0,972,1976.0,463
1597988303796453888,1597988303500000000,2020-08-21 13:38:23.500000,1980.0,1985.0,1911.0,1939.0,nan,1952.052,1216624,23749133050.0,450461,1981.0,543,1980.0,619,1982.0,681,1979.0,662,1983.0,1254,1978.0,382,1984.0,370,1977.0,505,1985.0,972,1976.0,463
1597988304120764928,1597988304000000000,2020-08-21 13:38:24.000000,1980.0,1985.0,1911.0,1939.0,nan,1952.052,1216645,23749548850.0,450478,1981.0,542,1980.0,598,1982.0,682,1979.0,662,1983.0,1254,1978.0,382,1984.0,370,1977.0,505,1985.0,972,1976.0,463
1597988304623705088,1597988304500000000,2020-08-21 13:38:24.500000,1980.0,1985.0,1911.0,1939.0,nan,1952.052,1216646,23749568650.0,450478,1981.0,542,1980.0,597,1982.0,683,1979.0,662,1983.0,1254,1978.0,382,1984.0,370,1977.0,506,1985.0,972,1976.0,463
1597988305107313920,1597988305000000000,2020-08-21 13:38:25.000000,1980.0,1985.0,1911.0,1939.0,nan,1952.053,1216651,23749667650.0,450480,1981.0,542,1980.0,593,1982.0,684,1979.0,663,1983.0,1255,1978.0,382,1984.0,370,1977.0,506,1985.0,972,1976.0,464
1597988305625221888,1597988305500000000,2020-08-21 13:38:25.500000,1981.0,1985.0,1911.0,1939.0,nan,1952.053,1216655,23749746880.0,450481,1981.0,539,1980.0,594,1982.0,684,1979.0,663,1983.0,1255,1978.0,382,1984.0,370,1977.0,506,1985.0,972,1976.0,464
1597988306118603008,1597988306000000000,2020-08-21 13:38:26.000000,1981.0,1985.0,1911.0,1939.0,nan,1952.053,1216678,23750202510.0,450490,1981.0,516,1980.0,594,1982.0,684,1979.0,663,1983.0,1255,1978.0,382,1984.0,370,1977.0,506,1985.0,972,1976.0,464
1597988306621434880,1597988306500000000,2020-08-21 13:38:26.500000,1980.0,1985.0,1911.0,1939.0,nan,1952.053,1216681,23750261910.0,450490,1981.0,517,1980.0,601,1982.0,683,1979.0,663,1983.0,1256,1978.0,382,1984.0,370,1977.0,506,1985.0,972,1976.0,464
1597988307107860992,1597988307000000000,2020-08-21 13:38:27.000000,1981.0,1985.0,1911.0,1939.0,nan,1952.054,1216689,23750420390.0,450490,1981.0,509,1980.0,602,1982.0,682,1979.0,663,1983.0,1256,1978.0,382,1984.0,370,1977.0,506,1985.0,973,1976.0,464
1597988307615604992,1597988307500000000,2020-08-21 13:38:27.500000,1980.0,1985.0,1911.0,1939.0,nan,1952.055,1216750,23751628700.0,450490,1981.0,460,1980.0,593,1982.0,682,1979.0,663,1983.0,1256,1978.0,382,1984.0,370,1977.0,506,1985.0,973,1976.0,464
1597988308121644032,1597988308000000000,2020-08-21 13:38:28.000000,1980.0,1985.0,1911.0,1939.0,nan,1952.055,1216759,23751806900.0,450491,1981.0,446,1980.0,586,1982.0,683,1979.0,661,1983.0,1256,1978.0,384,1984.0,370,1977.0,506,1985.0,973,1976.0,464
1597988308612802048,1597988308500000000,2020-08-21 13:38:28.500000,1980.0,1985.0,1911.0,1939.0,nan,1952.055,1216764,23751905910.0,450492,1981.0,447,1980.0,582,1982.0,683,1979.0,662,1983.0,1256,1978.0,385,1984.0,370,1977.0,505,1985.0,972,1976.0,464
1597988309108315904,1597988309000000000,2020-08-21 13:38:29.000000,1980.0,1985.0,1911.0,1939.0,nan,1952.055,1216764,23751905910.0,450492,1981.0,446,1980.0,586,1982.0,683,1979.0,665,1983.0,1256,1978.0,385,1984.0,369,1977.0,505,1985.0,972,1976.0,464
1597988309802470912,1597988309500000000,2020-08-21 13:38:29.500000,1981.0,1985.0,1911.0,1939.0,nan,1952.055,1216765,23751925720.0,450492,1981.0,452,1980.0,587,1982.0,684,1979.0,665,1983.0,1255,1978.0,385,1984.0,369,1977.0,505,1985.0,972,1976.0,464
1597988310213037056,1597988310000000000,2020-08-21 13:38:30.000000,1981.0,1985.0,1911.0,1939.0,nan,1952.055,1216769,23752004960.0,450492,1981.0,398,1980.0,587,1982.0,689,1979.0,665,1983.0,1255,1978.0,385,1984.0,369,1977.0,505,1985.0,972,1976.0,464
1597988310599610112,1597988310500000000,2020-08-21 13:38:30.500000,1980.0,1985.0,1911.0,1939.0,nan,1952.055,1216772,23752064360.0,450494,1981.0,398,1980.0,584,1982.0,689,1979.0,665,1983.0,1256,1978.0,385,1984.0,369,1977.0,505,1985.0,972,1976.0,464
1597988311119354112,1597988311000000000,2020-08-21 13:38:31.000000,1981.0,1985.0,1911.0,1939.0,nan,1952.055,1216773,23752084170.0,450494,1981.0,415,1980.0,589,1982.0,689,1979.0,665,1983.0,1256,1978.0,385,1984.0,369,1977.0,505,1985.0,972,1976.0,464
1597988311612932096,1597988311500000000,2020-08-21 13:38:31.500000,1980.0,1985.0,1911.0,1939.0,nan,1952.056,1216774,23752103970.0,450494,1981.0,415,1980.0,589,1982.0,689,1979.0,665,1983.0,1256,1978.0,385,1984.0,369,1977.0,505,1985.0,972,1976.0,464
1597988312115928064,1597988312000000000,2020-08-21 13:38:32.000000,1980.0,1985.0,1911.0,1939.0,nan,1952.056,1216804,23752697970.0,450524,1981.0,418,1980.0,560,1982.0,689,1979.0,673,1983.0,1257,1978.0,385,1984.0,369,1977.0,505,1985.0,963,1976.0,464
1597988312628944896,1597988312500000000,2020-08-21 13:38:32.500000,1980.0,1985.0,1911.0,1939.0,nan,1952.069,1217382,23764142370.0,450375,1980.0,32,1979.0,698,1981.0,425,1978.0,385,1982.0,689,1977.0,505,1983.0,1254,1976.0,464,1984.0,369,1975.0,507
1597988313113328128,1597988313000000000,2020-08-21 13:38:33.000000,1980.0,1985.0,1911.0,1939.0,nan,1952.071,1217432,23765132370.0,450347,1981.0,467,1980.0,233,1982.0,689,1979.0,700,1983.0,1253,1978.0,385,1984.0,349,1977.0,505,1985.0,988,1976.0,474
1597988313614266880,1597988313500000000,2020-08-21 13:38:33.500000,1980.0,1985.0,1911.0,1939.0,nan,1952.071,1217464,23765765980.0,450345,1981.0,453,1980.0,260,1982.0,689,1979.0,700,1983.0,1252,1978.0,385,1984.0,349,1977.0,505,1985.0,988,1976.0,472
1597988314125786880,1597988314000000000,2020-08-21 13:38:34.000000,1980.0,1985.0,1911.0,1939.0,nan,1952.071,1217470,23765884830.0,450345,1981.0,448,1980.0,292,1982.0,689,1979.0,700,1983.0,1253,1978.0,385,1984.0,349,1977.0,505,1985.0,988,1976.0,473
1597988314612465920,1597988314500000000,2020-08-21 13:38:34.500000,1980.0,1985.0,1911.0,1939.0,nan,1952.078,1217774,23771904030.0,450405,1980.0,150,1979.0,700,1981.0,453,1978.0,385,1982.0,694,1977.0,505,1983.0,1253,1976.0,473,1984.0,349,1975.0,493
1597988315109687040,1597988315000000000,2020-08-21 13:38:35.000000,1980.0,1985.0,1911.0,1939.0,nan,1952.083,1217958,23775547230.0,450300,1981.0,463,1980.0,177,1982.0,694,1979.0,701,1983.0,1253,1978.0,385,1984.0,349,1977.0,515,1985.0,988,1976.0,473
1597988315677630976,1597988315500000000,2020-08-21 13:38:35.500000,1980.0,1985.0,1911.0,1939.0,nan,1952.083,1217966,23775705630.0,450304,1981.0,488,1980.0,207,1982.0,694,1979.0,700,1983.0,1253,1978.0,385,1984.0,349,1977.0,513,1985.0,998,1976.0,473
1597988316126010880,1597988316000000000,2020-08-21 13:38:36.000000,1980.0,1985.0,1911.0,1939.0,nan,1952.083,1217974,23775864030.0,450307,1981.0,495,1980.0,199,1982.0,694,1979.0,700,1983.0,1253,1978.0,385,1984.0,349,1977.0,513,1985.0,999,1976.0,473
1597988316628449024,1597988316500000000,2020-08-21 13:38:36.500000,1980.0,1985.0,1911.0,1939.0,nan,1952.084,1218018,23776735230.0,450309,1981.0,509,1980.0,154,1982.0,694,1979.0,699,1983.0,1253,1978.0,385,1984.0,349,1977.0,513,1985.0,999,1976.0,473
1597988317124246016,1597988317000000000,2020-08-21 13:38:37.000000,1980.0,1985.0,1911.0,1939.0,nan,1952.088,1218181,23779962640.0,450381,1980.0,105,1979.0,699,1981.0,520,1978.0,385,1982.0,695,1977.0,513,1983.0,1253,1976.0,474,1984.0,349,1975.0,493
1597988317612254976,1597988317500000000,2020-08-21 13:38:37.500000,1980.0,1985.0,1911.0,1939.0,nan,1952.088,1218181,23779962640.0,450381,1980.0,160,1979.0,699,1981.0,519,1978.0,385,1982.0,694,1977.0,513,1983.0,1253,1976.0,474,1984.0,349,1975.0,493
1597988318160225024,1597988318000000000,2020-08-21 13:38:38.000000,1980.0,1985.0,1911.0,1939.0,nan,1952.088,1218183,23780002240.0,450380,1980.0,164,1979.0,700,1981.0,546,1978.0,385,1982.0,694,1977.0,513,1983.0,1254,1976.0,474,1984.0,349,1975.0,493
1597988318602830080,1597988318500000000,2020-08-21 13:38:38.500000,1979.0,1985.0,1911.0,1939.0,nan,1952.088,1218185,23780041820.0,450380,1980.0,215,1979.0,698,1981.0,546,1978.0,385,1982.0,694,1977.0,513,1983.0,1254,1976.0,474,1984.0,349,1975.0,493
1597988319109432064,1597988319000000000,2020-08-21 13:38:39.000000,1979.0,1985.0,1911.0,1939.0,nan,1952.088,1218185,23780041820.0,450380,1980.0,262,1979.0,700,1981.0,571,1978.0,385,1982.0,695,1977.0,513,1983.0,1254,1976.0,474,1984.0,349,1975.0,493
1597988319624701952,1597988319500000000,2020-08-21 13:38:39.500000,1980.0,1985.0,1911.0,1939.0,nan,1952.088,1218186,23780061620.0,450379,1980.0,269,1979.0,691,1981.0,571,1978.0,385,1982.0,694,1977.0,512,1983.0,1254,1976.0,474,1984.0,349,1975.0,493
1597988320123320064,1597988320000000000,2020-08-21 13:38:40.000000,1979.0,1985.0,1911.0,1939.0,nan,1952.089,1218237,23781071410.0,450329,1980.0,214,1979.0,691,1981.0,518,1978.0,385,1982.0,694,1977.0,512,1983.0,1254,1976.0,474,1984.0,349,1975.0,493
1597988320613552896,1597988320500000000,2020-08-21 13:38:40.500000,1980.0,1985.0,1911.0,1939.0,nan,1952.089,1218243,23781190170.0,450326,1980.0,201,1979.0,687,1981.0,518,1978.0,385,1982.0,694,1977.0,513,1983.0,1254,1976.0,474,1984.0,349,1975.0,493
1597988321120535040,1597988321000000000,2020-08-21 13:38:41.000000,1979.0,1985.0,1911.0,1939.0,nan,1952.09,1218283,23781982130.0,450292,1980.0,176,1979.0,683,1981.0,515,1978.0,386,1982.0,694,1977.0,513,1983.0,1254,1976.0,474,1984.0,349,1975.0,493
1597988321621402880,1597988321500000000,2020-08-21 13:38:41.500000,1980.0,1985.0,1911.0,1939.0,nan,1952.09,1218294,23782199830.0,450281,1980.0,180,1979.0,673,1981.0,515,1978.0,386,1982.0,690,1977.0,513,1983.0,1254,1976.0,474,1984.0,349,1975.0,493
1597988322115159040,1597988322000000000,2020-08-21 13:38:42.000000,1979.0,1985.0,1911.0,1939.0,nan,1952.09,1218296,23782239420.0,450279,1980.0,245,1979.0,672,1981.0,515,1978.0,385,1982.0,673,1977.0,513,1983.0,1254,1976.0,474,1984.0,349,1975.0,493
1597988322631550976,1597988322500000000,2020-08-21 13:38:42.500000,1979.0,1985.0,1911.0,1939.0,nan,1952.09,1218296,23782239420.0,450279,1980.0,258,1979.0,673,1981.0,517,1978.0,385,1982.0,675,1977.0,513,1983.0,1253,1976.0,474,1984.0,347,1975.0,493
1597988323127052032,1597988323000000000,2020-08-21 13:38:43.000000,1980.0,1985.0,1911.0,1939.0,nan,1952.09,1218298,23782279020.0,450278,1980.0,330,1979.0,674,1981.0,517,1978.0,385,1982.0,675,1977.0,513,1983.0,1253,1976.0,474,1984.0,347,1975.0,493
1597988323612515072,1597988323500000000,2020-08-21 13:38:43.500000,1979.0,1985.0,1911.0,1939.0,nan,1952.09,1218299,23782298810.0,450278,1980.0,529,1979.0,676,1981.0,516,1978.0,387,1982.0,685,1977.0,513,1983.0,1253,1976.0,474,1984.0,347,1975.0,493
1597988324103985920,1597988324000000000,2020-08-21 13:38:44.000000,1980.0,1985.0,1911.0,1939.0,nan,1952.091,1218301,23782338410.0,450278,1980.0,552,1979.0,677,1981.0,511,1978.0,387,1982.0,685,1977.0,513,1983.0,1252,1976.0,474,1984.0,347,1975.0,493
1597988324619908096,1597988324500000000,2020-08-21 13:38:44.500000,1979.0,1985.0,1911.0,1939.0,nan,1952.096,1218551,23787285910.0,450161,1980.0,583,1979.0,426,1981.0,511,1978.0,387,1982.0,685,1977.0,513,1983.0,1252,1976.0,474,1984.0,348,1975.0,493
1597988325130160896,1597988325000000000,2020-08-21 13:38:45.000000,1979.0,1985.0,1911.0,1939.0,nan,1952.105,1218939,23794964430.0,450221,1979.0,411,1978.0,387,1980.0,585,1977.0,513,1981.0,515,1976.0,474,1982.0,685,1975.0,493,1983.0,1252,1974.0,304
1597988325630714112,1597988325500000000,2020-08-21 13:38:45.500000,1978.0,1985.0,1911.0,1939.0,nan,1952.105,1218949,23795162310.0,450221,1979.0,464,1978.0,453,1980.0,602,1977.0,513,1981.0,515,1976.0,474,1982.0,685,1975.0,522,1983.0,1259,1974.0,304
1597988326131286016,1597988326000000000,2020-08-21 13:38:46.000000,1978.0,1985.0,1911.0,1939.0,nan,1952.105,1218970,23795577830.0,450215,1979.0,461,1978.0,454,1980.0,613,1977.0,523,1981.0,515,1976.0,474,1982.0,685,1975.0,522,1983.0,1259,1974.0,305
1597988326648368896,1597988326500000000,2020-08-21 13:38:46.500000,1978.0,1985.0,1911.0,1939.0,nan,1952.106,1218993,23796032890.0,450216,1979.0,459,1978.0,443,1980.0,613,1977.0,523,1981.0,514,1976.0,474,1982.0,685,1975.0,523,1983.0,1258,1974.0,305
1597988327118810112,1597988327000000000,2020-08-21 13:38:47.000000,1978.0,1985.0,1911.0,1939.0,nan,1952.106,1218995,23796072450.0,450216,1979.0,461,1978.0,449,1980.0,613,1977.0,523,1981.0,513,1976.0,474,1982.0,685,1975.0,523,1983.0,1258,1974.0,305
1597988327625944064,1597988327500000000,2020-08-21 13:38:47.500000,1979.0,1985.0,1911.0,1939.0,nan,1952.107,1219042,23797002160.0,450221,1979.0,456,1978.0,396,1980.0,615,1977.0,523,1981.0,529,1976.0,474,1982.0,686,1975.0,523,1983.0,1258,1974.0,305
1597988328128028928,1597988328000000000,2020-08-21 13:38:48.000000,1979.0,1985.0,1911.0,1939.0,nan,1952.107,1219059,23797338430.0,450224,1979.0,509,1978.0,365,1980.0,618,1977.0,523,1981.0,530,1976.0,475,1982.0,686,1975.0,523,1983.0,1258,1974.0,305
1597988328630170112,1597988328500000000,2020-08-21 13:38:48.500000,1979.0,1985.0,1911.0,1939.0,nan,1952.11,1219200,23800128420.0,450170,1979.0,410,1978.0,339,1980.0,629,1977.0,524,1981.0,530,1976.0,475,1982.0,686,1975.0,523,1983.0,1258,1974.0,305
1597988329159820032,1597988329000000000,2020-08-21 13:38:49.000000,1978.0,1985.0,1911.0,1939.0,nan,1952.11,1219205,23800227330.0,450171,1979.0,410,1978.0,352,1980.0,649,1977.0,522,1981.0,530,1976.0,475,1982.0,686,1975.0,523,1983.0,1258,1974.0,305
1597988329622752000,1597988329500000000,2020-08-21 13:38:49.500000,1978.0,1985.0,1911.0,1939.0,nan,1952.119,1219614,23808317400.0,450263,1978.0,180,1977.0,532,1979.0,433,1976.0,473,1980.0,649,1975.0,523,1981.0,531,1974.0,305,1982.0,686,1973.0,361
1597988330143691008,1597988330000000000,2020-08-21 13:38:50.000000,1978.0,1985.0,1911.0,1939.0,nan,1952.123,1219820,23812392080.0,450171,1979.0,450,1978.0,206,1980.0,649,1977.0,536,1981.0,509,1976.0,473,1982.0,686,1975.0,522,1983.0,1267,1974.0,318
1597988330643763968,1597988330500000000,2020-08-21 13:38:50.500000,1978.0,1985.0,1911.0,1939.0,nan,1952.124,1219830,23812589880.0,450166,1979.0,462,1978.0,308,1980.0,647,1977.0,534,1981.0,509,1976.0,483,1982.0,686,1975.0,522,1983.0,1267,1974.0,318
1597988331127280896,1597988331000000000,2020-08-21 13:38:51.000000,1978.0,1985.0,1911.0,1939.0,nan,1952.124,1219831,23812609660.0,450165,1979.0,460,1978.0,338,1980.0,647,1977.0,533,1981.0,497,1976.0,483,1982.0,684,1975.0,512,1983.0,1267,1974.0,318
1597988331613692928,1597988331500000000,2020-08-21 13:38:51.500000,1978.0,1985.0,1911.0,1939.0,nan,1952.124,1219832,23812629440.0,450164,1979.0,449,1978.0,339,1980.0,595,1977.0,534,1981.0,498,1976.0,483,1982.0,683,1975.0,512,1983.0,1257,1974.0,318
1597988332167520000,1597988332000000000,2020-08-21 13:38:52.000000,1979.0,1985.0,1911.0,1939.0,nan,1952.124,1219851,23813005270.0,450147,1979.0,448,1978.0,321,1980.0,595,1977.0,531,1981.0,497,1976.0,483,1982.0,690,1975.0,512,1983.0,1258,1974.0,318
1597988332683333120,1597988332500000000,2020-08-21 13:38:52.500000,1978.0,1985.0,1911.0,1939.0,nan,1952.124,1219853,23813044830.0,450145,1979.0,450,1978.0,320,1980.0,596,1977.0,532,1981.0,496,1976.0,484,1982.0,690,1975.0,514,1983.0,1242,1974.0,318
1597988333137818880,1597988333000000000,2020-08-21 13:38:53.000000,1978.0,1985.0,1911.0,1939.0,nan,1952.125,1219909,23814152510.0,450129,1979.0,451,1978.0,255,1980.0,586,1977.0,531,1981.0,496,1976.0,484,1982.0,690,1975.0,514,1983.0,1242,1974.0,318
1597988333665981952,1597988333500000000,2020-08-21 13:38:53.500000,1978.0,1985.0,1911.0,1939.0,nan,1952.126,1219919,23814350320.0,450124,1979.0,451,1978.0,252,1980.0,587,1977.0,530,1981.0,496,1976.0,484,1982.0,690,1975.0,513,1983.0,1242,1974.0,318
1597988334142725120,1597988334000000000,2020-08-21 13:38:54.000000,1978.0,1985.0,1911.0,1939.0,nan,1952.126,1219940,23814765700.0,450103,1979.0,453,1978.0,238,1980.0,587,1977.0,531,1981.0,489,1976.0,484,1982.0,690,1975.0,513,1983.0,1242,1974.0,318
1597988334637633024,1597988334500000000,2020-08-21 13:38:54.500000,1978.0,1985.0,1911.0,1939.0,nan,1952.126,1219941,23814785480.0,450103,1979.0,453,1978.0,384,1980.0,586,1977.0,532,1981.0,489,1976.0,484,1982.0,670,1975.0,513,1983.0,1242,1974.0,318
1597988335119087104,1597988335000000000,2020-08-21 13:38:55.000000,1978.0,1985.0,1911.0,1939.0,nan,1952.126,1219962,23815200860.0,450082,1979.0,456,1978.0,391,1980.0,589,1977.0,545,1981.0,483,1976.0,483,1982.0,670,1975.0,513,1983.0,1242,1974.0,318
1597988335639767040,1597988335500000000,2020-08-21 13:38:55.500000,1978.0,1985.0,1911.0,1939.0,nan,1952.127,1219968,23815319550.0,450081,1979.0,460,1978.0,388,1980.0,588,1977.0,546,1981.0,471,1976.0,483,1982.0,660,1975.0,523,1983.0,1242,1974.0,318
1597988336140315904,1597988336000000000,2020-08-21 13:38:56.000000,1978.0,1985.0,1911.0,1939.0,nan,1952.129,1220081,23817555300.0,450035,1979.0,325,1978.0,366,1980.0,588,1977.0,546,1981.0,464,1976.0,483,1982.0,660,1975.0,525,1983.0,1231,1974.0,318
1597988336610484992,1597988336500000000,2020-08-21 13:38:56.500000,1978.0,1985.0,1911.0,1939.0,nan,1952.129,1220084,23817614660.0,450034,1979.0,363,1978.0,443,1980.0,588,1977.0,547,1981.0,462,1976.0,482,1982.0,661,1975.0,527,1983.0,1231,1974.0,318
1597988337133398016,1597988337000000000,2020-08-21 13:38:57.000000,1978.0,1985.0,1911.0,1939.0,nan,1952.129,1220084,23817614660.0,450034,1979.0,364,1978.0,459,1980.0,588,1977.0,547,1981.0,461,1976.0,482,1982.0,663,1975.0,526,1983.0,1231,1974.0,318
1597988337637218048,1597988337500000000,2020-08-21 13:38:57.500000,1979.0,1985.0,1911.0,1939.0,nan,1952.129,1220096,23817852040.0,450027,1979.0,363,1978.0,457,1980.0,587,1977.0,547,1981.0,461,1976.0,482,1982.0,658,1975.0,527,1983.0,1231,1974.0,318
1597988338134134016,1597988338000000000,2020-08-21 13:38:58.000000,1978.0,1985.0,1911.0,1939.0,nan,1952.129,1220097,23817871820.0,450027,1979.0,361,1978.0,461,1980.0,577,1977.0,551,1981.0,461,1976.0,482,1982.0,658,1975.0,527,1983.0,1231,1974.0,318
1597988338626797056,1597988338500000000,2020-08-21 13:38:58.500000,1978.0,1985.0,1911.0,1939.0,nan,1952.129,1220097,23817871820.0,450027,1979.0,361,1978.0,470,1980.0,577,1977.0,551,1981.0,461,1976.0,482,1982.0,657,1975.0,527,1983.0,1231,1974.0,318
1597988339206775040,1597988339000000000,2020-08-21 13:38:59.000000,1979.0,1985.0,1911.0,1939.0,nan,1952.13,1220108,23818089460.0,450031,1979.0,356,1978.0,466,1980.0,576,1977.0,552,1981.0,461,1976.0,482,1982.0,657,1975.0,527,1983.0,1231,1974.0,318
1597988339632836096,1597988339500000000,2020-08-21 13:38:59.500000,1979.0,1985.0,1911.0,1939.0,nan,1952.13,1220108,23818089460.0,450031,1979.0,357,1978.0,485,1980.0,579,1977.0,552,1981.0,461,1976.0,479,1982.0,657,1975.0,540,1983.0,1231,1974.0,318
1597988340109575936,1597988340000000000,2020-08-21 13:39:00.000000,1978.0,1985.0,1911.0,1939.0,nan,1952.13,1220118,23818287260.0,450031,1979.0,358,1978.0,477,1980.0,579,1977.0,552,1981.0,461,1976.0,478,1982.0,657,1975.0,549,1983.0,1231,1974.0,318
1597988340628226048,1597988340500000000,2020-08-21 13:39:00.500000,1978.0,1985.0,1911.0,1939.0,nan,1952.13,1220119,23818307040.0,450031,1979.0,377,1978.0,482,1980.0,591,1977.0,551,1981.0,461,1976.0,478,1982.0,658,1975.0,530,1983.0,1231,1974.0,318
1597988341136399104,1597988341000000000,2020-08-21 13:39:01.000000,1978.0,1985.0,1911.0,1939.0,nan,1952.13,1220124,23818405940.0,450031,1979.0,377,1978.0,526,1980.0,591,1977.0,551,1981.0,461,1976.0,478,1982.0,658,1975.0,530,1983.0,1232,1974.0,318
1597988341649723904,1597988341500000000,2020-08-21 13:39:01.500000,1979.0,1985.0,1911.0,1939.0,nan,1952.13,1220125,23818425730.0,450031,1979.0,381,1978.0,527,1980.0,592,1977.0,551,1981.0,460,1976.0,478,1982.0,658,1975.0,530,1983.0,1232,1974.0,318
1597988342159049984,1597988342000000000,2020-08-21 13:39:02.000000,1979.0,1985.0,1911.0,1939.0,nan,1952.13,1220128,23818485090.0,450031,1979.0,319,1978.0,528,1980.0,592,1977.0,552,1981.0,459,1976.0,479,1982.0,655,1975.0,530,1983.0,1232,1974.0,318
1597988342707102976,1597988342500000000,2020-08-21 13:39:02.500000,1979.0,1985.0,1911.0,1939.0,nan,1952.137,1220459,23825035580.0,450094,1980.0,591,1979.0,395,1981.0,448,1978.0,530,1982.0,655,1977.0,552,1983.0,1230,1976.0,481,1984.0,354,1975.0,530
1597988343134455040,1597988343000000000,2020-08-21 13:39:03.000000,1979.0,1985.0,1911.0,1939.0,nan,1952.138,1220471,23825273060.0,450092,1980.0,597,1979.0,444,1981.0,448,1978.0,548,1982.0,655,1977.0,552,1983.0,1230,1976.0,481,1984.0,354,1975.0,532
1597988343632553984,1597988343500000000,2020-08-21 13:39:03.500000,1979.0,1985.0,1911.0,1939.0,nan,1952.138,1220472,23825292850.0,450091,1980.0,619,1979.0,458,1981.0,438,1978.0,549,1982.0,655,1977.0,552,1983.0,1230,1976.0,481,1984.0,354,1975.0,532
1597988344132218880,1597988344000000000,2020-08-21 13:39:04.000000,1979.0,1985.0,1911.0,1939.0,nan,1952.138,1220477,23825391800.0,450088,1980.0,619,1979.0,471,1981.0,441,1978.0,549,1982.0,650,1977.0,552,1983.0,1230,1976.0,482,1984.0,354,1975.0,532
1597988344614959104,1597988344500000000,2020-08-21 13:39:04.500000,1979.0,1985.0,1911.0,1939.0,nan,1952.138,1220477,23825391800.0,450088,1980.0,617,1979.0,502,1981.0,441,1978.0,524,1982.0,645,1977.0,552,1983.0,1230,1976.0,482,1984.0,354,1975.0,532
1597988345131776000,1597988345000000000,2020-08-21 13:39:05.000000,1979.0,1985.0,1911.0,1939.0,nan,1952.138,1220477,23825391800.0,450088,1980.0,617,1979.0,502,1981.0,441,1978.0,559,1982.0,644,1977.0,553,1983.0,1231,1976.0,484,1984.0,354,1975.0,535
1597988345634740992,1597988345500000000,2020-08-21 13:39:05.500000,1979.0,1985.0,1911.0,1939.0,nan,1952.138,1220479,23825431380.0,450087,1980.0,619,1979.0,506,1981.0,441,1978.0,559,1982.0,644,1977.0,552,1983.0,1231,1976.0,484,1984.0,354,1975.0,535
1597988346145007104,1597988346000000000,2020-08-21 13:39:06.000000,1980.0,1985.0,1911.0,1939.0,nan,1952.138,1220480,23825451180.0,450087,1980.0,595,1979.0,507,1981.0,440,1978.0,560,1982.0,644,1977.0,553,1983.0,1231,1976.0,485,1984.0,354,1975.0,535
1597988346642055936,1597988346500000000,2020-08-21 13:39:06.500000,1980.0,1985.0,1911.0,1939.0,nan,1952.138,1220483,23825510570.0,450086,1980.0,594,1979.0,506,1981.0,440,1978.0,560,1982.0,644,1977.0,553,1983.0,1223,1976.0,484,1984.0,354,1975.0,572
1597988347352425984,1597988347000000000,2020-08-21 13:39:07.000000,1980.0,1985.0,1911.0,1939.0,nan,1952.138,1220483,23825510570.0,450086,1980.0,595,1979.0,508,1981.0,439,1978.0,559,1982.0,644,1977.0,553,1983.0,1223,1976.0,485,1984.0,354,1975.0,572
1597988347640316928,1597988347500000000,2020-08-21 13:39:07.500000,1980.0,1985.0,1911.0,1939.0,nan,1952.138,1220489,23825629340.0,450081,1980.0,596,1979.0,520,1981.0,448,1978.0,559,1982.0,645,1977.0,553,1983.0,1223,1976.0,486,1984.0,354,1975.0,572
1597988348116023040,1597988348000000000,2020-08-21 13:39:08.000000,1980.0,1985.0,1911.0,1939.0,nan,1952.138,1220494,23825728340.0,450085,1980.0,592,1979.0,522,1981.0,447,1978.0,559,1982.0,645,1977.0,553,1983.0,1223,1976.0,486,1984.0,354,1975.0,572
1597988348625342976,1597988348500000000,2020-08-21 13:39:08.500000,1980.0,1985.0,1911.0,1939.0,nan,1952.138,1220494,23825728340.0,450085,1980.0,601,1979.0,522,1981.0,446,1978.0,560,1982.0,644,1977.0,553,1983.0,1222,1976.0,486,1984.0,354,1975.0,577
1597988349115823104,1597988349000000000,2020-08-21 13:39:09.000000,1979.0,1985.0,1911.0,1939.0,nan,1952.138,1220496,23825767930.0,450085,1980.0,600,1979.0,521,1981.0,446,1978.0,560,1982.0,645,1977.0,535,1983.0,1221,1976.0,486,1984.0,354,1975.0,577
1597988349605253120,1597988349500000000,2020-08-21 13:39:09.500000,1979.0,1985.0,1911.0,1939.0,nan,1952.138,1220498,23825807520.0,450086,1980.0,580,1979.0,520,1981.0,446,1978.0,578,1982.0,645,1977.0,535,1983.0,1221,1976.0,486,1984.0,353,1975.0,577
1597988350109981952,1597988350000000000,2020-08-21 13:39:10.000000,1979.0,1985.0,1911.0,1939.0,nan,1952.138,1220510,23826045110.0,450096,1980.0,582,1979.0,519,1981.0,446,1978.0,579,1982.0,645,1977.0,535,1983.0,1221,1976.0,489,1984.0,353,1975.0,583
1597988350645271040,1597988350500000000,2020-08-21 13:39:10.500000,1980.0,1985.0,1911.0,1939.0,nan,1952.139,1220513,23826104510.0,450099,1980.0,581,1979.0,530,1981.0,446,1978.0,580,1982.0,644,1977.0,535,1983.0,1221,1976.0,490,1984.0,353,1975.0,587
1597988351114044928,1597988351000000000,2020-08-21 13:39:11.000000,1980.0,1985.0,1911.0,1939.0,nan,1952.139,1220513,23826104510.0,450099,1980.0,581,1979.0,531,1981.0,446,1978.0,580,1982.0,644,1977.0,535,1983.0,1221,1976.0,491,1984.0,353,1975.0,589
1597988351748291072,1597988351500000000,2020-08-21 13:39:11.500000,1980.0,1985.0,1911.0,1939.0,nan,1952.139,1220516,23826163900.0,450101,1980.0,583,1979.0,537,1981.0,446,1978.0,580,1982.0,643,1977.0,535,1983.0,1221,1976.0,491,1984.0,353,1975.0,590
1597988352120881920,1597988352000000000,2020-08-21 13:39:12.000000,1980.0,1985.0,1911.0,1939.0,nan,1952.139,1220516,23826163900.0,450101,1980.0,586,1979.0,540,1981.0,446,1978.0,581,1982.0,643,1977.0,535,1983.0,1221,1976.0,491,1984.0,353,1975.0,590
1597988352644016128,1597988352500000000,2020-08-21 13:39:12.500000,1979.0,1985.0,1911.0,1939.0,nan,1952.139,1220518,23826203490.0,450102,1980.0,586,1979.0,620,1981.0,447,1978.0,581,1982.0,643,1977.0,534,1983.0,1221,1976.0,491,1984.0,353,1975.0,600
1597988353163894016,1597988353000000000,2020-08-21 13:39:13.000000,1980.0,1985.0,1911.0,1939.0,nan,1952.139,1220532,23826480690.0,450100,1980.0,578,1979.0,620,1981.0,447,1978.0,581,1982.0,645,1977.0,534,1983.0,1221,1976.0,491,1984.0,353,1975.0,600
1597988353605016064,1597988353500000000,2020-08-21 13:39:13.500000,1979.0,1985.0,1911.0,1939.0,nan,1952.139,1220533,23826500480.0,450099,1980.0,578,1979.0,619,1981.0,447,1978.0,587,1982.0,646,1977.0,534,1983.0,1221,1976.0,493,1984.0,353,1975.0,600
1597988354123796992,1597988354000000000,2020-08-21 13:39:14.000000,1979.0,1985.0,1911.0,1939.0,nan,1952.139,1220535,23826540060.0,450097,1980.0,578,1979.0,620,1981.0,447,1978.0,585,1982.0,646,1977.0,535,1983.0,1217,1976.0,493,1984.0,353,1975.0,600
1597988354628741120,1597988354500000000,2020-08-21 13:39:14.500000,1980.0,1985.0,1911.0,1939.0,nan,1952.139,1220536,23826559860.0,450097,1980.0,577,1979.0,640,1981.0,447,1978.0,542,1982.0,646,1977.0,535,1983.0,1217,1976.0,493,1984.0,353,1975.0,600
1597988355108524032,1597988355000000000,2020-08-21 13:39:15.000000,1979.0,1985.0,1911.0,1939.0,nan,1952.139,1220538,23826599450.0,450098,1980.0,576,1979.0,640,1981.0,449,1978.0,542,1982.0,646,1977.0,535,1983.0,1217,1976.0,493,1984.0,353,1975.0,600
1597988355625754112,1597988355500000000,2020-08-21 13:39:15.500000,1979.0,1985.0,1911.0,1939.0,nan,1952.139,1220541,23826658820.0,450095,1980.0,577,1979.0,637,1981.0,448,1978.0,542,1982.0,646,1977.0,535,1983.0,1217,1976.0,493,1984.0,355,1975.0,600
1597988356119085056,1597988356000000000,2020-08-21 13:39:16.000000,1979.0,1985.0,1911.0,1939.0,nan,1952.139,1220541,23826658820.0,450095,1980.0,579,1979.0,637,1981.0,448,1978.0,541,1982.0,646,1977.0,570,1983.0,1218,1976.0,493,1984.0,355,1975.0,600
1597988356607692032,1597988356500000000,2020-08-21 13:39:16.500000,1980.0,1985.0,1911.0,1939.0,nan,1952.139,1220542,23826678620.0,450096,1980.0,585,1979.0,638,1981.0,445,1978.0,463,1982.0,646,1977.0,570,1983.0,1218,1976.0,498,1984.0,355,1975.0,603
1597988357113166080,1597988357000000000,2020-08-21 13:39:17.000000,1980.0,1985.0,1911.0,1939.0,nan,1952.139,1220547,23826777620.0,450097,1980.0,579,1979.0,638,1981.0,445,1978.0,463,1982.0,646,1977.0,571,1983.0,1218,1976.0,500,1984.0,355,1975.0,603
1597988357605824000,1597988357500000000,2020-08-21 13:39:17.500000,1980.0,1985.0,1911.0,1939.0,nan,1952.139,1220551,23826856820.0,450096,1980.0,579,1979.0,640,1981.0,445,1978.0,463,1982.0,646,1977.0,571,1983.0,1219,1976.0,498,1984.0,355,1975.0,603
1597988358126132992,1597988358000000000,2020-08-21 13:39:18.000000,1980.0,1985.0,1911.0,1939.0,nan,1952.139,1220551,23826856820.0,450096,1980.0,582,1979.0,640,1981.0,445,1978.0,465,1982.0,646,1977.0,571,1983.0,1219,1976.0,498,1984.0,353,1975.0,603
1597988358626435072,1597988358500000000,2020-08-21 13:39:18.500000,1979.0,1985.0,1911.0,1939.0,nan,1952.139,1220556,23826955800.0,450093,1980.0,580,1979.0,638,1981.0,445,1978.0,465,1982.0,646,1977.0,571,1983.0,1219,1976.0,498,1984.0,353,1975.0,603
1597988359118535936,1597988359000000000,2020-08-21 13:39:19.000000,1979.0,1985.0,1911.0,1939.0,nan,1952.14,1220559,23827015180.0,450091,1980.0,585,1979.0,635,1981.0,445,1978.0,465,1982.0,646,1977.0,571,1983.0,1219,1976.0,498,1984.0,353,1975.0,598
1597988359615138048,1597988359500000000,2020-08-21 13:39:19.500000,1980.0,1985.0,1911.0,1939.0,nan,1952.14,1220561,23827054780.0,450090,1980.0,383,1979.0,636,1981.0,445,1978.0,465,1982.0,646,1977.0,571,1983.0,1219,1976.0,498,1984.0,353,1975.0,598
1597988360120891904,1597988360000000000,2020-08-21 13:39:20.000000,1980.0,1985.0,1911.0,1939.0,nan,1952.14,1220561,23827054780.0,450090,1980.0,357,1979.0,637,1981.0,445,1978.0,465,1982.0,646,1977.0,571,1983.0,1219,1976.0,498,1984.0,353,1975.0,598
1597988360614859008,1597988360500000000,2020-08-21 13:39:20.500000,1980.0,1985.0,1911.0,1939.0,nan,1952.14,1220569,23827213180.0,450090,1980.0,356,1979.0,637,1981.0,445,1978.0,465,1982.0,644,1977.0,581,1983.0,1219,1976.0,498,1984.0,353,1975.0,588
1597988361124139008,1597988361000000000,2020-08-21 13:39:21.000000,1980.0,1985.0,1911.0,1939.0,nan,1952.141,1220601,23827846780.0,450082,1980.0,324,1979.0,637,1981.0,445,1978.0,461,1982.0,644,1977.0,582,1983.0,1187,1976.0,498,1984.0,353,1975.0,588
1597988361619854080,1597988361500000000,2020-08-21 13:39:21.500000,1980.0,1985.0,1911.0,1939.0,nan,1952.141,1220607,23827965570.0,450081,1980.0,350,1979.0,635,1981.0,457,1978.0,461,1982.0,644,1977.0,582,1983.0,1185,1976.0,500,1984.0,353,1975.0,588
1597988362122502912,1597988362000000000,2020-08-21 13:39:22.000000,1980.0,1985.0,1911.0,1939.0,nan,1952.141,1220610,23828024970.0,450080,1980.0,351,1979.0,637,1981.0,458,1978.0,468,1982.0,644,1977.0,582,1983.0,1186,1976.0,499,1984.0,354,1975.0,588
1597988362617785088,1597988362500000000,2020-08-21 13:39:22.500000,1980.0,1985.0,1911.0,1939.0,nan,1952.141,1220614,23828104170.0,450078,1980.0,347,1979.0,684,1981.0,458,1978.0,468,1982.0,644,1977.0,582,1983.0,1186,1976.0,500,1984.0,354,1975.0,588
1597988363136291072,1597988363000000000,2020-08-21 13:39:23.000000,1980.0,1985.0,1911.0,1939.0,nan,1952.141,1220616,23828143770.0,450077,1980.0,345,1979.0,685,1981.0,458,1978.0,468,1982.0,644,1977.0,582,1983.0,1187,1976.0,500,1984.0,351,1975.0,588
1597988363622051072,1597988363500000000,2020-08-21 13:39:23.500000,1980.0,1985.0,1911.0,1939.0,nan,1952.141,1220618,23828183370.0,450076,1980.0,343,1979.0,685,1981.0,458,1978.0,468,1982.0,645,1977.0,582,1983.0,1187,1976.0,500,1984.0,351,1975.0,588
1597988364113644032,1597988364000000000,2020-08-21 13:39:24.000000,1980.0,1985.0,1911.0,1939.0,nan,1952.141,1220619,23828203170.0,450076,1980.0,343,1979.0,686,1981.0,460,1978.0,468,1982.0,650,1977.0,582,1983.0,1188,1976.0,500,1984.0,351,1975.0,588
1597988364614970112,1597988364500000000,2020-08-21 13:39:24.500000,1980.0,1985.0,1911.0,1939.0,nan,1952.141,1220620,23828222970.0,450076,1980.0,352,1979.0,687,1981.0,460,1978.0,468,1982.0,650,1977.0,582,1983.0,1188,1976.0,500,1984.0,351,1975.0,588
1597988365116275968,1597988365000000000,2020-08-21 13:39:25.000000,1980.0,1985.0,1911.0,1939.0,nan,1952.141,1220621,23828242770.0,450076,1980.0,352,1979.0,687,1981.0,460,1978.0,468,1982.0,650,1977.0,583,1983.0,1189,1976.0,512,1984.0,351,1975.0,588
1597988365606884096,1597988365500000000,2020-08-21 13:39:25.500000,1980.0,1985.0,1911.0,1939.0,nan,1952.141,1220622,23828262570.0,450077,1980.0,352,1979.0,688,1981.0,460,1978.0,513,1982.0,655,1977.0,582,1983.0,1189,1976.0,512,1984.0,351,1975.0,587
1597988366124037120,1597988366000000000,2020-08-21 13:39:26.000000,1979.0,1985.0,1911.0,1939.0,nan,1952.141,1220629,23828401160.0,450078,1980.0,340,1979.0,691,1981.0,460,1978.0,514,1982.0,655,1977.0,582,1983.0,1189,1976.0,512,1984.0,351,1975.0,587
1597988366635684096,1597988366500000000,2020-08-21 13:39:26.500000,1980.0,1985.0,1911.0,1939.0,nan,1952.149,1220970,23835152960.0,450205,1981.0,460,1980.0,367,1982.0,657,1979.0,698,1983.0,1189,1978.0,514,1984.0,351,1977.0,582,1985.0,1006,1976.0,512
1597988367129187072,1597988367000000000,2020-08-21 13:39:27.000000,1981.0,1985.0,1911.0,1939.0,nan,1952.149,1220974,23835232170.0,450208,1981.0,497,1980.0,472,1982.0,657,1979.0,665,1983.0,1191,1978.0,518,1984.0,335,1977.0,583,1985.0,991,1976.0,511
1597988367613618944,1597988367500000000,2020-08-21 13:39:27.500000,1981.0,1985.0,1911.0,1939.0,nan,1952.149,1220978,23835311410.0,450206,1981.0,494,1980.0,538,1982.0,657,1979.0,664,1983.0,1191,1978.0,518,1984.0,332,1977.0,583,1985.0,991,1976.0,511
1597988368122461952,1597988368000000000,2020-08-21 13:39:28.000000,1980.0,1985.0,1911.0,1939.0,nan,1952.149,1220993,23835608460.0,450204,1981.0,490,1980.0,529,1982.0,658,1979.0,671,1983.0,1181,1978.0,519,1984.0,332,1977.0,583,1985.0,989,1976.0,512
1597988368615024896,1597988368500000000,2020-08-21 13:39:28.500000,1980.0,1985.0,1911.0,1939.0,nan,1952.15,1220999,23835727310.0,450204,1981.0,485,1980.0,529,1982.0,658,1979.0,669,1983.0,1181,1978.0,520,1984.0,332,1977.0,583,1985.0,989,1976.0,510
1597988369114637056,1597988369000000000,2020-08-21 13:39:29.000000,1980.0,1985.0,1911.0,1939.0,nan,1952.15,1221010,23835945120.0,450203,1981.0,474,1980.0,519,1982.0,658,1979.0,667,1983.0,1181,1978.0,520,1984.0,332,1977.0,583,1985.0,989,1976.0,510
1597988369605728000,1597988369500000000,2020-08-21 13:39:29.500000,1980.0,1985.0,1911.0,1939.0,nan,1952.153,1221134,23838400320.0,450204,1981.0,474,1980.0,396,1982.0,658,1979.0,667,1983.0,1181,1978.0,520,1984.0,332,1977.0,583,1985.0,989,1976.0,510
1597988370135450880,1597988370000000000,2020-08-21 13:39:30.000000,1980.0,1985.0,1911.0,1939.0,nan,1952.153,1221139,23838499350.0,450206,1981.0,468,1980.0,398,1982.0,658,1979.0,667,1983.0,1181,1978.0,520,1984.0,332,1977.0,583,1985.0,989,1976.0,510
1597988370630973952,1597988370500000000,2020-08-21 13:39:30.500000,1980.0,1985.0,1911.0,1939.0,nan,1952.153,1221139,23838499350.0,450206,1981.0,468,1980.0,401,1982.0,659,1979.0,666,1983.0,1181,1978.0,520,1984.0,332,1977.0,583,1985.0,989,1976.0,510
1597988371126789120,1597988371000000000,2020-08-21 13:39:31.000000,1980.0,1985.0,1911.0,1939.0,nan,1952.153,1221139,23838499350.0,450206,1981.0,468,1980.0,405,1982.0,649,1979.0,667,1983.0,1181,1978.0,520,1984.0,332,1977.0,583,1985.0,989,1976.0,510
1597988371630051072,1597988371500000000,2020-08-21 13:39:31.500000,1980.0,1985.0,1911.0,1939.0,nan,1952.153,1221140,23838519150.0,450207,1981.0,472,1980.0,407,1982.0,648,1979.0,668,1983.0,1181,1978.0,520,1984.0,332,1977.0,583,1985.0,988,1976.0,510
1597988372112345088,1597988372000000000,2020-08-21 13:39:32.000000,1980.0,1985.0,1911.0,1939.0,nan,1952.153,1221141,23838538950.0,450208,1981.0,479,1980.0,410,1982.0,651,1979.0,669,1983.0,1181,1978.0,520,1984.0,332,1977.0,583,1985.0,988,1976.0,510
1597988372631604992,1597988372500000000,2020-08-21 13:39:32.500000,1980.0,1985.0,1911.0,1939.0,nan,1952.153,1221146,23838637970.0,450212,1981.0,477,1980.0,411,1982.0,651,1979.0,669,1983.0,1182,1978.0,520,1984.0,332,1977.0,583,1985.0,988,1976.0,510
1597988373128526080,1597988373000000000,2020-08-21 13:39:33.000000,1980.0,1985.0,1911.0,1939.0,nan,1952.153,1221152,23838756780.0,450212,1981.0,480,1980.0,410,1982.0,701,1979.0,669,1983.0,1182,1978.0,523,1984.0,332,1977.0,583,1985.0,988,1976.0,510
1597988373609576960,1597988373500000000,2020-08-21 13:39:33.500000,1980.0,1985.0,1911.0,1939.0,nan,1952.153,1221152,23838756780.0,450212,1981.0,480,1980.0,417,1982.0,701,1979.0,671,1983.0,1182,1978.0,478,1984.0,332,1977.0,583,1985.0,988,1976.0,510
1597988374116742912,1597988374000000000,2020-08-21 13:39:34.000000,1980.0,1985.0,1911.0,1939.0,nan,1952.153,1221160,23838915180.0,450212,1981.0,480,1980.0,409,1982.0,707,1979.0,671,1983.0,1182,1978.0,481,1984.0,332,1977.0,583,1985.0,988,1976.0,510
1597988374671490048,1597988374500000000,2020-08-21 13:39:34.500000,1980.0,1985.0,1911.0,1939.0,nan,1952.154,1221183,23839370600.0,450211,1981.0,493,1980.0,390,1982.0,705,1979.0,671,1983.0,1182,1978.0,481,1984.0,332,1977.0,583,1985.0,988,1976.0,510
1597988375127015936,1597988375000000000,2020-08-21 13:39:35.000000,1980.0,1985.0,1911.0,1939.0,nan,1952.154,1221183,23839370600.0,450211,1981.0,508,1980.0,413,1982.0,705,1979.0,671,1983.0,1182,1978.0,482,1984.0,332,1977.0,583,1985.0,988,1976.0,510
1597988375627749888,1597988375500000000,2020-08-21 13:39:35.500000,1981.0,1985.0,1911.0,1939.0,nan,1952.154,1221197,23839647810.0,450210,1981.0,520,1980.0,400,1982.0,705,1979.0,721,1983.0,1182,1978.0,481,1984.0,332,1977.0,583,1985.0,988,1976.0,511
1597988376122107904,1597988376000000000,2020-08-21 13:39:36.000000,1981.0,1985.0,1911.0,1939.0,nan,1952.154,1221197,23839647810.0,450210,1981.0,522,1980.0,401,1982.0,705,1979.0,721,1983.0,1182,1978.0,481,1984.0,332,1977.0,584,1985.0,988,1976.0,511
1597988376635523072,1597988376500000000,2020-08-21 13:39:36.500000,1980.0,1985.0,1911.0,1939.0,nan,1952.154,1221198,23839667610.0,450209,1981.0,532,1980.0,402,1982.0,705,1979.0,721,1983.0,1181,1978.0,481,1984.0,332,1977.0,585,1985.0,988,1976.0,511
1597988377119884032,1597988377000000000,2020-08-21 13:39:37.000000,1980.0,1985.0,1911.0,1939.0,nan,1952.154,1221200,23839707220.0,450209,1981.0,527,1980.0,449,1982.0,705,1979.0,721,1983.0,1183,1978.0,480,1984.0,332,1977.0,585,1985.0,989,1976.0,511
1597988377623211008,1597988377500000000,2020-08-21 13:39:37.500000,1980.0,1985.0,1911.0,1939.0,nan,1952.154,1221200,23839707220.0,450209,1981.0,528,1980.0,453,1982.0,705,1979.0,721,1983.0,1183,1978.0,481,1984.0,332,1977.0,585,1985.0,989,1976.0,511
1597988378136729088,1597988378000000000,2020-08-21 13:39:38.000000,1981.0,1985.0,1911.0,1939.0,nan,1952.154,1221202,23839746840.0,450209,1981.0,526,1980.0,454,1982.0,695,1979.0,721,1983.0,1183,1978.0,481,1984.0,332,1977.0,585,1985.0,990,1976.0,511
1597988378617186048,1597988378500000000,2020-08-21 13:39:38.500000,1980.0,1985.0,1911.0,1939.0,nan,1952.154,1221203,23839766640.0,450209,1981.0,527,1980.0,454,1982.0,695,1979.0,721,1983.0,1183,1978.0,480,1984.0,332,1977.0,585,1985.0,990,1976.0,511
1597988379112451072,1597988379000000000,2020-08-21 13:39:39.000000,1980.0,1985.0,1911.0,1939.0,nan,1952.154,1221204,23839786440.0,450208,1981.0,527,1980.0,452,1982.0,695,1979.0,721,1983.0,1183,1978.0,480,1984.0,332,1977.0,585,1985.0,990,1976.0,510
1597988379615697920,1597988379500000000,2020-08-21 13:39:39.500000,1980.0,1985.0,1911.0,1939.0,nan,1952.154,1221204,23839786440.0,450208,1981.0,530,1980.0,453,1982.0,695,1979.0,720,1983.0,1183,1978.0,480,1984.0,332,1977.0,586,1985.0,990,1976.0,510
1597988380124559872,1597988380000000000,2020-08-21 13:39:40.000000,1981.0,1985.0,1911.0,1939.0,nan,1952.154,1221205,23839806250.0,450208,1981.0,529,1980.0,453,1982.0,695,1979.0,720,1983.0,1183,1978.0,450,1984.0,332,1977.0,586,1985.0,990,1976.0,510
1597988380647940096,1597988380500000000,2020-08-21 13:39:40.500000,1981.0,1985.0,1911.0,1939.0,nan,1952.154,1221205,23839806250.0,450208,1981.0,529,1980.0,453,1982.0,695,1979.0,720,1983.0,1186,1978.0,450,1984.0,333,1977.0,585,1985.0,990,1976.0,510
1597988381129381120,1597988381000000000,2020-08-21 13:39:41.000000,1981.0,1985.0,1911.0,1939.0,nan,1952.155,1221217,23840043870.0,450208,1981.0,527,1980.0,444,1982.0,695,1979.0,720,1983.0,1186,1978.0,451,1984.0,333,1977.0,585,1985.0,990,1976.0,510
1597988381617421056,1597988381500000000,2020-08-21 13:39:41.500000,1981.0,1985.0,1911.0,1939.0,nan,1952.155,1221223,23840162730.0,450208,1981.0,522,1980.0,478,1982.0,688,1979.0,720,1983.0,1186,1978.0,451,1984.0,332,1977.0,585,1985.0,990,1976.0,510
1597988382110981120,1597988382000000000,2020-08-21 13:39:42.000000,1981.0,1985.0,1911.0,1939.0,nan,1952.155,1221226,23840222160.0,450208,1981.0,520,1980.0,479,1982.0,688,1979.0,720,1983.0,1185,1978.0,451,1984.0,332,1977.0,585,1985.0,990,1976.0,510
1597988382621156096,1597988382500000000,2020-08-21 13:39:42.500000,1981.0,1985.0,1911.0,1939.0,nan,1952.155,1221227,23840241970.0,450208,1981.0,530,1980.0,487,1982.0,687,1979.0,720,1983.0,1185,1978.0,451,1984.0,332,1977.0,585,1985.0,990,1976.0,510
1597988383104176128,1597988383000000000,2020-08-21 13:39:43.000000,1981.0,1985.0,1911.0,1939.0,nan,1952.155,1221232,23840341020.0,450208,1981.0,524,1980.0,493,1982.0,688,1979.0,720,1983.0,1185,1978.0,453,1984.0,332,1977.0,585,1985.0,990,1976.0,510
1597988383617987072,1597988383500000000,2020-08-21 13:39:43.500000,1981.0,1985.0,1911.0,1939.0,nan,1952.155,1221234,23840380630.0,450207,1981.0,523,1980.0,492,1982.0,688,1979.0,720,1983.0,1185,1978.0,453,1984.0,332,1977.0,585,1985.0,990,1976.0,510
1597988384124478976,1597988384000000000,2020-08-21 13:39:44.000000,1981.0,1985.0,1911.0,1939.0,nan,1952.155,1221236,23840420240.0,450207,1981.0,523,1980.0,491,1982.0,733,1979.0,742,1983.0,1185,1978.0,453,1984.0,332,1977.0,585,1985.0,990,1976.0,510
1597988384614788096,1597988384500000000,2020-08-21 13:39:44.500000,1980.0,1985.0,1911.0,1939.0,nan,1952.155,1221242,23840539040.0,450201,1981.0,525,1980.0,485,1982.0,733,1979.0,742,1983.0,1185,1978.0,453,1984.0,332,1977.0,585,1985.0,990,1976.0,510
1597988385121245952,1597988385000000000,2020-08-21 13:39:45.000000,1980.0,1985.0,1911.0,1939.0,nan,1952.155,1221243,23840558840.0,450201,1981.0,530,1980.0,483,1982.0,733,1979.0,742,1983.0,1185,1978.0,454,1984.0,332,1977.0,585,1985.0,990,1976.0,510
1597988385609165056,1597988385500000000,2020-08-21 13:39:45.500000,1980.0,1985.0,1911.0,1939.0,nan,1952.155,1221244,23840578640.0,450201,1981.0,531,1980.0,482,1982.0,733,1979.0,742,1983.0,1185,1978.0,455,1984.0,332,1977.0,585,1985.0,991,1976.0,510
1597988386126076928,1597988386000000000,2020-08-21 13:39:46.000000,1980.0,1985.0,1911.0,1939.0,nan,1952.155,1221244,23840578640.0,450201,1981.0,532,1980.0,484,1982.0,734,1979.0,742,1983.0,1185,1978.0,455,1984.0,332,1977.0,585,1985.0,991,1976.0,510
1597988386620294912,1597988386500000000,2020-08-21 13:39:46.500000,1981.0,1985.0,1911.0,1939.0,nan,1952.155,1221245,23840598450.0,450201,1981.0,532,1980.0,497,1982.0,734,1979.0,742,1983.0,1185,1978.0,455,1984.0,332,1977.0,585,1985.0,991,1976.0,510
1597988387119478016,1597988387000000000,2020-08-21 13:39:47.000000,1981.0,1985.0,1911.0,1939.0,nan,1952.155,1221245,23840598450.0,450201,1981.0,533,1980.0,497,1982.0,734,1979.0,742,1983.0,1185,1978.0,455,1984.0,332,1977.0,584,1985.0,991,1976.0,510
1597988387629124096,1597988387500000000,2020-08-21 13:39:47.500000,1981.0,1985.0,1911.0,1939.0,nan,1952.155,1221246,23840618260.0,450201,1981.0,532,1980.0,497,1982.0,734,1979.0,742,1983.0,1186,1978.0,456,1984.0,332,1977.0,583,1985.0,991,1976.0,510
1597988388121722112,1597988388000000000,2020-08-21 13:39:48.000000,1980.0,1985.0,1911.0,1939.0,nan,1952.155,1221248,23840657870.0,450201,1981.0,531,1980.0,497,1982.0,736,1979.0,742,1983.0,1187,1978.0,456,1984.0,332,1977.0,618,1985.0,992,1976.0,510
1597988388628519936,1597988388500000000,2020-08-21 13:39:48.500000,1981.0,1985.0,1911.0,1939.0,nan,1952.169,1221819,23851969360.0,450070,1982.0,736,1981.0,69,1983.0,1189,1980.0,498,1984.0,335,1979.0,743,1985.0,992,1978.0,456,1986.0,410,1977.0,618
1597988389117286912,1597988389000000000,2020-08-21 13:39:49.000000,1981.0,1985.0,1911.0,1939.0,nan,1952.175,1222067,23856882240.0,450052,1981.0,118,1980.0,447,1982.0,763,1979.0,740,1983.0,1189,1978.0,455,1984.0,335,1977.0,618,1985.0,1002,1976.0,510
1597988389610631936,1597988389500000000,2020-08-21 13:39:49.500000,1981.0,1985.0,1911.0,1939.0,nan,1952.175,1222070,23856941670.0,450050,1981.0,217,1980.0,513,1982.0,760,1979.0,740,1983.0,1190,1978.0,444,1984.0,335,1977.0,618,1985.0,1002,1976.0,510
1597988390117594880,1597988390000000000,2020-08-21 13:39:50.000000,1981.0,1985.0,1911.0,1939.0,nan,1952.175,1222070,23856941670.0,450050,1981.0,229,1980.0,513,1982.0,760,1979.0,740,1983.0,1190,1978.0,444,1984.0,335,1977.0,618,1985.0,1002,1976.0,510
1597988390629848064,1597988390500000000,2020-08-21 13:39:50.500000,1981.0,1985.0,1911.0,1939.0,nan,1952.175,1222088,23857298170.0,450041,1981.0,210,1980.0,513,1982.0,760,1979.0,740,1983.0,1190,1978.0,445,1984.0,335,1977.0,618,1985.0,1002,1976.0,510
1597988391127417088,1597988391000000000,2020-08-21 13:39:51.000000,1981.0,1985.0,1911.0,1939.0,nan,1952.175,1222088,23857298170.0,450041,1981.0,210,1980.0,480,1982.0,760,1979.0,740,1983.0,1190,1978.0,446,1984.0,335,1977.0,618,1985.0,1002,1976.0,510
1597988391611165952,1597988391500000000,2020-08-21 13:39:51.500000,1981.0,1985.0,1911.0,1939.0,nan,1952.175,1222089,23857317980.0,450041,1981.0,212,1980.0,470,1982.0,760,1979.0,740,1983.0,1190,1978.0,445,1984.0,335,1977.0,618,1985.0,1002,1976.0,510
1597988392115958016,1597988392000000000,2020-08-21 13:39:52.000000,1981.0,1985.0,1911.0,1939.0,nan,1952.175,1222092,23857377410.0,450039,1981.0,210,1980.0,476,1982.0,760,1979.0,740,1983.0,1190,1978.0,445,1984.0,335,1977.0,618,1985.0,1002,1976.0,510
1597988392612300032,1597988392500000000,2020-08-21 13:39:52.500000,1981.0,1985.0,1911.0,1939.0,nan,1952.175,1222092,23857377410.0,450039,1981.0,211,1980.0,477,1982.0,760,1979.0,740,1983.0,1190,1978.0,447,1984.0,335,1977.0,618,1985.0,1002,1976.0,510
1597988393128366080,1597988393000000000,2020-08-21 13:39:53.000000,1981.0,1985.0,1911.0,1939.0,nan,1952.175,1222094,23857417030.0,450038,1981.0,215,1980.0,477,1982.0,760,1979.0,749,1983.0,1190,1978.0,450,1984.0,335,1977.0,618,1985.0,1002,1976.0,510
1597988393606477056,1597988393500000000,2020-08-21 13:39:53.500000,1981.0,1985.0,1911.0,1939.0,nan,1952.176,1222106,23857654750.0,450038,1981.0,203,1980.0,487,1982.0,760,1979.0,752,1983.0,1190,1978.0,450,1984.0,335,1977.0,618,1985.0,1002,1976.0,510
1597988394111928064,1597988394000000000,2020-08-21 13:39:54.000000,1981.0,1985.0,1911.0,1939.0,nan,1952.176,1222106,23857654750.0,450038,1981.0,204,1980.0,490,1982.0,775,1979.0,752,1983.0,1190,1978.0,450,1984.0,335,1977.0,618,1985.0,1002,1976.0,510
1597988394618906112,1597988394500000000,2020-08-21 13:39:54.500000,1981.0,1985.0,1911.0,1939.0,nan,1952.176,1222110,23857733990.0,450034,1981.0,210,1980.0,501,1982.0,775,1979.0,752,1983.0,1197,1978.0,455,1984.0,337,1977.0,618,1985.0,1002,1976.0,510
1597988395120059904,1597988395000000000,2020-08-21 13:39:55.000000,1981.0,1985.0,1911.0,1939.0,nan,1952.176,1222116,23857852850.0,450028,1981.0,210,1980.0,501,1982.0,776,1979.0,753,1983.0,1197,1978.0,455,1984.0,337,1977.0,618,1985.0,1002,1976.0,511
1597988395613711872,1597988395500000000,2020-08-21 13:39:55.500000,1981.0,1985.0,1911.0,1939.0,nan,1952.176,1222132,23858169810.0,450028,1981.0,194,1980.0,503,1982.0,777,1979.0,727,1983.0,1197,1978.0,455,1984.0,337,1977.0,618,1985.0,1002,1976.0,511
1597988396131418112,1597988396000000000,2020-08-21 13:39:56.000000,1981.0,1985.0,1911.0,1939.0,nan,1952.181,1222329,23862072370.0,450113,1982.0,776,1981.0,228,1983.0,1197,1980.0,504,1984.0,337,1979.0,727,1985.0,1002,1978.0,455,1986.0,412,1977.0,618
1597988396634622976,1597988396500000000,2020-08-21 13:39:56.500000,1982.0,1985.0,1911.0,1939.0,nan,1952.181,1222331,23862112000.0,450114,1982.0,778,1981.0,282,1983.0,1197,1980.0,488,1984.0,337,1979.0,727,1985.0,1002,1978.0,455,1986.0,412,1977.0,618
1597988397114075904,1597988397000000000,2020-08-21 13:39:57.000000,1982.0,1985.0,1911.0,1939.0,nan,1952.181,1222334,23862171450.0,450113,1982.0,776,1981.0,305,1983.0,1197,1980.0,498,1984.0,337,1979.0,716,1985.0,1002,1978.0,454,1986.0,412,1977.0,618
1597988397619465984,1597988397500000000,2020-08-21 13:39:57.500000,1982.0,1985.0,1911.0,1939.0,nan,1952.181,1222345,23862389470.0,450112,1982.0,779,1981.0,458,1983.0,1197,1980.0,498,1984.0,337,1979.0,716,1985.0,1002,1978.0,455,1986.0,412,1977.0,618
1597988398166323968,1597988398000000000,2020-08-21 13:39:58.000000,1982.0,1985.0,1911.0,1939.0,nan,1952.181,1222345,23862389470.0,450112,1982.0,766,1981.0,779,1983.0,1197,1980.0,492,1984.0,337,1979.0,716,1985.0,1002,1978.0,465,1986.0,412,1977.0,618
1597988398604427008,1597988398500000000,2020-08-21 13:39:58.500000,1981.0,1985.0,1911.0,1939.0,nan,1952.181,1222346,23862409280.0,450113,1982.0,752,1981.0,779,1983.0,1197,1980.0,486,1984.0,337,1979.0,715,1985.0,1002,1978.0,458,1986.0,411,1977.0,618
1597988399125752064,1597988399000000000,2020-08-21 13:39:59.000000,1981.0,1985.0,1911.0,1939.0,nan,1952.181,1222350,23862488520.0,450117,1982.0,752,1981.0,775,1983.0,1190,1980.0,491,1984.0,344,1979.0,715,1985.0,1002,1978.0,458,1986.0,411,1977.0,618
1597988399608276992,1597988399500000000,2020-08-21 13:39:59.500000,1981.0,1985.0,1911.0,1939.0,nan,1952.182,1222363,23862746150.0,450118,1982.0,733,1981.0,772,1983.0,1190,1980.0,491,1984.0,344,1979.0,715,1985.0,1002,1978.0,458,1986.0,411,1977.0,618
1597988400134279936,1597988400000000000,2020-08-21 13:40:00.000000,1981.0,1985.0,1911.0,1939.0,nan,1952.182,1222363,23862746150.0,450118,1982.0,733,1981.0,768,1983.0,1189,1980.0,491,1984.0,346,1979.0,716,1985.0,1002,1978.0,463,1986.0,410,1977.0,618
1597988400616304896,1597988400500000000,2020-08-21 13:40:00.500000,1981.0,1985.0,1911.0,1939.0,nan,1952.182,1222366,23862805580.0,450120,1982.0,733,1981.0,767,1983.0,1190,1980.0,491,1984.0,346,1979.0,716,1985.0,1002,1978.0,463,1986.0,410,1977.0,620
1597988401116033024,1597988401000000000,2020-08-21 13:40:01.000000,1981.0,1985.0,1911.0,1939.0,nan,1952.183,1222419,23863855530.0,450171,1982.0,746,1981.0,719,1983.0,1193,1980.0,495,1984.0,346,1979.0,713,1985.0,1002,1978.0,463,1986.0,410,1977.0,620
1597988401610688000,1597988401500000000,2020-08-21 13:40:01.500000,1981.0,1985.0,1911.0,1939.0,nan,1952.183,1222419,23863855530.0,450171,1982.0,750,1981.0,720,1983.0,1193,1980.0,497,1984.0,346,1979.0,713,1985.0,1004,1978.0,463,1986.0,410,1977.0,620
1597988402147663872,1597988402000000000,2020-08-21 13:40:02.000000,1981.0,1985.0,1911.0,1939.0,nan,1952.183,1222419,23863855530.0,450171,1982.0,749,1981.0,726,1983.0,1193,1980.0,497,1984.0,341,1979.0,713,1985.0,1004,1978.0,463,1986.0,410,1977.0,619
1597988402624174080,1597988402500000000,2020-08-21 13:40:02.500000,1982.0,1985.0,1911.0,1939.0,nan,1952.184,1222466,23864787060.0,450194,1982.0,708,1981.0,739,1983.0,1194,1980.0,458,1984.0,341,1979.0,713,1985.0,1004,1978.0,463,1986.0,410,1977.0,619
1597988403130339072,1597988403000000000,2020-08-21 13:40:03.000000,1982.0,1985.0,1911.0,1939.0,nan,1952.184,1222466,23864787060.0,450194,1982.0,724,1981.0,740,1983.0,1195,1980.0,459,1984.0,342,1979.0,712,1985.0,1004,1978.0,463,1986.0,410,1977.0,619
1597988403626970112,1597988403500000000,2020-08-21 13:40:03.500000,1982.0,1985.0,1911.0,1939.0,nan,1952.184,1222467,23864806880.0,450194,1982.0,724,1981.0,732,1983.0,1196,1980.0,459,1984.0,342,1979.0,712,1985.0,1005,1978.0,459,1986.0,410,1977.0,619
1597988404156925952,1597988404000000000,2020-08-21 13:40:04.000000,1982.0,1985.0,1911.0,1939.0,nan,1952.192,1222773,23870871780.0,450095,1982.0,422,1981.0,739,1983.0,1195,1980.0,459,1984.0,342,1979.0,712,1985.0,1005,1978.0,459,1986.0,410,1977.0,619
1597988404622331904,1597988404500000000,2020-08-21 13:40:04.500000,1982.0,1985.0,1911.0,1939.0,nan,1952.192,1222776,23870931240.0,450096,1982.0,459,1981.0,750,1983.0,1195,1980.0,458,1984.0,342,1979.0,697,1985.0,1005,1978.0,459,1986.0,410,1977.0,619
1597988405129475072,1597988405000000000,2020-08-21 13:40:05.000000,1982.0,1985.0,1911.0,1939.0,nan,1952.192,1222778,23870970880.0,450098,1982.0,474,1981.0,750,1983.0,1196,1980.0,460,1984.0,347,1979.0,697,1985.0,1005,1978.0,459,1986.0,410,1977.0,619
1597988405623209984,1597988405500000000,2020-08-21 13:40:05.500000,1981.0,1985.0,1911.0,1939.0,nan,1952.192,1222800,23871406750.0,450115,1982.0,479,1981.0,726,1983.0,1196,1980.0,441,1984.0,347,1979.0,697,1985.0,1005,1978.0,459,1986.0,410,1977.0,619
1597988406131516928,1597988406000000000,2020-08-21 13:40:06.000000,1982.0,1985.0,1911.0,1939.0,nan,1952.193,1222819,23871783330.0,450121,1982.0,462,1981.0,728,1983.0,1196,1980.0,441,1984.0,347,1979.0,697,1985.0,1005,1978.0,459,1986.0,410,1977.0,619
1597988406626781952,1597988406500000000,2020-08-21 13:40:06.500000,1982.0,1985.0,1911.0,1939.0,nan,1952.193,1222820,23871803150.0,450120,1982.0,503,1981.0,727,1983.0,1197,1980.0,442,1984.0,347,1979.0,696,1985.0,1005,1978.0,459,1986.0,410,1977.0,619
1597988407271507968,1597988407000000000,2020-08-21 13:40:07.000000,1982.0,1985.0,1911.0,1939.0,nan,1952.194,1222883,23873051310.0,450146,1982.0,493,1981.0,680,1983.0,1196,1980.0,432,1984.0,347,1979.0,696,1985.0,1005,1978.0,459,1986.0,410,1977.0,619
1597988407630417920,1597988407500000000,2020-08-21 13:40:07.500000,1982.0,1985.0,1911.0,1939.0,nan,1952.194,1222888,23873150400.0,450147,1982.0,494,1981.0,679,1983.0,1196,1980.0,433,1984.0,347,1979.0,696,1985.0,1005,1978.0,459,1986.0,410,1977.0,619
1597988408136805888,1597988408000000000,2020-08-21 13:40:08.000000,1982.0,1985.0,1911.0,1939.0,nan,1952.194,1222894,23873269320.0,450143,1982.0,489,1981.0,680,1983.0,1196,1980.0,436,1984.0,345,1979.0,696,1985.0,1006,1978.0,459,1986.0,410,1977.0,608
1597988408624777984,1597988408500000000,2020-08-21 13:40:08.500000,1982.0,1985.0,1911.0,1939.0,nan,1952.195,1222895,23873289140.0,450143,1982.0,534,1981.0,681,1983.0,1196,1980.0,446,1984.0,345,1979.0,696,1985.0,1009,1978.0,459,1986.0,410,1977.0,608
1597988409124344064,1597988409000000000,2020-08-21 13:40:09.000000,1982.0,1985.0,1911.0,1939.0,nan,1952.195,1222896,23873308960.0,450142,1982.0,532,1981.0,681,1983.0,1198,1980.0,446,1984.0,345,1979.0,696,1985.0,1009,1978.0,464,1986.0,410,1977.0,608
1597988409625871872,1597988409500000000,2020-08-21 13:40:09.500000,1982.0,1985.0,1911.0,1939.0,nan,1952.195,1222903,23873447700.0,450147,1982.0,726,1981.0,682,1983.0,1199,1980.0,446,1984.0,345,1979.0,696,1985.0,1009,1978.0,364,1986.0,410,1977.0,608
1597988410109617920,1597988410000000000,2020-08-21 13:40:10.000000,1982.0,1985.0,1911.0,1939.0,nan,1952.195,1222910,23873586380.0,450148,1982.0,744,1981.0,676,1983.0,1199,1980.0,451,1984.0,345,1979.0,696,1985.0,1009,1978.0,364,1986.0,410,1977.0,608
1597988410632514048,1597988410500000000,2020-08-21 13:40:10.500000,1981.0,1985.0,1911.0,1939.0,nan,1952.195,1222914,23873665630.0,450149,1982.0,746,1981.0,673,1983.0,1199,1980.0,451,1984.0,345,1979.0,696,1985.0,1009,1978.0,363,1986.0,410,1977.0,608
1597988411119873024,1597988411000000000,2020-08-21 13:40:11.000000,1982.0,1985.0,1911.0,1939.0,nan,1952.195,1222915,23873685450.0,450150,1982.0,760,1981.0,674,1983.0,1199,1980.0,451,1984.0,345,1979.0,696,1985.0,1009,1978.0,364,1986.0,411,1977.0,607
1597988411636253952,1597988411500000000,2020-08-21 13:40:11.500000,1982.0,1985.0,1911.0,1939.0,nan,1952.195,1222917,23873725080.0,450149,1982.0,713,1981.0,675,1983.0,1199,1980.0,451,1984.0,345,1979.0,705,1985.0,1009,1978.0,364,1986.0,412,1977.0,597
1597988412111896064,1597988412000000000,2020-08-21 13:40:12.000000,1982.0,1985.0,1911.0,1939.0,nan,1952.195,1222917,23873725080.0,450149,1982.0,726,1981.0,675,1983.0,1199,1980.0,451,1984.0,345,1979.0,706,1985.0,1009,1978.0,364,1986.0,412,1977.0,597
1597988412656365056,1597988412500000000,2020-08-21 13:40:12.500000,1982.0,1985.0,1911.0,1939.0,nan,1952.196,1222940,23874180730.0,450131,1982.0,728,1981.0,656,1983.0,1200,1980.0,431,1984.0,345,1979.0,706,1985.0,1009,1978.0,364,1986.0,412,1977.0,597
1597988413114575104,1597988413000000000,2020-08-21 13:40:13.000000,1982.0,1985.0,1911.0,1939.0,nan,1952.196,1222942,23874220360.0,450131,1982.0,735,1981.0,658,1983.0,1200,1980.0,431,1984.0,344,1979.0,706,1985.0,1009,1978.0,365,1986.0,412,1977.0,597
1597988413663489024,1597988413500000000,2020-08-21 13:40:13.500000,1981.0,1985.0,1911.0,1939.0,nan,1952.196,1222960,23874577040.0,450130,1982.0,726,1981.0,658,1983.0,1200,1980.0,431,1984.0,344,1979.0,706,1985.0,1009,1978.0,365,1986.0,413,1977.0,597
1597988414123051008,1597988414000000000,2020-08-21 13:40:14.000000,1982.0,1985.0,1911.0,1939.0,nan,1952.196,1222974,23874854450.0,450128,1982.0,722,1981.0,651,1983.0,1200,1980.0,431,1984.0,344,1979.0,706,1985.0,1009,1978.0,365,1986.0,413,1977.0,597
1597988414627736064,1597988414500000000,2020-08-21 13:40:14.500000,1982.0,1985.0,1911.0,1939.0,nan,1952.197,1222979,23874953550.0,450133,1982.0,717,1981.0,652,1983.0,1200,1980.0,431,1984.0,345,1979.0,706,1985.0,1010,1978.0,365,1986.0,413,1977.0,597
1597988415125126912,1597988415000000000,2020-08-21 13:40:15.000000,1981.0,1985.0,1911.0,1939.0,nan,1952.197,1222981,23874993170.0,450134,1982.0,735,1981.0,650,1983.0,1200,1980.0,429,1984.0,345,1979.0,697,1985.0,1010,1978.0,365,1986.0,416,1977.0,597
1597988415662889984,1597988415500000000,2020-08-21 13:40:15.500000,1981.0,1985.0,1911.0,1939.0,nan,1952.197,1222992,23875211090.0,450135,1982.0,734,1981.0,641,1983.0,1200,1980.0,434,1984.0,346,1979.0,697,1985.0,1010,1978.0,365,1986.0,416,1977.0,597
1597988416135703040,1597988416000000000,2020-08-21 13:40:16.000000,1981.0,1985.0,1911.0,1939.0,nan,1952.197,1222994,23875250710.0,450136,1982.0,735,1981.0,642,1983.0,1200,1980.0,434,1984.0,346,1979.0,697,1985.0,1010,1978.0,365,1986.0,416,1977.0,597
1597988416606301952,1597988416500000000,2020-08-21 13:40:16.500000,1981.0,1985.0,1911.0,1939.0,nan,1952.212,1223646,23888166830.0,450651,1981.0,361,1980.0,432,1982.0,739,1979.0,695,1983.0,1200,1978.0,365,1984.0,346,1977.0,597,1985.0,1010,1976.0,501
1597988417145389056,1597988417000000000,2020-08-21 13:40:17.000000,1981.0,1985.0,1911.0,1939.0,nan,1952.212,1223656,23888364920.0,450650,1981.0,468,1980.0,405,1982.0,767,1979.0,694,1983.0,1200,1978.0,366,1984.0,346,1977.0,597,1985.0,1010,1976.0,501
1597988417639663104,1597988417500000000,2020-08-21 13:40:17.500000,1980.0,1985.0,1911.0,1939.0,nan,1952.212,1223657,23888384720.0,450649,1981.0,485,1980.0,345,1982.0,762,1979.0,694,1983.0,1200,1978.0,366,1984.0,346,1977.0,597,1985.0,1010,1976.0,501
1597988418138477056,1597988418000000000,2020-08-21 13:40:18.000000,1981.0,1985.0,1911.0,1939.0,nan,1952.217,1223837,23891950520.0,450649,1981.0,309,1980.0,349,1982.0,768,1979.0,694,1983.0,1200,1978.0,366,1984.0,346,1977.0,597,1985.0,1010,1976.0,501
1597988418626471936,1597988418500000000,2020-08-21 13:40:18.500000,1981.0,1985.0,1911.0,1939.0,nan,1952.217,1223840,23892009930.0,450647,1981.0,311,1980.0,371,1982.0,769,1979.0,694,1983.0,1200,1978.0,366,1984.0,346,1977.0,597,1985.0,1010,1976.0,501
1597988419133722112,1597988419000000000,2020-08-21 13:40:19.000000,1981.0,1985.0,1911.0,1939.0,nan,1952.217,1223840,23892009930.0,450647,1981.0,312,1980.0,372,1982.0,769,1979.0,694,1983.0,1200,1978.0,366,1984.0,346,1977.0,597,1985.0,1011,1976.0,501
1597988419645594880,1597988419500000000,2020-08-21 13:40:19.500000,1980.0,1985.0,1911.0,1939.0,nan,1952.217,1223857,23892346530.0,450646,1981.0,336,1980.0,388,1982.0,774,1979.0,694,1983.0,1200,1978.0,366,1984.0,346,1977.0,597,1985.0,1011,1976.0,501
1597988420114044928,1597988420000000000,2020-08-21 13:40:20.000000,1981.0,1985.0,1911.0,1939.0,nan,1952.217,1223858,23892366340.0,450646,1981.0,335,1980.0,379,1982.0,774,1979.0,694,1983.0,1200,1978.0,366,1984.0,342,1977.0,597,1985.0,1011,1976.0,501
1597988420679030016,1597988420500000000,2020-08-21 13:40:20.500000,1981.0,1985.0,1911.0,1939.0,nan,1952.217,1223859,23892386150.0,450646,1981.0,334,1980.0,373,1982.0,778,1979.0,694,1983.0,1199,1978.0,376,1984.0,342,1977.0,597,1985.0,1011,1976.0,501
1597988421113779968,1597988421000000000,2020-08-21 13:40:21.000000,1981.0,1985.0,1911.0,1939.0,nan,1952.217,1223859,23892386150.0,450646,1981.0,334,1980.0,373,1982.0,778,1979.0,693,1983.0,1199,1978.0,376,1984.0,342,1977.0,597,1985.0,1011,1976.0,501
1597988421630981888,1597988421500000000,2020-08-21 13:40:21.500000,1981.0,1985.0,1911.0,1939.0,nan,1952.217,1223870,23892604060.0,450643,1981.0,324,1980.0,373,1982.0,779,1979.0,692,1983.0,1200,1978.0,376,1984.0,341,1977.0,597,1985.0,1011,1976.0,501
1597988422114744064,1597988422000000000,2020-08-21 13:40:22.000000,1980.0,1985.0,1911.0,1939.0,nan,1952.218,1223875,23892703060.0,450639,1981.0,325,1980.0,363,1982.0,779,1979.0,690,1983.0,1200,1978.0,372,1984.0,340,1977.0,597,1985.0,1011,1976.0,501
1597988422636268032,1597988422500000000,2020-08-21 13:40:22.500000,1980.0,1985.0,1911.0,1939.0,nan,1952.218,1223875,23892703060.0,450639,1981.0,327,1980.0,365,1982.0,779,1979.0,709,1983.0,1201,1978.0,372,1984.0,341,1977.0,597,1985.0,1011,1976.0,501
1597988423122686976,1597988423000000000,2020-08-21 13:40:23.000000,1981.0,1985.0,1911.0,1939.0,nan,1952.218,1223881,23892821920.0,450639,1981.0,321,1980.0,385,1982.0,779,1979.0,709,1983.0,1201,1978.0,372,1984.0,341,1977.0,597,1985.0,1012,1976.0,501
1597988423612742912,1597988423500000000,2020-08-21 13:40:23.500000,1980.0,1985.0,1911.0,1939.0,nan,1952.218,1223882,23892841720.0,450638,1981.0,322,1980.0,385,1982.0,779,1979.0,709,1983.0,1200,1978.0,372,1984.0,341,1977.0,597,1985.0,1012,1976.0,501
1597988424161111040,1597988424000000000,2020-08-21 13:40:24.000000,1980.0,1985.0,1911.0,1939.0,nan,1952.218,1223890,23893000170.0,450637,1981.0,328,1980.0,381,1982.0,780,1979.0,709,1983.0,1200,1978.0,372,1984.0,341,1977.0,597,1985.0,1012,1976.0,501
1597988424636228096,1597988424500000000,2020-08-21 13:40:24.500000,1980.0,1985.0,1911.0,1939.0,nan,1952.218,1223893,23893059570.0,450634,1981.0,383,1980.0,400,1982.0,780,1979.0,709,1983.0,1201,1978.0,372,1984.0,341,1977.0,597,1985.0,1012,1976.0,501
1597988425116105984,1597988425000000000,2020-08-21 13:40:25.000000,1980.0,1985.0,1911.0,1939.0,nan,1952.218,1223893,23893059570.0,450634,1981.0,388,1980.0,401,1982.0,781,1979.0,689,1983.0,1201,1978.0,392,1984.0,341,1977.0,597,1985.0,1012,1976.0,501
1597988425616386048,1597988425500000000,2020-08-21 13:40:25.500000,1980.0,1985.0,1911.0,1939.0,nan,1952.218,1223903,23893257570.0,450634,1981.0,390,1980.0,394,1982.0,777,1979.0,689,1983.0,1201,1978.0,392,1984.0,341,1977.0,597,1985.0,1012,1976.0,501
1597988426136591872,1597988426000000000,2020-08-21 13:40:26.000000,1980.0,1985.0,1911.0,1939.0,nan,1952.218,1223903,23893257570.0,450634,1981.0,392,1980.0,397,1982.0,778,1979.0,689,1983.0,1201,1978.0,392,1984.0,341,1977.0,599,1985.0,1012,1976.0,501
1597988426746213120,1597988426500000000,2020-08-21 13:40:26.500000,1980.0,1985.0,1911.0,1939.0,nan,1952.219,1223917,23893534880.0,450623,1981.0,381,1980.0,394,1982.0,778,1979.0,690,1983.0,1202,1978.0,392,1984.0,341,1977.0,599,1985.0,1012,1976.0,501
1597988427161083904,1597988427000000000,2020-08-21 13:40:27.000000,1980.0,1985.0,1911.0,1939.0,nan,1952.219,1223919,23893574480.0,450624,1981.0,384,1980.0,393,1982.0,779,1979.0,691,1983.0,1202,1978.0,392,1984.0,340,1977.0,599,1985.0,1011,1976.0,501
