local_nano_time,quote_nano_time,datetime,last_price,highest,lowest,open,close,average,volume,amount,open_interest,ask_price1,ask_volume1,bid_price1,bid_volume1,ask_price2,ask_volume2,bid_price2,bid_volume2,ask_price3,ask_volume3,bid_price3,bid_volume3,ask_price4,ask_volume4,bid_price4,bid_volume4,ask_price5,ask_volume5,bid_price5,bid_volume5
1597988230152716032,1597988230432000000,2020-08-21 13:37:10.432000,12415.0,12420.0,12280.0,12360.0,nan,12350.217165,165888,20487528250.0,209621,12420.0,421,12415.0,136,12425.0,521,12410.0,196,12430.0,427,12405.0,159,12435.0,275,12400.0,224,12440.0,196,12395.0,146
1597988230622350080,1597988230935000064,2020-08-21 13:37:10.935000,12420.0,12420.0,12280.0,12360.0,nan,12350.222603,165901,20489142800.0,209632,12420.0,409,12415.0,135,12425.0,521,12410.0,196,12430.0,427,12405.0,159,12435.0,275,12400.0,224,12440.0,196,12395.0,146
1597988231154350080,1597988231436999936,2020-08-21 13:37:11.437000,12415.0,12420.0,12280.0,12360.0,nan,12350.222993,165902,20489266950.0,209632,12420.0,409,12415.0,167,12425.0,521,12410.0,196,12430.0,427,12405.0,159,12435.0,275,12400.0,224,12440.0,196,12395.0,146
1597988231629508096,1597988231910000128,2020-08-21 13:37:11.910000,12415.0,12420.0,12280.0,12360.0,nan,12350.224164,165905,20489639400.0,209634,12420.0,411,12415.0,166,12425.0,521,12410.0,196,12430.0,427,12405.0,159,12435.0,275,12400.0,224,12440.0,196,12395.0,146
1597988232138085120,1597988232423000064,2020-08-21 13:37:12.423000,12420.0,12420.0,12280.0,12360.0,nan,12350.224585,165906,20489763600.0,209635,12420.0,412,12415.0,166,12425.0,521,12410.0,196,12430.0,427,12405.0,159,12435.0,275,12400.0,224,12440.0,196,12395.0,146
1597988232622848000,1597988232932000000,2020-08-21 13:37:12.932000,12420.0,12420.0,12280.0,12360.0,nan,12350.224585,165906,20489763600.0,209635,12420.0,414,12415.0,166,12425.0,521,12410.0,196,12430.0,427,12405.0,159,12435.0,275,12400.0,224,12440.0,196,12395.0,146
1597988233118473984,1597988233405999872,2020-08-21 13:37:13.406000,12420.0,12420.0,12280.0,12360.0,nan,12350.224585,165906,20489763600.0,209635,12420.0,414,12415.0,166,12425.0,521,12410.0,196,12430.0,427,12405.0,159,12435.0,255,12400.0,225,12440.0,196,12395.0,146
1597988233630116096,1597988233912000000,2020-08-21 13:37:13.912000,12420.0,12420.0,12280.0,12360.0,nan,12350.22837,165915,20490881400.0,209635,12420.0,405,12415.0,166,12425.0,521,12410.0,197,12430.0,427,12405.0,159,12435.0,255,12400.0,225,12440.0,196,12395.0,147
1597988234131840000,1597988234427000064,2020-08-21 13:37:14.427000,12415.0,12420.0,12280.0,12360.0,nan,12350.229541,165918,20491253850.0,209635,12420.0,407,12415.0,163,12425.0,521,12410.0,197,12430.0,427,12405.0,159,12435.0,255,12400.0,225,12440.0,196,12395.0,147
1597988234632154880,1597988234937999872,2020-08-21 13:37:14.938000,12415.0,12420.0,12280.0,12360.0,nan,12350.229931,165919,20491378000.0,209636,12420.0,407,12415.0,162,12425.0,521,12410.0,196,12430.0,427,12405.0,159,12435.0,255,12400.0,225,12440.0,196,12395.0,147
1597988235132352000,1597988235413000192,2020-08-21 13:37:15.413000,12420.0,12420.0,12280.0,12360.0,nan,12350.231133,165922,20491750500.0,209636,12420.0,406,12415.0,160,12425.0,520,12410.0,197,12430.0,427,12405.0,159,12435.0,255,12400.0,220,12440.0,196,12395.0,147
1597988235625316096,1597988235905999872,2020-08-21 13:37:15.906000,12420.0,12420.0,12280.0,12360.0,nan,12350.231553,165923,20491874700.0,209637,12420.0,405,12415.0,160,12425.0,520,12410.0,197,12430.0,427,12405.0,159,12435.0,255,12400.0,220,12440.0,196,12395.0,147
1597988236116879872,1597988236432000000,2020-08-21 13:37:16.432000,12415.0,12420.0,12280.0,12360.0,nan,12350.232784,165926,20492247250.0,209639,12420.0,405,12415.0,159,12425.0,520,12410.0,197,12430.0,427,12405.0,159,12435.0,255,12400.0,220,12440.0,196,12395.0,147
1597988236614793984,1597988236918999808,2020-08-21 13:37:16.919000,12420.0,12420.0,12280.0,12360.0,nan,12350.236989,165936,20493489250.0,209644,12420.0,394,12415.0,159,12425.0,520,12410.0,196,12430.0,427,12405.0,159,12435.0,252,12400.0,220,12440.0,196,12395.0,147
1597988237137881088,1597988237435000064,2020-08-21 13:37:17.435000,12415.0,12420.0,12280.0,12360.0,nan,12350.246537,165959,20496345650.0,209661,12420.0,377,12415.0,162,12425.0,520,12410.0,196,12430.0,427,12405.0,161,12435.0,252,12400.0,220,12440.0,196,12395.0,147
1597988237623886080,1597988237934000128,2020-08-21 13:37:17.934000,12415.0,12420.0,12280.0,12360.0,nan,12350.247768,165962,20496718200.0,209662,12420.0,376,12415.0,161,12425.0,520,12410.0,196,12430.0,429,12405.0,163,12435.0,252,12400.0,220,12440.0,195,12395.0,147
1597988238145101056,1597988238430000128,2020-08-21 13:37:18.430000,12420.0,12420.0,12280.0,12360.0,nan,12350.256022,165982,20499201950.0,209670,12420.0,361,12415.0,163,12425.0,520,12410.0,197,12430.0,429,12405.0,164,12435.0,252,12400.0,220,12440.0,195,12395.0,147
1597988238622990080,1597988238932000000,2020-08-21 13:37:18.932000,12415.0,12420.0,12280.0,12360.0,nan,12350.256832,165984,20499450300.0,209671,12420.0,360,12415.0,164,12425.0,522,12410.0,197,12430.0,429,12405.0,164,12435.0,252,12400.0,220,12440.0,195,12395.0,147
1597988239128983040,1597988239420999936,2020-08-21 13:37:19.421000,12415.0,12420.0,12280.0,12360.0,nan,12350.256832,165984,20499450300.0,209671,12420.0,361,12415.0,167,12425.0,523,12410.0,196,12430.0,429,12405.0,164,12435.0,252,12400.0,220,12440.0,195,12395.0,147
1597988239622070016,1597988239932000000,2020-08-21 13:37:19.932000,12415.0,12420.0,12280.0,12360.0,nan,12350.256832,165984,20499450300.0,209671,12420.0,361,12415.0,168,12425.0,523,12410.0,196,12430.0,429,12405.0,164,12435.0,252,12400.0,220,12440.0,195,12395.0,147
1597988240156022016,1597988240416999936,2020-08-21 13:37:20.417000,12420.0,12420.0,12280.0,12360.0,nan,12350.29043,166064,20509386300.0,209698,12420.0,281,12415.0,171,12425.0,523,12410.0,196,12430.0,429,12405.0,164,12435.0,252,12400.0,221,12440.0,195,12395.0,147
1597988240630550016,1597988240916000000,2020-08-21 13:37:20.916000,12420.0,12420.0,12280.0,12360.0,nan,12350.293188,166071,20510255400.0,209704,12420.0,284,12415.0,174,12425.0,524,12410.0,196,12430.0,430,12405.0,164,12435.0,252,12400.0,221,12440.0,195,12395.0,147
1597988241150331904,1597988241423000064,2020-08-21 13:37:21.423000,12415.0,12420.0,12280.0,12360.0,nan,12350.293997,166073,20510503750.0,209704,12420.0,283,12415.0,170,12425.0,524,12410.0,196,12430.0,430,12405.0,164,12435.0,252,12400.0,221,12440.0,195,12395.0,147
1597988241631301888,1597988241936000000,2020-08-21 13:37:21.936000,12415.0,12420.0,12280.0,12360.0,nan,12350.294776,166075,20510752050.0,209706,12420.0,284,12415.0,165,12425.0,523,12410.0,197,12430.0,430,12405.0,164,12435.0,252,12400.0,221,12440.0,196,12395.0,147
1597988242127390976,1597988242423000064,2020-08-21 13:37:22.423000,12415.0,12420.0,12280.0,12360.0,nan,12350.294776,166075,20510752050.0,209706,12420.0,285,12415.0,168,12425.0,522,12410.0,197,12430.0,430,12405.0,169,12435.0,252,12400.0,221,12440.0,197,12395.0,147
1597988242650199040,1597988242935000064,2020-08-21 13:37:22.935000,12420.0,12420.0,12280.0,12360.0,nan,12350.295196,166076,20510876250.0,209706,12420.0,283,12415.0,167,12425.0,522,12410.0,197,12430.0,430,12405.0,168,12435.0,252,12400.0,221,12440.0,197,12395.0,147
1597988243120099072,1597988243432000000,2020-08-21 13:37:23.432000,12420.0,12420.0,12280.0,12360.0,nan,12350.295616,166077,20511000450.0,209706,12420.0,277,12415.0,167,12425.0,522,12410.0,197,12430.0,431,12405.0,170,12435.0,252,12400.0,221,12440.0,197,12395.0,147
1597988243629658880,1597988243917999872,2020-08-21 13:37:23.918000,12420.0,12420.0,12280.0,12360.0,nan,12350.296036,166078,20511124650.0,209706,12420.0,288,12415.0,167,12425.0,524,12410.0,196,12430.0,431,12405.0,170,12435.0,252,12400.0,221,12440.0,197,12395.0,147
1597988244117964032,1597988244433000192,2020-08-21 13:37:24.433000,12420.0,12420.0,12280.0,12360.0,nan,12350.296455,166079,20511248850.0,209706,12420.0,290,12415.0,167,12425.0,524,12410.0,197,12430.0,431,12405.0,170,12435.0,252,12400.0,221,12440.0,197,12395.0,147
1597988244641739008,1597988244932000000,2020-08-21 13:37:24.932000,12415.0,12420.0,12280.0,12360.0,nan,12350.299572,166087,20512242050.0,209706,12420.0,292,12415.0,159,12425.0,524,12410.0,197,12430.0,431,12405.0,170,12435.0,252,12400.0,221,12440.0,197,12395.0,147
1597988245123418880,1597988245427000064,2020-08-21 13:37:25.427000,12415.0,12420.0,12280.0,12360.0,nan,12350.299572,166087,20512242050.0,209706,12420.0,302,12415.0,159,12425.0,524,12410.0,198,12430.0,431,12405.0,170,12435.0,252,12400.0,221,12440.0,198,12395.0,147
1597988245624827904,1597988245882999808,2020-08-21 13:37:25.883000,12415.0,12420.0,12280.0,12360.0,nan,12350.299572,166087,20512242050.0,209706,12420.0,313,12415.0,159,12425.0,524,12410.0,198,12430.0,431,12405.0,170,12435.0,252,12400.0,221,12440.0,198,12395.0,147
1597988246156847104,1597988246423000064,2020-08-21 13:37:26.423000,12415.0,12420.0,12280.0,12360.0,nan,12350.299572,166087,20512242050.0,209706,12420.0,315,12415.0,159,12425.0,524,12410.0,198,12430.0,432,12405.0,170,12435.0,252,12400.0,221,12440.0,198,12395.0,147
1597988246644035072,1597988246932000000,2020-08-21 13:37:26.932000,12420.0,12420.0,12280.0,12360.0,nan,12350.300411,166089,20512490450.0,209707,12420.0,313,12415.0,161,12425.0,524,12410.0,198,12430.0,433,12405.0,169,12435.0,252,12400.0,221,12440.0,198,12395.0,147
1597988247133218048,1597988247436999936,2020-08-21 13:37:27.437000,12415.0,12420.0,12280.0,12360.0,nan,12350.303288,166096,20513359750.0,209712,12420.0,309,12415.0,159,12425.0,524,12410.0,198,12430.0,433,12405.0,169,12435.0,252,12400.0,221,12440.0,198,12395.0,147
1597988247615075072,1597988247912000000,2020-08-21 13:37:27.912000,12415.0,12420.0,12280.0,12360.0,nan,12350.303288,166096,20513359750.0,209712,12420.0,310,12415.0,159,12425.0,524,12410.0,197,12430.0,437,12405.0,170,12435.0,252,12400.0,220,12440.0,198,12395.0,147
1597988248146401024,1597988248420999936,2020-08-21 13:37:28.421000,12420.0,12420.0,12280.0,12360.0,nan,12350.303708,166097,20513483950.0,209711,12420.0,310,12415.0,161,12425.0,524,12410.0,197,12430.0,437,12405.0,170,12435.0,252,12400.0,221,12440.0,198,12395.0,147
1597988248629861120,1597988248938999808,2020-08-21 13:37:28.939000,12420.0,12420.0,12280.0,12360.0,nan,12350.304128,166098,20513608150.0,209711,12420.0,309,12415.0,163,12425.0,524,12410.0,197,12430.0,437,12405.0,170,12435.0,252,12400.0,221,12440.0,198,12395.0,147
1597988249138736128,1597988249420000000,2020-08-21 13:37:29.420000,12420.0,12420.0,12280.0,12360.0,nan,12350.304128,166098,20513608150.0,209711,12420.0,311,12415.0,164,12425.0,523,12410.0,197,12430.0,437,12405.0,170,12435.0,256,12400.0,221,12440.0,198,12395.0,147
1597988249633438976,1597988249930000128,2020-08-21 13:37:29.930000,12420.0,12420.0,12280.0,12360.0,nan,12350.304547,166099,20513732350.0,209711,12420.0,310,12415.0,164,12425.0,523,12410.0,197,12430.0,437,12405.0,170,12435.0,256,12400.0,221,12440.0,198,12395.0,147
1597988250159088896,1597988250435000064,2020-08-21 13:37:30.435000,12420.0,12420.0,12280.0,12360.0,nan,12350.304547,166099,20513732350.0,209711,12420.0,313,12415.0,165,12425.0,523,12410.0,197,12430.0,436,12405.0,170,12435.0,256,12400.0,221,12440.0,202,12395.0,147
1597988250624035072,1597988250933000192,2020-08-21 13:37:30.933000,12420.0,12420.0,12280.0,12360.0,nan,12350.304547,166099,20513732350.0,209711,12420.0,314,12415.0,165,12425.0,523,12410.0,198,12430.0,436,12405.0,170,12435.0,256,12400.0,221,12440.0,202,12395.0,147
1597988251144126976,1597988251436000000,2020-08-21 13:37:31.436000,12415.0,12420.0,12280.0,12360.0,nan,12350.305326,166101,20513980650.0,209711,12420.0,316,12415.0,163,12425.0,524,12410.0,201,12430.0,436,12405.0,170,12435.0,256,12400.0,221,12440.0,202,12395.0,147
1597988251638948096,1597988251914000128,2020-08-21 13:37:31.914000,12420.0,12420.0,12280.0,12360.0,nan,12350.307005,166105,20514477450.0,209711,12420.0,312,12415.0,163,12425.0,524,12410.0,201,12430.0,439,12405.0,170,12435.0,256,12400.0,223,12440.0,202,12395.0,147
1597988252148579072,1597988252421999872,2020-08-21 13:37:32.422000,12420.0,12420.0,12280.0,12360.0,nan,12350.307005,166105,20514477450.0,209711,12420.0,312,12415.0,167,12425.0,524,12410.0,201,12430.0,439,12405.0,170,12435.0,256,12400.0,223,12440.0,202,12395.0,147
1597988252636326912,1597988252933000192,2020-08-21 13:37:32.933000,12420.0,12420.0,12280.0,12360.0,nan,12350.307005,166105,20514477450.0,209711,12420.0,313,12415.0,168,12425.0,524,12410.0,201,12430.0,439,12405.0,170,12435.0,256,12400.0,224,12440.0,202,12395.0,147
1597988253162436096,1597988253424000000,2020-08-21 13:37:33.424000,12420.0,12420.0,12280.0,12360.0,nan,12350.307005,166105,20514477450.0,209711,12420.0,313,12415.0,168,12425.0,524,12410.0,217,12430.0,439,12405.0,170,12435.0,256,12400.0,224,12440.0,202,12395.0,147
1597988253624107008,1597988253898999808,2020-08-21 13:37:33.899000,12420.0,12420.0,12280.0,12360.0,nan,12350.307424,166106,20514601650.0,209712,12420.0,312,12415.0,169,12425.0,524,12410.0,217,12430.0,440,12405.0,170,12435.0,256,12400.0,224,12440.0,202,12395.0,147
1597988254121940992,1597988254438999808,2020-08-21 13:37:34.439000,12420.0,12420.0,12280.0,12360.0,nan,12350.309881,166112,20515346750.0,209716,12420.0,308,12415.0,167,12425.0,524,12410.0,217,12430.0,440,12405.0,170,12435.0,256,12400.0,224,12440.0,202,12395.0,147
1597988254620935936,1597988254935000064,2020-08-21 13:37:34.935000,12420.0,12420.0,12280.0,12360.0,nan,12350.310301,166113,20515470950.0,209716,12420.0,310,12415.0,167,12425.0,524,12410.0,217,12430.0,440,12405.0,170,12435.0,256,12400.0,224,12440.0,202,12395.0,147
1597988255110196992,1597988255433000192,2020-08-21 13:37:35.433000,12420.0,12420.0,12280.0,12360.0,nan,12350.31111,166115,20515719300.0,209715,12420.0,314,12415.0,167,12425.0,524,12410.0,217,12430.0,440,12405.0,170,12435.0,256,12400.0,224,12440.0,202,12395.0,147
1597988255615397120,1597988255931000064,2020-08-21 13:37:35.931000,12420.0,12420.0,12280.0,12360.0,nan,12350.315423,166126,20517085000.0,209715,12420.0,313,12415.0,162,12425.0,525,12410.0,217,12430.0,439,12405.0,170,12435.0,256,12400.0,225,12440.0,202,12395.0,147
1597988256145731072,1597988256426000128,2020-08-21 13:37:36.426000,12420.0,12420.0,12280.0,12360.0,nan,12350.316682,166129,20517457600.0,209715,12420.0,311,12415.0,163,12425.0,525,12410.0,217,12430.0,439,12405.0,170,12435.0,256,12400.0,225,12440.0,202,12395.0,147
1597988256641569024,1597988256924999936,2020-08-21 13:37:36.925000,12415.0,12420.0,12280.0,12360.0,nan,12350.317071,166130,20517581750.0,209715,12420.0,311,12415.0,162,12425.0,526,12410.0,217,12430.0,440,12405.0,170,12435.0,256,12400.0,225,12440.0,202,12395.0,147
1597988257137757952,1597988257427000064,2020-08-21 13:37:37.427000,12415.0,12420.0,12280.0,12360.0,nan,12350.317071,166130,20517581750.0,209715,12420.0,311,12415.0,163,12425.0,526,12410.0,217,12430.0,450,12405.0,170,12435.0,256,12400.0,225,12440.0,202,12395.0,147
1597988257615503872,1597988257933000192,2020-08-21 13:37:37.933000,12415.0,12420.0,12280.0,12360.0,nan,12350.317071,166130,20517581750.0,209715,12420.0,312,12415.0,163,12425.0,526,12410.0,217,12430.0,450,12405.0,170,12435.0,256,12400.0,225,12440.0,202,12395.0,147
1597988258113392128,1597988258416999936,2020-08-21 13:37:38.417000,12415.0,12420.0,12280.0,12360.0,nan,12350.317071,166130,20517581750.0,209715,12420.0,312,12415.0,158,12425.0,526,12410.0,217,12430.0,450,12405.0,170,12435.0,256,12400.0,225,12440.0,202,12395.0,147
1597988258614233088,1597988258935000064,2020-08-21 13:37:38.935000,12415.0,12420.0,12280.0,12360.0,nan,12350.317071,166130,20517581750.0,209715,12420.0,312,12415.0,158,12425.0,526,12410.0,218,12430.0,450,12405.0,170,12435.0,256,12400.0,225,12440.0,202,12395.0,147
1597988259138157056,1597988259405999872,2020-08-21 13:37:39.406000,12420.0,12420.0,12280.0,12360.0,nan,12350.318299,166133,20517954300.0,209716,12420.0,315,12415.0,157,12425.0,527,12410.0,218,12430.0,450,12405.0,170,12435.0,256,12400.0,225,12440.0,202,12395.0,147
1597988259643913984,1597988259921999872,2020-08-21 13:37:39.922000,12420.0,12420.0,12280.0,12360.0,nan,12350.319138,166135,20518202700.0,209716,12420.0,314,12415.0,157,12425.0,527,12410.0,218,12430.0,450,12405.0,170,12435.0,256,12400.0,225,12440.0,202,12395.0,147
1597988260132600064,1597988260427000064,2020-08-21 13:37:40.427000,12420.0,12420.0,12280.0,12360.0,nan,12350.319138,166135,20518202700.0,209716,12420.0,314,12415.0,157,12425.0,527,12410.0,218,12430.0,451,12405.0,170,12435.0,256,12400.0,225,12440.0,212,12395.0,147
1597988260623650048,1597988260932000000,2020-08-21 13:37:40.932000,12420.0,12420.0,12280.0,12360.0,nan,12350.319138,166135,20518202700.0,209716,12420.0,312,12415.0,157,12425.0,527,12410.0,218,12430.0,451,12405.0,170,12435.0,256,12400.0,225,12440.0,212,12395.0,147
1597988261149442048,1597988261723000064,2020-08-21 13:37:41.723000,12415.0,12420.0,12280.0,12360.0,nan,12350.319917,166137,20518451000.0,209718,12420.0,307,12415.0,156,12425.0,527,12410.0,218,12430.0,451,12405.0,170,12435.0,256,12400.0,225,12440.0,212,12395.0,147
1597988261616008960,1597988261931000064,2020-08-21 13:37:41.931000,12420.0,12420.0,12280.0,12360.0,nan,12350.320336,166138,20518575200.0,209718,12420.0,306,12415.0,157,12425.0,527,12410.0,218,12430.0,451,12405.0,170,12435.0,256,12400.0,225,12440.0,212,12395.0,147
1597988262124229120,1597988262435000064,2020-08-21 13:37:42.435000,12420.0,12420.0,12280.0,12360.0,nan,12350.321564,166141,20518947750.0,209719,12420.0,304,12415.0,156,12425.0,526,12410.0,218,12430.0,451,12405.0,170,12435.0,256,12400.0,225,12440.0,212,12395.0,147
1597988262646078976,1597988263232999936,2020-08-21 13:37:43.233000,12420.0,12420.0,12280.0,12360.0,nan,12350.325758,166151,20520189750.0,209727,12420.0,295,12415.0,155,12425.0,526,12410.0,218,12430.0,451,12405.0,170,12435.0,268,12400.0,225,12440.0,212,12395.0,147
1597988263109934080,1597988263379000064,2020-08-21 13:37:43.379000,12420.0,12420.0,12280.0,12360.0,nan,12350.326177,166152,20520313950.0,209727,12420.0,297,12415.0,156,12425.0,525,12410.0,219,12430.0,451,12405.0,170,12435.0,269,12400.0,225,12440.0,208,12395.0,147
1597988263618476032,1597988263930000128,2020-08-21 13:37:43.930000,12420.0,12420.0,12280.0,12360.0,nan,12350.327435,166155,20520686550.0,209724,12420.0,294,12415.0,156,12425.0,525,12410.0,219,12430.0,451,12405.0,170,12435.0,269,12400.0,225,12440.0,208,12395.0,147
1597988264124734976,1597988264433000192,2020-08-21 13:37:44.433000,12415.0,12420.0,12280.0,12360.0,nan,12350.389712,166315,20540550650.0,209742,12415.0,47,12410.0,219,12420.0,294,12405.0,170,12425.0,525,12400.0,225,12430.0,451,12395.0,147,12435.0,270,12390.0,239
1597988264620173056,1597988264935000064,2020-08-21 13:37:44.935000,12415.0,12420.0,12280.0,12360.0,nan,12350.401365,166345,20544275150.0,209741,12415.0,62,12410.0,220,12420.0,310,12405.0,170,12425.0,525,12400.0,225,12430.0,451,12395.0,147,12435.0,270,12390.0,239
1597988265140576000,1597988265413000192,2020-08-21 13:37:45.413000,12415.0,12420.0,12280.0,12360.0,nan,12350.402918,166349,20544771750.0,209739,12415.0,41,12410.0,220,12420.0,309,12405.0,170,12425.0,525,12400.0,225,12430.0,451,12395.0,147,12435.0,270,12390.0,239
1597988265615528960,1597988265935000064,2020-08-21 13:37:45.935000,12415.0,12420.0,12280.0,12360.0,nan,12350.407577,166361,20546261550.0,209739,12415.0,29,12410.0,220,12420.0,311,12405.0,170,12425.0,525,12400.0,225,12430.0,451,12395.0,147,12435.0,271,12390.0,239
1597988266144574976,1597988266424999936,2020-08-21 13:37:46.425000,12410.0,12420.0,12280.0,12360.0,nan,12350.412564,166374,20547875400.0,209741,12415.0,18,12410.0,218,12420.0,311,12405.0,170,12425.0,535,12400.0,225,12430.0,452,12395.0,147,12435.0,271,12390.0,239
1597988266617856000,1597988266924000000,2020-08-21 13:37:46.924000,12410.0,12420.0,12280.0,12360.0,nan,12350.412923,166375,20547999500.0,209741,12415.0,19,12410.0,218,12420.0,312,12405.0,170,12425.0,536,12400.0,225,12430.0,452,12395.0,147,12435.0,271,12390.0,239
1597988267141318912,1597988267416999936,2020-08-21 13:37:47.417000,12415.0,12420.0,12280.0,12360.0,nan,12350.413699,166377,20548247800.0,209741,12415.0,29,12410.0,213,12420.0,311,12405.0,170,12425.0,536,12400.0,225,12430.0,452,12395.0,147,12435.0,271,12390.0,239
1597988267616655104,1597988267938999808,2020-08-21 13:37:47.939000,12415.0,12420.0,12280.0,12360.0,nan,12350.416028,166383,20548992700.0,209743,12415.0,66,12410.0,213,12420.0,311,12405.0,170,12425.0,536,12400.0,225,12430.0,452,12395.0,147,12435.0,271,12390.0,239
1597988268151629056,1597988268428999936,2020-08-21 13:37:48.429000,12415.0,12420.0,12280.0,12360.0,nan,12350.42379,166403,20551475700.0,209750,12415.0,60,12410.0,214,12420.0,311,12405.0,170,12425.0,536,12400.0,225,12430.0,452,12395.0,147,12435.0,271,12390.0,239
1597988268621829888,1597988268924999936,2020-08-21 13:37:48.925000,12415.0,12420.0,12280.0,12360.0,nan,12350.42379,166403,20551475700.0,209750,12415.0,71,12410.0,214,12420.0,311,12405.0,171,12425.0,536,12400.0,225,12430.0,452,12395.0,147,12435.0,271,12390.0,239
1597988269118117888,1597988269407000064,2020-08-21 13:37:49.407000,12415.0,12420.0,12280.0,12360.0,nan,12350.42379,166403,20551475700.0,209750,12415.0,73,12410.0,215,12420.0,311,12405.0,171,12425.0,536,12400.0,225,12430.0,452,12395.0,147,12435.0,271,12390.0,239
1597988269655106048,1597988269923000064,2020-08-21 13:37:49.923000,12415.0,12420.0,12280.0,12360.0,nan,12350.42379,166403,20551475700.0,209750,12415.0,74,12410.0,215,12420.0,311,12405.0,171,12425.0,536,12400.0,225,12430.0,452,12395.0,147,12435.0,271,12390.0,239
1597988270149620992,1597988270424000000,2020-08-21 13:37:50.424000,12415.0,12420.0,12280.0,12360.0,nan,12350.429909,166419,20553461950.0,209763,12415.0,65,12410.0,212,12420.0,311,12405.0,171,12425.0,536,12400.0,225,12430.0,452,12395.0,147,12435.0,271,12390.0,239
1597988270612040960,1597988270935000064,2020-08-21 13:37:50.935000,12410.0,12420.0,12280.0,12360.0,nan,12350.430983,166422,20553834250.0,209762,12415.0,67,12410.0,210,12420.0,310,12405.0,171,12425.0,536,12400.0,225,12430.0,452,12395.0,147,12435.0,271,12390.0,239
1597988271147781120,1597988271434000128,2020-08-21 13:37:51.434000,12415.0,12420.0,12280.0,12360.0,nan,12350.431371,166423,20553958400.0,209763,12415.0,67,12410.0,210,12420.0,310,12405.0,171,12425.0,536,12400.0,227,12430.0,452,12395.0,147,12435.0,271,12390.0,239
1597988271606036992,1597988271913000192,2020-08-21 13:37:51.913000,12415.0,12420.0,12280.0,12360.0,nan,12350.434862,166432,20555075750.0,209772,12415.0,63,12410.0,210,12420.0,311,12405.0,171,12425.0,536,12400.0,227,12430.0,452,12395.0,147,12435.0,271,12390.0,239
1597988272137149952,1597988272432000000,2020-08-21 13:37:52.432000,12415.0,12420.0,12280.0,12360.0,nan,12350.434862,166432,20555075750.0,209772,12415.0,63,12410.0,209,12420.0,313,12405.0,171,12425.0,536,12400.0,227,12430.0,452,12395.0,147,12435.0,272,12390.0,239
1597988272619987968,1597988272932000000,2020-08-21 13:37:52.932000,12415.0,12420.0,12280.0,12360.0,nan,12350.43525,166433,20555199900.0,209773,12415.0,62,12410.0,208,12420.0,310,12405.0,171,12425.0,536,12400.0,227,12430.0,452,12395.0,147,12435.0,272,12390.0,239
1597988273147165952,1597988273434000128,2020-08-21 13:37:53.434000,12415.0,12420.0,12280.0,12360.0,nan,12350.43525,166433,20555199900.0,209773,12415.0,61,12410.0,208,12420.0,310,12405.0,172,12425.0,536,12400.0,227,12430.0,452,12395.0,147,12435.0,272,12390.0,239
1597988273615627008,1597988273932000000,2020-08-21 13:37:53.932000,12415.0,12420.0,12280.0,12360.0,nan,12350.43525,166433,20555199900.0,209773,12415.0,62,12410.0,208,12420.0,320,12405.0,172,12425.0,536,12400.0,227,12430.0,452,12395.0,147,12435.0,272,12390.0,239
1597988274149108992,1597988274432000000,2020-08-21 13:37:54.432000,12410.0,12420.0,12280.0,12360.0,nan,12350.435966,166435,20555448100.0,209773,12415.0,62,12410.0,207,12420.0,322,12405.0,172,12425.0,536,12400.0,227,12430.0,452,12395.0,147,12435.0,272,12390.0,239
1597988274659119104,1597988275239000064,2020-08-21 13:37:55.239000,12415.0,12420.0,12280.0,12360.0,nan,12350.438263,166441,20556192950.0,209777,12415.0,63,12410.0,206,12420.0,322,12405.0,172,12425.0,536,12400.0,227,12430.0,452,12395.0,147,12435.0,272,12390.0,239
1597988275146393088,1597988275411000064,2020-08-21 13:37:55.411000,12410.0,12420.0,12280.0,12360.0,nan,12350.439337,166444,20556565250.0,209777,12415.0,59,12410.0,204,12420.0,323,12405.0,172,12425.0,536,12400.0,227,12430.0,452,12395.0,147,12435.0,272,12390.0,239
1597988275757246976,1597988275917999872,2020-08-21 13:37:55.918000,12410.0,12420.0,12280.0,12360.0,nan,12350.439337,166444,20556565250.0,209777,12415.0,66,12410.0,204,12420.0,321,12405.0,172,12425.0,536,12400.0,227,12430.0,452,12395.0,147,12435.0,272,12390.0,239
1597988276145453056,1597988276423000064,2020-08-21 13:37:56.423000,12410.0,12420.0,12280.0,12360.0,nan,12350.439337,166444,20556565250.0,209777,12415.0,68,12410.0,205,12420.0,322,12405.0,172,12425.0,536,12400.0,227,12430.0,452,12395.0,147,12435.0,272,12390.0,239
1597988276814594048,1597988277226000128,2020-08-21 13:37:57.226000,12415.0,12420.0,12280.0,12360.0,nan,12350.440501,166447,20556937700.0,209780,12415.0,65,12410.0,206,12420.0,322,12405.0,172,12425.0,535,12400.0,227,12430.0,451,12395.0,147,12435.0,272,12390.0,239
1597988277233028096,1597988277428999936,2020-08-21 13:37:57.429000,12415.0,12420.0,12280.0,12360.0,nan,12350.440501,166447,20556937700.0,209780,12415.0,66,12410.0,207,12420.0,323,12405.0,180,12425.0,535,12400.0,220,12430.0,451,12395.0,147,12435.0,274,12390.0,239
1597988277626312960,1597988277920000000,2020-08-21 13:37:57.920000,12410.0,12420.0,12280.0,12360.0,nan,12350.441216,166449,20557185900.0,209780,12415.0,66,12410.0,205,12420.0,322,12405.0,180,12425.0,535,12400.0,220,12430.0,451,12395.0,147,12435.0,274,12390.0,239
1597988278134234112,1597988278436000000,2020-08-21 13:37:58.436000,12410.0,12420.0,12280.0,12360.0,nan,12350.441216,166449,20557185900.0,209780,12415.0,67,12410.0,210,12420.0,322,12405.0,180,12425.0,535,12400.0,220,12430.0,451,12395.0,147,12435.0,274,12390.0,239
1597988278633830912,1597988278937999872,2020-08-21 13:37:58.938000,12410.0,12420.0,12280.0,12360.0,nan,12350.441574,166450,20557310000.0,209781,12415.0,69,12410.0,210,12420.0,321,12405.0,180,12425.0,535,12400.0,220,12430.0,451,12395.0,147,12435.0,274,12390.0,239
1597988279155454976,1597988279436000000,2020-08-21 13:37:59.436000,12415.0,12420.0,12280.0,12360.0,nan,12350.457085,166490,20562276000.0,209800,12415.0,32,12410.0,210,12420.0,321,12405.0,180,12425.0,535,12400.0,220,12430.0,451,12395.0,147,12435.0,274,12390.0,239
1597988279645722880,1597988279936999936,2020-08-21 13:37:59.937000,12415.0,12420.0,12280.0,12360.0,nan,12350.466387,166514,20565255600.0,209789,12415.0,8,12410.0,216,12420.0,323,12405.0,181,12425.0,535,12400.0,220,12430.0,451,12395.0,147,12435.0,274,12390.0,239
1597988280167462912,1597988280742000128,2020-08-21 13:38:00.742000,12420.0,12420.0,12280.0,12360.0,nan,12350.471158,166526,20566745600.0,209793,12420.0,319,12415.0,59,12425.0,535,12410.0,218,12430.0,451,12405.0,181,12435.0,274,12400.0,220,12440.0,219,12395.0,147
1597988280619965952,1597988280933000192,2020-08-21 13:38:00.933000,12420.0,12420.0,12280.0,12360.0,nan,12350.471158,166526,20566745600.0,209793,12420.0,321,12415.0,99,12425.0,535,12410.0,212,12430.0,451,12405.0,181,12435.0,274,12400.0,220,12440.0,220,12395.0,147
1597988281133961984,1597988281405999872,2020-08-21 13:38:01.406000,12415.0,12420.0,12280.0,12360.0,nan,12350.477357,166542,20568732000.0,209793,12420.0,323,12415.0,109,12425.0,535,12410.0,212,12430.0,451,12405.0,181,12435.0,274,12400.0,220,12440.0,220,12395.0,154
1597988281618085120,1597988281924999936,2020-08-21 13:38:01.925000,12415.0,12420.0,12280.0,12360.0,nan,12350.478132,166544,20568980300.0,209793,12420.0,323,12415.0,117,12425.0,534,12410.0,212,12430.0,451,12405.0,182,12435.0,274,12400.0,220,12440.0,220,12395.0,154
1597988282152762112,1597988282423000064,2020-08-21 13:38:02.423000,12420.0,12420.0,12280.0,12360.0,nan,12350.478937,166546,20569228650.0,209795,12420.0,334,12415.0,137,12425.0,534,12410.0,212,12430.0,451,12405.0,183,12435.0,274,12400.0,220,12440.0,220,12395.0,154
1597988282642089984,1597988282935000064,2020-08-21 13:38:02.935000,12415.0,12420.0,12280.0,12360.0,nan,12350.480099,166549,20569601100.0,209797,12420.0,327,12415.0,129,12425.0,534,12410.0,213,12430.0,451,12405.0,187,12435.0,274,12400.0,219,12440.0,220,12395.0,154
1597988283124185088,1597988283430000128,2020-08-21 13:38:03.430000,12420.0,12420.0,12280.0,12360.0,nan,12350.480516,166550,20569725300.0,209798,12420.0,327,12415.0,129,12425.0,534,12410.0,213,12430.0,451,12405.0,187,12435.0,274,12400.0,220,12440.0,220,12395.0,161
1597988283633954048,1597988283913000192,2020-08-21 13:38:03.913000,12420.0,12420.0,12280.0,12360.0,nan,12350.482543,166555,20570346200.0,209801,12420.0,325,12415.0,127,12425.0,534,12410.0,213,12430.0,451,12405.0,187,12435.0,274,12400.0,221,12440.0,220,12395.0,161
1597988284145519104,1597988284694999808,2020-08-21 13:38:04.695000,12415.0,12420.0,12280.0,12360.0,nan,12350.487639,166568,20571960250.0,209804,12420.0,323,12415.0,118,12425.0,534,12410.0,213,12430.0,455,12405.0,187,12435.0,274,12400.0,221,12440.0,220,12395.0,161
1597988284619360000,1597988284932000000,2020-08-21 13:38:04.932000,12415.0,12420.0,12280.0,12360.0,nan,12350.488443,166570,20572208600.0,209805,12420.0,321,12415.0,117,12425.0,534,12410.0,213,12430.0,455,12405.0,187,12435.0,274,12400.0,221,12440.0,220,12395.0,161
1597988285126441984,1597988285413000192,2020-08-21 13:38:05.413000,12415.0,12420.0,12280.0,12360.0,nan,12350.488443,166570,20572208600.0,209805,12420.0,328,12415.0,125,12425.0,534,12410.0,213,12430.0,455,12405.0,187,12435.0,274,12400.0,221,12440.0,220,12395.0,161
1597988285625198080,1597988285937999872,2020-08-21 13:38:05.938000,12415.0,12420.0,12280.0,12360.0,nan,12350.488831,166571,20572332750.0,209805,12420.0,328,12415.0,125,12425.0,534,12410.0,213,12430.0,455,12405.0,187,12435.0,274,12400.0,221,12440.0,220,12395.0,161
1597988286147994112,1597988286428000000,2020-08-21 13:38:06.428000,12415.0,12420.0,12280.0,12360.0,nan,12350.491929,166579,20573325950.0,209805,12420.0,328,12415.0,117,12425.0,534,12410.0,213,12430.0,455,12405.0,187,12435.0,274,12400.0,221,12440.0,220,12395.0,161
1597988286632950016,1597988286936000000,2020-08-21 13:38:06.936000,12415.0,12420.0,12280.0,12360.0,nan,12350.491929,166579,20573325950.0,209805,12420.0,329,12415.0,118,12425.0,534,12410.0,213,12430.0,455,12405.0,187,12435.0,274,12400.0,221,12440.0,220,12395.0,161
1597988287129949952,1597988287435000064,2020-08-21 13:38:07.435000,12415.0,12420.0,12280.0,12360.0,nan,12350.491929,166579,20573325950.0,209805,12420.0,330,12415.0,118,12425.0,534,12410.0,213,12430.0,455,12405.0,187,12435.0,274,12400.0,221,12440.0,220,12395.0,161
1597988287622478080,1597988287937999872,2020-08-21 13:38:07.938000,12415.0,12420.0,12280.0,12360.0,nan,12350.495801,166589,20574567450.0,209805,12420.0,332,12415.0,111,12425.0,534,12410.0,213,12430.0,455,12405.0,187,12435.0,274,12400.0,222,12440.0,220,12395.0,161
1597988288151098880,1597988288436999936,2020-08-21 13:38:08.437000,12415.0,12420.0,12280.0,12360.0,nan,12350.495801,166589,20574567450.0,209805,12420.0,334,12415.0,112,12425.0,534,12410.0,213,12430.0,455,12405.0,187,12435.0,274,12400.0,223,12440.0,220,12395.0,161
1597988288618294016,1597988288913000192,2020-08-21 13:38:08.913000,12415.0,12420.0,12280.0,12360.0,nan,12350.49735,166593,20575064050.0,209806,12420.0,334,12415.0,109,12425.0,534,12410.0,212,12430.0,455,12405.0,187,12435.0,274,12400.0,223,12440.0,220,12395.0,161
1597988289132176896,1597988289432000000,2020-08-21 13:38:09.432000,12415.0,12420.0,12280.0,12360.0,nan,12350.49735,166593,20575064050.0,209806,12420.0,343,12415.0,109,12425.0,534,12410.0,212,12430.0,455,12405.0,187,12435.0,274,12400.0,223,12440.0,220,12395.0,161
1597988289635479040,1597988289911000064,2020-08-21 13:38:09.911000,12415.0,12420.0,12280.0,12360.0,nan,12350.497737,166594,20575188200.0,209806,12420.0,345,12415.0,108,12425.0,534,12410.0,212,12430.0,455,12405.0,187,12435.0,274,12400.0,223,12440.0,220,12395.0,161
1597988290119122944,1597988290417999872,2020-08-21 13:38:10.418000,12415.0,12420.0,12280.0,12360.0,nan,12350.501996,166605,20576553850.0,209802,12420.0,344,12415.0,97,12425.0,535,12410.0,212,12430.0,456,12405.0,187,12435.0,274,12400.0,223,12440.0,220,12395.0,161
1597988290615361024,1597988290931000064,2020-08-21 13:38:10.931000,12415.0,12420.0,12280.0,12360.0,nan,12350.503217,166608,20576926400.0,209804,12420.0,343,12415.0,96,12425.0,535,12410.0,212,12430.0,456,12405.0,187,12435.0,274,12400.0,223,12440.0,220,12395.0,161
1597988291122896896,1597988291432000000,2020-08-21 13:38:11.432000,12415.0,12420.0,12280.0,12360.0,nan,12350.503217,166608,20576926400.0,209804,12420.0,344,12415.0,125,12425.0,535,12410.0,212,12430.0,457,12405.0,187,12435.0,274,12400.0,223,12440.0,220,12395.0,161
1597988291624698112,1597988291936000000,2020-08-21 13:38:11.936000,12420.0,12420.0,12280.0,12360.0,nan,12350.505303,166613,20577547400.0,209805,12420.0,339,12415.0,129,12425.0,535,12410.0,212,12430.0,457,12405.0,186,12435.0,274,12400.0,224,12440.0,220,12395.0,161
1597988292158693120,1597988292436999936,2020-08-21 13:38:12.437000,12415.0,12420.0,12280.0,12360.0,nan,12350.508042,166620,20578416500.0,209805,12420.0,338,12415.0,125,12425.0,534,12410.0,212,12430.0,457,12405.0,186,12435.0,274,12400.0,224,12440.0,220,12395.0,161
1597988292625628928,1597988292936000000,2020-08-21 13:38:12.936000,12415.0,12420.0,12280.0,12360.0,nan,12350.50959,166624,20578913100.0,209804,12420.0,339,12415.0,121,12425.0,534,12410.0,213,12430.0,458,12405.0,185,12435.0,274,12400.0,224,12440.0,220,12395.0,161
1597988293126177024,1597988293428000000,2020-08-21 13:38:13.428000,12420.0,12420.0,12280.0,12360.0,nan,12350.511229,166628,20579409850.0,209805,12420.0,337,12415.0,120,12425.0,534,12410.0,217,12430.0,458,12405.0,185,12435.0,274,12400.0,224,12440.0,220,12395.0,161
1597988293614790912,1597988293931000064,2020-08-21 13:38:13.931000,12415.0,12420.0,12280.0,12360.0,nan,12350.511616,166629,20579534000.0,209804,12420.0,336,12415.0,120,12425.0,534,12410.0,217,12430.0,458,12405.0,184,12435.0,274,12400.0,223,12440.0,220,12395.0,161
1597988294624133888,1597988294933000192,2020-08-21 13:38:14.933000,12415.0,12420.0,12280.0,12360.0,nan,12350.511616,166629,20579534000.0,209804,12420.0,336,12415.0,120,12425.0,535,12410.0,217,12430.0,458,12405.0,184,12435.0,274,12400.0,223,12440.0,220,12395.0,161
1597988295174967040,1597988295438999808,2020-08-21 13:38:15.439000,12415.0,12420.0,12280.0,12360.0,nan,12350.513194,166633,20580030650.0,209803,12420.0,337,12415.0,117,12425.0,537,12410.0,217,12430.0,458,12405.0,184,12435.0,274,12400.0,225,12440.0,220,12395.0,161
1597988295621029888,1597988295937999872,2020-08-21 13:38:15.938000,12415.0,12420.0,12280.0,12360.0,nan,12350.513194,166633,20580030650.0,209803,12420.0,338,12415.0,117,12425.0,537,12410.0,217,12430.0,458,12405.0,183,12435.0,274,12400.0,225,12440.0,220,12395.0,161
1597988296129595904,1597988296431000064,2020-08-21 13:38:16.431000,12415.0,12420.0,12280.0,12360.0,nan,12350.51745,166644,20581396300.0,209813,12420.0,339,12415.0,107,12425.0,537,12410.0,217,12430.0,458,12405.0,183,12435.0,274,12400.0,225,12440.0,220,12395.0,161
1597988296652393984,1597988296903000064,2020-08-21 13:38:16.903000,12415.0,12420.0,12280.0,12360.0,nan,12350.51745,166644,20581396300.0,209813,12420.0,339,12415.0,123,12425.0,537,12410.0,217,12430.0,458,12405.0,183,12435.0,274,12400.0,225,12440.0,220,12395.0,161
1597988297159810048,1597988297424999936,2020-08-21 13:38:17.425000,12415.0,12420.0,12280.0,12360.0,nan,12350.523254,166659,20583258550.0,209813,12420.0,341,12415.0,108,12425.0,538,12410.0,217,12430.0,480,12405.0,183,12435.0,274,12400.0,225,12440.0,220,12395.0,161
1597988297627343872,1597988297937999872,2020-08-21 13:38:17.938000,12415.0,12420.0,12280.0,12360.0,nan,12350.523254,166659,20583258550.0,209813,12420.0,337,12415.0,113,12425.0,538,12410.0,230,12430.0,480,12405.0,183,12435.0,274,12400.0,225,12440.0,220,12395.0,161
1597988298138817024,1597988298433000192,2020-08-21 13:38:18.433000,12420.0,12420.0,12280.0,12360.0,nan,12350.524445,166662,20583631050.0,209815,12420.0,337,12415.0,114,12425.0,538,12410.0,231,12430.0,480,12405.0,183,12435.0,274,12400.0,225,12440.0,220,12395.0,161
1597988298627087104,1597988298876000000,2020-08-21 13:38:18.876000,12415.0,12420.0,12280.0,12360.0,nan,12350.524832,166663,20583755200.0,209815,12420.0,338,12415.0,115,12425.0,539,12410.0,231,12430.0,480,12405.0,184,12435.0,274,12400.0,225,12440.0,220,12395.0,161
1597988299135461888,1597988299417999872,2020-08-21 13:38:19.418000,12415.0,12420.0,12280.0,12360.0,nan,12350.525992,166666,20584127650.0,209815,12420.0,338,12415.0,112,12425.0,539,12410.0,231,12430.0,480,12405.0,184,12435.0,274,12400.0,225,12440.0,220,12395.0,161
1597988299627097088,1597988299933000192,2020-08-21 13:38:19.933000,12415.0,12420.0,12280.0,12360.0,nan,12350.527153,166669,20584500100.0,209816,12420.0,338,12415.0,109,12425.0,539,12410.0,231,12430.0,479,12405.0,184,12435.0,274,12400.0,225,12440.0,220,12395.0,161
1597988300160357120,1597988300418999808,2020-08-21 13:38:20.419000,12415.0,12420.0,12280.0,12360.0,nan,12350.527539,166670,20584624250.0,209816,12420.0,338,12415.0,114,12425.0,540,12410.0,231,12430.0,479,12405.0,184,12435.0,275,12400.0,226,12440.0,220,12395.0,161
1597988300621990912,1597988300936999936,2020-08-21 13:38:20.937000,12415.0,12420.0,12280.0,12360.0,nan,12350.527926,166671,20584748400.0,209817,12420.0,338,12415.0,113,12425.0,540,12410.0,231,12430.0,482,12405.0,184,12435.0,275,12400.0,226,12440.0,220,12395.0,161
1597988301695994880,1597988301433000192,2020-08-21 13:38:21.433000,12415.0,12420.0,12280.0,12360.0,nan,12350.527926,166671,20584748400.0,209817,12420.0,349,12415.0,113,12425.0,550,12410.0,231,12430.0,482,12405.0,184,12435.0,275,12400.0,226,12440.0,221,12395.0,161
1597988302029566976,1597988301933000192,2020-08-21 13:38:21.933000,12415.0,12420.0,12280.0,12360.0,nan,12350.527926,166671,20584748400.0,209817,12420.0,350,12415.0,113,12425.0,550,12410.0,231,12430.0,482,12405.0,184,12435.0,275,12400.0,226,12440.0,221,12395.0,161
1597988302145935104,1597988302412000000,2020-08-21 13:38:22.412000,12420.0,12420.0,12280.0,12360.0,nan,12350.528343,166672,20584872600.0,209817,12420.0,349,12415.0,113,12425.0,551,12410.0,231,12430.0,482,12405.0,184,12435.0,275,12400.0,226,12440.0,221,12395.0,161
1597988302635330048,1597988302926000128,2020-08-21 13:38:22.926000,12415.0,12420.0,12280.0,12360.0,nan,12350.529504,166675,20585245050.0,209815,12420.0,352,12415.0,130,12425.0,551,12410.0,231,12430.0,482,12405.0,184,12435.0,274,12400.0,226,12440.0,221,12395.0,161
1597988303123723008,1597988303428000000,2020-08-21 13:38:23.428000,12415.0,12420.0,12280.0,12360.0,nan,12350.529504,166675,20585245050.0,209815,12420.0,353,12415.0,131,12425.0,551,12410.0,231,12430.0,482,12405.0,184,12435.0,274,12400.0,226,12440.0,221,12395.0,161
1597988303622198016,1597988303917999872,2020-08-21 13:38:23.918000,12415.0,12420.0,12280.0,12360.0,nan,12350.529504,166675,20585245050.0,209815,12420.0,363,12415.0,129,12425.0,551,12410.0,231,12430.0,482,12405.0,184,12435.0,274,12400.0,226,12440.0,221,12395.0,161
1597988304165318912,1597988304435000064,2020-08-21 13:38:24.435000,12415.0,12420.0,12280.0,12360.0,nan,12350.52989,166676,20585369200.0,209815,12420.0,363,12415.0,128,12425.0,551,12410.0,231,12430.0,482,12405.0,184,12435.0,274,12400.0,226,12440.0,221,12395.0,161
1597988304631617024,1597988304928999936,2020-08-21 13:38:24.929000,12415.0,12420.0,12280.0,12360.0,nan,12350.530277,166677,20585493350.0,209814,12420.0,363,12415.0,147,12425.0,550,12410.0,233,12430.0,482,12405.0,184,12435.0,274,12400.0,226,12440.0,221,12395.0,161
1597988305115531008,1597988305433000192,2020-08-21 13:38:25.433000,12415.0,12420.0,12280.0,12360.0,nan,12350.530277,166677,20585493350.0,209814,12420.0,363,12415.0,150,12425.0,550,12410.0,233,12430.0,482,12405.0,182,12435.0,274,12400.0,227,12440.0,221,12395.0,161
1597988305636825088,1597988305936999936,2020-08-21 13:38:25.937000,12415.0,12420.0,12280.0,12360.0,nan,12350.530277,166677,20585493350.0,209814,12420.0,363,12415.0,150,12425.0,550,12410.0,233,12430.0,482,12405.0,182,12435.0,274,12400.0,227,12440.0,222,12395.0,162
1597988306150468096,1597988306417999872,2020-08-21 13:38:26.418000,12415.0,12420.0,12280.0,12360.0,nan,12350.530664,166678,20585617500.0,209815,12420.0,363,12415.0,150,12425.0,550,12410.0,233,12430.0,482,12405.0,182,12435.0,274,12400.0,228,12440.0,221,12395.0,162
1597988306617753088,1597988306932000000,2020-08-21 13:38:26.932000,12420.0,12420.0,12280.0,12360.0,nan,12350.551914,166729,20591951700.0,209830,12420.0,315,12415.0,150,12425.0,550,12410.0,233,12430.0,481,12405.0,182,12435.0,274,12400.0,228,12440.0,221,12395.0,162
1597988307115919104,1597988307413000192,2020-08-21 13:38:27.413000,12415.0,12420.0,12280.0,12360.0,nan,12350.553073,166732,20592324150.0,209830,12420.0,316,12415.0,155,12425.0,550,12410.0,233,12430.0,481,12405.0,182,12435.0,274,12400.0,228,12440.0,221,12395.0,162
1597988307624973056,1597988307923000064,2020-08-21 13:38:27.923000,12415.0,12420.0,12280.0,12360.0,nan,12350.553073,166732,20592324150.0,209830,12420.0,316,12415.0,153,12425.0,550,12410.0,233,12430.0,481,12405.0,182,12435.0,274,12400.0,228,12440.0,219,12395.0,162
1597988308125111040,1597988308432000000,2020-08-21 13:38:28.432000,12415.0,12420.0,12280.0,12360.0,nan,12350.553073,166732,20592324150.0,209830,12420.0,316,12415.0,149,12425.0,550,12410.0,233,12430.0,481,12405.0,182,12435.0,274,12400.0,228,12440.0,219,12395.0,162
1597988308634020096,1597988308936999936,2020-08-21 13:38:28.937000,12415.0,12420.0,12280.0,12360.0,nan,12350.553073,166732,20592324150.0,209830,12420.0,318,12415.0,149,12425.0,550,12410.0,234,12430.0,481,12405.0,182,12435.0,274,12400.0,229,12440.0,219,12395.0,162
1597988309160777984,1597988309437999872,2020-08-21 13:38:29.438000,12415.0,12420.0,12280.0,12360.0,nan,12350.55346,166733,20592448300.0,209831,12420.0,319,12415.0,148,12425.0,550,12410.0,234,12430.0,481,12405.0,182,12435.0,274,12400.0,229,12440.0,219,12395.0,162
1597988309709396992,1597988309937999872,2020-08-21 13:38:29.938000,12420.0,12420.0,12280.0,12360.0,nan,12350.554293,166735,20592696700.0,209833,12420.0,317,12415.0,148,12425.0,550,12410.0,238,12430.0,481,12405.0,182,12435.0,274,12400.0,228,12440.0,219,12395.0,163
1597988310213168896,1597988310433000192,2020-08-21 13:38:30.433000,12420.0,12420.0,12280.0,12360.0,nan,12350.564287,166759,20595677500.0,209856,12420.0,293,12415.0,148,12425.0,549,12410.0,238,12430.0,481,12405.0,182,12435.0,274,12400.0,228,12440.0,219,12395.0,163
1597988310621300992,1597988310916000000,2020-08-21 13:38:30.916000,12420.0,12420.0,12280.0,12360.0,nan,12350.564287,166759,20595677500.0,209856,12420.0,295,12415.0,148,12425.0,549,12410.0,238,12430.0,481,12405.0,184,12435.0,274,12400.0,228,12440.0,219,12395.0,164
1597988311114019072,1597988311407000064,2020-08-21 13:38:31.407000,12420.0,12420.0,12280.0,12360.0,nan,12350.565537,166762,20596050100.0,209858,12420.0,292,12415.0,148,12425.0,549,12410.0,243,12430.0,481,12405.0,184,12435.0,274,12400.0,228,12440.0,219,12395.0,164
1597988311610024960,1597988311936000000,2020-08-21 13:38:31.936000,12415.0,12420.0,12280.0,12360.0,nan,12350.567468,166767,20596670850.0,209858,12420.0,292,12415.0,143,12425.0,549,12410.0,243,12430.0,481,12405.0,184,12435.0,274,12400.0,228,12440.0,219,12395.0,164
1597988312148642048,1597988312436999936,2020-08-21 13:38:32.437000,12415.0,12420.0,12280.0,12360.0,nan,12350.5694,166772,20597291600.0,209863,12420.0,292,12415.0,145,12425.0,549,12410.0,243,12430.0,481,12405.0,185,12435.0,274,12400.0,228,12440.0,219,12395.0,164
1597988312629017088,1597988312916999936,2020-08-21 13:38:32.917000,12415.0,12420.0,12280.0,12360.0,nan,12350.5694,166772,20597291600.0,209863,12420.0,292,12415.0,146,12425.0,550,12410.0,243,12430.0,481,12405.0,185,12435.0,274,12400.0,228,12440.0,219,12395.0,164
1597988313128097024,1597988313424000000,2020-08-21 13:38:33.424000,12415.0,12420.0,12280.0,12360.0,nan,12350.5694,166772,20597291600.0,209863,12420.0,293,12415.0,146,12425.0,550,12410.0,243,12430.0,481,12405.0,185,12435.0,274,12400.0,228,12440.0,219,12395.0,164
1597988313622077952,1597988313927000064,2020-08-21 13:38:33.927000,12415.0,12420.0,12280.0,12360.0,nan,12350.5694,166772,20597291600.0,209863,12420.0,296,12415.0,146,12425.0,550,12410.0,243,12430.0,481,12405.0,185,12435.0,274,12400.0,228,12440.0,219,12395.0,164
1597988314139409920,1597988314420999936,2020-08-21 13:38:34.421000,12415.0,12420.0,12280.0,12360.0,nan,12350.5694,166772,20597291600.0,209863,12420.0,296,12415.0,148,12425.0,550,12410.0,241,12430.0,481,12405.0,185,12435.0,274,12400.0,228,12440.0,219,12395.0,164
1597988314625154048,1597988314897000192,2020-08-21 13:38:34.897000,12420.0,12420.0,12280.0,12360.0,nan,12350.570233,166774,20597540000.0,209863,12420.0,295,12415.0,150,12425.0,549,12410.0,241,12430.0,481,12405.0,185,12435.0,274,12400.0,228,12440.0,219,12395.0,164
1597988315161923072,1597988315403000064,2020-08-21 13:38:35.403000,12420.0,12420.0,12280.0,12360.0,nan,12350.570233,166774,20597540000.0,209863,12420.0,295,12415.0,151,12425.0,549,12410.0,241,12430.0,481,12405.0,185,12435.0,274,12400.0,228,12440.0,219,12395.0,164
1597988315707251968,1597988315878000128,2020-08-21 13:38:35.878000,12415.0,12420.0,12280.0,12360.0,nan,12350.570619,166775,20597664150.0,209864,12420.0,295,12415.0,150,12425.0,550,12410.0,241,12430.0,481,12405.0,185,12435.0,274,12400.0,228,12440.0,219,12395.0,164
1597988316170352128,1597988316420000000,2020-08-21 13:38:36.420000,12415.0,12420.0,12280.0,12360.0,nan,12350.570619,166775,20597664150.0,209864,12420.0,296,12415.0,156,12425.0,550,12410.0,241,12430.0,481,12405.0,185,12435.0,274,12400.0,228,12440.0,219,12395.0,163
1597988316621511936,1597988316920999936,2020-08-21 13:38:36.921000,12415.0,12420.0,12280.0,12360.0,nan,12350.570619,166775,20597664150.0,209864,12420.0,297,12415.0,156,12425.0,550,12410.0,241,12430.0,481,12405.0,185,12435.0,274,12400.0,228,12440.0,219,12395.0,163
1597988317145710080,1597988317431000064,2020-08-21 13:38:37.431000,12415.0,12420.0,12280.0,12360.0,nan,12350.571392,166777,20597912450.0,209864,12420.0,299,12415.0,156,12425.0,550,12410.0,241,12430.0,481,12405.0,185,12435.0,284,12400.0,228,12440.0,219,12395.0,163
1597988317644228096,1597988317900999936,2020-08-21 13:38:37.901000,12420.0,12420.0,12280.0,12360.0,nan,12350.571808,166778,20598036650.0,209864,12420.0,301,12415.0,156,12425.0,550,12410.0,241,12430.0,481,12405.0,185,12435.0,284,12400.0,228,12440.0,219,12395.0,163
1597988318185243904,1597988318716000000,2020-08-21 13:38:38.716000,12420.0,12420.0,12280.0,12360.0,nan,12350.571808,166778,20598036650.0,209864,12420.0,301,12415.0,150,12425.0,550,12410.0,241,12430.0,481,12405.0,185,12435.0,284,12400.0,228,12440.0,219,12395.0,163
1597988318614682880,1597988318931000064,2020-08-21 13:38:38.931000,12420.0,12420.0,12280.0,12360.0,nan,12350.572224,166779,20598160850.0,209865,12420.0,300,12415.0,150,12425.0,550,12410.0,241,12430.0,481,12405.0,185,12435.0,284,12400.0,228,12440.0,219,12395.0,163
1597988319139493120,1597988319404000000,2020-08-21 13:38:39.404000,12420.0,12420.0,12280.0,12360.0,nan,12350.574722,166785,20598906050.0,209867,12420.0,294,12415.0,144,12425.0,550,12410.0,241,12430.0,481,12405.0,185,12435.0,284,12400.0,228,12440.0,219,12395.0,163
1597988319627304960,1597988319927000064,2020-08-21 13:38:39.927000,12420.0,12420.0,12280.0,12360.0,nan,12350.574722,166785,20598906050.0,209867,12420.0,294,12415.0,145,12425.0,550,12410.0,241,12430.0,481,12405.0,185,12435.0,284,12400.0,228,12440.0,219,12395.0,163
1597988320139366912,1597988320428999936,2020-08-21 13:38:40.429000,12415.0,12420.0,12280.0,12360.0,nan,12350.575108,166786,20599030200.0,209867,12420.0,284,12415.0,145,12425.0,550,12410.0,241,12430.0,481,12405.0,185,12435.0,284,12400.0,228,12440.0,219,12395.0,163
1597988320611257088,1597988320934000128,2020-08-21 13:38:40.934000,12415.0,12420.0,12280.0,12360.0,nan,12350.575494,166787,20599154350.0,209867,12420.0,285,12415.0,146,12425.0,550,12410.0,246,12430.0,481,12405.0,185,12435.0,284,12400.0,228,12440.0,219,12395.0,163
1597988321137992960,1597988321436999936,2020-08-21 13:38:41.437000,12420.0,12420.0,12280.0,12360.0,nan,12350.577992,166793,20599899550.0,209868,12420.0,280,12415.0,146,12425.0,537,12410.0,245,12430.0,481,12405.0,185,12435.0,284,12400.0,228,12440.0,219,12395.0,163
1597988322165362944,1597988322426000128,2020-08-21 13:38:42.426000,12415.0,12420.0,12280.0,12360.0,nan,12350.578378,166794,20600023700.0,209868,12420.0,281,12415.0,145,12425.0,537,12410.0,244,12430.0,481,12405.0,185,12435.0,284,12400.0,228,12440.0,219,12395.0,163
1597988322621680896,1597988322928999936,2020-08-21 13:38:42.929000,12415.0,12420.0,12280.0,12360.0,nan,12350.578764,166795,20600147850.0,209868,12420.0,281,12415.0,148,12425.0,537,12410.0,243,12430.0,482,12405.0,185,12435.0,284,12400.0,228,12440.0,219,12395.0,163
1597988323139400960,1597988323428999936,2020-08-21 13:38:43.429000,12420.0,12420.0,12280.0,12360.0,nan,12350.579597,166797,20600396250.0,209870,12420.0,320,12415.0,148,12425.0,537,12410.0,243,12430.0,482,12405.0,185,12435.0,284,12400.0,227,12440.0,219,12395.0,163
1597988323626266880,1597988323924999936,2020-08-21 13:38:43.925000,12420.0,12420.0,12280.0,12360.0,nan,12350.580013,166798,20600520450.0,209870,12420.0,322,12415.0,148,12425.0,537,12410.0,243,12430.0,482,12405.0,185,12435.0,284,12400.0,227,12440.0,219,12395.0,163
1597988324139407104,1597988324424999936,2020-08-21 13:38:44.425000,12420.0,12420.0,12280.0,12360.0,nan,12350.580013,166798,20600520450.0,209870,12420.0,322,12415.0,151,12425.0,538,12410.0,243,12430.0,482,12405.0,185,12435.0,284,12400.0,227,12440.0,229,12395.0,163
1597988324626905088,1597988324895000064,2020-08-21 13:38:44.895000,12420.0,12420.0,12280.0,12360.0,nan,12350.580013,166798,20600520450.0,209870,12420.0,322,12415.0,152,12425.0,538,12410.0,243,12430.0,486,12405.0,185,12435.0,284,12400.0,227,12440.0,229,12395.0,163
1597988325142202112,1597988325424000000,2020-08-21 13:38:45.424000,12420.0,12420.0,12280.0,12360.0,nan,12350.580429,166799,20600644650.0,209869,12420.0,322,12415.0,153,12425.0,536,12410.0,243,12430.0,487,12405.0,185,12435.0,284,12400.0,227,12440.0,229,12395.0,163
1597988325681248000,1597988326224000000,2020-08-21 13:38:46.224000,12420.0,12420.0,12280.0,12360.0,nan,12350.580429,166799,20600644650.0,209869,12420.0,322,12415.0,153,12425.0,536,12410.0,243,12430.0,488,12405.0,185,12435.0,284,12400.0,227,12440.0,229,12395.0,163
1597988326153847040,1597988326413000192,2020-08-21 13:38:46.413000,12420.0,12420.0,12280.0,12360.0,nan,12350.581232,166801,20600893000.0,209869,12420.0,321,12415.0,148,12425.0,537,12410.0,243,12430.0,488,12405.0,185,12435.0,284,12400.0,227,12440.0,229,12395.0,163
1597988326741111040,1597988326921999872,2020-08-21 13:38:46.922000,12420.0,12420.0,12280.0,12360.0,nan,12350.58248,166804,20601265600.0,209869,12420.0,318,12415.0,151,12425.0,537,12410.0,243,12430.0,488,12405.0,185,12435.0,284,12400.0,227,12440.0,229,12395.0,163
1597988327305359104,1597988327434000128,2020-08-21 13:38:47.434000,12420.0,12420.0,12280.0,12360.0,nan,12350.58248,166804,20601265600.0,209869,12420.0,320,12415.0,151,12425.0,537,12410.0,242,12430.0,488,12405.0,185,12435.0,280,12400.0,227,12440.0,233,12395.0,163
1597988327637369088,1597988327936999936,2020-08-21 13:38:47.937000,12420.0,12420.0,12280.0,12360.0,nan,12350.582896,166805,20601389800.0,209868,12420.0,319,12415.0,151,12425.0,537,12410.0,242,12430.0,488,12405.0,186,12435.0,280,12400.0,227,12440.0,233,12395.0,163
1597988328196124928,1597988328431000064,2020-08-21 13:38:48.431000,12420.0,12420.0,12280.0,12360.0,nan,12350.583312,166806,20601514000.0,209868,12420.0,318,12415.0,151,12425.0,537,12410.0,242,12430.0,488,12405.0,186,12435.0,280,12400.0,227,12440.0,233,12395.0,163
1597988328683953920,1597988328881999872,2020-08-21 13:38:48.882000,12420.0,12420.0,12280.0,12360.0,nan,12350.583312,166806,20601514000.0,209868,12420.0,318,12415.0,153,12425.0,537,12410.0,242,12430.0,488,12405.0,186,12435.0,280,12400.0,227,12440.0,233,12395.0,163
1597988329170043904,1597988329400000000,2020-08-21 13:38:49.400000,12420.0,12420.0,12280.0,12360.0,nan,12350.583312,166806,20601514000.0,209868,12420.0,281,12415.0,153,12425.0,537,12410.0,242,12430.0,488,12405.0,186,12435.0,280,12400.0,227,12440.0,233,12395.0,163
1597988329640173056,1597988329930000128,2020-08-21 13:38:49.930000,12415.0,12420.0,12280.0,12360.0,nan,12350.584085,166808,20601762300.0,209866,12420.0,281,12415.0,151,12425.0,537,12410.0,242,12430.0,488,12405.0,186,12435.0,280,12400.0,227,12440.0,233,12395.0,163
1597988330138375936,1597988330434000128,2020-08-21 13:38:50.434000,12420.0,12420.0,12280.0,12360.0,nan,12350.58783,166817,20602880100.0,209871,12420.0,271,12415.0,153,12425.0,537,12410.0,242,12430.0,488,12405.0,186,12435.0,280,12400.0,227,12440.0,233,12395.0,163
1597988330651868928,1597988330931000064,2020-08-21 13:38:50.931000,12420.0,12420.0,12280.0,12360.0,nan,12350.589048,166820,20603252650.0,209870,12420.0,271,12415.0,152,12425.0,537,12410.0,243,12430.0,488,12405.0,186,12435.0,280,12400.0,227,12440.0,233,12395.0,163
1597988331643620096,1597988331923000064,2020-08-21 13:38:51.923000,12415.0,12420.0,12280.0,12360.0,nan,12350.589434,166821,20603376800.0,209870,12420.0,271,12415.0,150,12425.0,537,12410.0,243,12430.0,488,12405.0,186,12435.0,280,12400.0,227,12440.0,233,12395.0,163
1597988332696485888,1597988332932000000,2020-08-21 13:38:52.932000,12415.0,12420.0,12280.0,12360.0,nan,12350.589434,166821,20603376800.0,209870,12420.0,273,12415.0,150,12425.0,537,12410.0,243,12430.0,488,12405.0,186,12435.0,280,12400.0,227,12440.0,233,12395.0,163
1597988333162368000,1597988333436000000,2020-08-21 13:38:53.436000,12415.0,12420.0,12280.0,12360.0,nan,12350.604875,166861,20608342800.0,209869,12420.0,273,12415.0,109,12425.0,537,12410.0,243,12430.0,488,12405.0,186,12435.0,280,12400.0,227,12440.0,233,12395.0,163
1597988333672838912,1597988333913000192,2020-08-21 13:38:53.913000,12420.0,12420.0,12280.0,12360.0,nan,12350.613607,166882,20610951000.0,209886,12420.0,254,12415.0,123,12425.0,537,12410.0,245,12430.0,488,12405.0,186,12435.0,280,12400.0,227,12440.0,233,12395.0,163
1597988334141786112,1597988334436000000,2020-08-21 13:38:54.436000,12420.0,12420.0,12280.0,12360.0,nan,12350.613607,166882,20610951000.0,209886,12420.0,254,12415.0,126,12425.0,537,12410.0,245,12430.0,488,12405.0,186,12435.0,280,12400.0,227,12440.0,233,12395.0,163
1597988334632726016,1597988334927000064,2020-08-21 13:38:54.927000,12415.0,12420.0,12280.0,12360.0,nan,12350.613993,166883,20611075150.0,209887,12420.0,256,12415.0,116,12425.0,537,12410.0,245,12430.0,488,12405.0,186,12435.0,280,12400.0,227,12440.0,233,12395.0,163
1597988335679305984,1597988335924999936,2020-08-21 13:38:55.925000,12415.0,12420.0,12280.0,12360.0,nan,12350.614379,166884,20611199300.0,209888,12420.0,256,12415.0,119,12425.0,537,12410.0,245,12430.0,488,12405.0,186,12435.0,280,12400.0,227,12440.0,233,12395.0,163
1597988336195577088,1597988336403000064,2020-08-21 13:38:56.403000,12415.0,12420.0,12280.0,12360.0,nan,12350.614765,166885,20611323450.0,209888,12420.0,257,12415.0,121,12425.0,537,12410.0,245,12430.0,488,12405.0,186,12435.0,280,12400.0,227,12440.0,233,12395.0,163
1597988336615463936,1597988336936999936,2020-08-21 13:38:56.937000,12420.0,12420.0,12280.0,12360.0,nan,12350.619724,166897,20612813800.0,209889,12420.0,246,12415.0,121,12425.0,537,12410.0,245,12430.0,488,12405.0,186,12435.0,280,12400.0,227,12440.0,233,12395.0,163
1597988337170617088,1597988337416999936,2020-08-21 13:38:57.417000,12420.0,12420.0,12280.0,12360.0,nan,12350.619724,166897,20612813800.0,209889,12420.0,246,12415.0,123,12425.0,537,12410.0,244,12430.0,488,12405.0,186,12435.0,280,12400.0,227,12440.0,233,12395.0,163
1597988337652979968,1597988338239000064,2020-08-21 13:38:58.239000,12420.0,12420.0,12280.0,12360.0,nan,12350.619724,166897,20612813800.0,209889,12420.0,246,12415.0,183,12425.0,537,12410.0,244,12430.0,488,12405.0,186,12435.0,281,12400.0,227,12440.0,233,12395.0,163
1597988338139973120,1597988338428000000,2020-08-21 13:38:58.428000,12420.0,12420.0,12280.0,12360.0,nan,12350.620139,166898,20612938000.0,209889,12420.0,247,12415.0,193,12425.0,537,12410.0,228,12430.0,488,12405.0,186,12435.0,281,12400.0,227,12440.0,233,12395.0,163
1597988338623889920,1597988338928999936,2020-08-21 13:38:58.929000,12420.0,12420.0,12280.0,12360.0,nan,12350.620139,166898,20612938000.0,209889,12420.0,247,12415.0,207,12425.0,537,12410.0,228,12430.0,488,12405.0,186,12435.0,281,12400.0,226,12440.0,233,12395.0,163
1597988339295350016,1597988339424000000,2020-08-21 13:38:59.424000,12420.0,12420.0,12280.0,12360.0,nan,12350.620555,166899,20613062200.0,209889,12420.0,246,12415.0,208,12425.0,537,12410.0,228,12430.0,488,12405.0,186,12435.0,281,12400.0,226,12440.0,233,12395.0,163
1597988339630360064,1597988339934000128,2020-08-21 13:38:59.934000,12415.0,12420.0,12280.0,12360.0,nan,12350.633667,166933,20617283300.0,209889,12420.0,246,12415.0,176,12425.0,537,12410.0,228,12430.0,489,12405.0,186,12435.0,281,12400.0,226,12440.0,233,12395.0,163
1597988340151275008,1597988340432000000,2020-08-21 13:39:00.432000,12420.0,12420.0,12280.0,12360.0,nan,12350.634083,166934,20617407500.0,209889,12420.0,246,12415.0,182,12425.0,537,12410.0,228,12430.0,489,12405.0,186,12435.0,281,12400.0,226,12440.0,233,12395.0,163
1597988340664699904,1597988340924000000,2020-08-21 13:39:00.924000,12420.0,12420.0,12280.0,12360.0,nan,12350.645566,166962,20620884850.0,209898,12420.0,224,12415.0,178,12425.0,538,12410.0,228,12430.0,489,12405.0,186,12435.0,281,12400.0,226,12440.0,233,12395.0,163
1597988341126201088,1597988341415000064,2020-08-21 13:39:01.415000,12420.0,12420.0,12280.0,12360.0,nan,12350.649304,166971,20622002650.0,209899,12420.0,215,12415.0,179,12425.0,538,12410.0,215,12430.0,489,12405.0,186,12435.0,281,12400.0,226,12440.0,233,12395.0,163
1597988341649494016,1597988341936999936,2020-08-21 13:39:01.937000,12420.0,12420.0,12280.0,12360.0,nan,12350.650135,166973,20622251050.0,209899,12420.0,213,12415.0,180,12425.0,538,12410.0,215,12430.0,489,12405.0,187,12435.0,281,12400.0,226,12440.0,233,12395.0,163
1597988342164749056,1597988342734999808,2020-08-21 13:39:02.735000,12420.0,12420.0,12280.0,12360.0,nan,12350.650135,166973,20622251050.0,209899,12420.0,214,12415.0,201,12425.0,539,12410.0,215,12430.0,489,12405.0,187,12435.0,281,12400.0,226,12440.0,233,12395.0,163
1597988342712836096,1597988342924999936,2020-08-21 13:39:02.925000,12420.0,12420.0,12280.0,12360.0,nan,12350.652212,166978,20622872050.0,209899,12420.0,209,12415.0,203,12425.0,540,12410.0,215,12430.0,488,12405.0,187,12435.0,281,12400.0,226,12440.0,233,12395.0,163
1597988343163417088,1597988343668999936,2020-08-21 13:39:03.669000,12420.0,12420.0,12280.0,12360.0,nan,12350.652627,166979,20622996250.0,209899,12420.0,209,12415.0,206,12425.0,540,12410.0,215,12430.0,488,12405.0,187,12435.0,281,12400.0,226,12440.0,233,12395.0,163
1597988344133968896,1597988344374000128,2020-08-21 13:39:04.374000,12420.0,12420.0,12280.0,12360.0,nan,12350.653458,166981,20623244650.0,209899,12420.0,207,12415.0,207,12425.0,541,12410.0,215,12430.0,488,12405.0,187,12435.0,281,12400.0,226,12440.0,233,12395.0,163
1597988344618553088,1597988344918999808,2020-08-21 13:39:04.919000,12415.0,12420.0,12280.0,12360.0,nan,12350.657966,166992,20624610750.0,209902,12420.0,198,12415.0,204,12425.0,541,12410.0,215,12430.0,488,12405.0,187,12435.0,281,12400.0,226,12440.0,233,12395.0,163
1597988345193470976,1597988345416999936,2020-08-21 13:39:05.417000,12415.0,12420.0,12280.0,12360.0,nan,12350.659122,166995,20624983200.0,209902,12420.0,198,12415.0,200,12425.0,541,12410.0,215,12430.0,488,12405.0,187,12435.0,281,12400.0,226,12440.0,233,12395.0,163
1597988346641501952,1597988346920000000,2020-08-21 13:39:06.920000,12420.0,12420.0,12280.0,12360.0,nan,12350.660367,166998,20625355800.0,209902,12420.0,195,12415.0,200,12425.0,541,12410.0,215,12430.0,488,12405.0,187,12435.0,281,12400.0,226,12440.0,233,12395.0,163
1597988347196336128,1597988347420999936,2020-08-21 13:39:07.421000,12415.0,12420.0,12280.0,12360.0,nan,12350.660752,166999,20625479950.0,209903,12420.0,202,12415.0,199,12425.0,541,12410.0,215,12430.0,488,12405.0,188,12435.0,281,12400.0,241,12440.0,233,12395.0,163
1597988347633086976,1597988347923000064,2020-08-21 13:39:07.923000,12420.0,12420.0,12280.0,12360.0,nan,12350.661553,167001,20625728300.0,209904,12420.0,201,12415.0,198,12425.0,541,12410.0,215,12430.0,488,12405.0,188,12435.0,281,12400.0,241,12440.0,233,12395.0,163
1597988348163115008,1597988348707000064,2020-08-21 13:39:08.707000,12420.0,12420.0,12280.0,12360.0,nan,12350.662383,167003,20625976700.0,209905,12420.0,199,12415.0,197,12425.0,541,12410.0,215,12430.0,488,12405.0,188,12435.0,281,12400.0,241,12440.0,233,12395.0,163
1597988348629449984,1597988348932000000,2020-08-21 13:39:08.932000,12420.0,12420.0,12280.0,12360.0,nan,12350.663214,167005,20626225100.0,209906,12420.0,197,12415.0,197,12425.0,541,12410.0,215,12430.0,488,12405.0,188,12435.0,281,12400.0,241,12440.0,233,12395.0,163
1597988349180224000,1597988349437999872,2020-08-21 13:39:09.438000,12420.0,12420.0,12280.0,12360.0,nan,12350.664844,167009,20626721850.0,209910,12420.0,193,12415.0,196,12425.0,541,12410.0,214,12430.0,488,12405.0,188,12435.0,281,12400.0,241,12440.0,233,12395.0,163
1597988349614932992,1597988349898000128,2020-08-21 13:39:09.898000,12420.0,12420.0,12280.0,12360.0,nan,12350.66526,167010,20626846050.0,209911,12420.0,192,12415.0,197,12425.0,541,12410.0,214,12430.0,488,12405.0,188,12435.0,281,12400.0,241,12440.0,233,12395.0,163
1597988350111976960,1597988350412000000,2020-08-21 13:39:10.412000,12415.0,12420.0,12280.0,12360.0,nan,12350.665645,167011,20626970200.0,209912,12420.0,192,12415.0,196,12425.0,541,12410.0,214,12430.0,488,12405.0,188,12435.0,281,12400.0,241,12440.0,233,12395.0,163
1597988350663567872,1597988350888000000,2020-08-21 13:39:10.888000,12420.0,12420.0,12280.0,12360.0,nan,12350.66606,167012,20627094400.0,209913,12420.0,194,12415.0,196,12425.0,541,12410.0,216,12430.0,488,12405.0,188,12435.0,281,12400.0,242,12440.0,233,12395.0,163
1597988351168076032,1597988351423000064,2020-08-21 13:39:11.423000,12420.0,12420.0,12280.0,12360.0,nan,12350.666475,167013,20627218600.0,209914,12420.0,193,12415.0,196,12425.0,541,12410.0,216,12430.0,488,12405.0,188,12435.0,281,12400.0,242,12440.0,233,12395.0,163
1597988351684227072,1597988351935000064,2020-08-21 13:39:11.935000,12420.0,12420.0,12280.0,12360.0,nan,12350.666475,167013,20627218600.0,209914,12420.0,193,12415.0,196,12425.0,541,12410.0,216,12430.0,488,12405.0,188,12435.0,281,12400.0,242,12440.0,233,12395.0,165
1597988352158582016,1597988352436999936,2020-08-21 13:39:12.437000,12420.0,12420.0,12280.0,12360.0,nan,12350.666475,167013,20627218600.0,209914,12420.0,193,12415.0,199,12425.0,541,12410.0,216,12430.0,488,12405.0,188,12435.0,281,12400.0,242,12440.0,233,12395.0,165
1597988352688943104,1597988352927000064,2020-08-21 13:39:12.927000,12420.0,12420.0,12280.0,12360.0,nan,12350.66689,167014,20627342800.0,209915,12420.0,192,12415.0,200,12425.0,541,12410.0,216,12430.0,488,12405.0,188,12435.0,281,12400.0,242,12440.0,233,12395.0,165
1597988353158580992,1597988353404999936,2020-08-21 13:39:13.405000,12415.0,12420.0,12280.0,12360.0,nan,12350.667275,167015,20627466950.0,209916,12420.0,192,12415.0,199,12425.0,541,12410.0,216,12430.0,488,12405.0,188,12435.0,281,12400.0,242,12440.0,233,12395.0,165
1597988353619181056,1597988353924999936,2020-08-21 13:39:13.925000,12415.0,12420.0,12280.0,12360.0,nan,12350.667275,167015,20627466950.0,209916,12420.0,192,12415.0,187,12425.0,541,12410.0,217,12430.0,488,12405.0,188,12435.0,281,12400.0,242,12440.0,233,12395.0,165
1597988354144954112,1597988354382999808,2020-08-21 13:39:14.383000,12415.0,12420.0,12280.0,12360.0,nan,12350.667275,167015,20627466950.0,209916,12420.0,192,12415.0,190,12425.0,541,12410.0,216,12430.0,488,12405.0,188,12435.0,281,12400.0,242,12440.0,233,12395.0,165
1597988354627855104,1597988354903000064,2020-08-21 13:39:14.903000,12415.0,12420.0,12280.0,12360.0,nan,12350.667661,167016,20627591100.0,209916,12420.0,192,12415.0,190,12425.0,541,12410.0,216,12430.0,488,12405.0,188,12435.0,281,12400.0,242,12440.0,233,12395.0,165
1597988355135106048,1597988355434000128,2020-08-21 13:39:15.434000,12420.0,12420.0,12280.0,12360.0,nan,12350.671396,167025,20628708900.0,209919,12420.0,183,12415.0,191,12425.0,541,12410.0,216,12430.0,488,12405.0,188,12435.0,281,12400.0,242,12440.0,233,12395.0,165
1597988355617382912,1597988355934000128,2020-08-21 13:39:15.934000,12420.0,12420.0,12280.0,12360.0,nan,12350.671396,167025,20628708900.0,209919,12420.0,187,12415.0,191,12425.0,541,12410.0,216,12430.0,488,12405.0,188,12435.0,281,12400.0,244,12440.0,233,12395.0,165
1597988356141190912,1597988356436000000,2020-08-21 13:39:16.436000,12420.0,12420.0,12280.0,12360.0,nan,12350.677207,167039,20630447700.0,209925,12420.0,178,12415.0,191,12425.0,541,12410.0,216,12430.0,489,12405.0,188,12435.0,281,12400.0,244,12440.0,233,12395.0,165
1597988356625533952,1597988356924999936,2020-08-21 13:39:16.925000,12415.0,12420.0,12280.0,12360.0,nan,12350.686721,167062,20633304250.0,209926,12420.0,160,12415.0,197,12425.0,541,12410.0,216,12430.0,489,12405.0,188,12435.0,281,12400.0,244,12440.0,233,12395.0,165
1597988357136397056,1597988357430000128,2020-08-21 13:39:17.430000,12420.0,12420.0,12280.0,12360.0,nan,12350.688796,167067,20633925250.0,209927,12420.0,155,12415.0,202,12425.0,541,12410.0,216,12430.0,489,12405.0,188,12435.0,281,12400.0,244,12440.0,233,12395.0,165
1597988357609061120,1597988357931000064,2020-08-21 13:39:17.931000,12420.0,12420.0,12280.0,12360.0,nan,12350.688796,167067,20633925250.0,209927,12420.0,155,12415.0,202,12425.0,541,12410.0,216,12430.0,488,12405.0,190,12435.0,281,12400.0,244,12440.0,233,12395.0,165
1597988358146206976,1597988358344000000,2020-08-21 13:39:18.344000,12420.0,12420.0,12280.0,12360.0,nan,12350.689595,167069,20634173600.0,209927,12420.0,154,12415.0,201,12425.0,541,12410.0,216,12430.0,488,12405.0,190,12435.0,281,12400.0,244,12440.0,233,12395.0,165
1597988358619386880,1597988358920000000,2020-08-21 13:39:18.920000,12420.0,12420.0,12280.0,12360.0,nan,12350.694129,167080,20635539750.0,209931,12420.0,145,12415.0,200,12425.0,541,12410.0,216,12430.0,488,12405.0,190,12435.0,281,12400.0,244,12440.0,233,12395.0,165
1597988359124766976,1597988359424999936,2020-08-21 13:39:19.425000,12420.0,12420.0,12280.0,12360.0,nan,12350.705327,167107,20638893150.0,209943,12420.0,138,12415.0,200,12425.0,540,12410.0,216,12430.0,488,12405.0,190,12435.0,281,12400.0,244,12440.0,233,12395.0,165
1597988359621090048,1597988359923000064,2020-08-21 13:39:19.923000,12420.0,12420.0,12280.0,12360.0,nan,12350.712375,167124,20641004550.0,209947,12420.0,120,12415.0,200,12425.0,540,12410.0,217,12430.0,488,12405.0,190,12435.0,281,12400.0,244,12440.0,233,12395.0,165
1597988360146185984,1597988360408999936,2020-08-21 13:39:20.409000,12420.0,12420.0,12280.0,12360.0,nan,12350.718179,167138,20642743350.0,209948,12420.0,106,12415.0,199,12425.0,543,12410.0,217,12430.0,488,12405.0,190,12435.0,281,12400.0,245,12440.0,233,12395.0,165
1597988360619172096,1597988360845999872,2020-08-21 13:39:20.846000,12420.0,12420.0,12280.0,12360.0,nan,12350.730544,167170,20646716250.0,209944,12420.0,105,12415.0,166,12425.0,543,12410.0,217,12430.0,488,12405.0,190,12435.0,281,12400.0,245,12440.0,233,12395.0,165
1597988361132109056,1597988361430000128,2020-08-21 13:39:21.430000,12420.0,12420.0,12280.0,12360.0,nan,12350.74173,167197,20650069650.0,209962,12420.0,100,12415.0,169,12425.0,543,12410.0,227,12430.0,488,12405.0,190,12435.0,281,12400.0,245,12440.0,233,12395.0,165
1597988361616069888,1597988361904000000,2020-08-21 13:39:21.904000,12420.0,12420.0,12280.0,12360.0,nan,12350.742144,167198,20650193850.0,209961,12420.0,94,12415.0,158,12425.0,543,12410.0,227,12430.0,488,12405.0,190,12435.0,283,12400.0,245,12440.0,233,12395.0,165
1597988362134720000,1597988362424999936,2020-08-21 13:39:22.425000,12420.0,12420.0,12280.0,12360.0,nan,12350.748771,167214,20652181050.0,209969,12420.0,80,12415.0,159,12425.0,543,12410.0,226,12430.0,488,12405.0,190,12435.0,283,12400.0,245,12440.0,233,12395.0,166
1597988362622600960,1597988362903000064,2020-08-21 13:39:22.903000,12420.0,12420.0,12280.0,12360.0,nan,12350.76823,167261,20658018450.0,209974,12420.0,37,12415.0,160,12425.0,543,12410.0,226,12430.0,488,12405.0,190,12435.0,283,12400.0,245,12440.0,233,12395.0,166
1597988363158701056,1597988363433000192,2020-08-21 13:39:23.433000,12420.0,12420.0,12280.0,12360.0,nan,12350.783542,167298,20662613850.0,209965,12425.0,543,12420.0,34,12430.0,488,12415.0,163,12435.0,283,12410.0,226,12440.0,233,12405.0,191,12445.0,289,12400.0,245
1597988363629041920,1597988363923000064,2020-08-21 13:39:23.923000,12425.0,12425.0,12280.0,12360.0,nan,12350.833184,167418,20677517900.0,210010,12425.0,562,12420.0,6,12430.0,488,12415.0,124,12435.0,283,12410.0,225,12440.0,234,12405.0,191,12445.0,291,12400.0,244
1597988364142951936,1597988364416000000,2020-08-21 13:39:24.416000,12415.0,12425.0,12280.0,12360.0,nan,12350.866363,167499,20687577650.0,210005,12420.0,14,12415.0,114,12425.0,562,12410.0,225,12430.0,488,12405.0,193,12435.0,284,12400.0,243,12440.0,234,12395.0,165
1597988364617568000,1597988364924999936,2020-08-21 13:39:24.925000,12420.0,12425.0,12280.0,12360.0,nan,12350.867189,167501,20687826050.0,210004,12420.0,17,12415.0,156,12425.0,562,12410.0,225,12430.0,488,12405.0,193,12435.0,285,12400.0,243,12440.0,234,12395.0,165
1597988365143060992,1597988365728000000,2020-08-21 13:39:25.728000,12420.0,12425.0,12280.0,12360.0,nan,12350.874205,167518,20689937450.0,210000,12425.0,563,12420.0,93,12430.0,493,12415.0,158,12435.0,285,12410.0,227,12440.0,234,12405.0,195,12445.0,292,12400.0,243
1597988365616896000,1597988365927000064,2020-08-21 13:39:25.927000,12420.0,12425.0,12280.0,12360.0,nan,12350.87503,167520,20690185850.0,210001,12425.0,565,12420.0,114,12430.0,494,12415.0,157,12435.0,285,12410.0,227,12440.0,234,12405.0,195,12445.0,292,12400.0,242
1597988366164537088,1597988366421999872,2020-08-21 13:39:26.422000,12420.0,12425.0,12280.0,12360.0,nan,12350.875442,167521,20690310050.0,210002,12425.0,554,12420.0,117,12430.0,494,12415.0,158,12435.0,285,12410.0,227,12440.0,234,12405.0,195,12445.0,292,12400.0,242
1597988366646620928,1597988366920000000,2020-08-21 13:39:26.920000,12420.0,12425.0,12280.0,12360.0,nan,12350.877978,167527,20691055350.0,210002,12425.0,555,12420.0,119,12430.0,494,12415.0,158,12435.0,285,12410.0,227,12440.0,234,12405.0,195,12445.0,292,12400.0,242
1597988367141605120,1597988367416000000,2020-08-21 13:39:27.416000,12420.0,12425.0,12280.0,12360.0,nan,12350.877978,167527,20691055350.0,210002,12425.0,555,12420.0,120,12430.0,494,12415.0,158,12435.0,285,12410.0,227,12440.0,234,12405.0,195,12445.0,292,12400.0,242
1597988367666027008,1597988367901999872,2020-08-21 13:39:27.902000,12420.0,12425.0,12280.0,12360.0,nan,12350.879246,167530,20691428000.0,210003,12425.0,554,12420.0,121,12430.0,494,12415.0,158,12435.0,285,12410.0,227,12440.0,234,12405.0,195,12445.0,292,12400.0,242
1597988368125161984,1597988368420999936,2020-08-21 13:39:28.421000,12420.0,12425.0,12280.0,12360.0,nan,12350.880071,167532,20691676400.0,210004,12425.0,555,12420.0,119,12430.0,494,12415.0,158,12435.0,285,12410.0,227,12440.0,234,12405.0,195,12445.0,292,12400.0,242
1597988368623226880,1597988368928999936,2020-08-21 13:39:28.929000,12420.0,12425.0,12280.0,12360.0,nan,12350.880483,167533,20691800600.0,210004,12425.0,555,12420.0,119,12430.0,494,12415.0,140,12435.0,285,12410.0,226,12440.0,234,12405.0,195,12445.0,292,12400.0,242
1597988369141679104,1597988369394000128,2020-08-21 13:39:29.394000,12420.0,12425.0,12280.0,12360.0,nan,12350.882546,167538,20692421600.0,210009,12425.0,556,12420.0,114,12430.0,494,12415.0,140,12435.0,286,12410.0,226,12440.0,234,12405.0,195,12445.0,292,12400.0,242
1597988369608305920,1597988369829999872,2020-08-21 13:39:29.830000,12420.0,12425.0,12280.0,12360.0,nan,12350.884639,167543,20693042650.0,210012,12425.0,557,12420.0,108,12430.0,494,12415.0,140,12435.0,286,12410.0,226,12440.0,234,12405.0,195,12445.0,292,12400.0,241
1597988370163448064,1597988370428999936,2020-08-21 13:39:30.429000,12420.0,12425.0,12280.0,12360.0,nan,12350.885051,167544,20693166850.0,210012,12425.0,555,12420.0,110,12430.0,494,12415.0,140,12435.0,286,12410.0,226,12440.0,234,12405.0,195,12445.0,292,12400.0,241
1597988370642149120,1597988370926000128,2020-08-21 13:39:30.926000,12420.0,12425.0,12280.0,12360.0,nan,12350.885464,167545,20693291050.0,210013,12425.0,595,12420.0,110,12430.0,494,12415.0,140,12435.0,286,12410.0,229,12440.0,234,12405.0,195,12445.0,292,12400.0,241
1597988371134973952,1597988371364000000,2020-08-21 13:39:31.364000,12420.0,12425.0,12280.0,12360.0,nan,12350.898249,167576,20697141250.0,210032,12425.0,598,12420.0,72,12430.0,494,12415.0,140,12435.0,286,12410.0,229,12440.0,234,12405.0,195,12445.0,292,12400.0,241
1597988371665524992,1597988371914000128,2020-08-21 13:39:31.914000,12420.0,12425.0,12280.0,12360.0,nan,12350.927514,167647,20705959450.0,210075,12420.0,111,12415.0,141,12425.0,596,12410.0,229,12430.0,494,12405.0,195,12435.0,286,12400.0,241,12440.0,234,12395.0,164
1597988372154906880,1597988372426000128,2020-08-21 13:39:32.426000,12420.0,12425.0,12280.0,12360.0,nan,12350.927926,167648,20706083650.0,210076,12420.0,139,12415.0,142,12425.0,595,12410.0,229,12430.0,494,12405.0,195,12435.0,286,12400.0,241,12440.0,234,12395.0,164
1597988372633849088,1597988372927000064,2020-08-21 13:39:32.927000,12420.0,12425.0,12280.0,12360.0,nan,12350.930368,167654,20706828800.0,210080,12420.0,135,12415.0,135,12425.0,596,12410.0,229,12430.0,494,12405.0,195,12435.0,286,12400.0,241,12440.0,234,12395.0,164
1597988373164994048,1597988373426000128,2020-08-21 13:39:33.426000,12420.0,12425.0,12280.0,12360.0,nan,12350.931604,167657,20707201400.0,210083,12420.0,135,12415.0,135,12425.0,596,12410.0,229,12430.0,494,12405.0,195,12435.0,286,12400.0,241,12440.0,234,12395.0,164
1597988373612771072,1597988373934000128,2020-08-21 13:39:33.934000,12420.0,12425.0,12280.0,12360.0,nan,12350.931604,167657,20707201400.0,210083,12420.0,136,12415.0,135,12425.0,597,12410.0,229,12430.0,494,12405.0,195,12435.0,286,12400.0,241,12440.0,234,12395.0,164
1597988374130544896,1597988374433000192,2020-08-21 13:39:34.433000,12420.0,12425.0,12280.0,12360.0,nan,12350.931604,167657,20707201400.0,210083,12420.0,127,12415.0,132,12425.0,598,12410.0,229,12430.0,494,12405.0,195,12435.0,287,12400.0,241,12440.0,234,12395.0,164
1597988374678678016,1597988374936999936,2020-08-21 13:39:34.937000,12420.0,12425.0,12280.0,12360.0,nan,12350.932016,167658,20707325600.0,210084,12420.0,127,12415.0,134,12425.0,598,12410.0,229,12430.0,494,12405.0,195,12435.0,287,12400.0,240,12440.0,234,12395.0,164
1597988375129953024,1597988375430000128,2020-08-21 13:39:35.430000,12420.0,12425.0,12280.0,12360.0,nan,12350.932016,167658,20707325600.0,210084,12420.0,121,12415.0,133,12425.0,598,12410.0,229,12430.0,494,12405.0,195,12435.0,287,12400.0,240,12440.0,234,12395.0,164
1597988375637221888,1597988375897000192,2020-08-21 13:39:35.897000,12420.0,12425.0,12280.0,12360.0,nan,12350.932016,167658,20707325600.0,210084,12420.0,121,12415.0,135,12425.0,598,12410.0,229,12430.0,494,12405.0,195,12435.0,287,12400.0,240,12440.0,234,12395.0,164
1597988376130230016,1597988376411000064,2020-08-21 13:39:36.411000,12420.0,12425.0,12280.0,12360.0,nan,12350.932016,167658,20707325600.0,210084,12420.0,122,12415.0,131,12425.0,599,12410.0,229,12430.0,494,12405.0,195,12435.0,287,12400.0,240,12440.0,234,12395.0,164
1597988376648385024,1597988377236999936,2020-08-21 13:39:37.237000,12420.0,12425.0,12280.0,12360.0,nan,12350.932016,167658,20707325600.0,210084,12420.0,137,12415.0,126,12425.0,599,12410.0,230,12430.0,496,12405.0,195,12435.0,287,12400.0,237,12440.0,234,12395.0,164
1597988377120591104,1597988377420999936,2020-08-21 13:39:37.421000,12420.0,12425.0,12280.0,12360.0,nan,12350.93284,167660,20707574000.0,210084,12420.0,136,12415.0,118,12425.0,599,12410.0,230,12430.0,496,12405.0,195,12435.0,287,12400.0,237,12440.0,234,12395.0,164
1597988377638660096,1597988377936000000,2020-08-21 13:39:37.936000,12415.0,12425.0,12280.0,12360.0,nan,12350.933987,167663,20707946450.0,210081,12420.0,138,12415.0,114,12425.0,599,12410.0,230,12430.0,496,12405.0,196,12435.0,287,12400.0,237,12440.0,234,12395.0,164
1597988378159631872,1597988378437999872,2020-08-21 13:39:38.438000,12415.0,12425.0,12280.0,12360.0,nan,12350.935515,167667,20708443050.0,210077,12420.0,139,12415.0,113,12425.0,599,12410.0,230,12430.0,496,12405.0,196,12435.0,287,12400.0,237,12440.0,234,12395.0,164
1597988378614948096,1597988378920999936,2020-08-21 13:39:38.921000,12415.0,12425.0,12280.0,12360.0,nan,12350.935515,167667,20708443050.0,210077,12420.0,142,12415.0,113,12425.0,604,12410.0,230,12430.0,496,12405.0,196,12435.0,287,12400.0,237,12440.0,234,12395.0,164
1597988379137986048,1597988379394000128,2020-08-21 13:39:39.394000,12420.0,12425.0,12280.0,12360.0,nan,12350.940046,167678,20709809250.0,210077,12420.0,131,12415.0,112,12425.0,604,12410.0,230,12430.0,496,12405.0,196,12435.0,287,12400.0,237,12440.0,234,12395.0,164
1597988379618963968,1597988379928000000,2020-08-21 13:39:39.928000,12420.0,12425.0,12280.0,12360.0,nan,12350.942929,167685,20710678650.0,210077,12420.0,126,12415.0,113,12425.0,604,12410.0,230,12430.0,496,12405.0,196,12435.0,287,12400.0,246,12440.0,234,12395.0,164
1597988380145438976,1597988380382999808,2020-08-21 13:39:40.383000,12420.0,12425.0,12280.0,12360.0,nan,12350.942929,167685,20710678650.0,210077,12420.0,127,12415.0,113,12425.0,604,12410.0,230,12430.0,496,12405.0,196,12435.0,287,12400.0,246,12440.0,234,12395.0,164
1597988380627364096,1597988380934000128,2020-08-21 13:39:40.934000,12420.0,12425.0,12280.0,12360.0,nan,12350.944988,167690,20711299650.0,210077,12420.0,125,12415.0,113,12425.0,604,12410.0,232,12430.0,496,12405.0,196,12435.0,287,12400.0,246,12440.0,234,12395.0,164
1597988381165652992,1597988381404000000,2020-08-21 13:39:41.404000,12420.0,12425.0,12280.0,12360.0,nan,12350.944988,167690,20711299650.0,210077,12420.0,132,12415.0,113,12425.0,600,12410.0,232,12430.0,496,12405.0,199,12435.0,287,12400.0,246,12440.0,234,12395.0,164
1597988381634832896,1597988381904999936,2020-08-21 13:39:41.905000,12420.0,12425.0,12280.0,12360.0,nan,12350.945811,167692,20711548050.0,210077,12420.0,131,12415.0,113,12425.0,600,12410.0,232,12430.0,497,12405.0,199,12435.0,287,12400.0,246,12440.0,234,12395.0,164
1597988382151312896,1597988382435000064,2020-08-21 13:39:42.435000,12420.0,12425.0,12280.0,12360.0,nan,12350.949428,167701,20712665700.0,210074,12420.0,125,12415.0,111,12425.0,601,12410.0,232,12430.0,496,12405.0,198,12435.0,287,12400.0,237,12440.0,234,12395.0,164
1597988382625549056,1597988382921999872,2020-08-21 13:39:42.922000,12420.0,12425.0,12280.0,12360.0,nan,12350.953957,167712,20714031900.0,210074,12420.0,114,12415.0,112,12425.0,561,12410.0,232,12430.0,496,12405.0,207,12435.0,287,12400.0,237,12440.0,234,12395.0,164
1597988383112300032,1597988383423000064,2020-08-21 13:39:43.423000,12420.0,12425.0,12280.0,12360.0,nan,12350.953957,167712,20714031900.0,210074,12420.0,115,12415.0,126,12425.0,563,12410.0,232,12430.0,496,12405.0,207,12435.0,287,12400.0,237,12440.0,234,12395.0,164
1597988383635847936,1597988383916000000,2020-08-21 13:39:43.916000,12420.0,12425.0,12280.0,12360.0,nan,12350.953957,167712,20714031900.0,210074,12420.0,116,12415.0,126,12425.0,563,12410.0,232,12430.0,496,12405.0,207,12435.0,287,12400.0,237,12440.0,234,12395.0,164
1597988384142256128,1597988384434000128,2020-08-21 13:39:44.434000,12420.0,12425.0,12280.0,12360.0,nan,12350.954368,167713,20714156100.0,210074,12420.0,120,12415.0,126,12425.0,563,12410.0,232,12430.0,496,12405.0,207,12435.0,287,12400.0,237,12440.0,234,12395.0,164
1597988384630735104,1597988384924000000,2020-08-21 13:39:44.924000,12420.0,12425.0,12280.0,12360.0,nan,12350.954368,167713,20714156100.0,210074,12420.0,122,12415.0,133,12425.0,564,12410.0,232,12430.0,496,12405.0,207,12435.0,287,12400.0,237,12440.0,234,12395.0,164
1597988385139087104,1597988385400999936,2020-08-21 13:39:45.401000,12420.0,12425.0,12280.0,12360.0,nan,12350.955192,167715,20714404500.0,210074,12420.0,121,12415.0,134,12425.0,564,12410.0,232,12430.0,501,12405.0,207,12435.0,287,12400.0,237,12440.0,234,12395.0,164
1597988385612147968,1597988385924000000,2020-08-21 13:39:45.924000,12415.0,12425.0,12280.0,12360.0,nan,12350.955574,167716,20714528650.0,210073,12420.0,121,12415.0,133,12425.0,564,12410.0,232,12430.0,500,12405.0,207,12435.0,287,12400.0,237,12440.0,234,12395.0,164
1597988386130874112,1597988386428999936,2020-08-21 13:39:46.429000,12420.0,12425.0,12280.0,12360.0,nan,12350.955985,167717,20714652850.0,210073,12420.0,121,12415.0,133,12425.0,564,12410.0,232,12430.0,500,12405.0,207,12435.0,288,12400.0,241,12440.0,234,12395.0,164
1597988386614836992,1597988386927000064,2020-08-21 13:39:46.927000,12415.0,12425.0,12280.0,12360.0,nan,12350.956367,167718,20714777000.0,210072,12420.0,121,12415.0,132,12425.0,566,12410.0,232,12430.0,500,12405.0,207,12435.0,288,12400.0,241,12440.0,234,12395.0,164
1597988387154170880,1597988387426000128,2020-08-21 13:39:47.426000,12415.0,12425.0,12280.0,12360.0,nan,12350.956367,167718,20714777000.0,210072,12420.0,121,12415.0,133,12425.0,566,12410.0,232,12430.0,500,12405.0,207,12435.0,288,12400.0,241,12440.0,234,12395.0,164
1597988387643620096,1597988387872000000,2020-08-21 13:39:47.872000,12415.0,12425.0,12280.0,12360.0,nan,12350.956367,167718,20714777000.0,210072,12420.0,121,12415.0,133,12425.0,566,12410.0,232,12430.0,502,12405.0,207,12435.0,288,12400.0,241,12440.0,234,12395.0,164
1597988388153871104,1597988388436999936,2020-08-21 13:39:48.437000,12415.0,12425.0,12280.0,12360.0,nan,12350.956367,167718,20714777000.0,210072,12420.0,122,12415.0,134,12425.0,567,12410.0,232,12430.0,502,12405.0,207,12435.0,288,12400.0,241,12440.0,234,12395.0,164
1597988388628155904,1597988388936000000,2020-08-21 13:39:48.936000,12420.0,12425.0,12280.0,12360.0,nan,12350.956779,167719,20714901200.0,210072,12420.0,122,12415.0,134,12425.0,568,12410.0,232,12430.0,502,12405.0,207,12435.0,288,12400.0,241,12440.0,234,12395.0,164
1597988389119563008,1597988389374000128,2020-08-21 13:39:49.374000,12420.0,12425.0,12280.0,12360.0,nan,12350.957191,167720,20715025400.0,210071,12420.0,128,12415.0,134,12425.0,568,12410.0,232,12430.0,502,12405.0,207,12435.0,288,12400.0,241,12440.0,234,12395.0,164
1597988389614383104,1597988389934000128,2020-08-21 13:39:49.934000,12415.0,12425.0,12280.0,12360.0,nan,12350.957572,167721,20715149550.0,210071,12420.0,127,12415.0,133,12425.0,568,12410.0,232,12430.0,502,12405.0,207,12435.0,288,12400.0,241,12440.0,234,12395.0,164
1597988390176902912,1597988390432000000,2020-08-21 13:39:50.432000,12420.0,12425.0,12280.0,12360.0,nan,12350.960454,167728,20716018950.0,210071,12420.0,120,12415.0,129,12425.0,568,12410.0,232,12430.0,502,12405.0,207,12435.0,288,12400.0,241,12440.0,234,12395.0,164
1597988390634014976,1597988390937999872,2020-08-21 13:39:50.938000,12420.0,12425.0,12280.0,12360.0,nan,12350.960454,167728,20716018950.0,210071,12420.0,121,12415.0,129,12425.0,568,12410.0,232,12430.0,502,12405.0,207,12435.0,288,12400.0,241,12440.0,234,12395.0,164
1597988391134835968,1597988391348000000,2020-08-21 13:39:51.348000,12420.0,12425.0,12280.0,12360.0,nan,12350.960454,167728,20716018950.0,210071,12420.0,135,12415.0,129,12425.0,568,12410.0,232,12430.0,502,12405.0,207,12435.0,288,12400.0,241,12440.0,234,12395.0,164
1597988391614228992,1597988391932000000,2020-08-21 13:39:51.932000,12420.0,12425.0,12280.0,12360.0,nan,12350.960454,167728,20716018950.0,210071,12420.0,134,12415.0,122,12425.0,568,12410.0,232,12430.0,502,12405.0,207,12435.0,288,12400.0,241,12440.0,234,12395.0,164
1597988392128407040,1597988392435000064,2020-08-21 13:39:52.435000,12420.0,12425.0,12280.0,12360.0,nan,12350.960454,167728,20716018950.0,210071,12420.0,135,12415.0,123,12425.0,568,12410.0,232,12430.0,502,12405.0,207,12435.0,288,12400.0,241,12440.0,234,12395.0,164
1597988392609747968,1597988392937999872,2020-08-21 13:39:52.938000,12420.0,12425.0,12280.0,12360.0,nan,12350.960865,167729,20716143150.0,210070,12420.0,134,12415.0,123,12425.0,569,12410.0,232,12430.0,502,12405.0,207,12435.0,288,12400.0,241,12440.0,234,12395.0,164
1597988393160773120,1597988393668999936,2020-08-21 13:39:53.669000,12415.0,12425.0,12280.0,12360.0,nan,12350.961247,167730,20716267300.0,210070,12420.0,134,12415.0,123,12425.0,570,12410.0,232,12430.0,501,12405.0,208,12435.0,288,12400.0,241,12440.0,234,12395.0,164
1597988393626200064,1597988393904999936,2020-08-21 13:39:53.905000,12415.0,12425.0,12280.0,12360.0,nan,12350.970242,167752,20718999600.0,210068,12420.0,115,12415.0,121,12425.0,570,12410.0,232,12430.0,501,12405.0,208,12435.0,288,12400.0,241,12440.0,234,12395.0,164
1597988394114408960,1597988394424999936,2020-08-21 13:39:54.425000,12420.0,12425.0,12280.0,12360.0,nan,12350.97218,167757,20719620400.0,210064,12420.0,124,12415.0,117,12425.0,570,12410.0,232,12430.0,501,12405.0,208,12435.0,288,12400.0,241,12440.0,234,12395.0,164
1597988394620614912,1597988394903000064,2020-08-21 13:39:54.903000,12420.0,12425.0,12280.0,12360.0,nan,12350.97218,167757,20719620400.0,210064,12420.0,138,12415.0,117,12425.0,571,12410.0,232,12430.0,501,12405.0,208,12435.0,288,12400.0,241,12440.0,234,12395.0,164
1597988395145936896,1597988395416000000,2020-08-21 13:39:55.416000,12420.0,12425.0,12280.0,12360.0,nan,12350.976706,167768,20720986600.0,210064,12420.0,128,12415.0,117,12425.0,571,12410.0,232,12430.0,502,12405.0,208,12435.0,288,12400.0,241,12440.0,234,12395.0,164
1597988395628769024,1597988395937999872,2020-08-21 13:39:55.938000,12420.0,12425.0,12280.0,12360.0,nan,12350.977117,167769,20721110800.0,210064,12420.0,129,12415.0,118,12425.0,571,12410.0,232,12430.0,502,12405.0,208,12435.0,288,12400.0,241,12440.0,234,12395.0,164
1597988396163343104,1597988396436000000,2020-08-21 13:39:56.436000,12420.0,12425.0,12280.0,12360.0,nan,12350.977117,167769,20721110800.0,210064,12420.0,130,12415.0,117,12425.0,571,12410.0,232,12430.0,502,12405.0,208,12435.0,288,12400.0,241,12440.0,234,12395.0,164
1597988396651806976,1597988396937999872,2020-08-21 13:39:56.938000,12420.0,12425.0,12280.0,12360.0,nan,12350.977117,167769,20721110800.0,210064,12420.0,130,12415.0,119,12425.0,571,12410.0,232,12430.0,502,12405.0,208,12435.0,288,12400.0,242,12440.0,234,12395.0,164
1597988397176222976,1597988397437999872,2020-08-21 13:39:57.438000,12420.0,12425.0,12280.0,12360.0,nan,12350.977117,167769,20721110800.0,210064,12420.0,130,12415.0,121,12425.0,571,12410.0,232,12430.0,502,12405.0,208,12435.0,288,12400.0,242,12440.0,234,12395.0,164
1597988397655565056,1597988397901999872,2020-08-21 13:39:57.902000,12420.0,12425.0,12280.0,12360.0,nan,12350.977117,167769,20721110800.0,210064,12420.0,131,12415.0,121,12425.0,571,12410.0,232,12430.0,502,12405.0,208,12435.0,288,12400.0,242,12440.0,234,12395.0,164
1597988398171819008,1597988398421999872,2020-08-21 13:39:58.422000,12420.0,12425.0,12280.0,12360.0,nan,12350.977529,167770,20721235000.0,210064,12420.0,130,12415.0,123,12425.0,571,12410.0,232,12430.0,502,12405.0,208,12435.0,288,12400.0,242,12440.0,234,12395.0,164
1597988398646264064,1597988398860999936,2020-08-21 13:39:58.861000,12420.0,12425.0,12280.0,12360.0,nan,12350.979586,167775,20721856000.0,210064,12420.0,126,12415.0,124,12425.0,571,12410.0,232,12430.0,502,12405.0,208,12435.0,288,12400.0,242,12440.0,234,12395.0,164
1597988399154371072,1597988399408999936,2020-08-21 13:39:59.409000,12420.0,12425.0,12280.0,12360.0,nan,12350.979586,167775,20721856000.0,210064,12420.0,131,12415.0,125,12425.0,571,12410.0,232,12430.0,502,12405.0,208,12435.0,288,12400.0,242,12440.0,234,12395.0,164
1597988399615128064,1597988399924999936,2020-08-21 13:39:59.925000,12420.0,12425.0,12280.0,12360.0,nan,12350.981142,167779,20722352650.0,210065,12420.0,131,12415.0,132,12425.0,571,12410.0,232,12430.0,502,12405.0,208,12435.0,288,12400.0,242,12440.0,234,12395.0,164
1597988400151036928,1597988400420999936,2020-08-21 13:40:00.421000,12420.0,12425.0,12280.0,12360.0,nan,12350.981142,167779,20722352650.0,210065,12420.0,131,12415.0,133,12425.0,571,12410.0,232,12430.0,502,12405.0,209,12435.0,289,12400.0,243,12440.0,235,12395.0,164
1597988400637231104,1597988400937999872,2020-08-21 13:40:00.938000,12420.0,12425.0,12280.0,12360.0,nan,12350.990602,167802,20725209250.0,210072,12420.0,109,12415.0,154,12425.0,571,12410.0,232,12430.0,502,12405.0,209,12435.0,289,12400.0,243,12440.0,235,12395.0,164
1597988401110077952,1597988401428999936,2020-08-21 13:40:01.429000,12420.0,12425.0,12280.0,12360.0,nan,12351.004963,167837,20729556200.0,210090,12420.0,79,12415.0,161,12425.0,570,12410.0,232,12430.0,502,12405.0,209,12435.0,289,12400.0,243,12440.0,235,12395.0,164
1597988401612005888,1597988401930000128,2020-08-21 13:40:01.930000,12420.0,12425.0,12280.0,12360.0,nan,12351.008633,167846,20730673950.0,210090,12420.0,72,12415.0,161,12425.0,570,12410.0,232,12430.0,502,12405.0,209,12435.0,289,12400.0,243,12440.0,235,12395.0,164
1597988402160622080,1597988402413000192,2020-08-21 13:40:02.413000,12420.0,12425.0,12280.0,12360.0,nan,12351.009044,167847,20730798150.0,210091,12420.0,71,12415.0,161,12425.0,570,12410.0,232,12430.0,502,12405.0,209,12435.0,289,12400.0,243,12440.0,235,12395.0,164
1597988402616299008,1597988402918999808,2020-08-21 13:40:02.919000,12420.0,12425.0,12280.0,12360.0,nan,12351.026303,167889,20736014550.0,210111,12420.0,29,12415.0,161,12425.0,570,12410.0,232,12430.0,502,12405.0,209,12435.0,289,12400.0,243,12440.0,235,12395.0,164
1597988403151269888,1597988403432000000,2020-08-21 13:40:03.432000,12420.0,12425.0,12280.0,12360.0,nan,12351.040679,167924,20740361550.0,210100,12425.0,571,12420.0,76,12430.0,504,12415.0,167,12435.0,289,12410.0,230,12440.0,236,12405.0,209,12445.0,322,12400.0,245
1597988403650318080,1597988403924000000,2020-08-21 13:40:03.924000,12420.0,12425.0,12280.0,12360.0,nan,12351.063668,167980,20747316750.0,210151,12425.0,579,12420.0,77,12430.0,505,12415.0,165,12435.0,289,12410.0,232,12440.0,237,12405.0,207,12445.0,322,12400.0,246
1597988404168745984,1597988404724000000,2020-08-21 13:40:04.724000,12420.0,12425.0,12280.0,12360.0,nan,12351.064489,167982,20747565150.0,210151,12425.0,570,12420.0,82,12430.0,505,12415.0,164,12435.0,289,12410.0,232,12440.0,237,12405.0,207,12445.0,322,12400.0,246
1597988404652849920,1597988404903000064,2020-08-21 13:40:04.903000,12420.0,12425.0,12280.0,12360.0,nan,12351.06531,167984,20747813550.0,210152,12425.0,576,12420.0,87,12430.0,505,12415.0,164,12435.0,289,12410.0,232,12440.0,237,12405.0,207,12445.0,322,12400.0,246
1597988405165261056,1597988405420000000,2020-08-21 13:40:05.420000,12420.0,12425.0,12280.0,12360.0,nan,12351.066541,167987,20748186150.0,210155,12425.0,577,12420.0,84,12430.0,505,12415.0,164,12435.0,289,12410.0,232,12440.0,237,12405.0,207,12445.0,322,12400.0,246
1597988405633523968,1597988405897000192,2020-08-21 13:40:05.897000,12420.0,12425.0,12280.0,12360.0,nan,12351.067362,167989,20748434550.0,210156,12425.0,576,12420.0,82,12430.0,506,12415.0,165,12435.0,289,12410.0,232,12440.0,237,12405.0,207,12445.0,322,12400.0,246
1597988406157419008,1597988406427000064,2020-08-21 13:40:06.427000,12420.0,12425.0,12280.0,12360.0,nan,12351.067772,167990,20748558750.0,210156,12425.0,576,12420.0,111,12430.0,515,12415.0,165,12435.0,289,12410.0,232,12440.0,237,12405.0,207,12445.0,322,12400.0,247
1597988406639892992,1597988406927000064,2020-08-21 13:40:06.927000,12425.0,12425.0,12280.0,12360.0,nan,12351.068622,167992,20748807200.0,210156,12425.0,575,12420.0,111,12430.0,515,12415.0,167,12435.0,289,12410.0,232,12440.0,237,12405.0,207,12445.0,322,12400.0,247
1597988407131619072,1597988407437999872,2020-08-21 13:40:07.438000,12420.0,12425.0,12280.0,12360.0,nan,12351.071673,167999,20749676900.0,210156,12425.0,569,12420.0,113,12430.0,515,12415.0,172,12435.0,289,12410.0,232,12440.0,237,12405.0,207,12445.0,322,12400.0,247
1597988407633035008,1597988407897000192,2020-08-21 13:40:07.897000,12420.0,12425.0,12280.0,12360.0,nan,12351.071673,167999,20749676900.0,210156,12425.0,569,12420.0,113,12430.0,515,12415.0,172,12435.0,289,12410.0,233,12440.0,237,12405.0,207,12445.0,322,12400.0,247
1597988408187964928,1597988408431000064,2020-08-21 13:40:08.431000,12420.0,12425.0,12280.0,12360.0,nan,12351.072083,168000,20749801100.0,210157,12425.0,569,12420.0,114,12430.0,515,12415.0,172,12435.0,289,12410.0,233,12440.0,237,12405.0,207,12445.0,322,12400.0,247
1597988408649665024,1597988409211000064,2020-08-21 13:40:09.211000,12420.0,12425.0,12280.0,12360.0,nan,12351.074135,168005,20750422100.0,210162,12425.0,570,12420.0,110,12430.0,515,12415.0,172,12435.0,289,12410.0,233,12440.0,237,12405.0,207,12445.0,322,12400.0,247
1597988409142583040,1597988409415000064,2020-08-21 13:40:09.415000,12420.0,12425.0,12280.0,12360.0,nan,12351.074545,168006,20750546300.0,210162,12425.0,570,12420.0,137,12430.0,515,12415.0,172,12435.0,290,12410.0,233,12440.0,237,12405.0,207,12445.0,322,12400.0,247
1597988409635132928,1597988409904999936,2020-08-21 13:40:09.905000,12420.0,12425.0,12280.0,12360.0,nan,12351.074955,168007,20750670500.0,210162,12425.0,570,12420.0,143,12430.0,515,12415.0,172,12435.0,290,12410.0,233,12440.0,237,12405.0,207,12445.0,322,12400.0,247
1597988410115245056,1597988410403000064,2020-08-21 13:40:10.403000,12420.0,12425.0,12280.0,12360.0,nan,12351.091771,168048,20755762700.0,210199,12425.0,575,12420.0,102,12430.0,515,12415.0,174,12435.0,290,12410.0,233,12440.0,237,12405.0,207,12445.0,322,12400.0,247
1597988410654504960,1597988410931000064,2020-08-21 13:40:10.931000,12420.0,12425.0,12280.0,12360.0,nan,12351.109399,168091,20761103300.0,210196,12425.0,575,12420.0,62,12430.0,515,12415.0,173,12435.0,278,12410.0,232,12440.0,237,12405.0,207,12445.0,322,12400.0,242
1597988411147301888,1597988411436000000,2020-08-21 13:40:11.436000,12420.0,12425.0,12280.0,12360.0,nan,12351.114317,168103,20762593700.0,210196,12425.0,575,12420.0,50,12430.0,515,12415.0,175,12435.0,278,12410.0,231,12440.0,237,12405.0,207,12445.0,322,12400.0,242
1597988411634369024,1597988411924999936,2020-08-21 13:40:11.925000,12420.0,12425.0,12280.0,12360.0,nan,12351.116366,168108,20763214700.0,210198,12425.0,575,12420.0,49,12430.0,515,12415.0,175,12435.0,278,12410.0,231,12440.0,237,12405.0,207,12445.0,322,12400.0,242
1597988412138522112,1597988412411000064,2020-08-21 13:40:12.411000,12420.0,12425.0,12280.0,12360.0,nan,12351.119852,168116,20764208650.0,210198,12425.0,568,12420.0,49,12430.0,516,12415.0,175,12435.0,278,12410.0,231,12440.0,237,12405.0,207,12445.0,322,12400.0,242
1597988412669672960,1597988412930000128,2020-08-21 13:40:12.930000,12425.0,12425.0,12280.0,12360.0,nan,12351.120731,168118,20764457150.0,210198,12425.0,567,12420.0,48,12430.0,516,12415.0,174,12435.0,278,12410.0,230,12440.0,237,12405.0,207,12445.0,322,12400.0,242
1597988413145780992,1597988413426000128,2020-08-21 13:40:13.426000,12420.0,12425.0,12280.0,12360.0,nan,12351.12155,168120,20764705550.0,210200,12425.0,567,12420.0,50,12430.0,516,12415.0,174,12435.0,278,12410.0,230,12440.0,237,12405.0,207,12445.0,322,12400.0,242
1597988413674061056,1597988413916000000,2020-08-21 13:40:13.916000,12420.0,12425.0,12280.0,12360.0,nan,12351.126056,168131,20766071750.0,210204,12425.0,567,12420.0,40,12430.0,516,12415.0,174,12435.0,277,12410.0,230,12440.0,237,12405.0,207,12445.0,322,12400.0,242
1597988414158949888,1597988414356000000,2020-08-21 13:40:14.356000,12420.0,12425.0,12280.0,12360.0,nan,12351.133429,168149,20768307350.0,210219,12425.0,568,12420.0,24,12430.0,516,12415.0,174,12435.0,277,12410.0,227,12440.0,238,12405.0,207,12445.0,322,12400.0,242
1597988414648998912,1597988414920999936,2020-08-21 13:40:14.921000,12420.0,12425.0,12280.0,12360.0,nan,12351.146004,168180,20772157350.0,210230,12420.0,53,12415.0,173,12425.0,569,12410.0,227,12430.0,516,12405.0,207,12435.0,277,12400.0,242,12440.0,238,12395.0,161
1597988415141984000,1597988415437999872,2020-08-21 13:40:15.438000,12415.0,12425.0,12280.0,12360.0,nan,12351.146384,168181,20772281500.0,210229,12420.0,72,12415.0,174,12425.0,564,12410.0,227,12430.0,516,12405.0,207,12435.0,278,12400.0,242,12440.0,238,12395.0,161
1597988415704040960,1597988415935000064,2020-08-21 13:40:15.935000,12415.0,12425.0,12280.0,12360.0,nan,12351.147992,168185,20772778250.0,210226,12420.0,86,12415.0,173,12425.0,564,12410.0,227,12430.0,516,12405.0,207,12435.0,278,12400.0,242,12440.0,238,12395.0,161
1597988416132279040,1597988416325999872,2020-08-21 13:40:16.326000,12415.0,12425.0,12280.0,12360.0,nan,12351.148371,168186,20772902400.0,210225,12420.0,88,12415.0,173,12425.0,561,12410.0,227,12430.0,513,12405.0,207,12435.0,279,12400.0,242,12440.0,238,12395.0,161
1597988416627731968,1597988416935000064,2020-08-21 13:40:16.935000,12420.0,12425.0,12280.0,12360.0,nan,12351.148781,168187,20773026600.0,210225,12420.0,92,12415.0,174,12425.0,560,12410.0,227,12430.0,513,12405.0,207,12435.0,279,12400.0,242,12440.0,238,12395.0,161
1597988417190821888,1597988417420999936,2020-08-21 13:40:17.421000,12420.0,12425.0,12280.0,12360.0,nan,12351.14919,168188,20773150800.0,210225,12420.0,96,12415.0,166,12425.0,566,12410.0,228,12430.0,514,12405.0,207,12435.0,279,12400.0,242,12440.0,238,12395.0,161
1597988417648792064,1597988417892999936,2020-08-21 13:40:17.893000,12420.0,12425.0,12280.0,12360.0,nan,12351.150009,168190,20773399200.0,210225,12420.0,141,12415.0,166,12425.0,568,12410.0,228,12430.0,514,12405.0,207,12435.0,279,12400.0,242,12440.0,238,12395.0,161
1597988418154755072,1597988418427000064,2020-08-21 13:40:18.427000,12420.0,12425.0,12280.0,12360.0,nan,12351.150009,168190,20773399200.0,210225,12420.0,144,12415.0,166,12425.0,568,12410.0,228,12430.0,514,12405.0,207,12435.0,279,12400.0,242,12440.0,238,12395.0,161
1597988418631933952,1597988418917999872,2020-08-21 13:40:18.918000,12415.0,12425.0,12280.0,12360.0,nan,12351.152726,168197,20774268350.0,210225,12420.0,142,12415.0,161,12425.0,568,12410.0,226,12430.0,514,12405.0,207,12435.0,279,12400.0,242,12440.0,238,12395.0,161
1597988419143141120,1597988419430000128,2020-08-21 13:40:19.430000,12420.0,12425.0,12280.0,12360.0,nan,12351.153135,168198,20774392550.0,210225,12420.0,148,12415.0,161,12425.0,564,12410.0,226,12430.0,515,12405.0,207,12435.0,279,12400.0,243,12440.0,238,12395.0,161
1597988419652419072,1597988419924999936,2020-08-21 13:40:19.925000,12420.0,12425.0,12280.0,12360.0,nan,12351.153135,168198,20774392550.0,210225,12420.0,149,12415.0,161,12425.0,564,12410.0,226,12430.0,515,12405.0,207,12435.0,279,12400.0,243,12440.0,238,12395.0,161
1597988420134865920,1597988420433000192,2020-08-21 13:40:20.433000,12420.0,12425.0,12280.0,12360.0,nan,12351.153135,168198,20774392550.0,210225,12420.0,150,12415.0,161,12425.0,564,12410.0,227,12430.0,515,12405.0,207,12435.0,279,12400.0,243,12440.0,238,12395.0,161
1597988420618202112,1597988420932000000,2020-08-21 13:40:20.932000,12420.0,12425.0,12280.0,12360.0,nan,12351.153135,168198,20774392550.0,210225,12420.0,152,12415.0,160,12425.0,563,12410.0,227,12430.0,515,12405.0,207,12435.0,279,12400.0,243,12440.0,238,12395.0,161
1597988421123531008,1597988421390000128,2020-08-21 13:40:21.390000,12420.0,12425.0,12280.0,12360.0,nan,12351.155182,168203,20775013550.0,210225,12420.0,153,12415.0,156,12425.0,566,12410.0,227,12430.0,515,12405.0,207,12435.0,279,12400.0,243,12440.0,238,12395.0,161
1597988421632236032,1597988421928000000,2020-08-21 13:40:21.928000,12420.0,12425.0,12280.0,12360.0,nan,12351.156,168205,20775261950.0,210225,12420.0,159,12415.0,157,12425.0,566,12410.0,227,12430.0,515,12405.0,207,12435.0,281,12400.0,243,12440.0,238,12395.0,162
