local_nano_time,quote_nano_time,datetime,last_price,highest,lowest,open,close,average,volume,amount,open_interest,ask_price1,ask_volume1,bid_price1,bid_volume1,ask_price2,ask_volume2,bid_price2,bid_volume2,ask_price3,ask_volume3,bid_price3,bid_volume3,ask_price4,ask_volume4,bid_price4,bid_volume4,ask_price5,ask_volume5,bid_price5,bid_volume5
1597988229736666112,1597988230000000000,2020-08-21 13:37:10.000000,5043.0,5057.0,5009.0,5051.0,nan,5032.0,410054,20633917280.0,515490,5044.0,162,5043.0,25,nan,0,nan,0,nan,0,nan,0,nan,0,nan,0,nan,0,nan,0
1597988230231385088,1597988230000001024,2020-08-21 13:37:10.000001,5044.0,5057.0,5009.0,5051.0,nan,5032.0,410060,20634219200.0,515487,5044.0,153,5043.0,242,nan,0,nan,0,nan,0,nan,0,nan,0,nan,0,nan,0,nan,0
1597988230715927040,1597988231000000000,2020-08-21 13:37:11.000000,5044.0,5057.0,5009.0,5051.0,nan,5032.0,410062,20634319840.0,515486,5044.0,150,5043.0,248,nan,0,nan,0,nan,0,nan,0,nan,0,nan,0,nan,0,nan,0
1597988231222905088,1597988231000001024,2020-08-21 13:37:11.000001,5044.0,5057.0,5009.0,5051.0,nan,5032.0,410067,20634571440.0,515488,5044.0,145,5043.0,251,nan,0,nan,0,nan,0,nan,0,nan,0,nan,0,nan,0,nan,0
1597988231720470016,1597988232000000000,2020-08-21 13:37:12.000000,5044.0,5057.0,5009.0,5051.0,nan,5032.0,410212,20641867840.0,515511,5045.0,112,5044.0,32,nan,0,nan,0,nan,0,nan,0,nan,0,nan,0,nan,0,nan,0
1597988232222838016,1597988232000001024,2020-08-21 13:37:12.000001,5044.0,5057.0,5009.0,5051.0,nan,5032.0,410213,20641918160.0,515511,5045.0,108,5044.0,63,nan,0,nan,0,nan,0,nan,0,nan,0,nan,0,nan,0,nan,0
1597988232718141952,1597988233000000000,2020-08-21 13:37:13.000000,5044.0,5057.0,5009.0,5051.0,nan,5032.0,410223,20642421360.0,515521,5045.0,109,5044.0,57,nan,0,nan,0,nan,0,nan,0,nan,0,nan,0,nan,0,nan,0
1597988233200792064,1597988233000001024,2020-08-21 13:37:13.000001,5043.0,5057.0,5009.0,5051.0,nan,5032.0,410284,20645490880.0,515555,5044.0,40,5043.0,271,nan,0,nan,0,nan,0,nan,0,nan,0,nan,0,nan,0,nan,0
1597988233716593920,1597988234000000000,2020-08-21 13:37:14.000000,5044.0,5057.0,5009.0,5051.0,nan,5032.0,410286,20645591520.0,515555,5044.0,48,5043.0,275,nan,0,nan,0,nan,0,nan,0,nan,0,nan,0,nan,0,nan,0
1597988234209648896,1597988234000001024,2020-08-21 13:37:14.000001,5044.0,5057.0,5009.0,5051.0,nan,5032.0,410310,20646799200.0,515545,5044.0,24,5043.0,279,nan,0,nan,0,nan,0,nan,0,nan,0,nan,0,nan,0,nan,0
1597988234722224896,1597988235000000000,2020-08-21 13:37:15.000000,5044.0,5057.0,5009.0,5051.0,nan,5032.0,410330,20647805600.0,515546,5044.0,39,5043.0,280,nan,0,nan,0,nan,0,nan,0,nan,0,nan,0,nan,0,nan,0
1597988235214323968,1597988235000001024,2020-08-21 13:37:15.000001,5043.0,5057.0,5009.0,5051.0,nan,5032.0,410364,20649516480.0,515512,5044.0,10,5043.0,281,nan,0,nan,0,nan,0,nan,0,nan,0,nan,0,nan,0,nan,0
1597988235738801920,1597988236000000000,2020-08-21 13:37:16.000000,5044.0,5057.0,5009.0,5051.0,nan,5032.0,410377,20650170640.0,515517,5045.0,115,5044.0,1,nan,0,nan,0,nan,0,nan,0,nan,0,nan,0,nan,0,nan,0
1597988236235471872,1597988236000001024,2020-08-21 13:37:16.000001,5044.0,5057.0,5009.0,5051.0,nan,5032.0,410388,20650724160.0,515518,5045.0,117,5043.0,286,nan,0,nan,0,nan,0,nan,0,nan,0,nan,0,nan,0,nan,0
1597988236716323072,1597988237000000000,2020-08-21 13:37:17.000000,5044.0,5057.0,5009.0,5051.0,nan,5032.0,410400,20651328000.0,515511,5044.0,127,5043.0,282,nan,0,nan,0,nan,0,nan,0,nan,0,nan,0,nan,0,nan,0
1597988237221602048,1597988237000001024,2020-08-21 13:37:17.000001,5044.0,5057.0,5009.0,5051.0,nan,5032.0,410400,20651328000.0,515511,5044.0,127,5043.0,289,nan,0,nan,0,nan,0,nan,0,nan,0,nan,0,nan,0,nan,0
1597988237725562880,1597988238000000000,2020-08-21 13:37:18.000000,5044.0,5057.0,5009.0,5051.0,nan,5032.0,410402,20651428640.0,515511,5044.0,125,5043.0,289,nan,0,nan,0,nan,0,nan,0,nan,0,nan,0,nan,0,nan,0
1597988238234234112,1597988238000001024,2020-08-21 13:37:18.000001,5044.0,5057.0,5009.0,5051.0,nan,5032.0,410403,20651478960.0,515511,5044.0,125,5043.0,347,nan,0,nan,0,nan,0,nan,0,nan,0,nan,0,nan,0,nan,0
1597988238733837056,1597988239000000000,2020-08-21 13:37:19.000000,5044.0,5057.0,5009.0,5051.0,nan,5032.0,410403,20651478960.0,515511,5044.0,126,5043.0,347,nan,0,nan,0,nan,0,nan,0,nan,0,nan,0,nan,0,nan,0
1597988239196809984,1597988239000001024,2020-08-21 13:37:19.000001,5044.0,5057.0,5009.0,5051.0,nan,5032.0,410414,20652032480.0,515511,5044.0,115,5043.0,348,nan,0,nan,0,nan,0,nan,0,nan,0,nan,0,nan,0,nan,0
1597988239718351104,1597988240000000000,2020-08-21 13:37:20.000000,5044.0,5057.0,5009.0,5051.0,nan,5032.0,410414,20652032480.0,515511,5044.0,116,5043.0,350,nan,0,nan,0,nan,0,nan,0,nan,0,nan,0,nan,0,nan,0
1597988240255330048,1597988240000001024,2020-08-21 13:37:20.000001,5044.0,5057.0,5009.0,5051.0,nan,5032.0,410415,20652082800.0,515510,5044.0,115,5043.0,351,nan,0,nan,0,nan,0,nan,0,nan,0,nan,0,nan,0,nan,0
1597988240715074048,1597988241000000000,2020-08-21 13:37:21.000000,5044.0,5057.0,5009.0,5051.0,nan,5032.0,410416,20652133120.0,515510,5044.0,114,5043.0,353,nan,0,nan,0,nan,0,nan,0,nan,0,nan,0,nan,0,nan,0
1597988241225848064,1597988241000001024,2020-08-21 13:37:21.000001,5044.0,5057.0,5009.0,5051.0,nan,5032.0,410417,20652183440.0,515510,5044.0,114,5043.0,354,nan,0,nan,0,nan,0,nan,0,nan,0,nan,0,nan,0,nan,0
1597988241722863104,1597988242000000000,2020-08-21 13:37:22.000000,5044.0,5057.0,5009.0,5051.0,nan,5032.0,410417,20652183440.0,515510,5044.0,116,5043.0,354,nan,0,nan,0,nan,0,nan,0,nan,0,nan,0,nan,0,nan,0
1597988242206436096,1597988242000001024,2020-08-21 13:37:22.000001,5044.0,5057.0,5009.0,5051.0,nan,5032.0,410417,20652183440.0,515510,5044.0,129,5043.0,354,nan,0,nan,0,nan,0,nan,0,nan,0,nan,0,nan,0,nan,0
1597988242727887104,1597988243000000000,2020-08-21 13:37:23.000000,5044.0,5057.0,5009.0,5051.0,nan,5032.0,410417,20652183440.0,515510,5044.0,134,5043.0,354,nan,0,nan,0,nan,0,nan,0,nan,0,nan,0,nan,0,nan,0
1597988243712920064,1597988244000000000,2020-08-21 13:37:24.000000,5044.0,5057.0,5009.0,5051.0,nan,5032.0,410417,20652183440.0,515510,5044.0,134,5043.0,355,nan,0,nan,0,nan,0,nan,0,nan,0,nan,0,nan,0,nan,0
1597988244208613888,1597988244000001024,2020-08-21 13:37:24.000001,5044.0,5057.0,5009.0,5051.0,nan,5032.0,410420,20652334400.0,515510,5044.0,142,5043.0,355,nan,0,nan,0,nan,0,nan,0,nan,0,nan,0,nan,0,nan,0
1597988244729655040,1597988245000000000,2020-08-21 13:37:25.000000,5043.0,5057.0,5009.0,5051.0,nan,5032.0,410428,20652736960.0,515510,5044.0,135,5043.0,354,nan,0,nan,0,nan,0,nan,0,nan,0,nan,0,nan,0,nan,0
1597988245195106048,1597988245000001024,2020-08-21 13:37:25.000001,5044.0,5057.0,5009.0,5051.0,nan,5032.0,410429,20652787280.0,515510,5044.0,135,5043.0,355,nan,0,nan,0,nan,0,nan,0,nan,0,nan,0,nan,0,nan,0
1597988245719601920,1597988246000000000,2020-08-21 13:37:26.000000,5044.0,5057.0,5009.0,5051.0,nan,5032.0,410429,20652787280.0,515510,5044.0,150,5043.0,359,nan,0,nan,0,nan,0,nan,0,nan,0,nan,0,nan,0,nan,0
1597988246258455040,1597988246000001024,2020-08-21 13:37:26.000001,5043.0,5057.0,5009.0,5051.0,nan,5032.0,410431,20652887920.0,515510,5044.0,150,5043.0,357,nan,0,nan,0,nan,0,nan,0,nan,0,nan,0,nan,0,nan,0
1597988246745561088,1597988247000000000,2020-08-21 13:37:27.000000,5044.0,5057.0,5009.0,5051.0,nan,5032.0,410432,20652938240.0,515509,5044.0,153,5043.0,358,nan,0,nan,0,nan,0,nan,0,nan,0,nan,0,nan,0,nan,0
1597988247220880896,1597988247000001024,2020-08-21 13:37:27.000001,5044.0,5057.0,5009.0,5051.0,nan,5032.0,410433,20652988560.0,515509,5044.0,152,5043.0,363,nan,0,nan,0,nan,0,nan,0,nan,0,nan,0,nan,0,nan,0
1597988247728035072,1597988248000000000,2020-08-21 13:37:28.000000,5044.0,5057.0,5009.0,5051.0,nan,5032.0,410434,20653038880.0,515508,5044.0,182,5043.0,361,nan,0,nan,0,nan,0,nan,0,nan,0,nan,0,nan,0,nan,0
1597988248221604096,1597988248000001024,2020-08-21 13:37:28.000001,5044.0,5057.0,5009.0,5051.0,nan,5032.0,410436,20653139520.0,515506,5044.0,181,5043.0,366,nan,0,nan,0,nan,0,nan,0,nan,0,nan,0,nan,0,nan,0
1597988248719038976,1597988249000000000,2020-08-21 13:37:29.000000,5044.0,5057.0,5009.0,5051.0,nan,5032.0,410436,20653139520.0,515506,5044.0,191,5043.0,367,nan,0,nan,0,nan,0,nan,0,nan,0,nan,0,nan,0,nan,0
1597988249227027968,1597988249000001024,2020-08-21 13:37:29.000001,5044.0,5057.0,5009.0,5051.0,nan,5032.0,410438,20653240160.0,515505,5044.0,190,5043.0,368,nan,0,nan,0,nan,0,nan,0,nan,0,nan,0,nan,0,nan,0
1597988249726804992,1597988250000000000,2020-08-21 13:37:30.000000,5044.0,5057.0,5009.0,5051.0,nan,5032.0,410441,20653391120.0,515505,5044.0,187,5043.0,367,nan,0,nan,0,nan,0,nan,0,nan,0,nan,0,nan,0,nan,0
1597988250242164992,1597988250000001024,2020-08-21 13:37:30.000001,5044.0,5057.0,5009.0,5051.0,nan,5032.0,410443,20653491760.0,515505,5044.0,189,5043.0,367,nan,0,nan,0,nan,0,nan,0,nan,0,nan,0,nan,0,nan,0
1597988250736027904,1597988251000000000,2020-08-21 13:37:31.000000,5044.0,5057.0,5009.0,5051.0,nan,5032.0,410448,20653743360.0,515505,5044.0,184,5043.0,367,nan,0,nan,0,nan,0,nan,0,nan,0,nan,0,nan,0,nan,0
1597988251210368000,1597988251000001024,2020-08-21 13:37:31.000001,5043.0,5057.0,5009.0,5051.0,nan,5032.0,410450,20653844000.0,515504,5044.0,184,5043.0,368,nan,0,nan,0,nan,0,nan,0,nan,0,nan,0,nan,0,nan,0
1597988251732866048,1597988252000000000,2020-08-21 13:37:32.000000,5044.0,5057.0,5009.0,5051.0,nan,5032.0,410454,20654045280.0,515502,5044.0,180,5043.0,368,nan,0,nan,0,nan,0,nan,0,nan,0,nan,0,nan,0,nan,0
1597988252227035904,1597988252000001024,2020-08-21 13:37:32.000001,5044.0,5057.0,5009.0,5051.0,nan,5032.0,410455,20654095600.0,515502,5044.0,180,5043.0,368,nan,0,nan,0,nan,0,nan,0,nan,0,nan,0,nan,0,nan,0
1597988252733070080,1597988253000000000,2020-08-21 13:37:33.000000,5043.0,5057.0,5009.0,5051.0,nan,5032.0,410465,20654598800.0,515502,5044.0,180,5043.0,358,nan,0,nan,0,nan,0,nan,0,nan,0,nan,0,nan,0,nan,0
1597988254213146880,1597988254000001024,2020-08-21 13:37:34.000001,5043.0,5057.0,5009.0,5051.0,nan,5032.0,410465,20654598800.0,515502,5044.0,181,5043.0,358,nan,0,nan,0,nan,0,nan,0,nan,0,nan,0,nan,0,nan,0
1597988254748264960,1597988255000000000,2020-08-21 13:37:35.000000,5043.0,5057.0,5009.0,5051.0,nan,5032.0,410465,20654598800.0,515502,5044.0,182,5043.0,359,nan,0,nan,0,nan,0,nan,0,nan,0,nan,0,nan,0,nan,0
1597988255219514112,1597988255000001024,2020-08-21 13:37:35.000001,5043.0,5057.0,5009.0,5051.0,nan,5032.0,410465,20654598800.0,515502,5044.0,183,5043.0,361,nan,0,nan,0,nan,0,nan,0,nan,0,nan,0,nan,0,nan,0
1597988255726491904,1597988256000000000,2020-08-21 13:37:36.000000,5043.0,5057.0,5009.0,5051.0,nan,5032.0,410470,20654850400.0,515497,5044.0,184,5043.0,352,nan,0,nan,0,nan,0,nan,0,nan,0,nan,0,nan,0,nan,0
1597988256224433920,1597988256000001024,2020-08-21 13:37:36.000001,5044.0,5057.0,5009.0,5051.0,nan,5032.0,410485,20655605200.0,515490,5044.0,180,5043.0,340,nan,0,nan,0,nan,0,nan,0,nan,0,nan,0,nan,0,nan,0
1597988256738042880,1597988257000000000,2020-08-21 13:37:37.000000,5044.0,5057.0,5009.0,5051.0,nan,5032.0,410485,20655605200.0,515490,5044.0,193,5043.0,351,nan,0,nan,0,nan,0,nan,0,nan,0,nan,0,nan,0,nan,0
1597988257205530880,1597988257000001024,2020-08-21 13:37:37.000001,5044.0,5057.0,5009.0,5051.0,nan,5032.0,410492,20655957440.0,515489,5044.0,191,5043.0,352,nan,0,nan,0,nan,0,nan,0,nan,0,nan,0,nan,0,nan,0
1597988257727996928,1597988258000000000,2020-08-21 13:37:38.000000,5044.0,5057.0,5009.0,5051.0,nan,5032.0,410493,20656007760.0,515489,5044.0,195,5043.0,357,nan,0,nan,0,nan,0,nan,0,nan,0,nan,0,nan,0,nan,0
1597988258224707072,1597988258000001024,2020-08-21 13:37:38.000001,5043.0,5057.0,5009.0,5051.0,nan,5032.0,410494,20656058080.0,515489,5044.0,195,5043.0,356,nan,0,nan,0,nan,0,nan,0,nan,0,nan,0,nan,0,nan,0
1597988258733255936,1597988259000000000,2020-08-21 13:37:39.000000,5043.0,5057.0,5009.0,5051.0,nan,5032.0,410497,20656209040.0,515489,5044.0,256,5043.0,354,nan,0,nan,0,nan,0,nan,0,nan,0,nan,0,nan,0,nan,0
1597988259231887872,1597988259000001024,2020-08-21 13:37:39.000001,5044.0,5057.0,5009.0,5051.0,nan,5032.0,410498,20656259360.0,515489,5044.0,255,5043.0,363,nan,0,nan,0,nan,0,nan,0,nan,0,nan,0,nan,0,nan,0
1597988259744378112,1597988260000000000,2020-08-21 13:37:40.000000,5044.0,5057.0,5009.0,5051.0,nan,5032.0,410498,20656259360.0,515489,5044.0,255,5043.0,376,nan,0,nan,0,nan,0,nan,0,nan,0,nan,0,nan,0,nan,0
1597988260213842944,1597988260000001024,2020-08-21 13:37:40.000001,5044.0,5057.0,5009.0,5051.0,nan,5032.0,410498,20656259360.0,515489,5044.0,255,5043.0,381,nan,0,nan,0,nan,0,nan,0,nan,0,nan,0,nan,0,nan,0
1597988260732453120,1597988261000000000,2020-08-21 13:37:41.000000,5043.0,5057.0,5009.0,5051.0,nan,5032.0,410499,20656309680.0,515490,5044.0,255,5043.0,388,nan,0,nan,0,nan,0,nan,0,nan,0,nan,0,nan,0,nan,0
1597988261721306112,1597988262000000000,2020-08-21 13:37:42.000000,5043.0,5057.0,5009.0,5051.0,nan,5032.0,410499,20656309680.0,515490,5044.0,257,5043.0,388,nan,0,nan,0,nan,0,nan,0,nan,0,nan,0,nan,0,nan,0
1597988262259951104,1597988262000001024,2020-08-21 13:37:42.000001,5044.0,5057.0,5009.0,5051.0,nan,5032.0,410504,20656561280.0,515489,5044.0,256,5043.0,388,nan,0,nan,0,nan,0,nan,0,nan,0,nan,0,nan,0,nan,0
1597988262735835904,1597988263000000000,2020-08-21 13:37:43.000000,5043.0,5057.0,5009.0,5051.0,nan,5032.0,410510,20656863200.0,515490,5044.0,253,5043.0,384,nan,0,nan,0,nan,0,nan,0,nan,0,nan,0,nan,0,nan,0
1597988263212386048,1597988263000001024,2020-08-21 13:37:43.000001,5044.0,5057.0,5009.0,5051.0,nan,5032.0,410521,20657416720.0,515490,5044.0,242,5043.0,384,nan,0,nan,0,nan,0,nan,0,nan,0,nan,0,nan,0,nan,0
1597988263723714048,1597988264000000000,2020-08-21 13:37:44.000000,5044.0,5057.0,5009.0,5051.0,nan,5032.0,410525,20657618000.0,515489,5044.0,239,5043.0,385,nan,0,nan,0,nan,0,nan,0,nan,0,nan,0,nan,0,nan,0
1597988264238555904,1597988264000001024,2020-08-21 13:37:44.000001,5044.0,5057.0,5009.0,5051.0,nan,5032.0,410525,20657618000.0,515489,5044.0,239,5043.0,388,nan,0,nan,0,nan,0,nan,0,nan,0,nan,0,nan,0,nan,0
1597988264727030016,1597988265000000000,2020-08-21 13:37:45.000000,5044.0,5057.0,5009.0,5051.0,nan,5032.0,410527,20657718640.0,515489,5044.0,238,5043.0,388,nan,0,nan,0,nan,0,nan,0,nan,0,nan,0,nan,0,nan,0
1597988265241539072,1597988265000001024,2020-08-21 13:37:45.000001,5043.0,5057.0,5009.0,5051.0,nan,5032.0,410528,20657768960.0,515490,5044.0,238,5043.0,390,nan,0,nan,0,nan,0,nan,0,nan,0,nan,0,nan,0,nan,0
1597988265736114944,1597988266000000000,2020-08-21 13:37:46.000000,5044.0,5057.0,5009.0,5051.0,nan,5032.0,410534,20658070880.0,515486,5044.0,233,5043.0,389,nan,0,nan,0,nan,0,nan,0,nan,0,nan,0,nan,0,nan,0
1597988266211868928,1597988266000001024,2020-08-21 13:37:46.000001,5044.0,5057.0,5009.0,5051.0,nan,5032.0,410546,20658674720.0,515476,5044.0,226,5043.0,389,nan,0,nan,0,nan,0,nan,0,nan,0,nan,0,nan,0,nan,0
1597988267230586880,1597988267000001024,2020-08-21 13:37:47.000001,5044.0,5057.0,5009.0,5051.0,nan,5032.0,410546,20658674720.0,515476,5044.0,227,5043.0,389,nan,0,nan,0,nan,0,nan,0,nan,0,nan,0,nan,0,nan,0
1597988267731293952,1597988268000000000,2020-08-21 13:37:48.000000,5043.0,5057.0,5009.0,5051.0,nan,5032.0,410547,20658725040.0,515477,5044.0,227,5043.0,388,nan,0,nan,0,nan,0,nan,0,nan,0,nan,0,nan,0,nan,0
1597988268224540928,1597988268000001024,2020-08-21 13:37:48.000001,5043.0,5057.0,5009.0,5051.0,nan,5032.0,410547,20658725040.0,515477,5044.0,229,5043.0,395,nan,0,nan,0,nan,0,nan,0,nan,0,nan,0,nan,0,nan,0
1597988268739728896,1597988269000000000,2020-08-21 13:37:49.000000,5044.0,5057.0,5009.0,5051.0,nan,5032.0,410557,20659228240.0,515477,5044.0,219,5043.0,395,nan,0,nan,0,nan,0,nan,0,nan,0,nan,0,nan,0,nan,0
1597988269219936000,1597988269000001024,2020-08-21 13:37:49.000001,5044.0,5057.0,5009.0,5051.0,nan,5032.0,410558,20659278560.0,515477,5044.0,217,5043.0,395,nan,0,nan,0,nan,0,nan,0,nan,0,nan,0,nan,0,nan,0
1597988269741719040,1597988270000000000,2020-08-21 13:37:50.000000,5043.0,5057.0,5009.0,5051.0,nan,5032.0,410559,20659328880.0,515477,5044.0,217,5043.0,394,nan,0,nan,0,nan,0,nan,0,nan,0,nan,0,nan,0,nan,0
1597988270229176064,1597988270000001024,2020-08-21 13:37:50.000001,5044.0,5057.0,5009.0,5051.0,nan,5032.0,410560,20659379200.0,515477,5044.0,215,5043.0,394,nan,0,nan,0,nan,0,nan,0,nan,0,nan,0,nan,0,nan,0
1597988270730558976,1597988271000000000,2020-08-21 13:37:51.000000,5043.0,5057.0,5009.0,5051.0,nan,5032.0,410562,20659479840.0,515477,5044.0,220,5043.0,392,nan,0,nan,0,nan,0,nan,0,nan,0,nan,0,nan,0,nan,0
1597988271228378880,1597988271000001024,2020-08-21 13:37:51.000001,5043.0,5057.0,5009.0,5051.0,nan,5032.0,410562,20659479840.0,515477,5044.0,220,5043.0,400,nan,0,nan,0,nan,0,nan,0,nan,0,nan,0,nan,0,nan,0
1597988271737667072,1597988272000000000,2020-08-21 13:37:52.000000,5044.0,5057.0,5009.0,5051.0,nan,5032.0,410563,20659530160.0,515477,5044.0,220,5043.0,400,nan,0,nan,0,nan,0,nan,0,nan,0,nan,0,nan,0,nan,0
1597988272220358912,1597988272000001024,2020-08-21 13:37:52.000001,5043.0,5057.0,5009.0,5051.0,nan,5032.0,410579,20660335280.0,515477,5044.0,218,5043.0,384,nan,0,nan,0,nan,0,nan,0,nan,0,nan,0,nan,0,nan,0
1597988272741213952,1597988273000000000,2020-08-21 13:37:53.000000,5043.0,5057.0,5009.0,5051.0,nan,5032.0,410579,20660335280.0,515477,5044.0,219,5043.0,384,nan,0,nan,0,nan,0,nan,0,nan,0,nan,0,nan,0,nan,0
1597988273220907008,1597988273000001024,2020-08-21 13:37:53.000001,5044.0,5057.0,5009.0,5051.0,nan,5032.0,410590,20660888800.0,515477,5044.0,218,5043.0,378,nan,0,nan,0,nan,0,nan,0,nan,0,nan,0,nan,0,nan,0
1597988274227497984,1597988274000001024,2020-08-21 13:37:54.000001,5044.0,5057.0,5009.0,5051.0,nan,5032.0,410590,20660888800.0,515477,5044.0,218,5043.0,379,nan,0,nan,0,nan,0,nan,0,nan,0,nan,0,nan,0,nan,0
1597988274741038080,1597988275000000000,2020-08-21 13:37:55.000000,5044.0,5057.0,5009.0,5051.0,nan,5032.0,410592,20660989440.0,515475,5044.0,216,5043.0,377,nan,0,nan,0,nan,0,nan,0,nan,0,nan,0,nan,0,nan,0
1597988275226056960,1597988275000001024,2020-08-21 13:37:55.000001,5044.0,5057.0,5009.0,5051.0,nan,5032.0,410601,20661442320.0,515466,5044.0,208,5043.0,369,nan,0,nan,0,nan,0,nan,0,nan,0,nan,0,nan,0,nan,0
1597988275753044992,1597988276000000000,2020-08-21 13:37:56.000000,5044.0,5057.0,5009.0,5051.0,nan,5032.0,410601,20661442320.0,515466,5044.0,208,5043.0,362,nan,0,nan,0,nan,0,nan,0,nan,0,nan,0,nan,0,nan,0
1597988276254653952,1597988276000001024,2020-08-21 13:37:56.000001,5044.0,5057.0,5009.0,5051.0,nan,5032.0,410616,20662197120.0,515458,5044.0,193,5043.0,354,nan,0,nan,0,nan,0,nan,0,nan,0,nan,0,nan,0,nan,0
1597988276809899008,1597988277000000000,2020-08-21 13:37:57.000000,5043.0,5057.0,5009.0,5051.0,nan,5032.0,410618,20662297760.0,515458,5044.0,193,5043.0,357,nan,0,nan,0,nan,0,nan,0,nan,0,nan,0,nan,0,nan,0
1597988277261533952,1597988277000001024,2020-08-21 13:37:57.000001,5043.0,5057.0,5009.0,5051.0,nan,5032.0,410618,20662297760.0,515458,5044.0,193,5043.0,362,nan,0,nan,0,nan,0,nan,0,nan,0,nan,0,nan,0,nan,0
1597988277748072960,1597988278000000000,2020-08-21 13:37:58.000000,5044.0,5057.0,5009.0,5051.0,nan,5032.0,410622,20662499040.0,515454,5044.0,189,5043.0,362,nan,0,nan,0,nan,0,nan,0,nan,0,nan,0,nan,0,nan,0
1597988278739572992,1597988279000000000,2020-08-21 13:37:59.000000,5044.0,5057.0,5009.0,5051.0,nan,5032.0,410622,20662499040.0,515454,5044.0,189,5043.0,363,nan,0,nan,0,nan,0,nan,0,nan,0,nan,0,nan,0,nan,0
1597988279222025984,1597988279000001024,2020-08-21 13:37:59.000001,5043.0,5057.0,5009.0,5051.0,nan,5032.0,410624,20662599680.0,515454,5044.0,190,5043.0,361,nan,0,nan,0,nan,0,nan,0,nan,0,nan,0,nan,0,nan,0
1597988280245166080,1597988280000001024,2020-08-21 13:38:00.000001,5043.0,5057.0,5009.0,5051.0,nan,5032.0,410624,20662599680.0,515454,5044.0,190,5043.0,362,nan,0,nan,0,nan,0,nan,0,nan,0,nan,0,nan,0,nan,0
1597988280738307072,1597988281000000000,2020-08-21 13:38:01.000000,5043.0,5057.0,5009.0,5051.0,nan,5032.0,410624,20662599680.0,515454,5044.0,191,5043.0,363,nan,0,nan,0,nan,0,nan,0,nan,0,nan,0,nan,0,nan,0
1597988281219187968,1597988281000001024,2020-08-21 13:38:01.000001,5043.0,5057.0,5009.0,5051.0,nan,5032.0,410624,20662599680.0,515454,5044.0,195,5043.0,370,nan,0,nan,0,nan,0,nan,0,nan,0,nan,0,nan,0,nan,0
1597988281744078080,1597988282000000000,2020-08-21 13:38:02.000000,5044.0,5057.0,5009.0,5051.0,nan,5032.0,410625,20662650000.0,515454,5044.0,194,5043.0,370,nan,0,nan,0,nan,0,nan,0,nan,0,nan,0,nan,0,nan,0
1597988282229690112,1597988282000001024,2020-08-21 13:38:02.000001,5044.0,5057.0,5009.0,5051.0,nan,5032.0,410625,20662650000.0,515454,5044.0,195,5043.0,371,nan,0,nan,0,nan,0,nan,0,nan,0,nan,0,nan,0,nan,0
1597988283283302912,1597988283000001024,2020-08-21 13:38:03.000001,5044.0,5057.0,5009.0,5051.0,nan,5032.0,410636,20663203520.0,515459,5044.0,185,5043.0,377,nan,0,nan,0,nan,0,nan,0,nan,0,nan,0,nan,0,nan,0
1597988283754238976,1597988284000000000,2020-08-21 13:38:04.000000,5044.0,5057.0,5009.0,5051.0,nan,5032.0,410637,20663253840.0,515459,5044.0,184,5043.0,377,nan,0,nan,0,nan,0,nan,0,nan,0,nan,0,nan,0,nan,0
1597988284226565888,1597988284000001024,2020-08-21 13:38:04.000001,5043.0,5057.0,5009.0,5051.0,nan,5032.0,410648,20663807360.0,515467,5044.0,174,5043.0,377,nan,0,nan,0,nan,0,nan,0,nan,0,nan,0,nan,0,nan,0
1597988284735672064,1597988285000000000,2020-08-21 13:38:05.000000,5043.0,5057.0,5009.0,5051.0,nan,5032.0,410659,20664360880.0,515467,5044.0,174,5043.0,367,nan,0,nan,0,nan,0,nan,0,nan,0,nan,0,nan,0,nan,0
1597988285743516928,1597988286000000000,2020-08-21 13:38:06.000000,5043.0,5057.0,5009.0,5051.0,nan,5032.0,410659,20664360880.0,515467,5044.0,174,5043.0,368,nan,0,nan,0,nan,0,nan,0,nan,0,nan,0,nan,0,nan,0
1597988286224454912,1597988286000001024,2020-08-21 13:38:06.000001,5043.0,5057.0,5009.0,5051.0,nan,5032.0,410659,20664360880.0,515467,5044.0,174,5043.0,369,nan,0,nan,0,nan,0,nan,0,nan,0,nan,0,nan,0,nan,0
1597988286737657088,1597988287000000000,2020-08-21 13:38:07.000000,5043.0,5057.0,5009.0,5051.0,nan,5032.0,410660,20664411200.0,515467,5044.0,174,5043.0,417,nan,0,nan,0,nan,0,nan,0,nan,0,nan,0,nan,0,nan,0
1597988287214365952,1597988287000001024,2020-08-21 13:38:07.000001,5043.0,5057.0,5009.0,5051.0,nan,5032.0,410666,20664713120.0,515468,5044.0,173,5043.0,417,nan,0,nan,0,nan,0,nan,0,nan,0,nan,0,nan,0,nan,0
1597988287748547072,1597988288000000000,2020-08-21 13:38:08.000000,5043.0,5057.0,5009.0,5051.0,nan,5032.0,410667,20664763440.0,515468,5044.0,173,5043.0,420,nan,0,nan,0,nan,0,nan,0,nan,0,nan,0,nan,0,nan,0
1597988288248866048,1597988288000001024,2020-08-21 13:38:08.000001,5043.0,5057.0,5009.0,5051.0,nan,5032.0,410668,20664813760.0,515468,5044.0,174,5043.0,426,nan,0,nan,0,nan,0,nan,0,nan,0,nan,0,nan,0,nan,0
1597988288738906112,1597988289000000000,2020-08-21 13:38:09.000000,5044.0,5057.0,5009.0,5051.0,nan,5032.0,410671,20664964720.0,515471,5044.0,171,5043.0,440,nan,0,nan,0,nan,0,nan,0,nan,0,nan,0,nan,0,nan,0
1597988289239358976,1597988289000001024,2020-08-21 13:38:09.000001,5044.0,5057.0,5009.0,5051.0,nan,5032.0,410676,20665216320.0,515475,5044.0,166,5043.0,443,nan,0,nan,0,nan,0,nan,0,nan,0,nan,0,nan,0,nan,0
1597988290738803968,1597988291000000000,2020-08-21 13:38:11.000000,5044.0,5057.0,5009.0,5051.0,nan,5032.0,410676,20665216320.0,515475,5044.0,166,5043.0,446,nan,0,nan,0,nan,0,nan,0,nan,0,nan,0,nan,0,nan,0
1597988291240066048,1597988291000001024,2020-08-21 13:38:11.000001,5044.0,5057.0,5009.0,5051.0,nan,5032.0,410676,20665216320.0,515475,5044.0,176,5043.0,446,nan,0,nan,0,nan,0,nan,0,nan,0,nan,0,nan,0,nan,0
1597988291742214912,1597988292000000000,2020-08-21 13:38:12.000000,5044.0,5057.0,5009.0,5051.0,nan,5032.0,410676,20665216320.0,515475,5044.0,176,5043.0,445,nan,0,nan,0,nan,0,nan,0,nan,0,nan,0,nan,0,nan,0
1597988292242743040,1597988292000001024,2020-08-21 13:38:12.000001,5044.0,5057.0,5009.0,5051.0,nan,5032.0,410676,20665216320.0,515475,5044.0,176,5043.0,451,nan,0,nan,0,nan,0,nan,0,nan,0,nan,0,nan,0,nan,0
1597988292748890880,1597988293000000000,2020-08-21 13:38:13.000000,5044.0,5057.0,5009.0,5051.0,nan,5032.0,410676,20665216320.0,515475,5044.0,176,5043.0,450,nan,0,nan,0,nan,0,nan,0,nan,0,nan,0,nan,0,nan,0
1597988293231260928,1597988293000001024,2020-08-21 13:38:13.000001,5044.0,5057.0,5009.0,5051.0,nan,5032.0,410696,20666222720.0,515473,5044.0,156,5043.0,450,nan,0,nan,0,nan,0,nan,0,nan,0,nan,0,nan,0,nan,0
1597988293744295936,1597988294000000000,2020-08-21 13:38:14.000000,5043.0,5057.0,5009.0,5051.0,nan,5032.0,410698,20666323360.0,515473,5044.0,156,5043.0,448,nan,0,nan,0,nan,0,nan,0,nan,0,nan,0,nan,0,nan,0
1597988294229880064,1597988294000001024,2020-08-21 13:38:14.000001,5044.0,5057.0,5009.0,5051.0,nan,5032.0,410800,20671456000.0,515454,5044.0,54,5043.0,448,nan,0,nan,0,nan,0,nan,0,nan,0,nan,0,nan,0,nan,0
1597988294744307968,1597988295000000000,2020-08-21 13:38:15.000000,5044.0,5057.0,5009.0,5051.0,nan,5032.0,410854,20674173280.0,515488,5045.0,127,5044.0,28,nan,0,nan,0,nan,0,nan,0,nan,0,nan,0,nan,0,nan,0
1597988295247721984,1597988295000001024,2020-08-21 13:38:15.000001,5044.0,5057.0,5009.0,5051.0,nan,5032.0,410854,20674173280.0,515488,5045.0,127,5044.0,109,nan,0,nan,0,nan,0,nan,0,nan,0,nan,0,nan,0,nan,0
1597988295749957120,1597988296000000000,2020-08-21 13:38:16.000000,5044.0,5057.0,5009.0,5051.0,nan,5032.0,410855,20674223600.0,515489,5045.0,129,5044.0,114,nan,0,nan,0,nan,0,nan,0,nan,0,nan,0,nan,0,nan,0
1597988296228769024,1597988296000001024,2020-08-21 13:38:16.000001,5045.0,5057.0,5009.0,5051.0,nan,5032.0,410859,20674424880.0,515490,5045.0,128,5044.0,111,nan,0,nan,0,nan,0,nan,0,nan,0,nan,0,nan,0,nan,0
1597988296746484992,1597988297000000000,2020-08-21 13:38:17.000000,5045.0,5057.0,5009.0,5051.0,nan,5032.0,410861,20674525520.0,515488,5045.0,129,5044.0,113,nan,0,nan,0,nan,0,nan,0,nan,0,nan,0,nan,0,nan,0
1597988297250116096,1597988297000001024,2020-08-21 13:38:17.000001,5045.0,5057.0,5009.0,5051.0,nan,5032.0,410861,20674525520.0,515488,5045.0,129,5044.0,119,nan,0,nan,0,nan,0,nan,0,nan,0,nan,0,nan,0,nan,0
1597988297746263040,1597988298000000000,2020-08-21 13:38:18.000000,5045.0,5057.0,5009.0,5051.0,nan,5032.0,410863,20674626160.0,515488,5045.0,142,5044.0,121,nan,0,nan,0,nan,0,nan,0,nan,0,nan,0,nan,0,nan,0
1597988298243269888,1597988298000001024,2020-08-21 13:38:18.000001,5045.0,5057.0,5009.0,5051.0,nan,5032.0,410863,20674626160.0,515488,5045.0,147,5044.0,134,nan,0,nan,0,nan,0,nan,0,nan,0,nan,0,nan,0,nan,0
1597988298758351104,1597988299000000000,2020-08-21 13:38:19.000000,5045.0,5057.0,5009.0,5051.0,nan,5032.0,410865,20674726800.0,515487,5045.0,146,5044.0,138,nan,0,nan,0,nan,0,nan,0,nan,0,nan,0,nan,0,nan,0
1597988299233425920,1597988299000001024,2020-08-21 13:38:19.000001,5045.0,5057.0,5009.0,5051.0,nan,5032.0,410866,20674777120.0,515487,5045.0,145,5044.0,145,nan,0,nan,0,nan,0,nan,0,nan,0,nan,0,nan,0,nan,0
1597988299749547008,1597988300000000000,2020-08-21 13:38:20.000000,5045.0,5057.0,5009.0,5051.0,nan,5032.0,410867,20674827440.0,515486,5045.0,144,5044.0,163,nan,0,nan,0,nan,0,nan,0,nan,0,nan,0,nan,0,nan,0
1597988300246308096,1597988300000001024,2020-08-21 13:38:20.000001,5045.0,5057.0,5009.0,5051.0,nan,5032.0,410872,20675079040.0,515485,5045.0,139,5044.0,163,nan,0,nan,0,nan,0,nan,0,nan,0,nan,0,nan,0,nan,0
1597988300776827904,1597988301000000000,2020-08-21 13:38:21.000000,5045.0,5057.0,5009.0,5051.0,nan,5032.0,410875,20675230000.0,515485,5045.0,136,5044.0,165,nan,0,nan,0,nan,0,nan,0,nan,0,nan,0,nan,0,nan,0
1597988301461529088,1597988301000001024,2020-08-21 13:38:21.000001,5045.0,5057.0,5009.0,5051.0,nan,5032.0,410889,20675934480.0,515497,5045.0,138,5044.0,157,nan,0,nan,0,nan,0,nan,0,nan,0,nan,0,nan,0,nan,0
1597988301835628032,1597988302000000000,2020-08-21 13:38:22.000000,5044.0,5057.0,5009.0,5051.0,nan,5032.0,410890,20675984800.0,515497,5045.0,139,5044.0,157,nan,0,nan,0,nan,0,nan,0,nan,0,nan,0,nan,0,nan,0
1597988302249316096,1597988302000001024,2020-08-21 13:38:22.000001,5044.0,5057.0,5009.0,5051.0,nan,5032.0,410890,20675984800.0,515497,5045.0,139,5044.0,159,nan,0,nan,0,nan,0,nan,0,nan,0,nan,0,nan,0,nan,0
1597988302754566912,1597988303000000000,2020-08-21 13:38:23.000000,5045.0,5057.0,5009.0,5051.0,nan,5032.0,410892,20676085440.0,515497,5045.0,138,5044.0,158,nan,0,nan,0,nan,0,nan,0,nan,0,nan,0,nan,0,nan,0
1597988303248634112,1597988303000001024,2020-08-21 13:38:23.000001,5045.0,5057.0,5009.0,5051.0,nan,5032.0,410897,20676337040.0,515492,5045.0,140,5044.0,158,nan,0,nan,0,nan,0,nan,0,nan,0,nan,0,nan,0,nan,0
1597988303822164992,1597988304000000000,2020-08-21 13:38:24.000000,5045.0,5057.0,5009.0,5051.0,nan,5032.0,410901,20676538320.0,515488,5045.0,142,5044.0,158,nan,0,nan,0,nan,0,nan,0,nan,0,nan,0,nan,0,nan,0
1597988304259898112,1597988304000001024,2020-08-21 13:38:24.000001,5045.0,5057.0,5009.0,5051.0,nan,5032.0,410907,20676840240.0,515487,5045.0,137,5044.0,158,nan,0,nan,0,nan,0,nan,0,nan,0,nan,0,nan,0,nan,0
1597988304745282048,1597988305000000000,2020-08-21 13:38:25.000000,5045.0,5057.0,5009.0,5051.0,nan,5032.0,410912,20677091840.0,515483,5045.0,133,5044.0,161,nan,0,nan,0,nan,0,nan,0,nan,0,nan,0,nan,0,nan,0
1597988305230087936,1597988305000001024,2020-08-21 13:38:25.000001,5045.0,5057.0,5009.0,5051.0,nan,5032.0,410915,20677242800.0,515482,5045.0,130,5044.0,168,nan,0,nan,0,nan,0,nan,0,nan,0,nan,0,nan,0,nan,0
1597988305740694016,1597988306000000000,2020-08-21 13:38:26.000000,5045.0,5057.0,5009.0,5051.0,nan,5032.0,410915,20677242800.0,515482,5045.0,130,5044.0,209,nan,0,nan,0,nan,0,nan,0,nan,0,nan,0,nan,0,nan,0
1597988306255588096,1597988306000001024,2020-08-21 13:38:26.000001,5044.0,5057.0,5009.0,5051.0,nan,5032.0,410916,20677293120.0,515482,5045.0,130,5044.0,209,nan,0,nan,0,nan,0,nan,0,nan,0,nan,0,nan,0,nan,0
1597988306745801984,1597988307000000000,2020-08-21 13:38:27.000000,5044.0,5057.0,5009.0,5051.0,nan,5032.0,410916,20677293120.0,515482,5045.0,130,5044.0,213,nan,0,nan,0,nan,0,nan,0,nan,0,nan,0,nan,0,nan,0
1597988307267645952,1597988307000001024,2020-08-21 13:38:27.000001,5044.0,5057.0,5009.0,5051.0,nan,5032.0,410917,20677343440.0,515482,5045.0,130,5044.0,236,nan,0,nan,0,nan,0,nan,0,nan,0,nan,0,nan,0,nan,0
1597988307762376960,1597988308000000000,2020-08-21 13:38:28.000000,5045.0,5057.0,5009.0,5051.0,nan,5032.0,410926,20677796320.0,515487,5045.0,122,5044.0,240,nan,0,nan,0,nan,0,nan,0,nan,0,nan,0,nan,0,nan,0
1597988308238919936,1597988308000001024,2020-08-21 13:38:28.000001,5045.0,5057.0,5009.0,5051.0,nan,5032.0,410927,20677846640.0,515486,5045.0,126,5044.0,240,nan,0,nan,0,nan,0,nan,0,nan,0,nan,0,nan,0,nan,0
1597988309249758976,1597988309000001024,2020-08-21 13:38:29.000001,5045.0,5057.0,5009.0,5051.0,nan,5032.0,410928,20677896960.0,515486,5045.0,125,5044.0,240,nan,0,nan,0,nan,0,nan,0,nan,0,nan,0,nan,0,nan,0
1597988309917803008,1597988310000000000,2020-08-21 13:38:30.000000,5045.0,5057.0,5009.0,5051.0,nan,5032.0,410928,20677896960.0,515486,5045.0,123,5044.0,256,nan,0,nan,0,nan,0,nan,0,nan,0,nan,0,nan,0,nan,0
1597988310302360064,1597988310000001024,2020-08-21 13:38:30.000001,5045.0,5057.0,5009.0,5051.0,nan,5032.0,410929,20677947280.0,515486,5045.0,119,5044.0,256,nan,0,nan,0,nan,0,nan,0,nan,0,nan,0,nan,0,nan,0
1597988310751494912,1597988311000000000,2020-08-21 13:38:31.000000,5045.0,5057.0,5009.0,5051.0,nan,5032.0,410930,20677997600.0,515485,5045.0,118,5044.0,256,nan,0,nan,0,nan,0,nan,0,nan,0,nan,0,nan,0,nan,0
1597988311227002880,1597988311000001024,2020-08-21 13:38:31.000001,5044.0,5057.0,5009.0,5051.0,nan,5032.0,410931,20678047920.0,515486,5045.0,118,5044.0,255,nan,0,nan,0,nan,0,nan,0,nan,0,nan,0,nan,0,nan,0
1597988311748393984,1597988312000000000,2020-08-21 13:38:32.000000,5044.0,5057.0,5009.0,5051.0,nan,5032.0,410931,20678047920.0,515486,5045.0,122,5044.0,258,nan,0,nan,0,nan,0,nan,0,nan,0,nan,0,nan,0,nan,0
1597988312244848128,1597988312000001024,2020-08-21 13:38:32.000001,5045.0,5057.0,5009.0,5051.0,nan,5032.0,410934,20678198880.0,515487,5045.0,119,5044.0,258,nan,0,nan,0,nan,0,nan,0,nan,0,nan,0,nan,0,nan,0
1597988312759499008,1597988313000000000,2020-08-21 13:38:33.000000,5045.0,5057.0,5009.0,5051.0,nan,5032.0,410935,20678249200.0,515486,5045.0,118,5044.0,258,nan,0,nan,0,nan,0,nan,0,nan,0,nan,0,nan,0,nan,0
1597988313258888960,1597988313000001024,2020-08-21 13:38:33.000001,5045.0,5057.0,5009.0,5051.0,nan,5032.0,410939,20678450480.0,515487,5045.0,114,5044.0,261,nan,0,nan,0,nan,0,nan,0,nan,0,nan,0,nan,0,nan,0
1597988313758252032,1597988314000000000,2020-08-21 13:38:34.000000,5045.0,5057.0,5009.0,5051.0,nan,5032.0,411055,20684287600.0,515542,5045.0,6,5044.0,265,nan,0,nan,0,nan,0,nan,0,nan,0,nan,0,nan,0,nan,0
1597988314238659072,1597988314000001024,2020-08-21 13:38:34.000001,5045.0,5057.0,5009.0,5051.0,nan,5032.0,411066,20684841120.0,515544,5046.0,97,5044.0,264,nan,0,nan,0,nan,0,nan,0,nan,0,nan,0,nan,0,nan,0
1597988314748523008,1597988315000000000,2020-08-21 13:38:35.000000,5045.0,5057.0,5009.0,5051.0,nan,5032.0,411066,20684841120.0,515544,5046.0,97,5045.0,5,nan,0,nan,0,nan,0,nan,0,nan,0,nan,0,nan,0,nan,0
1597988315246135040,1597988315000001024,2020-08-21 13:38:35.000001,5045.0,5057.0,5009.0,5051.0,nan,5032.0,411066,20684841120.0,515544,5046.0,99,5045.0,22,nan,0,nan,0,nan,0,nan,0,nan,0,nan,0,nan,0,nan,0
1597988315762936064,1597988316000000000,2020-08-21 13:38:36.000000,5045.0,5057.0,5009.0,5051.0,nan,5032.0,411074,20685243680.0,515546,5046.0,101,5045.0,20,nan,0,nan,0,nan,0,nan,0,nan,0,nan,0,nan,0,nan,0
1597988316266093056,1597988316000001024,2020-08-21 13:38:36.000001,5045.0,5057.0,5009.0,5051.0,nan,5032.0,411100,20686552000.0,515522,5045.0,36,5044.0,235,nan,0,nan,0,nan,0,nan,0,nan,0,nan,0,nan,0,nan,0
1597988316767910912,1597988317000000000,2020-08-21 13:38:37.000000,5044.0,5057.0,5009.0,5051.0,nan,5032.0,411339,20698578480.0,515462,5045.0,111,5044.0,15,nan,0,nan,0,nan,0,nan,0,nan,0,nan,0,nan,0,nan,0
1597988317276424960,1597988317000001024,2020-08-21 13:38:37.000001,5044.0,5057.0,5009.0,5051.0,nan,5032.0,411374,20700339680.0,515471,5044.0,80,5043.0,308,nan,0,nan,0,nan,0,nan,0,nan,0,nan,0,nan,0,nan,0
1597988317754845952,1597988318000000000,2020-08-21 13:38:38.000000,5044.0,5057.0,5009.0,5051.0,nan,5032.0,411375,20700390000.0,515471,5044.0,81,5043.0,308,nan,0,nan,0,nan,0,nan,0,nan,0,nan,0,nan,0,nan,0
1597988318250051072,1597988318000001024,2020-08-21 13:38:38.000001,5044.0,5057.0,5009.0,5051.0,nan,5032.0,411377,20700490640.0,515471,5044.0,80,5043.0,308,nan,0,nan,0,nan,0,nan,0,nan,0,nan,0,nan,0,nan,0
1597988318748069888,1597988319000000000,2020-08-21 13:38:39.000000,5044.0,5057.0,5009.0,5051.0,nan,5032.0,411377,20700490640.0,515471,5044.0,77,5043.0,310,nan,0,nan,0,nan,0,nan,0,nan,0,nan,0,nan,0,nan,0
1597988319264812032,1597988319000001024,2020-08-21 13:38:39.000001,5044.0,5057.0,5009.0,5051.0,nan,5032.0,411397,20701497040.0,515472,5044.0,57,5043.0,326,nan,0,nan,0,nan,0,nan,0,nan,0,nan,0,nan,0,nan,0
1597988319763660032,1597988320000000000,2020-08-21 13:38:40.000000,5044.0,5057.0,5009.0,5051.0,nan,5032.0,411439,20703610480.0,515501,5045.0,107,5044.0,13,nan,0,nan,0,nan,0,nan,0,nan,0,nan,0,nan,0,nan,0
1597988320243795968,1597988320000001024,2020-08-21 13:38:40.000001,5044.0,5057.0,5009.0,5051.0,nan,5032.0,411439,20703610480.0,515501,5045.0,121,5044.0,54,nan,0,nan,0,nan,0,nan,0,nan,0,nan,0,nan,0,nan,0
1597988320757711872,1597988321000000000,2020-08-21 13:38:41.000000,5044.0,5057.0,5009.0,5051.0,nan,5032.0,411439,20703610480.0,515501,5045.0,121,5044.0,56,nan,0,nan,0,nan,0,nan,0,nan,0,nan,0,nan,0,nan,0
1597988321245340928,1597988321000001024,2020-08-21 13:38:41.000001,5044.0,5057.0,5009.0,5051.0,nan,5032.0,411441,20703711120.0,515503,5045.0,120,5044.0,56,nan,0,nan,0,nan,0,nan,0,nan,0,nan,0,nan,0,nan,0
1597988321769961984,1597988322000000000,2020-08-21 13:38:42.000000,5044.0,5057.0,5009.0,5051.0,nan,5032.0,411441,20703711120.0,515503,5045.0,120,5044.0,57,nan,0,nan,0,nan,0,nan,0,nan,0,nan,0,nan,0,nan,0
1597988322261996032,1597988322000001024,2020-08-21 13:38:42.000001,5044.0,5057.0,5009.0,5051.0,nan,5032.0,411443,20703811760.0,515505,5045.0,122,5044.0,55,nan,0,nan,0,nan,0,nan,0,nan,0,nan,0,nan,0,nan,0
1597988322767404032,1597988323000000000,2020-08-21 13:38:43.000000,5044.0,5057.0,5009.0,5051.0,nan,5032.0,411443,20703811760.0,515505,5045.0,122,5044.0,55,nan,0,nan,0,nan,0,nan,0,nan,0,nan,0,nan,0,nan,0
1597988323236538880,1597988323000001024,2020-08-21 13:38:43.000001,5044.0,5057.0,5009.0,5051.0,nan,5032.0,411500,20706680000.0,515464,5045.0,132,5044.0,1,nan,0,nan,0,nan,0,nan,0,nan,0,nan,0,nan,0,nan,0
1597988323745857024,1597988324000000000,2020-08-21 13:38:44.000000,5044.0,5057.0,5009.0,5051.0,nan,5032.0,411501,20706730320.0,515464,5044.0,55,5043.0,317,nan,0,nan,0,nan,0,nan,0,nan,0,nan,0,nan,0,nan,0
1597988324262220032,1597988324000001024,2020-08-21 13:38:44.000001,5044.0,5057.0,5009.0,5051.0,nan,5032.0,411533,20708340560.0,515471,5044.0,37,5043.0,317,nan,0,nan,0,nan,0,nan,0,nan,0,nan,0,nan,0,nan,0
1597988324729995008,1597988325000000000,2020-08-21 13:38:45.000000,5044.0,5057.0,5009.0,5051.0,nan,5032.0,411533,20708340560.0,515471,5044.0,33,5043.0,320,nan,0,nan,0,nan,0,nan,0,nan,0,nan,0,nan,0,nan,0
1597988325287348992,1597988325000001024,2020-08-21 13:38:45.000001,5044.0,5057.0,5009.0,5051.0,nan,5032.0,411535,20708441200.0,515473,5044.0,32,5043.0,336,nan,0,nan,0,nan,0,nan,0,nan,0,nan,0,nan,0,nan,0
1597988325874329088,1597988326000000000,2020-08-21 13:38:46.000000,5044.0,5057.0,5009.0,5051.0,nan,5032.0,411546,20708994720.0,515467,5044.0,10,5043.0,336,nan,0,nan,0,nan,0,nan,0,nan,0,nan,0,nan,0,nan,0
1597988326364086016,1597988326000001024,2020-08-21 13:38:46.000001,5044.0,5057.0,5009.0,5051.0,nan,5032.0,411553,20709346960.0,515465,5044.0,3,5043.0,336,nan,0,nan,0,nan,0,nan,0,nan,0,nan,0,nan,0,nan,0
1597988326782388992,1597988327000000000,2020-08-21 13:38:47.000000,5044.0,5057.0,5009.0,5051.0,nan,5032.0,411567,20710051440.0,515465,5045.0,123,5044.0,21,nan,0,nan,0,nan,0,nan,0,nan,0,nan,0,nan,0,nan,0
1597988327417976064,1597988327000001024,2020-08-21 13:38:47.000001,5044.0,5057.0,5009.0,5051.0,nan,5032.0,411568,20710101760.0,515465,5045.0,123,5044.0,22,nan,0,nan,0,nan,0,nan,0,nan,0,nan,0,nan,0,nan,0
1597988327772258048,1597988328000000000,2020-08-21 13:38:48.000000,5044.0,5057.0,5009.0,5051.0,nan,5032.0,411569,20710152080.0,515465,5045.0,127,5044.0,23,nan,0,nan,0,nan,0,nan,0,nan,0,nan,0,nan,0,nan,0
1597988328388541952,1597988328000001024,2020-08-21 13:38:48.000001,5044.0,5057.0,5009.0,5051.0,nan,5032.0,411570,20710202400.0,515465,5045.0,129,5044.0,23,nan,0,nan,0,nan,0,nan,0,nan,0,nan,0,nan,0,nan,0
1597988328844800000,1597988329000000000,2020-08-21 13:38:49.000000,5044.0,5057.0,5009.0,5051.0,nan,5032.0,411570,20710202400.0,515465,5045.0,130,5044.0,23,nan,0,nan,0,nan,0,nan,0,nan,0,nan,0,nan,0,nan,0
1597988329330329088,1597988329000001024,2020-08-21 13:38:49.000001,5044.0,5057.0,5009.0,5051.0,nan,5032.0,411584,20710906880.0,515457,5045.0,142,5044.0,9,nan,0,nan,0,nan,0,nan,0,nan,0,nan,0,nan,0,nan,0
1597988329756720896,1597988330000000000,2020-08-21 13:38:50.000000,5044.0,5057.0,5009.0,5051.0,nan,5032.0,411590,20711208800.0,515454,5044.0,15,5043.0,424,nan,0,nan,0,nan,0,nan,0,nan,0,nan,0,nan,0,nan,0
1597988330261773056,1597988330000001024,2020-08-21 13:38:50.000001,5044.0,5057.0,5009.0,5051.0,nan,5032.0,411594,20711410080.0,515450,5044.0,107,5043.0,428,nan,0,nan,0,nan,0,nan,0,nan,0,nan,0,nan,0,nan,0
1597988330781427968,1597988331000000000,2020-08-21 13:38:51.000000,5044.0,5057.0,5009.0,5051.0,nan,5032.0,411595,20711460400.0,515449,5044.0,106,5043.0,431,nan,0,nan,0,nan,0,nan,0,nan,0,nan,0,nan,0,nan,0
1597988331258269952,1597988331000001024,2020-08-21 13:38:51.000001,5044.0,5057.0,5009.0,5051.0,nan,5032.0,411597,20711561040.0,515447,5044.0,112,5043.0,433,nan,0,nan,0,nan,0,nan,0,nan,0,nan,0,nan,0,nan,0
1597988331767448064,1597988332000000000,2020-08-21 13:38:52.000000,5044.0,5057.0,5009.0,5051.0,nan,5032.0,411599,20711661680.0,515445,5044.0,110,5043.0,450,nan,0,nan,0,nan,0,nan,0,nan,0,nan,0,nan,0,nan,0
1597988332251774976,1597988332000001024,2020-08-21 13:38:52.000001,5044.0,5057.0,5009.0,5051.0,nan,5032.0,411604,20711913280.0,515445,5044.0,105,5043.0,450,nan,0,nan,0,nan,0,nan,0,nan,0,nan,0,nan,0,nan,0
1597988332768884992,1597988333000000000,2020-08-21 13:38:53.000000,5044.0,5057.0,5009.0,5051.0,nan,5032.0,411624,20712919680.0,515464,5044.0,78,5043.0,451,nan,0,nan,0,nan,0,nan,0,nan,0,nan,0,nan,0,nan,0
1597988333259499008,1597988333000001024,2020-08-21 13:38:53.000001,5044.0,5057.0,5009.0,5051.0,nan,5032.0,411624,20712919680.0,515464,5044.0,89,5043.0,451,nan,0,nan,0,nan,0,nan,0,nan,0,nan,0,nan,0,nan,0
1597988333788990976,1597988334000000000,2020-08-21 13:38:54.000000,5044.0,5057.0,5009.0,5051.0,nan,5032.0,411624,20712919680.0,515464,5044.0,109,5043.0,451,nan,0,nan,0,nan,0,nan,0,nan,0,nan,0,nan,0,nan,0
1597988334264028928,1597988334000001024,2020-08-21 13:38:54.000001,5044.0,5057.0,5009.0,5051.0,nan,5032.0,411624,20712919680.0,515464,5044.0,42,5043.0,451,nan,0,nan,0,nan,0,nan,0,nan,0,nan,0,nan,0,nan,0
1597988334794624000,1597988335000000000,2020-08-21 13:38:55.000000,5044.0,5057.0,5009.0,5051.0,nan,5032.0,411624,20712919680.0,515464,5044.0,36,5043.0,452,nan,0,nan,0,nan,0,nan,0,nan,0,nan,0,nan,0,nan,0
1597988335252065024,1597988335000001024,2020-08-21 13:38:55.000001,5044.0,5057.0,5009.0,5051.0,nan,5032.0,411624,20712919680.0,515464,5044.0,36,5043.0,453,nan,0,nan,0,nan,0,nan,0,nan,0,nan,0,nan,0,nan,0
1597988335759324928,1597988336000000000,2020-08-21 13:38:56.000000,5044.0,5057.0,5009.0,5051.0,nan,5032.0,411624,20712919680.0,515464,5044.0,37,5043.0,452,nan,0,nan,0,nan,0,nan,0,nan,0,nan,0,nan,0,nan,0
1597988336276398080,1597988336000001024,2020-08-21 13:38:56.000001,5044.0,5057.0,5009.0,5051.0,nan,5032.0,411625,20712970000.0,515464,5044.0,86,5043.0,452,nan,0,nan,0,nan,0,nan,0,nan,0,nan,0,nan,0,nan,0
1597988336834672896,1597988337000000000,2020-08-21 13:38:57.000000,5044.0,5057.0,5009.0,5051.0,nan,5032.0,411628,20713120960.0,515464,5044.0,85,5043.0,452,nan,0,nan,0,nan,0,nan,0,nan,0,nan,0,nan,0,nan,0
1597988337262993920,1597988337000001024,2020-08-21 13:38:57.000001,5044.0,5057.0,5009.0,5051.0,nan,5032.0,411632,20713322240.0,515464,5044.0,81,5043.0,453,nan,0,nan,0,nan,0,nan,0,nan,0,nan,0,nan,0,nan,0
1597988337860540928,1597988338000000000,2020-08-21 13:38:58.000000,5044.0,5057.0,5009.0,5051.0,nan,5032.0,411633,20713372560.0,515464,5044.0,80,5043.0,453,nan,0,nan,0,nan,0,nan,0,nan,0,nan,0,nan,0,nan,0
1597988338776685056,1597988339000000000,2020-08-21 13:38:59.000000,5044.0,5057.0,5009.0,5051.0,nan,5032.0,411635,20713473200.0,515465,5044.0,69,5043.0,453,nan,0,nan,0,nan,0,nan,0,nan,0,nan,0,nan,0,nan,0
1597988339766716928,1597988340000000000,2020-08-21 13:39:00.000000,5044.0,5057.0,5009.0,5051.0,nan,5032.0,411636,20713523520.0,515466,5044.0,72,5043.0,462,nan,0,nan,0,nan,0,nan,0,nan,0,nan,0,nan,0,nan,0
1597988340281915904,1597988340000001024,2020-08-21 13:39:00.000001,5044.0,5057.0,5009.0,5051.0,nan,5032.0,411636,20713523520.0,515466,5044.0,71,5043.0,463,nan,0,nan,0,nan,0,nan,0,nan,0,nan,0,nan,0,nan,0
1597988341247884032,1597988341000001024,2020-08-21 13:39:01.000001,5044.0,5057.0,5009.0,5051.0,nan,5032.0,411703,20716894960.0,515490,5044.0,6,5043.0,463,nan,0,nan,0,nan,0,nan,0,nan,0,nan,0,nan,0,nan,0
1597988341821029120,1597988342000000000,2020-08-21 13:39:02.000000,5044.0,5057.0,5009.0,5051.0,nan,5032.0,411709,20717196880.0,515494,5045.0,145,5044.0,46,nan,0,nan,0,nan,0,nan,0,nan,0,nan,0,nan,0,nan,0
1597988342263655936,1597988342000001024,2020-08-21 13:39:02.000001,5045.0,5057.0,5009.0,5051.0,nan,5032.0,411711,20717297520.0,515496,5045.0,144,5044.0,54,nan,0,nan,0,nan,0,nan,0,nan,0,nan,0,nan,0,nan,0
1597988342779417088,1597988343000000000,2020-08-21 13:39:03.000000,5045.0,5057.0,5009.0,5051.0,nan,5032.0,411711,20717297520.0,515496,5045.0,145,5044.0,54,nan,0,nan,0,nan,0,nan,0,nan,0,nan,0,nan,0,nan,0
1597988343268414976,1597988343000001024,2020-08-21 13:39:03.000001,5045.0,5057.0,5009.0,5051.0,nan,5032.0,411711,20717297520.0,515496,5045.0,145,5044.0,59,nan,0,nan,0,nan,0,nan,0,nan,0,nan,0,nan,0,nan,0
1597988344251542016,1597988344000001024,2020-08-21 13:39:04.000001,5044.0,5057.0,5009.0,5051.0,nan,5032.0,411740,20718756800.0,515495,5045.0,145,5044.0,30,nan,0,nan,0,nan,0,nan,0,nan,0,nan,0,nan,0,nan,0
1597988344773981952,1597988345000000000,2020-08-21 13:39:05.000000,5044.0,5057.0,5009.0,5051.0,nan,5032.0,411744,20718958080.0,515495,5045.0,145,5044.0,31,nan,0,nan,0,nan,0,nan,0,nan,0,nan,0,nan,0,nan,0
1597988345288604928,1597988345000001024,2020-08-21 13:39:05.000001,5044.0,5057.0,5009.0,5051.0,nan,5032.0,411745,20719008400.0,515494,5045.0,145,5044.0,39,nan,0,nan,0,nan,0,nan,0,nan,0,nan,0,nan,0,nan,0
1597988345774038016,1597988346000000000,2020-08-21 13:39:06.000000,5044.0,5057.0,5009.0,5051.0,nan,5032.0,411746,20719058720.0,515493,5045.0,145,5044.0,54,nan,0,nan,0,nan,0,nan,0,nan,0,nan,0,nan,0,nan,0
1597988346269099008,1597988346000001024,2020-08-21 13:39:06.000001,5044.0,5057.0,5009.0,5051.0,nan,5032.0,411759,20719712880.0,515480,5045.0,145,5044.0,63,nan,0,nan,0,nan,0,nan,0,nan,0,nan,0,nan,0,nan,0
1597988346807283968,1597988347000000000,2020-08-21 13:39:07.000000,5044.0,5057.0,5009.0,5051.0,nan,5032.0,411759,20719712880.0,515480,5045.0,145,5044.0,85,nan,0,nan,0,nan,0,nan,0,nan,0,nan,0,nan,0,nan,0
1597988347277992960,1597988347000001024,2020-08-21 13:39:07.000001,5044.0,5057.0,5009.0,5051.0,nan,5032.0,411759,20719712880.0,515480,5045.0,145,5044.0,91,nan,0,nan,0,nan,0,nan,0,nan,0,nan,0,nan,0,nan,0
1597988347769093888,1597988348000000000,2020-08-21 13:39:08.000000,5044.0,5057.0,5009.0,5051.0,nan,5032.0,411765,20720014800.0,515477,5045.0,145,5044.0,90,nan,0,nan,0,nan,0,nan,0,nan,0,nan,0,nan,0,nan,0
1597988348261029120,1597988348000001024,2020-08-21 13:39:08.000001,5044.0,5057.0,5009.0,5051.0,nan,5032.0,411766,20720065120.0,515477,5045.0,145,5044.0,89,nan,0,nan,0,nan,0,nan,0,nan,0,nan,0,nan,0,nan,0
1597988348761807104,1597988349000000000,2020-08-21 13:39:09.000000,5044.0,5057.0,5009.0,5051.0,nan,5032.0,411767,20720115440.0,515477,5045.0,145,5044.0,88,nan,0,nan,0,nan,0,nan,0,nan,0,nan,0,nan,0,nan,0
1597988349262009088,1597988349000001024,2020-08-21 13:39:09.000001,5044.0,5057.0,5009.0,5051.0,nan,5032.0,411767,20720115440.0,515477,5045.0,145,5044.0,89,nan,0,nan,0,nan,0,nan,0,nan,0,nan,0,nan,0,nan,0
1597988349769500928,1597988350000000000,2020-08-21 13:39:10.000000,5044.0,5057.0,5009.0,5051.0,nan,5032.0,411767,20720115440.0,515477,5045.0,145,5044.0,67,nan,0,nan,0,nan,0,nan,0,nan,0,nan,0,nan,0,nan,0
1597988350260026112,1597988350000001024,2020-08-21 13:39:10.000001,5045.0,5057.0,5009.0,5051.0,nan,5032.0,411769,20720216080.0,515477,5045.0,145,5044.0,66,nan,0,nan,0,nan,0,nan,0,nan,0,nan,0,nan,0,nan,0
1597988350892369920,1597988351000000000,2020-08-21 13:39:11.000000,5044.0,5057.0,5009.0,5051.0,nan,5032.0,411810,20722279200.0,515484,5045.0,145,5044.0,25,nan,0,nan,0,nan,0,nan,0,nan,0,nan,0,nan,0,nan,0
1597988351274391040,1597988351000001024,2020-08-21 13:39:11.000001,5045.0,5057.0,5009.0,5051.0,nan,5032.0,411812,20722379840.0,515484,5045.0,143,5044.0,44,nan,0,nan,0,nan,0,nan,0,nan,0,nan,0,nan,0,nan,0
1597988351772061952,1597988352000000000,2020-08-21 13:39:12.000000,5045.0,5057.0,5009.0,5051.0,nan,5032.0,411812,20722379840.0,515484,5045.0,149,5044.0,46,nan,0,nan,0,nan,0,nan,0,nan,0,nan,0,nan,0,nan,0
1597988352292161024,1597988352000001024,2020-08-21 13:39:12.000001,5044.0,5057.0,5009.0,5051.0,nan,5032.0,411813,20722430160.0,515483,5045.0,151,5044.0,46,nan,0,nan,0,nan,0,nan,0,nan,0,nan,0,nan,0,nan,0
1597988352802982912,1597988353000000000,2020-08-21 13:39:13.000000,5044.0,5057.0,5009.0,5051.0,nan,5032.0,411823,20722933360.0,515473,5045.0,151,5044.0,44,nan,0,nan,0,nan,0,nan,0,nan,0,nan,0,nan,0,nan,0
1597988353261361920,1597988353000001024,2020-08-21 13:39:13.000001,5044.0,5057.0,5009.0,5051.0,nan,5032.0,411823,20722933360.0,515473,5045.0,151,5044.0,46,nan,0,nan,0,nan,0,nan,0,nan,0,nan,0,nan,0,nan,0
1597988353775780096,1597988354000000000,2020-08-21 13:39:14.000000,5044.0,5057.0,5009.0,5051.0,nan,5032.0,411823,20722933360.0,515473,5045.0,151,5044.0,47,nan,0,nan,0,nan,0,nan,0,nan,0,nan,0,nan,0,nan,0
1597988354276172032,1597988354000001024,2020-08-21 13:39:14.000001,5044.0,5057.0,5009.0,5051.0,nan,5032.0,411823,20722933360.0,515473,5045.0,151,5044.0,48,nan,0,nan,0,nan,0,nan,0,nan,0,nan,0,nan,0,nan,0
1597988354765894912,1597988355000000000,2020-08-21 13:39:15.000000,5044.0,5057.0,5009.0,5051.0,nan,5032.0,411828,20723184960.0,515468,5045.0,151,5044.0,43,nan,0,nan,0,nan,0,nan,0,nan,0,nan,0,nan,0,nan,0
1597988355277082880,1597988355000001024,2020-08-21 13:39:15.000001,5044.0,5057.0,5009.0,5051.0,nan,5032.0,411829,20723235280.0,515468,5045.0,151,5044.0,42,nan,0,nan,0,nan,0,nan,0,nan,0,nan,0,nan,0,nan,0
1597988356764441088,1597988357000000000,2020-08-21 13:39:17.000000,5044.0,5057.0,5009.0,5051.0,nan,5032.0,411829,20723235280.0,515468,5045.0,151,5044.0,47,nan,0,nan,0,nan,0,nan,0,nan,0,nan,0,nan,0,nan,0
1597988358778863104,1597988359000000000,2020-08-21 13:39:19.000000,5044.0,5057.0,5009.0,5051.0,nan,5032.0,411829,20723235280.0,515468,5045.0,153,5044.0,47,nan,0,nan,0,nan,0,nan,0,nan,0,nan,0,nan,0,nan,0
1597988359258579968,1597988359000001024,2020-08-21 13:39:19.000001,5044.0,5057.0,5009.0,5051.0,nan,5032.0,411829,20723235280.0,515468,5045.0,154,5044.0,47,nan,0,nan,0,nan,0,nan,0,nan,0,nan,0,nan,0,nan,0
1597988359765371904,1597988360000000000,2020-08-21 13:39:20.000000,5044.0,5057.0,5009.0,5051.0,nan,5032.0,411829,20723235280.0,515468,5045.0,154,5044.0,56,nan,0,nan,0,nan,0,nan,0,nan,0,nan,0,nan,0,nan,0
1597988360251261952,1597988360000001024,2020-08-21 13:39:20.000001,5044.0,5057.0,5009.0,5051.0,nan,5032.0,411830,20723285600.0,515468,5045.0,155,5044.0,55,nan,0,nan,0,nan,0,nan,0,nan,0,nan,0,nan,0,nan,0
1597988360765061888,1597988361000000000,2020-08-21 13:39:21.000000,5044.0,5057.0,5009.0,5051.0,nan,5032.0,411830,20723285600.0,515468,5045.0,155,5044.0,56,nan,0,nan,0,nan,0,nan,0,nan,0,nan,0,nan,0,nan,0
1597988361275277056,1597988361000001024,2020-08-21 13:39:21.000001,5044.0,5057.0,5009.0,5051.0,nan,5032.0,411830,20723285600.0,515468,5045.0,155,5044.0,57,nan,0,nan,0,nan,0,nan,0,nan,0,nan,0,nan,0,nan,0
1597988361767895040,1597988362000000000,2020-08-21 13:39:22.000000,5044.0,5057.0,5009.0,5051.0,nan,5032.0,411831,20723335920.0,515468,5045.0,155,5044.0,56,nan,0,nan,0,nan,0,nan,0,nan,0,nan,0,nan,0,nan,0
1597988363768420096,1597988364000000000,2020-08-21 13:39:24.000000,5045.0,5057.0,5009.0,5051.0,nan,5032.0,411841,20723839120.0,515463,5045.0,145,5044.0,56,nan,0,nan,0,nan,0,nan,0,nan,0,nan,0,nan,0,nan,0
1597988364263339008,1597988364000001024,2020-08-21 13:39:24.000001,5044.0,5057.0,5009.0,5051.0,nan,5032.0,411843,20723939760.0,515461,5045.0,146,5044.0,81,nan,0,nan,0,nan,0,nan,0,nan,0,nan,0,nan,0,nan,0
1597988364792882944,1597988365000000000,2020-08-21 13:39:25.000000,5044.0,5057.0,5009.0,5051.0,nan,5032.0,411845,20724040400.0,515459,5045.0,150,5044.0,85,nan,0,nan,0,nan,0,nan,0,nan,0,nan,0,nan,0,nan,0
1597988365288048128,1597988365000001024,2020-08-21 13:39:25.000001,5044.0,5057.0,5009.0,5051.0,nan,5032.0,411845,20724040400.0,515459,5045.0,151,5044.0,85,nan,0,nan,0,nan,0,nan,0,nan,0,nan,0,nan,0,nan,0
1597988365775777024,1597988366000000000,2020-08-21 13:39:26.000000,5044.0,5057.0,5009.0,5051.0,nan,5032.0,411845,20724040400.0,515459,5045.0,152,5044.0,85,nan,0,nan,0,nan,0,nan,0,nan,0,nan,0,nan,0,nan,0
1597988366269071872,1597988366000001024,2020-08-21 13:39:26.000001,5044.0,5057.0,5009.0,5051.0,nan,5032.0,411846,20724090720.0,515458,5045.0,152,5044.0,84,nan,0,nan,0,nan,0,nan,0,nan,0,nan,0,nan,0,nan,0
1597988366795037952,1597988367000000000,2020-08-21 13:39:27.000000,5045.0,5057.0,5009.0,5051.0,nan,5032.0,411852,20724392640.0,515458,5045.0,146,5044.0,84,nan,0,nan,0,nan,0,nan,0,nan,0,nan,0,nan,0,nan,0
1597988367263603968,1597988367000001024,2020-08-21 13:39:27.000001,5045.0,5057.0,5009.0,5051.0,nan,5032.0,411852,20724392640.0,515458,5045.0,146,5044.0,85,nan,0,nan,0,nan,0,nan,0,nan,0,nan,0,nan,0,nan,0
1597988368770488064,1597988369000000000,2020-08-21 13:39:29.000000,5044.0,5057.0,5009.0,5051.0,nan,5032.0,411854,20724493280.0,515459,5045.0,146,5044.0,83,nan,0,nan,0,nan,0,nan,0,nan,0,nan,0,nan,0,nan,0
1597988369258330880,1597988369000001024,2020-08-21 13:39:29.000001,5044.0,5057.0,5009.0,5051.0,nan,5032.0,411857,20724644240.0,515456,5045.0,146,5044.0,81,nan,0,nan,0,nan,0,nan,0,nan,0,nan,0,nan,0,nan,0
1597988369785696000,1597988370000000000,2020-08-21 13:39:30.000000,5045.0,5057.0,5009.0,5051.0,nan,5032.0,411858,20724694560.0,515456,5045.0,145,5044.0,82,nan,0,nan,0,nan,0,nan,0,nan,0,nan,0,nan,0,nan,0
1597988371291664896,1597988371000001024,2020-08-21 13:39:31.000001,5045.0,5057.0,5009.0,5051.0,nan,5032.0,411858,20724694560.0,515456,5045.0,145,5044.0,61,nan,0,nan,0,nan,0,nan,0,nan,0,nan,0,nan,0,nan,0
1597988371784630016,1597988372000000000,2020-08-21 13:39:32.000000,5045.0,5057.0,5009.0,5051.0,nan,5032.0,411858,20724694560.0,515456,5045.0,147,5044.0,62,nan,0,nan,0,nan,0,nan,0,nan,0,nan,0,nan,0,nan,0
1597988372277658112,1597988372000001024,2020-08-21 13:39:32.000001,5045.0,5057.0,5009.0,5051.0,nan,5032.0,411859,20724744880.0,515456,5045.0,146,5044.0,60,nan,0,nan,0,nan,0,nan,0,nan,0,nan,0,nan,0,nan,0
1597988372803863040,1597988373000000000,2020-08-21 13:39:33.000000,5045.0,5057.0,5009.0,5051.0,nan,5032.0,411859,20724744880.0,515456,5045.0,146,5044.0,61,nan,0,nan,0,nan,0,nan,0,nan,0,nan,0,nan,0,nan,0
1597988373265178880,1597988373000001024,2020-08-21 13:39:33.000001,5045.0,5057.0,5009.0,5051.0,nan,5032.0,411859,20724744880.0,515456,5045.0,146,5044.0,60,nan,0,nan,0,nan,0,nan,0,nan,0,nan,0,nan,0,nan,0
1597988374782806016,1597988375000000000,2020-08-21 13:39:35.000000,5045.0,5057.0,5009.0,5051.0,nan,5032.0,411866,20725097120.0,515454,5045.0,152,5044.0,53,nan,0,nan,0,nan,0,nan,0,nan,0,nan,0,nan,0,nan,0
1597988375286134016,1597988375000001024,2020-08-21 13:39:35.000001,5045.0,5057.0,5009.0,5051.0,nan,5032.0,411866,20725097120.0,515454,5045.0,152,5044.0,59,nan,0,nan,0,nan,0,nan,0,nan,0,nan,0,nan,0,nan,0
1597988375776370944,1597988376000000000,2020-08-21 13:39:36.000000,5045.0,5057.0,5009.0,5051.0,nan,5032.0,411867,20725147440.0,515455,5045.0,151,5044.0,58,nan,0,nan,0,nan,0,nan,0,nan,0,nan,0,nan,0,nan,0
1597988376280007936,1597988376000001024,2020-08-21 13:39:36.000001,5045.0,5057.0,5009.0,5051.0,nan,5032.0,411867,20725147440.0,515455,5045.0,151,5044.0,63,nan,0,nan,0,nan,0,nan,0,nan,0,nan,0,nan,0,nan,0
1597988376788120064,1597988377000000000,2020-08-21 13:39:37.000000,5045.0,5057.0,5009.0,5051.0,nan,5032.0,411867,20725147440.0,515455,5045.0,147,5044.0,65,nan,0,nan,0,nan,0,nan,0,nan,0,nan,0,nan,0,nan,0
1597988377258119936,1597988377000001024,2020-08-21 13:39:37.000001,5045.0,5057.0,5009.0,5051.0,nan,5032.0,411868,20725197760.0,515455,5045.0,148,5044.0,65,nan,0,nan,0,nan,0,nan,0,nan,0,nan,0,nan,0,nan,0
1597988377781908992,1597988378000000000,2020-08-21 13:39:38.000000,5045.0,5057.0,5009.0,5051.0,nan,5032.0,411870,20725298400.0,515455,5045.0,147,5044.0,64,nan,0,nan,0,nan,0,nan,0,nan,0,nan,0,nan,0,nan,0
1597988378262308096,1597988378000001024,2020-08-21 13:39:38.000001,5045.0,5057.0,5009.0,5051.0,nan,5032.0,411870,20725298400.0,515455,5045.0,146,5044.0,64,nan,0,nan,0,nan,0,nan,0,nan,0,nan,0,nan,0,nan,0
1597988378770563072,1597988379000000000,2020-08-21 13:39:39.000000,5045.0,5057.0,5009.0,5051.0,nan,5032.0,411870,20725298400.0,515455,5045.0,146,5044.0,88,nan,0,nan,0,nan,0,nan,0,nan,0,nan,0,nan,0,nan,0
1597988379274889984,1597988379000001024,2020-08-21 13:39:39.000001,5044.0,5057.0,5009.0,5051.0,nan,5032.0,411871,20725348720.0,515454,5045.0,140,5044.0,87,nan,0,nan,0,nan,0,nan,0,nan,0,nan,0,nan,0,nan,0
1597988379781026048,1597988380000000000,2020-08-21 13:39:40.000000,5045.0,5057.0,5009.0,5051.0,nan,5032.0,411872,20725399040.0,515454,5045.0,138,5044.0,87,nan,0,nan,0,nan,0,nan,0,nan,0,nan,0,nan,0,nan,0
1597988380778386944,1597988381000000000,2020-08-21 13:39:41.000000,5044.0,5057.0,5009.0,5051.0,nan,5032.0,411873,20725449360.0,515454,5045.0,138,5044.0,86,nan,0,nan,0,nan,0,nan,0,nan,0,nan,0,nan,0,nan,0
1597988381274883072,1597988381000001024,2020-08-21 13:39:41.000001,5044.0,5057.0,5009.0,5051.0,nan,5032.0,411873,20725449360.0,515454,5045.0,138,5044.0,93,nan,0,nan,0,nan,0,nan,0,nan,0,nan,0,nan,0,nan,0
1597988382270211072,1597988382000001024,2020-08-21 13:39:42.000001,5044.0,5057.0,5009.0,5051.0,nan,5032.0,411873,20725449360.0,515454,5045.0,145,5044.0,93,nan,0,nan,0,nan,0,nan,0,nan,0,nan,0,nan,0,nan,0
1597988383266437120,1597988383000001024,2020-08-21 13:39:43.000001,5044.0,5057.0,5009.0,5051.0,nan,5032.0,411873,20725449360.0,515454,5045.0,146,5044.0,94,nan,0,nan,0,nan,0,nan,0,nan,0,nan,0,nan,0,nan,0
1597988383777568000,1597988384000000000,2020-08-21 13:39:44.000000,5044.0,5057.0,5009.0,5051.0,nan,5032.0,411873,20725449360.0,515454,5045.0,147,5044.0,100,nan,0,nan,0,nan,0,nan,0,nan,0,nan,0,nan,0,nan,0
1597988384273210112,1597988384000001024,2020-08-21 13:39:44.000001,5045.0,5057.0,5009.0,5051.0,nan,5032.0,411876,20725600320.0,515454,5045.0,144,5044.0,100,nan,0,nan,0,nan,0,nan,0,nan,0,nan,0,nan,0,nan,0
1597988384772489984,1597988385000000000,2020-08-21 13:39:45.000000,5045.0,5057.0,5009.0,5051.0,nan,5032.0,411876,20725600320.0,515454,5045.0,144,5044.0,105,nan,0,nan,0,nan,0,nan,0,nan,0,nan,0,nan,0,nan,0
1597988385276026880,1597988385000001024,2020-08-21 13:39:45.000001,5045.0,5057.0,5009.0,5051.0,nan,5032.0,411876,20725600320.0,515454,5045.0,143,5044.0,106,nan,0,nan,0,nan,0,nan,0,nan,0,nan,0,nan,0,nan,0
1597988385784217088,1597988386000000000,2020-08-21 13:39:46.000000,5044.0,5057.0,5009.0,5051.0,nan,5032.0,411892,20726405440.0,515440,5045.0,144,5044.0,68,nan,0,nan,0,nan,0,nan,0,nan,0,nan,0,nan,0,nan,0
1597988386270450944,1597988386000001024,2020-08-21 13:39:46.000001,5044.0,5057.0,5009.0,5051.0,nan,5032.0,411892,20726405440.0,515440,5045.0,145,5044.0,73,nan,0,nan,0,nan,0,nan,0,nan,0,nan,0,nan,0,nan,0
1597988386776028928,1597988387000000000,2020-08-21 13:39:47.000000,5044.0,5057.0,5009.0,5051.0,nan,5032.0,411893,20726455760.0,515441,5045.0,147,5044.0,72,nan,0,nan,0,nan,0,nan,0,nan,0,nan,0,nan,0,nan,0
1597988387267687936,1597988387000001024,2020-08-21 13:39:47.000001,5045.0,5057.0,5009.0,5051.0,nan,5032.0,411894,20726506080.0,515441,5045.0,146,5044.0,74,nan,0,nan,0,nan,0,nan,0,nan,0,nan,0,nan,0,nan,0
1597988387780257024,1597988388000000000,2020-08-21 13:39:48.000000,5044.0,5057.0,5009.0,5051.0,nan,5032.0,411914,20727512480.0,515423,5045.0,146,5044.0,54,nan,0,nan,0,nan,0,nan,0,nan,0,nan,0,nan,0,nan,0
1597988388260868096,1597988388000001024,2020-08-21 13:39:48.000001,5045.0,5057.0,5009.0,5051.0,nan,5032.0,411915,20727562800.0,515423,5045.0,144,5044.0,55,nan,0,nan,0,nan,0,nan,0,nan,0,nan,0,nan,0,nan,0
1597988388786164992,1597988389000000000,2020-08-21 13:39:49.000000,5045.0,5057.0,5009.0,5051.0,nan,5032.0,411915,20727562800.0,515423,5045.0,144,5044.0,85,nan,0,nan,0,nan,0,nan,0,nan,0,nan,0,nan,0,nan,0
1597988389270616064,1597988389000001024,2020-08-21 13:39:49.000001,5045.0,5057.0,5009.0,5051.0,nan,5032.0,411915,20727562800.0,515423,5045.0,164,5044.0,85,nan,0,nan,0,nan,0,nan,0,nan,0,nan,0,nan,0,nan,0
1597988389778088960,1597988390000000000,2020-08-21 13:39:50.000000,5045.0,5057.0,5009.0,5051.0,nan,5032.0,411915,20727562800.0,515423,5045.0,147,5044.0,85,nan,0,nan,0,nan,0,nan,0,nan,0,nan,0,nan,0,nan,0
1597988390270512128,1597988390000001024,2020-08-21 13:39:50.000001,5045.0,5057.0,5009.0,5051.0,nan,5032.0,411915,20727562800.0,515423,5045.0,148,5044.0,85,nan,0,nan,0,nan,0,nan,0,nan,0,nan,0,nan,0,nan,0
1597988390788884992,1597988391000000000,2020-08-21 13:39:51.000000,5045.0,5057.0,5009.0,5051.0,nan,5032.0,411916,20727613120.0,515422,5045.0,147,5044.0,85,nan,0,nan,0,nan,0,nan,0,nan,0,nan,0,nan,0,nan,0
1597988391291311104,1597988391000001024,2020-08-21 13:39:51.000001,5045.0,5057.0,5009.0,5051.0,nan,5032.0,411916,20727613120.0,515422,5045.0,148,5044.0,85,nan,0,nan,0,nan,0,nan,0,nan,0,nan,0,nan,0,nan,0
1597988391794610944,1597988392000000000,2020-08-21 13:39:52.000000,5045.0,5057.0,5009.0,5051.0,nan,5032.0,411916,20727613120.0,515422,5045.0,153,5044.0,85,nan,0,nan,0,nan,0,nan,0,nan,0,nan,0,nan,0,nan,0
1597988392305227008,1597988392000001024,2020-08-21 13:39:52.000001,5044.0,5057.0,5009.0,5051.0,nan,5032.0,411917,20727663440.0,515421,5045.0,153,5044.0,85,nan,0,nan,0,nan,0,nan,0,nan,0,nan,0,nan,0,nan,0
1597988392782140928,1597988393000000000,2020-08-21 13:39:53.000000,5044.0,5057.0,5009.0,5051.0,nan,5032.0,411917,20727663440.0,515421,5045.0,154,5044.0,85,nan,0,nan,0,nan,0,nan,0,nan,0,nan,0,nan,0,nan,0
1597988393781047040,1597988394000000000,2020-08-21 13:39:54.000000,5044.0,5057.0,5009.0,5051.0,nan,5032.0,411917,20727663440.0,515421,5045.0,154,5044.0,86,nan,0,nan,0,nan,0,nan,0,nan,0,nan,0,nan,0,nan,0
1597988394794928896,1597988395000000000,2020-08-21 13:39:55.000000,5044.0,5057.0,5009.0,5051.0,nan,5032.0,411918,20727713760.0,515420,5045.0,154,5044.0,86,nan,0,nan,0,nan,0,nan,0,nan,0,nan,0,nan,0,nan,0
1597988395268912896,1597988395000001024,2020-08-21 13:39:55.000001,5044.0,5057.0,5009.0,5051.0,nan,5032.0,411918,20727713760.0,515420,5045.0,152,5044.0,96,nan,0,nan,0,nan,0,nan,0,nan,0,nan,0,nan,0,nan,0
1597988395783105024,1597988396000000000,2020-08-21 13:39:56.000000,5044.0,5057.0,5009.0,5051.0,nan,5032.0,411918,20727713760.0,515420,5045.0,154,5044.0,96,nan,0,nan,0,nan,0,nan,0,nan,0,nan,0,nan,0,nan,0
1597988396275691008,1597988396000001024,2020-08-21 13:39:56.000001,5044.0,5057.0,5009.0,5051.0,nan,5032.0,411919,20727764080.0,515419,5045.0,154,5044.0,112,nan,0,nan,0,nan,0,nan,0,nan,0,nan,0,nan,0,nan,0
1597988396797484032,1597988397000000000,2020-08-21 13:39:57.000000,5044.0,5057.0,5009.0,5051.0,nan,5032.0,411919,20727764080.0,515419,5045.0,163,5044.0,112,nan,0,nan,0,nan,0,nan,0,nan,0,nan,0,nan,0,nan,0
1597988397898365952,1597988398000000000,2020-08-21 13:39:58.000000,5044.0,5057.0,5009.0,5051.0,nan,5032.0,411920,20727814400.0,515418,5045.0,164,5044.0,111,nan,0,nan,0,nan,0,nan,0,nan,0,nan,0,nan,0,nan,0
1597988398294873088,1597988398000001024,2020-08-21 13:39:58.000001,5044.0,5057.0,5009.0,5051.0,nan,5032.0,411921,20727864720.0,515417,5045.0,164,5044.0,97,nan,0,nan,0,nan,0,nan,0,nan,0,nan,0,nan,0,nan,0
1597988398785338112,1597988399000000000,2020-08-21 13:39:59.000000,5045.0,5057.0,5009.0,5051.0,nan,5032.0,411923,20727965360.0,515417,5045.0,162,5044.0,97,nan,0,nan,0,nan,0,nan,0,nan,0,nan,0,nan,0,nan,0
1597988399283296000,1597988399000001024,2020-08-21 13:39:59.000001,5044.0,5057.0,5009.0,5051.0,nan,5032.0,411924,20728015680.0,515416,5045.0,159,5044.0,208,nan,0,nan,0,nan,0,nan,0,nan,0,nan,0,nan,0,nan,0
1597988400279021056,1597988400000001024,2020-08-21 13:40:00.000001,5044.0,5057.0,5009.0,5051.0,nan,5032.0,411925,20728066000.0,515415,5045.0,159,5044.0,255,nan,0,nan,0,nan,0,nan,0,nan,0,nan,0,nan,0,nan,0
1597988400808026880,1597988401000000000,2020-08-21 13:40:01.000000,5044.0,5057.0,5009.0,5051.0,nan,5032.0,411926,20728116320.0,515414,5045.0,159,5044.0,269,nan,0,nan,0,nan,0,nan,0,nan,0,nan,0,nan,0,nan,0
1597988401267578112,1597988401000001024,2020-08-21 13:40:01.000001,5044.0,5057.0,5009.0,5051.0,nan,5032.0,411928,20728216960.0,515415,5045.0,158,5044.0,267,nan,0,nan,0,nan,0,nan,0,nan,0,nan,0,nan,0,nan,0
1597988401791606016,1597988402000000000,2020-08-21 13:40:02.000000,5045.0,5057.0,5009.0,5051.0,nan,5032.0,411929,20728267280.0,515415,5045.0,157,5044.0,271,nan,0,nan,0,nan,0,nan,0,nan,0,nan,0,nan,0,nan,0
1597988402272649984,1597988402000001024,2020-08-21 13:40:02.000001,5044.0,5057.0,5009.0,5051.0,nan,5032.0,411930,20728317600.0,515415,5045.0,153,5044.0,270,nan,0,nan,0,nan,0,nan,0,nan,0,nan,0,nan,0,nan,0
1597988402791161088,1597988403000000000,2020-08-21 13:40:03.000000,5045.0,5057.0,5009.0,5051.0,nan,5032.0,411931,20728367920.0,515415,5045.0,152,5044.0,275,nan,0,nan,0,nan,0,nan,0,nan,0,nan,0,nan,0,nan,0
1597988403308364032,1597988403000001024,2020-08-21 13:40:03.000001,5045.0,5057.0,5009.0,5051.0,nan,5032.0,411931,20728367920.0,515415,5045.0,139,5044.0,276,nan,0,nan,0,nan,0,nan,0,nan,0,nan,0,nan,0,nan,0
1597988403790119936,1597988404000000000,2020-08-21 13:40:04.000000,5044.0,5057.0,5009.0,5051.0,nan,5032.0,411934,20728518880.0,515414,5045.0,133,5044.0,275,nan,0,nan,0,nan,0,nan,0,nan,0,nan,0,nan,0,nan,0
1597988404287102976,1597988404000001024,2020-08-21 13:40:04.000001,5045.0,5057.0,5009.0,5051.0,nan,5032.0,411940,20728820800.0,515418,5045.0,127,5044.0,279,nan,0,nan,0,nan,0,nan,0,nan,0,nan,0,nan,0,nan,0
1597988404782916096,1597988405000000000,2020-08-21 13:40:05.000000,5044.0,5057.0,5009.0,5051.0,nan,5032.0,411957,20729676240.0,515401,5045.0,126,5044.0,282,nan,0,nan,0,nan,0,nan,0,nan,0,nan,0,nan,0,nan,0
1597988405270424064,1597988405000001024,2020-08-21 13:40:05.000001,5044.0,5057.0,5009.0,5051.0,nan,5032.0,411958,20729726560.0,515402,5045.0,126,5044.0,281,nan,0,nan,0,nan,0,nan,0,nan,0,nan,0,nan,0,nan,0
1597988405781896960,1597988406000000000,2020-08-21 13:40:06.000000,5045.0,5057.0,5009.0,5051.0,nan,5032.0,411959,20729776880.0,515403,5045.0,122,5044.0,298,nan,0,nan,0,nan,0,nan,0,nan,0,nan,0,nan,0,nan,0
1597988406288334080,1597988406000001024,2020-08-21 13:40:06.000001,5045.0,5057.0,5009.0,5051.0,nan,5032.0,411960,20729827200.0,515404,5045.0,121,5044.0,299,nan,0,nan,0,nan,0,nan,0,nan,0,nan,0,nan,0,nan,0
1597988406795752960,1597988407000000000,2020-08-21 13:40:07.000000,5045.0,5057.0,5009.0,5051.0,nan,5032.0,411961,20729877520.0,515405,5045.0,120,5044.0,299,nan,0,nan,0,nan,0,nan,0,nan,0,nan,0,nan,0,nan,0
1597988407288296960,1597988407000001024,2020-08-21 13:40:07.000001,5044.0,5057.0,5009.0,5051.0,nan,5032.0,411963,20729978160.0,515403,5045.0,120,5044.0,300,nan,0,nan,0,nan,0,nan,0,nan,0,nan,0,nan,0,nan,0
1597988407787232000,1597988408000000000,2020-08-21 13:40:08.000000,5045.0,5057.0,5009.0,5051.0,nan,5032.0,411964,20730028480.0,515403,5045.0,119,5044.0,300,nan,0,nan,0,nan,0,nan,0,nan,0,nan,0,nan,0,nan,0
1597988408279397120,1597988408000001024,2020-08-21 13:40:08.000001,5045.0,5057.0,5009.0,5051.0,nan,5032.0,411968,20730229760.0,515407,5045.0,116,5044.0,300,nan,0,nan,0,nan,0,nan,0,nan,0,nan,0,nan,0,nan,0
1597988408852759040,1597988409000000000,2020-08-21 13:40:09.000000,5045.0,5057.0,5009.0,5051.0,nan,5032.0,411973,20730481360.0,515411,5045.0,111,5044.0,300,nan,0,nan,0,nan,0,nan,0,nan,0,nan,0,nan,0,nan,0
1597988409278992896,1597988409000001024,2020-08-21 13:40:09.000001,5045.0,5057.0,5009.0,5051.0,nan,5032.0,411974,20730531680.0,515412,5045.0,110,5044.0,311,nan,0,nan,0,nan,0,nan,0,nan,0,nan,0,nan,0,nan,0
1597988410279337984,1597988410000001024,2020-08-21 13:40:10.000001,5045.0,5057.0,5009.0,5051.0,nan,5032.0,411974,20730531680.0,515412,5045.0,110,5044.0,313,nan,0,nan,0,nan,0,nan,0,nan,0,nan,0,nan,0,nan,0
1597988411282902016,1597988411000001024,2020-08-21 13:40:11.000001,5045.0,5057.0,5009.0,5051.0,nan,5032.0,411975,20730582000.0,515413,5045.0,109,5044.0,321,nan,0,nan,0,nan,0,nan,0,nan,0,nan,0,nan,0,nan,0
1597988411795528960,1597988412000000000,2020-08-21 13:40:12.000000,5045.0,5057.0,5009.0,5051.0,nan,5032.0,411987,20731185840.0,515410,5045.0,98,5044.0,320,nan,0,nan,0,nan,0,nan,0,nan,0,nan,0,nan,0,nan,0
1597988412281008896,1597988412000001024,2020-08-21 13:40:12.000001,5045.0,5057.0,5009.0,5051.0,nan,5032.0,412100,20736872000.0,515431,5046.0,150,5045.0,13,nan,0,nan,0,nan,0,nan,0,nan,0,nan,0,nan,0,nan,0
1597988412799997952,1597988413000000000,2020-08-21 13:40:13.000000,5046.0,5057.0,5009.0,5051.0,nan,5032.0,412105,20737123600.0,515429,5046.0,147,5045.0,54,nan,0,nan,0,nan,0,nan,0,nan,0,nan,0,nan,0,nan,0
1597988413280775936,1597988413000001024,2020-08-21 13:40:13.000001,5045.0,5057.0,5009.0,5051.0,nan,5032.0,412135,20738633200.0,515424,5046.0,133,5045.0,43,nan,0,nan,0,nan,0,nan,0,nan,0,nan,0,nan,0,nan,0
1597988413791141888,1597988414000000000,2020-08-21 13:40:14.000000,5045.0,5057.0,5009.0,5051.0,nan,5032.0,412140,20738884800.0,515424,5046.0,131,5045.0,162,nan,0,nan,0,nan,0,nan,0,nan,0,nan,0,nan,0,nan,0
1597988414280227072,1597988414000001024,2020-08-21 13:40:14.000001,5046.0,5057.0,5009.0,5051.0,nan,5032.0,412141,20738935120.0,515424,5046.0,130,5045.0,162,nan,0,nan,0,nan,0,nan,0,nan,0,nan,0,nan,0,nan,0
1597988414805206016,1597988415000000000,2020-08-21 13:40:15.000000,5045.0,5057.0,5009.0,5051.0,nan,5032.0,412142,20738985440.0,515424,5046.0,130,5045.0,163,nan,0,nan,0,nan,0,nan,0,nan,0,nan,0,nan,0,nan,0
1597988415281779968,1597988415000001024,2020-08-21 13:40:15.000001,5046.0,5057.0,5009.0,5051.0,nan,5032.0,412144,20739086080.0,515424,5046.0,128,5045.0,164,nan,0,nan,0,nan,0,nan,0,nan,0,nan,0,nan,0,nan,0
1597988415797308928,1597988416000000000,2020-08-21 13:40:16.000000,5045.0,5057.0,5009.0,5051.0,nan,5032.0,412152,20739488640.0,515421,5046.0,128,5045.0,160,nan,0,nan,0,nan,0,nan,0,nan,0,nan,0,nan,0,nan,0
1597988416300567040,1597988416000001024,2020-08-21 13:40:16.000001,5045.0,5057.0,5009.0,5051.0,nan,5032.0,412154,20739589280.0,515420,5046.0,127,5045.0,159,nan,0,nan,0,nan,0,nan,0,nan,0,nan,0,nan,0,nan,0
1597988416810093056,1597988417000000000,2020-08-21 13:40:17.000000,5046.0,5057.0,5009.0,5051.0,nan,5032.0,412155,20739639600.0,515419,5046.0,126,5045.0,160,nan,0,nan,0,nan,0,nan,0,nan,0,nan,0,nan,0,nan,0
1597988417810889984,1597988418000000000,2020-08-21 13:40:18.000000,5045.0,5057.0,5009.0,5051.0,nan,5032.0,412156,20739689920.0,515418,5046.0,127,5045.0,160,nan,0,nan,0,nan,0,nan,0,nan,0,nan,0,nan,0,nan,0
1597988418285209088,1597988418000001024,2020-08-21 13:40:18.000001,5046.0,5057.0,5009.0,5051.0,nan,5032.0,412159,20739840880.0,515418,5046.0,126,5045.0,159,nan,0,nan,0,nan,0,nan,0,nan,0,nan,0,nan,0,nan,0
1597988418801850880,1597988419000000000,2020-08-21 13:40:19.000000,5045.0,5057.0,5009.0,5051.0,nan,5032.0,412160,20739891200.0,515417,5046.0,126,5045.0,159,nan,0,nan,0,nan,0,nan,0,nan,0,nan,0,nan,0,nan,0
1597988419349616128,1597988419000001024,2020-08-21 13:40:19.000001,5046.0,5057.0,5009.0,5051.0,nan,5032.0,412162,20739991840.0,515417,5046.0,126,5045.0,161,nan,0,nan,0,nan,0,nan,0,nan,0,nan,0,nan,0,nan,0
1597988419800347904,1597988420000000000,2020-08-21 13:40:20.000000,5046.0,5057.0,5009.0,5051.0,nan,5032.0,412162,20739991840.0,515417,5046.0,128,5045.0,161,nan,0,nan,0,nan,0,nan,0,nan,0,nan,0,nan,0,nan,0
1597988420286743040,1597988420000001024,2020-08-21 13:40:20.000001,5046.0,5057.0,5009.0,5051.0,nan,5032.0,412167,20740243440.0,515417,5046.0,123,5045.0,161,nan,0,nan,0,nan,0,nan,0,nan,0,nan,0,nan,0,nan,0
1597988420789605888,1597988421000000000,2020-08-21 13:40:21.000000,5046.0,5057.0,5009.0,5051.0,nan,5032.0,412173,20740545360.0,515412,5046.0,122,5045.0,156,nan,0,nan,0,nan,0,nan,0,nan,0,nan,0,nan,0,nan,0
1597988421269536000,1597988421000001024,2020-08-21 13:40:21.000001,5045.0,5057.0,5009.0,5051.0,nan,5032.0,412179,20740847280.0,515411,5046.0,117,5045.0,156,nan,0,nan,0,nan,0,nan,0,nan,0,nan,0,nan,0,nan,0
1597988421795667968,1597988422000000000,2020-08-21 13:40:22.000000,5046.0,5057.0,5009.0,5051.0,nan,5032.0,412182,20740998240.0,515410,5046.0,117,5045.0,155,nan,0,nan,0,nan,0,nan,0,nan,0,nan,0,nan,0,nan,0
1597988422283315968,1597988422000001024,2020-08-21 13:40:22.000001,5046.0,5057.0,5009.0,5051.0,nan,5032.0,412183,20741048560.0,515411,5046.0,116,5045.0,155,nan,0,nan,0,nan,0,nan,0,nan,0,nan,0,nan,0,nan,0
1597988422789345024,1597988423000000000,2020-08-21 13:40:23.000000,5046.0,5057.0,5009.0,5051.0,nan,5032.0,412183,20741048560.0,515411,5046.0,116,5045.0,161,nan,0,nan,0,nan,0,nan,0,nan,0,nan,0,nan,0,nan,0
1597988423274052096,1597988423000001024,2020-08-21 13:40:23.000001,5046.0,5057.0,5009.0,5051.0,nan,5032.0,412183,20741048560.0,515411,5046.0,116,5045.0,162,nan,0,nan,0,nan,0,nan,0,nan,0,nan,0,nan,0,nan,0
1597988423804103936,1597988424000000000,2020-08-21 13:40:24.000000,5045.0,5057.0,5009.0,5051.0,nan,5032.0,412184,20741098880.0,515410,5046.0,117,5045.0,162,nan,0,nan,0,nan,0,nan,0,nan,0,nan,0,nan,0,nan,0
1597988424294284032,1597988424000001024,2020-08-21 13:40:24.000001,5046.0,5057.0,5009.0,5051.0,nan,5032.0,412191,20741451120.0,515413,5046.0,110,5045.0,162,nan,0,nan,0,nan,0,nan,0,nan,0,nan,0,nan,0,nan,0
1597988424798275072,1597988425000000000,2020-08-21 13:40:25.000000,5046.0,5057.0,5009.0,5051.0,nan,5032.0,412196,20741702720.0,515409,5046.0,107,5045.0,169,nan,0,nan,0,nan,0,nan,0,nan,0,nan,0,nan,0,nan,0
1597988425279556096,1597988425000001024,2020-08-21 13:40:25.000001,5046.0,5057.0,5009.0,5051.0,nan,5032.0,412199,20741853680.0,515409,5046.0,110,5045.0,171,nan,0,nan,0,nan,0,nan,0,nan,0,nan,0,nan,0,nan,0
1597988425799576064,1597988426000000000,2020-08-21 13:40:26.000000,5046.0,5057.0,5009.0,5051.0,nan,5032.0,412199,20741853680.0,515409,5046.0,111,5045.0,178,nan,0,nan,0,nan,0,nan,0,nan,0,nan,0,nan,0,nan,0
1597988426299614976,1597988426000001024,2020-08-21 13:40:26.000001,5046.0,5057.0,5009.0,5051.0,nan,5032.0,412199,20741853680.0,515409,5046.0,111,5045.0,181,nan,0,nan,0,nan,0,nan,0,nan,0,nan,0,nan,0,nan,0
1597988426841126912,1597988427000000000,2020-08-21 13:40:27.000000,5046.0,5057.0,5009.0,5051.0,nan,5032.0,412199,20741853680.0,515409,5046.0,111,5045.0,182,nan,0,nan,0,nan,0,nan,0,nan,0,nan,0,nan,0,nan,0
1597988427288477952,1597988427000001024,2020-08-21 13:40:27.000001,5045.0,5057.0,5009.0,5051.0,nan,5032.0,412200,20741904000.0,515409,5046.0,111,5045.0,187,nan,0,nan,0,nan,0,nan,0,nan,0,nan,0,nan,0,nan,0
1597988428275628032,1597988428000001024,2020-08-21 13:40:28.000001,5046.0,5057.0,5009.0,5051.0,nan,5032.0,412201,20741954320.0,515409,5046.0,110,5045.0,187,nan,0,nan,0,nan,0,nan,0,nan,0,nan,0,nan,0,nan,0
1597988428799771904,1597988429000000000,2020-08-21 13:40:29.000000,5046.0,5057.0,5009.0,5051.0,nan,5032.0,412203,20742054960.0,515408,5046.0,116,5045.0,186,nan,0,nan,0,nan,0,nan,0,nan,0,nan,0,nan,0,nan,0
1597988429806920960,1597988430000000000,2020-08-21 13:40:30.000000,5046.0,5057.0,5009.0,5051.0,nan,5032.0,412209,20742356880.0,515410,5046.0,123,5045.0,235,nan,0,nan,0,nan,0,nan,0,nan,0,nan,0,nan,0,nan,0
1597988430299824896,1597988430000001024,2020-08-21 13:40:30.000001,5046.0,5057.0,5009.0,5051.0,nan,5032.0,412209,20742356880.0,515410,5046.0,114,5045.0,237,nan,0,nan,0,nan,0,nan,0,nan,0,nan,0,nan,0,nan,0
1597988430807723008,1597988431000000000,2020-08-21 13:40:31.000000,5046.0,5057.0,5009.0,5051.0,nan,5032.0,412212,20742507840.0,515409,5046.0,112,5045.0,235,nan,0,nan,0,nan,0,nan,0,nan,0,nan,0,nan,0,nan,0
1597988431385348096,1597988431000001024,2020-08-21 13:40:31.000001,5046.0,5057.0,5009.0,5051.0,nan,5032.0,412212,20742507840.0,515409,5046.0,107,5045.0,235,nan,0,nan,0,nan,0,nan,0,nan,0,nan,0,nan,0,nan,0
1597988431816408064,1597988432000000000,2020-08-21 13:40:32.000000,5046.0,5057.0,5009.0,5051.0,nan,5032.0,412212,20742507840.0,515409,5046.0,109,5045.0,295,nan,0,nan,0,nan,0,nan,0,nan,0,nan,0,nan,0,nan,0
1597988432288069120,1597988432000001024,2020-08-21 13:40:32.000001,5045.0,5057.0,5009.0,5051.0,nan,5032.0,412214,20742608480.0,515409,5046.0,110,5045.0,293,nan,0,nan,0,nan,0,nan,0,nan,0,nan,0,nan,0,nan,0
1597988432814167040,1597988433000000000,2020-08-21 13:40:33.000000,5046.0,5057.0,5009.0,5051.0,nan,5032.0,412215,20742658800.0,515410,5046.0,109,5045.0,293,nan,0,nan,0,nan,0,nan,0,nan,0,nan,0,nan,0,nan,0
1597988433293073920,1597988433000001024,2020-08-21 13:40:33.000001,5046.0,5057.0,5009.0,5051.0,nan,5032.0,412216,20742709120.0,515411,5046.0,108,5045.0,298,nan,0,nan,0,nan,0,nan,0,nan,0,nan,0,nan,0,nan,0
1597988433811816960,1597988434000000000,2020-08-21 13:40:34.000000,5045.0,5057.0,5009.0,5051.0,nan,5032.0,412233,20743564560.0,515419,5046.0,104,5045.0,285,nan,0,nan,0,nan,0,nan,0,nan,0,nan,0,nan,0,nan,0
1597988434324132096,1597988434000001024,2020-08-21 13:40:34.000001,5046.0,5057.0,5009.0,5051.0,nan,5032.0,412234,20743614880.0,515419,5046.0,106,5045.0,286,nan,0,nan,0,nan,0,nan,0,nan,0,nan,0,nan,0,nan,0
1597988435296773888,1597988435000001024,2020-08-21 13:40:35.000001,5046.0,5057.0,5009.0,5051.0,nan,5032.0,412234,20743614880.0,515419,5046.0,112,5045.0,286,nan,0,nan,0,nan,0,nan,0,nan,0,nan,0,nan,0,nan,0
1597988436283043072,1597988436000001024,2020-08-21 13:40:36.000001,5046.0,5057.0,5009.0,5051.0,nan,5032.0,412237,20743765840.0,515421,5046.0,115,5045.0,286,nan,0,nan,0,nan,0,nan,0,nan,0,nan,0,nan,0,nan,0
1597988437330799104,1597988437000001024,2020-08-21 13:40:37.000001,5045.0,5057.0,5009.0,5051.0,nan,5032.0,412244,20744118080.0,515428,5046.0,115,5045.0,279,nan,0,nan,0,nan,0,nan,0,nan,0,nan,0,nan,0,nan,0
1597988437829027072,1597988438000000000,2020-08-21 13:40:38.000000,5045.0,5057.0,5009.0,5051.0,nan,5032.0,412246,20744218720.0,515429,5046.0,117,5045.0,306,nan,0,nan,0,nan,0,nan,0,nan,0,nan,0,nan,0,nan,0
1597988438295268096,1597988438000001024,2020-08-21 13:40:38.000001,5046.0,5057.0,5009.0,5051.0,nan,5032.0,412250,20744420000.0,515427,5046.0,113,5045.0,306,nan,0,nan,0,nan,0,nan,0,nan,0,nan,0,nan,0,nan,0
1597988438816711936,1597988439000000000,2020-08-21 13:40:39.000000,5045.0,5057.0,5009.0,5051.0,nan,5032.0,412251,20744470320.0,515428,5046.0,113,5045.0,306,nan,0,nan,0,nan,0,nan,0,nan,0,nan,0,nan,0,nan,0
1597988439301779968,1597988439000001024,2020-08-21 13:40:39.000001,5046.0,5057.0,5009.0,5051.0,nan,5032.0,412276,20745728320.0,515414,5046.0,108,5045.0,286,nan,0,nan,0,nan,0,nan,0,nan,0,nan,0,nan,0,nan,0
1597988439780741120,1597988440000000000,2020-08-21 13:40:40.000000,5046.0,5057.0,5009.0,5051.0,nan,5032.0,412276,20745728320.0,515414,5046.0,108,5045.0,287,nan,0,nan,0,nan,0,nan,0,nan,0,nan,0,nan,0,nan,0
1597988440333430016,1597988440000001024,2020-08-21 13:40:40.000001,5046.0,5057.0,5009.0,5051.0,nan,5032.0,412278,20745828960.0,515414,5046.0,105,5045.0,286,nan,0,nan,0,nan,0,nan,0,nan,0,nan,0,nan,0,nan,0
1597988440805417984,1597988441000000000,2020-08-21 13:40:41.000000,5046.0,5057.0,5009.0,5051.0,nan,5032.0,412279,20745879280.0,515415,5046.0,104,5045.0,286,nan,0,nan,0,nan,0,nan,0,nan,0,nan,0,nan,0,nan,0
1597988441818515968,1597988442000000000,2020-08-21 13:40:42.000000,5046.0,5057.0,5009.0,5051.0,nan,5032.0,412290,20746432800.0,515422,5046.0,93,5045.0,286,nan,0,nan,0,nan,0,nan,0,nan,0,nan,0,nan,0,nan,0
1597988442332669952,1597988442000001024,2020-08-21 13:40:42.000001,5046.0,5057.0,5009.0,5051.0,nan,5032.0,412290,20746432800.0,515422,5046.0,103,5045.0,287,nan,0,nan,0,nan,0,nan,0,nan,0,nan,0,nan,0,nan,0
1597988442808064000,1597988443000000000,2020-08-21 13:40:43.000000,5046.0,5057.0,5009.0,5051.0,nan,5032.0,412290,20746432800.0,515422,5046.0,105,5045.0,287,nan,0,nan,0,nan,0,nan,0,nan,0,nan,0,nan,0,nan,0
1597988443348656128,1597988443000001024,2020-08-21 13:40:43.000001,5045.0,5057.0,5009.0,5051.0,nan,5032.0,412292,20746533440.0,515420,5046.0,115,5045.0,286,nan,0,nan,0,nan,0,nan,0,nan,0,nan,0,nan,0,nan,0
1597988443804651008,1597988444000000000,2020-08-21 13:40:44.000000,5045.0,5057.0,5009.0,5051.0,nan,5032.0,412294,20746634080.0,515420,5046.0,115,5045.0,285,nan,0,nan,0,nan,0,nan,0,nan,0,nan,0,nan,0,nan,0
1597988444356124928,1597988444000001024,2020-08-21 13:40:44.000001,5045.0,5057.0,5009.0,5051.0,nan,5032.0,412295,20746684400.0,515420,5046.0,115,5045.0,284,nan,0,nan,0,nan,0,nan,0,nan,0,nan,0,nan,0,nan,0
1597988445806391040,1597988446000000000,2020-08-21 13:40:46.000000,5045.0,5057.0,5009.0,5051.0,nan,5032.0,412401,20752018320.0,515436,5046.0,17,5045.0,282,nan,0,nan,0,nan,0,nan,0,nan,0,nan,0,nan,0,nan,0
1597988446324100096,1597988446000001024,2020-08-21 13:40:46.000001,5045.0,5057.0,5009.0,5051.0,nan,5032.0,412401,20752018320.0,515436,5046.0,47,5045.0,285,nan,0,nan,0,nan,0,nan,0,nan,0,nan,0,nan,0,nan,0
1597988446819951104,1597988447000000000,2020-08-21 13:40:47.000000,5046.0,5057.0,5009.0,5051.0,nan,5032.0,412411,20752521520.0,515446,5046.0,59,5045.0,285,nan,0,nan,0,nan,0,nan,0,nan,0,nan,0,nan,0,nan,0
1597988447294031872,1597988447000001024,2020-08-21 13:40:47.000001,5045.0,5057.0,5009.0,5051.0,nan,5032.0,412417,20752823440.0,515451,5046.0,72,5045.0,284,nan,0,nan,0,nan,0,nan,0,nan,0,nan,0,nan,0,nan,0
1597988447807389952,1597988448000000000,2020-08-21 13:40:48.000000,5046.0,5057.0,5009.0,5051.0,nan,5032.0,412418,20752873760.0,515452,5046.0,71,5045.0,284,nan,0,nan,0,nan,0,nan,0,nan,0,nan,0,nan,0,nan,0
1597988448300136960,1597988448000001024,2020-08-21 13:40:48.000001,5046.0,5057.0,5009.0,5051.0,nan,5032.0,412419,20752924080.0,515452,5046.0,70,5045.0,286,nan,0,nan,0,nan,0,nan,0,nan,0,nan,0,nan,0,nan,0
1597988448857135104,1597988449000000000,2020-08-21 13:40:49.000000,5046.0,5057.0,5009.0,5051.0,nan,5032.0,412424,20753175680.0,515452,5046.0,66,5045.0,286,nan,0,nan,0,nan,0,nan,0,nan,0,nan,0,nan,0,nan,0
1597988449319238912,1597988449000001024,2020-08-21 13:40:49.000001,5046.0,5057.0,5009.0,5051.0,nan,5032.0,412425,20753226000.0,515453,5046.0,57,5045.0,286,nan,0,nan,0,nan,0,nan,0,nan,0,nan,0,nan,0,nan,0
1597988449810658048,1597988450000000000,2020-08-21 13:40:50.000000,5046.0,5057.0,5009.0,5051.0,nan,5032.0,412425,20753226000.0,515453,5046.0,58,5045.0,286,nan,0,nan,0,nan,0,nan,0,nan,0,nan,0,nan,0,nan,0
1597988450299790080,1597988450000001024,2020-08-21 13:40:50.000001,5046.0,5057.0,5009.0,5051.0,nan,5032.0,412427,20753326640.0,515452,5046.0,56,5045.0,286,nan,0,nan,0,nan,0,nan,0,nan,0,nan,0,nan,0,nan,0
1597988450809434112,1597988451000000000,2020-08-21 13:40:51.000000,5046.0,5057.0,5009.0,5051.0,nan,5032.0,412427,20753326640.0,515452,5046.0,56,5045.0,287,nan,0,nan,0,nan,0,nan,0,nan,0,nan,0,nan,0,nan,0
1597988451302216960,1597988451000001024,2020-08-21 13:40:51.000001,5046.0,5057.0,5009.0,5051.0,nan,5032.0,412444,20754182080.0,515443,5046.0,39,5045.0,287,nan,0,nan,0,nan,0,nan,0,nan,0,nan,0,nan,0,nan,0
1597988451820625920,1597988452000000000,2020-08-21 13:40:52.000000,5046.0,5057.0,5009.0,5051.0,nan,5032.0,412444,20754182080.0,515443,5046.0,35,5045.0,287,nan,0,nan,0,nan,0,nan,0,nan,0,nan,0,nan,0,nan,0
1597988452326853888,1597988452000001024,2020-08-21 13:40:52.000001,5046.0,5057.0,5009.0,5051.0,nan,5032.0,412445,20754232400.0,515443,5046.0,34,5045.0,287,nan,0,nan,0,nan,0,nan,0,nan,0,nan,0,nan,0,nan,0
1597988452816389888,1597988453000000000,2020-08-21 13:40:53.000000,5046.0,5057.0,5009.0,5051.0,nan,5032.0,412446,20754282720.0,515443,5046.0,34,5045.0,287,nan,0,nan,0,nan,0,nan,0,nan,0,nan,0,nan,0,nan,0
1597988453298119936,1597988453000001024,2020-08-21 13:40:53.000001,5046.0,5057.0,5009.0,5051.0,nan,5032.0,412446,20754282720.0,515443,5046.0,35,5045.0,289,nan,0,nan,0,nan,0,nan,0,nan,0,nan,0,nan,0,nan,0
1597988453819944960,1597988454000000000,2020-08-21 13:40:54.000000,5045.0,5057.0,5009.0,5051.0,nan,5032.0,412447,20754333040.0,515442,5046.0,35,5045.0,288,nan,0,nan,0,nan,0,nan,0,nan,0,nan,0,nan,0,nan,0
1597988454294982912,1597988454000001024,2020-08-21 13:40:54.000001,5046.0,5057.0,5009.0,5051.0,nan,5032.0,412450,20754484000.0,515441,5046.0,32,5045.0,288,nan,0,nan,0,nan,0,nan,0,nan,0,nan,0,nan,0,nan,0
1597988454806036992,1597988455000000000,2020-08-21 13:40:55.000000,5046.0,5057.0,5009.0,5051.0,nan,5032.0,412452,20754584640.0,515439,5046.0,30,5045.0,288,nan,0,nan,0,nan,0,nan,0,nan,0,nan,0,nan,0,nan,0
1597988455323500032,1597988455000001024,2020-08-21 13:40:55.000001,5045.0,5057.0,5009.0,5051.0,nan,5032.0,412457,20754836240.0,515439,5046.0,31,5045.0,283,nan,0,nan,0,nan,0,nan,0,nan,0,nan,0,nan,0,nan,0
1597988455803104000,1597988456000000000,2020-08-21 13:40:56.000000,5045.0,5057.0,5009.0,5051.0,nan,5032.0,412457,20754836240.0,515439,5046.0,45,5045.0,281,nan,0,nan,0,nan,0,nan,0,nan,0,nan,0,nan,0,nan,0
1597988456300069120,1597988456000001024,2020-08-21 13:40:56.000001,5046.0,5057.0,5009.0,5051.0,nan,5032.0,412458,20754886560.0,515438,5046.0,44,5045.0,281,nan,0,nan,0,nan,0,nan,0,nan,0,nan,0,nan,0,nan,0
1597988456811952896,1597988457000000000,2020-08-21 13:40:57.000000,5046.0,5057.0,5009.0,5051.0,nan,5032.0,412458,20754886560.0,515438,5046.0,45,5045.0,280,nan,0,nan,0,nan,0,nan,0,nan,0,nan,0,nan,0,nan,0
1597988457291211008,1597988457000001024,2020-08-21 13:40:57.000001,5046.0,5057.0,5009.0,5051.0,nan,5032.0,412458,20754886560.0,515438,5046.0,52,5045.0,290,nan,0,nan,0,nan,0,nan,0,nan,0,nan,0,nan,0,nan,0
1597988457808199936,1597988458000000000,2020-08-21 13:40:58.000000,5046.0,5057.0,5009.0,5051.0,nan,5032.0,412458,20754886560.0,515438,5046.0,57,5045.0,293,nan,0,nan,0,nan,0,nan,0,nan,0,nan,0,nan,0,nan,0
1597988458285405952,1597988458000001024,2020-08-21 13:40:58.000001,5046.0,5057.0,5009.0,5051.0,nan,5032.0,412458,20754886560.0,515438,5046.0,57,5045.0,293,nan,0,nan,0,nan,0,nan,0,nan,0,nan,0,nan,0,nan,0
1597988458817857024,1597988459000000000,2020-08-21 13:40:59.000000,5046.0,5057.0,5009.0,5051.0,nan,5032.0,412458,20754886560.0,515438,5046.0,61,5045.0,344,nan,0,nan,0,nan,0,nan,0,nan,0,nan,0,nan,0,nan,0
1597988459294624000,1597988459000001024,2020-08-21 13:40:59.000001,5046.0,5057.0,5009.0,5051.0,nan,5032.0,412458,20754886560.0,515438,5046.0,62,5045.0,344,nan,0,nan,0,nan,0,nan,0,nan,0,nan,0,nan,0,nan,0
1597988459801571072,1597988460000000000,2020-08-21 13:41:00.000000,5046.0,5057.0,5009.0,5051.0,nan,5032.0,412461,20755037520.0,515441,5046.0,58,5045.0,344,nan,0,nan,0,nan,0,nan,0,nan,0,nan,0,nan,0,nan,0
1597988460308450048,1597988460000001024,2020-08-21 13:41:00.000001,5046.0,5057.0,5009.0,5051.0,nan,5032.0,412463,20755138160.0,515440,5046.0,57,5045.0,345,nan,0,nan,0,nan,0,nan,0,nan,0,nan,0,nan,0,nan,0
1597988460811232000,1597988461000000000,2020-08-21 13:41:01.000000,5046.0,5057.0,5009.0,5051.0,nan,5032.0,412464,20755188480.0,515439,5046.0,56,5045.0,348,nan,0,nan,0,nan,0,nan,0,nan,0,nan,0,nan,0,nan,0
1597988461345337088,1597988461000001024,2020-08-21 13:41:01.000001,5046.0,5057.0,5009.0,5051.0,nan,5032.0,412467,20755339440.0,515438,5046.0,54,5045.0,347,nan,0,nan,0,nan,0,nan,0,nan,0,nan,0,nan,0,nan,0
1597988461815377920,1597988462000000000,2020-08-21 13:41:02.000000,5046.0,5057.0,5009.0,5051.0,nan,5032.0,412471,20755540720.0,515439,5046.0,52,5045.0,352,nan,0,nan,0,nan,0,nan,0,nan,0,nan,0,nan,0,nan,0
1597988462313154048,1597988462000001024,2020-08-21 13:41:02.000001,5046.0,5057.0,5009.0,5051.0,nan,5032.0,412480,20755993600.0,515436,5046.0,46,5045.0,349,nan,0,nan,0,nan,0,nan,0,nan,0,nan,0,nan,0,nan,0
1597988462828550912,1597988463000000000,2020-08-21 13:41:03.000000,5046.0,5057.0,5009.0,5051.0,nan,5032.0,412480,20755993600.0,515436,5046.0,47,5045.0,350,nan,0,nan,0,nan,0,nan,0,nan,0,nan,0,nan,0,nan,0
1597988463823616000,1597988464000000000,2020-08-21 13:41:04.000000,5045.0,5057.0,5009.0,5051.0,nan,5032.0,412481,20756043920.0,515435,5046.0,47,5045.0,349,nan,0,nan,0,nan,0,nan,0,nan,0,nan,0,nan,0,nan,0
1597988464301330944,1597988464000001024,2020-08-21 13:41:04.000001,5046.0,5057.0,5009.0,5051.0,nan,5032.0,412502,20757100640.0,515444,5046.0,28,5045.0,350,nan,0,nan,0,nan,0,nan,0,nan,0,nan,0,nan,0,nan,0
1597988464817346048,1597988465000000000,2020-08-21 13:41:05.000000,5046.0,5057.0,5009.0,5051.0,nan,5032.0,412508,20757402560.0,515444,5046.0,22,5045.0,353,nan,0,nan,0,nan,0,nan,0,nan,0,nan,0,nan,0,nan,0
1597988465301448960,1597988465000001024,2020-08-21 13:41:05.000001,5045.0,5057.0,5009.0,5051.0,nan,5032.0,412511,20757553520.0,515444,5046.0,17,5045.0,352,nan,0,nan,0,nan,0,nan,0,nan,0,nan,0,nan,0,nan,0
1597988465822862080,1597988466000000000,2020-08-21 13:41:06.000000,5045.0,5057.0,5009.0,5051.0,nan,5032.0,412512,20757603840.0,515443,5046.0,30,5045.0,352,nan,0,nan,0,nan,0,nan,0,nan,0,nan,0,nan,0,nan,0
1597988466314158080,1597988466000001024,2020-08-21 13:41:06.000001,5046.0,5057.0,5009.0,5051.0,nan,5032.0,412516,20757805120.0,515446,5046.0,40,5045.0,352,nan,0,nan,0,nan,0,nan,0,nan,0,nan,0,nan,0,nan,0
1597988466817648128,1597988467000000000,2020-08-21 13:41:07.000000,5046.0,5057.0,5009.0,5051.0,nan,5032.0,412518,20757905760.0,515446,5046.0,46,5045.0,353,nan,0,nan,0,nan,0,nan,0,nan,0,nan,0,nan,0,nan,0
1597988467306255872,1597988467000001024,2020-08-21 13:41:07.000001,5045.0,5057.0,5009.0,5051.0,nan,5032.0,412521,20758056720.0,515445,5046.0,44,5045.0,351,nan,0,nan,0,nan,0,nan,0,nan,0,nan,0,nan,0,nan,0
1597988467813090048,1597988468000000000,2020-08-21 13:41:08.000000,5046.0,5057.0,5009.0,5051.0,nan,5032.0,412523,20758157360.0,515445,5046.0,51,5045.0,351,nan,0,nan,0,nan,0,nan,0,nan,0,nan,0,nan,0,nan,0
1597988468304556032,1597988468000001024,2020-08-21 13:41:08.000001,5045.0,5057.0,5009.0,5051.0,nan,5032.0,412524,20758207680.0,515445,5046.0,51,5045.0,351,nan,0,nan,0,nan,0,nan,0,nan,0,nan,0,nan,0,nan,0
1597988468827120896,1597988469000000000,2020-08-21 13:41:09.000000,5046.0,5057.0,5009.0,5051.0,nan,5032.0,412525,20758258000.0,515445,5046.0,52,5045.0,352,nan,0,nan,0,nan,0,nan,0,nan,0,nan,0,nan,0,nan,0
1597988469308250112,1597988469000001024,2020-08-21 13:41:09.000001,5046.0,5057.0,5009.0,5051.0,nan,5032.0,412528,20758408960.0,515444,5046.0,50,5045.0,352,nan,0,nan,0,nan,0,nan,0,nan,0,nan,0,nan,0,nan,0
1597988469828517120,1597988470000000000,2020-08-21 13:41:10.000000,5046.0,5057.0,5009.0,5051.0,nan,5032.0,412528,20758408960.0,515444,5046.0,51,5045.0,352,nan,0,nan,0,nan,0,nan,0,nan,0,nan,0,nan,0,nan,0
1597988470313196032,1597988470000001024,2020-08-21 13:41:10.000001,5045.0,5057.0,5009.0,5051.0,nan,5032.0,412532,20758610240.0,515440,5046.0,53,5045.0,346,nan,0,nan,0,nan,0,nan,0,nan,0,nan,0,nan,0,nan,0
1597988470817299968,1597988471000000000,2020-08-21 13:41:11.000000,5045.0,5057.0,5009.0,5051.0,nan,5032.0,412584,20761226880.0,515439,5046.0,61,5045.0,290,nan,0,nan,0,nan,0,nan,0,nan,0,nan,0,nan,0,nan,0
1597988471829476096,1597988472000000000,2020-08-21 13:41:12.000000,5046.0,5057.0,5009.0,5051.0,nan,5032.0,412586,20761327520.0,515440,5046.0,62,5045.0,290,nan,0,nan,0,nan,0,nan,0,nan,0,nan,0,nan,0,nan,0
1597988472313871872,1597988472000001024,2020-08-21 13:41:12.000001,5045.0,5057.0,5009.0,5051.0,nan,5032.0,412587,20761377840.0,515441,5046.0,65,5045.0,290,nan,0,nan,0,nan,0,nan,0,nan,0,nan,0,nan,0,nan,0
1597988472828096000,1597988473000000000,2020-08-21 13:41:13.000000,5045.0,5057.0,5009.0,5051.0,nan,5032.0,412587,20761377840.0,515441,5046.0,65,5045.0,294,nan,0,nan,0,nan,0,nan,0,nan,0,nan,0,nan,0,nan,0
1597988473314923008,1597988473000001024,2020-08-21 13:41:13.000001,5045.0,5057.0,5009.0,5051.0,nan,5032.0,412587,20761377840.0,515441,5046.0,63,5045.0,290,nan,0,nan,0,nan,0,nan,0,nan,0,nan,0,nan,0,nan,0
1597988473816323072,1597988474000000000,2020-08-21 13:41:14.000000,5045.0,5057.0,5009.0,5051.0,nan,5032.0,412588,20761428160.0,515441,5046.0,63,5045.0,289,nan,0,nan,0,nan,0,nan,0,nan,0,nan,0,nan,0,nan,0
1597988474305504000,1597988474000001024,2020-08-21 13:41:14.000001,5045.0,5057.0,5009.0,5051.0,nan,5032.0,412588,20761428160.0,515441,5046.0,68,5045.0,291,nan,0,nan,0,nan,0,nan,0,nan,0,nan,0,nan,0,nan,0
1597988475814974976,1597988476000000000,2020-08-21 13:41:16.000000,5045.0,5057.0,5009.0,5051.0,nan,5032.0,412588,20761428160.0,515441,5046.0,69,5045.0,291,nan,0,nan,0,nan,0,nan,0,nan,0,nan,0,nan,0,nan,0
1597988476330249984,1597988476000001024,2020-08-21 13:41:16.000001,5045.0,5057.0,5009.0,5051.0,nan,5032.0,412588,20761428160.0,515441,5046.0,72,5045.0,290,nan,0,nan,0,nan,0,nan,0,nan,0,nan,0,nan,0,nan,0
1597988477305481984,1597988477000001024,2020-08-21 13:41:17.000001,5046.0,5057.0,5009.0,5051.0,nan,5032.0,412608,20762434560.0,515446,5046.0,52,5045.0,290,nan,0,nan,0,nan,0,nan,0,nan,0,nan,0,nan,0,nan,0
1597988477829228032,1597988478000000000,2020-08-21 13:41:18.000000,5046.0,5057.0,5009.0,5051.0,nan,5032.0,412608,20762434560.0,515446,5046.0,62,5045.0,290,nan,0,nan,0,nan,0,nan,0,nan,0,nan,0,nan,0,nan,0
1597988478338731008,1597988478000001024,2020-08-21 13:41:18.000001,5046.0,5057.0,5009.0,5051.0,nan,5032.0,412608,20762434560.0,515446,5046.0,71,5045.0,290,nan,0,nan,0,nan,0,nan,0,nan,0,nan,0,nan,0,nan,0
1597988478820987904,1597988479000000000,2020-08-21 13:41:19.000000,5046.0,5057.0,5009.0,5051.0,nan,5032.0,412609,20762484880.0,515446,5046.0,71,5045.0,290,nan,0,nan,0,nan,0,nan,0,nan,0,nan,0,nan,0,nan,0
1597988479317831936,1597988479000001024,2020-08-21 13:41:19.000001,5046.0,5057.0,5009.0,5051.0,nan,5032.0,412609,20762484880.0,515446,5046.0,73,5045.0,290,nan,0,nan,0,nan,0,nan,0,nan,0,nan,0,nan,0,nan,0
1597988479814391040,1597988480000000000,2020-08-21 13:41:20.000000,5045.0,5057.0,5009.0,5051.0,nan,5032.0,412610,20762535200.0,515446,5046.0,73,5045.0,290,nan,0,nan,0,nan,0,nan,0,nan,0,nan,0,nan,0,nan,0
1597988480309793024,1597988480000001024,2020-08-21 13:41:20.000001,5045.0,5057.0,5009.0,5051.0,nan,5032.0,412612,20762635840.0,515446,5046.0,73,5045.0,294,nan,0,nan,0,nan,0,nan,0,nan,0,nan,0,nan,0,nan,0
1597988481307577088,1597988481000001024,2020-08-21 13:41:21.000001,5045.0,5057.0,5009.0,5051.0,nan,5032.0,412612,20762635840.0,515446,5046.0,74,5045.0,294,nan,0,nan,0,nan,0,nan,0,nan,0,nan,0,nan,0,nan,0
1597988481837825024,1597988482000000000,2020-08-21 13:41:22.000000,5045.0,5057.0,5009.0,5051.0,nan,5032.0,412612,20762635840.0,515446,5046.0,74,5045.0,295,nan,0,nan,0,nan,0,nan,0,nan,0,nan,0,nan,0,nan,0
1597988482343621888,1597988482000001024,2020-08-21 13:41:22.000001,5046.0,5057.0,5009.0,5051.0,nan,5032.0,412617,20762887440.0,515451,5046.0,76,5045.0,295,nan,0,nan,0,nan,0,nan,0,nan,0,nan,0,nan,0,nan,0
1597988482828962048,1597988483000000000,2020-08-21 13:41:23.000000,5045.0,5057.0,5009.0,5051.0,nan,5032.0,412618,20762937760.0,515451,5046.0,76,5045.0,295,nan,0,nan,0,nan,0,nan,0,nan,0,nan,0,nan,0,nan,0
1597988483311203072,1597988483000001024,2020-08-21 13:41:23.000001,5045.0,5057.0,5009.0,5051.0,nan,5032.0,412619,20762988080.0,515451,5046.0,76,5045.0,294,nan,0,nan,0,nan,0,nan,0,nan,0,nan,0,nan,0,nan,0
1597988483838970880,1597988484000000000,2020-08-21 13:41:24.000000,5045.0,5057.0,5009.0,5051.0,nan,5032.0,412620,20763038400.0,515451,5046.0,77,5045.0,293,nan,0,nan,0,nan,0,nan,0,nan,0,nan,0,nan,0,nan,0
1597988484301026048,1597988484000001024,2020-08-21 13:41:24.000001,5045.0,5057.0,5009.0,5051.0,nan,5032.0,412620,20763038400.0,515451,5046.0,80,5045.0,293,nan,0,nan,0,nan,0,nan,0,nan,0,nan,0,nan,0,nan,0
1597988485310784000,1597988485000001024,2020-08-21 13:41:25.000001,5045.0,5057.0,5009.0,5051.0,nan,5032.0,412620,20763038400.0,515451,5046.0,81,5045.0,294,nan,0,nan,0,nan,0,nan,0,nan,0,nan,0,nan,0,nan,0
1597988485823948032,1597988486000000000,2020-08-21 13:41:26.000000,5046.0,5057.0,5009.0,5051.0,nan,5032.0,412624,20763239680.0,515453,5046.0,77,5045.0,292,nan,0,nan,0,nan,0,nan,0,nan,0,nan,0,nan,0,nan,0
1597988486300406016,1597988486000001024,2020-08-21 13:41:26.000001,5045.0,5057.0,5009.0,5051.0,nan,5032.0,412625,20763290000.0,515454,5046.0,77,5045.0,291,nan,0,nan,0,nan,0,nan,0,nan,0,nan,0,nan,0,nan,0
1597988486827777024,1597988487000000000,2020-08-21 13:41:27.000000,5045.0,5057.0,5009.0,5051.0,nan,5032.0,412628,20763440960.0,515452,5046.0,81,5045.0,288,nan,0,nan,0,nan,0,nan,0,nan,0,nan,0,nan,0,nan,0
1597988487315954944,1597988487000001024,2020-08-21 13:41:27.000001,5045.0,5057.0,5009.0,5051.0,nan,5032.0,412629,20763491280.0,515453,5046.0,84,5045.0,287,nan,0,nan,0,nan,0,nan,0,nan,0,nan,0,nan,0,nan,0
1597988487831749888,1597988488000000000,2020-08-21 13:41:28.000000,5045.0,5057.0,5009.0,5051.0,nan,5032.0,412629,20763491280.0,515453,5046.0,87,5045.0,287,nan,0,nan,0,nan,0,nan,0,nan,0,nan,0,nan,0,nan,0
1597988488349288960,1597988488000001024,2020-08-21 13:41:28.000001,5045.0,5057.0,5009.0,5051.0,nan,5032.0,412630,20763541600.0,515452,5046.0,87,5045.0,286,nan,0,nan,0,nan,0,nan,0,nan,0,nan,0,nan,0,nan,0
1597988489316940032,1597988489000001024,2020-08-21 13:41:29.000001,5045.0,5057.0,5009.0,5051.0,nan,5032.0,412630,20763541600.0,515452,5046.0,87,5045.0,285,nan,0,nan,0,nan,0,nan,0,nan,0,nan,0,nan,0,nan,0
1597988489836121088,1597988490000000000,2020-08-21 13:41:30.000000,5045.0,5057.0,5009.0,5051.0,nan,5032.0,412631,20763591920.0,515451,5046.0,87,5045.0,285,nan,0,nan,0,nan,0,nan,0,nan,0,nan,0,nan,0,nan,0
1597988490315997952,1597988490000001024,2020-08-21 13:41:30.000001,5045.0,5057.0,5009.0,5051.0,nan,5032.0,412633,20763692560.0,515450,5046.0,87,5045.0,283,nan,0,nan,0,nan,0,nan,0,nan,0,nan,0,nan,0,nan,0
1597988490835475968,1597988491000000000,2020-08-21 13:41:31.000000,5045.0,5057.0,5009.0,5051.0,nan,5032.0,412633,20763692560.0,515450,5046.0,88,5045.0,283,nan,0,nan,0,nan,0,nan,0,nan,0,nan,0,nan,0,nan,0
1597988492310977024,1597988492000001024,2020-08-21 13:41:32.000001,5045.0,5057.0,5009.0,5051.0,nan,5032.0,412634,20763742880.0,515449,5046.0,90,5045.0,282,nan,0,nan,0,nan,0,nan,0,nan,0,nan,0,nan,0,nan,0
1597988492839603968,1597988493000000000,2020-08-21 13:41:33.000000,5045.0,5057.0,5009.0,5051.0,nan,5032.0,412634,20763742880.0,515449,5046.0,90,5045.0,283,nan,0,nan,0,nan,0,nan,0,nan,0,nan,0,nan,0,nan,0
1597988493832317952,1597988494000000000,2020-08-21 13:41:34.000000,5045.0,5057.0,5009.0,5051.0,nan,5032.0,412636,20763843520.0,515447,5046.0,90,5045.0,280,nan,0,nan,0,nan,0,nan,0,nan,0,nan,0,nan,0,nan,0
1597988495304972032,1597988495000001024,2020-08-21 13:41:35.000001,5045.0,5057.0,5009.0,5051.0,nan,5032.0,412636,20763843520.0,515447,5046.0,91,5045.0,280,nan,0,nan,0,nan,0,nan,0,nan,0,nan,0,nan,0,nan,0
1597988496300438016,1597988496000001024,2020-08-21 13:41:36.000001,5045.0,5057.0,5009.0,5051.0,nan,5032.0,412637,20763893840.0,515446,5046.0,91,5045.0,279,nan,0,nan,0,nan,0,nan,0,nan,0,nan,0,nan,0,nan,0
1597988496833316096,1597988497000000000,2020-08-21 13:41:37.000000,5045.0,5057.0,5009.0,5051.0,nan,5032.0,412637,20763893840.0,515446,5046.0,90,5045.0,280,nan,0,nan,0,nan,0,nan,0,nan,0,nan,0,nan,0,nan,0
1597988497835447040,1597988498000000000,2020-08-21 13:41:38.000000,5045.0,5057.0,5009.0,5051.0,nan,5032.0,412638,20763944160.0,515447,5046.0,90,5045.0,279,nan,0,nan,0,nan,0,nan,0,nan,0,nan,0,nan,0,nan,0
1597988499310380032,1597988499000001024,2020-08-21 13:41:39.000001,5045.0,5057.0,5009.0,5051.0,nan,5032.0,412638,20763944160.0,515447,5046.0,93,5045.0,279,nan,0,nan,0,nan,0,nan,0,nan,0,nan,0,nan,0,nan,0
1597988500317865984,1597988500000001024,2020-08-21 13:41:40.000001,5046.0,5057.0,5009.0,5051.0,nan,5032.0,412639,20763994480.0,515448,5046.0,92,5045.0,279,nan,0,nan,0,nan,0,nan,0,nan,0,nan,0,nan,0,nan,0
1597988500823439872,1597988501000000000,2020-08-21 13:41:41.000000,5046.0,5057.0,5009.0,5051.0,nan,5032.0,412639,20763994480.0,515448,5046.0,94,5045.0,278,nan,0,nan,0,nan,0,nan,0,nan,0,nan,0,nan,0,nan,0
1597988501311230976,1597988501000001024,2020-08-21 13:41:41.000001,5046.0,5057.0,5009.0,5051.0,nan,5032.0,412640,20764044800.0,515448,5046.0,93,5045.0,278,nan,0,nan,0,nan,0,nan,0,nan,0,nan,0,nan,0,nan,0
1597988501834118912,1597988502000000000,2020-08-21 13:41:42.000000,5046.0,5057.0,5009.0,5051.0,nan,5032.0,412640,20764044800.0,515448,5046.0,103,5045.0,279,nan,0,nan,0,nan,0,nan,0,nan,0,nan,0,nan,0,nan,0
1597988502314244096,1597988502000001024,2020-08-21 13:41:42.000001,5045.0,5057.0,5009.0,5051.0,nan,5032.0,412641,20764095120.0,515449,5046.0,104,5045.0,283,nan,0,nan,0,nan,0,nan,0,nan,0,nan,0,nan,0,nan,0
1597988502836251904,1597988503000000000,2020-08-21 13:41:43.000000,5045.0,5057.0,5009.0,5051.0,nan,5032.0,412641,20764095120.0,515449,5046.0,85,5045.0,283,nan,0,nan,0,nan,0,nan,0,nan,0,nan,0,nan,0,nan,0
1597988503343971072,1597988503000001024,2020-08-21 13:41:43.000001,5045.0,5057.0,5009.0,5051.0,nan,5032.0,412641,20764095120.0,515449,5046.0,86,5045.0,284,nan,0,nan,0,nan,0,nan,0,nan,0,nan,0,nan,0,nan,0
1597988503828102912,1597988504000000000,2020-08-21 13:41:44.000000,5045.0,5057.0,5009.0,5051.0,nan,5032.0,412643,20764195760.0,515448,5046.0,86,5045.0,283,nan,0,nan,0,nan,0,nan,0,nan,0,nan,0,nan,0,nan,0
1597988504321275904,1597988504000001024,2020-08-21 13:41:44.000001,5045.0,5057.0,5009.0,5051.0,nan,5032.0,412643,20764195760.0,515448,5046.0,86,5045.0,334,nan,0,nan,0,nan,0,nan,0,nan,0,nan,0,nan,0,nan,0
1597988504846609920,1597988505000000000,2020-08-21 13:41:45.000000,5045.0,5057.0,5009.0,5051.0,nan,5032.0,412644,20764246080.0,515448,5046.0,86,5045.0,333,nan,0,nan,0,nan,0,nan,0,nan,0,nan,0,nan,0,nan,0
1597988505841000960,1597988506000000000,2020-08-21 13:41:46.000000,5045.0,5057.0,5009.0,5051.0,nan,5032.0,412645,20764296400.0,515448,5046.0,86,5045.0,332,nan,0,nan,0,nan,0,nan,0,nan,0,nan,0,nan,0,nan,0
1597988506325041920,1597988506000001024,2020-08-21 13:41:46.000001,5045.0,5057.0,5009.0,5051.0,nan,5032.0,412645,20764296400.0,515448,5046.0,88,5045.0,333,nan,0,nan,0,nan,0,nan,0,nan,0,nan,0,nan,0,nan,0
1597988506835058944,1597988507000000000,2020-08-21 13:41:47.000000,5045.0,5057.0,5009.0,5051.0,nan,5032.0,412645,20764296400.0,515448,5046.0,88,5045.0,336,nan,0,nan,0,nan,0,nan,0,nan,0,nan,0,nan,0,nan,0
