local_nano_time,quote_nano_time,datetime,last_price,highest,lowest,open,close,average,volume,amount,open_interest,ask_price1,ask_volume1,bid_price1,bid_volume1,ask_price2,ask_volume2,bid_price2,bid_volume2,ask_price3,ask_volume3,bid_price3,bid_volume3,ask_price4,ask_volume4,bid_price4,bid_volume4,ask_price5,ask_volume5,bid_price5,bid_volume5
1597988226223802880,1597988226000001024,2020-08-21 13:37:06.000001,12900.0,12930.0,12795.0,12845.0,nan,12865.0,215993,13893749725.0,333861,12900.0,133,12895.0,181,nan,0,nan,0,nan,0,nan,0,nan,0,nan,0,nan,0,nan,0
1597988226682246912,1597988227000000000,2020-08-21 13:37:07.000000,12900.0,12930.0,12795.0,12845.0,nan,12865.0,215993,13893749725.0,333861,12900.0,137,12895.0,181,nan,0,nan,0,nan,0,nan,0,nan,0,nan,0,nan,0,nan,0
1597988227188005888,1597988227000001024,2020-08-21 13:37:07.000001,12895.0,12930.0,12795.0,12845.0,nan,12865.0,215994,13893814050.0,333861,12900.0,140,12895.0,180,nan,0,nan,0,nan,0,nan,0,nan,0,nan,0,nan,0,nan,0
1597988227687741952,1597988228000000000,2020-08-21 13:37:08.000000,12900.0,12930.0,12795.0,12845.0,nan,12865.0,215995,13893878375.0,333861,12900.0,139,12895.0,180,nan,0,nan,0,nan,0,nan,0,nan,0,nan,0,nan,0,nan,0
1597988228685587968,1597988229000000000,2020-08-21 13:37:09.000000,12900.0,12930.0,12795.0,12845.0,nan,12865.0,216009,13894778925.0,333875,12900.0,125,12895.0,182,nan,0,nan,0,nan,0,nan,0,nan,0,nan,0,nan,0,nan,0
1597988229691207936,1597988230000000000,2020-08-21 13:37:10.000000,12900.0,12930.0,12795.0,12845.0,nan,12865.0,216109,13901211425.0,333924,12900.0,26,12895.0,182,nan,0,nan,0,nan,0,nan,0,nan,0,nan,0,nan,0,nan,0
1597988230237679104,1597988230000001024,2020-08-21 13:37:10.000001,12900.0,12930.0,12795.0,12845.0,nan,12865.0,216123,13902111975.0,333926,12905.0,254,12900.0,51,nan,0,nan,0,nan,0,nan,0,nan,0,nan,0,nan,0,nan,0
1597988230692348928,1597988231000000000,2020-08-21 13:37:11.000000,12900.0,12930.0,12795.0,12845.0,nan,12865.0,216123,13902111975.0,333926,12905.0,254,12900.0,64,nan,0,nan,0,nan,0,nan,0,nan,0,nan,0,nan,0,nan,0
1597988231190139904,1597988231000001024,2020-08-21 13:37:11.000001,12900.0,12930.0,12795.0,12845.0,nan,12865.0,216131,13902626575.0,333922,12905.0,229,12900.0,84,nan,0,nan,0,nan,0,nan,0,nan,0,nan,0,nan,0,nan,0
1597988231695122944,1597988232000000000,2020-08-21 13:37:12.000000,12900.0,12930.0,12795.0,12845.0,nan,12865.0,216131,13902626575.0,333922,12905.0,219,12900.0,93,nan,0,nan,0,nan,0,nan,0,nan,0,nan,0,nan,0,nan,0
1597988232186352128,1597988232000001024,2020-08-21 13:37:12.000001,12900.0,12930.0,12795.0,12845.0,nan,12865.0,216131,13902626575.0,333922,12905.0,218,12900.0,102,nan,0,nan,0,nan,0,nan,0,nan,0,nan,0,nan,0,nan,0
1597988232688659968,1597988233000000000,2020-08-21 13:37:13.000000,12900.0,12930.0,12795.0,12845.0,nan,12865.0,216161,13904556325.0,333892,12905.0,219,12900.0,82,nan,0,nan,0,nan,0,nan,0,nan,0,nan,0,nan,0,nan,0
1597988233188120064,1597988233000001024,2020-08-21 13:37:13.000001,12905.0,12930.0,12795.0,12845.0,nan,12865.0,216162,13904620650.0,333892,12905.0,226,12900.0,82,nan,0,nan,0,nan,0,nan,0,nan,0,nan,0,nan,0,nan,0
1597988233693880064,1597988234000000000,2020-08-21 13:37:14.000000,12905.0,12930.0,12795.0,12845.0,nan,12865.0,216162,13904620650.0,333892,12905.0,226,12900.0,96,nan,0,nan,0,nan,0,nan,0,nan,0,nan,0,nan,0,nan,0
1597988234189575936,1597988234000001024,2020-08-21 13:37:14.000001,12905.0,12930.0,12795.0,12845.0,nan,12865.0,216162,13904620650.0,333892,12905.0,226,12900.0,98,nan,0,nan,0,nan,0,nan,0,nan,0,nan,0,nan,0,nan,0
1597988234693484032,1597988235000000000,2020-08-21 13:37:15.000000,12905.0,12930.0,12795.0,12845.0,nan,12865.0,216162,13904620650.0,333892,12905.0,226,12900.0,100,nan,0,nan,0,nan,0,nan,0,nan,0,nan,0,nan,0,nan,0
1597988235195997952,1597988235000001024,2020-08-21 13:37:15.000001,12900.0,12930.0,12795.0,12845.0,nan,12865.0,216167,13904942275.0,333893,12905.0,226,12900.0,95,nan,0,nan,0,nan,0,nan,0,nan,0,nan,0,nan,0,nan,0
1597988235846344960,1597988236000000000,2020-08-21 13:37:16.000000,12900.0,12930.0,12795.0,12845.0,nan,12865.0,216167,13904942275.0,333893,12905.0,229,12900.0,102,nan,0,nan,0,nan,0,nan,0,nan,0,nan,0,nan,0,nan,0
1597988236202142976,1597988236000001024,2020-08-21 13:37:16.000001,12900.0,12930.0,12795.0,12845.0,nan,12865.0,216168,13905006600.0,333893,12905.0,229,12900.0,105,nan,0,nan,0,nan,0,nan,0,nan,0,nan,0,nan,0,nan,0
1597988236692519936,1597988237000000000,2020-08-21 13:37:17.000000,12900.0,12930.0,12795.0,12845.0,nan,12865.0,216168,13905006600.0,333893,12905.0,224,12900.0,105,nan,0,nan,0,nan,0,nan,0,nan,0,nan,0,nan,0,nan,0
1597988237198854912,1597988237000001024,2020-08-21 13:37:17.000001,12905.0,12930.0,12795.0,12845.0,nan,12865.0,216169,13905070925.0,333893,12905.0,223,12900.0,105,nan,0,nan,0,nan,0,nan,0,nan,0,nan,0,nan,0,nan,0
1597988237698017024,1597988238000000000,2020-08-21 13:37:18.000000,12905.0,12930.0,12795.0,12845.0,nan,12865.0,216169,13905070925.0,333893,12905.0,223,12900.0,113,nan,0,nan,0,nan,0,nan,0,nan,0,nan,0,nan,0,nan,0
1597988238200965120,1597988238000001024,2020-08-21 13:37:18.000001,12900.0,12930.0,12795.0,12845.0,nan,12865.0,216181,13905842825.0,333887,12905.0,226,12900.0,107,nan,0,nan,0,nan,0,nan,0,nan,0,nan,0,nan,0,nan,0
1597988238694768128,1597988239000000000,2020-08-21 13:37:19.000000,12900.0,12930.0,12795.0,12845.0,nan,12865.0,216181,13905842825.0,333887,12905.0,227,12900.0,108,nan,0,nan,0,nan,0,nan,0,nan,0,nan,0,nan,0,nan,0
1597988239184653056,1597988239000001024,2020-08-21 13:37:19.000001,12900.0,12930.0,12795.0,12845.0,nan,12865.0,216181,13905842825.0,333887,12905.0,218,12900.0,113,nan,0,nan,0,nan,0,nan,0,nan,0,nan,0,nan,0,nan,0
1597988239689763072,1597988240000000000,2020-08-21 13:37:20.000000,12900.0,12930.0,12795.0,12845.0,nan,12865.0,216181,13905842825.0,333887,12905.0,218,12900.0,118,nan,0,nan,0,nan,0,nan,0,nan,0,nan,0,nan,0,nan,0
1597988240196774912,1597988240000001024,2020-08-21 13:37:20.000001,12900.0,12930.0,12795.0,12845.0,nan,12865.0,216181,13905842825.0,333887,12905.0,218,12900.0,120,nan,0,nan,0,nan,0,nan,0,nan,0,nan,0,nan,0,nan,0
1597988240692291072,1597988241000000000,2020-08-21 13:37:21.000000,12905.0,12930.0,12795.0,12845.0,nan,12865.0,216212,13907836900.0,333912,12905.0,217,12900.0,121,nan,0,nan,0,nan,0,nan,0,nan,0,nan,0,nan,0,nan,0
1597988241189360128,1597988241000001024,2020-08-21 13:37:21.000001,12905.0,12930.0,12795.0,12845.0,nan,12865.0,216212,13907836900.0,333912,12905.0,218,12900.0,122,nan,0,nan,0,nan,0,nan,0,nan,0,nan,0,nan,0,nan,0
1597988242189238016,1597988242000001024,2020-08-21 13:37:22.000001,12905.0,12930.0,12795.0,12845.0,nan,12865.0,216212,13907836900.0,333912,12905.0,210,12900.0,124,nan,0,nan,0,nan,0,nan,0,nan,0,nan,0,nan,0,nan,0
1597988243690596096,1597988244000000000,2020-08-21 13:37:24.000000,12905.0,12930.0,12795.0,12845.0,nan,12865.0,216212,13907836900.0,333912,12905.0,210,12900.0,118,nan,0,nan,0,nan,0,nan,0,nan,0,nan,0,nan,0,nan,0
1597988244199084032,1597988244000001024,2020-08-21 13:37:24.000001,12905.0,12930.0,12795.0,12845.0,nan,12865.0,216212,13907836900.0,333912,12905.0,211,12900.0,118,nan,0,nan,0,nan,0,nan,0,nan,0,nan,0,nan,0,nan,0
1597988245697465088,1597988246000000000,2020-08-21 13:37:26.000000,12905.0,12930.0,12795.0,12845.0,nan,12865.0,216213,13907901225.0,333913,12905.0,210,12900.0,120,nan,0,nan,0,nan,0,nan,0,nan,0,nan,0,nan,0,nan,0
1597988246193312000,1597988246000001024,2020-08-21 13:37:26.000001,12905.0,12930.0,12795.0,12845.0,nan,12865.0,216213,13907901225.0,333913,12905.0,222,12900.0,120,nan,0,nan,0,nan,0,nan,0,nan,0,nan,0,nan,0,nan,0
1597988246703706112,1597988247000000000,2020-08-21 13:37:27.000000,12905.0,12930.0,12795.0,12845.0,nan,12865.0,216213,13907901225.0,333913,12905.0,222,12900.0,121,nan,0,nan,0,nan,0,nan,0,nan,0,nan,0,nan,0,nan,0
1597988247194525952,1597988247000001024,2020-08-21 13:37:27.000001,12905.0,12930.0,12795.0,12845.0,nan,12865.0,216214,13907965550.0,333914,12905.0,226,12900.0,121,nan,0,nan,0,nan,0,nan,0,nan,0,nan,0,nan,0,nan,0
1597988247697698048,1597988248000000000,2020-08-21 13:37:28.000000,12905.0,12930.0,12795.0,12845.0,nan,12865.0,216232,13909123400.0,333914,12905.0,237,12900.0,126,nan,0,nan,0,nan,0,nan,0,nan,0,nan,0,nan,0,nan,0
1597988248221387008,1597988248000001024,2020-08-21 13:37:28.000001,12905.0,12930.0,12795.0,12845.0,nan,12865.0,216237,13909445025.0,333919,12905.0,233,12900.0,129,nan,0,nan,0,nan,0,nan,0,nan,0,nan,0,nan,0,nan,0
1597988248695148032,1597988249000000000,2020-08-21 13:37:29.000000,12900.0,12930.0,12795.0,12845.0,nan,12865.0,216238,13909509350.0,333919,12905.0,233,12900.0,128,nan,0,nan,0,nan,0,nan,0,nan,0,nan,0,nan,0,nan,0
1597988249700483072,1597988250000000000,2020-08-21 13:37:30.000000,12900.0,12930.0,12795.0,12845.0,nan,12865.0,216238,13909509350.0,333919,12905.0,234,12900.0,129,nan,0,nan,0,nan,0,nan,0,nan,0,nan,0,nan,0,nan,0
1597988250705270016,1597988251000000000,2020-08-21 13:37:31.000000,12905.0,12930.0,12795.0,12845.0,nan,12865.0,216239,13909573675.0,333920,12905.0,233,12900.0,129,nan,0,nan,0,nan,0,nan,0,nan,0,nan,0,nan,0,nan,0
1597988251698651904,1597988252000000000,2020-08-21 13:37:32.000000,12905.0,12930.0,12795.0,12845.0,nan,12865.0,216239,13909573675.0,333920,12905.0,233,12900.0,126,nan,0,nan,0,nan,0,nan,0,nan,0,nan,0,nan,0,nan,0
1597988253701682944,1597988254000000000,2020-08-21 13:37:34.000000,12905.0,12930.0,12795.0,12845.0,nan,12865.0,216247,13910088275.0,333928,12905.0,217,12900.0,126,nan,0,nan,0,nan,0,nan,0,nan,0,nan,0,nan,0,nan,0
1597988254204143104,1597988254000001024,2020-08-21 13:37:34.000001,12900.0,12930.0,12795.0,12845.0,nan,12865.0,216267,13911374775.0,333942,12905.0,213,12900.0,122,nan,0,nan,0,nan,0,nan,0,nan,0,nan,0,nan,0,nan,0
1597988254728344064,1597988255000000000,2020-08-21 13:37:35.000000,12905.0,12930.0,12795.0,12845.0,nan,12865.0,216277,13912018025.0,333948,12905.0,203,12900.0,124,nan,0,nan,0,nan,0,nan,0,nan,0,nan,0,nan,0,nan,0
1597988255701144064,1597988256000000000,2020-08-21 13:37:36.000000,12905.0,12930.0,12795.0,12845.0,nan,12865.0,216277,13912018025.0,333948,12905.0,205,12900.0,131,nan,0,nan,0,nan,0,nan,0,nan,0,nan,0,nan,0,nan,0
1597988256206162944,1597988256000001024,2020-08-21 13:37:36.000001,12905.0,12930.0,12795.0,12845.0,nan,12865.0,216284,13912468300.0,333952,12905.0,199,12900.0,131,nan,0,nan,0,nan,0,nan,0,nan,0,nan,0,nan,0,nan,0
1597988256701404928,1597988257000000000,2020-08-21 13:37:37.000000,12900.0,12930.0,12795.0,12845.0,nan,12865.0,216289,13912789925.0,333951,12905.0,199,12900.0,126,nan,0,nan,0,nan,0,nan,0,nan,0,nan,0,nan,0,nan,0
1597988257205145088,1597988257000001024,2020-08-21 13:37:37.000001,12900.0,12930.0,12795.0,12845.0,nan,12865.0,216289,13912789925.0,333951,12905.0,204,12900.0,143,nan,0,nan,0,nan,0,nan,0,nan,0,nan,0,nan,0,nan,0
1597988257701979904,1597988258000000000,2020-08-21 13:37:38.000000,12905.0,12930.0,12795.0,12845.0,nan,12865.0,216290,13912854250.0,333951,12905.0,203,12900.0,144,nan,0,nan,0,nan,0,nan,0,nan,0,nan,0,nan,0,nan,0
1597988258203281920,1597988258000001024,2020-08-21 13:37:38.000001,12905.0,12930.0,12795.0,12845.0,nan,12865.0,216290,13912854250.0,333951,12905.0,203,12900.0,176,nan,0,nan,0,nan,0,nan,0,nan,0,nan,0,nan,0,nan,0
1597988258706454016,1597988259000000000,2020-08-21 13:37:39.000000,12900.0,12930.0,12795.0,12845.0,nan,12865.0,216291,13912918575.0,333951,12905.0,203,12900.0,179,nan,0,nan,0,nan,0,nan,0,nan,0,nan,0,nan,0,nan,0
1597988259203313920,1597988259000001024,2020-08-21 13:37:39.000001,12900.0,12930.0,12795.0,12845.0,nan,12865.0,216291,13912918575.0,333951,12905.0,203,12900.0,187,nan,0,nan,0,nan,0,nan,0,nan,0,nan,0,nan,0,nan,0
1597988259709839872,1597988260000000000,2020-08-21 13:37:40.000000,12900.0,12930.0,12795.0,12845.0,nan,12865.0,216291,13912918575.0,333951,12905.0,203,12900.0,190,nan,0,nan,0,nan,0,nan,0,nan,0,nan,0,nan,0,nan,0
1597988260202530048,1597988260000001024,2020-08-21 13:37:40.000001,12900.0,12930.0,12795.0,12845.0,nan,12865.0,216291,13912918575.0,333951,12905.0,203,12900.0,196,nan,0,nan,0,nan,0,nan,0,nan,0,nan,0,nan,0,nan,0
1597988260705609984,1597988261000000000,2020-08-21 13:37:41.000000,12900.0,12930.0,12795.0,12845.0,nan,12865.0,216291,13912918575.0,333951,12905.0,205,12900.0,202,nan,0,nan,0,nan,0,nan,0,nan,0,nan,0,nan,0,nan,0
1597988261697138944,1597988262000000000,2020-08-21 13:37:42.000000,12900.0,12930.0,12795.0,12845.0,nan,12865.0,216291,13912918575.0,333951,12905.0,204,12900.0,204,nan,0,nan,0,nan,0,nan,0,nan,0,nan,0,nan,0,nan,0
1597988262196152064,1597988262000001024,2020-08-21 13:37:42.000001,12900.0,12930.0,12795.0,12845.0,nan,12865.0,216291,13912918575.0,333951,12905.0,204,12900.0,206,nan,0,nan,0,nan,0,nan,0,nan,0,nan,0,nan,0,nan,0
1597988264701515008,1597988265000000000,2020-08-21 13:37:45.000000,12905.0,12930.0,12795.0,12845.0,nan,12865.0,216292,13912982900.0,333951,12905.0,203,12900.0,206,nan,0,nan,0,nan,0,nan,0,nan,0,nan,0,nan,0,nan,0
1597988265198900992,1597988265000001024,2020-08-21 13:37:45.000001,12905.0,12930.0,12795.0,12845.0,nan,12865.0,216292,13912982900.0,333951,12905.0,208,12900.0,206,nan,0,nan,0,nan,0,nan,0,nan,0,nan,0,nan,0,nan,0
1597988265702497024,1597988266000000000,2020-08-21 13:37:46.000000,12905.0,12930.0,12795.0,12845.0,nan,12865.0,216293,13913047225.0,333951,12905.0,207,12900.0,206,nan,0,nan,0,nan,0,nan,0,nan,0,nan,0,nan,0,nan,0
1597988266700164096,1597988267000000000,2020-08-21 13:37:47.000000,12905.0,12930.0,12795.0,12845.0,nan,12865.0,216293,13913047225.0,333951,12905.0,207,12900.0,208,nan,0,nan,0,nan,0,nan,0,nan,0,nan,0,nan,0,nan,0
1597988267205462016,1597988267000001024,2020-08-21 13:37:47.000001,12905.0,12930.0,12795.0,12845.0,nan,12865.0,216293,13913047225.0,333951,12905.0,208,12900.0,208,nan,0,nan,0,nan,0,nan,0,nan,0,nan,0,nan,0,nan,0
1597988267705815040,1597988268000000000,2020-08-21 13:37:48.000000,12905.0,12930.0,12795.0,12845.0,nan,12865.0,216293,13913047225.0,333951,12905.0,208,12900.0,215,nan,0,nan,0,nan,0,nan,0,nan,0,nan,0,nan,0,nan,0
1597988268205161984,1597988268000001024,2020-08-21 13:37:48.000001,12900.0,12930.0,12795.0,12845.0,nan,12865.0,216296,13913240200.0,333951,12905.0,207,12900.0,212,nan,0,nan,0,nan,0,nan,0,nan,0,nan,0,nan,0,nan,0
1597988270203652096,1597988270000001024,2020-08-21 13:37:50.000001,12900.0,12930.0,12795.0,12845.0,nan,12865.0,216296,13913240200.0,333951,12905.0,207,12900.0,213,nan,0,nan,0,nan,0,nan,0,nan,0,nan,0,nan,0,nan,0
1597988270708129024,1597988271000000000,2020-08-21 13:37:51.000000,12900.0,12930.0,12795.0,12845.0,nan,12865.0,216296,13913240200.0,333951,12905.0,212,12900.0,219,nan,0,nan,0,nan,0,nan,0,nan,0,nan,0,nan,0,nan,0
1597988271204518912,1597988271000001024,2020-08-21 13:37:51.000001,12900.0,12930.0,12795.0,12845.0,nan,12865.0,216296,13913240200.0,333951,12905.0,214,12900.0,219,nan,0,nan,0,nan,0,nan,0,nan,0,nan,0,nan,0,nan,0
1597988272204236032,1597988272000001024,2020-08-21 13:37:52.000001,12900.0,12930.0,12795.0,12845.0,nan,12865.0,216296,13913240200.0,333951,12905.0,214,12900.0,220,nan,0,nan,0,nan,0,nan,0,nan,0,nan,0,nan,0,nan,0
1597988272720412928,1597988273000000000,2020-08-21 13:37:53.000000,12900.0,12930.0,12795.0,12845.0,nan,12865.0,216296,13913240200.0,333951,12905.0,218,12900.0,220,nan,0,nan,0,nan,0,nan,0,nan,0,nan,0,nan,0,nan,0
1597988273205980928,1597988273000001024,2020-08-21 13:37:53.000001,12900.0,12930.0,12795.0,12845.0,nan,12865.0,216296,13913240200.0,333951,12905.0,219,12900.0,220,nan,0,nan,0,nan,0,nan,0,nan,0,nan,0,nan,0,nan,0
1597988275212429056,1597988275000001024,2020-08-21 13:37:55.000001,12900.0,12930.0,12795.0,12845.0,nan,12865.0,216296,13913240200.0,333951,12905.0,219,12900.0,217,nan,0,nan,0,nan,0,nan,0,nan,0,nan,0,nan,0,nan,0
1597988275708408064,1597988276000000000,2020-08-21 13:37:56.000000,12905.0,12930.0,12795.0,12845.0,nan,12865.0,216299,13913433175.0,333951,12905.0,216,12900.0,205,nan,0,nan,0,nan,0,nan,0,nan,0,nan,0,nan,0,nan,0
1597988276212982016,1597988276000001024,2020-08-21 13:37:56.000001,12905.0,12930.0,12795.0,12845.0,nan,12865.0,216307,13913947775.0,333951,12905.0,213,12900.0,205,nan,0,nan,0,nan,0,nan,0,nan,0,nan,0,nan,0,nan,0
1597988276801831936,1597988277000000000,2020-08-21 13:37:57.000000,12900.0,12930.0,12795.0,12845.0,nan,12865.0,216308,13914012100.0,333952,12905.0,216,12900.0,195,nan,0,nan,0,nan,0,nan,0,nan,0,nan,0,nan,0,nan,0
1597988277254785024,1597988277000001024,2020-08-21 13:37:57.000001,12905.0,12930.0,12795.0,12845.0,nan,12865.0,216328,13915298600.0,333963,12905.0,197,12900.0,195,nan,0,nan,0,nan,0,nan,0,nan,0,nan,0,nan,0,nan,0
1597988277714492928,1597988278000000000,2020-08-21 13:37:58.000000,12905.0,12930.0,12795.0,12845.0,nan,12865.0,216333,13915620225.0,333964,12905.0,192,12900.0,195,nan,0,nan,0,nan,0,nan,0,nan,0,nan,0,nan,0,nan,0
1597988278213380096,1597988278000001024,2020-08-21 13:37:58.000001,12905.0,12930.0,12795.0,12845.0,nan,12865.0,216338,13915941850.0,333960,12905.0,187,12900.0,195,nan,0,nan,0,nan,0,nan,0,nan,0,nan,0,nan,0,nan,0
1597988278714720000,1597988279000000000,2020-08-21 13:37:59.000000,12905.0,12930.0,12795.0,12845.0,nan,12865.0,216339,13916006175.0,333960,12905.0,186,12900.0,199,nan,0,nan,0,nan,0,nan,0,nan,0,nan,0,nan,0,nan,0
1597988279211854080,1597988279000001024,2020-08-21 13:37:59.000001,12905.0,12930.0,12795.0,12845.0,nan,12865.0,216339,13916006175.0,333960,12905.0,186,12900.0,198,nan,0,nan,0,nan,0,nan,0,nan,0,nan,0,nan,0,nan,0
1597988279711160064,1597988280000000000,2020-08-21 13:38:00.000000,12905.0,12930.0,12795.0,12845.0,nan,12865.0,216339,13916006175.0,333960,12905.0,190,12900.0,200,nan,0,nan,0,nan,0,nan,0,nan,0,nan,0,nan,0,nan,0
1597988282210650880,1597988282000001024,2020-08-21 13:38:02.000001,12905.0,12930.0,12795.0,12845.0,nan,12865.0,216339,13916006175.0,333960,12905.0,195,12900.0,201,nan,0,nan,0,nan,0,nan,0,nan,0,nan,0,nan,0,nan,0
1597988282706001920,1597988283000000000,2020-08-21 13:38:03.000000,12905.0,12930.0,12795.0,12845.0,nan,12865.0,216339,13916006175.0,333960,12905.0,196,12900.0,202,nan,0,nan,0,nan,0,nan,0,nan,0,nan,0,nan,0,nan,0
1597988283710891008,1597988284000000000,2020-08-21 13:38:04.000000,12905.0,12930.0,12795.0,12845.0,nan,12865.0,216339,13916006175.0,333960,12905.0,196,12900.0,203,nan,0,nan,0,nan,0,nan,0,nan,0,nan,0,nan,0,nan,0
1597988284209542912,1597988284000001024,2020-08-21 13:38:04.000001,12905.0,12930.0,12795.0,12845.0,nan,12865.0,216339,13916006175.0,333960,12905.0,196,12900.0,204,nan,0,nan,0,nan,0,nan,0,nan,0,nan,0,nan,0,nan,0
1597988284710662912,1597988285000000000,2020-08-21 13:38:05.000000,12900.0,12930.0,12795.0,12845.0,nan,12865.0,216340,13916070500.0,333960,12905.0,196,12900.0,203,nan,0,nan,0,nan,0,nan,0,nan,0,nan,0,nan,0,nan,0
1597988285207911936,1597988285000001024,2020-08-21 13:38:05.000001,12900.0,12930.0,12795.0,12845.0,nan,12865.0,216341,13916134825.0,333960,12905.0,198,12900.0,202,nan,0,nan,0,nan,0,nan,0,nan,0,nan,0,nan,0,nan,0
1597988285708770048,1597988286000000000,2020-08-21 13:38:06.000000,12900.0,12930.0,12795.0,12845.0,nan,12865.0,216341,13916134825.0,333960,12905.0,199,12900.0,206,nan,0,nan,0,nan,0,nan,0,nan,0,nan,0,nan,0,nan,0
1597988287213935104,1597988287000001024,2020-08-21 13:38:07.000001,12905.0,12930.0,12795.0,12845.0,nan,12865.0,216342,13916199150.0,333960,12905.0,199,12900.0,217,nan,0,nan,0,nan,0,nan,0,nan,0,nan,0,nan,0,nan,0
1597988287714871040,1597988288000000000,2020-08-21 13:38:08.000000,12905.0,12930.0,12795.0,12845.0,nan,12865.0,216342,13916199150.0,333960,12905.0,199,12900.0,219,nan,0,nan,0,nan,0,nan,0,nan,0,nan,0,nan,0,nan,0
1597988288210982912,1597988288000001024,2020-08-21 13:38:08.000001,12905.0,12930.0,12795.0,12845.0,nan,12865.0,216342,13916199150.0,333960,12905.0,200,12900.0,230,nan,0,nan,0,nan,0,nan,0,nan,0,nan,0,nan,0,nan,0
1597988288716340992,1597988289000000000,2020-08-21 13:38:09.000000,12905.0,12930.0,12795.0,12845.0,nan,12865.0,216342,13916199150.0,333960,12905.0,200,12900.0,239,nan,0,nan,0,nan,0,nan,0,nan,0,nan,0,nan,0,nan,0
1597988289217196032,1597988289000001024,2020-08-21 13:38:09.000001,12905.0,12930.0,12795.0,12845.0,nan,12865.0,216343,13916263475.0,333960,12905.0,200,12900.0,239,nan,0,nan,0,nan,0,nan,0,nan,0,nan,0,nan,0,nan,0
1597988289796966912,1597988290000000000,2020-08-21 13:38:10.000000,12905.0,12930.0,12795.0,12845.0,nan,12865.0,216343,13916263475.0,333960,12905.0,215,12900.0,239,nan,0,nan,0,nan,0,nan,0,nan,0,nan,0,nan,0,nan,0
1597988290217978880,1597988290000001024,2020-08-21 13:38:10.000001,12905.0,12930.0,12795.0,12845.0,nan,12865.0,216343,13916263475.0,333960,12905.0,216,12900.0,239,nan,0,nan,0,nan,0,nan,0,nan,0,nan,0,nan,0,nan,0
1597988290713037056,1597988291000000000,2020-08-21 13:38:11.000000,12905.0,12930.0,12795.0,12845.0,nan,12865.0,216343,13916263475.0,333960,12905.0,224,12900.0,255,nan,0,nan,0,nan,0,nan,0,nan,0,nan,0,nan,0,nan,0
1597988291212036096,1597988291000001024,2020-08-21 13:38:11.000001,12905.0,12930.0,12795.0,12845.0,nan,12865.0,216343,13916263475.0,333960,12905.0,207,12900.0,259,nan,0,nan,0,nan,0,nan,0,nan,0,nan,0,nan,0,nan,0
1597988291716483072,1597988291000001792,2020-08-21 13:38:11.000002,12905.0,12930.0,12795.0,12845.0,nan,12865.0,216343,13916263475.0,333960,12905.0,207,12900.0,260,nan,0,nan,0,nan,0,nan,0,nan,0,nan,0,nan,0,nan,0
1597988293215472128,1597988293000001024,2020-08-21 13:38:13.000001,12905.0,12930.0,12795.0,12845.0,nan,12865.0,216344,13916327800.0,333960,12905.0,206,12900.0,260,nan,0,nan,0,nan,0,nan,0,nan,0,nan,0,nan,0,nan,0
1597988294214789120,1597988294000001024,2020-08-21 13:38:14.000001,12905.0,12930.0,12795.0,12845.0,nan,12865.0,216344,13916327800.0,333960,12905.0,207,12900.0,266,nan,0,nan,0,nan,0,nan,0,nan,0,nan,0,nan,0,nan,0
1597988295219239936,1597988295000001024,2020-08-21 13:38:15.000001,12905.0,12930.0,12795.0,12845.0,nan,12865.0,216346,13916456450.0,333962,12905.0,220,12900.0,266,nan,0,nan,0,nan,0,nan,0,nan,0,nan,0,nan,0,nan,0
1597988295721628928,1597988296000000000,2020-08-21 13:38:16.000000,12900.0,12930.0,12795.0,12845.0,nan,12865.0,216372,13918128900.0,333986,12905.0,220,12900.0,241,nan,0,nan,0,nan,0,nan,0,nan,0,nan,0,nan,0,nan,0
1597988296217198080,1597988296000001024,2020-08-21 13:38:16.000001,12905.0,12930.0,12795.0,12845.0,nan,12865.0,216374,13918257550.0,333988,12905.0,222,12900.0,243,nan,0,nan,0,nan,0,nan,0,nan,0,nan,0,nan,0,nan,0
1597988296726907904,1597988297000000000,2020-08-21 13:38:17.000000,12905.0,12930.0,12795.0,12845.0,nan,12865.0,216374,13918257550.0,333988,12905.0,210,12900.0,243,nan,0,nan,0,nan,0,nan,0,nan,0,nan,0,nan,0,nan,0
1597988297220017920,1597988297000001024,2020-08-21 13:38:17.000001,12905.0,12930.0,12795.0,12845.0,nan,12865.0,216374,13918257550.0,333988,12905.0,223,12900.0,244,nan,0,nan,0,nan,0,nan,0,nan,0,nan,0,nan,0,nan,0
1597988297718510080,1597988298000000000,2020-08-21 13:38:18.000000,12905.0,12930.0,12795.0,12845.0,nan,12865.0,216374,13918257550.0,333988,12905.0,223,12900.0,245,nan,0,nan,0,nan,0,nan,0,nan,0,nan,0,nan,0,nan,0
1597988298222692096,1597988298000001024,2020-08-21 13:38:18.000001,12905.0,12930.0,12795.0,12845.0,nan,12865.0,216374,13918257550.0,333988,12905.0,209,12900.0,245,nan,0,nan,0,nan,0,nan,0,nan,0,nan,0,nan,0,nan,0
1597988299219505920,1597988299000001024,2020-08-21 13:38:19.000001,12905.0,12930.0,12795.0,12845.0,nan,12865.0,216379,13918579175.0,333993,12905.0,204,12900.0,245,nan,0,nan,0,nan,0,nan,0,nan,0,nan,0,nan,0,nan,0
1597988299720226048,1597988300000000000,2020-08-21 13:38:20.000000,12905.0,12930.0,12795.0,12845.0,nan,12865.0,216379,13918579175.0,333993,12905.0,208,12900.0,249,nan,0,nan,0,nan,0,nan,0,nan,0,nan,0,nan,0,nan,0
1597988300751848960,1597988301000000000,2020-08-21 13:38:21.000000,12905.0,12930.0,12795.0,12845.0,nan,12865.0,216380,13918643500.0,333994,12905.0,207,12900.0,249,nan,0,nan,0,nan,0,nan,0,nan,0,nan,0,nan,0,nan,0
1597988301514582016,1597988301000001024,2020-08-21 13:38:21.000001,12905.0,12930.0,12795.0,12845.0,nan,12865.0,216381,13918707825.0,333995,12905.0,206,12900.0,249,nan,0,nan,0,nan,0,nan,0,nan,0,nan,0,nan,0,nan,0
1597988301904816128,1597988302000000000,2020-08-21 13:38:22.000000,12905.0,12930.0,12795.0,12845.0,nan,12865.0,216396,13919672700.0,334000,12905.0,191,12900.0,250,nan,0,nan,0,nan,0,nan,0,nan,0,nan,0,nan,0,nan,0
1597988302218606080,1597988302000001024,2020-08-21 13:38:22.000001,12900.0,12930.0,12795.0,12845.0,nan,12865.0,216398,13919801350.0,334000,12905.0,191,12900.0,248,nan,0,nan,0,nan,0,nan,0,nan,0,nan,0,nan,0,nan,0
1597988302713164032,1597988303000000000,2020-08-21 13:38:23.000000,12900.0,12930.0,12795.0,12845.0,nan,12865.0,216402,13920058650.0,334001,12905.0,189,12900.0,243,nan,0,nan,0,nan,0,nan,0,nan,0,nan,0,nan,0,nan,0
1597988303215180032,1597988303000001024,2020-08-21 13:38:23.000001,12905.0,12930.0,12795.0,12845.0,nan,12865.0,216410,13920573250.0,334001,12905.0,184,12900.0,238,nan,0,nan,0,nan,0,nan,0,nan,0,nan,0,nan,0,nan,0
1597988303843376896,1597988304000000000,2020-08-21 13:38:24.000000,12905.0,12930.0,12795.0,12845.0,nan,12865.0,216410,13920573250.0,334001,12905.0,184,12900.0,236,nan,0,nan,0,nan,0,nan,0,nan,0,nan,0,nan,0,nan,0
1597988304221329920,1597988304000001024,2020-08-21 13:38:24.000001,12905.0,12930.0,12795.0,12845.0,nan,12865.0,216412,13920701900.0,334002,12905.0,183,12900.0,233,nan,0,nan,0,nan,0,nan,0,nan,0,nan,0,nan,0,nan,0
1597988304716622080,1597988305000000000,2020-08-21 13:38:25.000000,12905.0,12930.0,12795.0,12845.0,nan,12865.0,216414,13920830550.0,334004,12905.0,181,12900.0,232,nan,0,nan,0,nan,0,nan,0,nan,0,nan,0,nan,0,nan,0
1597988305216764928,1597988305000001024,2020-08-21 13:38:25.000001,12905.0,12930.0,12795.0,12845.0,nan,12865.0,216416,13920959200.0,334006,12905.0,179,12900.0,230,nan,0,nan,0,nan,0,nan,0,nan,0,nan,0,nan,0,nan,0
1597988306219006976,1597988306000001024,2020-08-21 13:38:26.000001,12905.0,12930.0,12795.0,12845.0,nan,12865.0,216416,13920959200.0,334006,12905.0,180,12900.0,232,nan,0,nan,0,nan,0,nan,0,nan,0,nan,0,nan,0,nan,0
1597988306718004992,1597988307000000000,2020-08-21 13:38:27.000000,12905.0,12930.0,12795.0,12845.0,nan,12865.0,216416,13920959200.0,334006,12905.0,181,12900.0,229,nan,0,nan,0,nan,0,nan,0,nan,0,nan,0,nan,0,nan,0
1597988307220626944,1597988307000001024,2020-08-21 13:38:27.000001,12905.0,12930.0,12795.0,12845.0,nan,12865.0,216416,13920959200.0,334006,12905.0,182,12900.0,231,nan,0,nan,0,nan,0,nan,0,nan,0,nan,0,nan,0,nan,0
1597988307720538112,1597988308000000000,2020-08-21 13:38:28.000000,12905.0,12930.0,12795.0,12845.0,nan,12865.0,216416,13920959200.0,334006,12905.0,181,12900.0,231,nan,0,nan,0,nan,0,nan,0,nan,0,nan,0,nan,0,nan,0
1597988308223254016,1597988308000001024,2020-08-21 13:38:28.000001,12905.0,12930.0,12795.0,12845.0,nan,12865.0,216418,13921087850.0,334008,12905.0,179,12900.0,239,nan,0,nan,0,nan,0,nan,0,nan,0,nan,0,nan,0,nan,0
1597988308731770880,1597988309000000000,2020-08-21 13:38:29.000000,12905.0,12930.0,12795.0,12845.0,nan,12865.0,216439,13922438675.0,333987,12905.0,138,12900.0,239,nan,0,nan,0,nan,0,nan,0,nan,0,nan,0,nan,0,nan,0
1597988309219932928,1597988309000001024,2020-08-21 13:38:29.000001,12905.0,12930.0,12795.0,12845.0,nan,12865.0,216439,13922438675.0,333987,12905.0,138,12900.0,249,nan,0,nan,0,nan,0,nan,0,nan,0,nan,0,nan,0,nan,0
1597988309964975104,1597988310000000000,2020-08-21 13:38:30.000000,12905.0,12930.0,12795.0,12845.0,nan,12865.0,216450,13923146250.0,333987,12905.0,132,12900.0,245,nan,0,nan,0,nan,0,nan,0,nan,0,nan,0,nan,0,nan,0
1597988310244348928,1597988310000001024,2020-08-21 13:38:30.000001,12900.0,12930.0,12795.0,12845.0,nan,12865.0,216470,13924432750.0,334007,12905.0,132,12900.0,230,nan,0,nan,0,nan,0,nan,0,nan,0,nan,0,nan,0,nan,0
1597988310724240896,1597988311000000000,2020-08-21 13:38:31.000000,12900.0,12930.0,12795.0,12845.0,nan,12865.0,216470,13924432750.0,334007,12905.0,132,12900.0,229,nan,0,nan,0,nan,0,nan,0,nan,0,nan,0,nan,0,nan,0
1597988311230455040,1597988311000001024,2020-08-21 13:38:31.000001,12905.0,12930.0,12795.0,12845.0,nan,12865.0,216473,13924625725.0,334007,12905.0,129,12900.0,231,nan,0,nan,0,nan,0,nan,0,nan,0,nan,0,nan,0,nan,0
1597988311725027072,1597988312000000000,2020-08-21 13:38:32.000000,12900.0,12930.0,12795.0,12845.0,nan,12865.0,216475,13924754375.0,334009,12905.0,131,12900.0,251,nan,0,nan,0,nan,0,nan,0,nan,0,nan,0,nan,0,nan,0
1597988312222274048,1597988312000001024,2020-08-21 13:38:32.000001,12900.0,12930.0,12795.0,12845.0,nan,12865.0,216475,13924754375.0,334009,12905.0,131,12900.0,252,nan,0,nan,0,nan,0,nan,0,nan,0,nan,0,nan,0,nan,0
1597988312724268032,1597988313000000000,2020-08-21 13:38:33.000000,12905.0,12930.0,12795.0,12845.0,nan,12865.0,216477,13924883025.0,334007,12905.0,129,12900.0,252,nan,0,nan,0,nan,0,nan,0,nan,0,nan,0,nan,0,nan,0
1597988313724773888,1597988314000000000,2020-08-21 13:38:34.000000,12905.0,12930.0,12795.0,12845.0,nan,12865.0,216477,13924883025.0,334007,12905.0,130,12900.0,257,nan,0,nan,0,nan,0,nan,0,nan,0,nan,0,nan,0,nan,0
1597988314724787968,1597988315000000000,2020-08-21 13:38:35.000000,12900.0,12930.0,12795.0,12845.0,nan,12865.0,216482,13925204650.0,334010,12905.0,130,12900.0,253,nan,0,nan,0,nan,0,nan,0,nan,0,nan,0,nan,0,nan,0
1597988315229554944,1597988315000001024,2020-08-21 13:38:35.000001,12900.0,12930.0,12795.0,12845.0,nan,12865.0,216483,13925268975.0,334009,12905.0,130,12900.0,252,nan,0,nan,0,nan,0,nan,0,nan,0,nan,0,nan,0,nan,0
1597988316226196992,1597988316000001024,2020-08-21 13:38:36.000001,12900.0,12930.0,12795.0,12845.0,nan,12865.0,216483,13925268975.0,334009,12905.0,130,12900.0,253,nan,0,nan,0,nan,0,nan,0,nan,0,nan,0,nan,0,nan,0
1597988316728111104,1597988317000000000,2020-08-21 13:38:37.000000,12900.0,12930.0,12795.0,12845.0,nan,12865.0,216483,13925268975.0,334009,12905.0,130,12900.0,253,nan,0,nan,0,nan,0,nan,0,nan,0,nan,0,nan,0,nan,0
1597988317236261120,1597988317000001024,2020-08-21 13:38:37.000001,12905.0,12930.0,12795.0,12845.0,nan,12865.0,216484,13925333300.0,334009,12905.0,129,12900.0,253,nan,0,nan,0,nan,0,nan,0,nan,0,nan,0,nan,0,nan,0
1597988317728058112,1597988318000000000,2020-08-21 13:38:38.000000,12900.0,12930.0,12795.0,12845.0,nan,12865.0,216493,13925912225.0,334001,12905.0,125,12900.0,250,nan,0,nan,0,nan,0,nan,0,nan,0,nan,0,nan,0,nan,0
1597988318227872000,1597988318000001024,2020-08-21 13:38:38.000001,12900.0,12930.0,12795.0,12845.0,nan,12865.0,216493,13925912225.0,334001,12905.0,125,12900.0,251,nan,0,nan,0,nan,0,nan,0,nan,0,nan,0,nan,0,nan,0
1597988319232356096,1597988319000001024,2020-08-21 13:38:39.000001,12905.0,12930.0,12795.0,12845.0,nan,12865.0,216495,13926040875.0,333999,12905.0,123,12900.0,251,nan,0,nan,0,nan,0,nan,0,nan,0,nan,0,nan,0,nan,0
1597988319733876992,1597988320000000000,2020-08-21 13:38:40.000000,12905.0,12930.0,12795.0,12845.0,nan,12865.0,216495,13926040875.0,333999,12905.0,124,12900.0,251,nan,0,nan,0,nan,0,nan,0,nan,0,nan,0,nan,0,nan,0
1597988320230019072,1597988320000001024,2020-08-21 13:38:40.000001,12905.0,12930.0,12795.0,12845.0,nan,12865.0,216495,13926040875.0,333999,12905.0,125,12900.0,251,nan,0,nan,0,nan,0,nan,0,nan,0,nan,0,nan,0,nan,0
1597988320738068992,1597988321000000000,2020-08-21 13:38:41.000000,12900.0,12930.0,12795.0,12845.0,nan,12865.0,216500,13926362500.0,333997,12905.0,127,12900.0,257,nan,0,nan,0,nan,0,nan,0,nan,0,nan,0,nan,0,nan,0
1597988323220721920,1597988323000001024,2020-08-21 13:38:43.000001,12900.0,12930.0,12795.0,12845.0,nan,12865.0,216500,13926362500.0,333997,12905.0,129,12900.0,257,nan,0,nan,0,nan,0,nan,0,nan,0,nan,0,nan,0,nan,0
1597988323723921920,1597988324000000000,2020-08-21 13:38:44.000000,12900.0,12930.0,12795.0,12845.0,nan,12865.0,216500,13926362500.0,333997,12905.0,126,12900.0,257,nan,0,nan,0,nan,0,nan,0,nan,0,nan,0,nan,0,nan,0
1597988324229594112,1597988324000001024,2020-08-21 13:38:44.000001,12905.0,12930.0,12795.0,12845.0,nan,12865.0,216503,13926555475.0,333997,12905.0,123,12900.0,257,nan,0,nan,0,nan,0,nan,0,nan,0,nan,0,nan,0,nan,0
1597988325286637056,1597988325000001024,2020-08-21 13:38:45.000001,12905.0,12930.0,12795.0,12845.0,nan,12865.0,216504,13926619800.0,333997,12905.0,122,12900.0,257,nan,0,nan,0,nan,0,nan,0,nan,0,nan,0,nan,0,nan,0
1597988325765767936,1597988326000000000,2020-08-21 13:38:46.000000,12905.0,12930.0,12795.0,12845.0,nan,12865.0,216504,13926619800.0,333997,12905.0,122,12900.0,259,nan,0,nan,0,nan,0,nan,0,nan,0,nan,0,nan,0,nan,0
1597988329733073920,1597988330000000000,2020-08-21 13:38:50.000000,12905.0,12930.0,12795.0,12845.0,nan,12865.0,216504,13926619800.0,333997,12905.0,122,12900.0,263,nan,0,nan,0,nan,0,nan,0,nan,0,nan,0,nan,0,nan,0
1597988330232765952,1597988330000001024,2020-08-21 13:38:50.000001,12905.0,12930.0,12795.0,12845.0,nan,12865.0,216504,13926619800.0,333997,12905.0,122,12900.0,264,nan,0,nan,0,nan,0,nan,0,nan,0,nan,0,nan,0,nan,0
1597988331736587008,1597988332000000000,2020-08-21 13:38:52.000000,12905.0,12930.0,12795.0,12845.0,nan,12865.0,216505,13926684125.0,333997,12905.0,121,12900.0,264,nan,0,nan,0,nan,0,nan,0,nan,0,nan,0,nan,0,nan,0
1597988332241956096,1597988332000001024,2020-08-21 13:38:52.000001,12905.0,12930.0,12795.0,12845.0,nan,12865.0,216511,13927070075.0,334000,12905.0,115,12900.0,257,nan,0,nan,0,nan,0,nan,0,nan,0,nan,0,nan,0,nan,0
1597988332743567872,1597988333000000000,2020-08-21 13:38:53.000000,12905.0,12930.0,12795.0,12845.0,nan,12865.0,216520,13927649000.0,334004,12905.0,106,12900.0,249,nan,0,nan,0,nan,0,nan,0,nan,0,nan,0,nan,0,nan,0
1597988333263515904,1597988333000001024,2020-08-21 13:38:53.000001,12905.0,12930.0,12795.0,12845.0,nan,12865.0,216521,13927713325.0,334005,12905.0,108,12900.0,249,nan,0,nan,0,nan,0,nan,0,nan,0,nan,0,nan,0,nan,0
1597988333814192896,1597988334000000000,2020-08-21 13:38:54.000000,12905.0,12930.0,12795.0,12845.0,nan,12865.0,216522,13927777650.0,334006,12905.0,107,12900.0,251,nan,0,nan,0,nan,0,nan,0,nan,0,nan,0,nan,0,nan,0
1597988334248068096,1597988334000001024,2020-08-21 13:38:54.000001,12905.0,12930.0,12795.0,12845.0,nan,12865.0,216523,13927841975.0,334007,12905.0,108,12900.0,251,nan,0,nan,0,nan,0,nan,0,nan,0,nan,0,nan,0,nan,0
1597988334746102016,1597988335000000000,2020-08-21 13:38:55.000000,12900.0,12930.0,12795.0,12845.0,nan,12865.0,216623,13934274475.0,334066,12905.0,108,12900.0,251,nan,0,nan,0,nan,0,nan,0,nan,0,nan,0,nan,0,nan,0
1597988335238117888,1597988335000001024,2020-08-21 13:38:55.000001,12900.0,12930.0,12795.0,12845.0,nan,12865.0,216733,13941350225.0,334070,12905.0,100,12900.0,251,nan,0,nan,0,nan,0,nan,0,nan,0,nan,0,nan,0,nan,0
1597988335735290112,1597988336000000000,2020-08-21 13:38:56.000000,12900.0,12930.0,12795.0,12845.0,nan,12865.0,216833,13947782725.0,334126,12905.0,102,12900.0,254,nan,0,nan,0,nan,0,nan,0,nan,0,nan,0,nan,0,nan,0
1597988336234392064,1597988336000001024,2020-08-21 13:38:56.000001,12900.0,12930.0,12795.0,12845.0,nan,12865.0,216933,13954215225.0,334226,12905.0,180,12900.0,255,nan,0,nan,0,nan,0,nan,0,nan,0,nan,0,nan,0,nan,0
1597988336762831104,1597988337000000000,2020-08-21 13:38:57.000000,12900.0,12930.0,12795.0,12845.0,nan,12865.0,217051,13961805575.0,334316,12905.0,188,12900.0,203,nan,0,nan,0,nan,0,nan,0,nan,0,nan,0,nan,0,nan,0
1597988337256161024,1597988337000001024,2020-08-21 13:38:57.000001,12900.0,12930.0,12795.0,12845.0,nan,12865.0,217154,13968431050.0,334416,12905.0,188,12900.0,199,nan,0,nan,0,nan,0,nan,0,nan,0,nan,0,nan,0,nan,0
1597988337871121920,1597988338000000000,2020-08-21 13:38:58.000000,12900.0,12930.0,12795.0,12845.0,nan,12865.0,217254,13974863550.0,334516,12905.0,188,12900.0,199,nan,0,nan,0,nan,0,nan,0,nan,0,nan,0,nan,0,nan,0
1597988338235287040,1597988338000001024,2020-08-21 13:38:58.000001,12900.0,12930.0,12795.0,12845.0,nan,12865.0,217354,13981296050.0,334616,12905.0,196,12900.0,196,nan,0,nan,0,nan,0,nan,0,nan,0,nan,0,nan,0,nan,0
1597988338743873024,1597988339000000000,2020-08-21 13:38:59.000000,12900.0,12930.0,12795.0,12845.0,nan,12865.0,217467,13988564775.0,334694,12905.0,270,12900.0,84,nan,0,nan,0,nan,0,nan,0,nan,0,nan,0,nan,0,nan,0
1597988339345754880,1597988339000001024,2020-08-21 13:38:59.000001,12900.0,12930.0,12795.0,12845.0,nan,12865.0,217651,14000400575.0,334857,12900.0,165,12895.0,201,nan,0,nan,0,nan,0,nan,0,nan,0,nan,0,nan,0,nan,0
1597988339739874048,1597988340000000000,2020-08-21 13:39:00.000000,12900.0,12930.0,12795.0,12845.0,nan,12865.0,217654,14000593550.0,334857,12900.0,126,12895.0,174,nan,0,nan,0,nan,0,nan,0,nan,0,nan,0,nan,0,nan,0
1597988340241484032,1597988340000001024,2020-08-21 13:39:00.000001,12900.0,12930.0,12795.0,12845.0,nan,12865.0,217654,14000593550.0,334857,12900.0,128,12895.0,189,nan,0,nan,0,nan,0,nan,0,nan,0,nan,0,nan,0,nan,0
1597988340741765120,1597988341000000000,2020-08-21 13:39:01.000000,12895.0,12930.0,12795.0,12845.0,nan,12865.0,217656,14000722200.0,334857,12900.0,128,12895.0,188,nan,0,nan,0,nan,0,nan,0,nan,0,nan,0,nan,0,nan,0
1597988341246329088,1597988341000001024,2020-08-21 13:39:01.000001,12900.0,12930.0,12795.0,12845.0,nan,12865.0,217657,14000786525.0,334856,12900.0,127,12895.0,188,nan,0,nan,0,nan,0,nan,0,nan,0,nan,0,nan,0,nan,0
1597988342741479936,1597988343000000000,2020-08-21 13:39:03.000000,12900.0,12930.0,12795.0,12845.0,nan,12865.0,217657,14000786525.0,334856,12900.0,128,12895.0,188,nan,0,nan,0,nan,0,nan,0,nan,0,nan,0,nan,0,nan,0
1597988343245399040,1597988343000001024,2020-08-21 13:39:03.000001,12900.0,12930.0,12795.0,12845.0,nan,12865.0,217657,14000786525.0,334856,12900.0,132,12895.0,188,nan,0,nan,0,nan,0,nan,0,nan,0,nan,0,nan,0,nan,0
1597988343739950080,1597988344000000000,2020-08-21 13:39:04.000000,12900.0,12930.0,12795.0,12845.0,nan,12865.0,217658,14000850850.0,334856,12900.0,129,12895.0,188,nan,0,nan,0,nan,0,nan,0,nan,0,nan,0,nan,0,nan,0
1597988344239294976,1597988344000001024,2020-08-21 13:39:04.000001,12900.0,12930.0,12795.0,12845.0,nan,12865.0,217658,14000850850.0,334856,12900.0,131,12895.0,188,nan,0,nan,0,nan,0,nan,0,nan,0,nan,0,nan,0,nan,0
1597988344745740032,1597988345000000000,2020-08-21 13:39:05.000000,12900.0,12930.0,12795.0,12845.0,nan,12865.0,217658,14000850850.0,334856,12900.0,131,12895.0,189,nan,0,nan,0,nan,0,nan,0,nan,0,nan,0,nan,0,nan,0
1597988345291824896,1597988345000001024,2020-08-21 13:39:05.000001,12900.0,12930.0,12795.0,12845.0,nan,12865.0,217658,14000850850.0,334856,12900.0,132,12895.0,197,nan,0,nan,0,nan,0,nan,0,nan,0,nan,0,nan,0,nan,0
1597988345754685952,1597988346000000000,2020-08-21 13:39:06.000000,12900.0,12930.0,12795.0,12845.0,nan,12865.0,217658,14000850850.0,334856,12900.0,131,12895.0,206,nan,0,nan,0,nan,0,nan,0,nan,0,nan,0,nan,0,nan,0
1597988346252797952,1597988346000001024,2020-08-21 13:39:06.000001,12900.0,12930.0,12795.0,12845.0,nan,12865.0,217658,14000850850.0,334856,12900.0,131,12895.0,207,nan,0,nan,0,nan,0,nan,0,nan,0,nan,0,nan,0,nan,0
1597988346753655040,1597988347000000000,2020-08-21 13:39:07.000000,12900.0,12930.0,12795.0,12845.0,nan,12865.0,217659,14000915175.0,334856,12900.0,130,12895.0,208,nan,0,nan,0,nan,0,nan,0,nan,0,nan,0,nan,0,nan,0
1597988347453037056,1597988347000001024,2020-08-21 13:39:07.000001,12900.0,12930.0,12795.0,12845.0,nan,12865.0,217661,14001043825.0,334856,12900.0,137,12895.0,209,nan,0,nan,0,nan,0,nan,0,nan,0,nan,0,nan,0,nan,0
1597988347738682112,1597988348000000000,2020-08-21 13:39:08.000000,12900.0,12930.0,12795.0,12845.0,nan,12865.0,217683,14002458975.0,334851,12900.0,115,12895.0,209,nan,0,nan,0,nan,0,nan,0,nan,0,nan,0,nan,0,nan,0
1597988348239721984,1597988348000001024,2020-08-21 13:39:08.000001,12900.0,12930.0,12795.0,12845.0,nan,12865.0,217683,14002458975.0,334851,12900.0,115,12895.0,219,nan,0,nan,0,nan,0,nan,0,nan,0,nan,0,nan,0,nan,0
1597988348737211904,1597988349000000000,2020-08-21 13:39:09.000000,12900.0,12930.0,12795.0,12845.0,nan,12865.0,217683,14002458975.0,334851,12900.0,115,12895.0,221,nan,0,nan,0,nan,0,nan,0,nan,0,nan,0,nan,0,nan,0
1597988349267546880,1597988349000001024,2020-08-21 13:39:09.000001,12900.0,12930.0,12795.0,12845.0,nan,12865.0,217685,14002587625.0,334852,12900.0,114,12895.0,219,nan,0,nan,0,nan,0,nan,0,nan,0,nan,0,nan,0,nan,0
1597988349734610944,1597988350000000000,2020-08-21 13:39:10.000000,12895.0,12930.0,12795.0,12845.0,nan,12865.0,217687,14002716275.0,334853,12900.0,113,12895.0,219,nan,0,nan,0,nan,0,nan,0,nan,0,nan,0,nan,0,nan,0
1597988350245792000,1597988350000001024,2020-08-21 13:39:10.000001,12895.0,12930.0,12795.0,12845.0,nan,12865.0,217687,14002716275.0,334853,12900.0,113,12895.0,225,nan,0,nan,0,nan,0,nan,0,nan,0,nan,0,nan,0,nan,0
1597988350788623104,1597988351000000000,2020-08-21 13:39:11.000000,12900.0,12930.0,12795.0,12845.0,nan,12865.0,217688,14002780600.0,334854,12900.0,116,12895.0,225,nan,0,nan,0,nan,0,nan,0,nan,0,nan,0,nan,0,nan,0
1597988351242364928,1597988351000001024,2020-08-21 13:39:11.000001,12900.0,12930.0,12795.0,12845.0,nan,12865.0,217688,14002780600.0,334854,12900.0,116,12895.0,228,nan,0,nan,0,nan,0,nan,0,nan,0,nan,0,nan,0,nan,0
1597988352341876992,1597988352000001024,2020-08-21 13:39:12.000001,12895.0,12930.0,12795.0,12845.0,nan,12865.0,217690,14002909250.0,334854,12900.0,118,12895.0,226,nan,0,nan,0,nan,0,nan,0,nan,0,nan,0,nan,0,nan,0
1597988352786114048,1597988353000000000,2020-08-21 13:39:13.000000,12895.0,12930.0,12795.0,12845.0,nan,12865.0,217692,14003037900.0,334856,12900.0,117,12895.0,230,nan,0,nan,0,nan,0,nan,0,nan,0,nan,0,nan,0,nan,0
1597988353751324928,1597988354000000000,2020-08-21 13:39:14.000000,12900.0,12930.0,12795.0,12845.0,nan,12865.0,217694,14003166550.0,334858,12900.0,109,12895.0,230,nan,0,nan,0,nan,0,nan,0,nan,0,nan,0,nan,0,nan,0
1597988354238541056,1597988354000001024,2020-08-21 13:39:14.000001,12895.0,12930.0,12795.0,12845.0,nan,12865.0,217702,14003681150.0,334858,12900.0,109,12895.0,223,nan,0,nan,0,nan,0,nan,0,nan,0,nan,0,nan,0,nan,0
1597988354737335040,1597988355000000000,2020-08-21 13:39:15.000000,12895.0,12930.0,12795.0,12845.0,nan,12865.0,217702,14003681150.0,334858,12900.0,110,12895.0,227,nan,0,nan,0,nan,0,nan,0,nan,0,nan,0,nan,0,nan,0
1597988355241135104,1597988355000001024,2020-08-21 13:39:15.000001,12895.0,12930.0,12795.0,12845.0,nan,12865.0,217704,14003809800.0,334860,12900.0,111,12895.0,225,nan,0,nan,0,nan,0,nan,0,nan,0,nan,0,nan,0,nan,0
1597988355738158080,1597988356000000000,2020-08-21 13:39:16.000000,12895.0,12930.0,12795.0,12845.0,nan,12865.0,217704,14003809800.0,334860,12900.0,112,12895.0,225,nan,0,nan,0,nan,0,nan,0,nan,0,nan,0,nan,0,nan,0
1597988356739585024,1597988357000000000,2020-08-21 13:39:17.000000,12895.0,12930.0,12795.0,12845.0,nan,12865.0,217704,14003809800.0,334860,12900.0,113,12895.0,225,nan,0,nan,0,nan,0,nan,0,nan,0,nan,0,nan,0,nan,0
1597988357741338880,1597988358000000000,2020-08-21 13:39:18.000000,12900.0,12930.0,12795.0,12845.0,nan,12865.0,217708,14004067100.0,334860,12900.0,109,12895.0,225,nan,0,nan,0,nan,0,nan,0,nan,0,nan,0,nan,0,nan,0
1597988358740443904,1597988359000000000,2020-08-21 13:39:19.000000,12895.0,12930.0,12795.0,12845.0,nan,12865.0,217710,14004195750.0,334860,12900.0,109,12895.0,223,nan,0,nan,0,nan,0,nan,0,nan,0,nan,0,nan,0,nan,0
1597988359242246912,1597988359000001024,2020-08-21 13:39:19.000001,12900.0,12930.0,12795.0,12845.0,nan,12865.0,217711,14004260075.0,334861,12900.0,108,12895.0,224,nan,0,nan,0,nan,0,nan,0,nan,0,nan,0,nan,0,nan,0
1597988359740904960,1597988360000000000,2020-08-21 13:39:20.000000,12895.0,12930.0,12795.0,12845.0,nan,12865.0,217718,14004710350.0,334861,12900.0,108,12895.0,219,nan,0,nan,0,nan,0,nan,0,nan,0,nan,0,nan,0,nan,0
1597988360743578112,1597988361000000000,2020-08-21 13:39:21.000000,12900.0,12930.0,12795.0,12845.0,nan,12865.0,217721,14004903325.0,334864,12900.0,106,12895.0,216,nan,0,nan,0,nan,0,nan,0,nan,0,nan,0,nan,0,nan,0
1597988361242876928,1597988361000001024,2020-08-21 13:39:21.000001,12895.0,12930.0,12795.0,12845.0,nan,12865.0,217722,14004967650.0,334865,12900.0,106,12895.0,214,nan,0,nan,0,nan,0,nan,0,nan,0,nan,0,nan,0,nan,0
1597988361745101056,1597988362000000000,2020-08-21 13:39:22.000000,12895.0,12930.0,12795.0,12845.0,nan,12865.0,217722,14004967650.0,334865,12900.0,126,12895.0,214,nan,0,nan,0,nan,0,nan,0,nan,0,nan,0,nan,0,nan,0
1597988363247918080,1597988363000001024,2020-08-21 13:39:23.000001,12895.0,12930.0,12795.0,12845.0,nan,12865.0,217722,14004967650.0,334865,12900.0,127,12895.0,214,nan,0,nan,0,nan,0,nan,0,nan,0,nan,0,nan,0,nan,0
1597988364750105088,1597988365000000000,2020-08-21 13:39:25.000000,12895.0,12930.0,12795.0,12845.0,nan,12865.0,217732,14005610900.0,334866,12900.0,127,12895.0,196,nan,0,nan,0,nan,0,nan,0,nan,0,nan,0,nan,0,nan,0
1597988365745553920,1597988366000000000,2020-08-21 13:39:26.000000,12895.0,12930.0,12795.0,12845.0,nan,12865.0,217733,14005675225.0,334866,12900.0,128,12895.0,195,nan,0,nan,0,nan,0,nan,0,nan,0,nan,0,nan,0,nan,0
1597988366246688000,1597988366000001024,2020-08-21 13:39:26.000001,12895.0,12930.0,12795.0,12845.0,nan,12865.0,217735,14005803875.0,334866,12900.0,133,12895.0,193,nan,0,nan,0,nan,0,nan,0,nan,0,nan,0,nan,0,nan,0
1597988366757894912,1597988367000000000,2020-08-21 13:39:27.000000,12895.0,12930.0,12795.0,12845.0,nan,12865.0,217735,14005803875.0,334866,12900.0,138,12895.0,195,nan,0,nan,0,nan,0,nan,0,nan,0,nan,0,nan,0,nan,0
1597988367251612928,1597988367000001024,2020-08-21 13:39:27.000001,12895.0,12930.0,12795.0,12845.0,nan,12865.0,217743,14006318475.0,334866,12900.0,139,12895.0,187,nan,0,nan,0,nan,0,nan,0,nan,0,nan,0,nan,0,nan,0
1597988367747854080,1597988368000000000,2020-08-21 13:39:28.000000,12895.0,12930.0,12795.0,12845.0,nan,12865.0,217749,14006704425.0,334866,12900.0,139,12895.0,181,nan,0,nan,0,nan,0,nan,0,nan,0,nan,0,nan,0,nan,0
1597988368255966976,1597988368000001024,2020-08-21 13:39:28.000001,12895.0,12930.0,12795.0,12845.0,nan,12865.0,217749,14006704425.0,334866,12900.0,142,12895.0,181,nan,0,nan,0,nan,0,nan,0,nan,0,nan,0,nan,0,nan,0
1597988368747834880,1597988369000000000,2020-08-21 13:39:29.000000,12900.0,12930.0,12795.0,12845.0,nan,12865.0,217750,14006768750.0,334866,12900.0,141,12895.0,181,nan,0,nan,0,nan,0,nan,0,nan,0,nan,0,nan,0,nan,0
1597988369752670976,1597988370000000000,2020-08-21 13:39:30.000000,12895.0,12930.0,12795.0,12845.0,nan,12865.0,217751,14006833075.0,334866,12900.0,141,12895.0,180,nan,0,nan,0,nan,0,nan,0,nan,0,nan,0,nan,0,nan,0
1597988371253952000,1597988371000001024,2020-08-21 13:39:31.000001,12900.0,12930.0,12795.0,12845.0,nan,12865.0,217752,14006897400.0,334867,12900.0,140,12895.0,184,nan,0,nan,0,nan,0,nan,0,nan,0,nan,0,nan,0,nan,0
1597988371753526016,1597988372000000000,2020-08-21 13:39:32.000000,12900.0,12930.0,12795.0,12845.0,nan,12865.0,217752,14006897400.0,334867,12900.0,159,12895.0,184,nan,0,nan,0,nan,0,nan,0,nan,0,nan,0,nan,0,nan,0
1597988372250176000,1597988372000001024,2020-08-21 13:39:32.000001,12900.0,12930.0,12795.0,12845.0,nan,12865.0,217752,14006897400.0,334867,12900.0,164,12895.0,184,nan,0,nan,0,nan,0,nan,0,nan,0,nan,0,nan,0,nan,0
1597988372763272960,1597988373000000000,2020-08-21 13:39:33.000000,12900.0,12930.0,12795.0,12845.0,nan,12865.0,217753,14006961725.0,334868,12900.0,161,12895.0,184,nan,0,nan,0,nan,0,nan,0,nan,0,nan,0,nan,0,nan,0
1597988373250113024,1597988373000001024,2020-08-21 13:39:33.000001,12900.0,12930.0,12795.0,12845.0,nan,12865.0,217754,14007026050.0,334869,12900.0,161,12895.0,184,nan,0,nan,0,nan,0,nan,0,nan,0,nan,0,nan,0,nan,0
1597988373757320960,1597988374000000000,2020-08-21 13:39:34.000000,12900.0,12930.0,12795.0,12845.0,nan,12865.0,217754,14007026050.0,334869,12900.0,160,12895.0,184,nan,0,nan,0,nan,0,nan,0,nan,0,nan,0,nan,0,nan,0
1597988374256468992,1597988374000001024,2020-08-21 13:39:34.000001,12900.0,12930.0,12795.0,12845.0,nan,12865.0,217754,14007026050.0,334869,12900.0,170,12895.0,184,nan,0,nan,0,nan,0,nan,0,nan,0,nan,0,nan,0,nan,0
1597988375252290048,1597988375000001024,2020-08-21 13:39:35.000001,12900.0,12930.0,12795.0,12845.0,nan,12865.0,217754,14007026050.0,334869,12900.0,170,12895.0,185,nan,0,nan,0,nan,0,nan,0,nan,0,nan,0,nan,0,nan,0
1597988376253426944,1597988376000001024,2020-08-21 13:39:36.000001,12895.0,12930.0,12795.0,12845.0,nan,12865.0,217755,14007090375.0,334869,12900.0,172,12895.0,184,nan,0,nan,0,nan,0,nan,0,nan,0,nan,0,nan,0,nan,0
1597988376759643904,1597988377000000000,2020-08-21 13:39:37.000000,12895.0,12930.0,12795.0,12845.0,nan,12865.0,217755,14007090375.0,334869,12900.0,173,12895.0,184,nan,0,nan,0,nan,0,nan,0,nan,0,nan,0,nan,0,nan,0
1597988377258368000,1597988377000001024,2020-08-21 13:39:37.000001,12895.0,12930.0,12795.0,12845.0,nan,12865.0,217756,14007154700.0,334870,12900.0,173,12895.0,185,nan,0,nan,0,nan,0,nan,0,nan,0,nan,0,nan,0,nan,0
1597988377760092928,1597988378000000000,2020-08-21 13:39:38.000000,12895.0,12930.0,12795.0,12845.0,nan,12865.0,217764,14007669300.0,334878,12900.0,173,12895.0,177,nan,0,nan,0,nan,0,nan,0,nan,0,nan,0,nan,0,nan,0
1597988379249358080,1597988379000001024,2020-08-21 13:39:39.000001,12895.0,12930.0,12795.0,12845.0,nan,12865.0,217834,14012172050.0,334840,12900.0,191,12895.0,108,nan,0,nan,0,nan,0,nan,0,nan,0,nan,0,nan,0,nan,0
1597988379746944000,1597988380000000000,2020-08-21 13:39:40.000000,12895.0,12930.0,12795.0,12845.0,nan,12865.0,217834,14012172050.0,334840,12900.0,196,12895.0,98,nan,0,nan,0,nan,0,nan,0,nan,0,nan,0,nan,0,nan,0
1597988380251680000,1597988380000001024,2020-08-21 13:39:40.000001,12895.0,12930.0,12795.0,12845.0,nan,12865.0,217835,14012236375.0,334839,12900.0,196,12895.0,97,nan,0,nan,0,nan,0,nan,0,nan,0,nan,0,nan,0,nan,0
1597988380754064896,1597988381000000000,2020-08-21 13:39:41.000000,12900.0,12930.0,12795.0,12845.0,nan,12865.0,217837,14012365025.0,334838,12900.0,198,12895.0,113,nan,0,nan,0,nan,0,nan,0,nan,0,nan,0,nan,0,nan,0
1597988381249900032,1597988381000001024,2020-08-21 13:39:41.000001,12900.0,12930.0,12795.0,12845.0,nan,12865.0,217837,14012365025.0,334838,12900.0,201,12895.0,123,nan,0,nan,0,nan,0,nan,0,nan,0,nan,0,nan,0,nan,0
1597988382250437120,1597988382000001024,2020-08-21 13:39:42.000001,12895.0,12930.0,12795.0,12845.0,nan,12865.0,217847,14013008275.0,334835,12900.0,203,12895.0,130,nan,0,nan,0,nan,0,nan,0,nan,0,nan,0,nan,0,nan,0
1597988382752698112,1597988383000000000,2020-08-21 13:39:43.000000,12895.0,12930.0,12795.0,12845.0,nan,12865.0,217847,14013008275.0,334835,12900.0,208,12895.0,150,nan,0,nan,0,nan,0,nan,0,nan,0,nan,0,nan,0,nan,0
1597988383253484032,1597988383000001024,2020-08-21 13:39:43.000001,12895.0,12930.0,12795.0,12845.0,nan,12865.0,217847,14013008275.0,334835,12900.0,208,12895.0,158,nan,0,nan,0,nan,0,nan,0,nan,0,nan,0,nan,0,nan,0
1597988383751792128,1597988384000000000,2020-08-21 13:39:44.000000,12895.0,12930.0,12795.0,12845.0,nan,12865.0,217847,14013008275.0,334835,12900.0,208,12895.0,170,nan,0,nan,0,nan,0,nan,0,nan,0,nan,0,nan,0,nan,0
1597988384751539968,1597988385000000000,2020-08-21 13:39:45.000000,12895.0,12930.0,12795.0,12845.0,nan,12865.0,217887,14015581275.0,334827,12900.0,206,12895.0,132,nan,0,nan,0,nan,0,nan,0,nan,0,nan,0,nan,0,nan,0
1597988385256132096,1597988385000001024,2020-08-21 13:39:45.000001,12895.0,12930.0,12795.0,12845.0,nan,12865.0,217887,14015581275.0,334827,12900.0,206,12895.0,147,nan,0,nan,0,nan,0,nan,0,nan,0,nan,0,nan,0,nan,0
1597988385752404992,1597988386000000000,2020-08-21 13:39:46.000000,12895.0,12930.0,12795.0,12845.0,nan,12865.0,217887,14015581275.0,334827,12900.0,190,12895.0,147,nan,0,nan,0,nan,0,nan,0,nan,0,nan,0,nan,0,nan,0
1597988386253869056,1597988386000001024,2020-08-21 13:39:46.000001,12895.0,12930.0,12795.0,12845.0,nan,12865.0,217889,14015709925.0,334826,12900.0,190,12895.0,145,nan,0,nan,0,nan,0,nan,0,nan,0,nan,0,nan,0,nan,0
1597988387252883968,1597988387000001024,2020-08-21 13:39:47.000001,12895.0,12930.0,12795.0,12845.0,nan,12865.0,217889,14015709925.0,334826,12900.0,191,12895.0,145,nan,0,nan,0,nan,0,nan,0,nan,0,nan,0,nan,0,nan,0
1597988387752445952,1597988388000000000,2020-08-21 13:39:48.000000,12895.0,12930.0,12795.0,12845.0,nan,12865.0,217889,14015709925.0,334826,12900.0,189,12895.0,145,nan,0,nan,0,nan,0,nan,0,nan,0,nan,0,nan,0,nan,0
1597988388757529088,1597988389000000000,2020-08-21 13:39:49.000000,12900.0,12930.0,12795.0,12845.0,nan,12865.0,217890,14015774250.0,334827,12900.0,188,12895.0,144,nan,0,nan,0,nan,0,nan,0,nan,0,nan,0,nan,0,nan,0
1597988389257393920,1597988389000001024,2020-08-21 13:39:49.000001,12900.0,12930.0,12795.0,12845.0,nan,12865.0,217892,14015902900.0,334829,12900.0,187,12895.0,137,nan,0,nan,0,nan,0,nan,0,nan,0,nan,0,nan,0,nan,0
1597988389752997888,1597988390000000000,2020-08-21 13:39:50.000000,12900.0,12930.0,12795.0,12845.0,nan,12865.0,217901,14016481825.0,334838,12900.0,178,12895.0,129,nan,0,nan,0,nan,0,nan,0,nan,0,nan,0,nan,0,nan,0
1597988390253166080,1597988390000001024,2020-08-21 13:39:50.000001,12895.0,12930.0,12795.0,12845.0,nan,12865.0,217907,14016867775.0,334842,12900.0,173,12895.0,128,nan,0,nan,0,nan,0,nan,0,nan,0,nan,0,nan,0,nan,0
1597988390761057024,1597988391000000000,2020-08-21 13:39:51.000000,12895.0,12930.0,12795.0,12845.0,nan,12865.0,217909,14016996425.0,334840,12900.0,173,12895.0,127,nan,0,nan,0,nan,0,nan,0,nan,0,nan,0,nan,0,nan,0
1597988391255876096,1597988391000001024,2020-08-21 13:39:51.000001,12895.0,12930.0,12795.0,12845.0,nan,12865.0,217909,14016996425.0,334840,12900.0,175,12895.0,126,nan,0,nan,0,nan,0,nan,0,nan,0,nan,0,nan,0,nan,0
1597988391759031040,1597988392000000000,2020-08-21 13:39:52.000000,12895.0,12930.0,12795.0,12845.0,nan,12865.0,217910,14017060750.0,334840,12900.0,185,12895.0,125,nan,0,nan,0,nan,0,nan,0,nan,0,nan,0,nan,0,nan,0
1597988392260994048,1597988392000001024,2020-08-21 13:39:52.000001,12895.0,12930.0,12795.0,12845.0,nan,12865.0,217910,14017060750.0,334840,12900.0,201,12895.0,146,nan,0,nan,0,nan,0,nan,0,nan,0,nan,0,nan,0,nan,0
1597988392757441024,1597988393000000000,2020-08-21 13:39:53.000000,12895.0,12930.0,12795.0,12845.0,nan,12865.0,217911,14017125075.0,334839,12900.0,207,12895.0,145,nan,0,nan,0,nan,0,nan,0,nan,0,nan,0,nan,0,nan,0
1597988393256956928,1597988393000001024,2020-08-21 13:39:53.000001,12895.0,12930.0,12795.0,12845.0,nan,12865.0,217912,14017189400.0,334838,12900.0,209,12895.0,145,nan,0,nan,0,nan,0,nan,0,nan,0,nan,0,nan,0,nan,0
1597988393757900032,1597988394000000000,2020-08-21 13:39:54.000000,12895.0,12930.0,12795.0,12845.0,nan,12865.0,217914,14017318050.0,334836,12900.0,209,12895.0,146,nan,0,nan,0,nan,0,nan,0,nan,0,nan,0,nan,0,nan,0
1597988394258195968,1597988394000001024,2020-08-21 13:39:54.000001,12895.0,12930.0,12795.0,12845.0,nan,12865.0,217914,14017318050.0,334836,12900.0,212,12895.0,144,nan,0,nan,0,nan,0,nan,0,nan,0,nan,0,nan,0,nan,0
1597988394764175104,1597988395000000000,2020-08-21 13:39:55.000000,12900.0,12930.0,12795.0,12845.0,nan,12865.0,217932,14018475900.0,334853,12900.0,200,12895.0,120,nan,0,nan,0,nan,0,nan,0,nan,0,nan,0,nan,0,nan,0
1597988395259836928,1597988395000001024,2020-08-21 13:39:55.000001,12900.0,12930.0,12795.0,12845.0,nan,12865.0,217939,14018926175.0,334858,12900.0,196,12895.0,127,nan,0,nan,0,nan,0,nan,0,nan,0,nan,0,nan,0,nan,0
1597988395760144896,1597988396000000000,2020-08-21 13:39:56.000000,12895.0,12930.0,12795.0,12845.0,nan,12865.0,217940,14018990500.0,334857,12900.0,196,12895.0,126,nan,0,nan,0,nan,0,nan,0,nan,0,nan,0,nan,0,nan,0
1597988396263446016,1597988396000001024,2020-08-21 13:39:56.000001,12895.0,12930.0,12795.0,12845.0,nan,12865.0,217941,14019054825.0,334856,12900.0,197,12895.0,113,nan,0,nan,0,nan,0,nan,0,nan,0,nan,0,nan,0,nan,0
1597988396766893056,1597988397000000000,2020-08-21 13:39:57.000000,12900.0,12930.0,12795.0,12845.0,nan,12865.0,217950,14019633750.0,334865,12900.0,193,12895.0,116,nan,0,nan,0,nan,0,nan,0,nan,0,nan,0,nan,0,nan,0
1597988397261281024,1597988397000001024,2020-08-21 13:39:57.000001,12900.0,12930.0,12795.0,12845.0,nan,12865.0,217954,14019891050.0,334869,12900.0,188,12895.0,119,nan,0,nan,0,nan,0,nan,0,nan,0,nan,0,nan,0,nan,0
1597988397764967936,1597988398000000000,2020-08-21 13:39:58.000000,12900.0,12930.0,12795.0,12845.0,nan,12865.0,217954,14019891050.0,334869,12900.0,188,12895.0,123,nan,0,nan,0,nan,0,nan,0,nan,0,nan,0,nan,0,nan,0
1597988398268082944,1597988398000001024,2020-08-21 13:39:58.000001,12900.0,12930.0,12795.0,12845.0,nan,12865.0,217956,14020019700.0,334871,12900.0,191,12895.0,109,nan,0,nan,0,nan,0,nan,0,nan,0,nan,0,nan,0,nan,0
1597988398761701120,1597988399000000000,2020-08-21 13:39:59.000000,12900.0,12930.0,12795.0,12845.0,nan,12865.0,217965,14020598625.0,334880,12900.0,182,12895.0,109,nan,0,nan,0,nan,0,nan,0,nan,0,nan,0,nan,0,nan,0
1597988399262413056,1597988399000001024,2020-08-21 13:39:59.000001,12895.0,12930.0,12795.0,12845.0,nan,12865.0,217976,14021306200.0,334883,12900.0,181,12895.0,99,nan,0,nan,0,nan,0,nan,0,nan,0,nan,0,nan,0,nan,0
1597988399762514944,1597988400000000000,2020-08-21 13:40:00.000000,12895.0,12930.0,12795.0,12845.0,nan,12865.0,217976,14021306200.0,334883,12900.0,186,12895.0,91,nan,0,nan,0,nan,0,nan,0,nan,0,nan,0,nan,0,nan,0
1597988400265950976,1597988400000001024,2020-08-21 13:40:00.000001,12900.0,12930.0,12795.0,12845.0,nan,12865.0,217977,14021370525.0,334884,12900.0,185,12895.0,93,nan,0,nan,0,nan,0,nan,0,nan,0,nan,0,nan,0,nan,0
1597988400765042944,1597988401000000000,2020-08-21 13:40:01.000000,12900.0,12930.0,12795.0,12845.0,nan,12865.0,217977,14021370525.0,334884,12900.0,187,12895.0,94,nan,0,nan,0,nan,0,nan,0,nan,0,nan,0,nan,0,nan,0
1597988401768445952,1597988402000000000,2020-08-21 13:40:02.000000,12900.0,12930.0,12795.0,12845.0,nan,12865.0,217979,14021499175.0,334884,12900.0,186,12895.0,107,nan,0,nan,0,nan,0,nan,0,nan,0,nan,0,nan,0,nan,0
1597988402269638912,1597988402000001024,2020-08-21 13:40:02.000001,12900.0,12930.0,12795.0,12845.0,nan,12865.0,217982,14021692150.0,334884,12900.0,177,12895.0,116,nan,0,nan,0,nan,0,nan,0,nan,0,nan,0,nan,0,nan,0
1597988402767019008,1597988403000000000,2020-08-21 13:40:03.000000,12900.0,12930.0,12795.0,12845.0,nan,12865.0,217983,14021756475.0,334885,12900.0,176,12895.0,162,nan,0,nan,0,nan,0,nan,0,nan,0,nan,0,nan,0,nan,0
1597988403270144000,1597988403000001024,2020-08-21 13:40:03.000001,12900.0,12930.0,12795.0,12845.0,nan,12865.0,217983,14021756475.0,334885,12900.0,183,12895.0,162,nan,0,nan,0,nan,0,nan,0,nan,0,nan,0,nan,0,nan,0
1597988403761191936,1597988404000000000,2020-08-21 13:40:04.000000,12895.0,12930.0,12795.0,12845.0,nan,12865.0,217984,14021820800.0,334885,12900.0,183,12895.0,158,nan,0,nan,0,nan,0,nan,0,nan,0,nan,0,nan,0,nan,0
1597988404258776064,1597988404000001024,2020-08-21 13:40:04.000001,12895.0,12930.0,12795.0,12845.0,nan,12865.0,217984,14021820800.0,334885,12900.0,175,12895.0,188,nan,0,nan,0,nan,0,nan,0,nan,0,nan,0,nan,0,nan,0
1597988405262626048,1597988405000001024,2020-08-21 13:40:05.000001,12900.0,12930.0,12795.0,12845.0,nan,12865.0,217985,14021885125.0,334886,12900.0,174,12895.0,191,nan,0,nan,0,nan,0,nan,0,nan,0,nan,0,nan,0,nan,0
1597988405759179008,1597988406000000000,2020-08-21 13:40:06.000000,12900.0,12930.0,12795.0,12845.0,nan,12865.0,217985,14021885125.0,334886,12900.0,217,12895.0,194,nan,0,nan,0,nan,0,nan,0,nan,0,nan,0,nan,0,nan,0
1597988406261945088,1597988406000001024,2020-08-21 13:40:06.000001,12900.0,12930.0,12795.0,12845.0,nan,12865.0,217995,14022528375.0,334877,12900.0,212,12895.0,190,nan,0,nan,0,nan,0,nan,0,nan,0,nan,0,nan,0,nan,0
1597988406767546880,1597988407000000000,2020-08-21 13:40:07.000000,12895.0,12930.0,12795.0,12845.0,nan,12865.0,217996,14022592700.0,334876,12900.0,213,12895.0,189,nan,0,nan,0,nan,0,nan,0,nan,0,nan,0,nan,0,nan,0
1597988407307386112,1597988407000001024,2020-08-21 13:40:07.000001,12900.0,12930.0,12795.0,12845.0,nan,12865.0,217997,14022657025.0,334876,12900.0,212,12895.0,189,nan,0,nan,0,nan,0,nan,0,nan,0,nan,0,nan,0,nan,0
1597988407765722112,1597988408000000000,2020-08-21 13:40:08.000000,12900.0,12930.0,12795.0,12845.0,nan,12865.0,217997,14022657025.0,334876,12900.0,213,12895.0,190,nan,0,nan,0,nan,0,nan,0,nan,0,nan,0,nan,0,nan,0
1597988408266057984,1597988408000001024,2020-08-21 13:40:08.000001,12900.0,12930.0,12795.0,12845.0,nan,12865.0,217997,14022657025.0,334876,12900.0,212,12895.0,190,nan,0,nan,0,nan,0,nan,0,nan,0,nan,0,nan,0,nan,0
1597988408809271040,1597988409000000000,2020-08-21 13:40:09.000000,12900.0,12930.0,12795.0,12845.0,nan,12865.0,217998,14022721350.0,334876,12900.0,211,12895.0,190,nan,0,nan,0,nan,0,nan,0,nan,0,nan,0,nan,0,nan,0
1597988409260990976,1597988409000001024,2020-08-21 13:40:09.000001,12900.0,12930.0,12795.0,12845.0,nan,12865.0,217998,14022721350.0,334876,12900.0,214,12895.0,191,nan,0,nan,0,nan,0,nan,0,nan,0,nan,0,nan,0,nan,0
1597988410763767040,1597988411000000000,2020-08-21 13:40:11.000000,12900.0,12930.0,12795.0,12845.0,nan,12865.0,217998,14022721350.0,334876,12900.0,216,12895.0,191,nan,0,nan,0,nan,0,nan,0,nan,0,nan,0,nan,0,nan,0
1597988411267588096,1597988411000001024,2020-08-21 13:40:11.000001,12900.0,12930.0,12795.0,12845.0,nan,12865.0,217998,14022721350.0,334876,12900.0,216,12895.0,193,nan,0,nan,0,nan,0,nan,0,nan,0,nan,0,nan,0,nan,0
1597988411770170880,1597988412000000000,2020-08-21 13:40:12.000000,12900.0,12930.0,12795.0,12845.0,nan,12865.0,218000,14022850000.0,334874,12900.0,214,12895.0,196,nan,0,nan,0,nan,0,nan,0,nan,0,nan,0,nan,0,nan,0
1597988412266892032,1597988412000001024,2020-08-21 13:40:12.000001,12900.0,12930.0,12795.0,12845.0,nan,12865.0,218001,14022914325.0,334874,12900.0,213,12895.0,196,nan,0,nan,0,nan,0,nan,0,nan,0,nan,0,nan,0,nan,0
1597988412771517952,1597988413000000000,2020-08-21 13:40:13.000000,12900.0,12930.0,12795.0,12845.0,nan,12865.0,218001,14022914325.0,334874,12900.0,218,12895.0,196,nan,0,nan,0,nan,0,nan,0,nan,0,nan,0,nan,0,nan,0
1597988413765225984,1597988414000000000,2020-08-21 13:40:14.000000,12895.0,12930.0,12795.0,12845.0,nan,12865.0,218003,14023042975.0,334873,12900.0,217,12895.0,195,nan,0,nan,0,nan,0,nan,0,nan,0,nan,0,nan,0,nan,0
1597988414266500096,1597988414000001024,2020-08-21 13:40:14.000001,12900.0,12930.0,12795.0,12845.0,nan,12865.0,218004,14023107300.0,334873,12900.0,219,12895.0,195,nan,0,nan,0,nan,0,nan,0,nan,0,nan,0,nan,0,nan,0
1597988414776423936,1597988415000000000,2020-08-21 13:40:15.000000,12900.0,12930.0,12795.0,12845.0,nan,12865.0,218009,14023428925.0,334873,12900.0,214,12895.0,195,nan,0,nan,0,nan,0,nan,0,nan,0,nan,0,nan,0,nan,0
1597988415270193920,1597988415000001024,2020-08-21 13:40:15.000001,12900.0,12930.0,12795.0,12845.0,nan,12865.0,218009,14023428925.0,334873,12900.0,214,12895.0,196,nan,0,nan,0,nan,0,nan,0,nan,0,nan,0,nan,0,nan,0
1597988416768728064,1597988417000000000,2020-08-21 13:40:17.000000,12895.0,12930.0,12795.0,12845.0,nan,12865.0,218010,14023493250.0,334872,12900.0,214,12895.0,195,nan,0,nan,0,nan,0,nan,0,nan,0,nan,0,nan,0,nan,0
1597988417269529088,1597988417000001024,2020-08-21 13:40:17.000001,12895.0,12930.0,12795.0,12845.0,nan,12865.0,218010,14023493250.0,334872,12900.0,214,12895.0,198,nan,0,nan,0,nan,0,nan,0,nan,0,nan,0,nan,0,nan,0
1597988417772870912,1597988418000000000,2020-08-21 13:40:18.000000,12895.0,12930.0,12795.0,12845.0,nan,12865.0,218011,14023557575.0,334872,12900.0,215,12895.0,197,nan,0,nan,0,nan,0,nan,0,nan,0,nan,0,nan,0,nan,0
1597988418270487040,1597988418000001024,2020-08-21 13:40:18.000001,12895.0,12930.0,12795.0,12845.0,nan,12865.0,218011,14023557575.0,334872,12900.0,227,12895.0,197,nan,0,nan,0,nan,0,nan,0,nan,0,nan,0,nan,0,nan,0
1597988418777408000,1597988419000000000,2020-08-21 13:40:19.000000,12895.0,12930.0,12795.0,12845.0,nan,12865.0,218011,14023557575.0,334872,12900.0,255,12895.0,170,nan,0,nan,0,nan,0,nan,0,nan,0,nan,0,nan,0,nan,0
1597988419274554112,1597988419000001024,2020-08-21 13:40:19.000001,12895.0,12930.0,12795.0,12845.0,nan,12865.0,218091,14028703575.0,334867,12900.0,239,12895.0,40,nan,0,nan,0,nan,0,nan,0,nan,0,nan,0,nan,0,nan,0
1597988419774544896,1597988420000000000,2020-08-21 13:40:20.000000,12895.0,12930.0,12795.0,12845.0,nan,12865.0,218178,14034299850.0,334858,12895.0,36,12890.0,203,nan,0,nan,0,nan,0,nan,0,nan,0,nan,0,nan,0,nan,0
1597988420271847936,1597988420000001024,2020-08-21 13:40:20.000001,12895.0,12930.0,12795.0,12845.0,nan,12865.0,218209,14036293925.0,334843,12895.0,65,12890.0,213,nan,0,nan,0,nan,0,nan,0,nan,0,nan,0,nan,0,nan,0
1597988420767277056,1597988421000000000,2020-08-21 13:40:21.000000,12890.0,12930.0,12795.0,12845.0,nan,12865.0,218215,14036679875.0,334839,12895.0,62,12890.0,207,nan,0,nan,0,nan,0,nan,0,nan,0,nan,0,nan,0,nan,0
1597988421267963904,1597988421000001024,2020-08-21 13:40:21.000001,12890.0,12930.0,12795.0,12845.0,nan,12865.0,218286,14041246950.0,334829,12895.0,77,12890.0,148,nan,0,nan,0,nan,0,nan,0,nan,0,nan,0,nan,0,nan,0
1597988421765913088,1597988422000000000,2020-08-21 13:40:22.000000,12895.0,12930.0,12795.0,12845.0,nan,12865.0,218306,14042533450.0,334821,12895.0,110,12890.0,143,nan,0,nan,0,nan,0,nan,0,nan,0,nan,0,nan,0,nan,0
1597988422266984960,1597988422000001024,2020-08-21 13:40:22.000001,12890.0,12930.0,12795.0,12845.0,nan,12865.0,218312,14042919400.0,334820,12895.0,106,12890.0,150,nan,0,nan,0,nan,0,nan,0,nan,0,nan,0,nan,0,nan,0
1597988422768552960,1597988423000000000,2020-08-21 13:40:23.000000,12895.0,12930.0,12795.0,12845.0,nan,12865.0,218318,14043305350.0,334814,12895.0,100,12890.0,150,nan,0,nan,0,nan,0,nan,0,nan,0,nan,0,nan,0,nan,0
1597988423273285120,1597988423000001024,2020-08-21 13:40:23.000001,12895.0,12930.0,12795.0,12845.0,nan,12865.0,218318,14043305350.0,334814,12895.0,99,12890.0,179,nan,0,nan,0,nan,0,nan,0,nan,0,nan,0,nan,0,nan,0
1597988423774066944,1597988424000000000,2020-08-21 13:40:24.000000,12890.0,12930.0,12795.0,12845.0,nan,12865.0,218319,14043369675.0,334815,12895.0,99,12890.0,178,nan,0,nan,0,nan,0,nan,0,nan,0,nan,0,nan,0,nan,0
1597988424277710080,1597988424000001024,2020-08-21 13:40:24.000001,12890.0,12930.0,12795.0,12845.0,nan,12865.0,218319,14043369675.0,334815,12895.0,100,12890.0,179,nan,0,nan,0,nan,0,nan,0,nan,0,nan,0,nan,0,nan,0
1597988424769387008,1597988425000000000,2020-08-21 13:40:25.000000,12890.0,12930.0,12795.0,12845.0,nan,12865.0,218320,14043434000.0,334815,12895.0,100,12890.0,179,nan,0,nan,0,nan,0,nan,0,nan,0,nan,0,nan,0,nan,0
1597988425273259008,1597988425000001024,2020-08-21 13:40:25.000001,12890.0,12930.0,12795.0,12845.0,nan,12865.0,218322,14043562650.0,334815,12895.0,99,12890.0,178,nan,0,nan,0,nan,0,nan,0,nan,0,nan,0,nan,0,nan,0
1597988425774184960,1597988426000000000,2020-08-21 13:40:26.000000,12890.0,12930.0,12795.0,12845.0,nan,12865.0,218325,14043755625.0,334814,12895.0,99,12890.0,176,nan,0,nan,0,nan,0,nan,0,nan,0,nan,0,nan,0,nan,0
1597988426282447872,1597988426000001024,2020-08-21 13:40:26.000001,12890.0,12930.0,12795.0,12845.0,nan,12865.0,218325,14043755625.0,334814,12895.0,99,12890.0,177,nan,0,nan,0,nan,0,nan,0,nan,0,nan,0,nan,0,nan,0
1597988426836416000,1597988427000000000,2020-08-21 13:40:27.000000,12890.0,12930.0,12795.0,12845.0,nan,12865.0,218331,14044141575.0,334809,12895.0,95,12890.0,171,nan,0,nan,0,nan,0,nan,0,nan,0,nan,0,nan,0,nan,0
1597988427271717888,1597988427000001024,2020-08-21 13:40:27.000001,12895.0,12930.0,12795.0,12845.0,nan,12865.0,218332,14044205900.0,334808,12895.0,96,12890.0,171,nan,0,nan,0,nan,0,nan,0,nan,0,nan,0,nan,0,nan,0
1597988427779710976,1597988428000000000,2020-08-21 13:40:28.000000,12895.0,12930.0,12795.0,12845.0,nan,12865.0,218332,14044205900.0,334808,12895.0,96,12890.0,177,nan,0,nan,0,nan,0,nan,0,nan,0,nan,0,nan,0,nan,0
1597988429277630976,1597988429000001024,2020-08-21 13:40:29.000001,12890.0,12930.0,12795.0,12845.0,nan,12865.0,218340,14044720500.0,334806,12895.0,99,12890.0,169,nan,0,nan,0,nan,0,nan,0,nan,0,nan,0,nan,0,nan,0
1597988429782125056,1597988430000000000,2020-08-21 13:40:30.000000,12890.0,12930.0,12795.0,12845.0,nan,12865.0,218340,14044720500.0,334806,12895.0,101,12890.0,169,nan,0,nan,0,nan,0,nan,0,nan,0,nan,0,nan,0,nan,0
1597988430295245056,1597988430000001024,2020-08-21 13:40:30.000001,12890.0,12930.0,12795.0,12845.0,nan,12865.0,218340,14044720500.0,334806,12895.0,101,12890.0,170,nan,0,nan,0,nan,0,nan,0,nan,0,nan,0,nan,0,nan,0
1597988430779406080,1597988431000000000,2020-08-21 13:40:31.000000,12895.0,12930.0,12795.0,12845.0,nan,12865.0,218341,14044784825.0,334806,12895.0,98,12890.0,170,nan,0,nan,0,nan,0,nan,0,nan,0,nan,0,nan,0,nan,0
1597988431288425984,1597988431000001024,2020-08-21 13:40:31.000001,12895.0,12930.0,12795.0,12845.0,nan,12865.0,218341,14044784825.0,334806,12895.0,99,12890.0,170,nan,0,nan,0,nan,0,nan,0,nan,0,nan,0,nan,0,nan,0
1597988431783377920,1597988432000000000,2020-08-21 13:40:32.000000,12890.0,12930.0,12795.0,12845.0,nan,12865.0,218342,14044849150.0,334806,12895.0,101,12890.0,169,nan,0,nan,0,nan,0,nan,0,nan,0,nan,0,nan,0,nan,0
1597988432275837952,1597988432000001024,2020-08-21 13:40:32.000001,12890.0,12930.0,12795.0,12845.0,nan,12865.0,218342,14044849150.0,334806,12895.0,103,12890.0,169,nan,0,nan,0,nan,0,nan,0,nan,0,nan,0,nan,0,nan,0
1597988432781763072,1597988433000000000,2020-08-21 13:40:33.000000,12895.0,12930.0,12795.0,12845.0,nan,12865.0,218343,14044913475.0,334806,12895.0,102,12890.0,169,nan,0,nan,0,nan,0,nan,0,nan,0,nan,0,nan,0,nan,0
1597988433279309056,1597988433000001024,2020-08-21 13:40:33.000001,12890.0,12930.0,12795.0,12845.0,nan,12865.0,218344,14044977800.0,334807,12895.0,121,12890.0,168,nan,0,nan,0,nan,0,nan,0,nan,0,nan,0,nan,0,nan,0
1597988433832593920,1597988434000000000,2020-08-21 13:40:34.000000,12890.0,12930.0,12795.0,12845.0,nan,12865.0,218355,14045685375.0,334798,12895.0,111,12890.0,178,nan,0,nan,0,nan,0,nan,0,nan,0,nan,0,nan,0,nan,0
1597988434782932992,1597988435000000000,2020-08-21 13:40:35.000000,12890.0,12930.0,12795.0,12845.0,nan,12865.0,218358,14045878350.0,334801,12895.0,111,12890.0,176,nan,0,nan,0,nan,0,nan,0,nan,0,nan,0,nan,0,nan,0
1597988435278009088,1597988435000001024,2020-08-21 13:40:35.000001,12890.0,12930.0,12795.0,12845.0,nan,12865.0,218359,14045942675.0,334801,12895.0,111,12890.0,177,nan,0,nan,0,nan,0,nan,0,nan,0,nan,0,nan,0,nan,0
1597988436281604096,1597988436000001024,2020-08-21 13:40:36.000001,12890.0,12930.0,12795.0,12845.0,nan,12865.0,218362,14046135650.0,334800,12895.0,111,12890.0,174,nan,0,nan,0,nan,0,nan,0,nan,0,nan,0,nan,0,nan,0
1597988436780436992,1597988437000000000,2020-08-21 13:40:37.000000,12890.0,12930.0,12795.0,12845.0,nan,12865.0,218362,14046135650.0,334800,12895.0,111,12890.0,177,nan,0,nan,0,nan,0,nan,0,nan,0,nan,0,nan,0,nan,0
1597988437300304896,1597988437000001024,2020-08-21 13:40:37.000001,12895.0,12930.0,12795.0,12845.0,nan,12865.0,218368,14046521600.0,334794,12895.0,106,12890.0,173,nan,0,nan,0,nan,0,nan,0,nan,0,nan,0,nan,0,nan,0
1597988437778542080,1597988438000000000,2020-08-21 13:40:38.000000,12895.0,12930.0,12795.0,12845.0,nan,12865.0,218368,14046521600.0,334794,12895.0,72,12890.0,174,nan,0,nan,0,nan,0,nan,0,nan,0,nan,0,nan,0,nan,0
1597988438285946112,1597988438000001024,2020-08-21 13:40:38.000001,12895.0,12930.0,12795.0,12845.0,nan,12865.0,218439,14051088675.0,334766,12900.0,222,12895.0,49,nan,0,nan,0,nan,0,nan,0,nan,0,nan,0,nan,0,nan,0
1597988438779760896,1597988439000000000,2020-08-21 13:40:39.000000,12895.0,12930.0,12795.0,12845.0,nan,12865.0,218461,14052503825.0,334744,12900.0,204,12895.0,53,nan,0,nan,0,nan,0,nan,0,nan,0,nan,0,nan,0,nan,0
1597988439280728064,1597988439000001024,2020-08-21 13:40:39.000001,12895.0,12930.0,12795.0,12845.0,nan,12865.0,218475,14053404375.0,334732,12900.0,204,12895.0,62,nan,0,nan,0,nan,0,nan,0,nan,0,nan,0,nan,0,nan,0
1597988439781071104,1597988440000000000,2020-08-21 13:40:40.000000,12895.0,12930.0,12795.0,12845.0,nan,12865.0,218475,14053404375.0,334732,12900.0,205,12895.0,62,nan,0,nan,0,nan,0,nan,0,nan,0,nan,0,nan,0,nan,0
1597988440282989056,1597988440000001024,2020-08-21 13:40:40.000001,12895.0,12930.0,12795.0,12845.0,nan,12865.0,218475,14053404375.0,334732,12900.0,213,12895.0,63,nan,0,nan,0,nan,0,nan,0,nan,0,nan,0,nan,0,nan,0
1597988441286226944,1597988441000001024,2020-08-21 13:40:41.000001,12895.0,12930.0,12795.0,12845.0,nan,12865.0,218543,14057778475.0,334670,12895.0,27,12890.0,279,nan,0,nan,0,nan,0,nan,0,nan,0,nan,0,nan,0,nan,0
1597988441772361984,1597988442000000000,2020-08-21 13:40:42.000000,12895.0,12930.0,12795.0,12845.0,nan,12865.0,218551,14058293075.0,334670,12895.0,78,12890.0,243,nan,0,nan,0,nan,0,nan,0,nan,0,nan,0,nan,0,nan,0
1597988442297330944,1597988442000001024,2020-08-21 13:40:42.000001,12895.0,12930.0,12795.0,12845.0,nan,12865.0,218551,14058293075.0,334670,12895.0,86,12890.0,247,nan,0,nan,0,nan,0,nan,0,nan,0,nan,0,nan,0,nan,0
1597988442773475072,1597988443000000000,2020-08-21 13:40:43.000000,12895.0,12930.0,12795.0,12845.0,nan,12865.0,218551,14058293075.0,334670,12895.0,91,12890.0,258,nan,0,nan,0,nan,0,nan,0,nan,0,nan,0,nan,0,nan,0
1597988443278796032,1597988443000001024,2020-08-21 13:40:43.000001,12895.0,12930.0,12795.0,12845.0,nan,12865.0,218552,14058357400.0,334670,12895.0,91,12890.0,258,nan,0,nan,0,nan,0,nan,0,nan,0,nan,0,nan,0,nan,0
1597988443778147072,1597988444000000000,2020-08-21 13:40:44.000000,12890.0,12930.0,12795.0,12845.0,nan,12865.0,218553,14058421725.0,334671,12895.0,93,12890.0,257,nan,0,nan,0,nan,0,nan,0,nan,0,nan,0,nan,0,nan,0
1597988444310644992,1597988444000001024,2020-08-21 13:40:44.000001,12890.0,12930.0,12795.0,12845.0,nan,12865.0,218555,14058550375.0,334671,12895.0,105,12890.0,255,nan,0,nan,0,nan,0,nan,0,nan,0,nan,0,nan,0,nan,0
1597988444780631040,1597988445000000000,2020-08-21 13:40:45.000000,12895.0,12930.0,12795.0,12845.0,nan,12865.0,218560,14058872000.0,334666,12895.0,108,12890.0,255,nan,0,nan,0,nan,0,nan,0,nan,0,nan,0,nan,0,nan,0
1597988445278628096,1597988445000001024,2020-08-21 13:40:45.000001,12895.0,12930.0,12795.0,12845.0,nan,12865.0,218560,14058872000.0,334666,12895.0,110,12890.0,258,nan,0,nan,0,nan,0,nan,0,nan,0,nan,0,nan,0,nan,0
1597988446274391040,1597988446000001024,2020-08-21 13:40:46.000001,12895.0,12930.0,12795.0,12845.0,nan,12865.0,218560,14058872000.0,334666,12895.0,110,12890.0,261,nan,0,nan,0,nan,0,nan,0,nan,0,nan,0,nan,0,nan,0
1597988446781730048,1597988447000000000,2020-08-21 13:40:47.000000,12895.0,12930.0,12795.0,12845.0,nan,12865.0,218561,14058936325.0,334666,12895.0,109,12890.0,261,nan,0,nan,0,nan,0,nan,0,nan,0,nan,0,nan,0,nan,0
1597988447331824128,1597988447000001024,2020-08-21 13:40:47.000001,12895.0,12930.0,12795.0,12845.0,nan,12865.0,218561,14058936325.0,334666,12895.0,110,12890.0,264,nan,0,nan,0,nan,0,nan,0,nan,0,nan,0,nan,0,nan,0
1597988447779901952,1597988448000000000,2020-08-21 13:40:48.000000,12895.0,12930.0,12795.0,12845.0,nan,12865.0,218561,14058936325.0,334666,12895.0,112,12890.0,274,nan,0,nan,0,nan,0,nan,0,nan,0,nan,0,nan,0,nan,0
1597988448280199936,1597988448000001024,2020-08-21 13:40:48.000001,12895.0,12930.0,12795.0,12845.0,nan,12865.0,218561,14058936325.0,334666,12895.0,113,12890.0,274,nan,0,nan,0,nan,0,nan,0,nan,0,nan,0,nan,0,nan,0
1597988448787922944,1597988449000000000,2020-08-21 13:40:49.000000,12895.0,12930.0,12795.0,12845.0,nan,12865.0,218562,14059000650.0,334666,12895.0,112,12890.0,274,nan,0,nan,0,nan,0,nan,0,nan,0,nan,0,nan,0,nan,0
1597988449283065088,1597988449000001024,2020-08-21 13:40:49.000001,12895.0,12930.0,12795.0,12845.0,nan,12865.0,218562,14059000650.0,334666,12895.0,119,12890.0,274,nan,0,nan,0,nan,0,nan,0,nan,0,nan,0,nan,0,nan,0
1597988449792030976,1597988450000000000,2020-08-21 13:40:50.000000,12890.0,12930.0,12795.0,12845.0,nan,12865.0,218564,14059129300.0,334665,12895.0,120,12890.0,275,nan,0,nan,0,nan,0,nan,0,nan,0,nan,0,nan,0,nan,0
1597988450286960128,1597988450000001024,2020-08-21 13:40:50.000001,12895.0,12930.0,12795.0,12845.0,nan,12865.0,218565,14059193625.0,334665,12895.0,119,12890.0,285,nan,0,nan,0,nan,0,nan,0,nan,0,nan,0,nan,0,nan,0
1597988450784475904,1597988451000000000,2020-08-21 13:40:51.000000,12895.0,12930.0,12795.0,12845.0,nan,12865.0,218566,14059257950.0,334665,12895.0,118,12890.0,285,nan,0,nan,0,nan,0,nan,0,nan,0,nan,0,nan,0,nan,0
1597988451287791104,1597988451000001024,2020-08-21 13:40:51.000001,12895.0,12930.0,12795.0,12845.0,nan,12865.0,218566,14059257950.0,334665,12895.0,119,12890.0,287,nan,0,nan,0,nan,0,nan,0,nan,0,nan,0,nan,0,nan,0
1597988451789486080,1597988452000000000,2020-08-21 13:40:52.000000,12895.0,12930.0,12795.0,12845.0,nan,12865.0,218568,14059386600.0,334664,12895.0,118,12890.0,287,nan,0,nan,0,nan,0,nan,0,nan,0,nan,0,nan,0,nan,0
1597988452287088128,1597988452000001024,2020-08-21 13:40:52.000001,12890.0,12930.0,12795.0,12845.0,nan,12865.0,218569,14059450925.0,334663,12895.0,119,12890.0,287,nan,0,nan,0,nan,0,nan,0,nan,0,nan,0,nan,0,nan,0
1597988452785430016,1597988453000000000,2020-08-21 13:40:53.000000,12890.0,12930.0,12795.0,12845.0,nan,12865.0,218730,14069807250.0,334547,12895.0,119,12890.0,299,nan,0,nan,0,nan,0,nan,0,nan,0,nan,0,nan,0,nan,0
1597988453275784960,1597988453000001024,2020-08-21 13:40:53.000001,12895.0,12930.0,12795.0,12845.0,nan,12865.0,218731,14069871575.0,334547,12895.0,119,12890.0,302,nan,0,nan,0,nan,0,nan,0,nan,0,nan,0,nan,0,nan,0
1597988453777683968,1597988454000000000,2020-08-21 13:40:54.000000,12890.0,12930.0,12795.0,12845.0,nan,12865.0,218733,14070000225.0,334547,12895.0,118,12890.0,300,nan,0,nan,0,nan,0,nan,0,nan,0,nan,0,nan,0,nan,0
1597988454282397952,1597988454000001024,2020-08-21 13:40:54.000001,12890.0,12930.0,12795.0,12845.0,nan,12865.0,218733,14070000225.0,334547,12895.0,120,12890.0,302,nan,0,nan,0,nan,0,nan,0,nan,0,nan,0,nan,0,nan,0
1597988454779446016,1597988455000000000,2020-08-21 13:40:55.000000,12895.0,12930.0,12795.0,12845.0,nan,12865.0,218734,14070064550.0,334547,12895.0,119,12890.0,302,nan,0,nan,0,nan,0,nan,0,nan,0,nan,0,nan,0,nan,0
1597988455278405120,1597988455000001024,2020-08-21 13:40:55.000001,12895.0,12930.0,12795.0,12845.0,nan,12865.0,218735,14070128875.0,334547,12895.0,120,12890.0,302,nan,0,nan,0,nan,0,nan,0,nan,0,nan,0,nan,0,nan,0
1597988455780125952,1597988456000000000,2020-08-21 13:40:56.000000,12895.0,12930.0,12795.0,12845.0,nan,12865.0,218737,14070257525.0,334548,12895.0,118,12890.0,301,nan,0,nan,0,nan,0,nan,0,nan,0,nan,0,nan,0,nan,0
1597988456284928000,1597988456000001024,2020-08-21 13:40:56.000001,12890.0,12930.0,12795.0,12845.0,nan,12865.0,218739,14070386175.0,334546,12895.0,118,12890.0,299,nan,0,nan,0,nan,0,nan,0,nan,0,nan,0,nan,0,nan,0
1597988456788901120,1597988457000000000,2020-08-21 13:40:57.000000,12895.0,12930.0,12795.0,12845.0,nan,12865.0,218740,14070450500.0,334547,12895.0,117,12890.0,317,nan,0,nan,0,nan,0,nan,0,nan,0,nan,0,nan,0,nan,0
1597988457281057024,1597988457000001024,2020-08-21 13:40:57.000001,12895.0,12930.0,12795.0,12845.0,nan,12865.0,218742,14070579150.0,334549,12895.0,124,12890.0,318,nan,0,nan,0,nan,0,nan,0,nan,0,nan,0,nan,0,nan,0
1597988457784707072,1597988458000000000,2020-08-21 13:40:58.000000,12895.0,12930.0,12795.0,12845.0,nan,12865.0,218746,14070836450.0,334553,12895.0,120,12890.0,318,nan,0,nan,0,nan,0,nan,0,nan,0,nan,0,nan,0,nan,0
1597988458286195968,1597988458000001024,2020-08-21 13:40:58.000001,12890.0,12930.0,12795.0,12845.0,nan,12865.0,218751,14071158075.0,334552,12895.0,118,12890.0,316,nan,0,nan,0,nan,0,nan,0,nan,0,nan,0,nan,0,nan,0
1597988459283025920,1597988459000000000,2020-08-21 13:40:59.000000,12895.0,12930.0,12795.0,12845.0,nan,12865.0,218761,14071801325.0,334554,12895.0,107,12890.0,316,nan,0,nan,0,nan,0,nan,0,nan,0,nan,0,nan,0,nan,0
1597988459781946112,1597988460000000000,2020-08-21 13:41:00.000000,12895.0,12930.0,12795.0,12845.0,nan,12865.0,218763,14071929975.0,334554,12895.0,83,12890.0,317,nan,0,nan,0,nan,0,nan,0,nan,0,nan,0,nan,0,nan,0
1597988460785739008,1597988461000000000,2020-08-21 13:41:01.000000,12890.0,12930.0,12795.0,12845.0,nan,12865.0,218765,14072058625.0,334552,12895.0,83,12890.0,315,nan,0,nan,0,nan,0,nan,0,nan,0,nan,0,nan,0,nan,0
1597988461382320896,1597988461000001024,2020-08-21 13:41:01.000001,12890.0,12930.0,12795.0,12845.0,nan,12865.0,218776,14072766200.0,334547,12895.0,83,12890.0,294,nan,0,nan,0,nan,0,nan,0,nan,0,nan,0,nan,0,nan,0
1597988461793338880,1597988462000000000,2020-08-21 13:41:02.000000,12895.0,12930.0,12795.0,12845.0,nan,12865.0,218780,14073023500.0,334545,12895.0,88,12890.0,288,nan,0,nan,0,nan,0,nan,0,nan,0,nan,0,nan,0,nan,0
1597988462294576128,1597988462000001024,2020-08-21 13:41:02.000001,12895.0,12930.0,12795.0,12845.0,nan,12865.0,218780,14073023500.0,334545,12895.0,90,12890.0,289,nan,0,nan,0,nan,0,nan,0,nan,0,nan,0,nan,0,nan,0
1597988462794145024,1597988463000000000,2020-08-21 13:41:03.000000,12895.0,12930.0,12795.0,12845.0,nan,12865.0,218787,14073473775.0,334550,12895.0,83,12890.0,289,nan,0,nan,0,nan,0,nan,0,nan,0,nan,0,nan,0,nan,0
1597988463292016128,1597988463000001024,2020-08-21 13:41:03.000001,12890.0,12930.0,12795.0,12845.0,nan,12865.0,218789,14073602425.0,334548,12895.0,76,12890.0,287,nan,0,nan,0,nan,0,nan,0,nan,0,nan,0,nan,0,nan,0
1597988463796486912,1597988464000000000,2020-08-21 13:41:04.000000,12890.0,12930.0,12795.0,12845.0,nan,12865.0,218790,14073666750.0,334548,12895.0,76,12890.0,286,nan,0,nan,0,nan,0,nan,0,nan,0,nan,0,nan,0,nan,0
1597988464287799040,1597988464000001024,2020-08-21 13:41:04.000001,12895.0,12930.0,12795.0,12845.0,nan,12865.0,218791,14073731075.0,334548,12895.0,76,12890.0,286,nan,0,nan,0,nan,0,nan,0,nan,0,nan,0,nan,0,nan,0
1597988464792615936,1597988465000000000,2020-08-21 13:41:05.000000,12895.0,12930.0,12795.0,12845.0,nan,12865.0,218791,14073731075.0,334548,12895.0,76,12890.0,287,nan,0,nan,0,nan,0,nan,0,nan,0,nan,0,nan,0,nan,0
1597988465286891008,1597988465000001024,2020-08-21 13:41:05.000001,12895.0,12930.0,12795.0,12845.0,nan,12865.0,218791,14073731075.0,334548,12895.0,82,12890.0,287,nan,0,nan,0,nan,0,nan,0,nan,0,nan,0,nan,0,nan,0
1597988465792322048,1597988466000000000,2020-08-21 13:41:06.000000,12895.0,12930.0,12795.0,12845.0,nan,12865.0,218820,14075596500.0,334527,12895.0,54,12890.0,288,nan,0,nan,0,nan,0,nan,0,nan,0,nan,0,nan,0,nan,0
1597988466789068032,1597988467000000000,2020-08-21 13:41:07.000000,12895.0,12930.0,12795.0,12845.0,nan,12865.0,218821,14075660825.0,334527,12895.0,53,12890.0,288,nan,0,nan,0,nan,0,nan,0,nan,0,nan,0,nan,0,nan,0
1597988467291862016,1597988467000001024,2020-08-21 13:41:07.000001,12895.0,12930.0,12795.0,12845.0,nan,12865.0,218821,14075660825.0,334527,12895.0,54,12890.0,288,nan,0,nan,0,nan,0,nan,0,nan,0,nan,0,nan,0,nan,0
1597988467790172928,1597988468000000000,2020-08-21 13:41:08.000000,12895.0,12930.0,12795.0,12845.0,nan,12865.0,218821,14075660825.0,334527,12895.0,54,12890.0,308,nan,0,nan,0,nan,0,nan,0,nan,0,nan,0,nan,0,nan,0
1597988468290309888,1597988468000001024,2020-08-21 13:41:08.000001,12895.0,12930.0,12795.0,12845.0,nan,12865.0,218821,14075660825.0,334527,12895.0,55,12890.0,308,nan,0,nan,0,nan,0,nan,0,nan,0,nan,0,nan,0,nan,0
1597988468797025024,1597988469000000000,2020-08-21 13:41:09.000000,12895.0,12930.0,12795.0,12845.0,nan,12865.0,218823,14075789475.0,334527,12895.0,55,12890.0,308,nan,0,nan,0,nan,0,nan,0,nan,0,nan,0,nan,0,nan,0
1597988469291373056,1597988469000001024,2020-08-21 13:41:09.000001,12895.0,12930.0,12795.0,12845.0,nan,12865.0,218823,14075789475.0,334527,12895.0,56,12890.0,311,nan,0,nan,0,nan,0,nan,0,nan,0,nan,0,nan,0,nan,0
1597988469795851008,1597988470000000000,2020-08-21 13:41:10.000000,12895.0,12930.0,12795.0,12845.0,nan,12865.0,218823,14075789475.0,334527,12895.0,57,12890.0,311,nan,0,nan,0,nan,0,nan,0,nan,0,nan,0,nan,0,nan,0
1597988470292602880,1597988470000001024,2020-08-21 13:41:10.000001,12890.0,12930.0,12795.0,12845.0,nan,12865.0,218925,14082350625.0,334482,12895.0,108,12890.0,316,nan,0,nan,0,nan,0,nan,0,nan,0,nan,0,nan,0,nan,0
1597988470792218880,1597988471000000000,2020-08-21 13:41:11.000000,12890.0,12930.0,12795.0,12845.0,nan,12865.0,218925,14082350625.0,334482,12895.0,153,12890.0,294,nan,0,nan,0,nan,0,nan,0,nan,0,nan,0,nan,0,nan,0
1597988471298246912,1597988471000001024,2020-08-21 13:41:11.000001,12890.0,12930.0,12795.0,12845.0,nan,12865.0,218935,14082993875.0,334476,12895.0,158,12890.0,295,nan,0,nan,0,nan,0,nan,0,nan,0,nan,0,nan,0,nan,0
1597988471795986944,1597988472000000000,2020-08-21 13:41:12.000000,12895.0,12930.0,12795.0,12845.0,nan,12865.0,218936,14083058200.0,334476,12895.0,158,12890.0,295,nan,0,nan,0,nan,0,nan,0,nan,0,nan,0,nan,0,nan,0
1597988472299211008,1597988472000001024,2020-08-21 13:41:12.000001,12895.0,12930.0,12795.0,12845.0,nan,12865.0,218936,14083058200.0,334476,12895.0,158,12890.0,297,nan,0,nan,0,nan,0,nan,0,nan,0,nan,0,nan,0,nan,0
1597988472799697920,1597988473000000000,2020-08-21 13:41:13.000000,12890.0,12930.0,12795.0,12845.0,nan,12865.0,218948,14083830100.0,334471,12895.0,158,12890.0,286,nan,0,nan,0,nan,0,nan,0,nan,0,nan,0,nan,0,nan,0
1597988473792472064,1597988474000000000,2020-08-21 13:41:14.000000,12890.0,12930.0,12795.0,12845.0,nan,12865.0,218951,14084023075.0,334473,12895.0,156,12890.0,284,nan,0,nan,0,nan,0,nan,0,nan,0,nan,0,nan,0,nan,0
1597988474290992128,1597988474000001024,2020-08-21 13:41:14.000001,12890.0,12930.0,12795.0,12845.0,nan,12865.0,218952,14084087400.0,334474,12895.0,156,12890.0,284,nan,0,nan,0,nan,0,nan,0,nan,0,nan,0,nan,0,nan,0
1597988475302479104,1597988475000001024,2020-08-21 13:41:15.000001,12890.0,12930.0,12795.0,12845.0,nan,12865.0,218955,14084280375.0,334473,12895.0,155,12890.0,282,nan,0,nan,0,nan,0,nan,0,nan,0,nan,0,nan,0,nan,0
1597988475788325120,1597988476000000000,2020-08-21 13:41:16.000000,12895.0,12930.0,12795.0,12845.0,nan,12865.0,218956,14084344700.0,334474,12895.0,164,12890.0,282,nan,0,nan,0,nan,0,nan,0,nan,0,nan,0,nan,0,nan,0
1597988476292705024,1597988476000001024,2020-08-21 13:41:16.000001,12895.0,12930.0,12795.0,12845.0,nan,12865.0,218956,14084344700.0,334474,12895.0,164,12890.0,285,nan,0,nan,0,nan,0,nan,0,nan,0,nan,0,nan,0,nan,0
1597988476795365120,1597988477000000000,2020-08-21 13:41:17.000000,12895.0,12930.0,12795.0,12845.0,nan,12865.0,218956,14084344700.0,334474,12895.0,163,12890.0,285,nan,0,nan,0,nan,0,nan,0,nan,0,nan,0,nan,0,nan,0
1597988477292506112,1597988477000001024,2020-08-21 13:41:17.000001,12895.0,12930.0,12795.0,12845.0,nan,12865.0,218956,14084344700.0,334474,12895.0,163,12890.0,286,nan,0,nan,0,nan,0,nan,0,nan,0,nan,0,nan,0,nan,0
1597988477794298112,1597988478000000000,2020-08-21 13:41:18.000000,12895.0,12930.0,12795.0,12845.0,nan,12865.0,218956,14084344700.0,334474,12895.0,163,12890.0,288,nan,0,nan,0,nan,0,nan,0,nan,0,nan,0,nan,0,nan,0
1597988478310117120,1597988478000001024,2020-08-21 13:41:18.000001,12895.0,12930.0,12795.0,12845.0,nan,12865.0,218956,14084344700.0,334474,12895.0,172,12890.0,289,nan,0,nan,0,nan,0,nan,0,nan,0,nan,0,nan,0,nan,0
1597988478790705920,1597988479000000000,2020-08-21 13:41:19.000000,12890.0,12930.0,12795.0,12845.0,nan,12865.0,218957,14084409025.0,334474,12895.0,172,12890.0,289,nan,0,nan,0,nan,0,nan,0,nan,0,nan,0,nan,0,nan,0
1597988479292687872,1597988479000001024,2020-08-21 13:41:19.000001,12890.0,12930.0,12795.0,12845.0,nan,12865.0,218957,14084409025.0,334474,12895.0,175,12890.0,289,nan,0,nan,0,nan,0,nan,0,nan,0,nan,0,nan,0,nan,0
1597988479790672896,1597988480000000000,2020-08-21 13:41:20.000000,12890.0,12930.0,12795.0,12845.0,nan,12865.0,218957,14084409025.0,334474,12895.0,177,12890.0,289,nan,0,nan,0,nan,0,nan,0,nan,0,nan,0,nan,0,nan,0
1597988480312531968,1597988480000001024,2020-08-21 13:41:20.000001,12890.0,12930.0,12795.0,12845.0,nan,12865.0,218958,14084473350.0,334473,12895.0,177,12890.0,289,nan,0,nan,0,nan,0,nan,0,nan,0,nan,0,nan,0,nan,0
1597988481295063040,1597988481000001024,2020-08-21 13:41:21.000001,12890.0,12930.0,12795.0,12845.0,nan,12865.0,218958,14084473350.0,334473,12895.0,178,12890.0,299,nan,0,nan,0,nan,0,nan,0,nan,0,nan,0,nan,0,nan,0
1597988481799450880,1597988482000000000,2020-08-21 13:41:22.000000,12890.0,12930.0,12795.0,12845.0,nan,12865.0,218958,14084473350.0,334473,12895.0,178,12890.0,306,nan,0,nan,0,nan,0,nan,0,nan,0,nan,0,nan,0,nan,0
1597988482295563008,1597988482000001024,2020-08-21 13:41:22.000001,12890.0,12930.0,12795.0,12845.0,nan,12865.0,218959,14084537675.0,334472,12895.0,178,12890.0,315,nan,0,nan,0,nan,0,nan,0,nan,0,nan,0,nan,0,nan,0
1597988482801125120,1597988483000000000,2020-08-21 13:41:23.000000,12890.0,12930.0,12795.0,12845.0,nan,12865.0,218959,14084537675.0,334472,12895.0,178,12890.0,316,nan,0,nan,0,nan,0,nan,0,nan,0,nan,0,nan,0,nan,0
1597988483298017024,1597988483000001024,2020-08-21 13:41:23.000001,12890.0,12930.0,12795.0,12845.0,nan,12865.0,218959,14084537675.0,334472,12895.0,180,12890.0,316,nan,0,nan,0,nan,0,nan,0,nan,0,nan,0,nan,0,nan,0
1597988483799878912,1597988484000000000,2020-08-21 13:41:24.000000,12890.0,12930.0,12795.0,12845.0,nan,12865.0,218962,14084730650.0,334470,12895.0,169,12890.0,313,nan,0,nan,0,nan,0,nan,0,nan,0,nan,0,nan,0,nan,0
1597988484300519936,1597988484000001024,2020-08-21 13:41:24.000001,12890.0,12930.0,12795.0,12845.0,nan,12865.0,218967,14085052275.0,334470,12895.0,173,12890.0,306,nan,0,nan,0,nan,0,nan,0,nan,0,nan,0,nan,0,nan,0
1597988484805068032,1597988485000000000,2020-08-21 13:41:25.000000,12890.0,12930.0,12795.0,12845.0,nan,12865.0,218968,14085116600.0,334470,12895.0,173,12890.0,305,nan,0,nan,0,nan,0,nan,0,nan,0,nan,0,nan,0,nan,0
1597988485301149952,1597988485000001024,2020-08-21 13:41:25.000001,12890.0,12930.0,12795.0,12845.0,nan,12865.0,218968,14085116600.0,334470,12895.0,174,12890.0,305,nan,0,nan,0,nan,0,nan,0,nan,0,nan,0,nan,0,nan,0
1597988486798295040,1597988487000000000,2020-08-21 13:41:27.000000,12895.0,12930.0,12795.0,12845.0,nan,12865.0,218983,14086081475.0,334478,12895.0,159,12890.0,300,nan,0,nan,0,nan,0,nan,0,nan,0,nan,0,nan,0,nan,0
1597988487301718016,1597988487000001024,2020-08-21 13:41:27.000001,12895.0,12930.0,12795.0,12845.0,nan,12865.0,218983,14086081475.0,334478,12895.0,163,12890.0,300,nan,0,nan,0,nan,0,nan,0,nan,0,nan,0,nan,0,nan,0
1597988487802806016,1597988488000000000,2020-08-21 13:41:28.000000,12890.0,12930.0,12795.0,12845.0,nan,12865.0,218985,14086210125.0,334478,12895.0,165,12890.0,298,nan,0,nan,0,nan,0,nan,0,nan,0,nan,0,nan,0,nan,0
1597988488298208000,1597988488000001024,2020-08-21 13:41:28.000001,12890.0,12930.0,12795.0,12845.0,nan,12865.0,218985,14086210125.0,334478,12895.0,166,12890.0,299,nan,0,nan,0,nan,0,nan,0,nan,0,nan,0,nan,0,nan,0
1597988488811817984,1597988489000000000,2020-08-21 13:41:29.000000,12890.0,12930.0,12795.0,12845.0,nan,12865.0,218996,14086917700.0,334471,12895.0,166,12890.0,308,nan,0,nan,0,nan,0,nan,0,nan,0,nan,0,nan,0,nan,0
1597988489301750016,1597988489000001024,2020-08-21 13:41:29.000001,12895.0,12930.0,12795.0,12845.0,nan,12865.0,218997,14086982025.0,334471,12895.0,165,12890.0,305,nan,0,nan,0,nan,0,nan,0,nan,0,nan,0,nan,0,nan,0
1597988489799621888,1597988490000000000,2020-08-21 13:41:30.000000,12895.0,12930.0,12795.0,12845.0,nan,12865.0,218997,14086982025.0,334471,12895.0,202,12890.0,305,nan,0,nan,0,nan,0,nan,0,nan,0,nan,0,nan,0,nan,0
1597988490327226112,1597988490000001024,2020-08-21 13:41:30.000001,12895.0,12930.0,12795.0,12845.0,nan,12865.0,218997,14086982025.0,334471,12895.0,208,12890.0,306,nan,0,nan,0,nan,0,nan,0,nan,0,nan,0,nan,0,nan,0
1597988491304728064,1597988491000001024,2020-08-21 13:41:31.000001,12895.0,12930.0,12795.0,12845.0,nan,12865.0,218997,14086982025.0,334471,12895.0,208,12890.0,395,nan,0,nan,0,nan,0,nan,0,nan,0,nan,0,nan,0,nan,0
1597988492311552000,1597988492000001024,2020-08-21 13:41:32.000001,12890.0,12930.0,12795.0,12845.0,nan,12865.0,218999,14087110675.0,334472,12895.0,207,12890.0,394,nan,0,nan,0,nan,0,nan,0,nan,0,nan,0,nan,0,nan,0
1597988492804105984,1597988493000000000,2020-08-21 13:41:33.000000,12890.0,12930.0,12795.0,12845.0,nan,12865.0,218999,14087110675.0,334472,12895.0,213,12890.0,390,nan,0,nan,0,nan,0,nan,0,nan,0,nan,0,nan,0,nan,0
1597988493312800000,1597988493000001024,2020-08-21 13:41:33.000001,12890.0,12930.0,12795.0,12845.0,nan,12865.0,218999,14087110675.0,334472,12895.0,214,12890.0,390,nan,0,nan,0,nan,0,nan,0,nan,0,nan,0,nan,0,nan,0
1597988493805752064,1597988494000000000,2020-08-21 13:41:34.000000,12890.0,12930.0,12795.0,12845.0,nan,12865.0,219000,14087175000.0,334473,12895.0,214,12890.0,389,nan,0,nan,0,nan,0,nan,0,nan,0,nan,0,nan,0,nan,0
1597988494795109888,1597988495000000000,2020-08-21 13:41:35.000000,12890.0,12930.0,12795.0,12845.0,nan,12865.0,219002,14087303650.0,334471,12895.0,214,12890.0,387,nan,0,nan,0,nan,0,nan,0,nan,0,nan,0,nan,0,nan,0
1597988495304346880,1597988495000001024,2020-08-21 13:41:35.000001,12890.0,12930.0,12795.0,12845.0,nan,12865.0,219002,14087303650.0,334471,12895.0,214,12890.0,393,nan,0,nan,0,nan,0,nan,0,nan,0,nan,0,nan,0,nan,0
1597988496300540928,1597988496000001024,2020-08-21 13:41:36.000001,12890.0,12930.0,12795.0,12845.0,nan,12865.0,219003,14087367975.0,334471,12895.0,214,12890.0,392,nan,0,nan,0,nan,0,nan,0,nan,0,nan,0,nan,0,nan,0
1597988496799354112,1597988497000000000,2020-08-21 13:41:37.000000,12890.0,12930.0,12795.0,12845.0,nan,12865.0,219008,14087689600.0,334469,12895.0,218,12890.0,437,nan,0,nan,0,nan,0,nan,0,nan,0,nan,0,nan,0,nan,0
1597988498796902912,1597988499000000000,2020-08-21 13:41:39.000000,12890.0,12930.0,12795.0,12845.0,nan,12865.0,219008,14087689600.0,334469,12895.0,219,12890.0,437,nan,0,nan,0,nan,0,nan,0,nan,0,nan,0,nan,0,nan,0
1597988499802788096,1597988500000000000,2020-08-21 13:41:40.000000,12895.0,12930.0,12795.0,12845.0,nan,12865.0,219010,14087818250.0,334467,12895.0,190,12890.0,437,nan,0,nan,0,nan,0,nan,0,nan,0,nan,0,nan,0,nan,0
1597988500299133952,1597988500000001024,2020-08-21 13:41:40.000001,12895.0,12930.0,12795.0,12845.0,nan,12865.0,219010,14087818250.0,334467,12895.0,193,12890.0,447,nan,0,nan,0,nan,0,nan,0,nan,0,nan,0,nan,0,nan,0
1597988501800642048,1597988502000000000,2020-08-21 13:41:42.000000,12890.0,12930.0,12795.0,12845.0,nan,12865.0,219035,14089426375.0,334451,12895.0,193,12890.0,422,nan,0,nan,0,nan,0,nan,0,nan,0,nan,0,nan,0,nan,0
1597988502301121024,1597988502000001024,2020-08-21 13:41:42.000001,12890.0,12930.0,12795.0,12845.0,nan,12865.0,219035,14089426375.0,334451,12895.0,206,12890.0,436,nan,0,nan,0,nan,0,nan,0,nan,0,nan,0,nan,0,nan,0
1597988502805761024,1597988503000000000,2020-08-21 13:41:43.000000,12890.0,12930.0,12795.0,12845.0,nan,12865.0,219035,14089426375.0,334451,12895.0,205,12890.0,436,nan,0,nan,0,nan,0,nan,0,nan,0,nan,0,nan,0,nan,0
1597988503304869888,1597988503000001024,2020-08-21 13:41:43.000001,12890.0,12930.0,12795.0,12845.0,nan,12865.0,219035,14089426375.0,334451,12895.0,205,12890.0,439,nan,0,nan,0,nan,0,nan,0,nan,0,nan,0,nan,0,nan,0
1597988503810739968,1597988504000000000,2020-08-21 13:41:44.000000,12890.0,12930.0,12795.0,12845.0,nan,12865.0,219038,14089619350.0,334451,12895.0,202,12890.0,438,nan,0,nan,0,nan,0,nan,0,nan,0,nan,0,nan,0,nan,0
1597988504305847040,1597988504000001024,2020-08-21 13:41:44.000001,12890.0,12930.0,12795.0,12845.0,nan,12865.0,219038,14089619350.0,334451,12895.0,202,12890.0,439,nan,0,nan,0,nan,0,nan,0,nan,0,nan,0,nan,0,nan,0
1597988504806265088,1597988505000000000,2020-08-21 13:41:45.000000,12890.0,12930.0,12795.0,12845.0,nan,12865.0,219039,14089683675.0,334451,12895.0,201,12890.0,438,nan,0,nan,0,nan,0,nan,0,nan,0,nan,0,nan,0,nan,0
1597988505303963904,1597988505000001024,2020-08-21 13:41:45.000001,12890.0,12930.0,12795.0,12845.0,nan,12865.0,219040,14089748000.0,334451,12895.0,201,12890.0,437,nan,0,nan,0,nan,0,nan,0,nan,0,nan,0,nan,0,nan,0
1597988505807728896,1597988506000000000,2020-08-21 13:41:46.000000,12895.0,12930.0,12795.0,12845.0,nan,12865.0,219041,14089812325.0,334451,12895.0,200,12890.0,437,nan,0,nan,0,nan,0,nan,0,nan,0,nan,0,nan,0,nan,0
1597988506308278016,1597988506000001024,2020-08-21 13:41:46.000001,12895.0,12930.0,12795.0,12845.0,nan,12865.0,219041,14089812325.0,334451,12895.0,200,12890.0,438,nan,0,nan,0,nan,0,nan,0,nan,0,nan,0,nan,0,nan,0
1597988506807540992,1597988507000000000,2020-08-21 13:41:47.000000,12895.0,12930.0,12795.0,12845.0,nan,12865.0,219041,14089812325.0,334451,12895.0,200,12890.0,444,nan,0,nan,0,nan,0,nan,0,nan,0,nan,0,nan,0,nan,0
1597988507303663104,1597988507000001024,2020-08-21 13:41:47.000001,12895.0,12930.0,12795.0,12845.0,nan,12865.0,219041,14089812325.0,334451,12895.0,200,12890.0,445,nan,0,nan,0,nan,0,nan,0,nan,0,nan,0,nan,0,nan,0
1597988507804801024,1597988508000000000,2020-08-21 13:41:48.000000,12895.0,12930.0,12795.0,12845.0,nan,12865.0,219041,14089812325.0,334451,12895.0,201,12890.0,448,nan,0,nan,0,nan,0,nan,0,nan,0,nan,0,nan,0,nan,0
1597988508808367104,1597988509000000000,2020-08-21 13:41:49.000000,12895.0,12930.0,12795.0,12845.0,nan,12865.0,219041,14089812325.0,334451,12895.0,202,12890.0,448,nan,0,nan,0,nan,0,nan,0,nan,0,nan,0,nan,0,nan,0
1597988509306275072,1597988509000001024,2020-08-21 13:41:49.000001,12895.0,12930.0,12795.0,12845.0,nan,12865.0,219041,14089812325.0,334451,12895.0,204,12890.0,449,nan,0,nan,0,nan,0,nan,0,nan,0,nan,0,nan,0,nan,0
1597988509809477120,1597988510000000000,2020-08-21 13:41:50.000000,12895.0,12930.0,12795.0,12845.0,nan,12865.0,219041,14089812325.0,334451,12895.0,204,12890.0,457,nan,0,nan,0,nan,0,nan,0,nan,0,nan,0,nan,0,nan,0
1597988510313487872,1597988510000001024,2020-08-21 13:41:50.000001,12895.0,12930.0,12795.0,12845.0,nan,12865.0,219041,14089812325.0,334451,12895.0,213,12890.0,457,nan,0,nan,0,nan,0,nan,0,nan,0,nan,0,nan,0,nan,0
1597988510806746880,1597988511000000000,2020-08-21 13:41:51.000000,12895.0,12930.0,12795.0,12845.0,nan,12865.0,219042,14089876650.0,334451,12895.0,212,12890.0,457,nan,0,nan,0,nan,0,nan,0,nan,0,nan,0,nan,0,nan,0
1597988511308527104,1597988511000001024,2020-08-21 13:41:51.000001,12890.0,12930.0,12795.0,12845.0,nan,12865.0,219044,14090005300.0,334452,12895.0,221,12890.0,456,nan,0,nan,0,nan,0,nan,0,nan,0,nan,0,nan,0,nan,0
1597988511805224960,1597988512000000000,2020-08-21 13:41:52.000000,12890.0,12930.0,12795.0,12845.0,nan,12865.0,219044,14090005300.0,334452,12895.0,226,12890.0,462,nan,0,nan,0,nan,0,nan,0,nan,0,nan,0,nan,0,nan,0
1597988512312718080,1597988512000001024,2020-08-21 13:41:52.000001,12890.0,12930.0,12795.0,12845.0,nan,12865.0,219044,14090005300.0,334452,12895.0,228,12890.0,462,nan,0,nan,0,nan,0,nan,0,nan,0,nan,0,nan,0,nan,0
1597988512808427008,1597988513000000000,2020-08-21 13:41:53.000000,12890.0,12930.0,12795.0,12845.0,nan,12865.0,219044,14090005300.0,334452,12895.0,228,12890.0,463,nan,0,nan,0,nan,0,nan,0,nan,0,nan,0,nan,0,nan,0
1597988513313554944,1597988513000001024,2020-08-21 13:41:53.000001,12890.0,12930.0,12795.0,12845.0,nan,12865.0,219044,14090005300.0,334452,12895.0,227,12890.0,463,nan,0,nan,0,nan,0,nan,0,nan,0,nan,0,nan,0,nan,0
1597988513814638080,1597988514000000000,2020-08-21 13:41:54.000000,12890.0,12930.0,12795.0,12845.0,nan,12865.0,219046,14090133950.0,334453,12895.0,226,12890.0,462,nan,0,nan,0,nan,0,nan,0,nan,0,nan,0,nan,0,nan,0
1597988514314631936,1597988514000001024,2020-08-21 13:41:54.000001,12890.0,12930.0,12795.0,12845.0,nan,12865.0,219046,14090133950.0,334453,12895.0,234,12890.0,463,nan,0,nan,0,nan,0,nan,0,nan,0,nan,0,nan,0,nan,0
1597988514809724928,1597988515000000000,2020-08-21 13:41:55.000000,12895.0,12930.0,12795.0,12845.0,nan,12865.0,219047,14090198275.0,334453,12895.0,244,12890.0,461,nan,0,nan,0,nan,0,nan,0,nan,0,nan,0,nan,0,nan,0
1597988515314295040,1597988515000001024,2020-08-21 13:41:55.000001,12895.0,12930.0,12795.0,12845.0,nan,12865.0,219047,14090198275.0,334453,12895.0,247,12890.0,460,nan,0,nan,0,nan,0,nan,0,nan,0,nan,0,nan,0,nan,0
1597988516812732928,1597988517000000000,2020-08-21 13:41:57.000000,12895.0,12930.0,12795.0,12845.0,nan,12865.0,219047,14090198275.0,334453,12895.0,247,12890.0,461,nan,0,nan,0,nan,0,nan,0,nan,0,nan,0,nan,0,nan,0
1597988517315132928,1597988517000001024,2020-08-21 13:41:57.000001,12890.0,12930.0,12795.0,12845.0,nan,12865.0,219050,14090391250.0,334452,12895.0,247,12890.0,458,nan,0,nan,0,nan,0,nan,0,nan,0,nan,0,nan,0,nan,0
1597988518812858112,1597988519000000000,2020-08-21 13:41:59.000000,12890.0,12930.0,12795.0,12845.0,nan,12865.0,219051,14090455575.0,334451,12895.0,247,12890.0,458,nan,0,nan,0,nan,0,nan,0,nan,0,nan,0,nan,0,nan,0
1597988519314608896,1597988519000001024,2020-08-21 13:41:59.000001,12895.0,12930.0,12795.0,12845.0,nan,12865.0,219052,14090519900.0,334450,12895.0,251,12890.0,459,nan,0,nan,0,nan,0,nan,0,nan,0,nan,0,nan,0,nan,0
1597988519814896896,1597988520000000000,2020-08-21 13:42:00.000000,12890.0,12930.0,12795.0,12845.0,nan,12865.0,219102,14093736150.0,334465,12895.0,253,12890.0,428,nan,0,nan,0,nan,0,nan,0,nan,0,nan,0,nan,0,nan,0
1597988520320809984,1597988520000001024,2020-08-21 13:42:00.000001,12890.0,12930.0,12795.0,12845.0,nan,12865.0,219103,14093800475.0,334465,12895.0,256,12890.0,427,nan,0,nan,0,nan,0,nan,0,nan,0,nan,0,nan,0,nan,0
