local_nano_time,quote_nano_time,datetime,last_price,highest,lowest,open,close,average,volume,amount,open_interest,ask_price1,ask_volume1,bid_price1,bid_volume1,ask_price2,ask_volume2,bid_price2,bid_volume2,ask_price3,ask_volume3,bid_price3,bid_volume3,ask_price4,ask_volume4,bid_price4,bid_volume4,ask_price5,ask_volume5,bid_price5,bid_volume5
1597988233119566080,1597988233000000000,2020-08-21 13:37:13.000000,14770.0,14945.0,14700.0,14890.0,nan,14764.694,25371,1872975200.0,28065,14780.0,55,14770.0,12,14785.0,125,14765.0,137,14790.0,11,14760.0,23,14795.0,42,14755.0,28,14800.0,65,14750.0,7
1597988247123985920,1597988247000000000,2020-08-21 13:37:27.000000,14770.0,14945.0,14700.0,14890.0,nan,14764.694,25371,1872975200.0,28065,14780.0,55,14770.0,11,14785.0,125,14765.0,137,14790.0,11,14760.0,23,14795.0,42,14755.0,28,14800.0,65,14750.0,7
1597988247618791936,1597988247500000000,2020-08-21 13:37:27.500000,14770.0,14945.0,14700.0,14890.0,nan,14764.694,25371,1872975200.0,28065,14775.0,6,14770.0,11,14780.0,55,14765.0,137,14785.0,125,14760.0,23,14790.0,11,14755.0,28,14795.0,42,14750.0,7
1597988248142797056,1597988248000000000,2020-08-21 13:37:28.000000,14770.0,14945.0,14700.0,14890.0,nan,14764.694,25371,1872975200.0,28065,14775.0,3,14770.0,9,14780.0,52,14765.0,126,14785.0,113,14760.0,23,14790.0,11,14755.0,28,14795.0,42,14750.0,7
1597988248634038016,1597988248500000000,2020-08-21 13:37:28.500000,14770.0,14945.0,14700.0,14890.0,nan,14764.694,25371,1872975200.0,28065,14775.0,3,14770.0,9,14780.0,52,14765.0,136,14785.0,125,14760.0,23,14790.0,11,14755.0,28,14795.0,42,14750.0,7
1597988249112716032,1597988249000000000,2020-08-21 13:37:29.000000,14770.0,14945.0,14700.0,14890.0,nan,14764.694,25371,1872975200.0,28065,14775.0,3,14770.0,11,14780.0,52,14765.0,136,14785.0,125,14760.0,23,14790.0,11,14755.0,28,14795.0,42,14750.0,7
1597988252129947904,1597988252000000000,2020-08-21 13:37:32.000000,14770.0,14945.0,14700.0,14890.0,nan,14764.694,25372,1873049050.0,28065,14775.0,3,14770.0,10,14780.0,52,14765.0,136,14785.0,125,14760.0,23,14790.0,11,14755.0,28,14795.0,42,14750.0,7
1597988252633549056,1597988252500000000,2020-08-21 13:37:32.500000,14770.0,14945.0,14700.0,14890.0,nan,14764.694,25372,1873049050.0,28065,14775.0,9,14770.0,10,14780.0,52,14765.0,136,14785.0,125,14760.0,23,14790.0,11,14755.0,28,14795.0,42,14750.0,7
1597988253129804032,1597988253000000000,2020-08-21 13:37:33.000000,14770.0,14945.0,14700.0,14890.0,nan,14764.694,25372,1873049050.0,28065,14775.0,9,14770.0,8,14780.0,52,14765.0,136,14785.0,125,14760.0,23,14790.0,11,14755.0,28,14795.0,42,14750.0,7
1597988253623954944,1597988253500000000,2020-08-21 13:37:33.500000,14770.0,14945.0,14700.0,14890.0,nan,14764.694,25372,1873049050.0,28065,14775.0,9,14770.0,8,14780.0,100,14765.0,90,14785.0,74,14760.0,71,14790.0,11,14755.0,28,14795.0,42,14750.0,7
1597988254115240960,1597988254000000000,2020-08-21 13:37:34.000000,14770.0,14945.0,14700.0,14890.0,nan,14764.694,25372,1873049050.0,28065,14775.0,9,14770.0,8,14780.0,112,14765.0,54,14785.0,38,14760.0,83,14790.0,11,14755.0,28,14795.0,42,14750.0,7
1597988254619858944,1597988254500000000,2020-08-21 13:37:34.500000,14770.0,14945.0,14700.0,14890.0,nan,14764.694,25372,1873049050.0,28065,14775.0,9,14770.0,8,14780.0,136,14765.0,54,14785.0,38,14760.0,107,14790.0,11,14755.0,28,14795.0,42,14750.0,7
1597988255103237888,1597988255000000000,2020-08-21 13:37:35.000000,14770.0,14945.0,14700.0,14890.0,nan,14764.694,25372,1873049050.0,28065,14775.0,9,14770.0,9,14780.0,136,14765.0,54,14785.0,38,14760.0,107,14790.0,11,14755.0,28,14795.0,42,14750.0,7
1597988255615977984,1597988255500000000,2020-08-21 13:37:35.500000,14770.0,14945.0,14700.0,14890.0,nan,14764.694,25372,1873049050.0,28065,14775.0,9,14770.0,9,14780.0,88,14765.0,102,14785.0,86,14760.0,59,14790.0,11,14755.0,28,14795.0,42,14750.0,7
1597988256110477056,1597988256000000000,2020-08-21 13:37:36.000000,14770.0,14945.0,14700.0,14890.0,nan,14764.694,25372,1873049050.0,28065,14775.0,9,14770.0,9,14780.0,64,14765.0,114,14785.0,97,14760.0,35,14790.0,11,14755.0,28,14795.0,42,14750.0,7
1597988256637530112,1597988256500000000,2020-08-21 13:37:36.500000,14770.0,14945.0,14700.0,14890.0,nan,14764.694,25372,1873049050.0,28065,14775.0,9,14770.0,9,14780.0,52,14765.0,126,14785.0,109,14760.0,23,14790.0,11,14755.0,28,14795.0,42,14750.0,7
1597988257133004032,1597988257000000000,2020-08-21 13:37:37.000000,14770.0,14945.0,14700.0,14890.0,nan,14764.694,25372,1873049050.0,28065,14775.0,9,14770.0,9,14780.0,52,14765.0,138,14785.0,108,14760.0,23,14790.0,11,14755.0,28,14795.0,42,14750.0,7
1597988257612295936,1597988257500000000,2020-08-21 13:37:37.500000,14770.0,14945.0,14700.0,14890.0,nan,14764.694,25372,1873049050.0,28065,14775.0,9,14770.0,9,14780.0,52,14765.0,138,14785.0,120,14760.0,23,14790.0,11,14755.0,28,14795.0,42,14750.0,7
1597988260120668928,1597988260000000000,2020-08-21 13:37:40.000000,14770.0,14945.0,14700.0,14890.0,nan,14764.694,25374,1873196750.0,28065,14775.0,9,14770.0,7,14780.0,52,14765.0,138,14785.0,120,14760.0,23,14790.0,11,14755.0,28,14795.0,42,14750.0,7
1597988260616557056,1597988260500000000,2020-08-21 13:37:40.500000,14770.0,14945.0,14700.0,14890.0,nan,14764.694,25374,1873196750.0,28065,14775.0,9,14770.0,7,14780.0,100,14765.0,90,14785.0,72,14760.0,71,14790.0,11,14755.0,28,14795.0,42,14750.0,7
1597988261146853120,1597988261000000000,2020-08-21 13:37:41.000000,14770.0,14945.0,14700.0,14890.0,nan,14764.694,25374,1873196750.0,28065,14775.0,9,14770.0,7,14780.0,112,14765.0,54,14785.0,36,14760.0,83,14790.0,11,14755.0,28,14795.0,42,14750.0,7
1597988261618149120,1597988261500000000,2020-08-21 13:37:41.500000,14770.0,14945.0,14700.0,14890.0,nan,14764.694,25374,1873196750.0,28065,14775.0,9,14770.0,7,14780.0,136,14765.0,54,14785.0,36,14760.0,107,14790.0,11,14755.0,28,14795.0,42,14750.0,7
1597988268635237120,1597988268500000000,2020-08-21 13:37:48.500000,14770.0,14945.0,14700.0,14890.0,nan,14764.694,25374,1873196750.0,28065,14775.0,9,14770.0,7,14780.0,136,14765.0,54,14785.0,36,14760.0,107,14790.0,11,14755.0,28,14795.0,41,14750.0,7
1597988271138051072,1597988271000000000,2020-08-21 13:37:51.000000,14770.0,14945.0,14700.0,14890.0,nan,14764.694,25375,1873270600.0,28065,14775.0,9,14770.0,6,14780.0,136,14765.0,54,14785.0,36,14760.0,107,14790.0,11,14755.0,28,14795.0,41,14750.0,7
1597988271605178112,1597988271500000000,2020-08-21 13:37:51.500000,14770.0,14945.0,14700.0,14890.0,nan,14764.696,25383,1873861400.0,28064,14775.0,7,14770.0,3,14780.0,102,14765.0,32,14785.0,36,14760.0,95,14790.0,11,14755.0,28,14795.0,41,14750.0,7
1597988272117978112,1597988272000000000,2020-08-21 13:37:52.000000,14775.0,14945.0,14700.0,14890.0,nan,14764.7,25393,1874600075.0,28067,14775.0,5,14765.0,32,14780.0,78,14760.0,83,14785.0,36,14755.0,28,14790.0,11,14750.0,7,14795.0,41,14745.0,29
1597988272620325888,1597988272500000000,2020-08-21 13:37:52.500000,14770.0,14945.0,14700.0,14890.0,nan,14764.7,25395,1874747800.0,28066,14775.0,8,14770.0,1,14780.0,100,14765.0,32,14785.0,24,14760.0,83,14790.0,11,14755.0,28,14795.0,41,14750.0,7
1597988273105954048,1597988273000000000,2020-08-21 13:37:53.000000,14775.0,14945.0,14700.0,14890.0,nan,14764.701,25396,1874821675.0,28065,14775.0,13,14770.0,3,14780.0,124,14765.0,54,14785.0,36,14760.0,95,14790.0,11,14755.0,28,14795.0,41,14750.0,7
1597988273606523904,1597988273500000000,2020-08-21 13:37:53.500000,14775.0,14945.0,14700.0,14890.0,nan,14764.701,25396,1874821675.0,28065,14775.0,13,14770.0,3,14780.0,136,14765.0,54,14785.0,36,14760.0,107,14790.0,11,14755.0,28,14795.0,41,14750.0,7
1597988276123752960,1597988276000000000,2020-08-21 13:37:56.000000,14770.0,14945.0,14700.0,14890.0,nan,14764.701,25397,1874895525.0,28065,14775.0,13,14770.0,2,14780.0,136,14765.0,54,14785.0,36,14760.0,107,14790.0,11,14755.0,28,14795.0,41,14750.0,7
1597988277219014912,1597988277000000000,2020-08-21 13:37:57.000000,14770.0,14945.0,14700.0,14890.0,nan,14764.701,25399,1875043225.0,28066,14770.0,2,14765.0,32,14775.0,11,14760.0,95,14780.0,102,14755.0,28,14785.0,36,14750.0,7,14790.0,11,14745.0,29
1597988277625878016,1597988277500000000,2020-08-21 13:37:57.500000,14770.0,14945.0,14700.0,14890.0,nan,14764.702,25401,1875190925.0,28065,14770.0,7,14765.0,7,14775.0,11,14760.0,83,14780.0,88,14755.0,28,14785.0,12,14750.0,7,14790.0,11,14745.0,29
1597988278133957120,1597988278000000000,2020-08-21 13:37:58.000000,14770.0,14945.0,14700.0,14890.0,nan,14764.702,25401,1875190925.0,28065,14770.0,16,14765.0,6,14775.0,47,14760.0,130,14780.0,116,14755.0,40,14785.0,12,14750.0,7,14790.0,11,14745.0,29
1597988278631446016,1597988278500000000,2020-08-21 13:37:58.500000,14770.0,14945.0,14700.0,14890.0,nan,14764.702,25401,1875190925.0,28065,14770.0,16,14765.0,6,14775.0,96,14760.0,97,14780.0,80,14755.0,88,14785.0,12,14750.0,7,14790.0,11,14745.0,29
1597988279138574080,1597988279000000000,2020-08-21 13:37:59.000000,14770.0,14945.0,14700.0,14890.0,nan,14764.702,25401,1875190925.0,28065,14770.0,10,14765.0,12,14775.0,108,14760.0,73,14780.0,56,14755.0,100,14785.0,12,14750.0,7,14790.0,11,14745.0,29
1597988279643532032,1597988279500000000,2020-08-21 13:37:59.500000,14770.0,14945.0,14700.0,14890.0,nan,14764.702,25401,1875190925.0,28065,14770.0,10,14765.0,12,14775.0,72,14760.0,109,14780.0,92,14755.0,64,14785.0,12,14750.0,7,14790.0,11,14745.0,29
1597988280131545088,1597988280000000000,2020-08-21 13:38:00.000000,14770.0,14945.0,14700.0,14890.0,nan,14764.702,25401,1875190925.0,28065,14770.0,10,14765.0,12,14775.0,48,14760.0,133,14780.0,116,14755.0,40,14785.0,12,14750.0,7,14790.0,11,14745.0,29
1597988280626729984,1597988280500000000,2020-08-21 13:38:00.500000,14770.0,14945.0,14700.0,14890.0,nan,14764.702,25401,1875190925.0,28065,14770.0,10,14765.0,12,14775.0,48,14760.0,145,14780.0,128,14755.0,40,14785.0,12,14750.0,7,14790.0,11,14745.0,29
1597988281617796096,1597988281500000000,2020-08-21 13:38:01.500000,14770.0,14945.0,14700.0,14890.0,nan,14764.702,25401,1875190925.0,28065,14770.0,10,14765.0,12,14775.0,49,14760.0,145,14780.0,128,14755.0,40,14785.0,12,14750.0,7,14790.0,11,14745.0,29
1597988284618676992,1597988284500000000,2020-08-21 13:38:04.500000,14770.0,14945.0,14700.0,14890.0,nan,14764.702,25401,1875190925.0,28065,14770.0,10,14765.0,13,14775.0,49,14760.0,145,14780.0,128,14755.0,40,14785.0,12,14750.0,7,14790.0,11,14745.0,29
1597988286636433920,1597988286500000000,2020-08-21 13:38:06.500000,14770.0,14945.0,14700.0,14890.0,nan,14764.702,25401,1875190925.0,28065,14770.0,17,14765.0,13,14775.0,49,14760.0,145,14780.0,128,14755.0,40,14785.0,12,14750.0,7,14790.0,11,14745.0,29
1597988287129451008,1597988287000000000,2020-08-21 13:38:07.000000,14770.0,14945.0,14700.0,14890.0,nan,14764.702,25401,1875190925.0,28065,14770.0,17,14765.0,7,14775.0,97,14760.0,97,14780.0,80,14755.0,88,14785.0,12,14750.0,7,14790.0,11,14745.0,29
1597988287621896960,1597988287500000000,2020-08-21 13:38:07.500000,14770.0,14945.0,14700.0,14890.0,nan,14764.702,25401,1875190925.0,28065,14770.0,17,14765.0,7,14775.0,109,14760.0,73,14780.0,56,14755.0,100,14785.0,12,14750.0,7,14790.0,11,14745.0,29
1597988288119468032,1597988288000000000,2020-08-21 13:38:08.000000,14770.0,14945.0,14700.0,14890.0,nan,14764.702,25401,1875190925.0,28065,14770.0,17,14765.0,7,14775.0,121,14760.0,61,14780.0,44,14755.0,112,14785.0,12,14750.0,7,14790.0,11,14745.0,29
1597988288613651968,1597988288500000000,2020-08-21 13:38:08.500000,14770.0,14945.0,14700.0,14890.0,nan,14764.702,25401,1875190925.0,28065,14770.0,17,14765.0,7,14775.0,133,14760.0,61,14780.0,44,14755.0,124,14785.0,12,14750.0,7,14790.0,11,14745.0,29
1597988295142740992,1597988295000000000,2020-08-21 13:38:15.000000,14765.0,14945.0,14700.0,14890.0,nan,14764.702,25403,1875338575.0,28064,14770.0,17,14765.0,5,14775.0,133,14760.0,61,14780.0,44,14755.0,124,14785.0,12,14750.0,7,14790.0,11,14745.0,29
1597988295623533056,1597988295500000000,2020-08-21 13:38:15.500000,14765.0,14945.0,14700.0,14890.0,nan,14764.702,25408,1875707700.0,28064,14770.0,15,14760.0,39,14775.0,99,14755.0,112,14780.0,44,14750.0,7,14785.0,12,14745.0,29,14790.0,11,14740.0,46
1597988296127870976,1597988296000000000,2020-08-21 13:38:16.000000,14765.0,14945.0,14700.0,14890.0,nan,14764.702,25408,1875707700.0,28064,14770.0,15,14760.0,27,14775.0,87,14755.0,100,14780.0,32,14750.0,7,14785.0,12,14745.0,29,14790.0,11,14740.0,46
1597988296634362880,1597988296500000000,2020-08-21 13:38:16.500000,14765.0,14945.0,14700.0,14890.0,nan,14764.702,25408,1875707700.0,28064,14770.0,17,14760.0,38,14775.0,144,14755.0,136,14780.0,20,14750.0,7,14785.0,12,14745.0,29,14790.0,11,14740.0,46
1597988297139896064,1597988297000000000,2020-08-21 13:38:17.000000,14765.0,14945.0,14700.0,14890.0,nan,14764.702,25408,1875707700.0,28064,14770.0,17,14760.0,51,14775.0,145,14755.0,136,14780.0,32,14750.0,7,14785.0,12,14745.0,29,14790.0,11,14740.0,46
1597988302651043072,1597988302500000000,2020-08-21 13:38:22.500000,14760.0,14945.0,14700.0,14890.0,nan,14764.701,25410,1875855300.0,28064,14770.0,15,14760.0,49,14775.0,145,14755.0,136,14780.0,32,14750.0,7,14785.0,12,14745.0,29,14790.0,11,14740.0,46
1597988303111312896,1597988303000000000,2020-08-21 13:38:23.000000,14760.0,14945.0,14700.0,14890.0,nan,14764.701,25410,1875855300.0,28064,14770.0,15,14760.0,50,14775.0,143,14755.0,136,14780.0,32,14750.0,7,14785.0,12,14745.0,29,14790.0,11,14740.0,46
1597988303804343040,1597988303500000000,2020-08-21 13:38:23.500000,14760.0,14945.0,14700.0,14890.0,nan,14764.701,25410,1875855300.0,28064,14770.0,17,14765.0,1,14775.0,143,14760.0,50,14780.0,32,14755.0,136,14785.0,12,14750.0,7,14790.0,11,14745.0,29
1597988304135611904,1597988304000000000,2020-08-21 13:38:24.000000,14765.0,14945.0,14700.0,14890.0,nan,14764.701,25414,1876150600.0,28062,14770.0,15,14765.0,1,14775.0,97,14760.0,26,14780.0,32,14755.0,112,14785.0,12,14750.0,7,14790.0,11,14745.0,29
1597988304630676992,1597988304500000000,2020-08-21 13:38:24.500000,14765.0,14945.0,14700.0,14890.0,nan,14764.701,25414,1876150600.0,28062,14770.0,16,14765.0,1,14775.0,96,14760.0,25,14780.0,32,14755.0,112,14785.0,12,14750.0,7,14790.0,11,14745.0,29
1597988305121693952,1597988305000000000,2020-08-21 13:38:25.000000,14765.0,14945.0,14700.0,14890.0,nan,14764.701,25414,1876150600.0,28062,14770.0,18,14765.0,3,14775.0,130,14760.0,47,14780.0,32,14755.0,124,14785.0,12,14750.0,7,14790.0,11,14745.0,29
1597988305627784960,1597988305500000000,2020-08-21 13:38:25.500000,14765.0,14945.0,14700.0,14890.0,nan,14764.701,25414,1876150600.0,28062,14770.0,18,14765.0,3,14775.0,131,14760.0,48,14780.0,32,14755.0,124,14785.0,12,14750.0,7,14790.0,11,14745.0,29
1597988311122533888,1597988311000000000,2020-08-21 13:38:31.000000,14765.0,14945.0,14700.0,14890.0,nan,14764.701,25414,1876150600.0,28062,14770.0,17,14765.0,3,14775.0,131,14760.0,48,14780.0,32,14755.0,124,14785.0,12,14750.0,7,14790.0,11,14745.0,29
1597988311615291904,1597988311500000000,2020-08-21 13:38:31.500000,14765.0,14945.0,14700.0,14890.0,nan,14764.701,25414,1876150600.0,28062,14770.0,15,14765.0,3,14775.0,131,14760.0,48,14780.0,32,14755.0,124,14785.0,12,14750.0,7,14790.0,11,14745.0,29
1597988312119439104,1597988312000000000,2020-08-21 13:38:32.000000,14765.0,14945.0,14700.0,14890.0,nan,14764.701,25414,1876150600.0,28062,14770.0,15,14765.0,5,14775.0,133,14760.0,48,14780.0,32,14755.0,124,14785.0,12,14750.0,7,14790.0,11,14745.0,29
1597988317127794944,1597988317000000000,2020-08-21 13:38:37.000000,14765.0,14945.0,14700.0,14890.0,nan,14764.701,25419,1876519725.0,28065,14765.0,2,14760.0,26,14770.0,13,14755.0,112,14775.0,99,14750.0,7,14780.0,32,14745.0,29,14785.0,12,14740.0,46
1597988317614563072,1597988317500000000,2020-08-21 13:38:37.500000,14765.0,14945.0,14700.0,14890.0,nan,14764.701,25421,1876667375.0,28066,14770.0,15,14760.0,13,14775.0,96,14755.0,112,14780.0,20,14750.0,7,14785.0,12,14745.0,29,14790.0,11,14740.0,46
1597988318164764928,1597988318000000000,2020-08-21 13:38:38.000000,14765.0,14945.0,14700.0,14890.0,nan,14764.701,25421,1876667375.0,28066,14770.0,42,14760.0,16,14775.0,108,14755.0,146,14780.0,20,14750.0,7,14785.0,12,14745.0,29,14790.0,11,14740.0,46
1597988318617272064,1597988318500000000,2020-08-21 13:38:38.500000,14765.0,14945.0,14700.0,14890.0,nan,14764.701,25421,1876667375.0,28066,14770.0,55,14760.0,14,14775.0,120,14755.0,159,14780.0,20,14750.0,19,14785.0,12,14745.0,29,14790.0,11,14740.0,46
1597988319113869056,1597988319000000000,2020-08-21 13:38:39.000000,14765.0,14945.0,14700.0,14890.0,nan,14764.701,25421,1876667375.0,28066,14770.0,55,14760.0,12,14775.0,120,14755.0,161,14780.0,20,14750.0,19,14785.0,12,14745.0,29,14790.0,11,14740.0,46
1597988336613089024,1597988336500000000,2020-08-21 13:38:56.500000,14765.0,14945.0,14700.0,14890.0,nan,14764.701,25421,1876667375.0,28066,14770.0,55,14760.0,12,14775.0,120,14755.0,161,14780.0,21,14750.0,19,14785.0,12,14745.0,29,14790.0,11,14740.0,46
1597988337639892992,1597988337500000000,2020-08-21 13:38:57.500000,14765.0,14945.0,14700.0,14890.0,nan,14764.701,25421,1876667375.0,28066,14765.0,1,14760.0,12,14770.0,55,14755.0,161,14775.0,120,14750.0,19,14780.0,21,14745.0,29,14785.0,12,14740.0,46
1597988338136741120,1597988338000000000,2020-08-21 13:38:58.000000,14765.0,14945.0,14700.0,14890.0,nan,14764.701,25424,1876888850.0,28067,14770.0,18,14765.0,2,14775.0,96,14760.0,9,14780.0,21,14755.0,113,14785.0,12,14750.0,7,14790.0,11,14745.0,29
1597988338629947904,1597988338500000000,2020-08-21 13:38:58.500000,14765.0,14945.0,14700.0,14890.0,nan,14764.701,25426,1877036500.0,28066,14770.0,18,14765.0,2,14775.0,96,14760.0,24,14780.0,33,14755.0,112,14785.0,12,14750.0,7,14790.0,11,14745.0,29
1597988339270854912,1597988339000000000,2020-08-21 13:38:59.000000,14765.0,14945.0,14700.0,14890.0,nan,14764.701,25426,1877036500.0,28066,14770.0,20,14765.0,4,14775.0,142,14760.0,46,14780.0,33,14755.0,136,14785.0,12,14750.0,7,14790.0,11,14745.0,29
1597988339635347968,1597988339500000000,2020-08-21 13:38:59.500000,14765.0,14945.0,14700.0,14890.0,nan,14764.701,25426,1877036500.0,28066,14770.0,18,14765.0,4,14775.0,143,14760.0,47,14780.0,33,14755.0,136,14785.0,12,14750.0,7,14790.0,11,14745.0,29
1597988340134234880,1597988340000000000,2020-08-21 13:39:00.000000,14765.0,14945.0,14700.0,14890.0,nan,14764.701,25426,1877036500.0,28066,14770.0,18,14765.0,4,14775.0,145,14760.0,47,14780.0,33,14755.0,136,14785.0,12,14750.0,7,14790.0,11,14745.0,29
1597988355629093120,1597988355500000000,2020-08-21 13:39:15.500000,14765.0,14945.0,14700.0,14890.0,nan,14764.701,25426,1877036500.0,28066,14770.0,19,14765.0,4,14775.0,145,14760.0,47,14780.0,33,14755.0,136,14785.0,12,14750.0,7,14790.0,11,14745.0,29
1597988356627604992,1597988356500000000,2020-08-21 13:39:16.500000,14765.0,14945.0,14700.0,14890.0,nan,14764.701,25426,1877036500.0,28066,14770.0,19,14765.0,6,14775.0,145,14760.0,47,14780.0,33,14755.0,136,14785.0,12,14750.0,7,14790.0,11,14745.0,29
1597988357609818880,1597988357500000000,2020-08-21 13:39:17.500000,14765.0,14945.0,14700.0,14890.0,nan,14764.701,25426,1877036500.0,28066,14770.0,20,14765.0,6,14775.0,145,14760.0,47,14780.0,33,14755.0,136,14785.0,12,14750.0,7,14790.0,11,14745.0,29
1597988360122854912,1597988360000000000,2020-08-21 13:39:20.000000,14770.0,14945.0,14700.0,14890.0,nan,14764.703,25431,1877405750.0,28066,14770.0,15,14765.0,6,14775.0,145,14760.0,47,14780.0,33,14755.0,136,14785.0,12,14750.0,7,14790.0,11,14745.0,29
1597988360617011968,1597988360500000000,2020-08-21 13:39:20.500000,14765.0,14945.0,14700.0,14890.0,nan,14764.703,25432,1877479575.0,28066,14770.0,15,14765.0,5,14775.0,145,14760.0,47,14780.0,33,14755.0,136,14785.0,12,14750.0,7,14790.0,11,14745.0,29
1597988363626452992,1597988363500000000,2020-08-21 13:39:23.500000,14770.0,14945.0,14700.0,14890.0,nan,14764.703,25433,1877553425.0,28065,14770.0,14,14765.0,4,14775.0,145,14760.0,47,14780.0,33,14755.0,136,14785.0,12,14750.0,7,14790.0,11,14745.0,29
1597988366189867008,1597988366000000000,2020-08-21 13:39:26.000000,14770.0,14945.0,14700.0,14890.0,nan,14764.703,25433,1877553425.0,28065,14770.0,14,14765.0,13,14775.0,145,14760.0,47,14780.0,33,14755.0,136,14785.0,12,14750.0,7,14790.0,11,14745.0,29
1597988366645018880,1597988366500000000,2020-08-21 13:39:26.500000,14770.0,14945.0,14700.0,14890.0,nan,14764.703,25433,1877553425.0,28065,14770.0,9,14765.0,13,14775.0,145,14760.0,47,14780.0,33,14755.0,136,14785.0,12,14750.0,7,14790.0,11,14745.0,29
1597988367171478016,1597988367000000000,2020-08-21 13:39:27.000000,14770.0,14945.0,14700.0,14890.0,nan,14764.703,25433,1877553425.0,28065,14770.0,9,14765.0,13,14775.0,97,14760.0,95,14780.0,81,14755.0,88,14785.0,12,14750.0,7,14790.0,11,14745.0,29
1597988367652606976,1597988367500000000,2020-08-21 13:39:27.500000,14770.0,14945.0,14700.0,14890.0,nan,14764.703,25433,1877553425.0,28065,14770.0,9,14765.0,13,14775.0,73,14760.0,107,14780.0,93,14755.0,64,14785.0,12,14750.0,7,14790.0,11,14745.0,29
1597988368125700096,1597988368000000000,2020-08-21 13:39:28.000000,14770.0,14945.0,14700.0,14890.0,nan,14764.703,25433,1877553425.0,28065,14770.0,11,14765.0,13,14775.0,61,14760.0,119,14780.0,105,14755.0,52,14785.0,12,14750.0,7,14790.0,11,14745.0,29
1597988368616796928,1597988368500000000,2020-08-21 13:39:28.500000,14770.0,14945.0,14700.0,14890.0,nan,14764.703,25433,1877553425.0,28065,14770.0,11,14765.0,13,14775.0,61,14760.0,131,14780.0,117,14755.0,52,14785.0,12,14750.0,7,14790.0,11,14745.0,29
1597988370632955904,1597988370500000000,2020-08-21 13:39:30.500000,14770.0,14945.0,14700.0,14890.0,nan,14764.703,25433,1877553425.0,28065,14770.0,11,14765.0,13,14775.0,61,14760.0,131,14780.0,106,14755.0,52,14785.0,12,14750.0,7,14790.0,11,14745.0,29
1597988386622723072,1597988386500000000,2020-08-21 13:39:46.500000,14770.0,14945.0,14700.0,14890.0,nan,14764.704,25440,1878070375.0,28065,14770.0,12,14765.0,11,14775.0,39,14760.0,97,14780.0,94,14755.0,52,14785.0,12,14750.0,7,14790.0,11,14745.0,29
1597988387136637952,1597988387000000000,2020-08-21 13:39:47.000000,14765.0,14945.0,14700.0,14890.0,nan,14764.704,25451,1878882450.0,28065,14770.0,12,14760.0,61,14775.0,75,14755.0,88,14780.0,58,14750.0,7,14785.0,12,14745.0,29,14790.0,11,14740.0,46
1597988387631326976,1597988387500000000,2020-08-21 13:39:47.500000,14765.0,14945.0,14700.0,14890.0,nan,14764.704,25451,1878882450.0,28065,14770.0,14,14760.0,49,14775.0,97,14755.0,88,14780.0,22,14750.0,7,14785.0,12,14745.0,29,14790.0,11,14740.0,46
1597988388124331008,1597988388000000000,2020-08-21 13:39:48.000000,14765.0,14945.0,14700.0,14890.0,nan,14764.704,25451,1878882450.0,28065,14770.0,14,14760.0,49,14775.0,145,14755.0,136,14780.0,22,14750.0,7,14785.0,12,14745.0,29,14790.0,11,14740.0,46
1597988398628807936,1597988398500000000,2020-08-21 13:39:58.500000,14765.0,14945.0,14700.0,14890.0,nan,14764.704,25451,1878882450.0,28065,14770.0,14,14760.0,49,14775.0,145,14755.0,136,14780.0,23,14750.0,7,14785.0,12,14745.0,29,14790.0,11,14740.0,46
1597988399127714048,1597988399000000000,2020-08-21 13:39:59.000000,14765.0,14945.0,14700.0,14890.0,nan,14764.704,25451,1878882450.0,28065,14770.0,14,14765.0,1,14775.0,145,14760.0,49,14780.0,23,14755.0,136,14785.0,12,14750.0,7,14790.0,11,14745.0,29
1597988399620854016,1597988399500000000,2020-08-21 13:39:59.500000,14765.0,14945.0,14700.0,14890.0,nan,14764.704,25451,1878882450.0,28065,14770.0,14,14765.0,8,14775.0,131,14760.0,47,14780.0,23,14755.0,124,14785.0,12,14750.0,7,14790.0,11,14745.0,29
1597988400136578048,1597988400000000000,2020-08-21 13:40:00.000000,14765.0,14945.0,14700.0,14890.0,nan,14764.704,25451,1878882450.0,28065,14770.0,14,14765.0,8,14775.0,145,14760.0,47,14780.0,23,14755.0,136,14785.0,12,14750.0,7,14790.0,11,14745.0,29
1597988400641452032,1597988400500000000,2020-08-21 13:40:00.500000,14765.0,14945.0,14700.0,14890.0,nan,14764.704,25459,1879473050.0,28064,14765.0,2,14760.0,25,14770.0,12,14755.0,124,14775.0,111,14750.0,7,14780.0,23,14745.0,29,14785.0,12,14740.0,46
1597988401118341888,1597988401000000000,2020-08-21 13:40:01.000000,14760.0,14945.0,14700.0,14890.0,nan,14764.703,25470,1880284925.0,28058,14765.0,9,14760.0,3,14770.0,3,14755.0,113,14775.0,96,14750.0,19,14780.0,11,14745.0,29,14785.0,12,14740.0,46
1597988401630859008,1597988401500000000,2020-08-21 13:40:01.500000,14760.0,14945.0,14700.0,14890.0,nan,14764.703,25480,1881023150.0,28060,14765.0,8,14760.0,10,14770.0,64,14755.0,110,14775.0,72,14750.0,43,14780.0,11,14745.0,29,14785.0,12,14740.0,46
1597988402149906944,1597988402000000000,2020-08-21 13:40:02.000000,14760.0,14945.0,14700.0,14890.0,nan,14764.703,25484,1881318425.0,28060,14770.0,6,14760.0,13,14775.0,108,14755.0,128,14780.0,11,14750.0,19,14785.0,12,14745.0,29,14790.0,11,14740.0,46
1597988402626589952,1597988402500000000,2020-08-21 13:40:02.500000,14760.0,14945.0,14700.0,14890.0,nan,14764.703,25484,1881318425.0,28060,14770.0,4,14760.0,15,14775.0,96,14755.0,112,14780.0,11,14750.0,7,14785.0,12,14745.0,29,14790.0,11,14740.0,46
1597988403132304896,1597988403000000000,2020-08-21 13:40:03.000000,14760.0,14945.0,14700.0,14890.0,nan,14764.703,25484,1881318425.0,28060,14770.0,18,14760.0,41,14775.0,132,14755.0,124,14780.0,11,14750.0,7,14785.0,12,14745.0,29,14790.0,11,14740.0,46
1597988403630202112,1597988403500000000,2020-08-21 13:40:03.500000,14760.0,14945.0,14700.0,14890.0,nan,14764.703,25484,1881318425.0,28060,14770.0,17,14760.0,54,14775.0,145,14755.0,136,14780.0,23,14750.0,7,14785.0,12,14745.0,29,14790.0,11,14740.0,46
1597988404654211072,1597988404500000000,2020-08-21 13:40:04.500000,14760.0,14945.0,14700.0,14890.0,nan,14764.703,25484,1881318425.0,28060,14770.0,18,14760.0,54,14775.0,133,14755.0,124,14780.0,23,14750.0,7,14785.0,12,14745.0,29,14790.0,11,14740.0,46
1597988405651023104,1597988405500000000,2020-08-21 13:40:05.500000,14760.0,14945.0,14700.0,14890.0,nan,14764.703,25484,1881318425.0,28060,14765.0,1,14760.0,62,14770.0,18,14755.0,124,14775.0,133,14750.0,7,14780.0,23,14745.0,29,14785.0,12,14740.0,46
1597988406134574080,1597988406000000000,2020-08-21 13:40:06.000000,14765.0,14945.0,14700.0,14890.0,nan,14764.703,25488,1881613725.0,28058,14770.0,16,14765.0,1,14775.0,85,14760.0,38,14780.0,23,14755.0,100,14785.0,12,14750.0,7,14790.0,11,14745.0,29
1597988406630035968,1597988406500000000,2020-08-21 13:40:06.500000,14765.0,14945.0,14700.0,14890.0,nan,14764.703,25488,1881613725.0,28058,14770.0,19,14765.0,9,14775.0,73,14760.0,30,14780.0,23,14755.0,88,14785.0,12,14750.0,7,14790.0,11,14745.0,29
1597988407276369920,1597988407000000000,2020-08-21 13:40:07.000000,14765.0,14945.0,14700.0,14890.0,nan,14764.703,25488,1881613725.0,28058,14770.0,12,14765.0,17,14775.0,119,14760.0,52,14780.0,23,14755.0,112,14785.0,12,14750.0,7,14790.0,11,14745.0,29
1597988407633722880,1597988407500000000,2020-08-21 13:40:07.500000,14765.0,14945.0,14700.0,14890.0,nan,14764.703,25488,1881613725.0,28058,14770.0,12,14765.0,17,14775.0,97,14760.0,100,14780.0,59,14755.0,88,14785.0,12,14750.0,7,14790.0,11,14745.0,29
1597988408150419968,1597988408000000000,2020-08-21 13:40:08.000000,14765.0,14945.0,14700.0,14890.0,nan,14764.703,25488,1881613725.0,28058,14770.0,12,14765.0,17,14775.0,73,14760.0,112,14780.0,70,14755.0,64,14785.0,12,14750.0,7,14790.0,11,14745.0,29
1597988408627251968,1597988408500000000,2020-08-21 13:40:08.500000,14765.0,14945.0,14700.0,14890.0,nan,14764.703,25489,1881687550.0,28058,14770.0,12,14765.0,16,14775.0,73,14760.0,124,14780.0,83,14755.0,64,14785.0,12,14750.0,7,14790.0,11,14745.0,29
1597988409127354112,1597988409000000000,2020-08-21 13:40:09.000000,14765.0,14945.0,14700.0,14890.0,nan,14764.703,25489,1881687550.0,28058,14770.0,12,14765.0,16,14775.0,61,14760.0,124,14780.0,83,14755.0,52,14785.0,12,14750.0,7,14790.0,11,14745.0,29
1597988409628547072,1597988409500000000,2020-08-21 13:40:09.500000,14765.0,14945.0,14700.0,14890.0,nan,14764.703,25489,1881687550.0,28058,14770.0,12,14765.0,16,14775.0,61,14760.0,136,14780.0,95,14755.0,52,14785.0,12,14750.0,7,14790.0,11,14745.0,29
1597988414653413888,1597988414500000000,2020-08-21 13:40:14.500000,14765.0,14945.0,14700.0,14890.0,nan,14764.703,25489,1881687550.0,28058,14770.0,12,14765.0,16,14775.0,61,14760.0,137,14780.0,95,14755.0,52,14785.0,12,14750.0,7,14790.0,11,14745.0,29
1597988415142727936,1597988415000000000,2020-08-21 13:40:15.000000,14765.0,14945.0,14700.0,14890.0,nan,14764.703,25489,1881687550.0,28058,14770.0,12,14765.0,16,14775.0,61,14760.0,125,14780.0,95,14755.0,52,14785.0,12,14750.0,7,14790.0,11,14745.0,29
1597988415685463040,1597988415500000000,2020-08-21 13:40:15.500000,14765.0,14945.0,14700.0,14890.0,nan,14764.703,25489,1881687550.0,28058,14770.0,12,14765.0,16,14775.0,61,14760.0,137,14780.0,95,14755.0,52,14785.0,12,14750.0,7,14790.0,11,14745.0,29
1597988417148675072,1597988417000000000,2020-08-21 13:40:17.000000,14765.0,14945.0,14700.0,14890.0,nan,14764.703,25489,1881687550.0,28058,14770.0,12,14765.0,16,14775.0,61,14760.0,138,14780.0,95,14755.0,52,14785.0,12,14750.0,7,14790.0,11,14745.0,29
1597988423627968000,1597988423500000000,2020-08-21 13:40:23.500000,14770.0,14945.0,14700.0,14890.0,nan,14764.705,25500,1882499900.0,28060,14770.0,1,14765.0,15,14775.0,50,14760.0,127,14780.0,95,14755.0,52,14785.0,12,14750.0,7,14790.0,11,14745.0,29
1597988424164439040,1597988424000000000,2020-08-21 13:40:24.000000,14770.0,14945.0,14700.0,14890.0,nan,14764.706,25503,1882721475.0,28058,14775.0,26,14770.0,1,14780.0,83,14765.0,14,14785.0,12,14760.0,102,14790.0,11,14755.0,52,14795.0,41,14750.0,7
1597988424643329024,1597988424500000000,2020-08-21 13:40:24.500000,14775.0,14945.0,14700.0,14890.0,nan,14764.707,25506,1882943050.0,28056,14775.0,12,14770.0,10,14780.0,60,14765.0,20,14785.0,12,14760.0,64,14790.0,11,14755.0,28,14795.0,41,14750.0,7
1597988425141789952,1597988425000000000,2020-08-21 13:40:25.000000,14775.0,14945.0,14700.0,14890.0,nan,14764.707,25506,1882943050.0,28056,14775.0,12,14770.0,12,14780.0,95,14765.0,67,14785.0,48,14760.0,88,14790.0,11,14755.0,28,14795.0,41,14750.0,7
1597988425621259008,1597988425500000000,2020-08-21 13:40:25.500000,14775.0,14945.0,14700.0,14890.0,nan,14764.707,25506,1882943050.0,28056,14775.0,12,14770.0,12,14780.0,73,14765.0,103,14785.0,84,14760.0,64,14790.0,11,14755.0,28,14795.0,41,14750.0,7
1597988426187753984,1597988426000000000,2020-08-21 13:40:26.000000,14775.0,14945.0,14700.0,14890.0,nan,14764.707,25506,1882943050.0,28056,14775.0,12,14770.0,12,14780.0,37,14765.0,115,14785.0,96,14760.0,28,14790.0,11,14755.0,28,14795.0,41,14750.0,7
1597988426795495936,1597988426500000000,2020-08-21 13:40:26.500000,14775.0,14945.0,14700.0,14890.0,nan,14764.707,25506,1882943050.0,28056,14775.0,12,14770.0,12,14780.0,37,14765.0,139,14785.0,120,14760.0,28,14790.0,11,14755.0,28,14795.0,41,14750.0,7
1597988427622054912,1597988427500000000,2020-08-21 13:40:27.500000,14775.0,14945.0,14700.0,14890.0,nan,14764.707,25506,1882943050.0,28056,14775.0,6,14770.0,12,14780.0,37,14765.0,139,14785.0,120,14760.0,28,14790.0,11,14755.0,28,14795.0,41,14750.0,7
1597988431634127104,1597988431500000000,2020-08-21 13:40:31.500000,14770.0,14945.0,14700.0,14890.0,nan,14764.707,25507,1883016900.0,28055,14775.0,6,14770.0,13,14780.0,37,14765.0,139,14785.0,120,14760.0,28,14790.0,11,14755.0,28,14795.0,41,14750.0,7
1597988439639412992,1597988439500000000,2020-08-21 13:40:39.500000,14770.0,14945.0,14700.0,14890.0,nan,14764.707,25507,1883016900.0,28055,14775.0,6,14770.0,13,14780.0,39,14765.0,139,14785.0,120,14760.0,28,14790.0,11,14755.0,28,14795.0,41,14750.0,7
1597988447619538944,1597988447500000000,2020-08-21 13:40:47.500000,14770.0,14945.0,14700.0,14890.0,nan,14764.707,25507,1883016900.0,28055,14775.0,6,14770.0,14,14780.0,39,14765.0,139,14785.0,120,14760.0,28,14790.0,11,14755.0,28,14795.0,41,14750.0,7
1597988449618788096,1597988449500000000,2020-08-21 13:40:49.500000,14775.0,14945.0,14700.0,14890.0,nan,14764.708,25509,1883164650.0,28054,14775.0,4,14770.0,12,14780.0,39,14765.0,139,14785.0,120,14760.0,28,14790.0,11,14755.0,28,14795.0,41,14750.0,7
1597988450113818880,1597988450000000000,2020-08-21 13:40:50.000000,14775.0,14945.0,14700.0,14890.0,nan,14764.709,25513,1883460150.0,28051,14780.0,17,14775.0,2,14785.0,108,14770.0,10,14790.0,11,14765.0,105,14795.0,41,14760.0,28,14800.0,60,14755.0,28
1597988450604079104,1597988450500000000,2020-08-21 13:40:50.500000,14775.0,14945.0,14700.0,14890.0,nan,14764.71,25515,1883607900.0,28050,14780.0,15,14775.0,14,14785.0,72,14770.0,13,14790.0,23,14765.0,66,14795.0,41,14760.0,28,14800.0,60,14755.0,28
1597988451123635968,1597988451000000000,2020-08-21 13:40:51.000000,14775.0,14945.0,14700.0,14890.0,nan,14764.712,25520,1883977275.0,28049,14780.0,16,14775.0,11,14785.0,106,14770.0,37,14790.0,23,14765.0,78,14795.0,41,14760.0,28,14800.0,60,14755.0,28
1597988451614050048,1597988451500000000,2020-08-21 13:40:51.500000,14775.0,14945.0,14700.0,14890.0,nan,14764.717,25531,1884789900.0,28050,14775.0,2,14770.0,16,14780.0,14,14765.0,78,14785.0,87,14760.0,28,14790.0,23,14755.0,28,14795.0,41,14750.0,7
1597988452125547008,1597988452000000000,2020-08-21 13:40:52.000000,14770.0,14945.0,14700.0,14890.0,nan,14764.717,25535,1885085300.0,28051,14775.0,10,14770.0,1,14780.0,15,14765.0,78,14785.0,84,14760.0,28,14790.0,11,14755.0,28,14795.0,41,14750.0,7
1597988452627784960,1597988452500000000,2020-08-21 13:40:52.500000,14770.0,14945.0,14700.0,14890.0,nan,14764.718,25544,1885749825.0,28053,14775.0,12,14765.0,50,14780.0,38,14760.0,54,14785.0,60,14755.0,28,14790.0,11,14750.0,7,14795.0,41,14745.0,29
1597988453141123072,1597988453000000000,2020-08-21 13:40:53.000000,14770.0,14945.0,14700.0,14890.0,nan,14764.718,25544,1885749825.0,28053,14770.0,2,14765.0,14,14775.0,12,14760.0,64,14780.0,50,14755.0,28,14785.0,24,14750.0,7,14790.0,11,14745.0,29
1597988453627504896,1597988453500000000,2020-08-21 13:40:53.500000,14770.0,14945.0,14700.0,14890.0,nan,14764.718,25544,1885749825.0,28053,14770.0,5,14765.0,3,14775.0,45,14760.0,125,14780.0,86,14755.0,40,14785.0,12,14750.0,7,14790.0,11,14745.0,29
1597988454113730048,1597988454000000000,2020-08-21 13:40:54.000000,14770.0,14945.0,14700.0,14890.0,nan,14764.718,25544,1885749825.0,28053,14770.0,5,14765.0,10,14775.0,80,14760.0,114,14780.0,74,14755.0,76,14785.0,12,14750.0,7,14790.0,11,14745.0,29
1597988454624651008,1597988454500000000,2020-08-21 13:40:54.500000,14770.0,14945.0,14700.0,14890.0,nan,14764.718,25544,1885749825.0,28053,14770.0,5,14765.0,10,14775.0,46,14760.0,138,14780.0,98,14755.0,40,14785.0,12,14750.0,7,14790.0,11,14745.0,29
1597988455124595968,1597988455000000000,2020-08-21 13:40:55.000000,14770.0,14945.0,14700.0,14890.0,nan,14764.718,25544,1885749825.0,28053,14770.0,5,14765.0,10,14775.0,46,14760.0,150,14780.0,110,14755.0,40,14785.0,12,14750.0,7,14790.0,11,14745.0,29
1597988455617554944,1597988455500000000,2020-08-21 13:40:55.500000,14770.0,14945.0,14700.0,14890.0,nan,14764.718,25544,1885749825.0,28053,14770.0,5,14765.0,11,14775.0,46,14760.0,150,14780.0,110,14755.0,40,14785.0,12,14750.0,7,14790.0,11,14745.0,29
1597988456621806080,1597988456500000000,2020-08-21 13:40:56.500000,14770.0,14945.0,14700.0,14890.0,nan,14764.718,25544,1885749825.0,28053,14770.0,5,14765.0,12,14775.0,46,14760.0,150,14780.0,110,14755.0,40,14785.0,12,14750.0,7,14790.0,11,14745.0,29
1597988458615823104,1597988458500000000,2020-08-21 13:40:58.500000,14770.0,14945.0,14700.0,14890.0,nan,14764.718,25544,1885749825.0,28053,14770.0,5,14765.0,11,14775.0,47,14760.0,150,14780.0,110,14755.0,40,14785.0,12,14750.0,7,14790.0,11,14745.0,29
1597988459120316928,1597988459000000000,2020-08-21 13:40:59.000000,14770.0,14945.0,14700.0,14890.0,nan,14764.718,25544,1885749825.0,28053,14770.0,11,14765.0,11,14775.0,47,14760.0,150,14780.0,110,14755.0,40,14785.0,12,14750.0,7,14790.0,11,14745.0,29
1597988459626072064,1597988459500000000,2020-08-21 13:40:59.500000,14770.0,14945.0,14700.0,14890.0,nan,14764.719,25545,1885823675.0,28053,14770.0,10,14765.0,8,14775.0,47,14760.0,148,14780.0,110,14755.0,40,14785.0,12,14750.0,7,14790.0,11,14745.0,29
1597988460132730112,1597988460000000000,2020-08-21 13:41:00.000000,14770.0,14945.0,14700.0,14890.0,nan,14764.719,25545,1885823675.0,28053,14770.0,10,14765.0,8,14775.0,83,14760.0,112,14780.0,74,14755.0,76,14785.0,12,14750.0,7,14790.0,11,14745.0,29
1597988460620805120,1597988460500000000,2020-08-21 13:41:00.500000,14770.0,14945.0,14700.0,14890.0,nan,14764.719,25545,1885823675.0,28053,14770.0,10,14765.0,16,14775.0,83,14760.0,100,14780.0,62,14755.0,76,14785.0,12,14750.0,7,14790.0,11,14745.0,29
1597988461302969088,1597988461000000000,2020-08-21 13:41:01.000000,14770.0,14945.0,14700.0,14890.0,nan,14764.719,25545,1885823675.0,28053,14770.0,10,14765.0,16,14775.0,59,14760.0,136,14780.0,98,14755.0,52,14785.0,12,14750.0,7,14790.0,11,14745.0,29
1597988461625082880,1597988461500000000,2020-08-21 13:41:01.500000,14770.0,14945.0,14700.0,14890.0,nan,14764.719,25545,1885823675.0,28053,14770.0,4,14765.0,16,14775.0,47,14760.0,136,14780.0,98,14755.0,40,14785.0,12,14750.0,7,14790.0,11,14745.0,29
1597988462142394112,1597988462000000000,2020-08-21 13:41:02.000000,14770.0,14945.0,14700.0,14890.0,nan,14764.719,25545,1885823675.0,28053,14770.0,4,14765.0,16,14775.0,47,14760.0,148,14780.0,110,14755.0,40,14785.0,12,14750.0,7,14790.0,11,14745.0,29
1597988463611657984,1597988463500000000,2020-08-21 13:41:03.500000,14770.0,14945.0,14700.0,14890.0,nan,14764.719,25549,1886119075.0,28053,14775.0,13,14770.0,1,14780.0,98,14765.0,14,14785.0,12,14760.0,115,14790.0,11,14755.0,40,14795.0,41,14750.0,7
1597988464149199872,1597988464000000000,2020-08-21 13:41:04.000000,14770.0,14945.0,14700.0,14890.0,nan,14764.719,25549,1886119075.0,28053,14775.0,12,14770.0,17,14780.0,75,14765.0,30,14785.0,24,14760.0,77,14790.0,11,14755.0,28,14795.0,41,14750.0,7
1597988464628425984,1597988464500000000,2020-08-21 13:41:04.500000,14770.0,14945.0,14700.0,14890.0,nan,14764.719,25549,1886119075.0,28053,14775.0,12,14770.0,19,14780.0,74,14765.0,89,14785.0,72,14760.0,63,14790.0,11,14755.0,28,14795.0,41,14750.0,7
1597988465139529984,1597988465000000000,2020-08-21 13:41:05.000000,14770.0,14945.0,14700.0,14890.0,nan,14764.719,25549,1886119075.0,28053,14775.0,12,14770.0,19,14780.0,64,14765.0,115,14785.0,96,14760.0,51,14790.0,11,14755.0,28,14795.0,41,14750.0,7
1597988465614657024,1597988465500000000,2020-08-21 13:41:05.500000,14770.0,14945.0,14700.0,14890.0,nan,14764.719,25549,1886119075.0,28053,14775.0,12,14770.0,19,14780.0,52,14765.0,115,14785.0,96,14760.0,39,14790.0,11,14755.0,28,14795.0,41,14750.0,7
1597988466139045120,1597988466000000000,2020-08-21 13:41:06.000000,14770.0,14945.0,14700.0,14890.0,nan,14764.719,25549,1886119075.0,28053,14775.0,6,14770.0,19,14780.0,52,14765.0,127,14785.0,108,14760.0,39,14790.0,11,14755.0,28,14795.0,41,14750.0,7
1597988467629056000,1597988467500000000,2020-08-21 13:41:07.500000,14770.0,14945.0,14700.0,14890.0,nan,14764.719,25549,1886119075.0,28053,14775.0,6,14770.0,20,14780.0,52,14765.0,127,14785.0,108,14760.0,39,14790.0,11,14755.0,28,14795.0,41,14750.0,7
1597988469127624960,1597988469000000000,2020-08-21 13:41:09.000000,14775.0,14945.0,14700.0,14890.0,nan,14764.722,25555,1886562325.0,28050,14780.0,30,14775.0,2,14785.0,96,14770.0,18,14790.0,11,14765.0,93,14795.0,41,14760.0,39,14800.0,60,14755.0,28
1597988469626983936,1597988469500000000,2020-08-21 13:41:09.500000,14775.0,14945.0,14700.0,14890.0,nan,14764.723,25557,1886710075.0,28049,14780.0,16,14775.0,10,14785.0,60,14770.0,21,14790.0,23,14765.0,56,14795.0,41,14760.0,27,14800.0,60,14755.0,28
1597988470125033984,1597988470000000000,2020-08-21 13:41:10.000000,14775.0,14945.0,14700.0,14890.0,nan,14764.723,25557,1886710075.0,28049,14780.0,12,14775.0,12,14785.0,95,14770.0,56,14790.0,40,14765.0,66,14795.0,41,14760.0,27,14800.0,60,14755.0,28
1597988470664445952,1597988470500000000,2020-08-21 13:41:10.500000,14775.0,14945.0,14700.0,14890.0,nan,14764.723,25557,1886710075.0,28049,14780.0,10,14775.0,12,14785.0,71,14770.0,94,14790.0,76,14765.0,42,14795.0,41,14760.0,27,14800.0,60,14755.0,28
1597988471127054080,1597988471000000000,2020-08-21 13:41:11.000000,14775.0,14945.0,14700.0,14890.0,nan,14764.723,25557,1886710075.0,28049,14780.0,16,14775.0,12,14785.0,37,14770.0,106,14790.0,88,14765.0,6,14795.0,41,14760.0,27,14800.0,60,14755.0,28
1597988471621476096,1597988471500000000,2020-08-21 13:41:11.500000,14775.0,14945.0,14700.0,14890.0,nan,14764.723,25557,1886710075.0,28049,14780.0,17,14775.0,12,14785.0,71,14770.0,94,14790.0,76,14765.0,42,14795.0,41,14760.0,27,14800.0,60,14755.0,28
1597988472113957120,1597988472000000000,2020-08-21 13:41:12.000000,14775.0,14945.0,14700.0,14890.0,nan,14764.723,25557,1886710075.0,28049,14780.0,19,14775.0,12,14785.0,71,14770.0,94,14790.0,76,14765.0,42,14795.0,41,14760.0,27,14800.0,60,14755.0,28
1597988472615790080,1597988472500000000,2020-08-21 13:41:12.500000,14775.0,14945.0,14700.0,14890.0,nan,14764.723,25557,1886710075.0,28049,14780.0,19,14775.0,13,14785.0,72,14770.0,106,14790.0,88,14765.0,42,14795.0,41,14760.0,27,14800.0,60,14755.0,28
1597988473621351936,1597988473500000000,2020-08-21 13:41:13.500000,14775.0,14945.0,14700.0,14890.0,nan,14764.723,25557,1886710075.0,28049,14780.0,19,14775.0,13,14785.0,72,14770.0,107,14790.0,88,14765.0,42,14795.0,41,14760.0,27,14800.0,60,14755.0,28
1597988491639876096,1597988491500000000,2020-08-21 13:41:31.500000,14775.0,14945.0,14700.0,14890.0,nan,14764.723,25557,1886710075.0,28049,14780.0,19,14775.0,13,14785.0,72,14770.0,106,14790.0,88,14765.0,42,14795.0,41,14760.0,27,14800.0,60,14755.0,28
1597988494631324928,1597988494500000000,2020-08-21 13:41:34.500000,14780.0,14945.0,14700.0,14890.0,nan,14764.724,25559,1886857875.0,28048,14780.0,17,14775.0,11,14785.0,72,14770.0,106,14790.0,88,14765.0,42,14795.0,41,14760.0,27,14800.0,60,14755.0,28
1597988495127674880,1597988495000000000,2020-08-21 13:41:35.000000,14775.0,14945.0,14700.0,14890.0,nan,14764.724,25560,1886931750.0,28047,14780.0,12,14775.0,10,14785.0,72,14770.0,106,14790.0,88,14765.0,42,14795.0,41,14760.0,27,14800.0,60,14755.0,28
1597988495622053888,1597988495500000000,2020-08-21 13:41:35.500000,14775.0,14945.0,14700.0,14890.0,nan,14764.724,25560,1886931750.0,28047,14780.0,10,14775.0,16,14785.0,72,14770.0,106,14790.0,88,14765.0,42,14795.0,41,14760.0,27,14800.0,60,14755.0,28
1597988496140067072,1597988496000000000,2020-08-21 13:41:36.000000,14775.0,14945.0,14700.0,14890.0,nan,14764.724,25560,1886931750.0,28047,14780.0,10,14775.0,16,14785.0,38,14770.0,142,14790.0,124,14765.0,6,14795.0,41,14760.0,27,14800.0,60,14755.0,28
1597988501132988928,1597988501000000000,2020-08-21 13:41:41.000000,14775.0,14945.0,14700.0,14890.0,nan,14764.724,25560,1886931750.0,28047,14780.0,18,14775.0,16,14785.0,38,14770.0,142,14790.0,124,14765.0,7,14795.0,41,14760.0,27,14800.0,60,14755.0,28
1597988501623098880,1597988501500000000,2020-08-21 13:41:41.500000,14775.0,14945.0,14700.0,14890.0,nan,14764.724,25560,1886931750.0,28047,14780.0,18,14775.0,16,14785.0,74,14770.0,106,14790.0,88,14765.0,44,14795.0,41,14760.0,27,14800.0,60,14755.0,28
1597988506152110080,1597988506000000000,2020-08-21 13:41:46.000000,14780.0,14945.0,14700.0,14890.0,nan,14764.725,25561,1887005650.0,28047,14780.0,17,14775.0,16,14785.0,74,14770.0,106,14790.0,88,14765.0,44,14795.0,41,14760.0,27,14800.0,60,14755.0,28
1597988508631506944,1597988508500000000,2020-08-21 13:41:48.500000,14780.0,14945.0,14700.0,14890.0,nan,14764.725,25561,1887005650.0,28047,14780.0,17,14775.0,16,14785.0,74,14770.0,111,14790.0,88,14765.0,44,14795.0,41,14760.0,27,14800.0,60,14755.0,28
1597988510120634880,1597988510000000000,2020-08-21 13:41:50.000000,14780.0,14945.0,14700.0,14890.0,nan,14764.725,25562,1887079550.0,28047,14780.0,16,14775.0,16,14785.0,74,14770.0,111,14790.0,83,14765.0,44,14795.0,41,14760.0,27,14800.0,60,14755.0,28
1597988510613188096,1597988510500000000,2020-08-21 13:41:50.500000,14780.0,14945.0,14700.0,14890.0,nan,14764.735,25578,1888261950.0,28038,14785.0,16,14780.0,2,14790.0,107,14775.0,14,14795.0,46,14770.0,113,14800.0,60,14765.0,8,14805.0,1,14760.0,27
1597988511143323904,1597988511000000000,2020-08-21 13:41:51.000000,14780.0,14945.0,14700.0,14890.0,nan,14764.735,25578,1888261950.0,28038,14785.0,14,14780.0,15,14790.0,71,14775.0,18,14795.0,58,14770.0,74,14800.0,60,14765.0,8,14805.0,1,14760.0,27
1597988511623698944,1597988511500000000,2020-08-21 13:41:51.500000,14780.0,14945.0,14700.0,14890.0,nan,14764.735,25578,1888261950.0,28038,14785.0,14,14780.0,17,14790.0,82,14775.0,55,14795.0,70,14770.0,62,14800.0,60,14765.0,8,14805.0,1,14760.0,27
1597988512129594880,1597988512000000000,2020-08-21 13:41:52.000000,14780.0,14945.0,14700.0,14890.0,nan,14764.735,25578,1888261950.0,28038,14785.0,14,14780.0,17,14790.0,72,14775.0,79,14795.0,94,14770.0,50,14800.0,60,14765.0,8,14805.0,1,14760.0,27
1597988512639655936,1597988512500000000,2020-08-21 13:41:52.500000,14780.0,14945.0,14700.0,14890.0,nan,14764.735,25578,1888261950.0,28038,14785.0,14,14780.0,17,14790.0,48,14775.0,91,14795.0,106,14770.0,26,14800.0,60,14765.0,8,14805.0,1,14760.0,27
1597988513112282880,1597988513000000000,2020-08-21 13:41:53.000000,14780.0,14945.0,14700.0,14890.0,nan,14764.735,25578,1888261950.0,28038,14785.0,14,14780.0,17,14790.0,48,14775.0,115,14795.0,130,14770.0,26,14800.0,60,14765.0,8,14805.0,1,14760.0,27
1597988515119205888,1597988515000000000,2020-08-21 13:41:55.000000,14780.0,14945.0,14700.0,14890.0,nan,14764.735,25578,1888261950.0,28038,14785.0,15,14780.0,17,14790.0,48,14775.0,116,14795.0,130,14770.0,26,14800.0,60,14765.0,8,14805.0,1,14760.0,27
1597988515624094976,1597988515500000000,2020-08-21 13:41:55.500000,14785.0,14945.0,14700.0,14890.0,nan,14764.736,25579,1888335875.0,28038,14785.0,16,14780.0,17,14790.0,48,14775.0,116,14795.0,130,14770.0,26,14800.0,60,14765.0,8,14805.0,1,14760.0,27
1597988516119585024,1597988516000000000,2020-08-21 13:41:56.000000,14785.0,14945.0,14700.0,14890.0,nan,14764.737,25580,1888409800.0,28039,14785.0,16,14780.0,17,14790.0,48,14775.0,116,14795.0,130,14770.0,26,14800.0,60,14765.0,8,14805.0,1,14760.0,27
1597988516607451904,1597988516500000000,2020-08-21 13:41:56.500000,14785.0,14945.0,14700.0,14890.0,nan,14764.737,25580,1888409800.0,28039,14785.0,15,14780.0,17,14790.0,48,14775.0,116,14795.0,130,14770.0,26,14800.0,60,14765.0,8,14805.0,1,14760.0,27
1597988518760164096,1597988518500000000,2020-08-21 13:41:58.500000,14785.0,14945.0,14700.0,14890.0,nan,14764.737,25580,1888409800.0,28039,14785.0,15,14780.0,17,14790.0,48,14775.0,116,14795.0,130,14770.0,26,14800.0,60,14765.0,8,14805.0,1,14760.0,28
1597988519641891072,1597988519500000000,2020-08-21 13:41:59.500000,14785.0,14945.0,14700.0,14890.0,nan,14764.737,25581,1888483725.0,28040,14785.0,14,14780.0,17,14790.0,48,14775.0,116,14795.0,130,14770.0,26,14800.0,60,14765.0,8,14805.0,1,14760.0,28
1597988520637763072,1597988520500000000,2020-08-21 13:42:00.500000,14785.0,14945.0,14700.0,14890.0,nan,14764.738,25582,1888557650.0,28041,14785.0,13,14780.0,17,14790.0,48,14775.0,116,14795.0,130,14770.0,26,14800.0,60,14765.0,8,14805.0,1,14760.0,28
1597988521121655040,1597988521000000000,2020-08-21 13:42:01.000000,14785.0,14945.0,14700.0,14890.0,nan,14764.738,25582,1888557650.0,28041,14785.0,13,14780.0,18,14790.0,49,14775.0,128,14795.0,142,14770.0,26,14800.0,60,14765.0,8,14805.0,1,14760.0,28
1597988525628214016,1597988525500000000,2020-08-21 13:42:05.500000,14785.0,14945.0,14700.0,14890.0,nan,14764.738,25582,1888557650.0,28041,14785.0,12,14780.0,18,14790.0,49,14775.0,128,14795.0,142,14770.0,26,14800.0,60,14765.0,8,14805.0,1,14760.0,28
1597988530639052032,1597988530500000000,2020-08-21 13:42:10.500000,14780.0,14945.0,14700.0,14890.0,nan,14764.749,25601,1889961750.0,28042,14780.0,2,14775.0,82,14785.0,10,14770.0,26,14790.0,27,14765.0,8,14795.0,130,14760.0,28,14800.0,60,14755.0,28
1597988531130213120,1597988531000000000,2020-08-21 13:42:11.000000,14780.0,14945.0,14700.0,14890.0,nan,14764.751,25603,1890109550.0,28041,14780.0,8,14775.0,44,14785.0,22,14770.0,51,14790.0,36,14765.0,8,14795.0,82,14760.0,28,14800.0,60,14755.0,28
1597988531645453056,1597988531500000000,2020-08-21 13:42:11.500000,14780.0,14945.0,14700.0,14890.0,nan,14764.751,25603,1890109550.0,28041,14780.0,10,14775.0,21,14785.0,46,14770.0,87,14790.0,59,14765.0,20,14795.0,58,14760.0,28,14800.0,60,14755.0,28
1597988532125282048,1597988532000000000,2020-08-21 13:42:12.000000,14780.0,14945.0,14700.0,14890.0,nan,14764.751,25603,1890109550.0,28041,14780.0,10,14775.0,9,14785.0,47,14770.0,131,14790.0,107,14765.0,20,14795.0,46,14760.0,28,14800.0,60,14755.0,28
1597988532616363008,1597988532500000000,2020-08-21 13:42:12.500000,14780.0,14945.0,14700.0,14890.0,nan,14764.751,25603,1890109550.0,28041,14780.0,10,14775.0,9,14785.0,83,14770.0,95,14790.0,71,14765.0,57,14795.0,46,14760.0,28,14800.0,60,14755.0,28
1597988533124311040,1597988533000000000,2020-08-21 13:42:13.000000,14780.0,14945.0,14700.0,14890.0,nan,14764.751,25603,1890109550.0,28041,14780.0,10,14775.0,9,14785.0,83,14770.0,83,14790.0,59,14765.0,57,14795.0,46,14760.0,28,14800.0,60,14755.0,28
1597988533618044928,1597988533500000000,2020-08-21 13:42:13.500000,14780.0,14945.0,14700.0,14890.0,nan,14764.751,25603,1890109550.0,28041,14780.0,16,14775.0,3,14785.0,107,14770.0,59,14790.0,35,14765.0,81,14795.0,46,14760.0,28,14800.0,60,14755.0,28
1597988534127502080,1597988534000000000,2020-08-21 13:42:14.000000,14780.0,14945.0,14700.0,14890.0,nan,14764.751,25603,1890109550.0,28041,14780.0,16,14775.0,3,14785.0,117,14770.0,59,14790.0,35,14765.0,93,14795.0,46,14760.0,28,14800.0,60,14755.0,28
1597988534618216960,1597988534500000000,2020-08-21 13:42:14.500000,14780.0,14945.0,14700.0,14890.0,nan,14764.751,25603,1890109550.0,28041,14780.0,18,14775.0,3,14785.0,117,14770.0,59,14790.0,35,14765.0,93,14795.0,46,14760.0,28,14800.0,60,14755.0,28
1597988535115437056,1597988535000000000,2020-08-21 13:42:15.000000,14780.0,14945.0,14700.0,14890.0,nan,14764.751,25603,1890109550.0,28041,14780.0,19,14775.0,4,14785.0,116,14770.0,59,14790.0,35,14765.0,92,14795.0,46,14760.0,28,14800.0,60,14755.0,28
1597988537612835072,1597988537500000000,2020-08-21 13:42:17.500000,14775.0,14945.0,14700.0,14890.0,nan,14764.752,25607,1890405050.0,28042,14775.0,8,14770.0,37,14780.0,16,14765.0,81,14785.0,83,14760.0,28,14790.0,35,14755.0,28,14795.0,46,14750.0,7
1597988538166070016,1597988538000000000,2020-08-21 13:42:18.000000,14775.0,14945.0,14700.0,14890.0,nan,14764.752,25607,1890405050.0,28042,14775.0,9,14770.0,22,14780.0,27,14765.0,46,14785.0,47,14760.0,40,14790.0,23,14755.0,28,14795.0,46,14750.0,7
1597988538628054016,1597988538500000000,2020-08-21 13:42:18.500000,14775.0,14945.0,14700.0,14890.0,nan,14764.752,25607,1890405050.0,28042,14775.0,12,14770.0,12,14780.0,49,14765.0,117,14785.0,93,14760.0,40,14790.0,11,14755.0,28,14795.0,46,14750.0,7
1597988539150342912,1597988539000000000,2020-08-21 13:42:19.000000,14775.0,14945.0,14700.0,14890.0,nan,14764.752,25607,1890405050.0,28042,14775.0,12,14770.0,12,14780.0,50,14765.0,130,14785.0,105,14760.0,40,14790.0,11,14755.0,28,14795.0,46,14750.0,7
1597988541147159040,1597988541000000000,2020-08-21 13:42:21.000000,14775.0,14945.0,14700.0,14890.0,nan,14764.753,25608,1890478925.0,28043,14775.0,11,14770.0,12,14780.0,50,14765.0,130,14785.0,105,14760.0,40,14790.0,11,14755.0,28,14795.0,46,14750.0,7
1597988542629574912,1597988542500000000,2020-08-21 13:42:22.500000,14775.0,14945.0,14700.0,14890.0,nan,14764.753,25609,1890552800.0,28044,14775.0,10,14770.0,12,14780.0,50,14765.0,130,14785.0,105,14760.0,40,14790.0,11,14755.0,28,14795.0,46,14750.0,7
1597988543623230976,1597988543500000000,2020-08-21 13:42:23.500000,14775.0,14945.0,14700.0,14890.0,nan,14764.757,25619,1891291550.0,28039,14780.0,16,14775.0,3,14785.0,94,14770.0,9,14790.0,11,14765.0,97,14795.0,46,14760.0,40,14800.0,60,14755.0,28
1597988544122705920,1597988544000000000,2020-08-21 13:42:24.000000,14775.0,14945.0,14700.0,14890.0,nan,14764.757,25620,1891365425.0,28039,14780.0,15,14775.0,6,14785.0,71,14770.0,34,14790.0,23,14765.0,57,14795.0,46,14760.0,28,14800.0,60,14755.0,28
1597988544625093120,1597988544500000000,2020-08-21 13:42:24.500000,14775.0,14945.0,14700.0,14890.0,nan,14764.761,25630,1892104150.0,28036,14775.0,6,14770.0,12,14780.0,15,14765.0,68,14785.0,72,14760.0,28,14790.0,23,14755.0,28,14795.0,46,14750.0,7
1597988545173828096,1597988545000000000,2020-08-21 13:42:25.000000,14775.0,14945.0,14700.0,14890.0,nan,14764.764,25637,1892621275.0,28037,14780.0,15,14770.0,3,14785.0,70,14765.0,81,14790.0,11,14760.0,28,14795.0,46,14755.0,28,14800.0,60,14750.0,7
1597988545653838080,1597988545500000000,2020-08-21 13:42:25.500000,14775.0,14945.0,14700.0,14890.0,nan,14764.764,25637,1892621275.0,28037,14780.0,41,14770.0,18,14785.0,81,14765.0,103,14790.0,11,14760.0,28,14795.0,46,14755.0,28,14800.0,60,14750.0,7
1597988546135161088,1597988546000000000,2020-08-21 13:42:26.000000,14775.0,14945.0,14700.0,14890.0,nan,14764.764,25637,1892621275.0,28037,14780.0,55,14770.0,18,14785.0,105,14765.0,128,14790.0,11,14760.0,40,14795.0,46,14755.0,28,14800.0,60,14750.0,7
1597988547157384960,1597988547000000000,2020-08-21 13:42:27.000000,14775.0,14945.0,14700.0,14890.0,nan,14764.764,25637,1892621275.0,28037,14780.0,55,14770.0,20,14785.0,105,14765.0,128,14790.0,11,14760.0,40,14795.0,46,14755.0,28,14800.0,60,14750.0,7
1597988548127213056,1597988548000000000,2020-08-21 13:42:28.000000,14775.0,14945.0,14700.0,14890.0,nan,14764.764,25637,1892621275.0,28037,14780.0,55,14770.0,21,14785.0,105,14765.0,128,14790.0,11,14760.0,40,14795.0,46,14755.0,28,14800.0,60,14750.0,7
1597988552636614912,1597988552500000000,2020-08-21 13:42:32.500000,14775.0,14945.0,14700.0,14890.0,nan,14764.764,25637,1892621275.0,28037,14775.0,2,14770.0,21,14780.0,55,14765.0,128,14785.0,105,14760.0,40,14790.0,11,14755.0,28,14795.0,46,14750.0,7
1597988553126364928,1597988553000000000,2020-08-21 13:42:33.000000,14775.0,14945.0,14700.0,14890.0,nan,14764.764,25638,1892695150.0,28037,14775.0,4,14770.0,21,14780.0,40,14765.0,128,14785.0,105,14760.0,28,14790.0,11,14755.0,28,14795.0,46,14750.0,7
1597988553625191936,1597988553500000000,2020-08-21 13:42:33.500000,14775.0,14945.0,14700.0,14890.0,nan,14764.764,25638,1892695150.0,28037,14775.0,5,14770.0,20,14780.0,51,14765.0,127,14785.0,105,14760.0,40,14790.0,11,14755.0,28,14795.0,46,14750.0,7
1597988556138661120,1597988556000000000,2020-08-21 13:42:36.000000,14770.0,14945.0,14700.0,14890.0,nan,14764.765,25640,1892842850.0,28037,14775.0,5,14770.0,18,14780.0,49,14765.0,127,14785.0,105,14760.0,40,14790.0,11,14755.0,28,14795.0,46,14750.0,7
1597988556627889920,1597988556500000000,2020-08-21 13:42:36.500000,14770.0,14945.0,14700.0,14890.0,nan,14764.765,25640,1892842850.0,28037,14775.0,11,14770.0,19,14780.0,49,14765.0,127,14785.0,105,14760.0,40,14790.0,11,14755.0,28,14795.0,46,14750.0,7
1597988557143566080,1597988557000000000,2020-08-21 13:42:37.000000,14770.0,14945.0,14700.0,14890.0,nan,14764.765,25640,1892842850.0,28037,14775.0,11,14770.0,12,14780.0,49,14765.0,127,14785.0,105,14760.0,40,14790.0,11,14755.0,28,14795.0,46,14750.0,7
1597988557633558016,1597988557500000000,2020-08-21 13:42:37.500000,14770.0,14945.0,14700.0,14890.0,nan,14764.765,25640,1892842850.0,28037,14775.0,12,14770.0,12,14780.0,49,14765.0,127,14785.0,105,14760.0,40,14790.0,11,14755.0,28,14795.0,46,14750.0,7
1597988558145506048,1597988558000000000,2020-08-21 13:42:38.000000,14770.0,14945.0,14700.0,14890.0,nan,14764.765,25640,1892842850.0,28037,14775.0,12,14770.0,7,14780.0,60,14765.0,116,14785.0,94,14760.0,51,14790.0,11,14755.0,28,14795.0,46,14750.0,7
1597988558646437888,1597988558500000000,2020-08-21 13:42:38.500000,14770.0,14945.0,14700.0,14890.0,nan,14764.765,25640,1892842850.0,28037,14775.0,12,14770.0,7,14780.0,84,14765.0,92,14785.0,70,14760.0,75,14790.0,11,14755.0,28,14795.0,46,14750.0,7
1597988559141408000,1597988559000000000,2020-08-21 13:42:39.000000,14770.0,14945.0,14700.0,14890.0,nan,14764.765,25640,1892842850.0,28037,14775.0,12,14770.0,7,14780.0,84,14765.0,68,14785.0,46,14760.0,75,14790.0,11,14755.0,28,14795.0,46,14750.0,7
1597988559643426048,1597988559500000000,2020-08-21 13:42:39.500000,14770.0,14945.0,14700.0,14890.0,nan,14764.765,25640,1892842850.0,28037,14775.0,12,14770.0,7,14780.0,108,14765.0,56,14785.0,34,14760.0,99,14790.0,11,14755.0,28,14795.0,46,14750.0,7
1597988560150533888,1597988560000000000,2020-08-21 13:42:40.000000,14770.0,14945.0,14700.0,14890.0,nan,14764.765,25640,1892842850.0,28037,14775.0,12,14770.0,7,14780.0,120,14765.0,56,14785.0,34,14760.0,111,14790.0,11,14755.0,28,14795.0,46,14750.0,7
1597988563638584064,1597988563500000000,2020-08-21 13:42:43.500000,14770.0,14945.0,14700.0,14890.0,nan,14764.766,25647,1893359800.0,28041,14770.0,3,14765.0,34,14775.0,10,14760.0,100,14780.0,87,14755.0,28,14785.0,34,14750.0,7,14790.0,11,14745.0,29
1597988564136440064,1597988564000000000,2020-08-21 13:42:44.000000,14770.0,14945.0,14700.0,14890.0,nan,14764.766,25647,1893359800.0,28041,14770.0,3,14765.0,7,14775.0,8,14760.0,76,14780.0,61,14755.0,28,14785.0,10,14750.0,7,14790.0,11,14745.0,29
1597988564624893952,1597988564500000000,2020-08-21 13:42:44.500000,14770.0,14945.0,14700.0,14890.0,nan,14764.766,25647,1893359800.0,28041,14770.0,6,14765.0,15,14775.0,32,14760.0,135,14780.0,95,14755.0,28,14785.0,10,14750.0,7,14790.0,11,14745.0,29
1597988565133884928,1597988565000000000,2020-08-21 13:42:45.000000,14765.0,14945.0,14700.0,14890.0,nan,14764.766,25648,1893433625.0,28041,14770.0,6,14765.0,14,14775.0,33,14760.0,148,14780.0,107,14755.0,28,14785.0,10,14750.0,7,14790.0,11,14745.0,29
1597988565638049024,1597988565500000000,2020-08-21 13:42:45.500000,14765.0,14945.0,14700.0,14890.0,nan,14764.766,25648,1893433625.0,28041,14770.0,7,14765.0,14,14775.0,45,14760.0,149,14780.0,107,14755.0,40,14785.0,10,14750.0,7,14790.0,11,14745.0,29
1597988566131148032,1597988566000000000,2020-08-21 13:42:46.000000,14765.0,14945.0,14700.0,14890.0,nan,14764.766,25648,1893433625.0,28041,14770.0,8,14765.0,14,14775.0,46,14760.0,149,14780.0,107,14755.0,40,14785.0,10,14750.0,7,14790.0,11,14745.0,29
1597988566641494016,1597988566500000000,2020-08-21 13:42:46.500000,14765.0,14945.0,14700.0,14890.0,nan,14764.766,25648,1893433625.0,28041,14770.0,7,14765.0,13,14775.0,46,14760.0,138,14780.0,96,14755.0,40,14785.0,10,14750.0,7,14790.0,11,14745.0,29
1597988567139510016,1597988567000000000,2020-08-21 13:42:47.000000,14765.0,14945.0,14700.0,14890.0,nan,14764.766,25648,1893433625.0,28041,14770.0,8,14765.0,14,14775.0,46,14760.0,149,14780.0,107,14755.0,40,14785.0,10,14750.0,7,14790.0,11,14745.0,29
1597988569149198080,1597988569000000000,2020-08-21 13:42:49.000000,14770.0,14945.0,14700.0,14890.0,nan,14764.766,25649,1893507475.0,28042,14770.0,7,14765.0,14,14775.0,46,14760.0,149,14780.0,107,14755.0,40,14785.0,10,14750.0,7,14790.0,11,14745.0,29
1597988573129768960,1597988573000000000,2020-08-21 13:42:53.000000,14770.0,14945.0,14700.0,14890.0,nan,14764.767,25650,1893581325.0,28042,14770.0,6,14765.0,14,14775.0,46,14760.0,149,14780.0,107,14755.0,40,14785.0,10,14750.0,7,14790.0,11,14745.0,29
1597988575131823104,1597988575000000000,2020-08-21 13:42:55.000000,14770.0,14945.0,14700.0,14890.0,nan,14764.767,25650,1893581325.0,28042,14770.0,6,14765.0,14,14775.0,46,14760.0,149,14780.0,107,14755.0,41,14785.0,10,14750.0,7,14790.0,11,14745.0,29
1597988576130266880,1597988576000000000,2020-08-21 13:42:56.000000,14770.0,14945.0,14700.0,14890.0,nan,14764.767,25650,1893581325.0,28042,14770.0,6,14765.0,14,14775.0,47,14760.0,149,14780.0,107,14755.0,41,14785.0,10,14750.0,7,14790.0,11,14745.0,29
1597988579125766912,1597988579000000000,2020-08-21 13:42:59.000000,14765.0,14945.0,14700.0,14890.0,nan,14764.767,25651,1893655150.0,28042,14770.0,6,14765.0,13,14775.0,47,14760.0,149,14780.0,107,14755.0,41,14785.0,10,14750.0,7,14790.0,11,14745.0,29
1597988579611085056,1597988579500000000,2020-08-21 13:42:59.500000,14765.0,14945.0,14700.0,14890.0,nan,14764.767,25651,1893655150.0,28042,14770.0,12,14765.0,13,14775.0,47,14760.0,149,14780.0,107,14755.0,41,14785.0,10,14750.0,7,14790.0,11,14745.0,29
1597988580122426880,1597988580000000000,2020-08-21 13:43:00.000000,14765.0,14945.0,14700.0,14890.0,nan,14764.767,25651,1893655150.0,28042,14770.0,12,14765.0,7,14775.0,47,14760.0,149,14780.0,107,14755.0,41,14785.0,10,14750.0,7,14790.0,11,14745.0,29
1597988580639611904,1597988580500000000,2020-08-21 13:43:00.500000,14765.0,14945.0,14700.0,14890.0,nan,14764.767,25652,1893728975.0,28042,14770.0,13,14765.0,6,14775.0,82,14760.0,114,14780.0,72,14755.0,76,14785.0,8,14750.0,7,14790.0,11,14745.0,29
1597988581124478976,1597988581000000000,2020-08-21 13:43:01.000000,14765.0,14945.0,14700.0,14890.0,nan,14764.767,25653,1893802800.0,28042,14770.0,13,14765.0,4,14775.0,82,14760.0,102,14780.0,60,14755.0,76,14785.0,8,14750.0,7,14790.0,11,14745.0,29
1597988581644323072,1597988581500000000,2020-08-21 13:43:01.500000,14765.0,14945.0,14700.0,14890.0,nan,14764.767,25657,1894098100.0,28040,14765.0,3,14760.0,80,14770.0,10,14755.0,77,14775.0,59,14750.0,7,14780.0,60,14745.0,29,14785.0,8,14740.0,46
1597988582120630016,1597988582000000000,2020-08-21 13:43:02.000000,14760.0,14945.0,14700.0,14890.0,nan,14764.766,25659,1894245700.0,28042,14765.0,3,14760.0,51,14770.0,11,14755.0,41,14775.0,27,14750.0,7,14780.0,36,14745.0,29,14785.0,8,14740.0,46
1597988582668872960,1597988582500000000,2020-08-21 13:43:02.500000,14760.0,14945.0,14700.0,14890.0,nan,14764.766,25659,1894245700.0,28042,14765.0,6,14760.0,55,14770.0,33,14755.0,100,14775.0,62,14750.0,7,14780.0,36,14745.0,29,14785.0,8,14740.0,46
1597988583140493056,1597988583000000000,2020-08-21 13:43:03.000000,14760.0,14945.0,14700.0,14890.0,nan,14764.766,25659,1894245700.0,28042,14765.0,6,14760.0,30,14770.0,32,14755.0,124,14775.0,85,14750.0,7,14780.0,12,14745.0,29,14785.0,8,14740.0,46
1597988583630326016,1597988583500000000,2020-08-21 13:43:03.500000,14760.0,14945.0,14700.0,14890.0,nan,14764.766,25659,1894245700.0,28042,14765.0,7,14760.0,31,14770.0,33,14755.0,136,14775.0,97,14750.0,7,14780.0,12,14745.0,29,14785.0,8,14740.0,46
1597988584141224960,1597988584000000000,2020-08-21 13:43:04.000000,14760.0,14945.0,14700.0,14890.0,nan,14764.766,25659,1894245700.0,28042,14765.0,13,14760.0,31,14770.0,33,14755.0,136,14775.0,97,14750.0,7,14780.0,12,14745.0,29,14785.0,8,14740.0,46
1597988584641428992,1597988584500000000,2020-08-21 13:43:04.500000,14760.0,14945.0,14700.0,14890.0,nan,14764.766,25659,1894245700.0,28042,14765.0,13,14760.0,25,14770.0,33,14755.0,136,14775.0,97,14750.0,7,14780.0,12,14745.0,29,14785.0,8,14740.0,46
1597988585128356096,1597988585000000000,2020-08-21 13:43:05.000000,14760.0,14945.0,14700.0,14890.0,nan,14764.766,25659,1894245700.0,28042,14765.0,13,14760.0,24,14770.0,32,14755.0,136,14775.0,97,14750.0,7,14780.0,12,14745.0,29,14785.0,8,14740.0,46
1597988585658254080,1597988585500000000,2020-08-21 13:43:05.500000,14760.0,14945.0,14700.0,14890.0,nan,14764.766,25659,1894245700.0,28042,14765.0,13,14760.0,24,14770.0,33,14755.0,137,14775.0,97,14750.0,7,14780.0,12,14745.0,29,14785.0,8,14740.0,46
1597988586621878016,1597988586500000000,2020-08-21 13:43:06.500000,14760.0,14945.0,14700.0,14890.0,nan,14764.766,25659,1894245700.0,28042,14765.0,13,14760.0,21,14770.0,33,14755.0,137,14775.0,97,14750.0,7,14780.0,12,14745.0,29,14785.0,8,14740.0,46
1597988587133185024,1597988587000000000,2020-08-21 13:43:07.000000,14760.0,14945.0,14700.0,14890.0,nan,14764.766,25659,1894245700.0,28042,14765.0,13,14760.0,21,14770.0,34,14755.0,137,14775.0,97,14750.0,7,14780.0,12,14745.0,29,14785.0,8,14740.0,46
1597988587641905920,1597988587500000000,2020-08-21 13:43:07.500000,14760.0,14945.0,14700.0,14890.0,nan,14764.766,25661,1894393300.0,28043,14765.0,13,14760.0,19,14770.0,34,14755.0,137,14775.0,97,14750.0,7,14780.0,12,14745.0,29,14785.0,8,14740.0,46
1597988588126533888,1597988588000000000,2020-08-21 13:43:08.000000,14760.0,14945.0,14700.0,14890.0,nan,14764.766,25661,1894393300.0,28043,14765.0,24,14760.0,19,14770.0,46,14755.0,138,14775.0,97,14750.0,19,14780.0,12,14745.0,29,14785.0,8,14740.0,46
1597988588691367936,1597988588500000000,2020-08-21 13:43:08.500000,14760.0,14945.0,14700.0,14890.0,nan,14764.766,25662,1894467100.0,28043,14765.0,24,14760.0,18,14770.0,81,14755.0,103,14775.0,62,14750.0,54,14780.0,12,14745.0,29,14785.0,8,14740.0,46
1597988589142373888,1597988589000000000,2020-08-21 13:43:09.000000,14760.0,14945.0,14700.0,14890.0,nan,14764.766,25662,1894467100.0,28043,14765.0,24,14760.0,18,14770.0,81,14755.0,91,14775.0,50,14750.0,54,14780.0,12,14745.0,29,14785.0,8,14740.0,46
1597988589646500096,1597988589500000000,2020-08-21 13:43:09.500000,14760.0,14945.0,14700.0,14890.0,nan,14764.766,25662,1894467100.0,28043,14765.0,24,14760.0,18,14770.0,93,14755.0,91,14775.0,50,14750.0,66,14780.0,12,14745.0,29,14785.0,8,14740.0,46
1597988591132046080,1597988591000000000,2020-08-21 13:43:11.000000,14760.0,14945.0,14700.0,14890.0,nan,14764.764,25670,1895057500.0,28049,14765.0,23,14760.0,10,14770.0,93,14755.0,91,14775.0,50,14750.0,66,14780.0,12,14745.0,29,14785.0,8,14740.0,46
1597988591648841984,1597988591500000000,2020-08-21 13:43:11.500000,14760.0,14945.0,14700.0,14890.0,nan,14764.762,25680,1895795500.0,28056,14760.0,8,14755.0,69,14765.0,20,14750.0,55,14770.0,60,14745.0,29,14775.0,50,14740.0,46,14780.0,12,14735.0,37
1597988592150984960,1597988592000000000,2020-08-21 13:43:12.000000,14760.0,14945.0,14700.0,14890.0,nan,14764.762,25680,1895795500.0,28056,14760.0,8,14755.0,42,14765.0,19,14750.0,19,14770.0,22,14745.0,29,14775.0,26,14740.0,46,14780.0,12,14735.0,37
1597988592728143872,1597988592500000000,2020-08-21 13:43:12.500000,14760.0,14945.0,14700.0,14890.0,nan,14764.762,25680,1895795500.0,28056,14760.0,11,14755.0,45,14765.0,55,14750.0,66,14770.0,46,14745.0,41,14775.0,26,14740.0,46,14780.0,12,14735.0,37
1597988593142622976,1597988593000000000,2020-08-21 13:43:13.000000,14760.0,14945.0,14700.0,14890.0,nan,14764.762,25680,1895795500.0,28056,14760.0,11,14755.0,32,14765.0,55,14750.0,102,14770.0,81,14745.0,41,14775.0,14,14740.0,46,14780.0,12,14735.0,37
1597988593635918080,1597988593500000000,2020-08-21 13:43:13.500000,14760.0,14945.0,14700.0,14890.0,nan,14764.762,25680,1895795500.0,28056,14760.0,11,14755.0,33,14765.0,44,14750.0,102,14770.0,81,14745.0,29,14775.0,14,14740.0,46,14780.0,12,14735.0,37
1597988594182889984,1597988594000000000,2020-08-21 13:43:14.000000,14760.0,14945.0,14700.0,14890.0,nan,14764.762,25680,1895795500.0,28056,14760.0,11,14755.0,33,14765.0,44,14750.0,114,14770.0,93,14745.0,29,14775.0,14,14740.0,46,14780.0,12,14735.0,37
1597988595630913024,1597988595500000000,2020-08-21 13:43:15.500000,14760.0,14945.0,14700.0,14890.0,nan,14764.762,25680,1895795500.0,28056,14760.0,11,14755.0,33,14765.0,44,14750.0,114,14770.0,93,14745.0,29,14775.0,14,14740.0,46,14780.0,13,14735.0,37
1597988598158851072,1597988598000000000,2020-08-21 13:43:18.000000,14760.0,14945.0,14700.0,14890.0,nan,14764.762,25680,1895795500.0,28056,14760.0,11,14755.0,34,14765.0,45,14750.0,114,14770.0,93,14745.0,29,14775.0,14,14740.0,46,14780.0,13,14735.0,37
1597988601140071936,1597988601000000000,2020-08-21 13:43:21.000000,14760.0,14945.0,14700.0,14890.0,nan,14764.762,25680,1895795500.0,28056,14760.0,11,14755.0,34,14765.0,45,14750.0,126,14770.0,105,14745.0,29,14775.0,14,14740.0,46,14780.0,13,14735.0,37
1597988601613688064,1597988601500000000,2020-08-21 13:43:21.500000,14760.0,14945.0,14700.0,14890.0,nan,14764.762,25680,1895795500.0,28056,14760.0,11,14755.0,34,14765.0,45,14750.0,114,14770.0,93,14745.0,29,14775.0,14,14740.0,46,14780.0,13,14735.0,37
1597988602126904064,1597988602000000000,2020-08-21 13:43:22.000000,14755.0,14945.0,14700.0,14890.0,nan,14764.762,25681,1895869275.0,28056,14760.0,11,14755.0,33,14765.0,45,14750.0,102,14770.0,93,14745.0,29,14775.0,14,14740.0,46,14780.0,13,14735.0,37
1597988602623738880,1597988602500000000,2020-08-21 13:43:22.500000,14760.0,14945.0,14700.0,14890.0,nan,14764.762,25682,1895943075.0,28055,14760.0,10,14755.0,43,14765.0,45,14750.0,102,14770.0,93,14745.0,29,14775.0,14,14740.0,46,14780.0,13,14735.0,37
1597988603124609024,1597988603000000000,2020-08-21 13:43:23.000000,14760.0,14945.0,14700.0,14890.0,nan,14764.76,25692,1896681075.0,28047,14765.0,23,14760.0,3,14770.0,82,14755.0,40,14775.0,14,14750.0,69,14780.0,13,14745.0,29,14785.0,8,14740.0,46
1597988603633319936,1597988603500000000,2020-08-21 13:43:23.500000,14760.0,14945.0,14700.0,14890.0,nan,14764.76,25692,1896681075.0,28047,14765.0,23,14760.0,3,14770.0,70,14755.0,42,14775.0,14,14750.0,55,14780.0,13,14745.0,29,14785.0,8,14740.0,46
1597988604148643072,1597988604000000000,2020-08-21 13:43:24.000000,14760.0,14945.0,14700.0,14890.0,nan,14764.76,25692,1896681075.0,28047,14765.0,26,14760.0,6,14770.0,128,14755.0,79,14775.0,26,14750.0,90,14780.0,13,14745.0,29,14785.0,8,14740.0,46
1597988604630276096,1597988604500000000,2020-08-21 13:43:24.500000,14760.0,14945.0,14700.0,14890.0,nan,14764.76,25692,1896681075.0,28047,14765.0,26,14760.0,6,14770.0,140,14755.0,79,14775.0,26,14750.0,102,14780.0,13,14745.0,29,14785.0,8,14740.0,46
1597988605140214016,1597988605000000000,2020-08-21 13:43:25.000000,14760.0,14945.0,14700.0,14890.0,nan,14764.76,25692,1896681075.0,28047,14765.0,24,14760.0,6,14770.0,140,14755.0,79,14775.0,26,14750.0,102,14780.0,13,14745.0,29,14785.0,8,14740.0,46
1597988605623461120,1597988605500000000,2020-08-21 13:43:25.500000,14760.0,14945.0,14700.0,14890.0,nan,14764.76,25692,1896681075.0,28047,14765.0,24,14760.0,6,14770.0,142,14755.0,79,14775.0,26,14750.0,102,14780.0,13,14745.0,29,14785.0,8,14740.0,46
1597988608117711872,1597988608000000000,2020-08-21 13:43:28.000000,14760.0,14945.0,14700.0,14890.0,nan,14764.76,25692,1896681075.0,28047,14765.0,24,14760.0,6,14770.0,131,14755.0,79,14775.0,26,14750.0,91,14780.0,13,14745.0,29,14785.0,8,14740.0,46
1597988608625985024,1597988608500000000,2020-08-21 13:43:28.500000,14760.0,14945.0,14700.0,14890.0,nan,14764.76,25692,1896681075.0,28047,14765.0,24,14760.0,6,14770.0,142,14755.0,79,14775.0,26,14750.0,102,14780.0,13,14745.0,29,14785.0,8,14740.0,46
1597988613156713984,1597988613000000000,2020-08-21 13:43:33.000000,14760.0,14945.0,14700.0,14890.0,nan,14764.76,25692,1896681075.0,28047,14765.0,14,14760.0,6,14770.0,142,14755.0,79,14775.0,26,14750.0,102,14780.0,13,14745.0,29,14785.0,8,14740.0,46
1597988613634896896,1597988613500000000,2020-08-21 13:43:33.500000,14760.0,14945.0,14700.0,14890.0,nan,14764.76,25692,1896681075.0,28047,14765.0,14,14760.0,12,14770.0,142,14755.0,79,14775.0,36,14750.0,102,14780.0,13,14745.0,29,14785.0,8,14740.0,46
1597988614152468992,1597988614000000000,2020-08-21 13:43:34.000000,14760.0,14945.0,14700.0,14890.0,nan,14764.76,25692,1896681075.0,28047,14765.0,8,14760.0,12,14770.0,142,14755.0,79,14775.0,36,14750.0,102,14780.0,13,14745.0,29,14785.0,8,14740.0,46
1597988614630533120,1597988614500000000,2020-08-21 13:43:34.500000,14760.0,14945.0,14700.0,14890.0,nan,14764.76,25692,1896681075.0,28047,14765.0,8,14760.0,12,14770.0,95,14755.0,114,14775.0,71,14750.0,67,14780.0,13,14745.0,29,14785.0,8,14740.0,46
1597988615143545088,1597988615000000000,2020-08-21 13:43:35.000000,14765.0,14945.0,14700.0,14890.0,nan,14764.76,25700,1897271675.0,28041,14770.0,37,14765.0,3,14775.0,72,14760.0,9,14780.0,13,14755.0,93,14785.0,8,14750.0,43,14790.0,11,14745.0,29
1597988615628955904,1597988615500000000,2020-08-21 13:43:35.500000,14765.0,14945.0,14700.0,14890.0,nan,14764.76,25705,1897640825.0,28041,14765.0,1,14760.0,21,14770.0,9,14755.0,78,14775.0,73,14750.0,7,14780.0,25,14745.0,29,14785.0,8,14740.0,46
1597988616135692032,1597988616000000000,2020-08-21 13:43:36.000000,14765.0,14945.0,14700.0,14890.0,nan,14764.76,25711,1898083775.0,28038,14770.0,10,14765.0,5,14775.0,85,14760.0,11,14780.0,13,14755.0,114,14785.0,8,14750.0,7,14790.0,11,14745.0,29
1597988616643150080,1597988616500000000,2020-08-21 13:43:36.500000,14770.0,14945.0,14700.0,14890.0,nan,14764.762,25717,1898526875.0,28042,14775.0,86,14770.0,2,14780.0,13,14765.0,12,14785.0,8,14760.0,23,14790.0,11,14755.0,97,14795.0,40,14750.0,7
1597988617154545920,1597988617000000000,2020-08-21 13:43:37.000000,14770.0,14945.0,14700.0,14890.0,nan,14764.762,25720,1898748425.0,28040,14775.0,50,14765.0,24,14780.0,27,14760.0,22,14785.0,20,14755.0,73,14790.0,11,14750.0,7,14795.0,40,14745.0,29
1597988617695723008,1597988617500000000,2020-08-21 13:43:37.500000,14770.0,14945.0,14700.0,14890.0,nan,14764.762,25720,1898748425.0,28040,14770.0,2,14765.0,18,14775.0,63,14760.0,103,14780.0,84,14755.0,61,14785.0,8,14750.0,7,14790.0,11,14745.0,29
1597988618136279040,1597988618000000000,2020-08-21 13:43:38.000000,14770.0,14945.0,14700.0,14890.0,nan,14764.764,25727,1899265375.0,28037,14775.0,28,14765.0,15,14780.0,86,14760.0,83,14785.0,8,14755.0,49,14790.0,11,14750.0,7,14795.0,40,14745.0,29
1597988618638862080,1597988618500000000,2020-08-21 13:43:38.500000,14770.0,14945.0,14700.0,14890.0,nan,14764.764,25727,1899265375.0,28037,14775.0,27,14765.0,15,14780.0,74,14760.0,70,14785.0,8,14755.0,49,14790.0,11,14750.0,7,14795.0,40,14745.0,29
1597988619142667008,1597988619000000000,2020-08-21 13:43:39.000000,14770.0,14945.0,14700.0,14890.0,nan,14764.764,25727,1899265375.0,28037,14775.0,52,14765.0,18,14780.0,97,14760.0,115,14785.0,8,14755.0,49,14790.0,11,14750.0,7,14795.0,40,14745.0,29
1597988620005008896,1597988619500000000,2020-08-21 13:43:39.500000,14770.0,14945.0,14700.0,14890.0,nan,14764.764,25727,1899265375.0,28037,14775.0,53,14765.0,18,14780.0,109,14760.0,128,14785.0,8,14755.0,49,14790.0,11,14750.0,7,14795.0,40,14745.0,29
1597988620130547968,1597988620000000000,2020-08-21 13:43:40.000000,14770.0,14945.0,14700.0,14890.0,nan,14764.764,25727,1899265375.0,28037,14775.0,53,14765.0,18,14780.0,109,14760.0,129,14785.0,8,14755.0,49,14790.0,11,14750.0,7,14795.0,40,14745.0,29
1597988622134844928,1597988622000000000,2020-08-21 13:43:42.000000,14770.0,14945.0,14700.0,14890.0,nan,14764.764,25727,1899265375.0,28037,14770.0,5,14765.0,18,14775.0,53,14760.0,129,14780.0,109,14755.0,49,14785.0,8,14750.0,7,14790.0,11,14745.0,29
1597988622622052096,1597988622500000000,2020-08-21 13:43:42.500000,14770.0,14945.0,14700.0,14890.0,nan,14764.764,25727,1899265375.0,28037,14770.0,8,14765.0,18,14775.0,50,14760.0,117,14780.0,97,14755.0,49,14785.0,8,14750.0,7,14790.0,11,14745.0,29
1597988623128196096,1597988623000000000,2020-08-21 13:43:43.000000,14770.0,14945.0,14700.0,14890.0,nan,14764.764,25727,1899265375.0,28037,14770.0,8,14765.0,16,14775.0,50,14760.0,129,14780.0,109,14755.0,49,14785.0,8,14750.0,7,14790.0,11,14745.0,29
1597988623614280960,1597988623500000000,2020-08-21 13:43:43.500000,14770.0,14945.0,14700.0,14890.0,nan,14764.764,25727,1899265375.0,28037,14770.0,8,14765.0,16,14775.0,50,14760.0,131,14780.0,109,14755.0,49,14785.0,8,14750.0,7,14790.0,11,14745.0,29
1597988624141515008,1597988624000000000,2020-08-21 13:43:44.000000,14770.0,14945.0,14700.0,14890.0,nan,14764.764,25727,1899265375.0,28037,14770.0,8,14765.0,16,14775.0,50,14760.0,143,14780.0,121,14755.0,49,14785.0,8,14750.0,7,14790.0,11,14745.0,29
1597988626138258944,1597988626000000000,2020-08-21 13:43:46.000000,14770.0,14945.0,14700.0,14890.0,nan,14764.764,25727,1899265375.0,28037,14770.0,14,14765.0,16,14775.0,50,14760.0,143,14780.0,121,14755.0,49,14785.0,8,14750.0,7,14790.0,11,14745.0,29
1597988626631209984,1597988626500000000,2020-08-21 13:43:46.500000,14770.0,14945.0,14700.0,14890.0,nan,14764.764,25727,1899265375.0,28037,14770.0,14,14765.0,10,14775.0,50,14760.0,143,14780.0,121,14755.0,49,14785.0,8,14750.0,7,14790.0,11,14745.0,29
1597988627137036032,1597988627000000000,2020-08-21 13:43:47.000000,14770.0,14945.0,14700.0,14890.0,nan,14764.764,25727,1899265375.0,28037,14770.0,14,14765.0,8,14775.0,85,14760.0,108,14780.0,86,14755.0,84,14785.0,8,14750.0,7,14790.0,11,14745.0,29
1597988631631022080,1597988631500000000,2020-08-21 13:43:51.500000,14770.0,14945.0,14700.0,14890.0,nan,14764.764,25727,1899265375.0,28037,14770.0,14,14765.0,7,14775.0,85,14760.0,109,14780.0,86,14755.0,84,14785.0,8,14750.0,7,14790.0,11,14745.0,29
1597988638121725952,1597988638000000000,2020-08-21 13:43:58.000000,14770.0,14945.0,14700.0,14890.0,nan,14764.764,25727,1899265375.0,28037,14770.0,14,14765.0,7,14775.0,85,14760.0,109,14780.0,86,14755.0,84,14785.0,8,14750.0,12,14790.0,11,14745.0,29
1597988638610187008,1597988638500000000,2020-08-21 13:43:58.500000,14770.0,14945.0,14700.0,14890.0,nan,14764.764,25727,1899265375.0,28037,14770.0,8,14765.0,13,14775.0,85,14760.0,109,14780.0,86,14755.0,84,14785.0,8,14750.0,12,14790.0,11,14745.0,29
1597988639144206080,1597988639000000000,2020-08-21 13:43:59.000000,14770.0,14945.0,14700.0,14890.0,nan,14764.764,25727,1899265375.0,28037,14770.0,8,14765.0,13,14775.0,50,14760.0,144,14780.0,121,14755.0,49,14785.0,8,14750.0,12,14790.0,11,14745.0,29
1597988645114871040,1597988645000000000,2020-08-21 13:44:05.000000,14770.0,14945.0,14700.0,14890.0,nan,14764.764,25727,1899265375.0,28037,14770.0,9,14765.0,13,14775.0,50,14760.0,144,14780.0,121,14755.0,49,14785.0,8,14750.0,12,14790.0,11,14745.0,29
1597988645634383104,1597988645500000000,2020-08-21 13:44:05.500000,14770.0,14945.0,14700.0,14890.0,nan,14764.764,25727,1899265375.0,28037,14770.0,15,14765.0,13,14775.0,50,14760.0,144,14780.0,121,14755.0,49,14785.0,8,14750.0,12,14790.0,11,14745.0,29
1597988646116525056,1597988646000000000,2020-08-21 13:44:06.000000,14770.0,14945.0,14700.0,14890.0,nan,14764.764,25727,1899265375.0,28037,14770.0,15,14765.0,7,14775.0,85,14760.0,109,14780.0,86,14755.0,84,14785.0,8,14750.0,12,14790.0,11,14745.0,29
1597988646627048960,1597988646500000000,2020-08-21 13:44:06.500000,14770.0,14945.0,14700.0,14890.0,nan,14764.764,25727,1899265375.0,28037,14770.0,16,14765.0,7,14775.0,85,14760.0,109,14780.0,86,14755.0,84,14785.0,8,14750.0,12,14790.0,11,14745.0,29
1597988651637057024,1597988651500000000,2020-08-21 13:44:11.500000,14770.0,14945.0,14700.0,14890.0,nan,14764.764,25727,1899265375.0,28037,14770.0,16,14765.0,7,14775.0,85,14760.0,110,14780.0,86,14755.0,84,14785.0,8,14750.0,12,14790.0,11,14745.0,29
1597988652112466944,1597988652000000000,2020-08-21 13:44:12.000000,14770.0,14945.0,14700.0,14890.0,nan,14764.764,25727,1899265375.0,28037,14770.0,15,14765.0,7,14775.0,85,14760.0,110,14780.0,86,14755.0,84,14785.0,8,14750.0,12,14790.0,11,14745.0,29
1597988652622448896,1597988652500000000,2020-08-21 13:44:12.500000,14770.0,14945.0,14700.0,14890.0,nan,14764.764,25727,1899265375.0,28037,14770.0,15,14765.0,7,14775.0,85,14760.0,110,14780.0,88,14755.0,84,14785.0,8,14750.0,12,14790.0,11,14745.0,29
1597988656634588928,1597988656500000000,2020-08-21 13:44:16.500000,14770.0,14945.0,14700.0,14890.0,nan,14764.764,25727,1899265375.0,28037,14770.0,15,14765.0,7,14775.0,86,14760.0,110,14780.0,88,14755.0,84,14785.0,8,14750.0,12,14790.0,11,14745.0,29
1597988659127680000,1597988659000000000,2020-08-21 13:44:19.000000,14770.0,14945.0,14700.0,14890.0,nan,14764.764,25727,1899265375.0,28037,14770.0,15,14765.0,13,14775.0,86,14760.0,110,14780.0,88,14755.0,84,14785.0,8,14750.0,12,14790.0,11,14745.0,29
1597988659619364096,1597988659500000000,2020-08-21 13:44:19.500000,14770.0,14945.0,14700.0,14890.0,nan,14764.764,25731,1899560725.0,28038,14770.0,7,14765.0,11,14775.0,86,14760.0,110,14780.0,88,14755.0,84,14785.0,8,14750.0,12,14790.0,11,14745.0,29
1597988660135147008,1597988660000000000,2020-08-21 13:44:20.000000,14770.0,14945.0,14700.0,14890.0,nan,14764.764,25731,1899560725.0,28038,14770.0,7,14765.0,11,14775.0,51,14760.0,145,14780.0,123,14755.0,49,14785.0,8,14750.0,12,14790.0,11,14745.0,29
1597988662273425920,1597988662000000000,2020-08-21 13:44:22.000000,14770.0,14945.0,14700.0,14890.0,nan,14764.764,25731,1899560725.0,28038,14770.0,7,14765.0,11,14775.0,50,14760.0,145,14780.0,123,14755.0,49,14785.0,8,14750.0,12,14790.0,11,14745.0,29
1597988664119419904,1597988664000000000,2020-08-21 13:44:24.000000,14770.0,14945.0,14700.0,14890.0,nan,14764.764,25731,1899560725.0,28038,14770.0,7,14765.0,11,14775.0,50,14760.0,145,14780.0,121,14755.0,49,14785.0,8,14750.0,12,14790.0,11,14745.0,29
1597988665119107072,1597988665000000000,2020-08-21 13:44:25.000000,14770.0,14945.0,14700.0,14890.0,nan,14764.764,25731,1899560725.0,28038,14770.0,8,14765.0,11,14775.0,50,14760.0,145,14780.0,121,14755.0,49,14785.0,8,14750.0,12,14790.0,11,14745.0,29
1597988668621432064,1597988668500000000,2020-08-21 13:44:28.500000,14770.0,14945.0,14700.0,14890.0,nan,14764.764,25731,1899560725.0,28038,14770.0,8,14765.0,11,14775.0,51,14760.0,145,14780.0,121,14755.0,49,14785.0,8,14750.0,12,14790.0,11,14745.0,29
1597988671606789888,1597988671500000000,2020-08-21 13:44:31.500000,14770.0,14945.0,14700.0,14890.0,nan,14764.764,25731,1899560725.0,28038,14770.0,8,14765.0,11,14775.0,51,14760.0,145,14780.0,122,14755.0,49,14785.0,8,14750.0,12,14790.0,11,14745.0,29
1597988679626522880,1597988679500000000,2020-08-21 13:44:39.500000,14770.0,14945.0,14700.0,14890.0,nan,14764.764,25731,1899560725.0,28038,14770.0,8,14765.0,11,14775.0,51,14760.0,145,14780.0,121,14755.0,49,14785.0,8,14750.0,12,14790.0,11,14745.0,29
1597988681104902912,1597988681000000000,2020-08-21 13:44:41.000000,14770.0,14945.0,14700.0,14890.0,nan,14764.764,25731,1899560725.0,28038,14770.0,8,14765.0,11,14775.0,50,14760.0,145,14780.0,121,14755.0,49,14785.0,8,14750.0,12,14790.0,11,14745.0,29
1597988684647014912,1597988684500000000,2020-08-21 13:44:44.500000,14770.0,14945.0,14700.0,14890.0,nan,14764.764,25731,1899560725.0,28038,14770.0,8,14765.0,11,14775.0,50,14760.0,145,14780.0,122,14755.0,49,14785.0,8,14750.0,12,14790.0,11,14745.0,29
1597988687117927936,1597988687000000000,2020-08-21 13:44:47.000000,14770.0,14945.0,14700.0,14890.0,nan,14764.764,25731,1899560725.0,28038,14770.0,8,14765.0,11,14775.0,51,14760.0,145,14780.0,122,14755.0,49,14785.0,8,14750.0,12,14790.0,11,14745.0,29
1597988691751875072,1597988691500000000,2020-08-21 13:44:51.500000,14770.0,14945.0,14700.0,14890.0,nan,14764.764,25731,1899560725.0,28038,14770.0,14,14765.0,5,14775.0,51,14760.0,145,14780.0,122,14755.0,49,14785.0,8,14750.0,12,14790.0,11,14745.0,29
1597988692116559872,1597988692000000000,2020-08-21 13:44:52.000000,14770.0,14945.0,14700.0,14890.0,nan,14764.764,25731,1899560725.0,28038,14770.0,14,14765.0,5,14775.0,86,14760.0,110,14780.0,87,14755.0,84,14785.0,8,14750.0,12,14790.0,11,14745.0,29
1597988692628976896,1597988692500000000,2020-08-21 13:44:52.500000,14765.0,14945.0,14700.0,14890.0,nan,14764.764,25736,1899929850.0,28039,14765.0,3,14760.0,76,14770.0,11,14755.0,77,14775.0,65,14750.0,12,14780.0,87,14745.0,29,14785.0,8,14740.0,46
1597988693131553024,1597988693000000000,2020-08-21 13:44:53.000000,14765.0,14945.0,14700.0,14890.0,nan,14764.764,25736,1899929850.0,28039,14765.0,4,14760.0,28,14770.0,23,14755.0,90,14775.0,62,14750.0,16,14780.0,27,14745.0,29,14785.0,8,14740.0,46
1597988693633168896,1597988693500000000,2020-08-21 13:44:53.500000,14765.0,14945.0,14700.0,14890.0,nan,14764.764,25736,1899929850.0,28039,14765.0,13,14760.0,12,14770.0,47,14755.0,159,14775.0,120,14750.0,28,14780.0,15,14745.0,29,14785.0,8,14740.0,46
1597988694123284992,1597988694000000000,2020-08-21 13:44:54.000000,14765.0,14945.0,14700.0,14890.0,nan,14764.764,25736,1899929850.0,28039,14765.0,13,14760.0,10,14770.0,95,14755.0,125,14775.0,85,14750.0,75,14780.0,15,14745.0,29,14785.0,8,14740.0,46
1597988694617716992,1597988694500000000,2020-08-21 13:44:54.500000,14765.0,14945.0,14700.0,14890.0,nan,14764.764,25736,1899929850.0,28039,14765.0,13,14760.0,10,14770.0,95,14755.0,115,14775.0,73,14750.0,75,14780.0,15,14745.0,29,14785.0,8,14740.0,46
1597988695116442880,1597988695000000000,2020-08-21 13:44:55.000000,14765.0,14945.0,14700.0,14890.0,nan,14764.764,25736,1899929850.0,28039,14765.0,13,14760.0,10,14770.0,107,14755.0,115,14775.0,73,14750.0,87,14780.0,15,14745.0,29,14785.0,8,14740.0,46
1597988697615411968,1597988697500000000,2020-08-21 13:44:57.500000,14765.0,14945.0,14700.0,14890.0,nan,14764.764,25736,1899929850.0,28039,14765.0,13,14760.0,11,14770.0,107,14755.0,115,14775.0,73,14750.0,87,14780.0,15,14745.0,29,14785.0,8,14740.0,46
1597988703641053952,1597988703500000000,2020-08-21 13:45:03.500000,14760.0,14945.0,14700.0,14890.0,nan,14764.764,25737,1900003650.0,28039,14765.0,13,14760.0,10,14770.0,107,14755.0,115,14775.0,73,14750.0,87,14780.0,15,14745.0,29,14785.0,8,14740.0,46
1597988704203738880,1597988704000000000,2020-08-21 13:45:04.000000,14760.0,14945.0,14700.0,14890.0,nan,14764.764,25739,1900151250.0,28038,14765.0,14,14760.0,9,14770.0,107,14755.0,115,14775.0,73,14750.0,87,14780.0,15,14745.0,29,14785.0,8,14740.0,46
1597988706126023936,1597988706000000000,2020-08-21 13:45:06.000000,14760.0,14945.0,14700.0,14890.0,nan,14764.764,25739,1900151250.0,28038,14765.0,14,14760.0,17,14770.0,107,14755.0,115,14775.0,73,14750.0,87,14780.0,15,14745.0,29,14785.0,7,14740.0,46
1597988706616240896,1597988706500000000,2020-08-21 13:45:06.500000,14760.0,14945.0,14700.0,14890.0,nan,14764.76,25756,1901405850.0,28043,14760.0,3,14755.0,129,14765.0,11,14750.0,36,14770.0,38,14745.0,33,14775.0,109,14740.0,46,14780.0,15,14735.0,37
1597988707125529088,1597988707000000000,2020-08-21 13:45:07.000000,14755.0,14945.0,14700.0,14890.0,nan,14764.76,25757,1901479625.0,28044,14760.0,5,14755.0,79,14765.0,9,14750.0,36,14770.0,36,14745.0,33,14775.0,61,14740.0,46,14780.0,15,14735.0,37
1597988707624440064,1597988707500000000,2020-08-21 13:45:07.500000,14755.0,14945.0,14700.0,14890.0,nan,14764.76,25757,1901479625.0,28044,14760.0,10,14755.0,82,14765.0,33,14750.0,81,14770.0,59,14745.0,33,14775.0,61,14740.0,46,14780.0,15,14735.0,37
1597988708156321024,1597988708000000000,2020-08-21 13:45:08.000000,14755.0,14945.0,14700.0,14890.0,nan,14764.76,25757,1901479625.0,28044,14760.0,10,14755.0,57,14765.0,33,14750.0,129,14770.0,106,14745.0,33,14775.0,37,14740.0,46,14780.0,15,14735.0,37
1597988708610404096,1597988708500000000,2020-08-21 13:45:08.500000,14755.0,14945.0,14700.0,14890.0,nan,14764.76,25757,1901479625.0,28044,14760.0,10,14755.0,46,14765.0,34,14750.0,129,14770.0,106,14745.0,33,14775.0,25,14740.0,46,14780.0,15,14735.0,37
1597988709120423936,1597988709000000000,2020-08-21 13:45:09.000000,14755.0,14945.0,14700.0,14890.0,nan,14764.76,25757,1901479625.0,28044,14760.0,16,14755.0,46,14765.0,34,14750.0,141,14770.0,118,14745.0,33,14775.0,25,14740.0,46,14780.0,15,14735.0,37
1597988710629728000,1597988710500000000,2020-08-21 13:45:10.500000,14755.0,14945.0,14700.0,14890.0,nan,14764.76,25757,1901479625.0,28044,14760.0,10,14755.0,46,14765.0,34,14750.0,141,14770.0,118,14745.0,33,14775.0,25,14740.0,46,14780.0,15,14735.0,37
1597988711137444096,1597988711000000000,2020-08-21 13:45:11.000000,14760.0,14945.0,14700.0,14890.0,nan,14764.758,25767,1902217625.0,28037,14765.0,12,14760.0,3,14770.0,107,14755.0,43,14775.0,25,14750.0,108,14780.0,15,14745.0,33,14785.0,7,14740.0,46
1597988711632614912,1597988711500000000,2020-08-21 13:45:11.500000,14760.0,14945.0,14700.0,14890.0,nan,14764.758,25767,1902217625.0,28037,14765.0,10,14760.0,3,14770.0,95,14755.0,43,14775.0,25,14750.0,96,14780.0,15,14745.0,33,14785.0,7,14740.0,46
1597988712142622976,1597988712000000000,2020-08-21 13:45:12.000000,14760.0,14945.0,14700.0,14890.0,nan,14764.758,25770,1902439050.0,28038,14765.0,12,14760.0,4,14770.0,130,14755.0,78,14775.0,37,14750.0,107,14780.0,15,14745.0,33,14785.0,7,14740.0,46
1597988712642358016,1597988712500000000,2020-08-21 13:45:12.500000,14760.0,14945.0,14700.0,14890.0,nan,14764.758,25770,1902439050.0,28038,14765.0,12,14760.0,4,14770.0,142,14755.0,78,14775.0,37,14750.0,119,14780.0,15,14745.0,33,14785.0,7,14740.0,46
1597988713616591104,1597988713500000000,2020-08-21 13:45:13.500000,14760.0,14945.0,14700.0,14890.0,nan,14764.758,25770,1902439050.0,28038,14765.0,12,14760.0,5,14770.0,142,14755.0,78,14775.0,37,14750.0,119,14780.0,15,14745.0,33,14785.0,7,14740.0,46
1597988715111617024,1597988715000000000,2020-08-21 13:45:15.000000,14760.0,14945.0,14700.0,14890.0,nan,14764.758,25771,1902512850.0,28038,14765.0,12,14760.0,4,14770.0,142,14755.0,78,14775.0,37,14750.0,119,14780.0,15,14745.0,33,14785.0,7,14740.0,46
1597988717659576064,1597988717500000000,2020-08-21 13:45:17.500000,14760.0,14945.0,14700.0,14890.0,nan,14764.758,25771,1902512850.0,28038,14765.0,13,14760.0,4,14770.0,142,14755.0,78,14775.0,37,14750.0,119,14780.0,15,14745.0,33,14785.0,7,14740.0,46
1597988718122811904,1597988718000000000,2020-08-21 13:45:18.000000,14760.0,14945.0,14700.0,14890.0,nan,14764.758,25771,1902512850.0,28038,14765.0,13,14760.0,3,14770.0,131,14755.0,78,14775.0,37,14750.0,108,14780.0,15,14745.0,33,14785.0,7,14740.0,46
1597988718626427904,1597988718500000000,2020-08-21 13:45:18.500000,14760.0,14945.0,14700.0,14890.0,nan,14764.758,25771,1902512850.0,28038,14765.0,14,14760.0,4,14770.0,142,14755.0,78,14775.0,37,14750.0,119,14780.0,15,14745.0,33,14785.0,7,14740.0,46
1597988719633593088,1597988719500000000,2020-08-21 13:45:19.500000,14760.0,14945.0,14700.0,14890.0,nan,14764.758,25771,1902512850.0,28038,14765.0,14,14760.0,4,14770.0,144,14755.0,78,14775.0,37,14750.0,119,14780.0,15,14745.0,33,14785.0,7,14740.0,46
1597988724627383040,1597988724500000000,2020-08-21 13:45:24.500000,14760.0,14945.0,14700.0,14890.0,nan,14764.757,25775,1902808050.0,28037,14760.0,2,14755.0,56,14765.0,11,14750.0,108,14770.0,111,14745.0,33,14775.0,37,14740.0,46,14780.0,15,14735.0,37
1597988725121829120,1597988725000000000,2020-08-21 13:45:25.000000,14755.0,14945.0,14700.0,14890.0,nan,14764.756,25778,1903029425.0,28037,14760.0,1,14755.0,54,14765.0,21,14750.0,85,14770.0,85,14745.0,45,14775.0,37,14740.0,46,14780.0,15,14735.0,37
1597988725637041920,1597988725500000000,2020-08-21 13:45:25.500000,14760.0,14945.0,14700.0,14890.0,nan,14764.756,25779,1903103225.0,28036,14760.0,3,14755.0,57,14765.0,33,14750.0,118,14770.0,96,14745.0,45,14775.0,37,14740.0,46,14780.0,15,14735.0,37
1597988726130428928,1597988726000000000,2020-08-21 13:45:26.000000,14760.0,14945.0,14700.0,14890.0,nan,14764.755,25782,1903324625.0,28035,14765.0,12,14760.0,3,14770.0,120,14755.0,42,14775.0,25,14750.0,120,14780.0,15,14745.0,33,14785.0,7,14740.0,46
1597988726630820096,1597988726500000000,2020-08-21 13:45:26.500000,14760.0,14945.0,14700.0,14890.0,nan,14764.755,25782,1903324625.0,28035,14765.0,10,14760.0,4,14770.0,86,14755.0,66,14775.0,49,14750.0,84,14780.0,15,14745.0,33,14785.0,7,14740.0,46
1597988727129689088,1597988727000000000,2020-08-21 13:45:27.000000,14760.0,14945.0,14700.0,14890.0,nan,14764.755,25782,1903324625.0,28035,14765.0,13,14760.0,13,14770.0,121,14755.0,88,14775.0,49,14750.0,95,14780.0,15,14745.0,33,14785.0,7,14740.0,46
1597988727629102080,1597988727500000000,2020-08-21 13:45:27.500000,14760.0,14945.0,14700.0,14890.0,nan,14764.755,25782,1903324625.0,28035,14765.0,13,14760.0,7,14770.0,74,14755.0,147,14775.0,108,14750.0,48,14780.0,15,14745.0,33,14785.0,7,14740.0,46
1597988728148314112,1597988728000000000,2020-08-21 13:45:28.000000,14760.0,14945.0,14700.0,14890.0,nan,14764.755,25782,1903324625.0,28035,14765.0,13,14760.0,7,14770.0,97,14755.0,112,14775.0,73,14750.0,71,14780.0,15,14745.0,33,14785.0,7,14740.0,46
1597988728631580928,1597988728500000000,2020-08-21 13:45:28.500000,14760.0,14945.0,14700.0,14890.0,nan,14764.755,25782,1903324625.0,28035,14765.0,13,14760.0,7,14770.0,109,14755.0,112,14775.0,73,14750.0,83,14780.0,15,14745.0,33,14785.0,7,14740.0,46
1597988729123431936,1597988729000000000,2020-08-21 13:45:29.000000,14760.0,14945.0,14700.0,14890.0,nan,14764.755,25782,1903324625.0,28035,14765.0,13,14760.0,7,14770.0,121,14755.0,100,14775.0,61,14750.0,95,14780.0,15,14745.0,33,14785.0,7,14740.0,46
1597988730119168000,1597988730000000000,2020-08-21 13:45:30.000000,14760.0,14945.0,14700.0,14890.0,nan,14764.755,25783,1903398425.0,28034,14765.0,13,14760.0,10,14770.0,121,14755.0,100,14775.0,61,14750.0,95,14780.0,15,14745.0,33,14785.0,7,14740.0,46
1597988730647200000,1597988730500000000,2020-08-21 13:45:30.500000,14760.0,14945.0,14700.0,14890.0,nan,14764.755,25783,1903398425.0,28034,14765.0,13,14760.0,14,14770.0,121,14755.0,100,14775.0,61,14750.0,95,14780.0,15,14745.0,33,14785.0,7,14740.0,46
1597988731121634048,1597988731000000000,2020-08-21 13:45:31.000000,14760.0,14945.0,14700.0,14890.0,nan,14764.755,25783,1903398425.0,28034,14765.0,12,14760.0,14,14770.0,74,14755.0,147,14775.0,108,14750.0,48,14780.0,15,14745.0,33,14785.0,7,14740.0,46
1597988731618711040,1597988731500000000,2020-08-21 13:45:31.500000,14760.0,14945.0,14700.0,14890.0,nan,14764.755,25783,1903398425.0,28034,14765.0,12,14760.0,14,14770.0,50,14755.0,159,14775.0,120,14750.0,24,14780.0,15,14745.0,33,14785.0,7,14740.0,46
1597988732137968128,1597988732000000000,2020-08-21 13:45:32.000000,14760.0,14945.0,14700.0,14890.0,nan,14764.754,25790,1903915025.0,28030,14765.0,9,14760.0,6,14770.0,28,14755.0,138,14775.0,121,14750.0,24,14780.0,15,14745.0,33,14785.0,7,14740.0,46
1597988732621890048,1597988732500000000,2020-08-21 13:45:32.500000,14765.0,14945.0,14700.0,14890.0,nan,14764.754,25797,1904431800.0,28035,14765.0,2,14760.0,6,14770.0,64,14755.0,102,14775.0,85,14750.0,60,14780.0,15,14745.0,33,14785.0,7,14740.0,46
1597988733122523904,1597988733000000000,2020-08-21 13:45:33.000000,14765.0,14945.0,14700.0,14890.0,nan,14764.754,25797,1904431800.0,28035,14765.0,4,14760.0,15,14770.0,50,14755.0,169,14775.0,132,14750.0,24,14780.0,15,14745.0,33,14785.0,7,14740.0,46
1597988733652218880,1597988733500000000,2020-08-21 13:45:33.500000,14765.0,14945.0,14700.0,14890.0,nan,14764.754,25797,1904431800.0,28035,14765.0,4,14760.0,17,14770.0,50,14755.0,169,14775.0,132,14750.0,24,14780.0,15,14745.0,33,14785.0,7,14740.0,46
1597988734639814912,1597988734500000000,2020-08-21 13:45:34.500000,14765.0,14945.0,14700.0,14890.0,nan,14764.754,25801,1904727100.0,28033,14770.0,28,14765.0,3,14775.0,121,14760.0,14,14780.0,15,14755.0,136,14785.0,7,14750.0,24,14790.0,11,14745.0,33
1597988735126934016,1597988735000000000,2020-08-21 13:45:35.000000,14770.0,14945.0,14700.0,14890.0,nan,14764.754,25804,1904948600.0,28032,14770.0,11,14765.0,7,14775.0,86,14760.0,32,14780.0,39,14755.0,99,14785.0,7,14750.0,12,14790.0,11,14745.0,33
1597988735619501056,1597988735500000000,2020-08-21 13:45:35.500000,14765.0,14945.0,14700.0,14890.0,nan,14764.754,25805,1905022425.0,28032,14770.0,15,14765.0,9,14775.0,122,14760.0,67,14780.0,51,14755.0,110,14785.0,7,14750.0,12,14790.0,11,14745.0,33
1597988736147046912,1597988736000000000,2020-08-21 13:45:36.000000,14765.0,14945.0,14700.0,14890.0,nan,14764.754,25806,1905096250.0,28032,14770.0,16,14765.0,8,14775.0,134,14760.0,67,14780.0,51,14755.0,122,14785.0,7,14750.0,12,14790.0,11,14745.0,33
1597988736624381952,1597988736500000000,2020-08-21 13:45:36.500000,14765.0,14945.0,14700.0,14890.0,nan,14764.754,25808,1905243900.0,28031,14770.0,16,14765.0,6,14775.0,134,14760.0,67,14780.0,51,14755.0,122,14785.0,7,14750.0,12,14790.0,11,14745.0,33
1597988737130386944,1597988737000000000,2020-08-21 13:45:37.000000,14765.0,14945.0,14700.0,14890.0,nan,14764.754,25814,1905686850.0,28032,14765.0,3,14760.0,33,14770.0,13,14755.0,111,14775.0,101,14750.0,12,14780.0,51,14745.0,33,14785.0,7,14740.0,46
1597988737630246912,1597988737500000000,2020-08-21 13:45:37.500000,14765.0,14945.0,14700.0,14890.0,nan,14764.754,25814,1905686850.0,28032,14765.0,4,14760.0,9,14770.0,24,14755.0,124,14775.0,98,14750.0,12,14780.0,15,14745.0,33,14785.0,7,14740.0,46
1597988738131595008,1597988738000000000,2020-08-21 13:45:38.000000,14765.0,14945.0,14700.0,14890.0,nan,14764.754,25814,1905686850.0,28032,14765.0,13,14760.0,5,14770.0,48,14755.0,169,14775.0,132,14750.0,24,14780.0,15,14745.0,33,14785.0,7,14740.0,46
1597988738618486016,1597988738500000000,2020-08-21 13:45:38.500000,14765.0,14945.0,14700.0,14890.0,nan,14764.754,25814,1905686850.0,28032,14765.0,13,14760.0,3,14770.0,96,14755.0,123,14775.0,85,14750.0,71,14780.0,15,14745.0,33,14785.0,7,14740.0,46
1597988739138443008,1597988739000000000,2020-08-21 13:45:39.000000,14765.0,14945.0,14700.0,14890.0,nan,14764.754,25814,1905686850.0,28032,14765.0,13,14760.0,3,14770.0,96,14755.0,113,14775.0,73,14750.0,71,14780.0,15,14745.0,33,14785.0,7,14740.0,46
1597988739622898944,1597988739500000000,2020-08-21 13:45:39.500000,14765.0,14945.0,14700.0,14890.0,nan,14764.754,25814,1905686850.0,28032,14765.0,13,14760.0,3,14770.0,109,14755.0,113,14775.0,73,14750.0,83,14780.0,15,14745.0,33,14785.0,7,14740.0,46
1597988740128020992,1597988740000000000,2020-08-21 13:45:40.000000,14765.0,14945.0,14700.0,14890.0,nan,14764.754,25814,1905686850.0,28032,14765.0,13,14760.0,3,14770.0,121,14755.0,101,14775.0,61,14750.0,95,14780.0,15,14745.0,33,14785.0,7,14740.0,46
1597988744144698880,1597988744000000000,2020-08-21 13:45:44.000000,14765.0,14945.0,14700.0,14890.0,nan,14764.754,25814,1905686850.0,28032,14765.0,13,14760.0,4,14770.0,120,14755.0,101,14775.0,61,14750.0,95,14780.0,15,14745.0,33,14785.0,7,14740.0,46
1597988746146582016,1597988746000000000,2020-08-21 13:45:46.000000,14765.0,14945.0,14700.0,14890.0,nan,14764.754,25814,1905686850.0,28032,14765.0,13,14760.0,5,14770.0,120,14755.0,101,14775.0,61,14750.0,95,14780.0,15,14745.0,33,14785.0,7,14740.0,46
1597988746647848960,1597988746500000000,2020-08-21 13:45:46.500000,14765.0,14945.0,14700.0,14890.0,nan,14764.754,25814,1905686850.0,28032,14765.0,13,14760.0,6,14770.0,120,14755.0,101,14775.0,61,14750.0,95,14780.0,15,14745.0,33,14785.0,7,14740.0,46
1597988751633274880,1597988751500000000,2020-08-21 13:45:51.500000,14765.0,14945.0,14700.0,14890.0,nan,14764.755,25827,1906646575.0,28027,14770.0,75,14765.0,3,14775.0,61,14760.0,4,14780.0,15,14755.0,79,14785.0,7,14750.0,84,14790.0,11,14745.0,33
1597988752121209088,1597988752000000000,2020-08-21 13:45:52.000000,14770.0,14945.0,14700.0,14890.0,nan,14764.755,25828,1906720425.0,28027,14770.0,36,14765.0,4,14775.0,74,14760.0,32,14780.0,27,14755.0,76,14785.0,7,14750.0,36,14790.0,11,14745.0,33
1597988752623292928,1597988752500000000,2020-08-21 13:45:52.500000,14770.0,14945.0,14700.0,14890.0,nan,14764.755,25829,1906794275.0,28027,14770.0,13,14765.0,7,14775.0,121,14760.0,44,14780.0,27,14755.0,122,14785.0,7,14750.0,12,14790.0,11,14745.0,33
1597988753130973952,1597988753000000000,2020-08-21 13:45:53.000000,14770.0,14945.0,14700.0,14890.0,nan,14764.755,25829,1906794275.0,28027,14770.0,14,14765.0,7,14775.0,134,14760.0,57,14780.0,39,14755.0,122,14785.0,7,14750.0,12,14790.0,11,14745.0,33
1597988753650242048,1597988753500000000,2020-08-21 13:45:53.500000,14770.0,14945.0,14700.0,14890.0,nan,14764.755,25829,1906794275.0,28027,14770.0,16,14765.0,7,14775.0,134,14760.0,57,14780.0,39,14755.0,122,14785.0,7,14750.0,12,14790.0,11,14745.0,33
1597988754169899008,1597988754000000000,2020-08-21 13:45:54.000000,14770.0,14945.0,14700.0,14890.0,nan,14764.755,25831,1906941975.0,28027,14770.0,14,14765.0,7,14775.0,134,14760.0,57,14780.0,39,14755.0,122,14785.0,7,14750.0,12,14790.0,11,14745.0,33
1597988756635365888,1597988756500000000,2020-08-21 13:45:56.500000,14770.0,14945.0,14700.0,14890.0,nan,14764.755,25831,1906941975.0,28027,14770.0,14,14765.0,7,14775.0,122,14760.0,57,14780.0,39,14755.0,110,14785.0,7,14750.0,12,14790.0,11,14745.0,33
1597988757128462080,1597988757000000000,2020-08-21 13:45:57.000000,14770.0,14945.0,14700.0,14890.0,nan,14764.755,25831,1906941975.0,28027,14770.0,14,14765.0,7,14775.0,134,14760.0,57,14780.0,39,14755.0,122,14785.0,7,14750.0,12,14790.0,11,14745.0,33
1597988760117583872,1597988760000000000,2020-08-21 13:46:00.000000,14770.0,14945.0,14700.0,14890.0,nan,14764.755,25831,1906941975.0,28027,14770.0,14,14765.0,7,14775.0,134,14760.0,59,14780.0,39,14755.0,122,14785.0,7,14750.0,12,14790.0,11,14745.0,33
1597988760636475904,1597988760500000000,2020-08-21 13:46:00.500000,14770.0,14945.0,14700.0,14890.0,nan,14764.755,25831,1906941975.0,28027,14770.0,14,14765.0,15,14775.0,134,14760.0,59,14780.0,39,14755.0,122,14785.0,7,14750.0,12,14790.0,11,14745.0,33
1597988761129320960,1597988761000000000,2020-08-21 13:46:01.000000,14770.0,14945.0,14700.0,14890.0,nan,14764.755,25831,1906941975.0,28027,14770.0,14,14765.0,15,14775.0,99,14760.0,94,14780.0,74,14755.0,87,14785.0,7,14750.0,12,14790.0,11,14745.0,33
1597988761645341952,1597988761500000000,2020-08-21 13:46:01.500000,14770.0,14945.0,14700.0,14890.0,nan,14764.755,25831,1906941975.0,28027,14770.0,14,14765.0,15,14775.0,87,14760.0,94,14780.0,74,14755.0,75,14785.0,7,14750.0,12,14790.0,11,14745.0,33
1597988762123296000,1597988762000000000,2020-08-21 13:46:02.000000,14770.0,14945.0,14700.0,14890.0,nan,14764.755,25831,1906941975.0,28027,14770.0,14,14765.0,15,14775.0,75,14760.0,118,14780.0,98,14755.0,63,14785.0,7,14750.0,12,14790.0,11,14745.0,33
