local_nano_time,quote_nano_time,datetime,last_price,highest,lowest,open,close,average,volume,amount,open_interest,ask_price1,ask_volume1,bid_price1,bid_volume1,ask_price2,ask_volume2,bid_price2,bid_volume2,ask_price3,ask_volume3,bid_price3,bid_volume3,ask_price4,ask_volume4,bid_price4,bid_volume4,ask_price5,ask_volume5,bid_price5,bid_volume5
1597988226231666944,1597988226727000064,2020-08-21 13:37:06.727000,1639.0,1640.0,1596.0,1596.0,nan,1622.0,446579,14487022760.0,111115,1640.0,670,1639.0,66,nan,0,nan,0,nan,0,nan,0,nan,0,nan,0,nan,0,nan,0
1597988226698315008,1597988227224000000,2020-08-21 13:37:07.224000,1639.0,1640.0,1596.0,1596.0,nan,1622.0,446643,14489098920.0,111109,1640.0,608,1639.0,79,nan,0,nan,0,nan,0,nan,0,nan,0,nan,0,nan,0,nan,0
1597988227192866048,1597988227728000000,2020-08-21 13:37:07.728000,1640.0,1640.0,1596.0,1596.0,nan,1622.0,446733,14492018520.0,111098,1640.0,564,1639.0,41,nan,0,nan,0,nan,0,nan,0,nan,0,nan,0,nan,0,nan,0
1597988227704601088,1597988228239000064,2020-08-21 13:37:08.239000,1639.0,1640.0,1596.0,1596.0,nan,1622.0,446951,14499090440.0,111024,1639.0,217,1638.0,430,nan,0,nan,0,nan,0,nan,0,nan,0,nan,0,nan,0,nan,0
1597988228190586880,1597988228728000000,2020-08-21 13:37:08.728000,1639.0,1640.0,1596.0,1596.0,nan,1622.0,446990,14500355600.0,111022,1639.0,387,1638.0,349,nan,0,nan,0,nan,0,nan,0,nan,0,nan,0,nan,0,nan,0
1597988228703238912,1597988229198999808,2020-08-21 13:37:09.199000,1639.0,1640.0,1596.0,1596.0,nan,1622.0,447068,14502885920.0,111018,1639.0,501,1638.0,324,nan,0,nan,0,nan,0,nan,0,nan,0,nan,0,nan,0,nan,0
1597988229209553920,1597988229670000128,2020-08-21 13:37:09.670000,1639.0,1640.0,1596.0,1596.0,nan,1622.0,447475,14516089000.0,110890,1639.0,511,1638.0,1,nan,0,nan,0,nan,0,nan,0,nan,0,nan,0,nan,0,nan,0
1597988229712883968,1597988230227000064,2020-08-21 13:37:10.227000,1639.0,1640.0,1596.0,1596.0,nan,1622.0,447488,14516510720.0,110888,1639.0,507,1638.0,17,nan,0,nan,0,nan,0,nan,0,nan,0,nan,0,nan,0,nan,0
1597988230250589952,1597988230713999872,2020-08-21 13:37:10.714000,1639.0,1640.0,1596.0,1596.0,nan,1622.0,447585,14519657400.0,110892,1639.0,458,1638.0,98,nan,0,nan,0,nan,0,nan,0,nan,0,nan,0,nan,0,nan,0
1597988230699081984,1597988231226000128,2020-08-21 13:37:11.226000,1639.0,1640.0,1596.0,1596.0,nan,1622.0,447636,14521311840.0,110887,1639.0,352,1638.0,117,nan,0,nan,0,nan,0,nan,0,nan,0,nan,0,nan,0,nan,0
1597988231208430080,1597988231734999808,2020-08-21 13:37:11.735000,1638.0,1640.0,1596.0,1596.0,nan,1622.0,447668,14522349920.0,110918,1639.0,340,1638.0,116,nan,0,nan,0,nan,0,nan,0,nan,0,nan,0,nan,0,nan,0
1597988231716519936,1597988232226000128,2020-08-21 13:37:12.226000,1639.0,1640.0,1596.0,1596.0,nan,1622.0,447718,14523971920.0,110935,1639.0,404,1638.0,123,nan,0,nan,0,nan,0,nan,0,nan,0,nan,0,nan,0,nan,0
1597988232203113984,1597988232742000128,2020-08-21 13:37:12.742000,1639.0,1640.0,1596.0,1596.0,nan,1622.0,447721,14524069240.0,110937,1639.0,425,1638.0,123,nan,0,nan,0,nan,0,nan,0,nan,0,nan,0,nan,0,nan,0
1597988232708144896,1597988233224999936,2020-08-21 13:37:13.225000,1639.0,1640.0,1596.0,1596.0,nan,1622.0,448037,14534320280.0,111206,1639.0,119,1638.0,133,nan,0,nan,0,nan,0,nan,0,nan,0,nan,0,nan,0,nan,0
1597988233207340032,1597988233696999936,2020-08-21 13:37:13.697000,1638.0,1640.0,1596.0,1596.0,nan,1622.0,448042,14534482480.0,111208,1639.0,140,1638.0,184,nan,0,nan,0,nan,0,nan,0,nan,0,nan,0,nan,0,nan,0
1597988233711328000,1597988234216000000,2020-08-21 13:37:14.216000,1638.0,1640.0,1596.0,1596.0,nan,1622.0,448106,14536558640.0,111228,1639.0,139,1638.0,215,nan,0,nan,0,nan,0,nan,0,nan,0,nan,0,nan,0,nan,0
1597988234207514112,1597988234720999936,2020-08-21 13:37:14.721000,1639.0,1640.0,1596.0,1596.0,nan,1622.0,448227,14540483880.0,111291,1639.0,55,1638.0,213,nan,0,nan,0,nan,0,nan,0,nan,0,nan,0,nan,0,nan,0
1597988234711237888,1597988235193000192,2020-08-21 13:37:15.193000,1639.0,1640.0,1596.0,1596.0,nan,1622.0,448308,14543111520.0,111327,1640.0,804,1639.0,4,nan,0,nan,0,nan,0,nan,0,nan,0,nan,0,nan,0,nan,0
1597988235202427904,1597988235608000000,2020-08-21 13:37:15.608000,1639.0,1640.0,1596.0,1596.0,nan,1622.0,448315,14543338600.0,111325,1640.0,652,1639.0,171,nan,0,nan,0,nan,0,nan,0,nan,0,nan,0,nan,0,nan,0
1597988235864224000,1597988236221999872,2020-08-21 13:37:16.222000,1640.0,1640.0,1596.0,1596.0,nan,1622.0,448654,14554335760.0,111623,1640.0,299,1639.0,329,nan,0,nan,0,nan,0,nan,0,nan,0,nan,0,nan,0,nan,0
1597988236238736896,1597988236734999808,2020-08-21 13:37:16.735000,1640.0,1640.0,1596.0,1596.0,nan,1622.0,448689,14555471160.0,111650,1640.0,274,1639.0,326,nan,0,nan,0,nan,0,nan,0,nan,0,nan,0,nan,0,nan,0
1597988236707340032,1597988237232000000,2020-08-21 13:37:17.232000,1639.0,1640.0,1596.0,1596.0,nan,1622.0,448721,14556509240.0,111678,1640.0,270,1639.0,310,nan,0,nan,0,nan,0,nan,0,nan,0,nan,0,nan,0,nan,0
1597988237221980928,1597988237740000000,2020-08-21 13:37:17.740000,1640.0,1640.0,1596.0,1596.0,nan,1622.0,448749,14557417560.0,111691,1640.0,288,1639.0,299,nan,0,nan,0,nan,0,nan,0,nan,0,nan,0,nan,0,nan,0
1597988237718326016,1597988238211000064,2020-08-21 13:37:18.211000,1639.0,1640.0,1596.0,1596.0,nan,1622.0,448821,14559753240.0,111708,1640.0,260,1639.0,281,nan,0,nan,0,nan,0,nan,0,nan,0,nan,0,nan,0,nan,0
1597988238247095040,1597988238712000000,2020-08-21 13:37:18.712000,1640.0,1640.0,1596.0,1596.0,nan,1622.0,448850,14560694000.0,111699,1640.0,253,1639.0,277,nan,0,nan,0,nan,0,nan,0,nan,0,nan,0,nan,0,nan,0
1597988238712524032,1597988239240999936,2020-08-21 13:37:19.241000,1639.0,1640.0,1596.0,1596.0,nan,1622.0,448860,14561018400.0,111699,1640.0,313,1639.0,284,nan,0,nan,0,nan,0,nan,0,nan,0,nan,0,nan,0,nan,0
1597988239202653952,1597988239690000128,2020-08-21 13:37:19.690000,1640.0,1640.0,1596.0,1596.0,nan,1622.0,448865,14561180600.0,111700,1640.0,315,1639.0,294,nan,0,nan,0,nan,0,nan,0,nan,0,nan,0,nan,0,nan,0
1597988239706688000,1597988240232999936,2020-08-21 13:37:20.233000,1639.0,1640.0,1596.0,1596.0,nan,1622.0,449169,14571042360.0,111501,1639.0,102,1638.0,429,nan,0,nan,0,nan,0,nan,0,nan,0,nan,0,nan,0,nan,0
1597988240205425920,1597988240720999936,2020-08-21 13:37:20.721000,1639.0,1640.0,1596.0,1596.0,nan,1622.0,449202,14572112880.0,111481,1639.0,343,1638.0,283,nan,0,nan,0,nan,0,nan,0,nan,0,nan,0,nan,0,nan,0
1597988240710013952,1597988241204000000,2020-08-21 13:37:21.204000,1638.0,1640.0,1596.0,1596.0,nan,1622.0,449505,14581942200.0,111416,1638.0,64,1637.0,653,nan,0,nan,0,nan,0,nan,0,nan,0,nan,0,nan,0,nan,0
1597988241207379968,1597988241731000064,2020-08-21 13:37:21.731000,1638.0,1640.0,1596.0,1596.0,nan,1622.0,449519,14582396360.0,111412,1638.0,61,1637.0,522,nan,0,nan,0,nan,0,nan,0,nan,0,nan,0,nan,0,nan,0
1597988241711648000,1597988242229000192,2020-08-21 13:37:22.229000,1638.0,1640.0,1596.0,1596.0,nan,1622.0,449670,14587294800.0,111413,1638.0,70,1637.0,479,nan,0,nan,0,nan,0,nan,0,nan,0,nan,0,nan,0,nan,0
1597988242216147968,1597988242733999872,2020-08-21 13:37:22.734000,1638.0,1640.0,1596.0,1596.0,nan,1622.0,449675,14587457000.0,111414,1638.0,54,1637.0,463,nan,0,nan,0,nan,0,nan,0,nan,0,nan,0,nan,0,nan,0
1597988242706970112,1597988243240000000,2020-08-21 13:37:23.240000,1638.0,1640.0,1596.0,1596.0,nan,1622.0,449680,14587619200.0,111418,1638.0,64,1637.0,462,nan,0,nan,0,nan,0,nan,0,nan,0,nan,0,nan,0,nan,0
1597988243205478912,1597988243736999936,2020-08-21 13:37:23.737000,1638.0,1640.0,1596.0,1596.0,nan,1622.0,449747,14589792680.0,111404,1639.0,645,1638.0,2,nan,0,nan,0,nan,0,nan,0,nan,0,nan,0,nan,0,nan,0
1597988243708190976,1597988244160000000,2020-08-21 13:37:24.160000,1638.0,1640.0,1596.0,1596.0,nan,1622.0,449811,14591868840.0,111452,1639.0,594,1638.0,45,nan,0,nan,0,nan,0,nan,0,nan,0,nan,0,nan,0,nan,0
1597988244216088064,1597988244698999808,2020-08-21 13:37:24.699000,1638.0,1640.0,1596.0,1596.0,nan,1622.0,449819,14592128360.0,111457,1639.0,573,1638.0,68,nan,0,nan,0,nan,0,nan,0,nan,0,nan,0,nan,0,nan,0
1597988244733773056,1597988245219000064,2020-08-21 13:37:25.219000,1639.0,1640.0,1596.0,1596.0,nan,1622.0,449827,14592387880.0,111455,1639.0,489,1638.0,89,nan,0,nan,0,nan,0,nan,0,nan,0,nan,0,nan,0,nan,0
1597988245218138880,1597988245700000000,2020-08-21 13:37:25.700000,1639.0,1640.0,1596.0,1596.0,nan,1622.0,449834,14592614960.0,111456,1639.0,479,1638.0,88,nan,0,nan,0,nan,0,nan,0,nan,0,nan,0,nan,0,nan,0
1597988245703091968,1597988246232999936,2020-08-21 13:37:26.233000,1639.0,1640.0,1596.0,1596.0,nan,1622.0,449897,14594658680.0,111496,1639.0,413,1638.0,84,nan,0,nan,0,nan,0,nan,0,nan,0,nan,0,nan,0,nan,0
1597988246248592896,1597988246723000064,2020-08-21 13:37:26.723000,1638.0,1640.0,1596.0,1596.0,nan,1622.0,449935,14595891400.0,111520,1639.0,456,1638.0,84,nan,0,nan,0,nan,0,nan,0,nan,0,nan,0,nan,0,nan,0
1597988246750735872,1597988247234999808,2020-08-21 13:37:27.235000,1638.0,1640.0,1596.0,1596.0,nan,1622.0,450033,14599070520.0,111465,1638.0,28,1637.0,681,nan,0,nan,0,nan,0,nan,0,nan,0,nan,0,nan,0,nan,0
1597988247212644096,1597988247742000128,2020-08-21 13:37:27.742000,1637.0,1640.0,1596.0,1596.0,nan,1622.0,450076,14600465440.0,111467,1638.0,28,1637.0,521,nan,0,nan,0,nan,0,nan,0,nan,0,nan,0,nan,0,nan,0
1597988247716236032,1597988248221999872,2020-08-21 13:37:28.222000,1638.0,1640.0,1596.0,1596.0,nan,1622.0,450084,14600724960.0,111467,1638.0,64,1637.0,489,nan,0,nan,0,nan,0,nan,0,nan,0,nan,0,nan,0,nan,0
1597988248258758912,1597988248727000064,2020-08-21 13:37:28.727000,1638.0,1640.0,1596.0,1596.0,nan,1622.0,450127,14602119880.0,111463,1638.0,76,1637.0,441,nan,0,nan,0,nan,0,nan,0,nan,0,nan,0,nan,0,nan,0
1597988248710919936,1597988249240000000,2020-08-21 13:37:29.240000,1638.0,1640.0,1596.0,1596.0,nan,1622.0,450133,14602314520.0,111463,1638.0,81,1637.0,446,nan,0,nan,0,nan,0,nan,0,nan,0,nan,0,nan,0,nan,0
1597988249358432000,1597988249731000064,2020-08-21 13:37:29.731000,1637.0,1640.0,1596.0,1596.0,nan,1622.0,450134,14602346960.0,111464,1638.0,86,1637.0,448,nan,0,nan,0,nan,0,nan,0,nan,0,nan,0,nan,0,nan,0
1597988249723083008,1597988250240000000,2020-08-21 13:37:30.240000,1638.0,1640.0,1596.0,1596.0,nan,1622.0,450149,14602833560.0,111463,1638.0,79,1637.0,440,nan,0,nan,0,nan,0,nan,0,nan,0,nan,0,nan,0,nan,0
1597988250219899904,1597988250739000064,2020-08-21 13:37:30.739000,1638.0,1640.0,1596.0,1596.0,nan,1622.0,450192,14604228480.0,111499,1638.0,40,1637.0,449,nan,0,nan,0,nan,0,nan,0,nan,0,nan,0,nan,0,nan,0
1597988250736014080,1597988251240000000,2020-08-21 13:37:31.240000,1638.0,1640.0,1596.0,1596.0,nan,1622.0,450303,14607829320.0,111577,1638.0,37,1637.0,343,nan,0,nan,0,nan,0,nan,0,nan,0,nan,0,nan,0,nan,0
1597988251219921920,1597988251737999872,2020-08-21 13:37:31.738000,1638.0,1640.0,1596.0,1596.0,nan,1622.0,450363,14609775720.0,111612,1638.0,102,1637.0,279,nan,0,nan,0,nan,0,nan,0,nan,0,nan,0,nan,0,nan,0
1597988251708783104,1597988252190000128,2020-08-21 13:37:32.190000,1638.0,1640.0,1596.0,1596.0,nan,1622.0,450396,14610846240.0,111626,1638.0,94,1637.0,273,nan,0,nan,0,nan,0,nan,0,nan,0,nan,0,nan,0,nan,0
1597988252205937920,1597988252742000128,2020-08-21 13:37:32.742000,1637.0,1640.0,1596.0,1596.0,nan,1622.0,450414,14611430160.0,111630,1638.0,117,1637.0,272,nan,0,nan,0,nan,0,nan,0,nan,0,nan,0,nan,0,nan,0
1597988252720284928,1597988253240000000,2020-08-21 13:37:33.240000,1638.0,1640.0,1596.0,1596.0,nan,1622.0,450554,14615971760.0,111554,1639.0,646,1638.0,62,nan,0,nan,0,nan,0,nan,0,nan,0,nan,0,nan,0,nan,0
1597988253208420096,1597988253730000128,2020-08-21 13:37:33.730000,1638.0,1640.0,1596.0,1596.0,nan,1622.0,450594,14617269360.0,111545,1639.0,630,1638.0,46,nan,0,nan,0,nan,0,nan,0,nan,0,nan,0,nan,0,nan,0
1597988253717112064,1597988254240999936,2020-08-21 13:37:34.241000,1638.0,1640.0,1596.0,1596.0,nan,1622.0,450617,14618015480.0,111546,1639.0,581,1638.0,118,nan,0,nan,0,nan,0,nan,0,nan,0,nan,0,nan,0,nan,0
1597988254210433024,1597988254739000064,2020-08-21 13:37:34.739000,1638.0,1640.0,1596.0,1596.0,nan,1622.0,450621,14618145240.0,111546,1639.0,525,1638.0,152,nan,0,nan,0,nan,0,nan,0,nan,0,nan,0,nan,0,nan,0
1597988254755001088,1597988255228000000,2020-08-21 13:37:35.228000,1638.0,1640.0,1596.0,1596.0,nan,1622.0,450658,14619345520.0,111533,1639.0,527,1638.0,126,nan,0,nan,0,nan,0,nan,0,nan,0,nan,0,nan,0,nan,0
1597988255221699072,1597988255737999872,2020-08-21 13:37:35.738000,1638.0,1640.0,1596.0,1596.0,nan,1622.0,450688,14620318720.0,111528,1639.0,543,1638.0,102,nan,0,nan,0,nan,0,nan,0,nan,0,nan,0,nan,0,nan,0
1597988255719104000,1597988256232999936,2020-08-21 13:37:36.233000,1638.0,1640.0,1596.0,1596.0,nan,1622.0,450699,14620675560.0,111524,1639.0,545,1638.0,109,nan,0,nan,0,nan,0,nan,0,nan,0,nan,0,nan,0,nan,0
1597988256215565056,1597988256740999936,2020-08-21 13:37:36.741000,1638.0,1640.0,1596.0,1596.0,nan,1622.0,450730,14621681200.0,111543,1639.0,527,1638.0,101,nan,0,nan,0,nan,0,nan,0,nan,0,nan,0,nan,0,nan,0
1597988256719943936,1597988257223000064,2020-08-21 13:37:37.223000,1638.0,1640.0,1596.0,1596.0,nan,1622.0,450745,14622167800.0,111557,1639.0,527,1638.0,97,nan,0,nan,0,nan,0,nan,0,nan,0,nan,0,nan,0,nan,0
1597988257223182080,1597988257727000064,2020-08-21 13:37:37.727000,1638.0,1640.0,1596.0,1596.0,nan,1622.0,450905,14627358200.0,111489,1638.0,39,1637.0,472,nan,0,nan,0,nan,0,nan,0,nan,0,nan,0,nan,0,nan,0
1597988257719013888,1597988258237999872,2020-08-21 13:37:38.238000,1638.0,1640.0,1596.0,1596.0,nan,1622.0,450922,14627909680.0,111486,1638.0,209,1637.0,383,nan,0,nan,0,nan,0,nan,0,nan,0,nan,0,nan,0,nan,0
1597988258221801984,1597988258734999808,2020-08-21 13:37:38.735000,1637.0,1640.0,1596.0,1596.0,nan,1622.0,450925,14628007000.0,111485,1638.0,252,1637.0,362,nan,0,nan,0,nan,0,nan,0,nan,0,nan,0,nan,0,nan,0
1597988258725466112,1597988259240000000,2020-08-21 13:37:39.240000,1638.0,1640.0,1596.0,1596.0,nan,1622.0,450938,14628428720.0,111490,1638.0,243,1637.0,365,nan,0,nan,0,nan,0,nan,0,nan,0,nan,0,nan,0,nan,0
1597988259220942080,1597988259724000000,2020-08-21 13:37:39.724000,1638.0,1640.0,1596.0,1596.0,nan,1622.0,450969,14629434360.0,111515,1638.0,239,1637.0,339,nan,0,nan,0,nan,0,nan,0,nan,0,nan,0,nan,0,nan,0
1597988259743612928,1597988260211000064,2020-08-21 13:37:40.211000,1638.0,1640.0,1596.0,1596.0,nan,1622.0,450988,14630050720.0,111517,1638.0,219,1637.0,329,nan,0,nan,0,nan,0,nan,0,nan,0,nan,0,nan,0,nan,0
1597988260218777088,1597988260736999936,2020-08-21 13:37:40.737000,1637.0,1640.0,1596.0,1596.0,nan,1622.0,450995,14630277800.0,111521,1638.0,227,1637.0,323,nan,0,nan,0,nan,0,nan,0,nan,0,nan,0,nan,0,nan,0
1597988260723364096,1597988261242000128,2020-08-21 13:37:41.242000,1637.0,1640.0,1596.0,1596.0,nan,1622.0,451022,14631153680.0,111535,1638.0,233,1637.0,299,nan,0,nan,0,nan,0,nan,0,nan,0,nan,0,nan,0,nan,0
1597988261211333120,1597988261736000000,2020-08-21 13:37:41.736000,1638.0,1640.0,1596.0,1596.0,nan,1622.0,451030,14631413200.0,111542,1638.0,231,1637.0,310,nan,0,nan,0,nan,0,nan,0,nan,0,nan,0,nan,0,nan,0
1597988261716087040,1597988262239000064,2020-08-21 13:37:42.239000,1638.0,1640.0,1596.0,1596.0,nan,1622.0,451089,14633327160.0,111570,1638.0,666,1637.0,307,nan,0,nan,0,nan,0,nan,0,nan,0,nan,0,nan,0,nan,0
1597988262213177088,1597988262742000128,2020-08-21 13:37:42.742000,1637.0,1640.0,1596.0,1596.0,nan,1622.0,451103,14633781320.0,111573,1638.0,703,1637.0,300,nan,0,nan,0,nan,0,nan,0,nan,0,nan,0,nan,0,nan,0
1597988262741745920,1597988263232999936,2020-08-21 13:37:43.233000,1637.0,1640.0,1596.0,1596.0,nan,1622.0,451238,14638160720.0,111587,1638.0,702,1637.0,183,nan,0,nan,0,nan,0,nan,0,nan,0,nan,0,nan,0,nan,0
1597988263204248064,1597988263740999936,2020-08-21 13:37:43.741000,1637.0,1640.0,1596.0,1596.0,nan,1622.0,451242,14638290480.0,111588,1638.0,701,1637.0,213,nan,0,nan,0,nan,0,nan,0,nan,0,nan,0,nan,0,nan,0
1597988263713507072,1597988264236999936,2020-08-21 13:37:44.237000,1637.0,1640.0,1596.0,1596.0,nan,1622.0,451248,14638485120.0,111586,1638.0,701,1637.0,221,nan,0,nan,0,nan,0,nan,0,nan,0,nan,0,nan,0,nan,0
1597988264222844928,1597988264740999936,2020-08-21 13:37:44.741000,1637.0,1640.0,1596.0,1596.0,nan,1622.0,451276,14639393440.0,111595,1638.0,699,1637.0,220,nan,0,nan,0,nan,0,nan,0,nan,0,nan,0,nan,0,nan,0
1597988264721046016,1597988265232000000,2020-08-21 13:37:45.232000,1637.0,1640.0,1596.0,1596.0,nan,1622.0,451522,14647373680.0,111668,1637.0,15,1636.0,860,nan,0,nan,0,nan,0,nan,0,nan,0,nan,0,nan,0,nan,0
1597988265240410880,1597988265709000192,2020-08-21 13:37:45.709000,1637.0,1640.0,1596.0,1596.0,nan,1622.0,451569,14648898360.0,111684,1637.0,2,1636.0,769,nan,0,nan,0,nan,0,nan,0,nan,0,nan,0,nan,0,nan,0
1597988265719868928,1597988266236000000,2020-08-21 13:37:46.236000,1637.0,1640.0,1596.0,1596.0,nan,1622.0,451572,14648995680.0,111683,1637.0,33,1636.0,754,nan,0,nan,0,nan,0,nan,0,nan,0,nan,0,nan,0,nan,0
1597988266227769088,1597988266729000192,2020-08-21 13:37:46.729000,1637.0,1640.0,1596.0,1596.0,nan,1622.0,451620,14650552800.0,111655,1637.0,28,1636.0,682,nan,0,nan,0,nan,0,nan,0,nan,0,nan,0,nan,0,nan,0
1597988266719142912,1597988267224000000,2020-08-21 13:37:47.224000,1637.0,1640.0,1596.0,1596.0,nan,1622.0,452095,14665961800.0,111464,1638.0,492,1637.0,17,nan,0,nan,0,nan,0,nan,0,nan,0,nan,0,nan,0,nan,0
1597988267234270976,1597988267736999936,2020-08-21 13:37:47.737000,1637.0,1640.0,1596.0,1596.0,nan,1622.0,452117,14666675480.0,111458,1638.0,452,1637.0,131,nan,0,nan,0,nan,0,nan,0,nan,0,nan,0,nan,0,nan,0
1597988267730610944,1597988268177999872,2020-08-21 13:37:48.178000,1637.0,1640.0,1596.0,1596.0,nan,1622.0,452120,14666772800.0,111460,1638.0,465,1637.0,192,nan,0,nan,0,nan,0,nan,0,nan,0,nan,0,nan,0,nan,0
1597988268224126976,1597988268732999936,2020-08-21 13:37:48.733000,1638.0,1640.0,1596.0,1596.0,nan,1622.0,452185,14668881400.0,111525,1638.0,417,1637.0,204,nan,0,nan,0,nan,0,nan,0,nan,0,nan,0,nan,0,nan,0
1597988268712364032,1597988269240000000,2020-08-21 13:37:49.240000,1637.0,1640.0,1596.0,1596.0,nan,1622.0,452324,14673390560.0,111507,1638.0,419,1637.0,81,nan,0,nan,0,nan,0,nan,0,nan,0,nan,0,nan,0,nan,0
1597988269223118080,1597988269740000000,2020-08-21 13:37:49.740000,1637.0,1640.0,1596.0,1596.0,nan,1622.0,452346,14674104240.0,111515,1638.0,407,1637.0,97,nan,0,nan,0,nan,0,nan,0,nan,0,nan,0,nan,0,nan,0
1597988269731599872,1597988270220000000,2020-08-21 13:37:50.220000,1637.0,1640.0,1596.0,1596.0,nan,1622.0,452352,14674298880.0,111517,1638.0,407,1637.0,120,nan,0,nan,0,nan,0,nan,0,nan,0,nan,0,nan,0,nan,0
1597988270221797120,1597988270731000064,2020-08-21 13:37:50.731000,1637.0,1640.0,1596.0,1596.0,nan,1622.0,452414,14676310160.0,111499,1638.0,404,1637.0,96,nan,0,nan,0,nan,0,nan,0,nan,0,nan,0,nan,0,nan,0
1597988270724073984,1597988271228000000,2020-08-21 13:37:51.228000,1637.0,1640.0,1596.0,1596.0,nan,1622.0,452436,14677023840.0,111520,1638.0,393,1637.0,180,nan,0,nan,0,nan,0,nan,0,nan,0,nan,0,nan,0,nan,0
1597988271224015104,1597988271740000000,2020-08-21 13:37:51.740000,1638.0,1640.0,1596.0,1596.0,nan,1622.0,452861,14690810840.0,111868,1639.0,648,1638.0,59,nan,0,nan,0,nan,0,nan,0,nan,0,nan,0,nan,0,nan,0
1597988271724534016,1597988272233999872,2020-08-21 13:37:52.234000,1638.0,1640.0,1596.0,1596.0,nan,1622.0,452888,14691686720.0,111890,1639.0,556,1638.0,76,nan,0,nan,0,nan,0,nan,0,nan,0,nan,0,nan,0,nan,0
1597988272233021952,1597988272740000000,2020-08-21 13:37:52.740000,1639.0,1640.0,1596.0,1596.0,nan,1622.0,452895,14691913800.0,111896,1639.0,524,1638.0,107,nan,0,nan,0,nan,0,nan,0,nan,0,nan,0,nan,0,nan,0
1597988272745790976,1597988273233999872,2020-08-21 13:37:53.234000,1639.0,1640.0,1596.0,1596.0,nan,1622.0,452931,14693081640.0,111928,1639.0,503,1638.0,109,nan,0,nan,0,nan,0,nan,0,nan,0,nan,0,nan,0,nan,0
1597988273224164096,1597988273732000000,2020-08-21 13:37:53.732000,1638.0,1640.0,1596.0,1596.0,nan,1622.0,452935,14693211400.0,111928,1639.0,498,1638.0,112,nan,0,nan,0,nan,0,nan,0,nan,0,nan,0,nan,0,nan,0
1597988273723599104,1597988274236000000,2020-08-21 13:37:54.236000,1638.0,1640.0,1596.0,1596.0,nan,1622.0,453038,14696552720.0,111919,1639.0,477,1638.0,70,nan,0,nan,0,nan,0,nan,0,nan,0,nan,0,nan,0,nan,0
1597988274226851072,1597988274724999936,2020-08-21 13:37:54.725000,1638.0,1640.0,1596.0,1596.0,nan,1622.0,453039,14696585160.0,111919,1639.0,467,1638.0,71,nan,0,nan,0,nan,0,nan,0,nan,0,nan,0,nan,0,nan,0
1597988274727234048,1597988275239000064,2020-08-21 13:37:55.239000,1639.0,1640.0,1596.0,1596.0,nan,1622.0,453040,14696617600.0,111919,1639.0,479,1638.0,117,nan,0,nan,0,nan,0,nan,0,nan,0,nan,0,nan,0,nan,0
1597988275219179008,1597988275727000064,2020-08-21 13:37:55.727000,1638.0,1640.0,1596.0,1596.0,nan,1622.0,453068,14697525920.0,111919,1639.0,472,1638.0,90,nan,0,nan,0,nan,0,nan,0,nan,0,nan,0,nan,0,nan,0
1597988275726269952,1597988276240999936,2020-08-21 13:37:56.241000,1638.0,1640.0,1596.0,1596.0,nan,1622.0,453112,14698953280.0,111933,1639.0,459,1638.0,71,nan,0,nan,0,nan,0,nan,0,nan,0,nan,0,nan,0,nan,0
1597988276230183936,1597988276736999936,2020-08-21 13:37:56.737000,1638.0,1640.0,1596.0,1596.0,nan,1622.0,453119,14699180360.0,111933,1639.0,524,1638.0,69,nan,0,nan,0,nan,0,nan,0,nan,0,nan,0,nan,0,nan,0
1597988276808644096,1597988277226000128,2020-08-21 13:37:57.226000,1638.0,1640.0,1596.0,1596.0,nan,1622.0,453134,14699666960.0,111942,1639.0,525,1638.0,63,nan,0,nan,0,nan,0,nan,0,nan,0,nan,0,nan,0,nan,0
1597988277273125120,1597988277706000128,2020-08-21 13:37:57.706000,1638.0,1640.0,1596.0,1596.0,nan,1622.0,453144,14699991360.0,111948,1639.0,518,1638.0,72,nan,0,nan,0,nan,0,nan,0,nan,0,nan,0,nan,0,nan,0
1597988277721235968,1597988278236999936,2020-08-21 13:37:58.237000,1638.0,1640.0,1596.0,1596.0,nan,1622.0,453215,14702294600.0,111961,1639.0,517,1638.0,19,nan,0,nan,0,nan,0,nan,0,nan,0,nan,0,nan,0,nan,0
1597988278218849024,1597988278736000000,2020-08-21 13:37:58.736000,1638.0,1640.0,1596.0,1596.0,nan,1622.0,453242,14703170480.0,111962,1638.0,59,1637.0,399,nan,0,nan,0,nan,0,nan,0,nan,0,nan,0,nan,0,nan,0
1597988278731996928,1597988279236000000,2020-08-21 13:37:59.236000,1638.0,1640.0,1596.0,1596.0,nan,1622.0,453245,14703267800.0,111962,1638.0,124,1637.0,311,nan,0,nan,0,nan,0,nan,0,nan,0,nan,0,nan,0,nan,0
1597988279229800960,1597988279720000000,2020-08-21 13:37:59.720000,1638.0,1640.0,1596.0,1596.0,nan,1622.0,453262,14703819280.0,111979,1638.0,125,1637.0,237,nan,0,nan,0,nan,0,nan,0,nan,0,nan,0,nan,0,nan,0
1597988279730701056,1597988280161999872,2020-08-21 13:38:00.162000,1638.0,1640.0,1596.0,1596.0,nan,1622.0,453264,14703884160.0,111981,1638.0,136,1637.0,238,nan,0,nan,0,nan,0,nan,0,nan,0,nan,0,nan,0,nan,0
1597988280243013888,1597988280742000128,2020-08-21 13:38:00.742000,1637.0,1640.0,1596.0,1596.0,nan,1622.0,453371,14707355240.0,111954,1638.0,132,1637.0,138,nan,0,nan,0,nan,0,nan,0,nan,0,nan,0,nan,0,nan,0
1597988280731013120,1597988281236999936,2020-08-21 13:38:01.237000,1638.0,1640.0,1596.0,1596.0,nan,1622.0,453385,14707809400.0,111962,1638.0,131,1637.0,127,nan,0,nan,0,nan,0,nan,0,nan,0,nan,0,nan,0,nan,0
1597988281224787968,1597988281742000128,2020-08-21 13:38:01.742000,1637.0,1640.0,1596.0,1596.0,nan,1622.0,453392,14708036480.0,111962,1638.0,141,1637.0,162,nan,0,nan,0,nan,0,nan,0,nan,0,nan,0,nan,0,nan,0
1597988281720890880,1597988282193000192,2020-08-21 13:38:02.193000,1637.0,1640.0,1596.0,1596.0,nan,1622.0,453399,14708263560.0,111967,1638.0,161,1637.0,158,nan,0,nan,0,nan,0,nan,0,nan,0,nan,0,nan,0,nan,0
1597988282219951104,1597988282712999936,2020-08-21 13:38:02.713000,1638.0,1640.0,1596.0,1596.0,nan,1622.0,453410,14708620400.0,111974,1638.0,153,1637.0,157,nan,0,nan,0,nan,0,nan,0,nan,0,nan,0,nan,0,nan,0
1597988282733601024,1597988283233999872,2020-08-21 13:38:03.234000,1637.0,1640.0,1596.0,1596.0,nan,1622.0,453413,14708717720.0,111976,1638.0,175,1637.0,156,nan,0,nan,0,nan,0,nan,0,nan,0,nan,0,nan,0,nan,0
1597988283227206912,1597988283733999872,2020-08-21 13:38:03.734000,1637.0,1640.0,1596.0,1596.0,nan,1622.0,453419,14708912360.0,111976,1638.0,189,1637.0,127,nan,0,nan,0,nan,0,nan,0,nan,0,nan,0,nan,0,nan,0
1597988283718334976,1597988284237999872,2020-08-21 13:38:04.238000,1638.0,1640.0,1596.0,1596.0,nan,1622.0,453422,14709009680.0,111979,1638.0,214,1637.0,126,nan,0,nan,0,nan,0,nan,0,nan,0,nan,0,nan,0,nan,0
1597988284233074944,1597988284706000128,2020-08-21 13:38:04.706000,1638.0,1640.0,1596.0,1596.0,nan,1622.0,453461,14710274840.0,111977,1638.0,194,1637.0,115,nan,0,nan,0,nan,0,nan,0,nan,0,nan,0,nan,0,nan,0
1597988284729006080,1597988285234999808,2020-08-21 13:38:05.235000,1637.0,1640.0,1596.0,1596.0,nan,1622.0,453482,14710956080.0,111977,1638.0,185,1637.0,101,nan,0,nan,0,nan,0,nan,0,nan,0,nan,0,nan,0,nan,0
1597988285226834944,1597988285714999808,2020-08-21 13:38:05.715000,1637.0,1640.0,1596.0,1596.0,nan,1622.0,453526,14712383440.0,111994,1638.0,164,1637.0,83,nan,0,nan,0,nan,0,nan,0,nan,0,nan,0,nan,0,nan,0
1597988285730465024,1597988286236999936,2020-08-21 13:38:06.237000,1637.0,1640.0,1596.0,1596.0,nan,1622.0,453532,14712578080.0,111995,1638.0,163,1637.0,132,nan,0,nan,0,nan,0,nan,0,nan,0,nan,0,nan,0,nan,0
1597988286221956096,1597988286732999936,2020-08-21 13:38:06.733000,1637.0,1640.0,1596.0,1596.0,nan,1622.0,453540,14712837600.0,111993,1638.0,157,1637.0,134,nan,0,nan,0,nan,0,nan,0,nan,0,nan,0,nan,0,nan,0
1597988286730198016,1597988287240000000,2020-08-21 13:38:07.240000,1637.0,1640.0,1596.0,1596.0,nan,1622.0,453541,14712870040.0,111993,1638.0,167,1637.0,133,nan,0,nan,0,nan,0,nan,0,nan,0,nan,0,nan,0,nan,0
1597988287227419904,1597988287739000064,2020-08-21 13:38:07.739000,1638.0,1640.0,1596.0,1596.0,nan,1622.0,453548,14713097120.0,111998,1638.0,167,1637.0,141,nan,0,nan,0,nan,0,nan,0,nan,0,nan,0,nan,0,nan,0
1597988287727261952,1597988288242000128,2020-08-21 13:38:08.242000,1637.0,1640.0,1596.0,1596.0,nan,1622.0,453556,14713356640.0,112001,1638.0,165,1637.0,150,nan,0,nan,0,nan,0,nan,0,nan,0,nan,0,nan,0,nan,0
1597988288219350016,1597988288730000128,2020-08-21 13:38:08.730000,1638.0,1640.0,1596.0,1596.0,nan,1622.0,453575,14713973000.0,112002,1638.0,164,1637.0,145,nan,0,nan,0,nan,0,nan,0,nan,0,nan,0,nan,0,nan,0
1597988288732623104,1597988289240999936,2020-08-21 13:38:09.241000,1637.0,1640.0,1596.0,1596.0,nan,1622.0,453586,14714329840.0,112003,1638.0,166,1637.0,136,nan,0,nan,0,nan,0,nan,0,nan,0,nan,0,nan,0,nan,0
1597988289226347008,1597988289729000192,2020-08-21 13:38:09.729000,1638.0,1640.0,1596.0,1596.0,nan,1622.0,453593,14714556920.0,112006,1638.0,181,1637.0,134,nan,0,nan,0,nan,0,nan,0,nan,0,nan,0,nan,0,nan,0
1597988289803842048,1597988290232999936,2020-08-21 13:38:10.233000,1637.0,1640.0,1596.0,1596.0,nan,1622.0,453602,14714848880.0,112005,1638.0,203,1637.0,128,nan,0,nan,0,nan,0,nan,0,nan,0,nan,0,nan,0,nan,0
1597988290228428032,1597988290716999936,2020-08-21 13:38:10.717000,1637.0,1640.0,1596.0,1596.0,nan,1622.0,453639,14716049160.0,112011,1638.0,185,1637.0,122,nan,0,nan,0,nan,0,nan,0,nan,0,nan,0,nan,0,nan,0
1597988290719139072,1597988291242000128,2020-08-21 13:38:11.242000,1638.0,1640.0,1596.0,1596.0,nan,1622.0,453640,14716081600.0,112011,1638.0,185,1637.0,124,nan,0,nan,0,nan,0,nan,0,nan,0,nan,0,nan,0,nan,0
1597988291231300096,1597988291740999936,2020-08-21 13:38:11.741000,1637.0,1640.0,1596.0,1596.0,nan,1622.0,453652,14716470880.0,112008,1638.0,187,1637.0,124,nan,0,nan,0,nan,0,nan,0,nan,0,nan,0,nan,0,nan,0
1597988291722779904,1597988292223000064,2020-08-21 13:38:12.223000,1638.0,1640.0,1596.0,1596.0,nan,1622.0,453682,14717444080.0,112012,1638.0,175,1637.0,124,nan,0,nan,0,nan,0,nan,0,nan,0,nan,0,nan,0,nan,0
1597988292244175104,1597988292713999872,2020-08-21 13:38:12.714000,1637.0,1640.0,1596.0,1596.0,nan,1622.0,453692,14717768480.0,112013,1638.0,179,1637.0,114,nan,0,nan,0,nan,0,nan,0,nan,0,nan,0,nan,0,nan,0
1597988292732103936,1597988293236999936,2020-08-21 13:38:13.237000,1637.0,1640.0,1596.0,1596.0,nan,1622.0,453695,14717865800.0,112014,1638.0,213,1637.0,112,nan,0,nan,0,nan,0,nan,0,nan,0,nan,0,nan,0,nan,0
1597988293221147904,1597988293727000064,2020-08-21 13:38:13.727000,1637.0,1640.0,1596.0,1596.0,nan,1622.0,453697,14717930680.0,112014,1638.0,216,1637.0,110,nan,0,nan,0,nan,0,nan,0,nan,0,nan,0,nan,0,nan,0
1597988293736352000,1597988294223000064,2020-08-21 13:38:14.223000,1637.0,1640.0,1596.0,1596.0,nan,1622.0,453698,14717963120.0,112014,1638.0,218,1637.0,109,nan,0,nan,0,nan,0,nan,0,nan,0,nan,0,nan,0,nan,0
1597988294235696128,1597988294740000000,2020-08-21 13:38:14.740000,1637.0,1640.0,1596.0,1596.0,nan,1622.0,453708,14718287520.0,112022,1638.0,222,1637.0,100,nan,0,nan,0,nan,0,nan,0,nan,0,nan,0,nan,0,nan,0
1597988294738148096,1597988295240000000,2020-08-21 13:38:15.240000,1637.0,1640.0,1596.0,1596.0,nan,1622.0,453726,14718871440.0,112024,1638.0,231,1637.0,79,nan,0,nan,0,nan,0,nan,0,nan,0,nan,0,nan,0,nan,0
1597988295244626944,1597988295724999936,2020-08-21 13:38:15.725000,1637.0,1640.0,1596.0,1596.0,nan,1622.0,453741,14719358040.0,112028,1638.0,243,1637.0,60,nan,0,nan,0,nan,0,nan,0,nan,0,nan,0,nan,0,nan,0
1597988295742641920,1597988296236999936,2020-08-21 13:38:16.237000,1637.0,1640.0,1596.0,1596.0,nan,1622.0,453804,14721401760.0,112018,1637.0,13,1636.0,916,nan,0,nan,0,nan,0,nan,0,nan,0,nan,0,nan,0,nan,0
1597988296237730048,1597988296737999872,2020-08-21 13:38:16.738000,1636.0,1640.0,1596.0,1596.0,nan,1622.0,453805,14721434200.0,112017,1637.0,51,1636.0,803,nan,0,nan,0,nan,0,nan,0,nan,0,nan,0,nan,0,nan,0
1597988296749574912,1597988297220000000,2020-08-21 13:38:17.220000,1637.0,1640.0,1596.0,1596.0,nan,1622.0,453850,14722894000.0,111996,1637.0,63,1636.0,711,nan,0,nan,0,nan,0,nan,0,nan,0,nan,0,nan,0,nan,0
1597988297248791040,1597988297716000000,2020-08-21 13:38:17.716000,1637.0,1640.0,1596.0,1596.0,nan,1622.0,453859,14723185960.0,112004,1637.0,70,1636.0,726,nan,0,nan,0,nan,0,nan,0,nan,0,nan,0,nan,0,nan,0
1597988297746330880,1597988298234999808,2020-08-21 13:38:18.235000,1637.0,1640.0,1596.0,1596.0,nan,1622.0,453860,14723218400.0,112004,1637.0,65,1636.0,727,nan,0,nan,0,nan,0,nan,0,nan,0,nan,0,nan,0,nan,0
1597988298241538048,1597988298739000064,2020-08-21 13:38:18.739000,1637.0,1640.0,1596.0,1596.0,nan,1622.0,453860,14723218400.0,112004,1637.0,80,1636.0,738,nan,0,nan,0,nan,0,nan,0,nan,0,nan,0,nan,0,nan,0
1597988298732316928,1597988299232999936,2020-08-21 13:38:19.233000,1636.0,1640.0,1596.0,1596.0,nan,1622.0,453870,14723542800.0,112008,1637.0,84,1636.0,718,nan,0,nan,0,nan,0,nan,0,nan,0,nan,0,nan,0,nan,0
1597988299245595904,1597988299731000064,2020-08-21 13:38:19.731000,1636.0,1640.0,1596.0,1596.0,nan,1622.0,453915,14725002600.0,112003,1637.0,79,1636.0,681,nan,0,nan,0,nan,0,nan,0,nan,0,nan,0,nan,0,nan,0
1597988299743185920,1597988300231000064,2020-08-21 13:38:20.231000,1636.0,1640.0,1596.0,1596.0,nan,1622.0,453921,14725197240.0,112007,1637.0,97,1636.0,679,nan,0,nan,0,nan,0,nan,0,nan,0,nan,0,nan,0,nan,0
1597988300244790016,1597988300739000064,2020-08-21 13:38:20.739000,1636.0,1640.0,1596.0,1596.0,nan,1622.0,453923,14725262120.0,112007,1637.0,153,1636.0,684,nan,0,nan,0,nan,0,nan,0,nan,0,nan,0,nan,0,nan,0
1597988300776612096,1597988301226000128,2020-08-21 13:38:21.226000,1636.0,1640.0,1596.0,1596.0,nan,1622.0,453924,14725294560.0,112007,1637.0,185,1636.0,688,nan,0,nan,0,nan,0,nan,0,nan,0,nan,0,nan,0,nan,0
1597988301549757952,1597988301740999936,2020-08-21 13:38:21.741000,1637.0,1640.0,1596.0,1596.0,nan,1622.0,453934,14725618960.0,112010,1637.0,188,1636.0,686,nan,0,nan,0,nan,0,nan,0,nan,0,nan,0,nan,0,nan,0
1597988302029399040,1597988302231000064,2020-08-21 13:38:22.231000,1637.0,1640.0,1596.0,1596.0,nan,1622.0,453943,14725910920.0,112017,1637.0,190,1636.0,679,nan,0,nan,0,nan,0,nan,0,nan,0,nan,0,nan,0,nan,0
1597988302244918016,1597988302743000064,2020-08-21 13:38:22.743000,1637.0,1640.0,1596.0,1596.0,nan,1622.0,453946,14726008240.0,112017,1637.0,189,1636.0,679,nan,0,nan,0,nan,0,nan,0,nan,0,nan,0,nan,0,nan,0
1597988302719602944,1597988303228000000,2020-08-21 13:38:23.228000,1637.0,1640.0,1596.0,1596.0,nan,1622.0,453948,14726073120.0,112019,1637.0,192,1636.0,680,nan,0,nan,0,nan,0,nan,0,nan,0,nan,0,nan,0,nan,0
1597988303231856896,1597988303732000000,2020-08-21 13:38:23.732000,1636.0,1640.0,1596.0,1596.0,nan,1622.0,453980,14727111200.0,112027,1637.0,183,1636.0,659,nan,0,nan,0,nan,0,nan,0,nan,0,nan,0,nan,0,nan,0
1597988303860306944,1597988304239000064,2020-08-21 13:38:24.239000,1636.0,1640.0,1596.0,1596.0,nan,1622.0,453981,14727143640.0,112027,1637.0,183,1636.0,652,nan,0,nan,0,nan,0,nan,0,nan,0,nan,0,nan,0,nan,0
1597988304267938048,1597988304743000064,2020-08-21 13:38:24.743000,1636.0,1640.0,1596.0,1596.0,nan,1622.0,453986,14727305840.0,112027,1637.0,183,1636.0,649,nan,0,nan,0,nan,0,nan,0,nan,0,nan,0,nan,0,nan,0
1597988304742320896,1597988305243000064,2020-08-21 13:38:25.243000,1636.0,1640.0,1596.0,1596.0,nan,1622.0,453996,14727630240.0,112032,1637.0,178,1636.0,644,nan,0,nan,0,nan,0,nan,0,nan,0,nan,0,nan,0,nan,0
1597988305234087936,1597988305742000128,2020-08-21 13:38:25.742000,1636.0,1640.0,1596.0,1596.0,nan,1622.0,453997,14727662680.0,112033,1637.0,188,1636.0,643,nan,0,nan,0,nan,0,nan,0,nan,0,nan,0,nan,0,nan,0
1597988305724613888,1597988306240999936,2020-08-21 13:38:26.241000,1637.0,1640.0,1596.0,1596.0,nan,1622.0,454013,14728181720.0,112033,1637.0,175,1636.0,641,nan,0,nan,0,nan,0,nan,0,nan,0,nan,0,nan,0,nan,0
1597988306236672000,1597988306742000128,2020-08-21 13:38:26.742000,1637.0,1640.0,1596.0,1596.0,nan,1622.0,454014,14728214160.0,112033,1637.0,176,1636.0,646,nan,0,nan,0,nan,0,nan,0,nan,0,nan,0,nan,0,nan,0
1597988306735965952,1597988307209000192,2020-08-21 13:38:27.209000,1637.0,1640.0,1596.0,1596.0,nan,1622.0,454015,14728246600.0,112034,1637.0,175,1636.0,649,nan,0,nan,0,nan,0,nan,0,nan,0,nan,0,nan,0,nan,0
1597988307243063040,1597988307742000128,2020-08-21 13:38:27.742000,1637.0,1640.0,1596.0,1596.0,nan,1622.0,454016,14728279040.0,112034,1637.0,175,1636.0,673,nan,0,nan,0,nan,0,nan,0,nan,0,nan,0,nan,0,nan,0
1597988307740217088,1597988308243000064,2020-08-21 13:38:28.243000,1637.0,1640.0,1596.0,1596.0,nan,1622.0,454022,14728473680.0,112035,1637.0,170,1636.0,668,nan,0,nan,0,nan,0,nan,0,nan,0,nan,0,nan,0,nan,0
1597988308246439936,1597988308734999808,2020-08-21 13:38:28.735000,1636.0,1640.0,1596.0,1596.0,nan,1622.0,454023,14728506120.0,112036,1637.0,176,1636.0,667,nan,0,nan,0,nan,0,nan,0,nan,0,nan,0,nan,0,nan,0
1597988308776193024,1597988309229000192,2020-08-21 13:38:29.229000,1636.0,1640.0,1596.0,1596.0,nan,1622.0,454024,14728538560.0,112036,1637.0,182,1636.0,669,nan,0,nan,0,nan,0,nan,0,nan,0,nan,0,nan,0,nan,0
1597988309235322880,1597988309736000000,2020-08-21 13:38:29.736000,1637.0,1640.0,1596.0,1596.0,nan,1622.0,454027,14728635880.0,112038,1637.0,207,1636.0,669,nan,0,nan,0,nan,0,nan,0,nan,0,nan,0,nan,0,nan,0
1597988310003951104,1597988310227000064,2020-08-21 13:38:30.227000,1636.0,1640.0,1596.0,1596.0,nan,1622.0,454128,14731912320.0,111986,1637.0,218,1636.0,569,nan,0,nan,0,nan,0,nan,0,nan,0,nan,0,nan,0,nan,0
1597988310386959104,1597988310736999936,2020-08-21 13:38:30.737000,1637.0,1640.0,1596.0,1596.0,nan,1622.0,454355,14739276200.0,112099,1638.0,403,1637.0,18,nan,0,nan,0,nan,0,nan,0,nan,0,nan,0,nan,0,nan,0
1597988310752396032,1597988311240999936,2020-08-21 13:38:31.241000,1637.0,1640.0,1596.0,1596.0,nan,1622.0,454385,14740249400.0,112089,1638.0,364,1637.0,50,nan,0,nan,0,nan,0,nan,0,nan,0,nan,0,nan,0,nan,0
1597988311241304064,1597988311724000000,2020-08-21 13:38:31.724000,1637.0,1640.0,1596.0,1596.0,nan,1622.0,454391,14740444040.0,112084,1638.0,333,1637.0,129,nan,0,nan,0,nan,0,nan,0,nan,0,nan,0,nan,0,nan,0
1597988311744370944,1597988312230000128,2020-08-21 13:38:32.230000,1637.0,1640.0,1596.0,1596.0,nan,1622.0,454398,14740671120.0,112087,1638.0,303,1637.0,257,nan,0,nan,0,nan,0,nan,0,nan,0,nan,0,nan,0,nan,0
1597988312241504000,1597988312696000000,2020-08-21 13:38:32.696000,1637.0,1640.0,1596.0,1596.0,nan,1622.0,454399,14740703560.0,112087,1638.0,302,1637.0,271,nan,0,nan,0,nan,0,nan,0,nan,0,nan,0,nan,0,nan,0
1597988312761915904,1597988313239000064,2020-08-21 13:38:33.239000,1637.0,1640.0,1596.0,1596.0,nan,1622.0,454426,14741579440.0,112083,1638.0,308,1637.0,285,nan,0,nan,0,nan,0,nan,0,nan,0,nan,0,nan,0,nan,0
1597988313236308992,1597988313744000000,2020-08-21 13:38:33.744000,1638.0,1640.0,1596.0,1596.0,nan,1622.0,455060,14762146400.0,112498,1639.0,412,1638.0,170,nan,0,nan,0,nan,0,nan,0,nan,0,nan,0,nan,0,nan,0
1597988313740815104,1597988314244000000,2020-08-21 13:38:34.244000,1638.0,1640.0,1596.0,1596.0,nan,1622.0,455080,14762795200.0,112499,1639.0,294,1638.0,212,nan,0,nan,0,nan,0,nan,0,nan,0,nan,0,nan,0,nan,0
1597988314244474112,1597988314734999808,2020-08-21 13:38:34.735000,1639.0,1640.0,1596.0,1596.0,nan,1622.0,455141,14764774040.0,112535,1639.0,231,1638.0,216,nan,0,nan,0,nan,0,nan,0,nan,0,nan,0,nan,0,nan,0
1597988314742991872,1597988315232999936,2020-08-21 13:38:35.233000,1638.0,1640.0,1596.0,1596.0,nan,1622.0,455376,14772397440.0,112569,1639.0,19,1638.0,199,nan,0,nan,0,nan,0,nan,0,nan,0,nan,0,nan,0,nan,0
1597988315248765952,1597988315729000192,2020-08-21 13:38:35.729000,1640.0,1640.0,1596.0,1596.0,nan,1622.0,455405,14773338200.0,112566,1640.0,750,1639.0,93,nan,0,nan,0,nan,0,nan,0,nan,0,nan,0,nan,0,nan,0
1597988315748732928,1597988316223000064,2020-08-21 13:38:36.223000,1639.0,1640.0,1596.0,1596.0,nan,1622.0,455495,14776257800.0,112574,1640.0,677,1639.0,73,nan,0,nan,0,nan,0,nan,0,nan,0,nan,0,nan,0,nan,0
1597988316244536064,1597988316742000128,2020-08-21 13:38:36.742000,1639.0,1640.0,1596.0,1596.0,nan,1622.0,455504,14776549760.0,112580,1640.0,658,1639.0,171,nan,0,nan,0,nan,0,nan,0,nan,0,nan,0,nan,0,nan,0
1597988316749607936,1597988317240999936,2020-08-21 13:38:37.241000,1639.0,1640.0,1596.0,1596.0,nan,1622.0,455509,14776711960.0,112584,1640.0,654,1639.0,187,nan,0,nan,0,nan,0,nan,0,nan,0,nan,0,nan,0,nan,0
1597988317243470080,1597988317716000000,2020-08-21 13:38:37.716000,1640.0,1640.0,1596.0,1596.0,nan,1622.0,455520,14777068800.0,112590,1640.0,646,1639.0,178,nan,0,nan,0,nan,0,nan,0,nan,0,nan,0,nan,0,nan,0
1597988317750032896,1597988318232000000,2020-08-21 13:38:38.232000,1640.0,1640.0,1596.0,1596.0,nan,1622.0,455527,14777295880.0,112595,1640.0,648,1639.0,185,nan,0,nan,0,nan,0,nan,0,nan,0,nan,0,nan,0,nan,0
1597988318247479040,1597988318716000000,2020-08-21 13:38:38.716000,1640.0,1640.0,1596.0,1596.0,nan,1622.0,455534,14777522960.0,112595,1640.0,670,1639.0,182,nan,0,nan,0,nan,0,nan,0,nan,0,nan,0,nan,0,nan,0
1597988318756728064,1597988319234999808,2020-08-21 13:38:39.235000,1639.0,1640.0,1596.0,1596.0,nan,1622.0,455548,14777977120.0,112603,1640.0,668,1639.0,170,nan,0,nan,0,nan,0,nan,0,nan,0,nan,0,nan,0,nan,0
1597988319249166080,1597988319726000128,2020-08-21 13:38:39.726000,1640.0,1640.0,1596.0,1596.0,nan,1622.0,455549,14778009560.0,112602,1640.0,668,1639.0,186,nan,0,nan,0,nan,0,nan,0,nan,0,nan,0,nan,0,nan,0
1597988319739729920,1597988320240999936,2020-08-21 13:38:40.241000,1639.0,1640.0,1596.0,1596.0,nan,1622.0,455553,14778139320.0,112604,1640.0,669,1639.0,235,nan,0,nan,0,nan,0,nan,0,nan,0,nan,0,nan,0,nan,0
1597988320234430976,1597988320740999936,2020-08-21 13:38:40.741000,1639.0,1640.0,1596.0,1596.0,nan,1622.0,455555,14778204200.0,112605,1640.0,678,1639.0,241,nan,0,nan,0,nan,0,nan,0,nan,0,nan,0,nan,0,nan,0
1597988320744741120,1597988321233999872,2020-08-21 13:38:41.234000,1640.0,1640.0,1596.0,1596.0,nan,1622.0,455586,14779209840.0,112632,1640.0,654,1639.0,240,nan,0,nan,0,nan,0,nan,0,nan,0,nan,0,nan,0,nan,0
1597988321241400064,1597988321743000064,2020-08-21 13:38:41.743000,1640.0,1640.0,1596.0,1596.0,nan,1622.0,455598,14779599120.0,112636,1640.0,647,1639.0,235,nan,0,nan,0,nan,0,nan,0,nan,0,nan,0,nan,0,nan,0
1597988321754296064,1597988322233999872,2020-08-21 13:38:42.234000,1640.0,1640.0,1596.0,1596.0,nan,1622.0,455651,14781318440.0,112658,1640.0,594,1639.0,226,nan,0,nan,0,nan,0,nan,0,nan,0,nan,0,nan,0,nan,0
1597988322239401984,1597988322726000128,2020-08-21 13:38:42.726000,1640.0,1640.0,1596.0,1596.0,nan,1622.0,455662,14781675280.0,112663,1640.0,588,1639.0,252,nan,0,nan,0,nan,0,nan,0,nan,0,nan,0,nan,0,nan,0
1597988322748747008,1597988323213999872,2020-08-21 13:38:43.214000,1640.0,1640.0,1596.0,1596.0,nan,1622.0,455696,14782778240.0,112680,1640.0,617,1639.0,251,nan,0,nan,0,nan,0,nan,0,nan,0,nan,0,nan,0,nan,0
1597988323244230912,1597988323732999936,2020-08-21 13:38:43.733000,1639.0,1640.0,1596.0,1596.0,nan,1622.0,455770,14785178800.0,112616,1640.0,698,1639.0,250,nan,0,nan,0,nan,0,nan,0,nan,0,nan,0,nan,0,nan,0
1597988323740973056,1597988324236999936,2020-08-21 13:38:44.237000,1640.0,1640.0,1596.0,1596.0,nan,1622.0,455803,14786249320.0,112641,1640.0,668,1639.0,244,nan,0,nan,0,nan,0,nan,0,nan,0,nan,0,nan,0,nan,0
1597988324255847936,1597988324729000192,2020-08-21 13:38:44.729000,1639.0,1640.0,1596.0,1596.0,nan,1622.0,456079,14795202760.0,112484,1639.0,119,1638.0,280,nan,0,nan,0,nan,0,nan,0,nan,0,nan,0,nan,0,nan,0
1597988324815834112,1597988325237999872,2020-08-21 13:38:45.238000,1639.0,1640.0,1596.0,1596.0,nan,1622.0,456122,14796597680.0,112462,1639.0,175,1638.0,223,nan,0,nan,0,nan,0,nan,0,nan,0,nan,0,nan,0,nan,0
1597988325379962112,1597988325742000128,2020-08-21 13:38:45.742000,1639.0,1640.0,1596.0,1596.0,nan,1622.0,456129,14796824760.0,112462,1639.0,203,1638.0,206,nan,0,nan,0,nan,0,nan,0,nan,0,nan,0,nan,0,nan,0
1597988325867976960,1597988326224000000,2020-08-21 13:38:46.224000,1639.0,1640.0,1596.0,1596.0,nan,1622.0,456133,14796954520.0,112462,1639.0,205,1638.0,206,nan,0,nan,0,nan,0,nan,0,nan,0,nan,0,nan,0,nan,0
1597988326366459904,1597988326737999872,2020-08-21 13:38:46.738000,1639.0,1640.0,1596.0,1596.0,nan,1622.0,456141,14797214040.0,112456,1639.0,230,1638.0,217,nan,0,nan,0,nan,0,nan,0,nan,0,nan,0,nan,0,nan,0
1597988326855656960,1597988327224999936,2020-08-21 13:38:47.225000,1638.0,1640.0,1596.0,1596.0,nan,1622.0,456143,14797278920.0,112454,1639.0,233,1638.0,217,nan,0,nan,0,nan,0,nan,0,nan,0,nan,0,nan,0,nan,0
1597988327282162944,1597988327712000000,2020-08-21 13:38:47.712000,1638.0,1640.0,1596.0,1596.0,nan,1622.0,456153,14797603320.0,112453,1639.0,242,1638.0,213,nan,0,nan,0,nan,0,nan,0,nan,0,nan,0,nan,0,nan,0
1597988327765661952,1597988328180000000,2020-08-21 13:38:48.180000,1639.0,1640.0,1596.0,1596.0,nan,1622.0,456382,14805032080.0,112409,1639.0,317,1638.0,80,nan,0,nan,0,nan,0,nan,0,nan,0,nan,0,nan,0,nan,0
1597988328401568000,1597988328732000000,2020-08-21 13:38:48.732000,1638.0,1640.0,1596.0,1596.0,nan,1622.0,456486,14808405840.0,112409,1638.0,1,1637.0,542,nan,0,nan,0,nan,0,nan,0,nan,0,nan,0,nan,0,nan,0
1597988328826049024,1597988329211000064,2020-08-21 13:38:49.211000,1638.0,1640.0,1596.0,1596.0,nan,1622.0,456495,14808697800.0,112405,1638.0,3,1637.0,522,nan,0,nan,0,nan,0,nan,0,nan,0,nan,0,nan,0,nan,0
1597988329449044992,1597988329716999936,2020-08-21 13:38:49.717000,1639.0,1640.0,1596.0,1596.0,nan,1622.0,456536,14810027840.0,112379,1639.0,346,1637.0,499,nan,0,nan,0,nan,0,nan,0,nan,0,nan,0,nan,0,nan,0
1597988329753939968,1597988330108999936,2020-08-21 13:38:50.109000,1638.0,1640.0,1596.0,1596.0,nan,1622.0,456538,14810092720.0,112377,1638.0,66,1637.0,550,nan,0,nan,0,nan,0,nan,0,nan,0,nan,0,nan,0,nan,0
1597988330286072064,1597988330712000000,2020-08-21 13:38:50.712000,1638.0,1640.0,1596.0,1596.0,nan,1622.0,456541,14810190040.0,112377,1638.0,71,1637.0,513,nan,0,nan,0,nan,0,nan,0,nan,0,nan,0,nan,0,nan,0
1597988330810946048,1597988331240000000,2020-08-21 13:38:51.240000,1638.0,1640.0,1596.0,1596.0,nan,1622.0,456544,14810287360.0,112379,1638.0,89,1637.0,539,nan,0,nan,0,nan,0,nan,0,nan,0,nan,0,nan,0,nan,0
1597988331260281088,1597988331743000064,2020-08-21 13:38:51.743000,1637.0,1640.0,1596.0,1596.0,nan,1622.0,456580,14811455200.0,112382,1638.0,64,1637.0,527,nan,0,nan,0,nan,0,nan,0,nan,0,nan,0,nan,0,nan,0
1597988331755422976,1597988332230000128,2020-08-21 13:38:52.230000,1637.0,1640.0,1596.0,1596.0,nan,1622.0,456592,14811844480.0,112383,1638.0,61,1637.0,435,nan,0,nan,0,nan,0,nan,0,nan,0,nan,0,nan,0,nan,0
1597988332264204032,1597988332740999936,2020-08-21 13:38:52.741000,1638.0,1640.0,1596.0,1596.0,nan,1622.0,456616,14812623040.0,112383,1638.0,37,1637.0,423,nan,0,nan,0,nan,0,nan,0,nan,0,nan,0,nan,0,nan,0
1597988332751479040,1597988333239000064,2020-08-21 13:38:53.239000,1638.0,1640.0,1596.0,1596.0,nan,1622.0,456620,14812752800.0,112380,1638.0,33,1637.0,424,nan,0,nan,0,nan,0,nan,0,nan,0,nan,0,nan,0,nan,0
1597988333272073984,1597988333742000128,2020-08-21 13:38:53.742000,1638.0,1640.0,1596.0,1596.0,nan,1622.0,456650,14813726000.0,112378,1638.0,15,1637.0,398,nan,0,nan,0,nan,0,nan,0,nan,0,nan,0,nan,0,nan,0
1597988333856229120,1597988334240999936,2020-08-21 13:38:54.241000,1638.0,1640.0,1596.0,1596.0,nan,1622.0,456681,14814731640.0,112380,1639.0,483,1638.0,21,nan,0,nan,0,nan,0,nan,0,nan,0,nan,0,nan,0,nan,0
1597988334272387072,1597988334691000064,2020-08-21 13:38:54.691000,1638.0,1640.0,1596.0,1596.0,nan,1622.0,456682,14814764080.0,112381,1639.0,362,1638.0,104,nan,0,nan,0,nan,0,nan,0,nan,0,nan,0,nan,0,nan,0
1597988334791269888,1597988335183000064,2020-08-21 13:38:55.183000,1638.0,1640.0,1596.0,1596.0,nan,1622.0,456686,14814893840.0,112383,1639.0,353,1638.0,144,nan,0,nan,0,nan,0,nan,0,nan,0,nan,0,nan,0,nan,0
1597988335258288896,1597988335736999936,2020-08-21 13:38:55.737000,1639.0,1640.0,1596.0,1596.0,nan,1622.0,456711,14815704840.0,112388,1639.0,381,1638.0,161,nan,0,nan,0,nan,0,nan,0,nan,0,nan,0,nan,0,nan,0
1597988335757341952,1597988336194000128,2020-08-21 13:38:56.194000,1638.0,1640.0,1596.0,1596.0,nan,1622.0,456712,14815737280.0,112388,1639.0,394,1638.0,181,nan,0,nan,0,nan,0,nan,0,nan,0,nan,0,nan,0,nan,0
1597988336266874880,1597988336742000128,2020-08-21 13:38:56.742000,1638.0,1640.0,1596.0,1596.0,nan,1622.0,456721,14816029240.0,112388,1639.0,393,1638.0,189,nan,0,nan,0,nan,0,nan,0,nan,0,nan,0,nan,0,nan,0
1597988336798449920,1597988337237999872,2020-08-21 13:38:57.238000,1638.0,1640.0,1596.0,1596.0,nan,1622.0,456725,14816159000.0,112390,1639.0,400,1638.0,225,nan,0,nan,0,nan,0,nan,0,nan,0,nan,0,nan,0,nan,0
1597988337302643968,1597988337703000064,2020-08-21 13:38:57.703000,1639.0,1640.0,1596.0,1596.0,nan,1622.0,456778,14817878320.0,112399,1639.0,360,1638.0,220,nan,0,nan,0,nan,0,nan,0,nan,0,nan,0,nan,0,nan,0
1597988337955386880,1597988338239000064,2020-08-21 13:38:58.239000,1638.0,1640.0,1596.0,1596.0,nan,1622.0,456814,14819046160.0,112421,1639.0,833,1638.0,217,nan,0,nan,0,nan,0,nan,0,nan,0,nan,0,nan,0,nan,0
1597988338254991872,1597988338732000000,2020-08-21 13:38:58.732000,1639.0,1640.0,1596.0,1596.0,nan,1622.0,456819,14819208360.0,112425,1639.0,824,1638.0,219,nan,0,nan,0,nan,0,nan,0,nan,0,nan,0,nan,0,nan,0
1597988338773604096,1597988339243000064,2020-08-21 13:38:59.243000,1638.0,1640.0,1596.0,1596.0,nan,1622.0,456827,14819467880.0,112426,1639.0,846,1638.0,217,nan,0,nan,0,nan,0,nan,0,nan,0,nan,0,nan,0,nan,0
1597988339372861952,1597988339732000000,2020-08-21 13:38:59.732000,1639.0,1640.0,1596.0,1596.0,nan,1622.0,456830,14819565200.0,112428,1639.0,825,1638.0,185,nan,0,nan,0,nan,0,nan,0,nan,0,nan,0,nan,0,nan,0
1597988339766478080,1597988340240999936,2020-08-21 13:39:00.241000,1638.0,1640.0,1596.0,1596.0,nan,1622.0,457025,14825891000.0,112348,1638.0,258,1637.0,611,nan,0,nan,0,nan,0,nan,0,nan,0,nan,0,nan,0,nan,0
1597988340260497920,1597988340736999936,2020-08-21 13:39:00.737000,1638.0,1640.0,1596.0,1596.0,nan,1622.0,457052,14826766880.0,112329,1638.0,249,1637.0,492,nan,0,nan,0,nan,0,nan,0,nan,0,nan,0,nan,0,nan,0
1597988340834625024,1597988341237999872,2020-08-21 13:39:01.238000,1638.0,1640.0,1596.0,1596.0,nan,1622.0,457076,14827545440.0,112332,1638.0,255,1637.0,419,nan,0,nan,0,nan,0,nan,0,nan,0,nan,0,nan,0,nan,0
1597988341253008896,1597988341742000128,2020-08-21 13:39:01.742000,1638.0,1640.0,1596.0,1596.0,nan,1622.0,457098,14828259120.0,112323,1638.0,236,1637.0,410,nan,0,nan,0,nan,0,nan,0,nan,0,nan,0,nan,0,nan,0
1597988341841283072,1597988342244000000,2020-08-21 13:39:02.244000,1638.0,1640.0,1596.0,1596.0,nan,1622.0,457106,14828518640.0,112325,1638.0,235,1637.0,405,nan,0,nan,0,nan,0,nan,0,nan,0,nan,0,nan,0,nan,0
1597988342254620928,1597988342734999808,2020-08-21 13:39:02.735000,1638.0,1640.0,1596.0,1596.0,nan,1622.0,457134,14829426960.0,112309,1638.0,212,1637.0,459,nan,0,nan,0,nan,0,nan,0,nan,0,nan,0,nan,0,nan,0
1597988342767728128,1597988343236999936,2020-08-21 13:39:03.237000,1637.0,1640.0,1596.0,1596.0,nan,1622.0,457142,14829686480.0,112311,1638.0,207,1637.0,474,nan,0,nan,0,nan,0,nan,0,nan,0,nan,0,nan,0,nan,0
1597988343253443072,1597988343740000000,2020-08-21 13:39:03.740000,1638.0,1640.0,1596.0,1596.0,nan,1622.0,457181,14830951640.0,112302,1638.0,180,1637.0,479,nan,0,nan,0,nan,0,nan,0,nan,0,nan,0,nan,0,nan,0
1597988343759292928,1597988344221999872,2020-08-21 13:39:04.222000,1638.0,1640.0,1596.0,1596.0,nan,1622.0,457185,14831081400.0,112301,1638.0,179,1637.0,479,nan,0,nan,0,nan,0,nan,0,nan,0,nan,0,nan,0,nan,0
1597988344243962112,1597988344743000064,2020-08-21 13:39:04.743000,1638.0,1640.0,1596.0,1596.0,nan,1622.0,457206,14831762640.0,112293,1638.0,159,1637.0,500,nan,0,nan,0,nan,0,nan,0,nan,0,nan,0,nan,0,nan,0
1597988344751895040,1597988345236999936,2020-08-21 13:39:05.237000,1637.0,1640.0,1596.0,1596.0,nan,1622.0,457222,14832281680.0,112288,1638.0,155,1637.0,498,nan,0,nan,0,nan,0,nan,0,nan,0,nan,0,nan,0,nan,0
1597988345394755072,1597988345742000128,2020-08-21 13:39:05.742000,1638.0,1640.0,1596.0,1596.0,nan,1622.0,457237,14832768280.0,112301,1638.0,172,1637.0,498,nan,0,nan,0,nan,0,nan,0,nan,0,nan,0,nan,0,nan,0
1597988345793218048,1597988346233999872,2020-08-21 13:39:06.234000,1638.0,1640.0,1596.0,1596.0,nan,1622.0,457253,14833287320.0,112313,1638.0,163,1637.0,513,nan,0,nan,0,nan,0,nan,0,nan,0,nan,0,nan,0,nan,0
1597988346269424128,1597988346743000064,2020-08-21 13:39:06.743000,1637.0,1640.0,1596.0,1596.0,nan,1622.0,457257,14833417080.0,112315,1638.0,169,1637.0,513,nan,0,nan,0,nan,0,nan,0,nan,0,nan,0,nan,0,nan,0
1597988346905078016,1597988347239000064,2020-08-21 13:39:07.239000,1638.0,1640.0,1596.0,1596.0,nan,1622.0,457262,14833579280.0,112319,1638.0,170,1637.0,509,nan,0,nan,0,nan,0,nan,0,nan,0,nan,0,nan,0,nan,0
1597988347488999936,1597988347711000064,2020-08-21 13:39:07.711000,1637.0,1640.0,1596.0,1596.0,nan,1622.0,457263,14833611720.0,112319,1638.0,173,1637.0,517,nan,0,nan,0,nan,0,nan,0,nan,0,nan,0,nan,0,nan,0
1597988347765752064,1597988348233999872,2020-08-21 13:39:08.234000,1637.0,1640.0,1596.0,1596.0,nan,1622.0,457264,14833644160.0,112319,1638.0,181,1637.0,519,nan,0,nan,0,nan,0,nan,0,nan,0,nan,0,nan,0,nan,0
1597988348251318016,1597988348707000064,2020-08-21 13:39:08.707000,1637.0,1640.0,1596.0,1596.0,nan,1622.0,457264,14833644160.0,112319,1638.0,181,1637.0,521,nan,0,nan,0,nan,0,nan,0,nan,0,nan,0,nan,0,nan,0
1597988348758039040,1597988349219000064,2020-08-21 13:39:09.219000,1637.0,1640.0,1596.0,1596.0,nan,1622.0,457269,14833806360.0,112322,1638.0,180,1637.0,517,nan,0,nan,0,nan,0,nan,0,nan,0,nan,0,nan,0,nan,0
1597988349336151040,1597988349740000000,2020-08-21 13:39:09.740000,1637.0,1640.0,1596.0,1596.0,nan,1622.0,457421,14838737240.0,112319,1638.0,184,1637.0,376,nan,0,nan,0,nan,0,nan,0,nan,0,nan,0,nan,0,nan,0
1597988349746557952,1597988350240999936,2020-08-21 13:39:10.241000,1637.0,1640.0,1596.0,1596.0,nan,1622.0,457423,14838802120.0,112321,1638.0,189,1637.0,374,nan,0,nan,0,nan,0,nan,0,nan,0,nan,0,nan,0,nan,0
1597988350283732992,1597988350743000064,2020-08-21 13:39:10.743000,1637.0,1640.0,1596.0,1596.0,nan,1622.0,457436,14839223840.0,112334,1638.0,190,1637.0,360,nan,0,nan,0,nan,0,nan,0,nan,0,nan,0,nan,0,nan,0
1597988350896989952,1597988351211000064,2020-08-21 13:39:11.211000,1637.0,1640.0,1596.0,1596.0,nan,1622.0,457438,14839288720.0,112336,1638.0,196,1637.0,358,nan,0,nan,0,nan,0,nan,0,nan,0,nan,0,nan,0,nan,0
1597988351273566976,1597988351736999936,2020-08-21 13:39:11.737000,1637.0,1640.0,1596.0,1596.0,nan,1622.0,457461,14840034840.0,112348,1638.0,215,1637.0,342,nan,0,nan,0,nan,0,nan,0,nan,0,nan,0,nan,0,nan,0
1597988351789789952,1597988352243000064,2020-08-21 13:39:12.243000,1637.0,1640.0,1596.0,1596.0,nan,1622.0,457485,14840813400.0,112346,1638.0,231,1637.0,311,nan,0,nan,0,nan,0,nan,0,nan,0,nan,0,nan,0,nan,0
1597988352445579008,1597988352734999808,2020-08-21 13:39:12.735000,1637.0,1640.0,1596.0,1596.0,nan,1622.0,457487,14840878280.0,112346,1638.0,239,1637.0,295,nan,0,nan,0,nan,0,nan,0,nan,0,nan,0,nan,0,nan,0
1597988352830240000,1597988353220999936,2020-08-21 13:39:13.221000,1637.0,1640.0,1596.0,1596.0,nan,1622.0,457546,14842792240.0,112350,1638.0,240,1637.0,236,nan,0,nan,0,nan,0,nan,0,nan,0,nan,0,nan,0,nan,0
1597988353281620992,1597988353730000128,2020-08-21 13:39:13.730000,1637.0,1640.0,1596.0,1596.0,nan,1622.0,457666,14846685040.0,112339,1638.0,251,1637.0,142,nan,0,nan,0,nan,0,nan,0,nan,0,nan,0,nan,0,nan,0
1597988353764183040,1597988354242000128,2020-08-21 13:39:14.242000,1637.0,1640.0,1596.0,1596.0,nan,1622.0,457725,14848599000.0,112389,1638.0,230,1637.0,94,nan,0,nan,0,nan,0,nan,0,nan,0,nan,0,nan,0,nan,0
1597988354261334016,1597988354724999936,2020-08-21 13:39:14.725000,1637.0,1640.0,1596.0,1596.0,nan,1622.0,457756,14849604640.0,112394,1638.0,205,1637.0,73,nan,0,nan,0,nan,0,nan,0,nan,0,nan,0,nan,0,nan,0
1597988354755433984,1597988355237999872,2020-08-21 13:39:15.238000,1637.0,1640.0,1596.0,1596.0,nan,1622.0,457787,14850610280.0,112401,1638.0,210,1637.0,44,nan,0,nan,0,nan,0,nan,0,nan,0,nan,0,nan,0,nan,0
1597988355258536960,1597988355742000128,2020-08-21 13:39:15.742000,1637.0,1640.0,1596.0,1596.0,nan,1622.0,457798,14850967120.0,112410,1638.0,211,1637.0,35,nan,0,nan,0,nan,0,nan,0,nan,0,nan,0,nan,0,nan,0
1597988355756225024,1597988356224999936,2020-08-21 13:39:16.225000,1637.0,1640.0,1596.0,1596.0,nan,1622.0,457817,14851583480.0,112413,1638.0,208,1637.0,54,nan,0,nan,0,nan,0,nan,0,nan,0,nan,0,nan,0,nan,0
1597988356258144000,1597988356732999936,2020-08-21 13:39:16.733000,1637.0,1640.0,1596.0,1596.0,nan,1622.0,457818,14851615920.0,112414,1638.0,210,1637.0,55,nan,0,nan,0,nan,0,nan,0,nan,0,nan,0,nan,0,nan,0
1597988356757601024,1597988357214999808,2020-08-21 13:39:17.215000,1637.0,1640.0,1596.0,1596.0,nan,1622.0,457874,14853432560.0,112415,1638.0,212,1637.0,16,nan,0,nan,0,nan,0,nan,0,nan,0,nan,0,nan,0,nan,0
1597988357258425088,1597988357663000064,2020-08-21 13:39:17.663000,1637.0,1640.0,1596.0,1596.0,nan,1622.0,457882,14853692080.0,112421,1638.0,212,1637.0,19,nan,0,nan,0,nan,0,nan,0,nan,0,nan,0,nan,0,nan,0
1597988357761122048,1597988358234999808,2020-08-21 13:39:18.235000,1637.0,1640.0,1596.0,1596.0,nan,1622.0,457888,14853886720.0,112423,1638.0,215,1637.0,14,nan,0,nan,0,nan,0,nan,0,nan,0,nan,0,nan,0,nan,0
1597988358249323008,1597988358742000128,2020-08-21 13:39:18.742000,1636.0,1640.0,1596.0,1596.0,nan,1622.0,457913,14854697720.0,112433,1637.0,15,1636.0,852,nan,0,nan,0,nan,0,nan,0,nan,0,nan,0,nan,0,nan,0
1597988358744327936,1597988359244000000,2020-08-21 13:39:19.244000,1636.0,1640.0,1596.0,1596.0,nan,1622.0,457917,14854827480.0,112434,1637.0,68,1636.0,833,nan,0,nan,0,nan,0,nan,0,nan,0,nan,0,nan,0,nan,0
1597988359251888128,1597988359740000000,2020-08-21 13:39:19.740000,1637.0,1640.0,1596.0,1596.0,nan,1622.0,457921,14854957240.0,112434,1637.0,97,1636.0,758,nan,0,nan,0,nan,0,nan,0,nan,0,nan,0,nan,0,nan,0
1597988359758749952,1597988360240000000,2020-08-21 13:39:20.240000,1636.0,1640.0,1596.0,1596.0,nan,1622.0,457924,14855054560.0,112434,1637.0,103,1636.0,695,nan,0,nan,0,nan,0,nan,0,nan,0,nan,0,nan,0,nan,0
1597988360261049088,1597988360740999936,2020-08-21 13:39:20.741000,1637.0,1640.0,1596.0,1596.0,nan,1622.0,457928,14855184320.0,112434,1637.0,101,1636.0,696,nan,0,nan,0,nan,0,nan,0,nan,0,nan,0,nan,0,nan,0
1597988360759262976,1597988361153000192,2020-08-21 13:39:21.153000,1636.0,1640.0,1596.0,1596.0,nan,1622.0,457952,14855962880.0,112448,1637.0,107,1636.0,664,nan,0,nan,0,nan,0,nan,0,nan,0,nan,0,nan,0,nan,0
1597988361258849024,1597988361737999872,2020-08-21 13:39:21.738000,1637.0,1640.0,1596.0,1596.0,nan,1622.0,458015,14858006600.0,112455,1637.0,51,1636.0,680,nan,0,nan,0,nan,0,nan,0,nan,0,nan,0,nan,0,nan,0
1597988361762769920,1597988362233999872,2020-08-21 13:39:22.234000,1636.0,1640.0,1596.0,1596.0,nan,1622.0,458018,14858103920.0,112458,1637.0,57,1636.0,657,nan,0,nan,0,nan,0,nan,0,nan,0,nan,0,nan,0,nan,0
1597988362266906880,1597988362736000000,2020-08-21 13:39:22.736000,1637.0,1640.0,1596.0,1596.0,nan,1622.0,458042,14858882480.0,112482,1637.0,47,1636.0,667,nan,0,nan,0,nan,0,nan,0,nan,0,nan,0,nan,0,nan,0
1597988362777974016,1597988363240999936,2020-08-21 13:39:23.241000,1637.0,1640.0,1596.0,1596.0,nan,1622.0,458047,14859044680.0,112484,1637.0,46,1636.0,664,nan,0,nan,0,nan,0,nan,0,nan,0,nan,0,nan,0,nan,0
1597988363265142016,1597988363716000000,2020-08-21 13:39:23.716000,1637.0,1640.0,1596.0,1596.0,nan,1622.0,458048,14859077120.0,112485,1637.0,43,1636.0,665,nan,0,nan,0,nan,0,nan,0,nan,0,nan,0,nan,0,nan,0
1597988363765844992,1597988364230000128,2020-08-21 13:39:24.230000,1636.0,1640.0,1596.0,1596.0,nan,1622.0,458054,14859271760.0,112486,1637.0,41,1636.0,661,nan,0,nan,0,nan,0,nan,0,nan,0,nan,0,nan,0,nan,0
1597988364254578944,1597988364740000000,2020-08-21 13:39:24.740000,1636.0,1640.0,1596.0,1596.0,nan,1622.0,458070,14859790800.0,112483,1637.0,39,1636.0,654,nan,0,nan,0,nan,0,nan,0,nan,0,nan,0,nan,0,nan,0
1597988364755718912,1597988365242000128,2020-08-21 13:39:25.242000,1636.0,1640.0,1596.0,1596.0,nan,1622.0,458088,14860374720.0,112471,1637.0,52,1636.0,635,nan,0,nan,0,nan,0,nan,0,nan,0,nan,0,nan,0,nan,0
1597988365254533120,1597988365728000000,2020-08-21 13:39:25.728000,1636.0,1640.0,1596.0,1596.0,nan,1622.0,458100,14860764000.0,112467,1637.0,51,1636.0,629,nan,0,nan,0,nan,0,nan,0,nan,0,nan,0,nan,0,nan,0
1597988365764710912,1597988366243000064,2020-08-21 13:39:26.243000,1636.0,1640.0,1596.0,1596.0,nan,1622.0,458118,14861347920.0,112465,1637.0,54,1636.0,611,nan,0,nan,0,nan,0,nan,0,nan,0,nan,0,nan,0,nan,0
1597988366270807040,1597988366731000064,2020-08-21 13:39:26.731000,1636.0,1640.0,1596.0,1596.0,nan,1622.0,458121,14861445240.0,112465,1637.0,103,1636.0,613,nan,0,nan,0,nan,0,nan,0,nan,0,nan,0,nan,0,nan,0
1597988366790256896,1597988367232000000,2020-08-21 13:39:27.232000,1636.0,1640.0,1596.0,1596.0,nan,1622.0,458125,14861575000.0,112465,1637.0,104,1636.0,609,nan,0,nan,0,nan,0,nan,0,nan,0,nan,0,nan,0,nan,0
1597988367280254976,1597988367731000064,2020-08-21 13:39:27.731000,1637.0,1640.0,1596.0,1596.0,nan,1622.0,458126,14861607440.0,112466,1637.0,105,1636.0,607,nan,0,nan,0,nan,0,nan,0,nan,0,nan,0,nan,0,nan,0
1597988367766364928,1597988368209000192,2020-08-21 13:39:28.209000,1637.0,1640.0,1596.0,1596.0,nan,1622.0,458128,14861672320.0,112465,1637.0,113,1636.0,608,nan,0,nan,0,nan,0,nan,0,nan,0,nan,0,nan,0,nan,0
1597988368285592064,1597988368736999936,2020-08-21 13:39:28.737000,1636.0,1640.0,1596.0,1596.0,nan,1622.0,458145,14862223800.0,112460,1637.0,115,1636.0,593,nan,0,nan,0,nan,0,nan,0,nan,0,nan,0,nan,0,nan,0
1597988368765903872,1597988369236999936,2020-08-21 13:39:29.237000,1637.0,1640.0,1596.0,1596.0,nan,1622.0,458256,14865824640.0,112501,1637.0,114,1636.0,488,nan,0,nan,0,nan,0,nan,0,nan,0,nan,0,nan,0,nan,0
1597988369259065088,1597988369731000064,2020-08-21 13:39:29.731000,1637.0,1640.0,1596.0,1596.0,nan,1622.0,458256,14865824640.0,112501,1637.0,115,1636.0,490,nan,0,nan,0,nan,0,nan,0,nan,0,nan,0,nan,0,nan,0
1597988369774546944,1597988370196000000,2020-08-21 13:39:30.196000,1636.0,1640.0,1596.0,1596.0,nan,1622.0,458273,14866376120.0,112504,1637.0,117,1636.0,474,nan,0,nan,0,nan,0,nan,0,nan,0,nan,0,nan,0,nan,0
1597988370282416128,1597988370739000064,2020-08-21 13:39:30.739000,1636.0,1640.0,1596.0,1596.0,nan,1622.0,458276,14866473440.0,112505,1637.0,129,1636.0,475,nan,0,nan,0,nan,0,nan,0,nan,0,nan,0,nan,0,nan,0
1597988370762114048,1597988371223000064,2020-08-21 13:39:31.223000,1637.0,1640.0,1596.0,1596.0,nan,1622.0,458281,14866635640.0,112506,1637.0,128,1636.0,471,nan,0,nan,0,nan,0,nan,0,nan,0,nan,0,nan,0,nan,0
1597988371261720064,1597988371739000064,2020-08-21 13:39:31.739000,1636.0,1640.0,1596.0,1596.0,nan,1622.0,458285,14866765400.0,112503,1637.0,131,1636.0,468,nan,0,nan,0,nan,0,nan,0,nan,0,nan,0,nan,0,nan,0
1597988371759889920,1597988372240999936,2020-08-21 13:39:32.241000,1636.0,1640.0,1596.0,1596.0,nan,1622.0,458287,14866830280.0,112502,1637.0,128,1636.0,468,nan,0,nan,0,nan,0,nan,0,nan,0,nan,0,nan,0,nan,0
1597988372267876096,1597988372739000064,2020-08-21 13:39:32.739000,1636.0,1640.0,1596.0,1596.0,nan,1622.0,458293,14867024920.0,112498,1637.0,128,1636.0,467,nan,0,nan,0,nan,0,nan,0,nan,0,nan,0,nan,0,nan,0
1597988372787565056,1597988373240999936,2020-08-21 13:39:33.241000,1636.0,1640.0,1596.0,1596.0,nan,1622.0,458295,14867089800.0,112498,1637.0,127,1636.0,466,nan,0,nan,0,nan,0,nan,0,nan,0,nan,0,nan,0,nan,0
1597988373269466112,1597988373724999936,2020-08-21 13:39:33.725000,1636.0,1640.0,1596.0,1596.0,nan,1622.0,458310,14867576400.0,112493,1637.0,130,1636.0,457,nan,0,nan,0,nan,0,nan,0,nan,0,nan,0,nan,0,nan,0
1597988373763930112,1597988374216999936,2020-08-21 13:39:34.217000,1636.0,1640.0,1596.0,1596.0,nan,1622.0,458311,14867608840.0,112493,1637.0,135,1636.0,461,nan,0,nan,0,nan,0,nan,0,nan,0,nan,0,nan,0,nan,0
1597988374262766080,1597988374736999936,2020-08-21 13:39:34.737000,1637.0,1640.0,1596.0,1596.0,nan,1622.0,458312,14867641280.0,112493,1637.0,146,1636.0,462,nan,0,nan,0,nan,0,nan,0,nan,0,nan,0,nan,0,nan,0
1597988374774883072,1597988375244000000,2020-08-21 13:39:35.244000,1636.0,1640.0,1596.0,1596.0,nan,1622.0,458323,14867998120.0,112492,1637.0,143,1636.0,456,nan,0,nan,0,nan,0,nan,0,nan,0,nan,0,nan,0,nan,0
1597988375270004992,1597988375732000000,2020-08-21 13:39:35.732000,1637.0,1640.0,1596.0,1596.0,nan,1622.0,458325,14868063000.0,112493,1637.0,182,1636.0,456,nan,0,nan,0,nan,0,nan,0,nan,0,nan,0,nan,0,nan,0
1597988375773154048,1597988376240000000,2020-08-21 13:39:36.240000,1636.0,1640.0,1596.0,1596.0,nan,1622.0,458405,14870658200.0,112431,1637.0,152,1636.0,378,nan,0,nan,0,nan,0,nan,0,nan,0,nan,0,nan,0,nan,0
1597988376768079872,1597988377236999936,2020-08-21 13:39:37.237000,1637.0,1640.0,1596.0,1596.0,nan,1622.0,458412,14870885280.0,112427,1637.0,149,1636.0,399,nan,0,nan,0,nan,0,nan,0,nan,0,nan,0,nan,0,nan,0
1597988377266523904,1597988377743000064,2020-08-21 13:39:37.743000,1636.0,1640.0,1596.0,1596.0,nan,1622.0,458435,14871631400.0,112420,1637.0,169,1636.0,377,nan,0,nan,0,nan,0,nan,0,nan,0,nan,0,nan,0,nan,0
1597988377767781888,1597988378224999936,2020-08-21 13:39:38.225000,1637.0,1640.0,1596.0,1596.0,nan,1622.0,458472,14872831680.0,112421,1637.0,168,1636.0,341,nan,0,nan,0,nan,0,nan,0,nan,0,nan,0,nan,0,nan,0
1597988378381394944,1597988378743000064,2020-08-21 13:39:38.743000,1636.0,1640.0,1596.0,1596.0,nan,1622.0,458474,14872896560.0,112421,1637.0,180,1636.0,345,nan,0,nan,0,nan,0,nan,0,nan,0,nan,0,nan,0,nan,0
1597988378763396096,1597988379204999936,2020-08-21 13:39:39.205000,1636.0,1640.0,1596.0,1596.0,nan,1622.0,458482,14873156080.0,112428,1637.0,180,1636.0,338,nan,0,nan,0,nan,0,nan,0,nan,0,nan,0,nan,0,nan,0
1597988379277080064,1597988379720999936,2020-08-21 13:39:39.721000,1636.0,1640.0,1596.0,1596.0,nan,1622.0,458485,14873253400.0,112430,1637.0,180,1636.0,333,nan,0,nan,0,nan,0,nan,0,nan,0,nan,0,nan,0,nan,0
1597988379766633984,1597988380232999936,2020-08-21 13:39:40.233000,1637.0,1640.0,1596.0,1596.0,nan,1622.0,458488,14873350720.0,112431,1637.0,178,1636.0,332,nan,0,nan,0,nan,0,nan,0,nan,0,nan,0,nan,0,nan,0
1597988380276418048,1597988380729000192,2020-08-21 13:39:40.729000,1636.0,1640.0,1596.0,1596.0,nan,1622.0,458495,14873577800.0,112432,1637.0,173,1636.0,326,nan,0,nan,0,nan,0,nan,0,nan,0,nan,0,nan,0,nan,0
1597988380763340032,1597988381234999808,2020-08-21 13:39:41.235000,1636.0,1640.0,1596.0,1596.0,nan,1622.0,458497,14873642680.0,112434,1637.0,173,1636.0,331,nan,0,nan,0,nan,0,nan,0,nan,0,nan,0,nan,0,nan,0
1597988381270797056,1597988381719000064,2020-08-21 13:39:41.719000,1636.0,1640.0,1596.0,1596.0,nan,1622.0,458503,14873837320.0,112436,1637.0,176,1636.0,325,nan,0,nan,0,nan,0,nan,0,nan,0,nan,0,nan,0,nan,0
1597988382266322944,1597988382742000128,2020-08-21 13:39:42.742000,1636.0,1640.0,1596.0,1596.0,nan,1622.0,458510,14874064400.0,112443,1637.0,176,1636.0,318,nan,0,nan,0,nan,0,nan,0,nan,0,nan,0,nan,0,nan,0
1597988382772485120,1597988383234999808,2020-08-21 13:39:43.235000,1636.0,1640.0,1596.0,1596.0,nan,1622.0,458513,14874161720.0,112444,1637.0,190,1636.0,318,nan,0,nan,0,nan,0,nan,0,nan,0,nan,0,nan,0,nan,0
1597988383269649920,1597988383716999936,2020-08-21 13:39:43.717000,1636.0,1640.0,1596.0,1596.0,nan,1622.0,458516,14874259040.0,112444,1637.0,191,1636.0,317,nan,0,nan,0,nan,0,nan,0,nan,0,nan,0,nan,0,nan,0
1597988383775555072,1597988384208000000,2020-08-21 13:39:44.208000,1636.0,1640.0,1596.0,1596.0,nan,1622.0,458517,14874291480.0,112444,1637.0,194,1636.0,321,nan,0,nan,0,nan,0,nan,0,nan,0,nan,0,nan,0,nan,0
1597988384258422016,1597988384744000000,2020-08-21 13:39:44.744000,1636.0,1640.0,1596.0,1596.0,nan,1622.0,458518,14874323920.0,112445,1637.0,195,1636.0,320,nan,0,nan,0,nan,0,nan,0,nan,0,nan,0,nan,0,nan,0
1597988384770184960,1597988385243000064,2020-08-21 13:39:45.243000,1636.0,1640.0,1596.0,1596.0,nan,1622.0,458528,14874648320.0,112449,1637.0,190,1636.0,312,nan,0,nan,0,nan,0,nan,0,nan,0,nan,0,nan,0,nan,0
1597988385280216064,1597988385733999872,2020-08-21 13:39:45.734000,1637.0,1640.0,1596.0,1596.0,nan,1622.0,458529,14874680760.0,112450,1637.0,190,1636.0,312,nan,0,nan,0,nan,0,nan,0,nan,0,nan,0,nan,0,nan,0
1597988385772122880,1597988386194000128,2020-08-21 13:39:46.194000,1636.0,1640.0,1596.0,1596.0,nan,1622.0,458530,14874713200.0,112451,1637.0,196,1636.0,314,nan,0,nan,0,nan,0,nan,0,nan,0,nan,0,nan,0,nan,0
1597988386262418944,1597988386704999936,2020-08-21 13:39:46.705000,1636.0,1640.0,1596.0,1596.0,nan,1622.0,458532,14874778080.0,112452,1637.0,196,1636.0,313,nan,0,nan,0,nan,0,nan,0,nan,0,nan,0,nan,0,nan,0
1597988386758150912,1597988387200999936,2020-08-21 13:39:47.201000,1636.0,1640.0,1596.0,1596.0,nan,1622.0,458535,14874875400.0,112455,1637.0,196,1636.0,311,nan,0,nan,0,nan,0,nan,0,nan,0,nan,0,nan,0,nan,0
1597988387768358912,1597988388223000064,2020-08-21 13:39:48.223000,1636.0,1640.0,1596.0,1596.0,nan,1622.0,458535,14874875400.0,112455,1637.0,210,1636.0,307,nan,0,nan,0,nan,0,nan,0,nan,0,nan,0,nan,0,nan,0
1597988388263394048,1597988388739000064,2020-08-21 13:39:48.739000,1636.0,1640.0,1596.0,1596.0,nan,1622.0,458557,14875589080.0,112454,1637.0,209,1636.0,309,nan,0,nan,0,nan,0,nan,0,nan,0,nan,0,nan,0,nan,0
1597988388773454080,1597988389243000064,2020-08-21 13:39:49.243000,1636.0,1640.0,1596.0,1596.0,nan,1622.0,458562,14875751280.0,112454,1637.0,212,1636.0,304,nan,0,nan,0,nan,0,nan,0,nan,0,nan,0,nan,0,nan,0
1597988389273035008,1597988389707000064,2020-08-21 13:39:49.707000,1636.0,1640.0,1596.0,1596.0,nan,1622.0,458568,14875945920.0,112450,1637.0,217,1636.0,309,nan,0,nan,0,nan,0,nan,0,nan,0,nan,0,nan,0,nan,0
1597988389768946944,1597988390240000000,2020-08-21 13:39:50.240000,1636.0,1640.0,1596.0,1596.0,nan,1622.0,458574,14876140560.0,112444,1637.0,219,1636.0,303,nan,0,nan,0,nan,0,nan,0,nan,0,nan,0,nan,0,nan,0
1597988390274056960,1597988390744000000,2020-08-21 13:39:50.744000,1636.0,1640.0,1596.0,1596.0,nan,1622.0,458575,14876173000.0,112444,1637.0,219,1636.0,304,nan,0,nan,0,nan,0,nan,0,nan,0,nan,0,nan,0,nan,0
1597988390770019072,1597988391240999936,2020-08-21 13:39:51.241000,1636.0,1640.0,1596.0,1596.0,nan,1622.0,458591,14876692040.0,112452,1637.0,219,1636.0,293,nan,0,nan,0,nan,0,nan,0,nan,0,nan,0,nan,0,nan,0
1597988391271101952,1597988391742000128,2020-08-21 13:39:51.742000,1637.0,1640.0,1596.0,1596.0,nan,1622.0,458594,14876789360.0,112454,1637.0,218,1636.0,294,nan,0,nan,0,nan,0,nan,0,nan,0,nan,0,nan,0,nan,0
1597988391774882048,1597988392243000064,2020-08-21 13:39:52.243000,1636.0,1640.0,1596.0,1596.0,nan,1622.0,458606,14877178640.0,112458,1637.0,205,1636.0,285,nan,0,nan,0,nan,0,nan,0,nan,0,nan,0,nan,0,nan,0
1597988392278987008,1597988392736999936,2020-08-21 13:39:52.737000,1636.0,1640.0,1596.0,1596.0,nan,1622.0,458661,14878962840.0,112508,1637.0,203,1636.0,234,nan,0,nan,0,nan,0,nan,0,nan,0,nan,0,nan,0,nan,0
1597988392776645120,1597988393233999872,2020-08-21 13:39:53.234000,1636.0,1640.0,1596.0,1596.0,nan,1622.0,458663,14879027720.0,112510,1637.0,204,1636.0,253,nan,0,nan,0,nan,0,nan,0,nan,0,nan,0,nan,0,nan,0
1597988393281811968,1597988393729000192,2020-08-21 13:39:53.729000,1636.0,1640.0,1596.0,1596.0,nan,1622.0,458674,14879384560.0,112514,1637.0,202,1636.0,246,nan,0,nan,0,nan,0,nan,0,nan,0,nan,0,nan,0,nan,0
1597988393776549120,1597988394243000064,2020-08-21 13:39:54.243000,1636.0,1640.0,1596.0,1596.0,nan,1622.0,458716,14880747040.0,112506,1637.0,192,1636.0,228,nan,0,nan,0,nan,0,nan,0,nan,0,nan,0,nan,0,nan,0
1597988394274108928,1597988394743000064,2020-08-21 13:39:54.743000,1636.0,1640.0,1596.0,1596.0,nan,1622.0,458719,14880844360.0,112506,1637.0,182,1636.0,228,nan,0,nan,0,nan,0,nan,0,nan,0,nan,0,nan,0,nan,0
1597988394784400896,1597988395243000064,2020-08-21 13:39:55.243000,1636.0,1640.0,1596.0,1596.0,nan,1622.0,458720,14880876800.0,112507,1637.0,183,1636.0,254,nan,0,nan,0,nan,0,nan,0,nan,0,nan,0,nan,0,nan,0
1597988395276047104,1597988395743000064,2020-08-21 13:39:55.743000,1636.0,1640.0,1596.0,1596.0,nan,1622.0,458720,14880876800.0,112507,1637.0,185,1636.0,257,nan,0,nan,0,nan,0,nan,0,nan,0,nan,0,nan,0,nan,0
1597988395779517952,1597988396236000000,2020-08-21 13:39:56.236000,1637.0,1640.0,1596.0,1596.0,nan,1622.0,458721,14880909240.0,112508,1637.0,187,1636.0,257,nan,0,nan,0,nan,0,nan,0,nan,0,nan,0,nan,0,nan,0
1597988396271174912,1597988396729000192,2020-08-21 13:39:56.729000,1636.0,1640.0,1596.0,1596.0,nan,1622.0,458726,14881071440.0,112509,1637.0,186,1636.0,252,nan,0,nan,0,nan,0,nan,0,nan,0,nan,0,nan,0,nan,0
1597988396776791040,1597988397231000064,2020-08-21 13:39:57.231000,1637.0,1640.0,1596.0,1596.0,nan,1622.0,458757,14882077080.0,112518,1637.0,174,1636.0,259,nan,0,nan,0,nan,0,nan,0,nan,0,nan,0,nan,0,nan,0
1597988397278673920,1597988397743000064,2020-08-21 13:39:57.743000,1636.0,1640.0,1596.0,1596.0,nan,1622.0,458758,14882109520.0,112519,1637.0,175,1636.0,259,nan,0,nan,0,nan,0,nan,0,nan,0,nan,0,nan,0,nan,0
1597988397814931968,1597988398239000064,2020-08-21 13:39:58.239000,1636.0,1640.0,1596.0,1596.0,nan,1622.0,458759,14882141960.0,112520,1637.0,176,1636.0,258,nan,0,nan,0,nan,0,nan,0,nan,0,nan,0,nan,0,nan,0
1597988398279834112,1597988398740999936,2020-08-21 13:39:58.741000,1636.0,1640.0,1596.0,1596.0,nan,1622.0,458774,14882628560.0,112526,1637.0,180,1636.0,246,nan,0,nan,0,nan,0,nan,0,nan,0,nan,0,nan,0,nan,0
1597988398789444096,1597988399239000064,2020-08-21 13:39:59.239000,1636.0,1640.0,1596.0,1596.0,nan,1622.0,458779,14882790760.0,112526,1637.0,179,1636.0,265,nan,0,nan,0,nan,0,nan,0,nan,0,nan,0,nan,0,nan,0
1597988399278671104,1597988399743000064,2020-08-21 13:39:59.743000,1636.0,1640.0,1596.0,1596.0,nan,1622.0,458784,14882952960.0,112529,1637.0,179,1636.0,263,nan,0,nan,0,nan,0,nan,0,nan,0,nan,0,nan,0,nan,0
1597988399844062976,1597988400224000000,2020-08-21 13:40:00.224000,1636.0,1640.0,1596.0,1596.0,nan,1622.0,458794,14883277360.0,112531,1637.0,204,1636.0,255,nan,0,nan,0,nan,0,nan,0,nan,0,nan,0,nan,0,nan,0
1597988400282561024,1597988400744000000,2020-08-21 13:40:00.744000,1637.0,1640.0,1596.0,1596.0,nan,1622.0,458796,14883342240.0,112532,1637.0,221,1636.0,254,nan,0,nan,0,nan,0,nan,0,nan,0,nan,0,nan,0,nan,0
1597988400787543040,1597988401224999936,2020-08-21 13:40:01.225000,1636.0,1640.0,1596.0,1596.0,nan,1622.0,458798,14883407120.0,112534,1637.0,227,1636.0,252,nan,0,nan,0,nan,0,nan,0,nan,0,nan,0,nan,0,nan,0
1597988401276707072,1597988401703000064,2020-08-21 13:40:01.703000,1636.0,1640.0,1596.0,1596.0,nan,1622.0,458799,14883439560.0,112533,1637.0,273,1636.0,257,nan,0,nan,0,nan,0,nan,0,nan,0,nan,0,nan,0,nan,0
1597988401788669952,1597988402216999936,2020-08-21 13:40:02.217000,1636.0,1640.0,1596.0,1596.0,nan,1622.0,458802,14883536880.0,112536,1637.0,273,1636.0,251,nan,0,nan,0,nan,0,nan,0,nan,0,nan,0,nan,0,nan,0
1597988402288858880,1597988402742000128,2020-08-21 13:40:02.742000,1636.0,1640.0,1596.0,1596.0,nan,1622.0,458802,14883536880.0,112536,1637.0,265,1636.0,251,nan,0,nan,0,nan,0,nan,0,nan,0,nan,0,nan,0,nan,0
1597988402772916992,1597988403240999936,2020-08-21 13:40:03.241000,1637.0,1640.0,1596.0,1596.0,nan,1622.0,458803,14883569320.0,112536,1637.0,267,1636.0,238,nan,0,nan,0,nan,0,nan,0,nan,0,nan,0,nan,0,nan,0
1597988403277517056,1597988403719000064,2020-08-21 13:40:03.719000,1636.0,1640.0,1596.0,1596.0,nan,1622.0,458806,14883666640.0,112539,1637.0,268,1636.0,258,nan,0,nan,0,nan,0,nan,0,nan,0,nan,0,nan,0,nan,0
1597988403783426048,1597988404240000000,2020-08-21 13:40:04.240000,1636.0,1640.0,1596.0,1596.0,nan,1622.0,458824,14884250560.0,112557,1637.0,257,1636.0,253,nan,0,nan,0,nan,0,nan,0,nan,0,nan,0,nan,0,nan,0
1597988404298998016,1597988404734999808,2020-08-21 13:40:04.735000,1637.0,1640.0,1596.0,1596.0,nan,1622.0,458826,14884315440.0,112558,1637.0,253,1636.0,259,nan,0,nan,0,nan,0,nan,0,nan,0,nan,0,nan,0,nan,0
1597988404775804928,1597988405221999872,2020-08-21 13:40:05.222000,1637.0,1640.0,1596.0,1596.0,nan,1622.0,458839,14884737160.0,112550,1637.0,250,1636.0,244,nan,0,nan,0,nan,0,nan,0,nan,0,nan,0,nan,0,nan,0
1597988405780464896,1597988406210000128,2020-08-21 13:40:06.210000,1637.0,1640.0,1596.0,1596.0,nan,1622.0,458844,14884899360.0,112551,1637.0,257,1636.0,243,nan,0,nan,0,nan,0,nan,0,nan,0,nan,0,nan,0,nan,0
1597988406274217984,1597988406744999936,2020-08-21 13:40:06.745000,1636.0,1640.0,1596.0,1596.0,nan,1622.0,458850,14885094000.0,112546,1637.0,322,1636.0,238,nan,0,nan,0,nan,0,nan,0,nan,0,nan,0,nan,0,nan,0
1597988406808552960,1597988407236999936,2020-08-21 13:40:07.237000,1637.0,1640.0,1596.0,1596.0,nan,1622.0,458851,14885126440.0,112547,1637.0,321,1636.0,238,nan,0,nan,0,nan,0,nan,0,nan,0,nan,0,nan,0,nan,0
1597988407327527936,1597988407719000064,2020-08-21 13:40:07.719000,1636.0,1640.0,1596.0,1596.0,nan,1622.0,458878,14886002320.0,112557,1637.0,304,1636.0,229,nan,0,nan,0,nan,0,nan,0,nan,0,nan,0,nan,0,nan,0
1597988407772174080,1597988408239000064,2020-08-21 13:40:08.239000,1637.0,1640.0,1596.0,1596.0,nan,1622.0,458882,14886132080.0,112557,1637.0,302,1636.0,227,nan,0,nan,0,nan,0,nan,0,nan,0,nan,0,nan,0,nan,0
1597988408286934016,1597988408740000000,2020-08-21 13:40:08.740000,1636.0,1640.0,1596.0,1596.0,nan,1622.0,458884,14886196960.0,112555,1637.0,303,1636.0,215,nan,0,nan,0,nan,0,nan,0,nan,0,nan,0,nan,0,nan,0
1597988408879155968,1597988409211000064,2020-08-21 13:40:09.211000,1636.0,1640.0,1596.0,1596.0,nan,1622.0,458889,14886359160.0,112553,1637.0,302,1636.0,213,nan,0,nan,0,nan,0,nan,0,nan,0,nan,0,nan,0,nan,0
1597988409282712064,1597988409736999936,2020-08-21 13:40:09.737000,1636.0,1640.0,1596.0,1596.0,nan,1622.0,458895,14886553800.0,112553,1637.0,303,1636.0,314,nan,0,nan,0,nan,0,nan,0,nan,0,nan,0,nan,0,nan,0
1597988409774587904,1597988410194999808,2020-08-21 13:40:10.195000,1637.0,1640.0,1596.0,1596.0,nan,1622.0,458902,14886780880.0,112555,1637.0,300,1636.0,311,nan,0,nan,0,nan,0,nan,0,nan,0,nan,0,nan,0,nan,0
1597988410284221952,1597988410712000000,2020-08-21 13:40:10.712000,1637.0,1640.0,1596.0,1596.0,nan,1622.0,458905,14886878200.0,112556,1637.0,298,1636.0,311,nan,0,nan,0,nan,0,nan,0,nan,0,nan,0,nan,0,nan,0
1597988410781268992,1597988411239000064,2020-08-21 13:40:11.239000,1636.0,1640.0,1596.0,1596.0,nan,1622.0,459009,14890251960.0,112626,1637.0,170,1636.0,322,nan,0,nan,0,nan,0,nan,0,nan,0,nan,0,nan,0,nan,0
1597988411273993984,1597988411730000128,2020-08-21 13:40:11.730000,1637.0,1640.0,1596.0,1596.0,nan,1622.0,459046,14891452240.0,112628,1637.0,125,1636.0,322,nan,0,nan,0,nan,0,nan,0,nan,0,nan,0,nan,0,nan,0
1597988411781128960,1597988412224999936,2020-08-21 13:40:12.225000,1637.0,1640.0,1596.0,1596.0,nan,1622.0,459095,14893041800.0,112645,1637.0,78,1636.0,330,nan,0,nan,0,nan,0,nan,0,nan,0,nan,0,nan,0,nan,0
1597988412292634112,1597988412708000000,2020-08-21 13:40:12.708000,1637.0,1640.0,1596.0,1596.0,nan,1622.0,459182,14895864080.0,112623,1638.0,712,1637.0,91,nan,0,nan,0,nan,0,nan,0,nan,0,nan,0,nan,0,nan,0
1597988412795686912,1597988413236999936,2020-08-21 13:40:13.237000,1637.0,1640.0,1596.0,1596.0,nan,1622.0,459202,14896512880.0,112619,1638.0,590,1637.0,117,nan,0,nan,0,nan,0,nan,0,nan,0,nan,0,nan,0,nan,0
1597988413286320896,1597988413709000192,2020-08-21 13:40:13.709000,1637.0,1640.0,1596.0,1596.0,nan,1622.0,459205,14896610200.0,112619,1638.0,357,1637.0,180,nan,0,nan,0,nan,0,nan,0,nan,0,nan,0,nan,0,nan,0
1597988413792051968,1597988414230000128,2020-08-21 13:40:14.230000,1637.0,1640.0,1596.0,1596.0,nan,1622.0,459207,14896675080.0,112619,1638.0,357,1637.0,193,nan,0,nan,0,nan,0,nan,0,nan,0,nan,0,nan,0,nan,0
1597988414286457088,1597988414728000000,2020-08-21 13:40:14.728000,1637.0,1640.0,1596.0,1596.0,nan,1622.0,459208,14896707520.0,112619,1638.0,362,1637.0,221,nan,0,nan,0,nan,0,nan,0,nan,0,nan,0,nan,0,nan,0
1597988414798896896,1597988415240999936,2020-08-21 13:40:15.241000,1637.0,1640.0,1596.0,1596.0,nan,1622.0,459212,14896837280.0,112619,1638.0,362,1637.0,229,nan,0,nan,0,nan,0,nan,0,nan,0,nan,0,nan,0,nan,0
1597988415287920896,1597988415740999936,2020-08-21 13:40:15.741000,1637.0,1640.0,1596.0,1596.0,nan,1622.0,459237,14897648280.0,112626,1638.0,377,1637.0,239,nan,0,nan,0,nan,0,nan,0,nan,0,nan,0,nan,0,nan,0
1597988415791516928,1597988416231000064,2020-08-21 13:40:16.231000,1638.0,1640.0,1596.0,1596.0,nan,1622.0,459238,14897680720.0,112626,1638.0,376,1637.0,242,nan,0,nan,0,nan,0,nan,0,nan,0,nan,0,nan,0,nan,0
1597988416308253952,1597988416740999936,2020-08-21 13:40:16.741000,1638.0,1640.0,1596.0,1596.0,nan,1622.0,459238,14897680720.0,112626,1638.0,382,1637.0,232,nan,0,nan,0,nan,0,nan,0,nan,0,nan,0,nan,0,nan,0
1597988416798194944,1597988417244000000,2020-08-21 13:40:17.244000,1638.0,1640.0,1596.0,1596.0,nan,1622.0,459238,14897680720.0,112626,1638.0,382,1637.0,234,nan,0,nan,0,nan,0,nan,0,nan,0,nan,0,nan,0,nan,0
1597988417812848896,1597988418243000064,2020-08-21 13:40:18.243000,1638.0,1640.0,1596.0,1596.0,nan,1622.0,459240,14897745600.0,112625,1638.0,377,1637.0,254,nan,0,nan,0,nan,0,nan,0,nan,0,nan,0,nan,0,nan,0
1597988418290738944,1597988418734999808,2020-08-21 13:40:18.735000,1638.0,1640.0,1596.0,1596.0,nan,1622.0,459243,14897842920.0,112626,1638.0,364,1637.0,254,nan,0,nan,0,nan,0,nan,0,nan,0,nan,0,nan,0,nan,0
1597988418795094016,1597988419226000128,2020-08-21 13:40:19.226000,1638.0,1640.0,1596.0,1596.0,nan,1622.0,459244,14897875360.0,112627,1638.0,362,1637.0,255,nan,0,nan,0,nan,0,nan,0,nan,0,nan,0,nan,0,nan,0
1597988419299884032,1597988419665999872,2020-08-21 13:40:19.666000,1637.0,1640.0,1596.0,1596.0,nan,1622.0,459245,14897907800.0,112626,1638.0,359,1637.0,260,nan,0,nan,0,nan,0,nan,0,nan,0,nan,0,nan,0,nan,0
1597988419796868096,1597988420226000128,2020-08-21 13:40:20.226000,1638.0,1640.0,1596.0,1596.0,nan,1622.0,459272,14898783680.0,112626,1638.0,353,1637.0,245,nan,0,nan,0,nan,0,nan,0,nan,0,nan,0,nan,0,nan,0
1597988420291709952,1597988420744000000,2020-08-21 13:40:20.744000,1637.0,1640.0,1596.0,1596.0,nan,1622.0,459276,14898913440.0,112626,1638.0,353,1637.0,246,nan,0,nan,0,nan,0,nan,0,nan,0,nan,0,nan,0,nan,0
1597988420799484928,1597988421230000128,2020-08-21 13:40:21.230000,1637.0,1640.0,1596.0,1596.0,nan,1622.0,459279,14899010760.0,112627,1638.0,355,1637.0,256,nan,0,nan,0,nan,0,nan,0,nan,0,nan,0,nan,0,nan,0
1597988421289832960,1597988421740000000,2020-08-21 13:40:21.740000,1638.0,1640.0,1596.0,1596.0,nan,1622.0,459280,14899043200.0,112627,1638.0,357,1637.0,255,nan,0,nan,0,nan,0,nan,0,nan,0,nan,0,nan,0,nan,0
1597988421785818112,1597988422221999872,2020-08-21 13:40:22.222000,1637.0,1640.0,1596.0,1596.0,nan,1622.0,459284,14899172960.0,112628,1638.0,314,1637.0,258,nan,0,nan,0,nan,0,nan,0,nan,0,nan,0,nan,0,nan,0
1597988422290140928,1597988422721999872,2020-08-21 13:40:22.722000,1638.0,1640.0,1596.0,1596.0,nan,1622.0,459285,14899205400.0,112628,1638.0,303,1637.0,258,nan,0,nan,0,nan,0,nan,0,nan,0,nan,0,nan,0,nan,0
1597988422786843904,1597988423237999872,2020-08-21 13:40:23.238000,1637.0,1640.0,1596.0,1596.0,nan,1622.0,459325,14900503000.0,112663,1638.0,306,1637.0,219,nan,0,nan,0,nan,0,nan,0,nan,0,nan,0,nan,0,nan,0
1597988423283941888,1597988423736999936,2020-08-21 13:40:23.737000,1637.0,1640.0,1596.0,1596.0,nan,1622.0,459325,14900503000.0,112663,1638.0,307,1637.0,222,nan,0,nan,0,nan,0,nan,0,nan,0,nan,0,nan,0,nan,0
1597988423806327040,1597988424240000000,2020-08-21 13:40:24.240000,1637.0,1640.0,1596.0,1596.0,nan,1622.0,459326,14900535440.0,112663,1638.0,309,1637.0,260,nan,0,nan,0,nan,0,nan,0,nan,0,nan,0,nan,0,nan,0
1597988424314756096,1597988424730000128,2020-08-21 13:40:24.730000,1638.0,1640.0,1596.0,1596.0,nan,1622.0,459335,14900827400.0,112668,1638.0,306,1637.0,265,nan,0,nan,0,nan,0,nan,0,nan,0,nan,0,nan,0,nan,0
1597988424790085120,1597988425211000064,2020-08-21 13:40:25.211000,1638.0,1640.0,1596.0,1596.0,nan,1622.0,459647,14910948680.0,112878,1639.0,719,1638.0,33,nan,0,nan,0,nan,0,nan,0,nan,0,nan,0,nan,0,nan,0
1597988425290617088,1597988425719000064,2020-08-21 13:40:25.719000,1638.0,1640.0,1596.0,1596.0,nan,1622.0,459649,14911013560.0,112879,1639.0,611,1638.0,84,nan,0,nan,0,nan,0,nan,0,nan,0,nan,0,nan,0,nan,0
1597988425792154112,1597988426244999936,2020-08-21 13:40:26.245000,1638.0,1640.0,1596.0,1596.0,nan,1622.0,459649,14911013560.0,112879,1639.0,530,1638.0,87,nan,0,nan,0,nan,0,nan,0,nan,0,nan,0,nan,0,nan,0
1597988426317186048,1597988426712000000,2020-08-21 13:40:26.712000,1638.0,1640.0,1596.0,1596.0,nan,1622.0,459651,14911078440.0,112881,1639.0,530,1638.0,155,nan,0,nan,0,nan,0,nan,0,nan,0,nan,0,nan,0,nan,0
1597988426863066880,1597988427206000128,2020-08-21 13:40:27.206000,1638.0,1640.0,1596.0,1596.0,nan,1622.0,459651,14911078440.0,112881,1639.0,540,1638.0,184,nan,0,nan,0,nan,0,nan,0,nan,0,nan,0,nan,0,nan,0
1597988427295633920,1597988427740000000,2020-08-21 13:40:27.740000,1639.0,1640.0,1596.0,1596.0,nan,1622.0,459661,14911402840.0,112883,1639.0,530,1638.0,184,nan,0,nan,0,nan,0,nan,0,nan,0,nan,0,nan,0,nan,0
1597988427789504000,1597988428221999872,2020-08-21 13:40:28.222000,1638.0,1640.0,1596.0,1596.0,nan,1622.0,459704,14912797760.0,112857,1639.0,520,1638.0,143,nan,0,nan,0,nan,0,nan,0,nan,0,nan,0,nan,0,nan,0
1597988428282712064,1597988428744999936,2020-08-21 13:40:28.745000,1639.0,1640.0,1596.0,1596.0,nan,1622.0,459741,14913998040.0,112865,1639.0,474,1638.0,124,nan,0,nan,0,nan,0,nan,0,nan,0,nan,0,nan,0,nan,0
1597988428781480960,1597988429244999936,2020-08-21 13:40:29.245000,1639.0,1640.0,1596.0,1596.0,nan,1622.0,459757,14914517080.0,112870,1639.0,491,1638.0,117,nan,0,nan,0,nan,0,nan,0,nan,0,nan,0,nan,0,nan,0
1597988429300174080,1597988429729000192,2020-08-21 13:40:29.729000,1639.0,1640.0,1596.0,1596.0,nan,1622.0,459760,14914614400.0,112872,1639.0,488,1638.0,121,nan,0,nan,0,nan,0,nan,0,nan,0,nan,0,nan,0,nan,0
1597988429803139072,1597988430239000064,2020-08-21 13:40:30.239000,1639.0,1640.0,1596.0,1596.0,nan,1622.0,459760,14914614400.0,112872,1639.0,480,1638.0,132,nan,0,nan,0,nan,0,nan,0,nan,0,nan,0,nan,0,nan,0
1597988430397541888,1597988430742000128,2020-08-21 13:40:30.742000,1639.0,1640.0,1596.0,1596.0,nan,1622.0,459771,14914971240.0,112883,1639.0,470,1638.0,132,nan,0,nan,0,nan,0,nan,0,nan,0,nan,0,nan,0,nan,0
1597988430807293952,1597988431200999936,2020-08-21 13:40:31.201000,1638.0,1640.0,1596.0,1596.0,nan,1622.0,459790,14915587600.0,112895,1639.0,458,1638.0,172,nan,0,nan,0,nan,0,nan,0,nan,0,nan,0,nan,0,nan,0
1597988431326181120,1597988431661999872,2020-08-21 13:40:31.662000,1639.0,1640.0,1596.0,1596.0,nan,1622.0,459794,14915717360.0,112895,1639.0,447,1638.0,172,nan,0,nan,0,nan,0,nan,0,nan,0,nan,0,nan,0,nan,0
1597988431815923968,1597988432244999936,2020-08-21 13:40:32.245000,1639.0,1640.0,1596.0,1596.0,nan,1622.0,459803,14916009320.0,112894,1639.0,432,1638.0,175,nan,0,nan,0,nan,0,nan,0,nan,0,nan,0,nan,0,nan,0
1597988432295493888,1597988432740999936,2020-08-21 13:40:32.741000,1639.0,1640.0,1596.0,1596.0,nan,1622.0,459811,14916268840.0,112901,1639.0,427,1638.0,191,nan,0,nan,0,nan,0,nan,0,nan,0,nan,0,nan,0,nan,0
1597988432813895936,1597988433243000064,2020-08-21 13:40:33.243000,1638.0,1640.0,1596.0,1596.0,nan,1622.0,459814,14916366160.0,112900,1639.0,424,1638.0,191,nan,0,nan,0,nan,0,nan,0,nan,0,nan,0,nan,0,nan,0
1597988433301277952,1597988433737999872,2020-08-21 13:40:33.738000,1638.0,1640.0,1596.0,1596.0,nan,1622.0,459833,14916982520.0,112918,1639.0,418,1638.0,194,nan,0,nan,0,nan,0,nan,0,nan,0,nan,0,nan,0,nan,0
1597988433841530880,1597988434242000128,2020-08-21 13:40:34.242000,1638.0,1640.0,1596.0,1596.0,nan,1622.0,459835,14917047400.0,112918,1639.0,416,1638.0,194,nan,0,nan,0,nan,0,nan,0,nan,0,nan,0,nan,0,nan,0
1597988434302120960,1597988434737999872,2020-08-21 13:40:34.738000,1639.0,1640.0,1596.0,1596.0,nan,1622.0,459838,14917144720.0,112921,1639.0,415,1638.0,198,nan,0,nan,0,nan,0,nan,0,nan,0,nan,0,nan,0,nan,0
1597988434789798912,1597988435239000064,2020-08-21 13:40:35.239000,1639.0,1640.0,1596.0,1596.0,nan,1622.0,459840,14917209600.0,112921,1639.0,412,1638.0,200,nan,0,nan,0,nan,0,nan,0,nan,0,nan,0,nan,0,nan,0
1597988435302245120,1597988435726000128,2020-08-21 13:40:35.726000,1639.0,1640.0,1596.0,1596.0,nan,1622.0,459842,14917274480.0,112923,1639.0,409,1638.0,220,nan,0,nan,0,nan,0,nan,0,nan,0,nan,0,nan,0,nan,0
1597988435815277056,1597988436244000000,2020-08-21 13:40:36.244000,1639.0,1640.0,1596.0,1596.0,nan,1622.0,459843,14917306920.0,112924,1639.0,436,1638.0,222,nan,0,nan,0,nan,0,nan,0,nan,0,nan,0,nan,0,nan,0
1597988436323671040,1597988436740000000,2020-08-21 13:40:36.740000,1638.0,1640.0,1596.0,1596.0,nan,1622.0,459845,14917371800.0,112925,1639.0,436,1638.0,222,nan,0,nan,0,nan,0,nan,0,nan,0,nan,0,nan,0,nan,0
1597988436800324096,1597988437242000128,2020-08-21 13:40:37.242000,1639.0,1640.0,1596.0,1596.0,nan,1622.0,459865,14918020600.0,112936,1639.0,429,1638.0,211,nan,0,nan,0,nan,0,nan,0,nan,0,nan,0,nan,0,nan,0
1597988437313274112,1597988437720000000,2020-08-21 13:40:37.720000,1639.0,1640.0,1596.0,1596.0,nan,1622.0,459866,14918053040.0,112937,1639.0,411,1638.0,212,nan,0,nan,0,nan,0,nan,0,nan,0,nan,0,nan,0,nan,0
1597988437815017984,1597988438233999872,2020-08-21 13:40:38.234000,1639.0,1640.0,1596.0,1596.0,nan,1622.0,459937,14920356280.0,113001,1639.0,339,1638.0,225,nan,0,nan,0,nan,0,nan,0,nan,0,nan,0,nan,0,nan,0
1597988438293327104,1597988438724000000,2020-08-21 13:40:38.724000,1639.0,1640.0,1596.0,1596.0,nan,1622.0,459951,14920810440.0,113015,1639.0,335,1638.0,222,nan,0,nan,0,nan,0,nan,0,nan,0,nan,0,nan,0,nan,0
1597988438817299968,1597988439244999936,2020-08-21 13:40:39.245000,1639.0,1640.0,1596.0,1596.0,nan,1622.0,459964,14921232160.0,113018,1639.0,323,1638.0,212,nan,0,nan,0,nan,0,nan,0,nan,0,nan,0,nan,0,nan,0
1597988439312965120,1597988439734999808,2020-08-21 13:40:39.735000,1638.0,1640.0,1596.0,1596.0,nan,1622.0,459969,14921394360.0,113022,1639.0,322,1638.0,212,nan,0,nan,0,nan,0,nan,0,nan,0,nan,0,nan,0,nan,0
1597988439787383040,1597988440224000000,2020-08-21 13:40:40.224000,1639.0,1640.0,1596.0,1596.0,nan,1622.0,459981,14921783640.0,113034,1639.0,310,1638.0,236,nan,0,nan,0,nan,0,nan,0,nan,0,nan,0,nan,0,nan,0
1597988440306347008,1597988440744999936,2020-08-21 13:40:40.745000,1639.0,1640.0,1596.0,1596.0,nan,1622.0,459981,14921783640.0,113034,1639.0,310,1638.0,237,nan,0,nan,0,nan,0,nan,0,nan,0,nan,0,nan,0,nan,0
1597988440818866944,1597988441234999808,2020-08-21 13:40:41.235000,1638.0,1640.0,1596.0,1596.0,nan,1622.0,459982,14921816080.0,113034,1639.0,309,1638.0,252,nan,0,nan,0,nan,0,nan,0,nan,0,nan,0,nan,0,nan,0
1597988441308439040,1597988441744000000,2020-08-21 13:40:41.744000,1639.0,1640.0,1596.0,1596.0,nan,1622.0,459993,14922172920.0,113037,1639.0,301,1638.0,255,nan,0,nan,0,nan,0,nan,0,nan,0,nan,0,nan,0,nan,0
1597988441790123008,1597988442187000064,2020-08-21 13:40:42.187000,1639.0,1640.0,1596.0,1596.0,nan,1622.0,460407,14935603080.0,113283,1640.0,1280,1639.0,53,nan,0,nan,0,nan,0,nan,0,nan,0,nan,0,nan,0,nan,0
1597988442308837120,1597988442744999936,2020-08-21 13:40:42.745000,1640.0,1640.0,1596.0,1596.0,nan,1622.0,460430,14936349200.0,113290,1640.0,965,1639.0,43,nan,0,nan,0,nan,0,nan,0,nan,0,nan,0,nan,0,nan,0
1597988442792645120,1597988443239000064,2020-08-21 13:40:43.239000,1639.0,1640.0,1596.0,1596.0,nan,1622.0,460451,14937030440.0,113291,1640.0,874,1639.0,382,nan,0,nan,0,nan,0,nan,0,nan,0,nan,0,nan,0,nan,0
1597988443316123904,1597988443744999936,2020-08-21 13:40:43.745000,1640.0,1640.0,1596.0,1596.0,nan,1622.0,460462,14937387280.0,113302,1640.0,838,1639.0,431,nan,0,nan,0,nan,0,nan,0,nan,0,nan,0,nan,0,nan,0
1597988443800025088,1597988444208000000,2020-08-21 13:40:44.208000,1640.0,1640.0,1596.0,1596.0,nan,1622.0,460497,14938522680.0,113304,1640.0,792,1639.0,446,nan,0,nan,0,nan,0,nan,0,nan,0,nan,0,nan,0,nan,0
1597988444365789952,1597988444746000128,2020-08-21 13:40:44.746000,1640.0,1640.0,1596.0,1596.0,nan,1622.0,460506,14938814640.0,113305,1640.0,795,1639.0,436,nan,0,nan,0,nan,0,nan,0,nan,0,nan,0,nan,0,nan,0
1597988444796308992,1597988445216999936,2020-08-21 13:40:45.217000,1640.0,1640.0,1596.0,1596.0,nan,1622.0,460538,14939852720.0,113314,1640.0,758,1639.0,459,nan,0,nan,0,nan,0,nan,0,nan,0,nan,0,nan,0,nan,0
1597988445297251072,1597988445717999872,2020-08-21 13:40:45.718000,1640.0,1640.0,1596.0,1596.0,nan,1622.0,460559,14940533960.0,113330,1640.0,750,1639.0,459,nan,0,nan,0,nan,0,nan,0,nan,0,nan,0,nan,0,nan,0
1597988445797195008,1597988446243000064,2020-08-21 13:40:46.243000,1640.0,1640.0,1596.0,1596.0,nan,1622.0,460579,14941182760.0,113345,1640.0,740,1639.0,252,nan,0,nan,0,nan,0,nan,0,nan,0,nan,0,nan,0,nan,0
1597988446291368960,1597988446740999936,2020-08-21 13:40:46.741000,1640.0,1640.0,1596.0,1596.0,nan,1622.0,460611,14942220840.0,113365,1640.0,710,1639.0,238,nan,0,nan,0,nan,0,nan,0,nan,0,nan,0,nan,0,nan,0
1597988446791343104,1597988447240000000,2020-08-21 13:40:47.240000,1639.0,1640.0,1596.0,1596.0,nan,1622.0,460925,14952407000.0,113272,1639.0,64,1638.0,333,nan,0,nan,0,nan,0,nan,0,nan,0,nan,0,nan,0,nan,0
1597988447386386944,1597988447744999936,2020-08-21 13:40:47.745000,1639.0,1640.0,1596.0,1596.0,nan,1622.0,460957,14953445080.0,113272,1639.0,140,1638.0,193,nan,0,nan,0,nan,0,nan,0,nan,0,nan,0,nan,0,nan,0
1597988447797744896,1597988448232000000,2020-08-21 13:40:48.232000,1639.0,1640.0,1596.0,1596.0,nan,1622.0,460990,14954515600.0,113268,1639.0,148,1638.0,162,nan,0,nan,0,nan,0,nan,0,nan,0,nan,0,nan,0,nan,0
1597988448298390016,1597988448746000128,2020-08-21 13:40:48.746000,1639.0,1640.0,1596.0,1596.0,nan,1622.0,461005,14955002200.0,113271,1639.0,148,1638.0,160,nan,0,nan,0,nan,0,nan,0,nan,0,nan,0,nan,0,nan,0
1597988448794233088,1597988449244999936,2020-08-21 13:40:49.245000,1639.0,1640.0,1596.0,1596.0,nan,1622.0,461012,14955229280.0,113266,1639.0,153,1638.0,163,nan,0,nan,0,nan,0,nan,0,nan,0,nan,0,nan,0,nan,0
1597988449312157952,1597988449632999936,2020-08-21 13:40:49.633000,1639.0,1640.0,1596.0,1596.0,nan,1622.0,461023,14955586120.0,113266,1639.0,151,1638.0,163,nan,0,nan,0,nan,0,nan,0,nan,0,nan,0,nan,0,nan,0
1597988449800631040,1597988450244000000,2020-08-21 13:40:50.244000,1639.0,1640.0,1596.0,1596.0,nan,1622.0,461042,14956202480.0,113264,1639.0,144,1638.0,158,nan,0,nan,0,nan,0,nan,0,nan,0,nan,0,nan,0,nan,0
1597988450292662016,1597988450732000000,2020-08-21 13:40:50.732000,1639.0,1640.0,1596.0,1596.0,nan,1622.0,461043,14956234920.0,113264,1639.0,154,1638.0,160,nan,0,nan,0,nan,0,nan,0,nan,0,nan,0,nan,0,nan,0
1597988450800992000,1597988451224000000,2020-08-21 13:40:51.224000,1639.0,1640.0,1596.0,1596.0,nan,1622.0,461204,14961457760.0,113337,1640.0,957,1639.0,47,nan,0,nan,0,nan,0,nan,0,nan,0,nan,0,nan,0,nan,0
1597988451293235968,1597988451743000064,2020-08-21 13:40:51.743000,1639.0,1640.0,1596.0,1596.0,nan,1622.0,461227,14962203880.0,113347,1640.0,815,1639.0,25,nan,0,nan,0,nan,0,nan,0,nan,0,nan,0,nan,0,nan,0
1597988451795533056,1597988452242000128,2020-08-21 13:40:52.242000,1639.0,1640.0,1596.0,1596.0,nan,1622.0,461237,14962528280.0,113353,1640.0,760,1639.0,311,nan,0,nan,0,nan,0,nan,0,nan,0,nan,0,nan,0,nan,0
1597988452306897920,1597988452732999936,2020-08-21 13:40:52.733000,1639.0,1640.0,1596.0,1596.0,nan,1622.0,461241,14962658040.0,113355,1640.0,741,1639.0,328,nan,0,nan,0,nan,0,nan,0,nan,0,nan,0,nan,0,nan,0
1597988452808556032,1597988453180999936,2020-08-21 13:40:53.181000,1639.0,1640.0,1596.0,1596.0,nan,1622.0,461244,14962755360.0,113357,1640.0,741,1639.0,330,nan,0,nan,0,nan,0,nan,0,nan,0,nan,0,nan,0,nan,0
1597988453293515008,1597988453731000064,2020-08-21 13:40:53.731000,1640.0,1640.0,1596.0,1596.0,nan,1622.0,461365,14966680600.0,113445,1640.0,621,1639.0,330,nan,0,nan,0,nan,0,nan,0,nan,0,nan,0,nan,0,nan,0
1597988453819333120,1597988454232999936,2020-08-21 13:40:54.233000,1640.0,1640.0,1596.0,1596.0,nan,1622.0,461379,14967134760.0,113458,1640.0,622,1639.0,349,nan,0,nan,0,nan,0,nan,0,nan,0,nan,0,nan,0,nan,0
1597988454301530112,1597988454709000192,2020-08-21 13:40:54.709000,1640.0,1640.0,1596.0,1596.0,nan,1622.0,461393,14967588920.0,113467,1640.0,615,1639.0,345,nan,0,nan,0,nan,0,nan,0,nan,0,nan,0,nan,0,nan,0
1597988454799086080,1597988455242000128,2020-08-21 13:40:55.242000,1639.0,1640.0,1596.0,1596.0,nan,1622.0,461810,14981116400.0,113832,1640.0,216,1639.0,337,nan,0,nan,0,nan,0,nan,0,nan,0,nan,0,nan,0,nan,0
1597988455298840064,1597988455744000000,2020-08-21 13:40:55.744000,1640.0,1640.0,1596.0,1596.0,nan,1622.0,462150,14992146000.0,114024,1641.0,475,1640.0,36,nan,0,nan,0,nan,0,nan,0,nan,0,nan,0,nan,0,nan,0
1597988455796709120,1597988456220999936,2020-08-21 13:40:56.221000,1640.0,1641.0,1596.0,1596.0,nan,1622.0,462204,14993897760.0,114030,1641.0,431,1640.0,93,nan,0,nan,0,nan,0,nan,0,nan,0,nan,0,nan,0,nan,0
1597988456291560960,1597988456736000000,2020-08-21 13:40:56.736000,1640.0,1641.0,1596.0,1596.0,nan,1622.0,462220,14994416800.0,114035,1641.0,397,1640.0,109,nan,0,nan,0,nan,0,nan,0,nan,0,nan,0,nan,0,nan,0
1597988456794626048,1597988457240000000,2020-08-21 13:40:57.240000,1641.0,1641.0,1596.0,1596.0,nan,1622.0,462302,14997076880.0,114011,1641.0,326,1640.0,114,nan,0,nan,0,nan,0,nan,0,nan,0,nan,0,nan,0,nan,0
1597988457299685120,1597988457743000064,2020-08-21 13:40:57.743000,1640.0,1642.0,1596.0,1596.0,nan,1622.0,463074,15022120560.0,113746,1640.0,54,1639.0,642,nan,0,nan,0,nan,0,nan,0,nan,0,nan,0,nan,0,nan,0
1597988457802807040,1597988458244000000,2020-08-21 13:40:58.244000,1641.0,1642.0,1596.0,1596.0,nan,1622.0,463237,15027408280.0,113726,1641.0,58,1640.0,30,nan,0,nan,0,nan,0,nan,0,nan,0,nan,0,nan,0,nan,0
1597988458299898880,1597988458742000128,2020-08-21 13:40:58.742000,1641.0,1642.0,1596.0,1596.0,nan,1622.0,463286,15028997840.0,113729,1641.0,56,1640.0,75,nan,0,nan,0,nan,0,nan,0,nan,0,nan,0,nan,0,nan,0
1597988458790626048,1597988459173000192,2020-08-21 13:40:59.173000,1640.0,1642.0,1596.0,1596.0,nan,1622.0,463405,15032858200.0,113706,1640.0,326,1639.0,504,nan,0,nan,0,nan,0,nan,0,nan,0,nan,0,nan,0,nan,0
1597988459299926016,1597988459730000128,2020-08-21 13:40:59.730000,1640.0,1642.0,1596.0,1596.0,nan,1622.0,463427,15033571880.0,113719,1641.0,328,1640.0,12,nan,0,nan,0,nan,0,nan,0,nan,0,nan,0,nan,0,nan,0
1597988459799592960,1597988460242000128,2020-08-21 13:41:00.242000,1640.0,1642.0,1596.0,1596.0,nan,1622.0,463457,15034545080.0,113717,1641.0,245,1640.0,3,nan,0,nan,0,nan,0,nan,0,nan,0,nan,0,nan,0,nan,0
1597988460296204032,1597988460742000128,2020-08-21 13:41:00.742000,1641.0,1642.0,1596.0,1596.0,nan,1622.0,464107,15055631080.0,114049,1642.0,182,1641.0,18,nan,0,nan,0,nan,0,nan,0,nan,0,nan,0,nan,0,nan,0
1597988460806448896,1597988461244000000,2020-08-21 13:41:01.244000,1640.0,1642.0,1596.0,1596.0,nan,1622.0,464164,15057480160.0,114051,1641.0,281,1640.0,125,nan,0,nan,0,nan,0,nan,0,nan,0,nan,0,nan,0,nan,0
1597988461392753920,1597988461696999936,2020-08-21 13:41:01.697000,1640.0,1642.0,1596.0,1596.0,nan,1622.0,464186,15058193840.0,114051,1641.0,276,1640.0,119,nan,0,nan,0,nan,0,nan,0,nan,0,nan,0,nan,0,nan,0
1597988461799523072,1597988462244999936,2020-08-21 13:41:02.245000,1640.0,1642.0,1596.0,1596.0,nan,1622.0,464225,15059459000.0,114047,1641.0,277,1640.0,125,nan,0,nan,0,nan,0,nan,0,nan,0,nan,0,nan,0,nan,0
1597988462333133056,1597988462739000064,2020-08-21 13:41:02.739000,1641.0,1642.0,1596.0,1596.0,nan,1622.0,464245,15060107800.0,114036,1641.0,271,1640.0,136,nan,0,nan,0,nan,0,nan,0,nan,0,nan,0,nan,0,nan,0
1597988462832084992,1597988463236000000,2020-08-21 13:41:03.236000,1640.0,1642.0,1596.0,1596.0,nan,1622.0,464257,15060497080.0,114033,1641.0,280,1640.0,137,nan,0,nan,0,nan,0,nan,0,nan,0,nan,0,nan,0,nan,0
1597988463297262080,1597988463732999936,2020-08-21 13:41:03.733000,1641.0,1642.0,1596.0,1596.0,nan,1622.0,464321,15062573240.0,114032,1641.0,224,1640.0,167,nan,0,nan,0,nan,0,nan,0,nan,0,nan,0,nan,0,nan,0
1597988463816188928,1597988464237999872,2020-08-21 13:41:04.238000,1641.0,1642.0,1596.0,1596.0,nan,1622.0,464345,15063351800.0,114046,1641.0,226,1640.0,221,nan,0,nan,0,nan,0,nan,0,nan,0,nan,0,nan,0,nan,0
1597988464307968000,1597988464740000000,2020-08-21 13:41:04.740000,1641.0,1642.0,1596.0,1596.0,nan,1622.0,464362,15063903280.0,114041,1641.0,226,1640.0,1331,nan,0,nan,0,nan,0,nan,0,nan,0,nan,0,nan,0,nan,0
1597988464798874880,1597988465236999936,2020-08-21 13:41:05.237000,1640.0,1642.0,1596.0,1596.0,nan,1622.0,464380,15064487200.0,114036,1641.0,217,1640.0,1859,nan,0,nan,0,nan,0,nan,0,nan,0,nan,0,nan,0,nan,0
1597988465307680000,1597988465744999936,2020-08-21 13:41:05.745000,1641.0,1642.0,1596.0,1596.0,nan,1622.0,464465,15067244600.0,114048,1641.0,180,1640.0,1867,nan,0,nan,0,nan,0,nan,0,nan,0,nan,0,nan,0,nan,0
1597988465809903104,1597988466186000128,2020-08-21 13:41:06.186000,1641.0,1642.0,1596.0,1596.0,nan,1622.0,464486,15067925840.0,114054,1641.0,194,1640.0,238,nan,0,nan,0,nan,0,nan,0,nan,0,nan,0,nan,0,nan,0
1597988466333751040,1597988466744999936,2020-08-21 13:41:06.745000,1640.0,1642.0,1596.0,1596.0,nan,1622.0,464584,15071104960.0,114077,1641.0,124,1640.0,243,nan,0,nan,0,nan,0,nan,0,nan,0,nan,0,nan,0,nan,0
1597988466810354944,1597988467242000128,2020-08-21 13:41:07.242000,1641.0,1642.0,1596.0,1596.0,nan,1622.0,464601,15071656440.0,114075,1641.0,422,1640.0,249,nan,0,nan,0,nan,0,nan,0,nan,0,nan,0,nan,0,nan,0
1597988467311371008,1597988467708000000,2020-08-21 13:41:07.708000,1640.0,1642.0,1596.0,1596.0,nan,1622.0,464610,15071948400.0,114084,1641.0,537,1640.0,290,nan,0,nan,0,nan,0,nan,0,nan,0,nan,0,nan,0,nan,0
1597988467794991104,1597988468187000064,2020-08-21 13:41:08.187000,1641.0,1642.0,1596.0,1596.0,nan,1622.0,464941,15082686040.0,113991,1640.0,1,1639.0,208,nan,0,nan,0,nan,0,nan,0,nan,0,nan,0,nan,0,nan,0
1597988468308474112,1597988468670000128,2020-08-21 13:41:08.670000,1641.0,1642.0,1596.0,1596.0,nan,1622.0,464988,15084210720.0,113973,1640.0,21,1639.0,158,nan,0,nan,0,nan,0,nan,0,nan,0,nan,0,nan,0,nan,0
1597988468812711936,1597988469217999872,2020-08-21 13:41:09.218000,1640.0,1642.0,1596.0,1596.0,nan,1622.0,465017,15085151480.0,113984,1640.0,22,1639.0,159,nan,0,nan,0,nan,0,nan,0,nan,0,nan,0,nan,0,nan,0
1597988469317122048,1597988469713999872,2020-08-21 13:41:09.714000,1640.0,1642.0,1596.0,1596.0,nan,1622.0,465021,15085281240.0,113987,1640.0,109,1639.0,159,nan,0,nan,0,nan,0,nan,0,nan,0,nan,0,nan,0,nan,0
1597988469818942976,1597988470233999872,2020-08-21 13:41:10.234000,1640.0,1642.0,1596.0,1596.0,nan,1622.0,465077,15087097880.0,114038,1640.0,144,1639.0,149,nan,0,nan,0,nan,0,nan,0,nan,0,nan,0,nan,0,nan,0
1597988470310266880,1597988470730000128,2020-08-21 13:41:10.730000,1639.0,1642.0,1596.0,1596.0,nan,1622.0,465092,15087584480.0,114043,1640.0,164,1639.0,137,nan,0,nan,0,nan,0,nan,0,nan,0,nan,0,nan,0,nan,0
1597988470811281920,1597988471236000000,2020-08-21 13:41:11.236000,1639.0,1642.0,1596.0,1596.0,nan,1622.0,465117,15088395480.0,114057,1640.0,147,1639.0,142,nan,0,nan,0,nan,0,nan,0,nan,0,nan,0,nan,0,nan,0
1597988471322255104,1597988471719000064,2020-08-21 13:41:11.719000,1640.0,1642.0,1596.0,1596.0,nan,1622.0,465136,15089011840.0,114066,1640.0,160,1639.0,163,nan,0,nan,0,nan,0,nan,0,nan,0,nan,0,nan,0,nan,0
