local_nano_time,quote_nano_time,datetime,last_price,highest,lowest,open,close,average,volume,amount,open_interest,ask_price1,ask_volume1,bid_price1,bid_volume1,ask_price2,ask_volume2,bid_price2,bid_volume2,ask_price3,ask_volume3,bid_price3,bid_volume3,ask_price4,ask_volume4,bid_price4,bid_volume4,ask_price5,ask_volume5,bid_price5,bid_volume5
1597988230134483968,1597988230000000000,2020-08-21 13:37:10.000000,52140.0,52280.0,51820.0,52160.0,nan,52027.074547,92895,24165275450.0,119139,52140.0,44,52130.0,23,52150.0,62,52120.0,97,52160.0,41,52110.0,32,52170.0,31,52100.0,55,52180.0,25,52090.0,93
1597988230606689024,1597988230500000000,2020-08-21 13:37:10.500000,52140.0,52280.0,51820.0,52160.0,nan,52027.074547,92895,24165275450.0,119139,52140.0,44,52130.0,24,52150.0,62,52120.0,97,52160.0,41,52110.0,32,52170.0,31,52100.0,55,52180.0,25,52090.0,93
1597988231145998080,1597988231000000000,2020-08-21 13:37:11.000000,52140.0,52280.0,51820.0,52160.0,nan,52027.074547,92895,24165275450.0,119139,52140.0,44,52130.0,27,52150.0,62,52120.0,97,52160.0,41,52110.0,32,52170.0,31,52100.0,55,52180.0,25,52090.0,93
1597988234611752960,1597988234500000000,2020-08-21 13:37:14.500000,52140.0,52280.0,51820.0,52160.0,nan,52027.079409,92899,24166318250.0,119141,52140.0,39,52130.0,27,52150.0,62,52120.0,97,52160.0,41,52110.0,32,52170.0,31,52100.0,55,52180.0,25,52090.0,93
1597988235125000960,1597988235000000000,2020-08-21 13:37:15.000000,52140.0,52280.0,51820.0,52160.0,nan,52027.079409,92899,24166318250.0,119141,52140.0,41,52130.0,27,52150.0,62,52120.0,97,52160.0,41,52110.0,32,52170.0,31,52100.0,55,52180.0,25,52090.0,93
1597988235618612992,1597988235500000000,2020-08-21 13:37:15.500000,52130.0,52280.0,51820.0,52160.0,nan,52027.080517,92900,24166578900.0,119141,52140.0,41,52130.0,26,52150.0,62,52120.0,97,52160.0,41,52110.0,32,52170.0,31,52100.0,55,52180.0,25,52090.0,93
1597988236110167040,1597988236000000000,2020-08-21 13:37:16.000000,52130.0,52280.0,51820.0,52160.0,nan,52027.080517,92900,24166578900.0,119141,52140.0,43,52130.0,26,52150.0,62,52120.0,97,52160.0,41,52110.0,32,52170.0,31,52100.0,55,52180.0,25,52090.0,93
1597988237126856960,1597988237000000000,2020-08-21 13:37:17.000000,52130.0,52280.0,51820.0,52160.0,nan,52027.080517,92900,24166578900.0,119141,52140.0,43,52130.0,27,52150.0,62,52120.0,97,52160.0,41,52110.0,32,52170.0,31,52100.0,55,52180.0,25,52090.0,93
1597988238616356096,1597988238500000000,2020-08-21 13:37:18.500000,52130.0,52280.0,51820.0,52160.0,nan,52027.080517,92900,24166578900.0,119141,52140.0,44,52130.0,27,52150.0,62,52120.0,97,52160.0,41,52110.0,32,52170.0,31,52100.0,55,52180.0,25,52090.0,93
1597988239109463040,1597988239000000000,2020-08-21 13:37:19.000000,52130.0,52280.0,51820.0,52160.0,nan,52027.081625,92901,24166839550.0,119141,52140.0,44,52130.0,27,52150.0,62,52120.0,97,52160.0,41,52110.0,32,52170.0,31,52100.0,55,52180.0,25,52090.0,93
1597988239617538048,1597988239500000000,2020-08-21 13:37:19.500000,52130.0,52280.0,51820.0,52160.0,nan,52027.081625,92901,24166839550.0,119141,52140.0,44,52130.0,25,52150.0,62,52120.0,97,52160.0,41,52110.0,32,52170.0,31,52100.0,55,52180.0,25,52090.0,93
1597988240146255872,1597988240000000000,2020-08-21 13:37:20.000000,52130.0,52280.0,51820.0,52160.0,nan,52027.081625,92901,24166839550.0,119141,52140.0,44,52130.0,25,52150.0,62,52120.0,97,52160.0,41,52110.0,37,52170.0,31,52100.0,55,52180.0,25,52090.0,93
1597988242120165888,1597988242000000000,2020-08-21 13:37:22.000000,52130.0,52280.0,51820.0,52160.0,nan,52027.082732,92902,24167100200.0,119141,52140.0,44,52130.0,24,52150.0,62,52120.0,97,52160.0,41,52110.0,37,52170.0,31,52100.0,55,52180.0,25,52090.0,93
1597988242614944000,1597988242500000000,2020-08-21 13:37:22.500000,52130.0,52280.0,51820.0,52160.0,nan,52027.082732,92902,24167100200.0,119141,52140.0,44,52130.0,24,52150.0,62,52120.0,98,52160.0,41,52110.0,37,52170.0,31,52100.0,55,52180.0,25,52090.0,93
1597988243623216896,1597988243500000000,2020-08-21 13:37:23.500000,52130.0,52280.0,51820.0,52160.0,nan,52027.082732,92902,24167100200.0,119141,52140.0,44,52130.0,24,52150.0,62,52120.0,98,52160.0,41,52110.0,37,52170.0,31,52100.0,55,52180.0,26,52090.0,93
1597988245117082880,1597988245000000000,2020-08-21 13:37:25.000000,52130.0,52280.0,51820.0,52160.0,nan,52027.082732,92902,24167100200.0,119141,52140.0,52,52130.0,24,52150.0,62,52120.0,98,52160.0,41,52110.0,37,52170.0,31,52100.0,55,52180.0,26,52090.0,93
1597988246138454016,1597988246000000000,2020-08-21 13:37:26.000000,52130.0,52280.0,51820.0,52160.0,nan,52027.082732,92902,24167100200.0,119141,52140.0,52,52130.0,24,52150.0,62,52120.0,98,52160.0,41,52110.0,37,52170.0,32,52100.0,55,52180.0,26,52090.0,93
1597988247602644992,1597988247500000000,2020-08-21 13:37:27.500000,52130.0,52280.0,51820.0,52160.0,nan,52027.082732,92902,24167100200.0,119141,52140.0,44,52130.0,24,52150.0,62,52120.0,98,52160.0,41,52110.0,37,52170.0,32,52100.0,55,52180.0,26,52090.0,93
1597988248111911936,1597988248000000000,2020-08-21 13:37:28.000000,52130.0,52280.0,51820.0,52160.0,nan,52027.082732,92902,24167100200.0,119141,52140.0,44,52130.0,28,52150.0,62,52120.0,98,52160.0,41,52110.0,37,52170.0,32,52100.0,55,52180.0,26,52090.0,93
1597988249128542976,1597988249000000000,2020-08-21 13:37:29.000000,52130.0,52280.0,51820.0,52160.0,nan,52027.084948,92904,24167621500.0,119141,52140.0,44,52130.0,26,52150.0,62,52120.0,98,52160.0,41,52110.0,37,52170.0,32,52100.0,55,52180.0,26,52090.0,93
1597988250137168896,1597988250000000000,2020-08-21 13:37:30.000000,52130.0,52280.0,51820.0,52160.0,nan,52027.086056,92905,24167882150.0,119141,52140.0,44,52130.0,25,52150.0,62,52120.0,98,52160.0,41,52110.0,37,52170.0,32,52100.0,55,52180.0,26,52090.0,93
1597988250609263104,1597988250500000000,2020-08-21 13:37:30.500000,52130.0,52280.0,51820.0,52160.0,nan,52027.094917,92913,24169967350.0,119146,52140.0,44,52130.0,17,52150.0,62,52120.0,98,52160.0,41,52110.0,37,52170.0,32,52100.0,55,52180.0,26,52090.0,93
1597988251622944000,1597988251500000000,2020-08-21 13:37:31.500000,52130.0,52280.0,51820.0,52160.0,nan,52027.113742,92930,24174398400.0,119146,52130.0,1,52120.0,98,52140.0,45,52110.0,37,52150.0,62,52100.0,55,52160.0,41,52090.0,93,52170.0,32,52080.0,31
1597988252141427968,1597988252000000000,2020-08-21 13:37:32.000000,52130.0,52280.0,51820.0,52160.0,nan,52027.114849,92931,24174659050.0,119146,52130.0,41,52120.0,96,52140.0,45,52110.0,37,52150.0,66,52100.0,55,52160.0,41,52090.0,93,52170.0,32,52080.0,31
1597988252603578112,1597988252500000000,2020-08-21 13:37:32.500000,52130.0,52280.0,51820.0,52160.0,nan,52027.114849,92931,24174659050.0,119146,52130.0,42,52120.0,94,52140.0,46,52110.0,37,52150.0,66,52100.0,56,52160.0,40,52090.0,95,52170.0,32,52080.0,31
1597988253607239936,1597988253500000000,2020-08-21 13:37:33.500000,52130.0,52280.0,51820.0,52160.0,nan,52027.114849,92931,24174659050.0,119146,52130.0,43,52120.0,94,52140.0,46,52110.0,37,52150.0,66,52100.0,56,52160.0,40,52090.0,95,52170.0,32,52080.0,31
1597988254116153088,1597988254000000000,2020-08-21 13:37:34.000000,52130.0,52280.0,51820.0,52160.0,nan,52027.114849,92931,24174659050.0,119146,52130.0,42,52120.0,95,52140.0,47,52110.0,37,52150.0,66,52100.0,56,52160.0,40,52090.0,95,52170.0,32,52080.0,31
1597988257607968000,1597988257500000000,2020-08-21 13:37:37.500000,52130.0,52280.0,51820.0,52160.0,nan,52027.114849,92931,24174659050.0,119146,52130.0,33,52120.0,95,52140.0,47,52110.0,37,52150.0,66,52100.0,56,52160.0,40,52090.0,95,52170.0,32,52080.0,31
1597988258106907904,1597988258000000000,2020-08-21 13:37:38.000000,52130.0,52280.0,51820.0,52160.0,nan,52027.114849,92931,24174659050.0,119146,52130.0,33,52120.0,96,52140.0,47,52110.0,37,52150.0,66,52100.0,56,52160.0,40,52090.0,95,52170.0,32,52080.0,31
1597988258597872128,1597988258500000000,2020-08-21 13:37:38.500000,52130.0,52280.0,51820.0,52160.0,nan,52027.114849,92931,24174659050.0,119146,52130.0,33,52120.0,96,52140.0,50,52110.0,37,52150.0,63,52100.0,56,52160.0,40,52090.0,95,52170.0,32,52080.0,31
1597988259131207936,1597988259000000000,2020-08-21 13:37:39.000000,52130.0,52280.0,51820.0,52160.0,nan,52027.114849,92931,24174659050.0,119146,52130.0,33,52120.0,96,52140.0,50,52110.0,38,52150.0,63,52100.0,56,52160.0,40,52090.0,95,52170.0,32,52080.0,31
1597988260616347904,1597988260500000000,2020-08-21 13:37:40.500000,52130.0,52280.0,51820.0,52160.0,nan,52027.114849,92931,24174659050.0,119146,52130.0,33,52120.0,96,52140.0,50,52110.0,38,52150.0,63,52100.0,56,52160.0,40,52090.0,95,52170.0,31,52080.0,31
1597988261598577920,1597988261500000000,2020-08-21 13:37:41.500000,52130.0,52280.0,51820.0,52160.0,nan,52027.114849,92931,24174659050.0,119146,52130.0,34,52120.0,96,52140.0,50,52110.0,38,52150.0,63,52100.0,56,52160.0,40,52090.0,95,52170.0,31,52080.0,31
1597988262112225024,1597988262000000000,2020-08-21 13:37:42.000000,52130.0,52280.0,51820.0,52160.0,nan,52027.114849,92931,24174659050.0,119146,52130.0,34,52120.0,96,52140.0,49,52110.0,38,52150.0,63,52100.0,56,52160.0,40,52090.0,95,52170.0,31,52080.0,31
1597988262629944064,1597988262500000000,2020-08-21 13:37:42.500000,52130.0,52280.0,51820.0,52160.0,nan,52027.114849,92931,24174659050.0,119146,52130.0,35,52120.0,96,52140.0,49,52110.0,38,52150.0,63,52100.0,56,52160.0,40,52090.0,95,52170.0,31,52080.0,31
1597988264117178112,1597988264000000000,2020-08-21 13:37:44.000000,52130.0,52280.0,51820.0,52160.0,nan,52027.153583,92966,24183781800.0,119149,52140.0,49,52120.0,98,52150.0,63,52110.0,38,52160.0,40,52100.0,56,52170.0,31,52090.0,95,52180.0,26,52080.0,31
1597988264600366080,1597988264500000000,2020-08-21 13:37:44.500000,52130.0,52280.0,51820.0,52160.0,nan,52027.154689,92967,24184042450.0,119148,52140.0,49,52130.0,1,52150.0,63,52120.0,102,52160.0,40,52110.0,38,52170.0,31,52100.0,56,52180.0,26,52090.0,95
1597988265132617984,1597988265000000000,2020-08-21 13:37:45.000000,52130.0,52280.0,51820.0,52160.0,nan,52027.16022,92972,24185345700.0,119147,52140.0,50,52120.0,102,52150.0,63,52110.0,38,52160.0,40,52100.0,56,52170.0,31,52090.0,95,52180.0,26,52080.0,31
1597988265607105024,1597988265500000000,2020-08-21 13:37:45.500000,52130.0,52280.0,51820.0,52160.0,nan,52027.16022,92972,24185345700.0,119147,52140.0,52,52120.0,115,52150.0,63,52110.0,38,52160.0,40,52100.0,56,52170.0,31,52090.0,95,52180.0,26,52080.0,31
1597988266130200064,1597988266000000000,2020-08-21 13:37:46.000000,52130.0,52280.0,51820.0,52160.0,nan,52027.16022,92972,24185345700.0,119147,52140.0,52,52120.0,112,52150.0,63,52110.0,38,52160.0,40,52100.0,56,52170.0,31,52090.0,95,52180.0,26,52080.0,31
1597988266614128128,1597988266500000000,2020-08-21 13:37:46.500000,52130.0,52280.0,51820.0,52160.0,nan,52027.16022,92972,24185345700.0,119147,52140.0,52,52130.0,16,52150.0,63,52120.0,111,52160.0,40,52110.0,38,52170.0,31,52100.0,56,52180.0,26,52090.0,95
1597988267132109056,1597988267000000000,2020-08-21 13:37:47.000000,52130.0,52280.0,51820.0,52160.0,nan,52027.16022,92972,24185345700.0,119147,52140.0,52,52130.0,16,52150.0,61,52120.0,107,52160.0,40,52110.0,38,52170.0,31,52100.0,56,52180.0,26,52090.0,95
1597988267611566080,1597988267500000000,2020-08-21 13:37:47.500000,52130.0,52280.0,51820.0,52160.0,nan,52027.16022,92972,24185345700.0,119147,52140.0,52,52130.0,1,52150.0,61,52120.0,107,52160.0,40,52110.0,38,52170.0,31,52100.0,56,52180.0,26,52090.0,95
1597988268144139008,1597988268000000000,2020-08-21 13:37:48.000000,52130.0,52280.0,51820.0,52160.0,nan,52027.161326,92973,24185606350.0,119147,52140.0,52,52120.0,107,52150.0,61,52110.0,38,52160.0,40,52100.0,56,52170.0,31,52090.0,95,52180.0,26,52080.0,31
1597988268616433920,1597988268500000000,2020-08-21 13:37:48.500000,52130.0,52280.0,51820.0,52160.0,nan,52027.161326,92973,24185606350.0,119147,52130.0,3,52120.0,103,52140.0,52,52110.0,38,52150.0,61,52100.0,56,52160.0,40,52090.0,95,52170.0,31,52080.0,31
1597988269105015040,1597988269000000000,2020-08-21 13:37:49.000000,52130.0,52280.0,51820.0,52160.0,nan,52027.161326,92973,24185606350.0,119147,52130.0,5,52120.0,104,52140.0,54,52110.0,38,52150.0,62,52100.0,56,52160.0,40,52090.0,95,52170.0,31,52080.0,31
1597988269616093952,1597988269500000000,2020-08-21 13:37:49.500000,52130.0,52280.0,51820.0,52160.0,nan,52027.163539,92975,24186127650.0,119147,52130.0,4,52120.0,108,52140.0,52,52110.0,38,52150.0,62,52100.0,56,52160.0,40,52090.0,95,52170.0,31,52080.0,31
1597988270141972992,1597988270000000000,2020-08-21 13:37:50.000000,52130.0,52280.0,51820.0,52160.0,nan,52027.163539,92975,24186127650.0,119147,52130.0,3,52120.0,109,52140.0,52,52110.0,38,52150.0,62,52100.0,56,52160.0,40,52090.0,95,52170.0,31,52080.0,31
1597988270605134080,1597988270500000000,2020-08-21 13:37:50.500000,52130.0,52280.0,51820.0,52160.0,nan,52027.163539,92975,24186127650.0,119147,52130.0,4,52120.0,103,52140.0,52,52110.0,38,52150.0,62,52100.0,56,52160.0,40,52090.0,95,52170.0,31,52080.0,31
1597988271140582912,1597988271000000000,2020-08-21 13:37:51.000000,52130.0,52280.0,51820.0,52160.0,nan,52027.163539,92975,24186127650.0,119147,52130.0,39,52120.0,103,52140.0,52,52110.0,38,52150.0,62,52100.0,56,52160.0,40,52090.0,95,52170.0,31,52080.0,31
1597988271600429056,1597988271500000000,2020-08-21 13:37:51.500000,52130.0,52280.0,51820.0,52160.0,nan,52027.164645,92976,24186388300.0,119147,52130.0,39,52120.0,99,52140.0,52,52110.0,38,52150.0,62,52100.0,56,52160.0,40,52090.0,95,52170.0,31,52080.0,31
1597988272105363968,1597988272000000000,2020-08-21 13:37:52.000000,52130.0,52280.0,51820.0,52160.0,nan,52027.164645,92976,24186388300.0,119147,52130.0,39,52120.0,96,52140.0,52,52110.0,38,52150.0,62,52100.0,56,52160.0,40,52090.0,95,52170.0,31,52080.0,31
1597988272612899072,1597988272500000000,2020-08-21 13:37:52.500000,52130.0,52280.0,51820.0,52160.0,nan,52027.167963,92979,24187170250.0,119148,52130.0,36,52120.0,96,52140.0,53,52110.0,38,52150.0,62,52100.0,56,52160.0,40,52090.0,95,52170.0,31,52080.0,31
1597988273106842112,1597988273000000000,2020-08-21 13:37:53.000000,52130.0,52280.0,51820.0,52160.0,nan,52027.167963,92979,24187170250.0,119148,52130.0,35,52120.0,96,52140.0,53,52110.0,38,52150.0,62,52100.0,56,52160.0,40,52090.0,95,52170.0,31,52080.0,31
1597988274138930944,1597988274000000000,2020-08-21 13:37:54.000000,52130.0,52280.0,51820.0,52160.0,nan,52027.167963,92979,24187170250.0,119148,52130.0,35,52120.0,96,52140.0,53,52110.0,39,52150.0,62,52100.0,56,52160.0,40,52090.0,95,52170.0,31,52080.0,31
1597988274643945984,1597988274500000000,2020-08-21 13:37:54.500000,52130.0,52280.0,51820.0,52160.0,nan,52027.169069,92980,24187430900.0,119149,52130.0,34,52120.0,96,52140.0,53,52110.0,39,52150.0,62,52100.0,56,52160.0,40,52090.0,95,52170.0,31,52080.0,31
1597988275129648896,1597988275000000000,2020-08-21 13:37:55.000000,52130.0,52280.0,51820.0,52160.0,nan,52027.169069,92980,24187430900.0,119149,52130.0,28,52120.0,96,52140.0,53,52110.0,39,52150.0,62,52100.0,56,52160.0,40,52090.0,95,52170.0,31,52080.0,31
1597988275706383104,1597988275500000000,2020-08-21 13:37:55.500000,52130.0,52280.0,51820.0,52160.0,nan,52027.169069,92980,24187430900.0,119149,52130.0,27,52120.0,96,52140.0,51,52110.0,39,52150.0,62,52100.0,56,52160.0,40,52090.0,95,52170.0,31,52080.0,31
1597988276804721920,1597988276500000000,2020-08-21 13:37:56.500000,52130.0,52280.0,51820.0,52160.0,nan,52027.169069,92980,24187430900.0,119149,52130.0,27,52120.0,96,52140.0,51,52110.0,39,52150.0,62,52100.0,57,52160.0,40,52090.0,95,52170.0,31,52080.0,31
1597988277216310016,1597988277000000000,2020-08-21 13:37:57.000000,52130.0,52280.0,51820.0,52160.0,nan,52027.169069,92980,24187430900.0,119149,52130.0,30,52120.0,96,52140.0,51,52110.0,39,52150.0,64,52100.0,57,52160.0,40,52090.0,95,52170.0,31,52080.0,31
1597988277620965120,1597988277500000000,2020-08-21 13:37:57.500000,52130.0,52280.0,51820.0,52160.0,nan,52027.170175,92981,24187691550.0,119149,52130.0,30,52120.0,96,52140.0,51,52110.0,39,52150.0,65,52100.0,57,52160.0,40,52090.0,95,52170.0,31,52080.0,31
1597988279145658880,1597988279000000000,2020-08-21 13:37:59.000000,52130.0,52280.0,51820.0,52160.0,nan,52027.170175,92981,24187691550.0,119149,52130.0,31,52120.0,96,52140.0,50,52110.0,39,52150.0,65,52100.0,57,52160.0,40,52090.0,95,52170.0,31,52080.0,31
1597988279637647872,1597988279500000000,2020-08-21 13:37:59.500000,52130.0,52280.0,51820.0,52160.0,nan,52027.170175,92981,24187691550.0,119149,52130.0,31,52120.0,96,52140.0,50,52110.0,39,52150.0,65,52100.0,58,52160.0,40,52090.0,95,52170.0,31,52080.0,31
1597988281129287936,1597988281000000000,2020-08-21 13:38:01.000000,52130.0,52280.0,51820.0,52160.0,nan,52027.170175,92981,24187691550.0,119149,52130.0,33,52120.0,96,52140.0,50,52110.0,39,52150.0,65,52100.0,58,52160.0,40,52090.0,95,52170.0,31,52080.0,31
1597988284125879040,1597988284000000000,2020-08-21 13:38:04.000000,52130.0,52280.0,51820.0,52160.0,nan,52027.17128,92982,24187952200.0,119149,52130.0,32,52120.0,96,52140.0,50,52110.0,39,52150.0,65,52100.0,58,52160.0,40,52090.0,95,52170.0,31,52080.0,31
1597988284614288896,1597988284500000000,2020-08-21 13:38:04.500000,52130.0,52280.0,51820.0,52160.0,nan,52027.175704,92986,24188994800.0,119148,52130.0,28,52120.0,96,52140.0,50,52110.0,39,52150.0,65,52100.0,58,52160.0,40,52090.0,95,52170.0,31,52080.0,31
1597988286140793088,1597988286000000000,2020-08-21 13:38:06.000000,52130.0,52280.0,51820.0,52160.0,nan,52027.175704,92986,24188994800.0,119148,52130.0,28,52120.0,96,52140.0,49,52110.0,39,52150.0,65,52100.0,58,52160.0,40,52090.0,95,52170.0,31,52080.0,31
1597988286627475968,1597988286500000000,2020-08-21 13:38:06.500000,52130.0,52280.0,51820.0,52160.0,nan,52027.177915,92988,24189516100.0,119150,52130.0,26,52120.0,96,52140.0,48,52110.0,39,52150.0,65,52100.0,58,52160.0,40,52090.0,95,52170.0,31,52080.0,31
1597988287123990016,1597988287000000000,2020-08-21 13:38:07.000000,52130.0,52280.0,51820.0,52160.0,nan,52027.177915,92988,24189516100.0,119150,52130.0,27,52120.0,96,52140.0,48,52110.0,39,52150.0,65,52100.0,58,52160.0,40,52090.0,95,52170.0,31,52080.0,31
1597988288143301888,1597988288000000000,2020-08-21 13:38:08.000000,52130.0,52280.0,51820.0,52160.0,nan,52027.177915,92988,24189516100.0,119150,52130.0,25,52120.0,96,52140.0,48,52110.0,39,52150.0,65,52100.0,58,52160.0,40,52090.0,95,52170.0,31,52080.0,31
1597988288601547008,1597988288500000000,2020-08-21 13:38:08.500000,52130.0,52280.0,51820.0,52160.0,nan,52027.188972,92998,24192122600.0,119145,52130.0,6,52120.0,101,52140.0,49,52110.0,39,52150.0,65,52100.0,58,52160.0,40,52090.0,95,52170.0,31,52080.0,31
1597988289125064960,1597988289000000000,2020-08-21 13:38:09.000000,52130.0,52280.0,51820.0,52160.0,nan,52027.190077,92999,24192383250.0,119145,52130.0,11,52120.0,96,52140.0,49,52110.0,39,52150.0,65,52100.0,58,52160.0,40,52090.0,95,52170.0,31,52080.0,31
1597988289630097920,1597988289500000000,2020-08-21 13:38:09.500000,52130.0,52280.0,51820.0,52160.0,nan,52027.190077,92999,24192383250.0,119145,52130.0,12,52120.0,96,52140.0,49,52110.0,39,52150.0,65,52100.0,58,52160.0,40,52090.0,95,52170.0,31,52080.0,31
1597988291117125888,1597988291000000000,2020-08-21 13:38:11.000000,52130.0,52280.0,51820.0,52160.0,nan,52027.190077,92999,24192383250.0,119145,52130.0,33,52120.0,99,52140.0,49,52110.0,39,52150.0,65,52100.0,58,52160.0,40,52090.0,95,52170.0,31,52080.0,81
1597988292152072960,1597988292000000000,2020-08-21 13:38:12.000000,52130.0,52280.0,51820.0,52160.0,nan,52027.190077,92999,24192383250.0,119145,52130.0,34,52120.0,99,52140.0,49,52110.0,39,52150.0,65,52100.0,58,52160.0,40,52090.0,95,52170.0,31,52080.0,81
1597988293121223936,1597988293000000000,2020-08-21 13:38:13.000000,52130.0,52280.0,51820.0,52160.0,nan,52027.190077,92999,24192383250.0,119145,52130.0,35,52120.0,100,52140.0,49,52110.0,39,52150.0,65,52100.0,58,52160.0,40,52090.0,95,52170.0,31,52080.0,81
1597988293597715968,1597988293500000000,2020-08-21 13:38:13.500000,52130.0,52280.0,51820.0,52160.0,nan,52027.190077,92999,24192383250.0,119145,52130.0,34,52120.0,100,52140.0,49,52110.0,39,52150.0,70,52100.0,58,52160.0,40,52090.0,95,52170.0,31,52080.0,81
1597988294607952896,1597988294500000000,2020-08-21 13:38:14.500000,52120.0,52280.0,51820.0,52160.0,nan,52027.191075,93000,24192643850.0,119145,52130.0,34,52120.0,99,52140.0,49,52110.0,39,52150.0,70,52100.0,58,52160.0,40,52090.0,78,52170.0,31,52080.0,81
1597988296613943040,1597988296500000000,2020-08-21 13:38:16.500000,52130.0,52280.0,51820.0,52160.0,nan,52027.192181,93001,24192904500.0,119144,52130.0,33,52120.0,99,52140.0,49,52110.0,39,52150.0,70,52100.0,58,52160.0,40,52090.0,78,52170.0,31,52080.0,81
1597988297146502912,1597988297000000000,2020-08-21 13:38:17.000000,52120.0,52280.0,51820.0,52160.0,nan,52027.194177,93003,24193425700.0,119146,52130.0,33,52120.0,98,52140.0,49,52110.0,39,52150.0,71,52100.0,58,52160.0,38,52090.0,78,52170.0,30,52080.0,81
1597988298621950976,1597988298500000000,2020-08-21 13:38:18.500000,52120.0,52280.0,51820.0,52160.0,nan,52027.194177,93003,24193425700.0,119146,52130.0,32,52120.0,98,52140.0,49,52110.0,39,52150.0,71,52100.0,58,52160.0,38,52090.0,78,52170.0,29,52080.0,81
1597988300144640000,1597988300000000000,2020-08-21 13:38:20.000000,52120.0,52280.0,51820.0,52160.0,nan,52027.194177,93003,24193425700.0,119146,52130.0,33,52120.0,98,52140.0,49,52110.0,39,52150.0,71,52100.0,58,52160.0,38,52090.0,78,52170.0,29,52080.0,81
1597988303117609984,1597988303000000000,2020-08-21 13:38:23.000000,52120.0,52280.0,51820.0,52160.0,nan,52027.194177,93003,24193425700.0,119146,52130.0,33,52120.0,98,52140.0,49,52110.0,39,52150.0,71,52100.0,59,52160.0,38,52090.0,78,52170.0,29,52080.0,81
1597988303601423872,1597988303500000000,2020-08-21 13:38:23.500000,52120.0,52280.0,51820.0,52160.0,nan,52027.195174,93004,24193686300.0,119147,52130.0,33,52120.0,97,52140.0,47,52110.0,39,52150.0,71,52100.0,59,52160.0,38,52090.0,78,52170.0,29,52080.0,81
1597988304147464960,1597988304000000000,2020-08-21 13:38:24.000000,52120.0,52280.0,51820.0,52160.0,nan,52027.195174,93004,24193686300.0,119147,52130.0,35,52120.0,97,52140.0,47,52110.0,39,52150.0,71,52100.0,59,52160.0,38,52090.0,78,52170.0,29,52080.0,81
1597988304614584064,1597988304500000000,2020-08-21 13:38:24.500000,52120.0,52280.0,51820.0,52160.0,nan,52027.195174,93004,24193686300.0,119147,52130.0,35,52120.0,97,52140.0,45,52110.0,39,52150.0,71,52100.0,59,52160.0,38,52090.0,78,52170.0,29,52080.0,81
1597988305107785984,1597988305000000000,2020-08-21 13:38:25.000000,52120.0,52280.0,51820.0,52160.0,nan,52027.195174,93004,24193686300.0,119147,52130.0,37,52120.0,97,52140.0,45,52110.0,39,52150.0,71,52100.0,59,52160.0,38,52090.0,78,52170.0,29,52080.0,81
1597988305614743040,1597988305500000000,2020-08-21 13:38:25.500000,52120.0,52280.0,51820.0,52160.0,nan,52027.195174,93004,24193686300.0,119147,52130.0,39,52120.0,97,52140.0,45,52110.0,39,52150.0,71,52100.0,59,52160.0,38,52090.0,78,52170.0,29,52080.0,81
1597988306611653888,1597988306500000000,2020-08-21 13:38:26.500000,52120.0,52280.0,51820.0,52160.0,nan,52027.195174,93004,24193686300.0,119147,52130.0,40,52120.0,96,52140.0,45,52110.0,39,52150.0,72,52100.0,59,52160.0,38,52090.0,78,52170.0,29,52080.0,81
1597988307106951936,1597988307000000000,2020-08-21 13:38:27.000000,52120.0,52280.0,51820.0,52160.0,nan,52027.195174,93004,24193686300.0,119147,52130.0,41,52120.0,96,52140.0,45,52110.0,39,52150.0,72,52100.0,59,52160.0,38,52090.0,78,52170.0,29,52080.0,81
1597988307605196032,1597988307500000000,2020-08-21 13:38:27.500000,52120.0,52280.0,51820.0,52160.0,nan,52027.195174,93004,24193686300.0,119147,52130.0,41,52120.0,96,52140.0,45,52110.0,39,52150.0,72,52100.0,59,52160.0,38,52090.0,78,52170.0,30,52080.0,81
1597988309123220992,1597988309000000000,2020-08-21 13:38:29.000000,52120.0,52280.0,51820.0,52160.0,nan,52027.195174,93004,24193686300.0,119147,52130.0,42,52120.0,97,52140.0,45,52110.0,39,52150.0,72,52100.0,59,52160.0,38,52090.0,78,52170.0,30,52080.0,81
1597988309684093952,1597988309500000000,2020-08-21 13:38:29.500000,52120.0,52280.0,51820.0,52160.0,nan,52027.196172,93005,24193946900.0,119147,52130.0,42,52120.0,96,52140.0,45,52110.0,39,52150.0,72,52100.0,59,52160.0,38,52090.0,78,52170.0,30,52080.0,81
1597988311104315904,1597988311000000000,2020-08-21 13:38:31.000000,52120.0,52280.0,51820.0,52160.0,nan,52027.196172,93005,24193946900.0,119147,52130.0,43,52120.0,96,52140.0,45,52110.0,39,52150.0,72,52100.0,59,52160.0,38,52090.0,78,52170.0,30,52080.0,81
1597988311604328960,1597988311500000000,2020-08-21 13:38:31.500000,52120.0,52280.0,51820.0,52160.0,nan,52027.196172,93005,24193946900.0,119147,52130.0,43,52120.0,96,52140.0,45,52110.0,39,52150.0,72,52100.0,59,52160.0,38,52090.0,78,52170.0,30,52080.0,82
1597988313112464896,1597988313000000000,2020-08-21 13:38:33.000000,52120.0,52280.0,51820.0,52160.0,nan,52027.196172,93005,24193946900.0,119147,52130.0,43,52120.0,97,52140.0,45,52110.0,39,52150.0,72,52100.0,59,52160.0,38,52090.0,78,52170.0,30,52080.0,82
1597988313604782080,1597988313500000000,2020-08-21 13:38:33.500000,52130.0,52280.0,51820.0,52160.0,nan,52027.198383,93007,24194468200.0,119148,52130.0,41,52120.0,97,52140.0,45,52110.0,39,52150.0,72,52100.0,59,52160.0,38,52090.0,78,52170.0,30,52080.0,82
1597988314120544000,1597988314000000000,2020-08-21 13:38:34.000000,52130.0,52280.0,51820.0,52160.0,nan,52027.200593,93009,24194989500.0,119149,52130.0,20,52120.0,98,52140.0,45,52110.0,39,52150.0,72,52100.0,59,52160.0,38,52090.0,78,52170.0,30,52080.0,82
1597988314621048064,1597988314500000000,2020-08-21 13:38:34.500000,52120.0,52280.0,51820.0,52160.0,nan,52027.201591,93010,24195250100.0,119149,52130.0,10,52120.0,97,52140.0,45,52110.0,39,52150.0,72,52100.0,59,52160.0,38,52090.0,78,52170.0,30,52080.0,82
1597988315155987968,1597988315000000000,2020-08-21 13:38:35.000000,52120.0,52280.0,51820.0,52160.0,nan,52027.201591,93010,24195250100.0,119149,52130.0,10,52120.0,97,52140.0,45,52110.0,39,52150.0,62,52100.0,59,52160.0,38,52090.0,78,52170.0,30,52080.0,82
1597988315685974016,1597988315500000000,2020-08-21 13:38:35.500000,52120.0,52280.0,51820.0,52160.0,nan,52027.211567,93020,24197856100.0,119149,52130.0,14,52120.0,87,52140.0,45,52110.0,39,52150.0,62,52100.0,59,52160.0,38,52090.0,78,52170.0,30,52080.0,82
1597988316140463104,1597988316000000000,2020-08-21 13:38:36.000000,52120.0,52280.0,51820.0,52160.0,nan,52027.212565,93021,24198116700.0,119149,52130.0,29,52120.0,86,52140.0,45,52110.0,39,52150.0,62,52100.0,59,52160.0,38,52090.0,78,52170.0,30,52080.0,82
1597988316614115072,1597988316500000000,2020-08-21 13:38:36.500000,52120.0,52280.0,51820.0,52160.0,nan,52027.217552,93026,24199419700.0,119154,52130.0,28,52120.0,80,52140.0,45,52110.0,39,52150.0,62,52100.0,59,52160.0,38,52090.0,78,52170.0,30,52080.0,82
1597988318149102080,1597988318000000000,2020-08-21 13:38:38.000000,52120.0,52280.0,51820.0,52160.0,nan,52027.217552,93026,24199419700.0,119154,52130.0,28,52120.0,81,52140.0,45,52110.0,39,52150.0,62,52100.0,59,52160.0,38,52090.0,78,52170.0,30,52080.0,82
1597988319133187072,1597988319000000000,2020-08-21 13:38:39.000000,52120.0,52280.0,51820.0,52160.0,nan,52027.217552,93026,24199419700.0,119154,52130.0,28,52120.0,83,52140.0,45,52110.0,39,52150.0,62,52100.0,59,52160.0,38,52090.0,78,52170.0,30,52080.0,82
1597988319615203072,1597988319500000000,2020-08-21 13:38:39.500000,52120.0,52280.0,51820.0,52160.0,nan,52027.217552,93026,24199419700.0,119154,52130.0,31,52120.0,83,52140.0,45,52110.0,39,52150.0,61,52100.0,59,52160.0,38,52090.0,78,52170.0,30,52080.0,82
1597988320120713984,1597988320000000000,2020-08-21 13:38:40.000000,52120.0,52280.0,51820.0,52160.0,nan,52027.217552,93026,24199419700.0,119154,52130.0,32,52120.0,83,52140.0,45,52110.0,39,52150.0,61,52100.0,59,52160.0,38,52090.0,78,52170.0,30,52080.0,82
1597988322147347968,1597988322000000000,2020-08-21 13:38:42.000000,52120.0,52280.0,51820.0,52160.0,nan,52027.217552,93026,24199419700.0,119154,52130.0,35,52120.0,83,52140.0,45,52110.0,39,52150.0,61,52100.0,59,52160.0,38,52090.0,78,52170.0,30,52080.0,82
1597988322605398016,1597988322500000000,2020-08-21 13:38:42.500000,52120.0,52280.0,51820.0,52160.0,nan,52027.217552,93026,24199419700.0,119154,52130.0,36,52120.0,83,52140.0,45,52110.0,39,52150.0,61,52100.0,59,52160.0,38,52090.0,78,52170.0,30,52080.0,82
1597988323133792000,1597988323000000000,2020-08-21 13:38:43.000000,52120.0,52280.0,51820.0,52160.0,nan,52027.218549,93027,24199680300.0,119154,52130.0,36,52120.0,82,52140.0,45,52110.0,39,52150.0,61,52100.0,59,52160.0,38,52090.0,78,52170.0,30,52080.0,82
1597988324133585920,1597988324000000000,2020-08-21 13:38:44.000000,52130.0,52280.0,51820.0,52160.0,nan,52027.219654,93028,24199940950.0,119155,52130.0,35,52120.0,82,52140.0,46,52110.0,39,52150.0,61,52100.0,59,52160.0,38,52090.0,78,52170.0,30,52080.0,82
1597988328174542080,1597988328000000000,2020-08-21 13:38:48.000000,52130.0,52280.0,51820.0,52160.0,nan,52027.219654,93028,24199940950.0,119155,52130.0,34,52120.0,82,52140.0,46,52110.0,39,52150.0,61,52100.0,59,52160.0,38,52090.0,78,52170.0,30,52080.0,82
1597988328611960064,1597988328500000000,2020-08-21 13:38:48.500000,52130.0,52280.0,51820.0,52160.0,nan,52027.219654,93028,24199940950.0,119155,52130.0,34,52120.0,83,52140.0,46,52110.0,39,52150.0,61,52100.0,59,52160.0,38,52090.0,78,52170.0,30,52080.0,82
1597988329156158976,1597988329000000000,2020-08-21 13:38:49.000000,52130.0,52280.0,51820.0,52160.0,nan,52027.219654,93028,24199940950.0,119155,52130.0,34,52120.0,85,52140.0,46,52110.0,39,52150.0,61,52100.0,59,52160.0,38,52090.0,78,52170.0,30,52080.0,82
1597988329633989888,1597988329500000000,2020-08-21 13:38:49.500000,52130.0,52280.0,51820.0,52160.0,nan,52027.219654,93028,24199940950.0,119155,52130.0,34,52120.0,85,52140.0,45,52110.0,39,52150.0,61,52100.0,59,52160.0,38,52090.0,78,52170.0,30,52080.0,82
1597988330126896896,1597988330000000000,2020-08-21 13:38:50.000000,52130.0,52280.0,51820.0,52160.0,nan,52027.219654,93028,24199940950.0,119155,52130.0,35,52120.0,85,52140.0,45,52110.0,39,52150.0,61,52100.0,59,52160.0,38,52090.0,78,52170.0,30,52080.0,82
1597988332156983040,1597988332000000000,2020-08-21 13:38:52.000000,52130.0,52280.0,51820.0,52160.0,nan,52027.219654,93028,24199940950.0,119155,52130.0,35,52120.0,85,52140.0,45,52110.0,39,52150.0,61,52100.0,59,52160.0,35,52090.0,78,52170.0,30,52080.0,82
1597988333155418880,1597988333000000000,2020-08-21 13:38:53.000000,52130.0,52280.0,51820.0,52160.0,nan,52027.220759,93029,24200201600.0,119156,52130.0,34,52120.0,85,52140.0,46,52110.0,39,52150.0,61,52100.0,59,52160.0,35,52090.0,78,52170.0,30,52080.0,82
1597988333621733120,1597988333500000000,2020-08-21 13:38:53.500000,52130.0,52280.0,51820.0,52160.0,nan,52027.221864,93030,24200462250.0,119156,52130.0,33,52120.0,85,52140.0,46,52110.0,39,52150.0,61,52100.0,59,52160.0,35,52090.0,78,52170.0,30,52080.0,82
1597988334130947072,1597988334000000000,2020-08-21 13:38:54.000000,52130.0,52280.0,51820.0,52160.0,nan,52027.221864,93030,24200462250.0,119156,52130.0,33,52120.0,85,52140.0,46,52110.0,39,52150.0,60,52100.0,59,52160.0,35,52090.0,78,52170.0,30,52080.0,82
1597988334613519104,1597988334500000000,2020-08-21 13:38:54.500000,52130.0,52280.0,51820.0,52160.0,nan,52027.221864,93030,24200462250.0,119156,52130.0,33,52120.0,85,52140.0,46,52110.0,41,52150.0,60,52100.0,59,52160.0,35,52090.0,78,52170.0,30,52080.0,82
1597988335133236992,1597988335000000000,2020-08-21 13:38:55.000000,52130.0,52280.0,51820.0,52160.0,nan,52027.224073,93032,24200983550.0,119156,52130.0,31,52120.0,85,52140.0,46,52110.0,41,52150.0,60,52100.0,59,52160.0,35,52090.0,78,52170.0,30,52080.0,82
1597988336177719040,1597988336000000000,2020-08-21 13:38:56.000000,52130.0,52280.0,51820.0,52160.0,nan,52027.226175,93034,24201504800.0,119156,52130.0,30,52120.0,84,52140.0,46,52110.0,41,52150.0,60,52100.0,59,52160.0,35,52090.0,78,52170.0,30,52080.0,82
1597988336609392896,1597988336500000000,2020-08-21 13:38:56.500000,52130.0,52280.0,51820.0,52160.0,nan,52027.226175,93034,24201504800.0,119156,52130.0,32,52120.0,84,52140.0,46,52110.0,41,52150.0,60,52100.0,59,52160.0,35,52090.0,78,52170.0,30,52080.0,82
1597988337159928064,1597988337000000000,2020-08-21 13:38:57.000000,52130.0,52280.0,51820.0,52160.0,nan,52027.22728,93035,24201765450.0,119157,52130.0,31,52120.0,84,52140.0,46,52110.0,41,52150.0,60,52100.0,59,52160.0,35,52090.0,78,52170.0,30,52080.0,82
1597988338132640000,1597988338000000000,2020-08-21 13:38:58.000000,52130.0,52280.0,51820.0,52160.0,nan,52027.228385,93036,24202026100.0,119157,52130.0,30,52120.0,83,52140.0,46,52110.0,41,52150.0,60,52100.0,59,52160.0,35,52090.0,78,52170.0,30,52080.0,82
1597988338612961024,1597988338500000000,2020-08-21 13:38:58.500000,52130.0,52280.0,51820.0,52160.0,nan,52027.229489,93037,24202286750.0,119157,52130.0,27,52120.0,84,52140.0,46,52110.0,41,52150.0,60,52100.0,59,52160.0,35,52090.0,78,52170.0,30,52080.0,82
1597988340621851904,1597988340500000000,2020-08-21 13:39:00.500000,52130.0,52280.0,51820.0,52160.0,nan,52027.251577,93057,24207499750.0,119164,52130.0,7,52120.0,85,52140.0,46,52110.0,41,52150.0,60,52100.0,59,52160.0,35,52090.0,78,52170.0,30,52080.0,82
1597988341115444992,1597988341000000000,2020-08-21 13:39:01.000000,52130.0,52280.0,51820.0,52160.0,nan,52027.263721,93068,24210366900.0,119156,52140.0,46,52130.0,6,52150.0,60,52120.0,85,52160.0,35,52110.0,41,52170.0,30,52100.0,59,52180.0,25,52090.0,78
1597988341635229952,1597988341500000000,2020-08-21 13:39:01.500000,52130.0,52280.0,51820.0,52160.0,nan,52027.263721,93068,24210366900.0,119156,52140.0,49,52130.0,21,52150.0,60,52120.0,83,52160.0,36,52110.0,41,52170.0,30,52100.0,59,52180.0,25,52090.0,78
1597988342148739072,1597988342000000000,2020-08-21 13:39:02.000000,52130.0,52280.0,51820.0,52160.0,nan,52027.263721,93068,24210366900.0,119156,52140.0,48,52130.0,28,52150.0,60,52120.0,83,52160.0,36,52110.0,41,52170.0,30,52100.0,59,52180.0,24,52090.0,78
1597988342642780928,1597988342500000000,2020-08-21 13:39:02.500000,52130.0,52280.0,51820.0,52160.0,nan,52027.263721,93068,24210366900.0,119156,52140.0,48,52130.0,30,52150.0,59,52120.0,83,52160.0,36,52110.0,41,52170.0,31,52100.0,58,52180.0,24,52090.0,78
1597988343146519040,1597988343000000000,2020-08-21 13:39:03.000000,52130.0,52280.0,51820.0,52160.0,nan,52027.263721,93068,24210366900.0,119156,52140.0,47,52130.0,30,52150.0,59,52120.0,83,52160.0,36,52110.0,41,52170.0,31,52100.0,58,52180.0,24,52090.0,78
1597988344123096064,1597988344000000000,2020-08-21 13:39:04.000000,52130.0,52280.0,51820.0,52160.0,nan,52027.263721,93068,24210366900.0,119156,52140.0,47,52130.0,31,52150.0,59,52120.0,83,52160.0,36,52110.0,41,52170.0,31,52100.0,58,52180.0,24,52090.0,78
1597988344611205888,1597988344500000000,2020-08-21 13:39:04.500000,52130.0,52280.0,51820.0,52160.0,nan,52027.264825,93069,24210627550.0,119155,52140.0,47,52130.0,30,52150.0,59,52120.0,83,52160.0,36,52110.0,41,52170.0,31,52100.0,58,52180.0,24,52090.0,78
1597988345161541888,1597988345000000000,2020-08-21 13:39:05.000000,52130.0,52280.0,51820.0,52160.0,nan,52027.264825,93069,24210627550.0,119155,52140.0,47,52130.0,22,52150.0,59,52120.0,82,52160.0,36,52110.0,41,52170.0,31,52100.0,58,52180.0,24,52090.0,78
1597988345623482112,1597988345500000000,2020-08-21 13:39:05.500000,52130.0,52280.0,51820.0,52160.0,nan,52027.268244,93072,24211409550.0,119156,52140.0,46,52130.0,20,52150.0,59,52120.0,82,52160.0,36,52110.0,41,52170.0,31,52100.0,58,52180.0,24,52090.0,78
1597988346142555904,1597988346000000000,2020-08-21 13:39:06.000000,52130.0,52280.0,51820.0,52160.0,nan,52027.268244,93072,24211409550.0,119156,52140.0,48,52130.0,20,52150.0,59,52120.0,82,52160.0,36,52110.0,41,52170.0,31,52100.0,58,52180.0,24,52090.0,78
1597988346626892032,1597988346500000000,2020-08-21 13:39:06.500000,52130.0,52280.0,51820.0,52160.0,nan,52027.288108,93090,24216101250.0,119153,52140.0,49,52120.0,83,52150.0,59,52110.0,41,52160.0,36,52100.0,58,52170.0,31,52090.0,78,52180.0,24,52080.0,82
1597988347153102080,1597988347000000000,2020-08-21 13:39:07.000000,52130.0,52280.0,51820.0,52160.0,nan,52027.288108,93090,24216101250.0,119153,52130.0,4,52120.0,84,52140.0,52,52110.0,41,52150.0,59,52100.0,57,52160.0,36,52090.0,79,52170.0,31,52080.0,82
1597988347621373952,1597988347500000000,2020-08-21 13:39:07.500000,52130.0,52280.0,51820.0,52160.0,nan,52027.289212,93091,24216361900.0,119152,52130.0,23,52120.0,80,52140.0,50,52110.0,41,52150.0,59,52100.0,57,52160.0,36,52090.0,79,52170.0,31,52080.0,82
1597988348615705088,1597988348500000000,2020-08-21 13:39:08.500000,52130.0,52280.0,51820.0,52160.0,nan,52027.289212,93091,24216361900.0,119152,52130.0,24,52120.0,80,52140.0,50,52110.0,41,52150.0,59,52100.0,57,52160.0,36,52090.0,79,52170.0,31,52080.0,82
1597988350096770048,1597988350000000000,2020-08-21 13:39:10.000000,52130.0,52280.0,51820.0,52160.0,nan,52027.290315,93092,24216622550.0,119152,52130.0,23,52120.0,84,52140.0,50,52110.0,41,52150.0,59,52100.0,57,52160.0,36,52090.0,79,52170.0,31,52080.0,82
1597988350624555008,1597988350500000000,2020-08-21 13:39:10.500000,52130.0,52280.0,51820.0,52160.0,nan,52027.290315,93092,24216622550.0,119152,52130.0,23,52120.0,84,52140.0,48,52110.0,41,52150.0,59,52100.0,57,52160.0,36,52090.0,79,52170.0,31,52080.0,82
1597988351122174976,1597988351000000000,2020-08-21 13:39:11.000000,52130.0,52280.0,51820.0,52160.0,nan,52027.290315,93092,24216622550.0,119152,52130.0,23,52120.0,90,52140.0,48,52110.0,41,52150.0,59,52100.0,57,52160.0,36,52090.0,79,52170.0,31,52080.0,82
1597988352151380992,1597988352000000000,2020-08-21 13:39:12.000000,52130.0,52280.0,51820.0,52160.0,nan,52027.291418,93093,24216883200.0,119151,52130.0,22,52120.0,90,52140.0,48,52110.0,41,52150.0,59,52100.0,57,52160.0,36,52090.0,79,52170.0,31,52080.0,82
1597988352620444928,1597988352500000000,2020-08-21 13:39:12.500000,52130.0,52280.0,51820.0,52160.0,nan,52027.312376,93112,24221835550.0,119152,52140.0,48,52130.0,3,52150.0,59,52120.0,91,52160.0,36,52110.0,41,52170.0,31,52100.0,57,52180.0,23,52090.0,79
1597988353131119104,1597988353000000000,2020-08-21 13:39:13.000000,52130.0,52280.0,51820.0,52160.0,nan,52027.314582,93114,24222356850.0,119150,52140.0,52,52130.0,13,52150.0,61,52120.0,89,52160.0,36,52110.0,41,52170.0,31,52100.0,57,52180.0,23,52090.0,79
1597988353610970880,1597988353500000000,2020-08-21 13:39:13.500000,52130.0,52280.0,51820.0,52160.0,nan,52027.314582,93114,24222356850.0,119150,52140.0,49,52130.0,14,52150.0,59,52120.0,89,52160.0,36,52110.0,41,52170.0,31,52100.0,57,52180.0,23,52090.0,79
1597988354135067904,1597988354000000000,2020-08-21 13:39:14.000000,52130.0,52280.0,51820.0,52160.0,nan,52027.314582,93114,24222356850.0,119150,52140.0,48,52130.0,16,52150.0,59,52120.0,91,52160.0,36,52110.0,41,52170.0,31,52100.0,57,52180.0,23,52090.0,79
1597988354620792064,1597988354500000000,2020-08-21 13:39:14.500000,52130.0,52280.0,51820.0,52160.0,nan,52027.314582,93114,24222356850.0,119150,52140.0,47,52130.0,16,52150.0,59,52120.0,91,52160.0,36,52110.0,41,52170.0,31,52100.0,57,52180.0,23,52090.0,79
1597988356119213056,1597988356000000000,2020-08-21 13:39:16.000000,52130.0,52280.0,51820.0,52160.0,nan,52027.332224,93130,24226527250.0,119165,52130.0,13,52120.0,91,52140.0,48,52110.0,41,52150.0,59,52100.0,57,52160.0,36,52090.0,79,52170.0,31,52080.0,82
1597988356603429120,1597988356500000000,2020-08-21 13:39:16.500000,52130.0,52280.0,51820.0,52160.0,nan,52027.332224,93130,24226527250.0,119165,52130.0,13,52120.0,97,52140.0,48,52110.0,41,52150.0,59,52100.0,57,52160.0,36,52090.0,79,52170.0,31,52080.0,82
1597988357131653888,1597988357000000000,2020-08-21 13:39:17.000000,52130.0,52280.0,51820.0,52160.0,nan,52027.333326,93131,24226787900.0,119165,52130.0,12,52120.0,91,52140.0,48,52110.0,41,52150.0,59,52100.0,57,52160.0,36,52090.0,79,52170.0,31,52080.0,82
1597988357598411008,1597988357500000000,2020-08-21 13:39:17.500000,52130.0,52280.0,51820.0,52160.0,nan,52027.333326,93131,24226787900.0,119165,52130.0,13,52120.0,90,52140.0,48,52110.0,41,52150.0,59,52100.0,57,52160.0,36,52090.0,79,52170.0,31,52080.0,82
1597988358612667904,1597988358500000000,2020-08-21 13:39:18.500000,52130.0,52280.0,51820.0,52160.0,nan,52027.333326,93131,24226787900.0,119165,52130.0,14,52120.0,90,52140.0,48,52110.0,41,52150.0,59,52100.0,57,52160.0,36,52090.0,79,52170.0,31,52080.0,82
1597988359613232896,1597988359500000000,2020-08-21 13:39:19.500000,52130.0,52280.0,51820.0,52160.0,nan,52027.333326,93131,24226787900.0,119165,52130.0,17,52120.0,90,52140.0,48,52110.0,41,52150.0,59,52100.0,57,52160.0,36,52090.0,79,52170.0,31,52080.0,82
1597988360139266048,1597988360000000000,2020-08-21 13:39:20.000000,52130.0,52280.0,51820.0,52160.0,nan,52027.333326,93131,24226787900.0,119165,52130.0,17,52120.0,91,52140.0,48,52110.0,41,52150.0,59,52100.0,57,52160.0,36,52090.0,79,52170.0,31,52080.0,82
1597988361122685952,1597988361000000000,2020-08-21 13:39:21.000000,52130.0,52280.0,51820.0,52160.0,nan,52027.333326,93131,24226787900.0,119165,52130.0,22,52120.0,91,52140.0,48,52110.0,41,52150.0,59,52100.0,57,52160.0,36,52090.0,79,52170.0,30,52080.0,82
1597988362616428032,1597988362500000000,2020-08-21 13:39:22.500000,52130.0,52280.0,51820.0,52160.0,nan,52027.333326,93131,24226787900.0,119165,52130.0,22,52120.0,92,52140.0,48,52110.0,41,52150.0,59,52100.0,57,52160.0,36,52090.0,79,52170.0,30,52080.0,82
1597988366140133120,1597988366000000000,2020-08-21 13:39:26.000000,52130.0,52280.0,51820.0,52160.0,nan,52027.333326,93131,24226787900.0,119165,52130.0,22,52120.0,92,52140.0,47,52110.0,41,52150.0,59,52100.0,57,52160.0,36,52090.0,79,52170.0,30,52080.0,82
1597988366629327872,1597988366500000000,2020-08-21 13:39:26.500000,52130.0,52280.0,51820.0,52160.0,nan,52027.334429,93132,24227048550.0,119166,52130.0,21,52120.0,92,52140.0,47,52110.0,41,52150.0,59,52100.0,57,52160.0,36,52090.0,79,52170.0,30,52080.0,82
1597988369132791040,1597988369000000000,2020-08-21 13:39:29.000000,52130.0,52280.0,51820.0,52160.0,nan,52027.334429,93132,24227048550.0,119166,52130.0,22,52120.0,92,52140.0,47,52110.0,41,52150.0,59,52100.0,57,52160.0,36,52090.0,79,52170.0,30,52080.0,82
1597988372149010944,1597988372000000000,2020-08-21 13:39:32.000000,52130.0,52280.0,51820.0,52160.0,nan,52027.334429,93132,24227048550.0,119166,52130.0,32,52120.0,92,52140.0,47,52110.0,41,52150.0,59,52100.0,57,52160.0,36,52090.0,79,52170.0,30,52080.0,82
1597988373155716096,1597988373000000000,2020-08-21 13:39:33.000000,52130.0,52280.0,51820.0,52160.0,nan,52027.335531,93133,24227309200.0,119167,52130.0,31,52120.0,92,52140.0,47,52110.0,41,52150.0,59,52100.0,57,52160.0,36,52090.0,79,52170.0,30,52080.0,82
1597988374647360000,1597988374500000000,2020-08-21 13:39:34.500000,52130.0,52280.0,51820.0,52160.0,nan,52027.335531,93133,24227309200.0,119167,52130.0,36,52120.0,92,52140.0,47,52110.0,39,52150.0,59,52100.0,57,52160.0,36,52090.0,79,52170.0,30,52080.0,82
1597988375123267072,1597988375000000000,2020-08-21 13:39:35.000000,52130.0,52280.0,51820.0,52160.0,nan,52027.335531,93133,24227309200.0,119167,52130.0,36,52120.0,93,52140.0,47,52110.0,39,52150.0,60,52100.0,59,52160.0,36,52090.0,79,52170.0,30,52080.0,82
1597988375615224064,1597988375500000000,2020-08-21 13:39:35.500000,52120.0,52280.0,51820.0,52160.0,nan,52027.428964,93227,24251805600.0,119162,52130.0,36,52110.0,39,52140.0,47,52100.0,60,52150.0,60,52090.0,79,52160.0,36,52080.0,82,52170.0,30,52070.0,6
1597988376122934016,1597988376000000000,2020-08-21 13:39:36.000000,52120.0,52280.0,51820.0,52160.0,nan,52027.428964,93227,24251805600.0,119162,52120.0,10,52110.0,34,52130.0,44,52100.0,56,52140.0,51,52090.0,83,52150.0,60,52080.0,83,52160.0,36,52070.0,7
1597988376627611904,1597988376500000000,2020-08-21 13:39:36.500000,52120.0,52280.0,51820.0,52160.0,nan,52027.428964,93227,24251805600.0,119162,52120.0,26,52110.0,32,52130.0,42,52100.0,56,52140.0,53,52090.0,83,52150.0,61,52080.0,83,52160.0,36,52070.0,7
1597988377100649984,1597988377000000000,2020-08-21 13:39:37.000000,52120.0,52280.0,51820.0,52160.0,nan,52027.428964,93227,24251805600.0,119162,52120.0,34,52110.0,32,52130.0,42,52100.0,56,52140.0,53,52090.0,83,52150.0,60,52080.0,83,52160.0,36,52070.0,7
1597988377633168896,1597988377500000000,2020-08-21 13:39:37.500000,52120.0,52280.0,51820.0,52160.0,nan,52027.428964,93227,24251805600.0,119162,52120.0,34,52110.0,32,52130.0,43,52100.0,56,52140.0,53,52090.0,83,52150.0,60,52080.0,85,52160.0,36,52070.0,7
1597988379108848896,1597988379000000000,2020-08-21 13:39:39.000000,52120.0,52280.0,51820.0,52160.0,nan,52027.428964,93227,24251805600.0,119162,52120.0,34,52110.0,32,52130.0,41,52100.0,56,52140.0,51,52090.0,83,52150.0,60,52080.0,85,52160.0,36,52070.0,7
1597988379612297984,1597988379500000000,2020-08-21 13:39:39.500000,52120.0,52280.0,51820.0,52160.0,nan,52027.428964,93227,24251805600.0,119162,52120.0,34,52110.0,34,52130.0,41,52100.0,56,52140.0,50,52090.0,83,52150.0,60,52080.0,85,52160.0,36,52070.0,7
1597988380111414016,1597988380000000000,2020-08-21 13:39:40.000000,52120.0,52280.0,51820.0,52160.0,nan,52027.428964,93227,24251805600.0,119162,52120.0,35,52110.0,32,52130.0,41,52100.0,56,52140.0,50,52090.0,83,52150.0,60,52080.0,85,52160.0,36,52070.0,7
1597988381155514112,1597988381000000000,2020-08-21 13:39:41.000000,52120.0,52280.0,51820.0,52160.0,nan,52027.428964,93227,24251805600.0,119162,52120.0,30,52110.0,33,52130.0,41,52100.0,56,52140.0,50,52090.0,83,52150.0,60,52080.0,85,52160.0,36,52070.0,7
1597988381611853056,1597988381500000000,2020-08-21 13:39:41.500000,52120.0,52280.0,51820.0,52160.0,nan,52027.428964,93227,24251805600.0,119162,52120.0,26,52110.0,34,52130.0,41,52100.0,56,52140.0,50,52090.0,83,52150.0,60,52080.0,85,52160.0,36,52070.0,7
1597988383095676928,1597988383000000000,2020-08-21 13:39:43.000000,52120.0,52280.0,51820.0,52160.0,nan,52027.428964,93227,24251805600.0,119162,52120.0,26,52110.0,32,52130.0,41,52100.0,56,52140.0,50,52090.0,83,52150.0,60,52080.0,85,52160.0,36,52070.0,7
1597988384608754944,1597988384500000000,2020-08-21 13:39:44.500000,52120.0,52280.0,51820.0,52160.0,nan,52027.428964,93227,24251805600.0,119162,52120.0,26,52110.0,32,52130.0,41,52100.0,56,52140.0,49,52090.0,83,52150.0,60,52080.0,85,52160.0,36,52070.0,7
1597988385131674880,1597988385000000000,2020-08-21 13:39:45.000000,52120.0,52280.0,51820.0,52160.0,nan,52027.428964,93227,24251805600.0,119162,52120.0,26,52110.0,34,52130.0,44,52100.0,56,52140.0,46,52090.0,83,52150.0,60,52080.0,85,52160.0,36,52070.0,7
1597988386606510080,1597988386500000000,2020-08-21 13:39:46.500000,52120.0,52280.0,51820.0,52160.0,nan,52027.428964,93227,24251805600.0,119162,52120.0,26,52110.0,34,52130.0,44,52100.0,56,52140.0,46,52090.0,83,52150.0,60,52080.0,85,52160.0,34,52070.0,7
1597988387145309952,1597988387000000000,2020-08-21 13:39:47.000000,52120.0,52280.0,51820.0,52160.0,nan,52027.428964,93227,24251805600.0,119162,52120.0,26,52110.0,35,52130.0,42,52100.0,56,52140.0,46,52090.0,83,52150.0,60,52080.0,85,52160.0,34,52070.0,7
1597988387621796096,1597988387500000000,2020-08-21 13:39:47.500000,52110.0,52280.0,51820.0,52160.0,nan,52027.429849,93228,24252066150.0,119161,52120.0,26,52110.0,34,52130.0,42,52100.0,56,52140.0,46,52090.0,83,52150.0,60,52080.0,85,52160.0,34,52070.0,7
1597988392108795904,1597988392000000000,2020-08-21 13:39:52.000000,52110.0,52280.0,51820.0,52160.0,nan,52027.429849,93228,24252066150.0,119161,52120.0,26,52110.0,34,52130.0,42,52100.0,57,52140.0,46,52090.0,83,52150.0,60,52080.0,85,52160.0,34,52070.0,7
1597988392604032000,1597988392500000000,2020-08-21 13:39:52.500000,52110.0,52280.0,51820.0,52160.0,nan,52027.429849,93228,24252066150.0,119161,52120.0,26,52110.0,35,52130.0,42,52100.0,57,52140.0,46,52090.0,83,52150.0,60,52080.0,85,52160.0,34,52070.0,7
1597988393604476928,1597988393500000000,2020-08-21 13:39:53.500000,52120.0,52280.0,51820.0,52160.0,nan,52027.433821,93232,24253108550.0,119160,52120.0,22,52110.0,35,52130.0,42,52100.0,57,52140.0,46,52090.0,83,52150.0,65,52080.0,85,52160.0,34,52070.0,7
1597988394106483968,1597988394000000000,2020-08-21 13:39:54.000000,52120.0,52280.0,51820.0,52160.0,nan,52027.433821,93232,24253108550.0,119160,52120.0,27,52110.0,35,52130.0,42,52100.0,57,52140.0,46,52090.0,83,52150.0,65,52080.0,85,52160.0,34,52070.0,7
1597988394613043968,1597988394500000000,2020-08-21 13:39:54.500000,52120.0,52280.0,51820.0,52160.0,nan,52027.433821,93232,24253108550.0,119160,52120.0,27,52110.0,35,52130.0,42,52100.0,57,52140.0,46,52090.0,83,52150.0,64,52080.0,85,52160.0,34,52070.0,7
1597988396638723072,1597988396500000000,2020-08-21 13:39:56.500000,52120.0,52280.0,51820.0,52160.0,nan,52027.433821,93232,24253108550.0,119160,52120.0,28,52110.0,35,52130.0,42,52100.0,57,52140.0,46,52090.0,83,52150.0,64,52080.0,85,52160.0,34,52070.0,7
1597988397167196928,1597988397000000000,2020-08-21 13:39:57.000000,52120.0,52280.0,51820.0,52160.0,nan,52027.433821,93232,24253108550.0,119160,52120.0,28,52110.0,35,52130.0,42,52100.0,56,52140.0,46,52090.0,83,52150.0,64,52080.0,85,52160.0,34,52070.0,7
1597988397646598912,1597988397500000000,2020-08-21 13:39:57.500000,52110.0,52280.0,51820.0,52160.0,nan,52027.434707,93233,24253369100.0,119160,52120.0,28,52110.0,34,52130.0,42,52100.0,56,52140.0,45,52090.0,83,52150.0,64,52080.0,85,52160.0,34,52070.0,7
1597988398616240896,1597988398500000000,2020-08-21 13:39:58.500000,52110.0,52280.0,51820.0,52160.0,nan,52027.435592,93234,24253629650.0,119160,52120.0,28,52110.0,33,52130.0,42,52100.0,56,52140.0,45,52090.0,83,52150.0,64,52080.0,85,52160.0,34,52070.0,7
1597988399144953088,1597988399000000000,2020-08-21 13:39:59.000000,52110.0,52280.0,51820.0,52160.0,nan,52027.435592,93234,24253629650.0,119160,52120.0,29,52110.0,33,52130.0,42,52100.0,56,52140.0,45,52090.0,83,52150.0,64,52080.0,85,52160.0,34,52070.0,7
1597988399611529984,1597988399500000000,2020-08-21 13:39:59.500000,52110.0,52280.0,51820.0,52160.0,nan,52027.436478,93235,24253890200.0,119160,52120.0,29,52110.0,32,52130.0,42,52100.0,56,52140.0,45,52090.0,83,52150.0,64,52080.0,85,52160.0,34,52070.0,7
1597988400140043008,1597988400000000000,2020-08-21 13:40:00.000000,52120.0,52280.0,51820.0,52160.0,nan,52027.437471,93236,24254150800.0,119161,52120.0,21,52110.0,32,52130.0,42,52100.0,56,52140.0,45,52090.0,83,52150.0,64,52080.0,85,52160.0,34,52070.0,7
1597988400600561920,1597988400500000000,2020-08-21 13:40:00.500000,52120.0,52280.0,51820.0,52160.0,nan,52027.437471,93236,24254150800.0,119161,52120.0,26,52110.0,32,52130.0,42,52100.0,56,52140.0,45,52090.0,83,52150.0,64,52080.0,85,52160.0,34,52070.0,7
1597988403139183104,1597988403000000000,2020-08-21 13:40:03.000000,52110.0,52280.0,51820.0,52160.0,nan,52027.438356,93237,24254411350.0,119161,52120.0,26,52110.0,27,52130.0,43,52100.0,56,52140.0,45,52090.0,83,52150.0,64,52080.0,85,52160.0,34,52070.0,9
1597988403625829120,1597988403500000000,2020-08-21 13:40:03.500000,52110.0,52280.0,51820.0,52160.0,nan,52027.438356,93237,24254411350.0,119161,52120.0,26,52110.0,17,52130.0,43,52100.0,56,52140.0,45,52090.0,83,52150.0,64,52080.0,85,52160.0,34,52070.0,9
1597988404133762048,1597988404000000000,2020-08-21 13:40:04.000000,52110.0,52280.0,51820.0,52160.0,nan,52027.438356,93237,24254411350.0,119161,52120.0,26,52110.0,16,52130.0,43,52100.0,56,52140.0,45,52090.0,84,52150.0,64,52080.0,85,52160.0,34,52070.0,9
1597988404614810880,1597988404500000000,2020-08-21 13:40:04.500000,52110.0,52280.0,51820.0,52160.0,nan,52027.439242,93238,24254671900.0,119162,52120.0,26,52110.0,15,52130.0,43,52100.0,56,52140.0,45,52090.0,84,52150.0,64,52080.0,85,52160.0,34,52070.0,9
1597988407125961984,1597988407000000000,2020-08-21 13:40:07.000000,52110.0,52280.0,51820.0,52160.0,nan,52027.439242,93238,24254671900.0,119162,52120.0,26,52110.0,16,52130.0,43,52100.0,56,52140.0,45,52090.0,84,52150.0,64,52080.0,85,52160.0,34,52070.0,9
1597988407628293888,1597988407500000000,2020-08-21 13:40:07.500000,52110.0,52280.0,51820.0,52160.0,nan,52027.439242,93238,24254671900.0,119162,52120.0,26,52110.0,19,52130.0,43,52100.0,56,52140.0,45,52090.0,84,52150.0,64,52080.0,85,52160.0,34,52070.0,9
1597988408175928064,1597988408000000000,2020-08-21 13:40:08.000000,52110.0,52280.0,51820.0,52160.0,nan,52027.439242,93238,24254671900.0,119162,52120.0,26,52110.0,18,52130.0,43,52100.0,56,52140.0,45,52090.0,84,52150.0,64,52080.0,85,52160.0,34,52070.0,9
1597988408627661056,1597988408500000000,2020-08-21 13:40:08.500000,52110.0,52280.0,51820.0,52160.0,nan,52027.439242,93238,24254671900.0,119162,52120.0,26,52110.0,23,52130.0,43,52100.0,56,52140.0,44,52090.0,84,52150.0,64,52080.0,85,52160.0,34,52070.0,9
1597988409136603904,1597988409000000000,2020-08-21 13:40:09.000000,52110.0,52280.0,51820.0,52160.0,nan,52027.439242,93238,24254671900.0,119162,52120.0,27,52110.0,23,52130.0,43,52100.0,56,52140.0,44,52090.0,84,52150.0,64,52080.0,85,52160.0,34,52070.0,9
1597988409618306048,1597988409500000000,2020-08-21 13:40:09.500000,52110.0,52280.0,51820.0,52160.0,nan,52027.445439,93245,24256495750.0,119158,52120.0,27,52110.0,16,52130.0,43,52100.0,56,52140.0,44,52090.0,84,52150.0,64,52080.0,85,52160.0,34,52070.0,9
1597988410624602880,1597988410500000000,2020-08-21 13:40:10.500000,52110.0,52280.0,51820.0,52160.0,nan,52027.445439,93245,24256495750.0,119158,52120.0,27,52110.0,17,52130.0,43,52100.0,56,52140.0,44,52090.0,84,52150.0,64,52080.0,85,52160.0,34,52070.0,9
1597988412132133120,1597988412000000000,2020-08-21 13:40:12.000000,52120.0,52280.0,51820.0,52160.0,nan,52027.446432,93246,24256756350.0,119159,52120.0,26,52110.0,17,52130.0,43,52100.0,56,52140.0,44,52090.0,84,52150.0,64,52080.0,85,52160.0,34,52070.0,9
1597988412625792000,1597988412500000000,2020-08-21 13:40:12.500000,52120.0,52280.0,51820.0,52160.0,nan,52027.446432,93246,24256756350.0,119159,52120.0,26,52110.0,24,52130.0,43,52100.0,56,52140.0,44,52090.0,84,52150.0,64,52080.0,85,52160.0,34,52070.0,9
1597988413111163904,1597988413000000000,2020-08-21 13:40:13.000000,52120.0,52280.0,51820.0,52160.0,nan,52027.446432,93246,24256756350.0,119159,52120.0,26,52110.0,17,52130.0,43,52100.0,56,52140.0,44,52090.0,84,52150.0,64,52080.0,85,52160.0,34,52070.0,9
1597988413630224896,1597988413500000000,2020-08-21 13:40:13.500000,52120.0,52280.0,51820.0,52160.0,nan,52027.446432,93246,24256756350.0,119159,52120.0,46,52110.0,24,52130.0,43,52100.0,56,52140.0,44,52090.0,84,52150.0,64,52080.0,85,52160.0,34,52070.0,9
1597988414144844032,1597988414000000000,2020-08-21 13:40:14.000000,52120.0,52280.0,51820.0,52160.0,nan,52027.446432,93246,24256756350.0,119159,52120.0,46,52110.0,17,52130.0,43,52100.0,56,52140.0,44,52090.0,84,52150.0,64,52080.0,85,52160.0,34,52070.0,9
1597988414614127104,1597988414500000000,2020-08-21 13:40:14.500000,52120.0,52280.0,51820.0,52160.0,nan,52027.446432,93246,24256756350.0,119159,52120.0,46,52110.0,17,52130.0,45,52100.0,56,52140.0,44,52090.0,84,52150.0,64,52080.0,85,52160.0,34,52070.0,9
1597988415656221952,1597988415500000000,2020-08-21 13:40:15.500000,52110.0,52280.0,51820.0,52160.0,nan,52027.455284,93256,24259361850.0,119163,52120.0,46,52110.0,7,52130.0,45,52100.0,56,52140.0,44,52090.0,84,52150.0,64,52080.0,85,52160.0,34,52070.0,9
1597988416126467072,1597988416000000000,2020-08-21 13:40:16.000000,52110.0,52280.0,51820.0,52160.0,nan,52027.45617,93257,24259622400.0,119163,52120.0,47,52110.0,12,52130.0,45,52100.0,56,52140.0,44,52090.0,84,52150.0,64,52080.0,85,52160.0,34,52070.0,9
1597988416603532032,1597988416500000000,2020-08-21 13:40:16.500000,52110.0,52280.0,51820.0,52160.0,nan,52027.46325,93265,24261706800.0,119164,52120.0,46,52110.0,1,52130.0,45,52100.0,56,52140.0,44,52090.0,84,52150.0,64,52080.0,85,52160.0,34,52070.0,9
1597988417179998976,1597988417000000000,2020-08-21 13:40:17.000000,52110.0,52280.0,51820.0,52160.0,nan,52027.464135,93266,24261967350.0,119165,52110.0,7,52100.0,55,52120.0,48,52090.0,84,52130.0,45,52080.0,86,52140.0,44,52070.0,9,52150.0,64,52060.0,133
1597988417614611968,1597988417500000000,2020-08-21 13:40:17.500000,52110.0,52280.0,51820.0,52160.0,nan,52027.469444,93272,24263530650.0,119162,52110.0,32,52100.0,56,52120.0,47,52090.0,86,52130.0,47,52080.0,87,52140.0,44,52070.0,11,52150.0,64,52060.0,133
1597988418142587904,1597988418000000000,2020-08-21 13:40:18.000000,52110.0,52280.0,51820.0,52160.0,nan,52027.469444,93272,24263530650.0,119162,52110.0,39,52100.0,37,52120.0,47,52090.0,84,52130.0,47,52080.0,89,52140.0,43,52070.0,13,52150.0,65,52060.0,133
1597988418604965888,1597988418500000000,2020-08-21 13:40:18.500000,52100.0,52280.0,51820.0,52160.0,nan,52027.470999,93274,24264051650.0,119160,52110.0,39,52100.0,34,52120.0,50,52090.0,84,52130.0,47,52080.0,89,52140.0,43,52070.0,13,52150.0,65,52060.0,133
1597988419114126080,1597988419000000000,2020-08-21 13:40:19.000000,52100.0,52280.0,51820.0,52160.0,nan,52027.471777,93275,24264312150.0,119159,52110.0,39,52100.0,33,52120.0,50,52090.0,84,52130.0,47,52080.0,89,52140.0,43,52070.0,13,52150.0,65,52060.0,133
1597988421610569984,1597988421500000000,2020-08-21 13:40:21.500000,52110.0,52280.0,51820.0,52160.0,nan,52027.472662,93276,24264572700.0,119159,52110.0,38,52100.0,33,52120.0,50,52090.0,84,52130.0,47,52080.0,89,52140.0,43,52070.0,13,52150.0,65,52060.0,133
1597988422098865920,1597988422000000000,2020-08-21 13:40:22.000000,52110.0,52280.0,51820.0,52160.0,nan,52027.472662,93276,24264572700.0,119159,52110.0,37,52100.0,33,52120.0,50,52090.0,84,52130.0,47,52080.0,89,52140.0,43,52070.0,13,52150.0,65,52060.0,133
1597988422625529088,1597988422500000000,2020-08-21 13:40:22.500000,52100.0,52280.0,51820.0,52160.0,nan,52027.474994,93279,24265354200.0,119156,52110.0,40,52100.0,39,52120.0,50,52090.0,84,52130.0,44,52080.0,89,52140.0,43,52070.0,13,52150.0,66,52060.0,133
1597988423136849920,1597988423000000000,2020-08-21 13:40:23.000000,52100.0,52280.0,51820.0,52160.0,nan,52027.474994,93279,24265354200.0,119156,52110.0,40,52100.0,39,52120.0,50,52090.0,84,52130.0,49,52080.0,89,52140.0,43,52070.0,13,52150.0,66,52060.0,133
1597988423607494912,1597988423500000000,2020-08-21 13:40:23.500000,52100.0,52280.0,51820.0,52160.0,nan,52027.475772,93280,24265614700.0,119156,52110.0,34,52100.0,41,52120.0,50,52090.0,84,52130.0,49,52080.0,89,52140.0,43,52070.0,13,52150.0,66,52060.0,133
1597988425112546048,1597988425000000000,2020-08-21 13:40:25.000000,52100.0,52280.0,51820.0,52160.0,nan,52027.475772,93280,24265614700.0,119156,52110.0,18,52100.0,41,52120.0,50,52090.0,84,52130.0,49,52080.0,89,52140.0,43,52070.0,13,52150.0,66,52060.0,133
1597988425609228032,1597988425500000000,2020-08-21 13:40:25.500000,52100.0,52280.0,51820.0,52160.0,nan,52027.475772,93280,24265614700.0,119156,52110.0,21,52100.0,42,52120.0,50,52090.0,85,52130.0,49,52080.0,89,52140.0,43,52070.0,13,52150.0,66,52060.0,133
1597988426172015104,1597988426000000000,2020-08-21 13:40:26.000000,52100.0,52280.0,51820.0,52160.0,nan,52027.475772,93280,24265614700.0,119156,52110.0,21,52100.0,52,52120.0,50,52090.0,85,52130.0,49,52080.0,39,52140.0,43,52070.0,63,52150.0,66,52060.0,133
1597988426618625024,1597988426500000000,2020-08-21 13:40:26.500000,52100.0,52280.0,51820.0,52160.0,nan,52027.475772,93280,24265614700.0,119156,52110.0,21,52100.0,52,52120.0,50,52090.0,85,52130.0,49,52080.0,39,52140.0,43,52070.0,64,52150.0,66,52060.0,133
1597988427116613888,1597988427000000000,2020-08-21 13:40:27.000000,52100.0,52280.0,51820.0,52160.0,nan,52027.475772,93280,24265614700.0,119156,52110.0,21,52100.0,51,52120.0,50,52090.0,85,52130.0,49,52080.0,39,52140.0,43,52070.0,64,52150.0,66,52060.0,133
1597988429125017088,1597988429000000000,2020-08-21 13:40:29.000000,52110.0,52280.0,51820.0,52160.0,nan,52027.477541,93282,24266135800.0,119157,52110.0,19,52100.0,51,52120.0,50,52090.0,85,52130.0,49,52080.0,39,52140.0,44,52070.0,64,52150.0,66,52060.0,133
1597988430127046912,1597988430000000000,2020-08-21 13:40:30.000000,52110.0,52280.0,51820.0,52160.0,nan,52027.477541,93282,24266135800.0,119157,52110.0,19,52100.0,52,52120.0,50,52090.0,85,52130.0,49,52080.0,39,52140.0,44,52070.0,64,52150.0,66,52060.0,133
1597988431104527104,1597988431000000000,2020-08-21 13:40:31.000000,52110.0,52280.0,51820.0,52160.0,nan,52027.477541,93282,24266135800.0,119157,52110.0,22,52100.0,52,52120.0,50,52090.0,85,52130.0,49,52080.0,39,52140.0,44,52070.0,64,52150.0,66,52060.0,133
1597988431618170880,1597988431500000000,2020-08-21 13:40:31.500000,52110.0,52280.0,51820.0,52160.0,nan,52027.477541,93282,24266135800.0,119157,52110.0,19,52100.0,52,52120.0,63,52090.0,85,52130.0,49,52080.0,39,52140.0,54,52070.0,64,52150.0,66,52060.0,133
1597988432121379072,1597988432000000000,2020-08-21 13:40:32.000000,52100.0,52280.0,51820.0,52160.0,nan,52027.478319,93283,24266396300.0,119157,52110.0,19,52100.0,51,52120.0,63,52090.0,85,52130.0,49,52080.0,39,52140.0,54,52070.0,64,52150.0,66,52060.0,133
1597988432606790912,1597988432500000000,2020-08-21 13:40:32.500000,52100.0,52280.0,51820.0,52160.0,nan,52027.478319,93283,24266396300.0,119157,52110.0,19,52100.0,51,52120.0,63,52090.0,85,52130.0,49,52080.0,39,52140.0,54,52070.0,64,52150.0,62,52060.0,133
1597988434605468928,1597988434500000000,2020-08-21 13:40:34.500000,52100.0,52280.0,51820.0,52160.0,nan,52027.478319,93283,24266396300.0,119157,52110.0,19,52100.0,51,52120.0,63,52090.0,85,52130.0,50,52080.0,39,52140.0,54,52070.0,64,52150.0,62,52060.0,133
1597988437613104128,1597988437500000000,2020-08-21 13:40:37.500000,52100.0,52280.0,51820.0,52160.0,nan,52027.478319,93283,24266396300.0,119157,52110.0,22,52100.0,51,52120.0,60,52090.0,85,52130.0,50,52080.0,39,52140.0,54,52070.0,64,52150.0,62,52060.0,133
1597988438145320960,1597988438000000000,2020-08-21 13:40:38.000000,52100.0,52280.0,51820.0,52160.0,nan,52027.478319,93283,24266396300.0,119157,52110.0,22,52100.0,52,52120.0,60,52090.0,85,52130.0,50,52080.0,39,52140.0,54,52070.0,64,52150.0,62,52060.0,133
1597988439618802944,1597988439500000000,2020-08-21 13:40:39.500000,52100.0,52280.0,51820.0,52160.0,nan,52027.478319,93283,24266396300.0,119157,52110.0,22,52100.0,53,52120.0,60,52090.0,85,52130.0,50,52080.0,39,52140.0,54,52070.0,64,52150.0,62,52060.0,133
1597988443106956032,1597988443000000000,2020-08-21 13:40:43.000000,52100.0,52280.0,51820.0,52160.0,nan,52027.478319,93283,24266396300.0,119157,52110.0,22,52100.0,54,52120.0,60,52090.0,85,52130.0,50,52080.0,39,52140.0,54,52070.0,64,52150.0,62,52060.0,133
1597988444113911040,1597988444000000000,2020-08-21 13:40:44.000000,52100.0,52280.0,51820.0,52160.0,nan,52027.480651,93286,24267177800.0,119157,52110.0,22,52100.0,51,52120.0,60,52090.0,85,52130.0,50,52080.0,39,52140.0,54,52070.0,64,52150.0,62,52060.0,133
1597988445129370112,1597988445000000000,2020-08-21 13:40:45.000000,52100.0,52280.0,51820.0,52160.0,nan,52027.480651,93286,24267177800.0,119157,52110.0,32,52100.0,51,52120.0,60,52090.0,85,52130.0,50,52080.0,39,52140.0,54,52070.0,64,52150.0,62,52060.0,133
1597988445613282048,1597988445500000000,2020-08-21 13:40:45.500000,52100.0,52280.0,51820.0,52160.0,nan,52027.480651,93286,24267177800.0,119157,52110.0,32,52100.0,51,52120.0,59,52090.0,85,52130.0,50,52080.0,39,52140.0,54,52070.0,64,52150.0,62,52060.0,133
1597988446131767040,1597988446000000000,2020-08-21 13:40:46.000000,52100.0,52280.0,51820.0,52160.0,nan,52027.480651,93286,24267177800.0,119157,52110.0,33,52100.0,51,52120.0,59,52090.0,85,52130.0,50,52080.0,39,52140.0,54,52070.0,64,52150.0,62,52060.0,133
1597988447106935040,1597988447000000000,2020-08-21 13:40:47.000000,52100.0,52280.0,51820.0,52160.0,nan,52027.481428,93287,24267438300.0,119157,52110.0,33,52100.0,50,52120.0,59,52090.0,85,52130.0,50,52080.0,39,52140.0,54,52070.0,64,52150.0,62,52060.0,133
1597988447602955008,1597988447500000000,2020-08-21 13:40:47.500000,52100.0,52280.0,51820.0,52160.0,nan,52027.481428,93287,24267438300.0,119157,52110.0,33,52100.0,48,52120.0,59,52090.0,85,52130.0,50,52080.0,39,52140.0,54,52070.0,64,52150.0,62,52060.0,133
1597988448116250112,1597988448000000000,2020-08-21 13:40:48.000000,52100.0,52280.0,51820.0,52160.0,nan,52027.482206,93288,24267698800.0,119157,52110.0,33,52100.0,47,52120.0,59,52090.0,85,52130.0,50,52080.0,39,52140.0,54,52070.0,64,52150.0,62,52060.0,133
1597988448617847040,1597988448500000000,2020-08-21 13:40:48.500000,52100.0,52280.0,51820.0,52160.0,nan,52027.482206,93288,24267698800.0,119157,52110.0,34,52100.0,47,52120.0,59,52090.0,85,52130.0,50,52080.0,39,52140.0,54,52070.0,64,52150.0,62,52060.0,133
1597988449611732992,1597988449500000000,2020-08-21 13:40:49.500000,52100.0,52280.0,51820.0,52160.0,nan,52027.482983,93289,24267959300.0,119157,52110.0,34,52100.0,46,52120.0,59,52090.0,85,52130.0,47,52080.0,39,52140.0,54,52070.0,64,52150.0,62,52060.0,133
1597988452616308992,1597988452500000000,2020-08-21 13:40:52.500000,52100.0,52280.0,51820.0,52160.0,nan,52027.488424,93296,24269782800.0,119150,52110.0,34,52100.0,40,52120.0,59,52090.0,85,52130.0,47,52080.0,39,52140.0,54,52070.0,64,52150.0,62,52060.0,133
1597988453142448896,1597988453000000000,2020-08-21 13:40:53.000000,52100.0,52280.0,51820.0,52160.0,nan,52027.488424,93296,24269782800.0,119150,52110.0,36,52100.0,41,52120.0,59,52090.0,85,52130.0,47,52080.0,39,52140.0,54,52070.0,64,52150.0,62,52060.0,133
1597988453617071104,1597988453500000000,2020-08-21 13:40:53.500000,52100.0,52280.0,51820.0,52160.0,nan,52027.488424,93296,24269782800.0,119150,52110.0,37,52100.0,41,52120.0,59,52090.0,85,52130.0,47,52080.0,39,52140.0,54,52070.0,64,52150.0,62,52060.0,133
1597988454120578048,1597988454000000000,2020-08-21 13:40:54.000000,52100.0,52280.0,51820.0,52160.0,nan,52027.488424,93296,24269782800.0,119150,52110.0,37,52100.0,41,52120.0,59,52090.0,85,52130.0,47,52080.0,43,52140.0,54,52070.0,64,52150.0,62,52060.0,133
1597988454616915968,1597988454500000000,2020-08-21 13:40:54.500000,52100.0,52280.0,51820.0,52160.0,nan,52027.488424,93296,24269782800.0,119150,52110.0,36,52100.0,41,52120.0,59,52090.0,85,52130.0,47,52080.0,43,52140.0,54,52070.0,64,52150.0,62,52060.0,133
1597988455120868096,1597988455000000000,2020-08-21 13:40:55.000000,52100.0,52280.0,51820.0,52160.0,nan,52027.488424,93296,24269782800.0,119150,52110.0,36,52100.0,41,52120.0,59,52090.0,85,52130.0,47,52080.0,43,52140.0,55,52070.0,64,52150.0,61,52060.0,133
1597988456152229888,1597988456000000000,2020-08-21 13:40:56.000000,52100.0,52280.0,51820.0,52160.0,nan,52027.488424,93296,24269782800.0,119150,52110.0,36,52100.0,41,52120.0,59,52090.0,85,52130.0,47,52080.0,43,52140.0,55,52070.0,64,52150.0,62,52060.0,133
1597988461605632000,1597988461500000000,2020-08-21 13:41:01.500000,52100.0,52280.0,51820.0,52160.0,nan,52027.489201,93297,24270043300.0,119150,52110.0,36,52100.0,40,52120.0,59,52090.0,85,52130.0,47,52080.0,43,52140.0,55,52070.0,64,52150.0,62,52060.0,133
1597988462606790912,1597988462500000000,2020-08-21 13:41:02.500000,52100.0,52280.0,51820.0,52160.0,nan,52027.489201,93297,24270043300.0,119150,52110.0,40,52100.0,40,52120.0,59,52090.0,83,52130.0,47,52080.0,43,52140.0,55,52070.0,64,52150.0,62,52060.0,133
1597988463122944000,1597988463000000000,2020-08-21 13:41:03.000000,52100.0,52280.0,51820.0,52160.0,nan,52027.489201,93297,24270043300.0,119150,52110.0,37,52100.0,40,52120.0,59,52090.0,85,52130.0,47,52080.0,43,52140.0,55,52070.0,64,52150.0,62,52060.0,133
1597988465143028992,1597988465000000000,2020-08-21 13:41:05.000000,52100.0,52280.0,51820.0,52160.0,nan,52027.495418,93305,24272127300.0,119142,52110.0,37,52100.0,32,52120.0,59,52090.0,85,52130.0,47,52080.0,43,52140.0,55,52070.0,64,52150.0,62,52060.0,133
1597988465605876992,1597988465500000000,2020-08-21 13:41:05.500000,52100.0,52280.0,51820.0,52160.0,nan,52027.495418,93305,24272127300.0,119142,52110.0,37,52100.0,32,52120.0,60,52090.0,85,52130.0,47,52080.0,43,52140.0,55,52070.0,64,52150.0,62,52060.0,133
1597988466614246912,1597988466500000000,2020-08-21 13:41:06.500000,52100.0,52280.0,51820.0,52160.0,nan,52027.495418,93305,24272127300.0,119142,52110.0,37,52100.0,32,52120.0,60,52090.0,83,52130.0,47,52080.0,43,52140.0,55,52070.0,64,52150.0,62,52060.0,133
1597988467128002048,1597988467000000000,2020-08-21 13:41:07.000000,52100.0,52280.0,51820.0,52160.0,nan,52027.495418,93305,24272127300.0,119142,52110.0,37,52100.0,32,52120.0,60,52090.0,83,52130.0,47,52080.0,43,52140.0,55,52070.0,66,52150.0,62,52060.0,133
1597988467611536896,1597988467500000000,2020-08-21 13:41:07.500000,52100.0,52280.0,51820.0,52160.0,nan,52027.495418,93305,24272127300.0,119142,52110.0,37,52100.0,32,52120.0,59,52090.0,83,52130.0,47,52080.0,43,52140.0,55,52070.0,66,52150.0,62,52060.0,133
1597988468145923072,1597988468000000000,2020-08-21 13:41:08.000000,52100.0,52280.0,51820.0,52160.0,nan,52027.495418,93305,24272127300.0,119142,52110.0,38,52100.0,32,52120.0,59,52090.0,83,52130.0,47,52080.0,43,52140.0,55,52070.0,66,52150.0,62,52060.0,133
1597988468604972032,1597988468500000000,2020-08-21 13:41:08.500000,52100.0,52280.0,51820.0,52160.0,nan,52027.495418,93305,24272127300.0,119142,52110.0,38,52100.0,33,52120.0,59,52090.0,83,52130.0,47,52080.0,43,52140.0,55,52070.0,66,52150.0,62,52060.0,133
1597988471143511040,1597988471000000000,2020-08-21 13:41:11.000000,52100.0,52280.0,51820.0,52160.0,nan,52027.495418,93305,24272127300.0,119142,52110.0,38,52100.0,33,52120.0,59,52090.0,83,52130.0,47,52080.0,43,52140.0,55,52070.0,66,52150.0,53,52060.0,133
1597988471616329984,1597988471500000000,2020-08-21 13:41:11.500000,52100.0,52280.0,51820.0,52160.0,nan,52027.495418,93305,24272127300.0,119142,52110.0,38,52100.0,33,52120.0,59,52090.0,83,52130.0,37,52080.0,43,52140.0,55,52070.0,66,52150.0,53,52060.0,133
1597988472117000960,1597988472000000000,2020-08-21 13:41:12.000000,52100.0,52280.0,51820.0,52160.0,nan,52027.495418,93305,24272127300.0,119142,52110.0,38,52100.0,33,52120.0,58,52090.0,83,52130.0,37,52080.0,43,52140.0,55,52070.0,70,52150.0,53,52060.0,133
1597988472599459072,1597988472500000000,2020-08-21 13:41:12.500000,52100.0,52280.0,51820.0,52160.0,nan,52027.495418,93305,24272127300.0,119142,52110.0,39,52100.0,33,52120.0,58,52090.0,83,52130.0,37,52080.0,43,52140.0,55,52070.0,70,52150.0,53,52060.0,133
1597988474144039936,1597988474000000000,2020-08-21 13:41:14.000000,52100.0,52280.0,51820.0,52160.0,nan,52027.499303,93310,24273429800.0,119139,52110.0,39,52100.0,28,52120.0,58,52090.0,83,52130.0,37,52080.0,43,52140.0,55,52070.0,70,52150.0,53,52060.0,133
1597988475129961984,1597988475000000000,2020-08-21 13:41:15.000000,52100.0,52280.0,51820.0,52160.0,nan,52027.499303,93310,24273429800.0,119139,52110.0,39,52100.0,28,52120.0,58,52090.0,83,52130.0,38,52080.0,43,52140.0,55,52070.0,70,52150.0,53,52060.0,133
1597988475631784960,1597988475500000000,2020-08-21 13:41:15.500000,52100.0,52280.0,51820.0,52160.0,nan,52027.521053,93338,24280723800.0,119136,52110.0,42,52090.0,83,52120.0,58,52080.0,43,52130.0,38,52070.0,70,52140.0,55,52060.0,133,52150.0,53,52050.0,30
1597988476128800000,1597988476000000000,2020-08-21 13:41:16.000000,52100.0,52280.0,51820.0,52160.0,nan,52027.521053,93338,24280723800.0,119136,52100.0,16,52090.0,82,52110.0,46,52080.0,43,52120.0,60,52070.0,71,52130.0,38,52060.0,134,52140.0,55,52050.0,29
1597988476633650944,1597988476500000000,2020-08-21 13:41:16.500000,52100.0,52280.0,51820.0,52160.0,nan,52027.521053,93338,24280723800.0,119136,52100.0,46,52090.0,82,52110.0,41,52080.0,42,52120.0,58,52070.0,71,52130.0,38,52060.0,137,52140.0,55,52050.0,29
1597988477130772992,1597988477000000000,2020-08-21 13:41:17.000000,52100.0,52280.0,51820.0,52160.0,nan,52027.521053,93338,24280723800.0,119136,52100.0,47,52090.0,64,52110.0,41,52080.0,42,52120.0,58,52070.0,71,52130.0,37,52060.0,139,52140.0,55,52050.0,29
1597988477622159872,1597988477500000000,2020-08-21 13:41:17.500000,52100.0,52280.0,51820.0,52160.0,nan,52027.521053,93338,24280723800.0,119136,52100.0,47,52090.0,59,52110.0,42,52080.0,40,52120.0,59,52070.0,73,52130.0,37,52060.0,139,52140.0,54,52050.0,29
1597988478150074112,1597988478000000000,2020-08-21 13:41:18.000000,52100.0,52280.0,51820.0,52160.0,nan,52027.521053,93338,24280723800.0,119136,52100.0,47,52090.0,60,52110.0,42,52080.0,40,52120.0,59,52070.0,73,52130.0,37,52060.0,139,52140.0,54,52050.0,29
1597988478659042048,1597988478500000000,2020-08-21 13:41:18.500000,52100.0,52280.0,51820.0,52160.0,nan,52027.521053,93338,24280723800.0,119136,52100.0,47,52090.0,60,52110.0,52,52080.0,40,52120.0,59,52070.0,73,52130.0,37,52060.0,139,52140.0,54,52050.0,29
1597988479114755072,1597988479000000000,2020-08-21 13:41:19.000000,52100.0,52280.0,51820.0,52160.0,nan,52027.521053,93338,24280723800.0,119136,52100.0,47,52090.0,60,52110.0,52,52080.0,38,52120.0,59,52070.0,73,52130.0,37,52060.0,139,52140.0,54,52050.0,29
1597988479620905984,1597988479500000000,2020-08-21 13:41:19.500000,52100.0,52280.0,51820.0,52160.0,nan,52027.535803,93357,24285673300.0,119136,52100.0,28,52090.0,60,52110.0,52,52080.0,38,52120.0,59,52070.0,73,52130.0,37,52060.0,139,52140.0,54,52050.0,29
1597988480129061120,1597988480000000000,2020-08-21 13:41:20.000000,52100.0,52280.0,51820.0,52160.0,nan,52027.535803,93357,24285673300.0,119136,52100.0,26,52090.0,62,52110.0,52,52080.0,38,52120.0,59,52070.0,73,52130.0,37,52060.0,139,52140.0,55,52050.0,29
1597988480622533888,1597988480500000000,2020-08-21 13:41:20.500000,52100.0,52280.0,51820.0,52160.0,nan,52027.535803,93357,24285673300.0,119136,52100.0,27,52090.0,62,52110.0,52,52080.0,38,52120.0,59,52070.0,73,52130.0,37,52060.0,139,52140.0,55,52050.0,29
1597988483159757056,1597988483000000000,2020-08-21 13:41:23.000000,52100.0,52280.0,51820.0,52160.0,nan,52027.556755,93384,24292706800.0,119143,52110.0,52,52090.0,64,52120.0,59,52080.0,38,52130.0,37,52070.0,73,52140.0,55,52060.0,139,52150.0,54,52050.0,29
1597988483601239040,1597988483500000000,2020-08-21 13:41:23.500000,52100.0,52280.0,51820.0,52160.0,nan,52027.556755,93384,24292706800.0,119143,52110.0,51,52100.0,5,52120.0,58,52090.0,66,52130.0,37,52080.0,40,52140.0,56,52070.0,73,52150.0,54,52060.0,139
1597988484126854912,1597988484000000000,2020-08-21 13:41:24.000000,52100.0,52280.0,51820.0,52160.0,nan,52027.556755,93384,24292706800.0,119143,52110.0,51,52100.0,5,52120.0,58,52090.0,67,52130.0,37,52080.0,41,52140.0,56,52070.0,73,52150.0,54,52060.0,139
1597988485131673088,1597988485000000000,2020-08-21 13:41:25.000000,52100.0,52280.0,51820.0,52160.0,nan,52027.556755,93384,24292706800.0,119143,52110.0,51,52100.0,6,52120.0,58,52090.0,67,52130.0,37,52080.0,41,52140.0,56,52070.0,73,52150.0,54,52060.0,139
1597988485635100928,1597988485500000000,2020-08-21 13:41:25.500000,52100.0,52280.0,51820.0,52160.0,nan,52027.556755,93384,24292706800.0,119143,52110.0,53,52100.0,6,52120.0,58,52090.0,67,52130.0,37,52080.0,41,52140.0,56,52070.0,73,52150.0,54,52060.0,139
1597988486636526080,1597988486500000000,2020-08-21 13:41:26.500000,52110.0,52280.0,51820.0,52160.0,nan,52027.557638,93385,24292967350.0,119143,52110.0,52,52100.0,6,52120.0,58,52090.0,67,52130.0,37,52080.0,41,52140.0,56,52070.0,73,52150.0,54,52060.0,139
1597988487111831040,1597988487000000000,2020-08-21 13:41:27.000000,52110.0,52280.0,51820.0,52160.0,nan,52027.557638,93385,24292967350.0,119143,52110.0,52,52100.0,7,52120.0,58,52090.0,67,52130.0,37,52080.0,41,52140.0,56,52070.0,73,52150.0,54,52060.0,139
1597988487619792896,1597988487500000000,2020-08-21 13:41:27.500000,52100.0,52280.0,51820.0,52160.0,nan,52027.563068,93392,24294790850.0,119140,52100.0,2,52090.0,67,52110.0,52,52080.0,41,52120.0,58,52070.0,73,52130.0,37,52060.0,139,52140.0,56,52050.0,49
1597988488117181952,1597988488000000000,2020-08-21 13:41:28.000000,52100.0,52280.0,51820.0,52160.0,nan,52027.564619,93394,24295311850.0,119138,52110.0,50,52100.0,3,52120.0,58,52090.0,69,52130.0,37,52080.0,41,52140.0,56,52070.0,73,52150.0,54,52060.0,139
1597988488632209920,1597988488500000000,2020-08-21 13:41:28.500000,52100.0,52280.0,51820.0,52160.0,nan,52027.564619,93394,24295311850.0,119138,52110.0,52,52100.0,6,52120.0,58,52090.0,67,52130.0,37,52080.0,41,52140.0,56,52070.0,73,52150.0,54,52060.0,139
1597988490146418944,1597988490000000000,2020-08-21 13:41:30.000000,52100.0,52280.0,51820.0,52160.0,nan,52027.565394,93395,24295572350.0,119138,52110.0,52,52100.0,5,52120.0,58,52090.0,67,52130.0,37,52080.0,41,52140.0,56,52070.0,73,52150.0,54,52060.0,139
1597988492150147072,1597988492000000000,2020-08-21 13:41:32.000000,52100.0,52280.0,51820.0,52160.0,nan,52027.565394,93395,24295572350.0,119138,52110.0,52,52100.0,5,52120.0,58,52090.0,78,52130.0,37,52080.0,41,52140.0,56,52070.0,73,52150.0,54,52060.0,139
1597988492625257984,1597988492500000000,2020-08-21 13:41:32.500000,52100.0,52280.0,51820.0,52160.0,nan,52027.56617,93396,24295832850.0,119139,52110.0,52,52100.0,4,52120.0,58,52090.0,78,52130.0,37,52080.0,41,52140.0,56,52070.0,73,52150.0,54,52060.0,139
1597988493147420928,1597988493000000000,2020-08-21 13:41:33.000000,52100.0,52280.0,51820.0,52160.0,nan,52027.56617,93396,24295832850.0,119139,52110.0,52,52100.0,4,52120.0,58,52090.0,76,52130.0,37,52080.0,41,52140.0,56,52070.0,73,52150.0,54,52060.0,139
1597988493610330880,1597988493500000000,2020-08-21 13:41:33.500000,52100.0,52280.0,51820.0,52160.0,nan,52027.56617,93396,24295832850.0,119139,52110.0,52,52100.0,5,52120.0,58,52090.0,76,52130.0,37,52080.0,41,52140.0,56,52070.0,73,52150.0,54,52060.0,139
1597988495132323072,1597988495000000000,2020-08-21 13:41:35.000000,52100.0,52280.0,51820.0,52160.0,nan,52027.566945,93397,24296093350.0,119139,52110.0,52,52100.0,4,52120.0,58,52090.0,76,52130.0,40,52080.0,42,52140.0,56,52070.0,73,52150.0,54,52060.0,139
1597988496595425024,1597988496500000000,2020-08-21 13:41:36.500000,52100.0,52280.0,51820.0,52160.0,nan,52027.566945,93397,24296093350.0,119139,52110.0,52,52100.0,4,52120.0,59,52090.0,76,52130.0,40,52080.0,42,52140.0,56,52070.0,73,52150.0,54,52060.0,139
1597988498140430080,1597988498000000000,2020-08-21 13:41:38.000000,52100.0,52280.0,51820.0,52160.0,nan,52027.566945,93397,24296093350.0,119139,52110.0,52,52100.0,5,52120.0,59,52090.0,76,52130.0,40,52080.0,42,52140.0,56,52070.0,73,52150.0,54,52060.0,139
1597988498608945920,1597988498500000000,2020-08-21 13:41:38.500000,52110.0,52280.0,51820.0,52160.0,nan,52027.567828,93398,24296353900.0,119140,52110.0,51,52100.0,6,52120.0,59,52090.0,76,52130.0,40,52080.0,42,52140.0,56,52070.0,73,52150.0,54,52060.0,139
1597988500131141120,1597988500000000000,2020-08-21 13:41:40.000000,52110.0,52280.0,51820.0,52160.0,nan,52027.567828,93398,24296353900.0,119140,52110.0,51,52100.0,13,52120.0,59,52090.0,76,52130.0,40,52080.0,42,52140.0,56,52070.0,73,52150.0,54,52060.0,139
1597988500598379008,1597988500500000000,2020-08-21 13:41:40.500000,52110.0,52280.0,51820.0,52160.0,nan,52027.567828,93398,24296353900.0,119140,52110.0,50,52100.0,18,52120.0,59,52090.0,76,52130.0,40,52080.0,42,52140.0,56,52070.0,73,52150.0,54,52060.0,139
1597988501614799872,1597988501500000000,2020-08-21 13:41:41.500000,52110.0,52280.0,51820.0,52160.0,nan,52027.567828,93398,24296353900.0,119140,52110.0,50,52100.0,18,52120.0,59,52090.0,76,52130.0,40,52080.0,42,52140.0,56,52070.0,73,52150.0,53,52060.0,139
1597988502148764928,1597988502000000000,2020-08-21 13:41:42.000000,52110.0,52280.0,51820.0,52160.0,nan,52027.567828,93398,24296353900.0,119140,52110.0,50,52100.0,19,52120.0,59,52090.0,76,52130.0,40,52080.0,42,52140.0,56,52070.0,73,52150.0,53,52060.0,139
1597988503108165120,1597988503000000000,2020-08-21 13:41:43.000000,52110.0,52280.0,51820.0,52160.0,nan,52027.567828,93398,24296353900.0,119140,52110.0,49,52100.0,19,52120.0,59,52090.0,82,52130.0,40,52080.0,42,52140.0,56,52070.0,73,52150.0,53,52060.0,139
1597988504115134976,1597988504000000000,2020-08-21 13:41:44.000000,52110.0,52280.0,51820.0,52160.0,nan,52027.567828,93398,24296353900.0,119140,52110.0,49,52100.0,19,52120.0,58,52090.0,82,52130.0,40,52080.0,42,52140.0,56,52070.0,73,52150.0,53,52060.0,139
1597988505612069888,1597988505500000000,2020-08-21 13:41:45.500000,52110.0,52280.0,51820.0,52160.0,nan,52027.567828,93398,24296353900.0,119140,52110.0,49,52100.0,21,52120.0,58,52090.0,82,52130.0,40,52080.0,42,52140.0,56,52070.0,73,52150.0,53,52060.0,139
1597988506121213952,1597988506000000000,2020-08-21 13:41:46.000000,52110.0,52280.0,51820.0,52160.0,nan,52027.569593,93400,24296875000.0,119140,52110.0,47,52100.0,21,52120.0,58,52090.0,82,52130.0,40,52080.0,42,52140.0,56,52070.0,73,52150.0,53,52060.0,139
1597988508141042944,1597988508000000000,2020-08-21 13:41:48.000000,52100.0,52280.0,51820.0,52160.0,nan,52027.570369,93401,24297135500.0,119140,52110.0,47,52100.0,20,52120.0,58,52090.0,82,52130.0,40,52080.0,42,52140.0,56,52070.0,73,52150.0,53,52060.0,139
1597988508618648064,1597988508500000000,2020-08-21 13:41:48.500000,52100.0,52280.0,51820.0,52160.0,nan,52027.570369,93401,24297135500.0,119140,52110.0,47,52100.0,20,52120.0,58,52090.0,82,52130.0,40,52080.0,42,52140.0,56,52070.0,71,52150.0,53,52060.0,139
1597988509602480128,1597988509500000000,2020-08-21 13:41:49.500000,52100.0,52280.0,51820.0,52160.0,nan,52027.570369,93401,24297135500.0,119140,52110.0,48,52100.0,20,52120.0,58,52090.0,82,52130.0,40,52080.0,42,52140.0,56,52070.0,71,52150.0,53,52060.0,139
1597988511619568128,1597988511500000000,2020-08-21 13:41:51.500000,52100.0,52280.0,51820.0,52160.0,nan,52027.571144,93402,24297396000.0,119141,52110.0,48,52100.0,19,52120.0,58,52090.0,82,52130.0,40,52080.0,42,52140.0,56,52070.0,71,52150.0,53,52060.0,139
1597988512124657920,1597988512000000000,2020-08-21 13:41:52.000000,52100.0,52280.0,51820.0,52160.0,nan,52027.571144,93402,24297396000.0,119141,52110.0,49,52100.0,19,52120.0,58,52090.0,82,52130.0,40,52080.0,42,52140.0,56,52070.0,71,52150.0,53,52060.0,139
1597988512649829120,1597988512500000000,2020-08-21 13:41:52.500000,52100.0,52280.0,51820.0,52160.0,nan,52027.571144,93402,24297396000.0,119141,52110.0,48,52100.0,20,52120.0,58,52090.0,82,52130.0,40,52080.0,42,52140.0,56,52070.0,71,52150.0,53,52060.0,139
1597988513619740928,1597988513500000000,2020-08-21 13:41:53.500000,52100.0,52280.0,51820.0,52160.0,nan,52027.571144,93402,24297396000.0,119141,52110.0,48,52100.0,13,52120.0,58,52090.0,82,52130.0,40,52080.0,42,52140.0,56,52070.0,71,52150.0,53,52060.0,139
1597988514141477120,1597988514000000000,2020-08-21 13:41:54.000000,52100.0,52280.0,51820.0,52160.0,nan,52027.571144,93402,24297396000.0,119141,52110.0,49,52100.0,24,52120.0,58,52090.0,71,52130.0,40,52080.0,42,52140.0,56,52070.0,71,52150.0,53,52060.0,139
1597988514615066880,1597988514500000000,2020-08-21 13:41:54.500000,52100.0,52280.0,51820.0,52160.0,nan,52027.571144,93402,24297396000.0,119141,52110.0,48,52100.0,24,52120.0,58,52090.0,71,52130.0,40,52080.0,42,52140.0,56,52070.0,71,52150.0,53,52060.0,139
1597988516116468992,1597988516000000000,2020-08-21 13:41:56.000000,52100.0,52280.0,51820.0,52160.0,nan,52027.571144,93402,24297396000.0,119141,52110.0,48,52100.0,24,52120.0,58,52090.0,71,52130.0,39,52080.0,42,52140.0,56,52070.0,71,52150.0,53,52060.0,139
1597988517609018880,1597988517500000000,2020-08-21 13:41:57.500000,52100.0,52280.0,51820.0,52160.0,nan,52027.571144,93402,24297396000.0,119141,52110.0,48,52100.0,25,52120.0,58,52090.0,71,52130.0,39,52080.0,42,52140.0,56,52070.0,71,52150.0,53,52060.0,139
1597988519621974016,1597988519500000000,2020-08-21 13:41:59.500000,52100.0,52280.0,51820.0,52160.0,nan,52027.571144,93402,24297396000.0,119141,52110.0,48,52100.0,25,52120.0,59,52090.0,71,52130.0,39,52080.0,42,52140.0,56,52070.0,71,52150.0,53,52060.0,139
1597988520125832960,1597988520000000000,2020-08-21 13:42:00.000000,52100.0,52280.0,51820.0,52160.0,nan,52027.572695,93404,24297917000.0,119141,52110.0,48,52100.0,23,52120.0,59,52090.0,71,52130.0,39,52080.0,42,52140.0,56,52070.0,71,52150.0,53,52060.0,139
1597988521114803968,1597988521000000000,2020-08-21 13:42:01.000000,52100.0,52280.0,51820.0,52160.0,nan,52027.572695,93404,24297917000.0,119141,52110.0,48,52100.0,23,52120.0,60,52090.0,71,52130.0,39,52080.0,42,52140.0,56,52070.0,71,52150.0,53,52060.0,139
1597988522178746880,1597988522000000000,2020-08-21 13:42:02.000000,52100.0,52280.0,51820.0,52160.0,nan,52027.572695,93404,24297917000.0,119141,52110.0,47,52100.0,23,52120.0,60,52090.0,71,52130.0,39,52080.0,42,52140.0,56,52070.0,71,52150.0,53,52060.0,139
1597988522631133952,1597988522500000000,2020-08-21 13:42:02.500000,52100.0,52280.0,51820.0,52160.0,nan,52027.572695,93404,24297917000.0,119141,52110.0,46,52100.0,23,52120.0,60,52090.0,71,52130.0,39,52080.0,42,52140.0,56,52070.0,71,52150.0,53,52060.0,139
1597988523144428032,1597988523000000000,2020-08-21 13:42:03.000000,52100.0,52280.0,51820.0,52160.0,nan,52027.572695,93404,24297917000.0,119141,52110.0,47,52100.0,23,52120.0,60,52090.0,71,52130.0,39,52080.0,42,52140.0,56,52070.0,71,52150.0,53,52060.0,139
1597988525111819008,1597988525000000000,2020-08-21 13:42:05.000000,52100.0,52280.0,51820.0,52160.0,nan,52027.572695,93404,24297917000.0,119141,52110.0,47,52100.0,23,52120.0,61,52090.0,71,52130.0,39,52080.0,42,52140.0,56,52070.0,71,52150.0,53,52060.0,139
1597988525616523008,1597988525500000000,2020-08-21 13:42:05.500000,52100.0,52280.0,51820.0,52160.0,nan,52027.572695,93404,24297917000.0,119141,52110.0,46,52100.0,23,52120.0,61,52090.0,71,52130.0,39,52080.0,42,52140.0,56,52070.0,71,52150.0,53,52060.0,139
1597988530622688000,1597988530500000000,2020-08-21 13:42:10.500000,52100.0,52280.0,51820.0,52160.0,nan,52027.575021,93407,24298698500.0,119140,52110.0,46,52100.0,20,52120.0,61,52090.0,71,52130.0,39,52080.0,42,52140.0,56,52070.0,71,52150.0,53,52060.0,139
1597988531630340096,1597988531500000000,2020-08-21 13:42:11.500000,52100.0,52280.0,51820.0,52160.0,nan,52027.575021,93407,24298698500.0,119140,52110.0,47,52100.0,22,52120.0,61,52090.0,71,52130.0,39,52080.0,42,52140.0,56,52070.0,71,52150.0,53,52060.0,139
1597988532155987968,1597988532000000000,2020-08-21 13:42:12.000000,52100.0,52280.0,51820.0,52160.0,nan,52027.575021,93407,24298698500.0,119140,52110.0,46,52100.0,22,52120.0,61,52090.0,71,52130.0,39,52080.0,42,52140.0,56,52070.0,71,52150.0,53,52060.0,139
1597988533108091904,1597988533000000000,2020-08-21 13:42:13.000000,52100.0,52280.0,51820.0,52160.0,nan,52027.575021,93407,24298698500.0,119140,52110.0,46,52100.0,23,52120.0,61,52090.0,71,52130.0,39,52080.0,42,52140.0,56,52070.0,71,52150.0,53,52060.0,139
1597988534609505024,1597988534500000000,2020-08-21 13:42:14.500000,52100.0,52280.0,51820.0,52160.0,nan,52027.575021,93407,24298698500.0,119140,52110.0,47,52100.0,23,52120.0,61,52090.0,71,52130.0,39,52080.0,42,52140.0,55,52070.0,71,52150.0,53,52060.0,139
1597988537599606016,1597988537500000000,2020-08-21 13:42:17.500000,52100.0,52280.0,51820.0,52160.0,nan,52027.59285,93430,24304690000.0,119133,52110.0,47,52090.0,71,52120.0,61,52080.0,42,52130.0,39,52070.0,71,52140.0,55,52060.0,139,52150.0,53,52050.0,49
1597988538148327936,1597988538000000000,2020-08-21 13:42:18.000000,52100.0,52280.0,51820.0,52160.0,nan,52027.59285,93430,24304690000.0,119133,52100.0,1,52090.0,70,52110.0,51,52080.0,42,52120.0,61,52070.0,71,52130.0,39,52060.0,139,52140.0,55,52050.0,49
1597988538601687040,1597988538500000000,2020-08-21 13:42:18.500000,52100.0,52280.0,51820.0,52160.0,nan,52027.59285,93430,24304690000.0,119133,52100.0,10,52090.0,70,52110.0,51,52080.0,42,52120.0,61,52070.0,71,52130.0,39,52060.0,139,52140.0,55,52050.0,49
1597988539121926912,1597988539000000000,2020-08-21 13:42:19.000000,52100.0,52280.0,51820.0,52160.0,nan,52027.59285,93430,24304690000.0,119133,52100.0,14,52090.0,70,52110.0,51,52080.0,42,52120.0,61,52070.0,71,52130.0,39,52060.0,139,52140.0,55,52050.0,49
1597988539635275008,1597988539500000000,2020-08-21 13:42:19.500000,52100.0,52280.0,51820.0,52160.0,nan,52027.593625,93431,24304950500.0,119133,52100.0,13,52090.0,70,52110.0,51,52080.0,42,52120.0,61,52070.0,71,52130.0,39,52060.0,139,52140.0,55,52050.0,49
1597988540613510912,1597988540500000000,2020-08-21 13:42:20.500000,52100.0,52280.0,51820.0,52160.0,nan,52027.595175,93433,24305471500.0,119133,52100.0,12,52090.0,70,52110.0,51,52080.0,42,52120.0,61,52070.0,71,52130.0,39,52060.0,139,52140.0,55,52050.0,49
1597988541150557952,1597988541000000000,2020-08-21 13:42:21.000000,52100.0,52280.0,51820.0,52160.0,nan,52027.59595,93434,24305732000.0,119133,52100.0,11,52090.0,70,52110.0,49,52080.0,42,52120.0,61,52070.0,71,52130.0,39,52060.0,139,52140.0,55,52050.0,49
1597988542116947968,1597988542000000000,2020-08-21 13:42:22.000000,52100.0,52280.0,51820.0,52160.0,nan,52027.598275,93437,24306513500.0,119134,52100.0,8,52090.0,70,52110.0,49,52080.0,42,52120.0,61,52070.0,71,52130.0,39,52060.0,139,52140.0,55,52050.0,49
1597988543141131008,1597988543000000000,2020-08-21 13:42:23.000000,52100.0,52280.0,51820.0,52160.0,nan,52027.602149,93442,24307816000.0,119132,52100.0,3,52090.0,70,52110.0,50,52080.0,42,52120.0,61,52070.0,71,52130.0,39,52060.0,139,52140.0,55,52050.0,49
1597988543608870912,1597988543500000000,2020-08-21 13:42:23.500000,52100.0,52280.0,51820.0,52160.0,nan,52027.604473,93445,24308597500.0,119133,52110.0,50,52090.0,70,52120.0,61,52080.0,42,52130.0,39,52070.0,71,52140.0,55,52060.0,139,52150.0,53,52050.0,49
1597988544121094912,1597988544000000000,2020-08-21 13:42:24.000000,52100.0,52280.0,51820.0,52160.0,nan,52027.604473,93445,24308597500.0,119133,52110.0,52,52100.0,1,52120.0,61,52090.0,70,52130.0,39,52080.0,41,52140.0,55,52070.0,71,52150.0,53,52060.0,139
1597988544619993088,1597988544500000000,2020-08-21 13:42:24.500000,52100.0,52280.0,51820.0,52160.0,nan,52027.605248,93446,24308858000.0,119132,52100.0,1,52090.0,70,52110.0,50,52080.0,41,52120.0,61,52070.0,71,52130.0,39,52060.0,139,52140.0,55,52050.0,49
1597988545157948928,1597988545000000000,2020-08-21 13:42:25.000000,52100.0,52280.0,51820.0,52160.0,nan,52027.606797,93448,24309379000.0,119133,52110.0,48,52090.0,70,52120.0,61,52080.0,41,52130.0,39,52070.0,71,52140.0,55,52060.0,139,52150.0,53,52050.0,49
1597988545611155968,1597988545500000000,2020-08-21 13:42:25.500000,52100.0,52280.0,51820.0,52160.0,nan,52027.606797,93448,24309379000.0,119133,52110.0,50,52090.0,70,52120.0,61,52080.0,41,52130.0,39,52070.0,71,52140.0,55,52060.0,139,52150.0,53,52050.0,49
1597988546142150912,1597988546000000000,2020-08-21 13:42:26.000000,52100.0,52280.0,51820.0,52160.0,nan,52027.606797,93448,24309379000.0,119133,52110.0,50,52100.0,1,52120.0,61,52090.0,70,52130.0,39,52080.0,41,52140.0,55,52070.0,71,52150.0,53,52060.0,139
1597988546601574912,1597988546500000000,2020-08-21 13:42:26.500000,52100.0,52280.0,51820.0,52160.0,nan,52027.607572,93449,24309639500.0,119134,52100.0,1,52090.0,70,52110.0,51,52080.0,41,52120.0,61,52070.0,71,52130.0,39,52060.0,139,52140.0,55,52050.0,49
1597988547155841024,1597988547000000000,2020-08-21 13:42:27.000000,52100.0,52280.0,51820.0,52160.0,nan,52027.608347,93450,24309900000.0,119134,52110.0,49,52090.0,70,52120.0,61,52080.0,41,52130.0,39,52070.0,71,52140.0,55,52060.0,139,52150.0,53,52050.0,49
1597988547606140928,1597988547500000000,2020-08-21 13:42:27.500000,52100.0,52280.0,51820.0,52160.0,nan,52027.608347,93450,24309900000.0,119134,52110.0,51,52090.0,70,52120.0,61,52080.0,41,52130.0,39,52070.0,71,52140.0,55,52060.0,139,52150.0,53,52050.0,49
1597988548117701120,1597988548000000000,2020-08-21 13:42:28.000000,52100.0,52280.0,51820.0,52160.0,nan,52027.608347,93450,24309900000.0,119134,52110.0,54,52090.0,77,52120.0,61,52080.0,41,52130.0,39,52070.0,71,52140.0,55,52060.0,139,52150.0,53,52050.0,49
1597988548625596928,1597988548500000000,2020-08-21 13:42:28.500000,52090.0,52280.0,51820.0,52160.0,nan,52027.609014,93451,24310160450.0,119135,52110.0,54,52090.0,76,52120.0,61,52080.0,41,52130.0,39,52070.0,71,52140.0,55,52060.0,139,52150.0,53,52050.0,49
1597988551125157120,1597988551000000000,2020-08-21 13:42:31.000000,52090.0,52280.0,51820.0,52160.0,nan,52027.609014,93451,24310160450.0,119135,52100.0,20,52090.0,76,52110.0,54,52080.0,41,52120.0,61,52070.0,71,52130.0,39,52060.0,139,52140.0,55,52050.0,49
1597988551623915008,1597988551500000000,2020-08-21 13:42:31.500000,52090.0,52280.0,51820.0,52160.0,nan,52027.609014,93451,24310160450.0,119135,52100.0,21,52090.0,76,52110.0,55,52080.0,41,52120.0,61,52070.0,71,52130.0,39,52060.0,139,52140.0,55,52050.0,49
1597988554128499968,1597988554000000000,2020-08-21 13:42:34.000000,52090.0,52280.0,51820.0,52160.0,nan,52027.609014,93451,24310160450.0,119135,52100.0,22,52090.0,76,52110.0,55,52080.0,41,52120.0,61,52070.0,71,52130.0,39,52060.0,139,52140.0,55,52050.0,49
1597988554622333952,1597988554500000000,2020-08-21 13:42:34.500000,52090.0,52280.0,51820.0,52160.0,nan,52027.609014,93451,24310160450.0,119135,52100.0,24,52090.0,76,52110.0,55,52080.0,41,52120.0,61,52070.0,71,52130.0,39,52060.0,139,52140.0,55,52050.0,49
1597988558640640000,1597988558500000000,2020-08-21 13:42:38.500000,52090.0,52280.0,51820.0,52160.0,nan,52027.609014,93451,24310160450.0,119135,52100.0,36,52090.0,71,52110.0,55,52080.0,39,52120.0,61,52070.0,71,52130.0,39,52060.0,139,52140.0,55,52050.0,49
1597988559127506944,1597988559000000000,2020-08-21 13:42:39.000000,52090.0,52280.0,51820.0,52160.0,nan,52027.609014,93451,24310160450.0,119135,52100.0,36,52090.0,72,52110.0,57,52080.0,39,52120.0,61,52070.0,71,52130.0,39,52060.0,139,52140.0,55,52050.0,49
1597988560144638976,1597988560000000000,2020-08-21 13:42:40.000000,52090.0,52280.0,51820.0,52160.0,nan,52027.609014,93451,24310160450.0,119135,52100.0,36,52090.0,73,52110.0,57,52080.0,39,52120.0,61,52070.0,71,52130.0,39,52060.0,139,52140.0,55,52050.0,49
1597988560608483072,1597988560500000000,2020-08-21 13:42:40.500000,52090.0,52280.0,51820.0,52160.0,nan,52027.609014,93451,24310160450.0,119135,52100.0,36,52090.0,73,52110.0,56,52080.0,39,52120.0,60,52070.0,71,52130.0,39,52060.0,139,52140.0,55,52050.0,49
1597988561150572032,1597988561000000000,2020-08-21 13:42:41.000000,52090.0,52280.0,51820.0,52160.0,nan,52027.609014,93451,24310160450.0,119135,52100.0,36,52090.0,81,52110.0,56,52080.0,39,52120.0,60,52070.0,71,52130.0,39,52060.0,139,52140.0,55,52050.0,49
1597988561626888960,1597988561500000000,2020-08-21 13:42:41.500000,52090.0,52280.0,51820.0,52160.0,nan,52027.609014,93451,24310160450.0,119135,52100.0,35,52090.0,81,52110.0,56,52080.0,37,52120.0,60,52070.0,73,52130.0,39,52060.0,139,52140.0,55,52050.0,49
1597988562613425920,1597988562500000000,2020-08-21 13:42:42.500000,52090.0,52280.0,51820.0,52160.0,nan,52027.609682,93452,24310420900.0,119134,52100.0,35,52090.0,80,52110.0,56,52080.0,37,52120.0,60,52070.0,73,52130.0,39,52060.0,139,52140.0,55,52050.0,49
1597988563104261120,1597988563000000000,2020-08-21 13:42:43.000000,52090.0,52280.0,51820.0,52160.0,nan,52027.609682,93452,24310420900.0,119134,52100.0,36,52090.0,81,52110.0,56,52080.0,37,52120.0,60,52070.0,73,52130.0,39,52060.0,139,52140.0,55,52050.0,49
1597988564613050880,1597988564500000000,2020-08-21 13:42:44.500000,52090.0,52280.0,51820.0,52160.0,nan,52027.609682,93452,24310420900.0,119134,52100.0,37,52090.0,81,52110.0,56,52080.0,37,52120.0,60,52070.0,73,52130.0,39,52060.0,139,52140.0,55,52050.0,49
1597988565135303936,1597988565000000000,2020-08-21 13:42:45.000000,52090.0,52280.0,51820.0,52160.0,nan,52027.609682,93452,24310420900.0,119134,52100.0,38,52090.0,80,52110.0,56,52080.0,37,52120.0,60,52070.0,73,52130.0,39,52060.0,139,52140.0,55,52050.0,49
1597988565629570048,1597988565500000000,2020-08-21 13:42:45.500000,52090.0,52280.0,51820.0,52160.0,nan,52027.609682,93452,24310420900.0,119134,52100.0,42,52090.0,82,52110.0,56,52080.0,37,52120.0,60,52070.0,73,52130.0,39,52060.0,139,52140.0,55,52050.0,49
1597988566133263872,1597988566000000000,2020-08-21 13:42:46.000000,52090.0,52280.0,51820.0,52160.0,nan,52027.609682,93452,24310420900.0,119134,52100.0,42,52090.0,80,52110.0,56,52080.0,37,52120.0,60,52070.0,73,52130.0,39,52060.0,139,52140.0,55,52050.0,49
1597988567150372096,1597988567000000000,2020-08-21 13:42:47.000000,52090.0,52280.0,51820.0,52160.0,nan,52027.609682,93452,24310420900.0,119134,52100.0,42,52090.0,81,52110.0,56,52080.0,37,52120.0,60,52070.0,73,52130.0,39,52060.0,139,52140.0,55,52050.0,49
1597988567617465088,1597988567500000000,2020-08-21 13:42:47.500000,52090.0,52280.0,51820.0,52160.0,nan,52027.663046,93532,24331256900.0,119105,52100.0,42,52090.0,1,52110.0,56,52080.0,37,52120.0,60,52070.0,73,52130.0,39,52060.0,139,52140.0,55,52050.0,49
1597988568152353024,1597988568000000000,2020-08-21 13:42:48.000000,52090.0,52280.0,51820.0,52160.0,nan,52027.677705,93554,24336986800.0,119115,52100.0,55,52090.0,13,52110.0,56,52080.0,35,52120.0,60,52070.0,73,52130.0,39,52060.0,139,52140.0,55,52050.0,49
1597988568619563008,1597988568500000000,2020-08-21 13:42:48.500000,52090.0,52280.0,51820.0,52160.0,nan,52027.689028,93571,24341414450.0,119118,52090.0,34,52080.0,35,52100.0,56,52070.0,73,52110.0,60,52060.0,139,52120.0,61,52050.0,49,52130.0,39,52040.0,59
1597988569114748928,1597988569000000000,2020-08-21 13:42:49.000000,52090.0,52280.0,51820.0,52160.0,nan,52027.689693,93572,24341674900.0,119118,52090.0,51,52080.0,39,52100.0,53,52070.0,70,52110.0,60,52060.0,140,52120.0,61,52050.0,53,52130.0,39,52040.0,59
1597988569616060928,1597988569500000000,2020-08-21 13:42:49.500000,52090.0,52280.0,51820.0,52160.0,nan,52027.689693,93572,24341674900.0,119118,52090.0,52,52080.0,45,52100.0,53,52070.0,70,52110.0,60,52060.0,140,52120.0,60,52050.0,53,52130.0,39,52040.0,59
1597988570156435968,1597988570000000000,2020-08-21 13:42:50.000000,52090.0,52280.0,51820.0,52160.0,nan,52027.689693,93572,24341674900.0,119118,52090.0,51,52080.0,45,52100.0,53,52070.0,70,52110.0,60,52060.0,140,52120.0,60,52050.0,53,52130.0,39,52040.0,59
1597988571153797120,1597988571000000000,2020-08-21 13:42:51.000000,52090.0,52280.0,51820.0,52160.0,nan,52027.689693,93572,24341674900.0,119118,52090.0,52,52080.0,45,52100.0,53,52070.0,70,52110.0,60,52060.0,140,52120.0,60,52050.0,53,52130.0,39,52040.0,59
1597988572114866944,1597988572000000000,2020-08-21 13:42:52.000000,52090.0,52280.0,51820.0,52160.0,nan,52027.689693,93572,24341674900.0,119118,52090.0,52,52080.0,45,52100.0,53,52070.0,70,52110.0,61,52060.0,140,52120.0,60,52050.0,53,52130.0,39,52040.0,59
1597988572625298944,1597988572500000000,2020-08-21 13:42:52.500000,52090.0,52280.0,51820.0,52160.0,nan,52027.691025,93574,24342195800.0,119119,52090.0,50,52080.0,45,52100.0,53,52070.0,70,52110.0,61,52060.0,140,52120.0,60,52050.0,53,52130.0,39,52040.0,59
1597988573147342080,1597988573000000000,2020-08-21 13:42:53.000000,52090.0,52280.0,51820.0,52160.0,nan,52027.691025,93574,24342195800.0,119119,52090.0,50,52080.0,45,52100.0,56,52070.0,70,52110.0,58,52060.0,140,52120.0,60,52050.0,53,52130.0,39,52040.0,59
1597988573616257024,1597988573500000000,2020-08-21 13:42:53.500000,52090.0,52280.0,51820.0,52160.0,nan,52027.691025,93574,24342195800.0,119119,52090.0,50,52080.0,45,52100.0,56,52070.0,70,52110.0,58,52060.0,140,52120.0,59,52050.0,53,52130.0,39,52040.0,59
1597988574127354880,1597988574000000000,2020-08-21 13:42:54.000000,52090.0,52280.0,51820.0,52160.0,nan,52027.691025,93574,24342195800.0,119119,52090.0,51,52080.0,45,52100.0,56,52070.0,70,52110.0,58,52060.0,140,52120.0,59,52050.0,53,52130.0,39,52040.0,59
1597988576155111936,1597988576000000000,2020-08-21 13:42:56.000000,52090.0,52280.0,51820.0,52160.0,nan,52027.691025,93574,24342195800.0,119119,52090.0,51,52080.0,45,52100.0,56,52070.0,71,52110.0,58,52060.0,140,52120.0,59,52050.0,53,52130.0,39,52040.0,59
1597988576615717888,1597988576500000000,2020-08-21 13:42:56.500000,52090.0,52280.0,51820.0,52160.0,nan,52027.691025,93574,24342195800.0,119119,52090.0,52,52080.0,45,52100.0,56,52070.0,71,52110.0,58,52060.0,140,52120.0,59,52050.0,53,52130.0,39,52040.0,59
1597988577620072960,1597988577500000000,2020-08-21 13:42:57.500000,52080.0,52280.0,51820.0,52160.0,nan,52027.691584,93575,24342456200.0,119119,52090.0,52,52080.0,44,52100.0,56,52070.0,71,52110.0,58,52060.0,140,52120.0,59,52050.0,53,52130.0,39,52040.0,59
1597988578111198976,1597988578000000000,2020-08-21 13:42:58.000000,52080.0,52280.0,51820.0,52160.0,nan,52027.692143,93576,24342716600.0,119119,52090.0,54,52080.0,35,52100.0,57,52070.0,71,52110.0,58,52060.0,141,52120.0,59,52050.0,53,52130.0,39,52040.0,59
1597988578603599104,1597988578500000000,2020-08-21 13:42:58.500000,52080.0,52280.0,51820.0,52160.0,nan,52027.692702,93577,24342977000.0,119120,52090.0,54,52080.0,34,52100.0,57,52070.0,71,52110.0,58,52060.0,141,52120.0,59,52050.0,53,52130.0,39,52040.0,59
1597988579148389888,1597988579000000000,2020-08-21 13:42:59.000000,52080.0,52280.0,51820.0,52160.0,nan,52027.69382,93579,24343497800.0,119118,52090.0,54,52080.0,32,52100.0,57,52070.0,71,52110.0,58,52060.0,141,52120.0,59,52050.0,53,52130.0,39,52040.0,59
1597988581121075968,1597988581000000000,2020-08-21 13:43:01.000000,52090.0,52280.0,51820.0,52160.0,nan,52027.694486,93580,24343758250.0,119119,52090.0,53,52080.0,32,52100.0,57,52070.0,71,52110.0,58,52060.0,141,52120.0,59,52050.0,53,52130.0,39,52040.0,59
