local_nano_time,quote_nano_time,datetime,last_price,highest,lowest,open,close,average,volume,amount,open_interest,ask_price1,ask_volume1,bid_price1,bid_volume1,ask_price2,ask_volume2,bid_price2,bid_volume2,ask_price3,ask_volume3,bid_price3,bid_volume3,ask_price4,ask_volume4,bid_price4,bid_volume4,ask_price5,ask_volume5,bid_price5,bid_volume5
1597988226611973120,1597988226913000192,2020-08-21 13:37:06.913000,419.4,420.88,414.8,417.0,nan,417.79,271650,113492724840.0,242533,419.4,2,419.38,2,419.42,5,419.36,6,419.44,2,419.34,18,419.46,17,419.32,92,419.48,4,419.3,2
1597988227122449920,1597988227436000000,2020-08-21 13:37:07.436000,419.4,420.88,414.8,417.0,nan,417.79,271659,113496499160.0,242531,419.4,5,419.34,18,419.42,5,419.32,92,419.44,2,419.3,2,419.46,17,419.28,14,419.48,4,419.26,3
1597988227625543936,1597988227936000000,2020-08-21 13:37:07.936000,419.34,420.88,414.8,417.0,nan,417.79,271660,113496918500.0,242531,419.4,6,419.34,17,419.42,5,419.32,91,419.44,5,419.3,2,419.46,17,419.28,14,419.48,4,419.26,3
1597988228104379904,1597988228427000064,2020-08-21 13:37:08.427000,419.34,420.88,414.8,417.0,nan,417.79,271660,113496918500.0,242531,419.38,4,419.34,17,419.4,7,419.32,91,419.42,6,419.3,2,419.44,5,419.28,14,419.46,17,419.26,3
1597988228619502080,1597988228901999872,2020-08-21 13:37:08.902000,419.38,420.88,414.8,417.0,nan,417.79,271661,113497337880.0,242531,419.38,3,419.34,17,419.4,7,419.32,91,419.42,6,419.3,2,419.44,5,419.28,14,419.46,6,419.26,3
1597988229117125120,1597988229431000064,2020-08-21 13:37:09.431000,419.36,420.88,414.8,417.0,nan,417.79,271662,113497757240.0,242532,419.38,4,419.36,1,419.4,7,419.34,17,419.42,6,419.32,91,419.44,5,419.3,2,419.46,6,419.28,14
1597988229618377984,1597988229932000000,2020-08-21 13:37:09.932000,419.34,420.88,414.8,417.0,nan,417.79,271669,113500692740.0,242535,419.38,3,419.34,12,419.4,7,419.32,91,419.42,6,419.3,2,419.44,5,419.28,14,419.46,7,419.26,3
1597988230136860928,1597988230432000000,2020-08-21 13:37:10.432000,419.34,420.88,414.8,417.0,nan,417.79,271669,113500692740.0,242535,419.38,3,419.34,12,419.4,7,419.32,92,419.42,6,419.3,3,419.44,5,419.28,14,419.46,7,419.26,3
1597988230615820032,1597988230935000064,2020-08-21 13:37:10.935000,419.4,420.88,414.8,417.0,nan,417.79,271679,113504886680.0,242530,419.42,6,419.36,2,419.44,5,419.34,12,419.46,7,419.32,92,419.48,4,419.3,3,419.5,10,419.28,14
1597988231124741120,1597988231436999936,2020-08-21 13:37:11.437000,419.4,420.88,414.8,417.0,nan,417.79,271680,113505306080.0,242530,419.4,2,419.36,2,419.42,6,419.34,12,419.44,5,419.32,92,419.46,7,419.3,3,419.48,4,419.28,14
1597988231620964096,1597988231910000128,2020-08-21 13:37:11.910000,419.4,420.88,414.8,417.0,nan,417.79,271680,113505306080.0,242530,419.4,2,419.38,1,419.42,6,419.36,4,419.44,5,419.34,12,419.46,7,419.32,92,419.48,4,419.3,3
1597988232113067008,1597988232423000064,2020-08-21 13:37:12.423000,419.4,420.88,414.8,417.0,nan,417.79,271682,113506144860.0,242531,419.4,3,419.36,4,419.42,6,419.34,12,419.44,5,419.32,92,419.46,7,419.3,3,419.48,4,419.28,14
1597988232620372992,1597988232932000000,2020-08-21 13:37:12.932000,419.4,420.88,414.8,417.0,nan,417.79,271683,113506564260.0,242530,419.4,2,419.38,1,419.42,6,419.36,6,419.44,5,419.34,11,419.46,7,419.32,93,419.48,3,419.3,3
1597988233119949056,1597988233405999872,2020-08-21 13:37:13.406000,419.4,420.88,414.8,417.0,nan,417.79,271683,113506564260.0,242530,419.42,6,419.38,1,419.44,5,419.36,6,419.46,7,419.34,10,419.48,3,419.32,93,419.5,10,419.3,3
1597988233617218048,1597988233912000000,2020-08-21 13:37:13.912000,419.4,420.88,414.8,417.0,nan,417.79,271683,113506564260.0,242530,419.42,6,419.38,3,419.44,5,419.36,6,419.46,7,419.34,10,419.48,3,419.32,93,419.5,10,419.3,3
1597988234140201984,1597988234427000064,2020-08-21 13:37:14.427000,419.4,420.88,414.8,417.0,nan,417.79,271684,113506983660.0,242531,419.42,6,419.38,3,419.44,5,419.36,6,419.46,7,419.34,10,419.48,3,419.32,93,419.5,10,419.3,3
1597988234623429888,1597988234937999872,2020-08-21 13:37:14.938000,419.38,420.88,414.8,417.0,nan,417.79,271685,113507403040.0,242531,419.42,6,419.38,3,419.44,5,419.36,6,419.46,7,419.34,10,419.48,3,419.32,93,419.5,10,419.3,3
1597988235130456064,1597988235413000192,2020-08-21 13:37:15.413000,419.38,420.88,414.8,417.0,nan,417.79,271685,113507403040.0,242531,419.42,6,419.38,3,419.44,5,419.36,6,419.46,7,419.34,10,419.48,4,419.32,93,419.5,10,419.3,3
1597988235624325120,1597988235905999872,2020-08-21 13:37:15.906000,419.38,420.88,414.8,417.0,nan,417.79,271686,113507822420.0,242532,419.42,6,419.38,3,419.44,5,419.36,6,419.46,7,419.34,10,419.48,5,419.32,93,419.5,10,419.3,3
1597988236114268928,1597988236432000000,2020-08-21 13:37:16.432000,419.38,420.88,414.8,417.0,nan,417.791,271691,113509919320.0,242530,419.42,7,419.36,6,419.44,5,419.34,10,419.46,7,419.32,93,419.48,5,419.3,3,419.5,10,419.28,14
1597988236617924096,1597988236918999808,2020-08-21 13:37:16.919000,419.36,420.88,414.8,417.0,nan,417.791,271695,113511596760.0,242528,419.4,28,419.36,2,419.42,7,419.34,10,419.44,5,419.32,93,419.46,7,419.3,3,419.48,5,419.28,14
1597988237112150016,1597988237435000064,2020-08-21 13:37:17.435000,419.36,420.88,414.8,417.0,nan,417.791,271697,113512435480.0,242526,419.38,2,419.34,9,419.4,30,419.32,93,419.42,7,419.3,3,419.44,5,419.28,14,419.46,7,419.26,3
1597988237626670080,1597988237934000128,2020-08-21 13:37:17.934000,419.34,420.88,414.8,417.0,nan,417.791,271706,113516209580.0,242527,419.34,3,419.32,93,419.38,2,419.3,3,419.4,31,419.28,14,419.42,7,419.26,3,419.44,5,419.24,2
1597988238113779968,1597988238430000128,2020-08-21 13:37:18.430000,419.32,420.88,414.8,417.0,nan,417.791,271715,113519983560.0,242529,419.38,2,419.34,2,419.4,31,419.32,92,419.42,7,419.3,3,419.44,6,419.28,14,419.46,7,419.26,3
1597988238621463040,1597988238932000000,2020-08-21 13:37:18.932000,419.32,420.88,414.8,417.0,nan,417.791,271715,113519983560.0,242529,419.38,6,419.34,2,419.4,31,419.32,92,419.42,7,419.3,3,419.44,6,419.28,14,419.46,7,419.26,3
1597988239114309120,1597988239420999936,2020-08-21 13:37:19.421000,419.32,420.88,414.8,417.0,nan,417.791,271715,113519983560.0,242529,419.36,1,419.34,2,419.38,7,419.32,92,419.4,31,419.3,3,419.42,7,419.28,14,419.44,6,419.26,3
1597988239614744064,1597988239932000000,2020-08-21 13:37:19.932000,419.38,420.88,414.8,417.0,nan,417.791,271720,113522080340.0,242530,419.38,6,419.32,92,419.4,31,419.3,3,419.42,7,419.28,34,419.44,7,419.26,3,419.46,7,419.24,2
1597988240124653056,1597988240416999936,2020-08-21 13:37:20.417000,419.36,420.88,414.8,417.0,nan,417.791,271721,113522499700.0,242530,419.36,1,419.34,2,419.38,7,419.32,93,419.4,31,419.3,3,419.42,7,419.28,35,419.44,7,419.26,3
1597988240608897024,1597988240916000000,2020-08-21 13:37:20.916000,419.38,420.88,414.8,417.0,nan,417.791,271722,113522919080.0,242530,419.38,6,419.32,93,419.4,31,419.3,3,419.42,7,419.28,35,419.44,7,419.26,3,419.46,7,419.24,2
1597988241125842944,1597988241423000064,2020-08-21 13:37:21.423000,419.34,420.88,414.8,417.0,nan,417.791,271727,113525015780.0,242527,419.36,3,419.34,1,419.38,6,419.32,93,419.4,31,419.3,3,419.42,7,419.28,35,419.44,7,419.26,3
1597988241630430976,1597988241936000000,2020-08-21 13:37:21.936000,419.34,420.88,414.8,417.0,nan,417.791,271728,113525435120.0,242526,419.36,5,419.32,93,419.38,6,419.3,3,419.4,31,419.28,35,419.42,7,419.26,3,419.44,7,419.24,5
1597988242646558976,1597988242935000064,2020-08-21 13:37:22.935000,419.36,420.88,414.8,417.0,nan,417.791,271729,113525854480.0,242526,419.36,4,419.32,94,419.38,6,419.3,3,419.4,31,419.28,35,419.42,7,419.26,3,419.44,7,419.24,5
1597988243118018048,1597988243432000000,2020-08-21 13:37:23.432000,419.32,420.88,414.8,417.0,nan,417.791,271730,113526273800.0,242526,419.36,5,419.32,92,419.38,6,419.3,3,419.4,31,419.28,34,419.42,7,419.26,3,419.44,7,419.24,5
1597988243629317120,1597988243917999872,2020-08-21 13:37:23.918000,419.32,420.88,414.8,417.0,nan,417.791,271730,113526273800.0,242526,419.36,5,419.32,94,419.38,6,419.3,3,419.4,31,419.28,34,419.42,7,419.26,3,419.44,7,419.24,5
1597988244110736896,1597988244433000192,2020-08-21 13:37:24.433000,419.32,420.88,414.8,417.0,nan,417.791,271731,113526693120.0,242526,419.36,5,419.32,93,419.38,6,419.3,3,419.4,31,419.28,34,419.42,7,419.26,3,419.44,7,419.24,5
1597988244626345984,1597988244932000000,2020-08-21 13:37:24.932000,419.36,420.88,414.8,417.0,nan,417.791,271732,113527112480.0,242526,419.36,4,419.32,94,419.38,6,419.3,3,419.4,31,419.28,34,419.42,8,419.26,3,419.44,7,419.24,5
1597988245132180992,1597988245427000064,2020-08-21 13:37:25.427000,419.32,420.88,414.8,417.0,nan,417.791,271733,113527531800.0,242526,419.36,4,419.32,92,419.38,4,419.3,3,419.4,31,419.28,34,419.42,8,419.26,3,419.44,7,419.24,5
1597988245624346880,1597988245882999808,2020-08-21 13:37:25.883000,419.32,420.88,414.8,417.0,nan,417.791,271733,113527531800.0,242526,419.36,4,419.34,1,419.38,4,419.32,91,419.4,31,419.3,3,419.42,8,419.28,34,419.44,7,419.26,3
1597988246151075072,1597988246423000064,2020-08-21 13:37:26.423000,419.34,420.88,414.8,417.0,nan,417.791,271734,113527951140.0,242525,419.36,4,419.32,91,419.38,4,419.3,3,419.4,31,419.28,34,419.42,8,419.26,3,419.44,7,419.24,5
1597988246656755968,1597988246932000000,2020-08-21 13:37:26.932000,419.32,420.88,414.8,417.0,nan,417.791,271737,113529209140.0,242526,419.36,3,419.32,89,419.38,4,419.3,3,419.4,31,419.28,35,419.42,8,419.26,3,419.44,7,419.24,5
1597988247124395008,1597988247436999936,2020-08-21 13:37:27.437000,419.32,420.88,414.8,417.0,nan,417.791,271737,113529209140.0,242526,419.36,3,419.34,1,419.38,4,419.32,89,419.4,31,419.3,3,419.42,8,419.28,34,419.44,7,419.26,3
1597988247622780928,1597988247912000000,2020-08-21 13:37:27.912000,419.34,420.88,414.8,417.0,nan,417.791,271738,113529628480.0,242527,419.36,3,419.34,1,419.38,4,419.32,89,419.4,31,419.3,4,419.42,8,419.28,34,419.44,7,419.26,3
1597988248147059968,1597988248420999936,2020-08-21 13:37:28.421000,419.36,420.88,414.8,417.0,nan,417.791,271740,113530467180.0,242528,419.36,2,419.32,89,419.38,4,419.3,4,419.4,31,419.28,34,419.42,8,419.26,3,419.44,5,419.24,5
1597988248634876928,1597988248938999808,2020-08-21 13:37:28.939000,419.36,420.88,414.8,417.0,nan,417.791,271741,113530886540.0,242528,419.36,1,419.34,2,419.38,4,419.32,89,419.4,31,419.3,4,419.42,8,419.28,34,419.44,5,419.26,3
1597988249113661952,1597988249420000000,2020-08-21 13:37:29.420000,419.36,420.88,414.8,417.0,nan,417.791,271745,113532563900.0,242528,419.36,1,419.32,89,419.38,4,419.3,4,419.4,31,419.28,34,419.42,8,419.26,3,419.44,5,419.24,5
1597988249611770112,1597988249930000128,2020-08-21 13:37:29.930000,419.36,420.88,414.8,417.0,nan,417.791,271746,113532983260.0,242529,419.38,4,419.32,89,419.4,37,419.3,4,419.42,8,419.28,34,419.44,5,419.26,3,419.46,6,419.24,5
1597988250137568000,1597988250435000064,2020-08-21 13:37:30.435000,419.36,420.88,414.8,417.0,nan,417.791,271746,113532983260.0,242529,419.36,1,419.32,89,419.38,4,419.3,4,419.4,37,419.28,34,419.42,8,419.26,3,419.44,5,419.24,5
1597988250628641024,1597988250933000192,2020-08-21 13:37:30.933000,419.36,420.88,414.8,417.0,nan,417.791,271747,113533402620.0,242530,419.38,4,419.32,89,419.4,37,419.3,4,419.42,8,419.28,34,419.44,5,419.26,3,419.46,6,419.24,5
1597988251128701952,1597988251436000000,2020-08-21 13:37:31.436000,419.36,420.88,414.8,417.0,nan,417.791,271747,113533402620.0,242530,419.38,3,419.34,1,419.4,37,419.32,89,419.42,8,419.3,4,419.44,6,419.28,34,419.46,6,419.26,3
1597988251611776000,1597988251914000128,2020-08-21 13:37:31.914000,419.38,420.88,414.8,417.0,nan,417.791,271751,113535080100.0,242529,419.4,37,419.38,3,419.42,8,419.34,1,419.44,6,419.32,89,419.46,6,419.3,4,419.48,4,419.28,34
1597988252116784896,1597988252421999872,2020-08-21 13:37:32.422000,419.32,420.88,414.8,417.0,nan,417.791,271759,113538434980.0,242528,419.38,9,419.32,87,419.4,37,419.3,4,419.42,8,419.28,34,419.44,6,419.26,3,419.46,6,419.24,5
1597988252608790016,1597988252933000192,2020-08-21 13:37:32.933000,419.36,420.88,414.8,417.0,nan,417.791,271760,113538854340.0,242528,419.38,9,419.34,2,419.4,37,419.32,87,419.42,8,419.3,4,419.44,6,419.28,34,419.46,6,419.26,3
1597988253109696000,1597988253424000000,2020-08-21 13:37:33.424000,419.34,420.88,414.8,417.0,nan,417.791,271762,113539693020.0,242528,419.38,9,419.32,87,419.4,31,419.3,4,419.42,8,419.28,34,419.44,6,419.26,3,419.46,6,419.24,5
1597988253610979072,1597988253898999808,2020-08-21 13:37:33.899000,419.38,420.88,414.8,417.0,nan,417.791,271765,113540951140.0,242527,419.38,7,419.34,1,419.4,32,419.32,87,419.42,8,419.3,4,419.44,6,419.28,34,419.46,6,419.26,3
1597988254116227072,1597988254438999808,2020-08-21 13:37:34.439000,419.38,420.88,414.8,417.0,nan,417.791,271765,113540951140.0,242527,419.38,7,419.34,3,419.4,32,419.32,87,419.42,8,419.3,4,419.44,6,419.28,34,419.46,6,419.26,3
1597988254621253888,1597988254935000064,2020-08-21 13:37:34.935000,419.38,420.88,414.8,417.0,nan,417.791,271766,113541370520.0,242528,419.38,6,419.34,3,419.4,32,419.32,87,419.42,8,419.3,4,419.44,6,419.28,34,419.46,6,419.26,3
1597988255616361984,1597988255931000064,2020-08-21 13:37:35.931000,419.38,420.88,414.8,417.0,nan,417.791,271767,113541789900.0,242529,419.38,5,419.34,3,419.4,32,419.32,87,419.42,8,419.3,4,419.44,6,419.28,33,419.46,6,419.26,3
1597988256111208960,1597988256426000128,2020-08-21 13:37:36.426000,419.38,420.88,414.8,417.0,nan,417.791,271767,113541789900.0,242529,419.36,1,419.34,4,419.38,7,419.32,87,419.4,32,419.3,4,419.42,8,419.28,33,419.44,6,419.26,3
1597988256638198016,1597988256924999936,2020-08-21 13:37:36.925000,419.34,420.88,414.8,417.0,nan,417.791,271769,113542628600.0,242527,419.38,7,419.34,3,419.4,32,419.32,87,419.42,8,419.3,4,419.44,6,419.28,33,419.46,6,419.26,3
1597988257115984896,1597988257427000064,2020-08-21 13:37:37.427000,419.34,420.88,414.8,417.0,nan,417.791,271769,113542628600.0,242527,419.36,2,419.34,3,419.38,9,419.32,87,419.4,32,419.3,4,419.42,8,419.28,33,419.44,6,419.26,3
1597988257613039104,1597988257933000192,2020-08-21 13:37:37.933000,419.36,420.88,414.8,417.0,nan,417.791,271773,113544305980.0,242528,419.36,1,419.32,87,419.38,9,419.3,4,419.4,32,419.28,33,419.42,8,419.26,3,419.44,6,419.24,5
1597988258111179008,1597988258416999936,2020-08-21 13:37:38.417000,419.36,420.88,414.8,417.0,nan,417.791,271773,113544305980.0,242528,419.36,1,419.32,87,419.38,10,419.3,4,419.4,32,419.28,33,419.42,8,419.26,3,419.44,6,419.24,5
1597988259123516928,1597988259405999872,2020-08-21 13:37:39.406000,419.36,420.88,414.8,417.0,nan,417.791,271774,113544725340.0,242528,419.38,10,419.36,2,419.4,32,419.32,87,419.42,8,419.3,4,419.44,6,419.28,33,419.46,6,419.26,3
1597988259625413120,1597988259921999872,2020-08-21 13:37:39.922000,419.38,420.88,414.8,417.0,nan,417.791,271786,113549757860.0,242537,419.4,32,419.38,6,419.42,8,419.32,87,419.44,6,419.3,4,419.46,6,419.28,33,419.48,4,419.26,3
1597988260121257984,1597988260427000064,2020-08-21 13:37:40.427000,419.38,420.88,414.8,417.0,nan,417.791,271792,113552274140.0,242538,419.38,3,419.34,1,419.4,31,419.32,87,419.42,8,419.3,4,419.44,6,419.28,33,419.46,6,419.26,3
1597988260617422080,1597988260932000000,2020-08-21 13:37:40.932000,419.38,420.88,414.8,417.0,nan,417.791,271793,113552693520.0,242538,419.38,6,419.34,3,419.4,31,419.32,88,419.42,8,419.3,4,419.44,6,419.28,33,419.46,6,419.26,3
1597988261147731968,1597988261436000000,2020-08-21 13:37:41.436000,419.38,420.88,414.8,417.0,nan,417.791,271806,113558145240.0,242544,419.36,1,419.34,4,419.4,31,419.32,88,419.42,8,419.3,4,419.44,6,419.28,33,419.46,6,419.26,3
1597988261605051904,1597988261931000064,2020-08-21 13:37:41.931000,419.36,420.88,414.8,417.0,nan,417.791,271807,113558564600.0,242543,419.4,39,419.36,1,419.42,8,419.34,4,419.44,6,419.32,88,419.46,6,419.3,4,419.48,4,419.28,33
1597988262115857920,1597988262435000064,2020-08-21 13:37:42.435000,419.4,420.88,414.8,417.0,nan,417.791,271811,113560242140.0,242543,419.38,1,419.36,1,419.4,39,419.34,4,419.42,8,419.32,88,419.44,6,419.3,4,419.46,6,419.28,33
1597988262627162112,1597988262910000128,2020-08-21 13:37:42.910000,419.38,420.88,414.8,417.0,nan,417.791,271813,113561080880.0,242542,419.4,41,419.36,2,419.42,8,419.34,5,419.44,6,419.32,88,419.46,6,419.3,4,419.48,4,419.28,33
1597988263107904000,1597988263379000064,2020-08-21 13:37:43.379000,419.38,420.88,414.8,417.0,nan,417.791,271813,113561080880.0,242542,419.38,2,419.36,3,419.4,41,419.34,8,419.42,8,419.32,88,419.44,6,419.3,4,419.46,6,419.28,33
1597988264119337984,1597988264433000192,2020-08-21 13:37:44.433000,419.38,420.88,414.8,417.0,nan,417.791,271813,113561080880.0,242542,419.38,2,419.36,3,419.4,41,419.34,8,419.42,8,419.32,88,419.44,6,419.3,4,419.46,7,419.28,33
1597988264607482880,1597988264935000064,2020-08-21 13:37:44.935000,419.38,420.88,414.8,417.0,nan,417.791,271813,113561080880.0,242542,419.38,2,419.36,3,419.4,41,419.34,8,419.42,8,419.32,87,419.44,6,419.3,4,419.46,7,419.28,33
1597988265117851904,1597988265413000192,2020-08-21 13:37:45.413000,419.36,420.88,414.8,417.0,nan,417.791,271814,113561500240.0,242543,419.38,2,419.36,3,419.4,41,419.34,8,419.42,8,419.32,87,419.44,6,419.3,4,419.46,7,419.28,33
1597988265610838016,1597988265935000064,2020-08-21 13:37:45.935000,419.36,420.88,414.8,417.0,nan,417.791,271814,113561500240.0,242543,419.38,2,419.36,3,419.4,42,419.34,8,419.42,8,419.32,86,419.44,6,419.3,4,419.46,7,419.28,34
1597988266144496896,1597988266424999936,2020-08-21 13:37:46.425000,419.36,420.88,414.8,417.0,nan,417.791,271814,113561500240.0,242543,419.38,7,419.36,4,419.4,42,419.34,8,419.42,8,419.32,86,419.44,6,419.3,4,419.46,7,419.28,34
1597988267136591872,1597988267416999936,2020-08-21 13:37:47.417000,419.36,420.88,414.8,417.0,nan,417.791,271814,113561500240.0,242543,419.38,8,419.36,4,419.4,42,419.34,8,419.42,8,419.32,86,419.44,6,419.3,4,419.46,6,419.28,34
1597988267619649024,1597988267938999808,2020-08-21 13:37:47.939000,419.34,420.88,414.8,417.0,nan,417.791,271820,113564016340.0,242539,419.38,10,419.34,6,419.4,42,419.32,87,419.42,8,419.3,4,419.44,6,419.28,34,419.46,6,419.26,3
1597988268132502016,1597988268428999936,2020-08-21 13:37:48.429000,419.34,420.88,414.8,417.0,nan,417.791,271820,113564016340.0,242539,419.36,1,419.34,6,419.38,11,419.32,87,419.4,43,419.3,4,419.42,8,419.28,34,419.44,6,419.26,3
1597988268615104000,1597988268924999936,2020-08-21 13:37:48.925000,419.34,420.88,414.8,417.0,nan,417.791,271820,113564016340.0,242539,419.36,3,419.34,7,419.38,11,419.32,87,419.4,43,419.3,4,419.42,8,419.28,34,419.44,6,419.26,3
1597988269110381056,1597988269407000064,2020-08-21 13:37:49.407000,419.34,420.88,414.8,417.0,nan,417.791,271832,113569048560.0,242542,419.38,9,419.32,87,419.4,43,419.3,4,419.42,8,419.28,34,419.44,7,419.26,3,419.46,6,419.24,5
1597988269626745088,1597988269923000064,2020-08-21 13:37:49.923000,419.34,420.88,414.8,417.0,nan,417.791,271833,113569467900.0,242542,419.36,5,419.34,2,419.38,10,419.32,87,419.4,43,419.3,4,419.42,8,419.28,39,419.44,7,419.26,3
1597988270118778880,1597988270424000000,2020-08-21 13:37:50.424000,419.34,420.88,414.8,417.0,nan,417.791,271833,113569467900.0,242542,419.36,7,419.32,87,419.38,10,419.3,4,419.4,43,419.28,39,419.42,8,419.26,3,419.44,7,419.24,5
1597988271122255104,1597988271434000128,2020-08-21 13:37:51.434000,419.34,420.88,414.8,417.0,nan,417.791,271833,113569467900.0,242542,419.36,8,419.32,87,419.38,10,419.3,4,419.4,43,419.28,39,419.42,8,419.26,3,419.44,7,419.24,5
1597988273106797056,1597988273434000128,2020-08-21 13:37:53.434000,419.34,420.88,414.8,417.0,nan,417.791,271833,113569467900.0,242542,419.36,12,419.32,87,419.38,10,419.3,4,419.4,43,419.28,39,419.42,8,419.26,3,419.44,7,419.24,5
1597988274120463104,1597988274432000000,2020-08-21 13:37:54.432000,419.34,420.88,414.8,417.0,nan,417.791,271833,113569467900.0,242542,419.34,1,419.32,87,419.36,12,419.3,4,419.38,9,419.28,39,419.4,44,419.26,3,419.42,8,419.24,5
1597988274644920064,1597988274931000064,2020-08-21 13:37:54.931000,419.28,420.88,414.8,417.0,nan,417.792,271964,113624397200.0,242509,419.3,2,419.26,3,419.32,3,419.24,5,419.34,4,419.22,6,419.36,12,419.2,12,419.38,9,419.18,31
1597988275129829888,1597988275411000064,2020-08-21 13:37:55.411000,419.26,420.88,414.8,417.0,nan,417.792,271975,113629008980.0,242508,419.28,5,419.22,5,419.3,10,419.2,14,419.32,1,419.18,31,419.34,4,419.16,3,419.36,17,419.14,5
1597988275631514880,1597988275917999872,2020-08-21 13:37:55.918000,419.22,420.88,414.8,417.0,nan,417.792,271978,113630266640.0,242506,419.26,1,419.22,5,419.28,5,419.2,11,419.3,10,419.18,31,419.32,1,419.16,3,419.34,4,419.14,5
1597988276124133888,1597988276423000064,2020-08-21 13:37:56.423000,419.22,420.88,414.8,417.0,nan,417.792,271982,113631943520.0,242505,419.24,2,419.22,4,419.26,5,419.2,11,419.28,5,419.18,31,419.3,10,419.16,3,419.32,1,419.14,5
1597988276612901120,1597988276926000128,2020-08-21 13:37:56.926000,419.26,420.88,414.8,417.0,nan,417.792,271989,113634878300.0,242510,419.28,5,419.26,1,419.3,10,419.22,7,419.32,1,419.2,11,419.34,4,419.18,31,419.36,14,419.16,3
1597988277105780992,1597988277428999936,2020-08-21 13:37:57.429000,419.26,420.88,414.8,417.0,nan,417.792,271992,113636136080.0,242509,419.28,5,419.24,5,419.3,10,419.22,7,419.32,1,419.2,11,419.34,4,419.18,31,419.36,14,419.16,3
1597988277627056128,1597988277920000000,2020-08-21 13:37:57.920000,419.28,420.88,414.8,417.0,nan,417.792,272008,113642844760.0,242499,419.32,1,419.26,2,419.34,4,419.24,6,419.36,14,419.22,10,419.38,9,419.2,11,419.4,44,419.18,31
1597988278118095104,1597988278436000000,2020-08-21 13:37:58.436000,419.26,420.88,414.8,417.0,nan,417.792,272010,113643683300.0,242498,419.28,1,419.26,5,419.3,1,419.24,6,419.32,4,419.22,10,419.34,5,419.2,12,419.36,13,419.18,31
1597988278618331904,1597988278937999872,2020-08-21 13:37:58.938000,419.28,420.88,414.8,417.0,nan,417.792,272011,113644102580.0,242498,419.3,1,419.26,5,419.32,4,419.24,6,419.34,4,419.22,10,419.36,13,419.2,13,419.38,10,419.18,31
1597988279139485952,1597988279436000000,2020-08-21 13:37:59.436000,419.26,420.88,414.8,417.0,nan,417.792,272013,113644941120.0,242498,419.3,3,419.26,4,419.32,4,419.24,6,419.34,4,419.22,10,419.36,13,419.2,13,419.38,10,419.18,31
1597988279644934912,1597988280138000128,2020-08-21 13:38:00.138000,419.3,420.88,414.8,417.0,nan,417.792,272015,113645779720.0,242498,419.3,3,419.26,5,419.32,4,419.24,6,419.34,4,419.22,10,419.36,13,419.2,13,419.38,10,419.18,31
1597988280117937920,1597988280436000000,2020-08-21 13:38:00.436000,419.26,420.88,414.8,417.0,nan,417.792,272016,113646198980.0,242498,419.3,2,419.26,4,419.32,4,419.24,7,419.34,4,419.22,8,419.36,13,419.2,13,419.38,10,419.18,31
1597988280613369088,1597988280933000192,2020-08-21 13:38:00.933000,419.26,420.88,414.8,417.0,nan,417.792,272016,113646198980.0,242498,419.3,2,419.28,1,419.32,4,419.26,4,419.34,4,419.24,6,419.36,13,419.22,8,419.38,10,419.2,13
1597988281127971072,1597988281405999872,2020-08-21 13:38:01.406000,419.28,420.88,414.8,417.0,nan,417.792,272017,113646618260.0,242497,419.3,2,419.26,4,419.32,5,419.24,6,419.34,4,419.22,8,419.36,12,419.2,13,419.38,10,419.18,31
1597988281618199040,1597988281924999936,2020-08-21 13:38:01.925000,419.28,420.88,414.8,417.0,nan,417.792,272017,113646618260.0,242497,419.3,3,419.26,4,419.32,5,419.24,5,419.34,4,419.22,7,419.36,12,419.2,14,419.38,10,419.18,31
1597988282129891072,1597988282423000064,2020-08-21 13:38:02.423000,419.28,420.88,414.8,417.0,nan,417.792,272017,113646618260.0,242497,419.28,4,419.26,4,419.3,3,419.24,5,419.32,5,419.22,7,419.34,4,419.2,14,419.36,11,419.18,31
1597988282632823040,1597988282935000064,2020-08-21 13:38:02.935000,419.28,420.88,414.8,417.0,nan,417.792,272021,113648295380.0,242497,419.3,3,419.26,3,419.32,5,419.24,5,419.34,4,419.22,7,419.36,11,419.2,14,419.38,10,419.18,31
1597988283117267968,1597988283430000128,2020-08-21 13:38:03.430000,419.28,420.88,414.8,417.0,nan,417.792,272021,113648295380.0,242497,419.28,1,419.26,3,419.3,23,419.24,5,419.32,5,419.22,8,419.34,4,419.2,14,419.36,11,419.18,32
1597988283623214080,1597988283913000192,2020-08-21 13:38:03.913000,419.28,420.88,414.8,417.0,nan,417.792,272021,113648295380.0,242497,419.28,4,419.26,3,419.3,24,419.24,5,419.32,7,419.22,8,419.34,4,419.2,14,419.36,11,419.18,32
1597988284144954880,1597988284435000064,2020-08-21 13:38:04.435000,419.26,420.88,414.8,417.0,nan,417.792,272026,113650391680.0,242498,419.26,3,419.24,5,419.28,1,419.22,8,419.3,25,419.2,14,419.32,7,419.18,32,419.34,4,419.16,3
1597988285120337920,1597988285413000192,2020-08-21 13:38:05.413000,419.26,420.88,414.8,417.0,nan,417.792,272030,113652068720.0,242497,419.28,1,419.24,4,419.3,25,419.22,8,419.32,6,419.2,14,419.34,4,419.18,32,419.36,11,419.16,3
1597988285629134080,1597988285937999872,2020-08-21 13:38:05.938000,419.24,420.88,414.8,417.0,nan,417.792,272031,113652487960.0,242497,419.28,1,419.24,3,419.3,25,419.22,8,419.32,6,419.2,14,419.34,4,419.18,32,419.36,11,419.16,3
1597988286120484096,1597988286428000000,2020-08-21 13:38:06.428000,419.24,420.88,414.8,417.0,nan,417.792,272031,113652487960.0,242497,419.28,2,419.24,3,419.3,25,419.22,8,419.32,6,419.2,14,419.34,4,419.18,32,419.36,11,419.16,3
1597988286637451008,1597988286936000000,2020-08-21 13:38:06.936000,419.28,420.88,414.8,417.0,nan,417.792,272032,113652907240.0,242498,419.28,3,419.24,4,419.3,24,419.22,8,419.32,6,419.2,14,419.34,4,419.18,32,419.36,11,419.16,3
1597988287130208000,1597988287435000064,2020-08-21 13:38:07.435000,419.24,420.88,414.8,417.0,nan,417.792,272035,113654164960.0,242495,419.28,4,419.24,2,419.3,24,419.22,8,419.32,6,419.2,13,419.34,4,419.18,32,419.36,11,419.16,3
1597988287622320896,1597988287937999872,2020-08-21 13:38:07.938000,419.28,420.88,414.8,417.0,nan,417.792,272036,113654584240.0,242496,419.28,3,419.24,2,419.3,24,419.22,8,419.32,6,419.2,13,419.34,4,419.18,33,419.36,11,419.16,3
1597988288120199936,1597988288436999936,2020-08-21 13:38:08.437000,419.28,420.88,414.8,417.0,nan,417.792,272036,113654584240.0,242496,419.28,3,419.24,3,419.3,24,419.22,8,419.32,6,419.2,13,419.34,4,419.18,33,419.36,11,419.16,3
1597988288614315008,1597988288913000192,2020-08-21 13:38:08.913000,419.24,420.88,414.8,417.0,nan,417.792,272037,113655003480.0,242495,419.28,4,419.24,2,419.3,23,419.22,8,419.32,6,419.2,13,419.34,4,419.18,33,419.36,11,419.16,3
1597988289108990976,1597988289432000000,2020-08-21 13:38:09.432000,419.24,420.88,414.8,417.0,nan,417.792,272037,113655003480.0,242495,419.26,1,419.24,2,419.28,5,419.22,8,419.3,23,419.2,13,419.32,6,419.18,33,419.34,4,419.16,3
1597988289635365888,1597988289911000064,2020-08-21 13:38:09.911000,419.24,420.88,414.8,417.0,nan,417.792,272038,113655422720.0,242495,419.26,1,419.24,1,419.28,5,419.22,8,419.3,23,419.2,12,419.32,6,419.18,33,419.34,4,419.16,3
1597988290119418112,1597988290417999872,2020-08-21 13:38:10.418000,419.24,420.88,414.8,417.0,nan,417.792,272039,113655841960.0,242495,419.24,3,419.22,8,419.26,3,419.2,12,419.28,5,419.18,32,419.3,22,419.16,3,419.32,6,419.14,5
1597988290605788928,1597988290931000064,2020-08-21 13:38:10.931000,419.24,420.88,414.8,417.0,nan,417.792,272039,113655841960.0,242495,419.24,5,419.22,8,419.26,4,419.2,11,419.28,5,419.18,32,419.3,22,419.16,3,419.32,6,419.14,5
1597988291115504896,1597988291432000000,2020-08-21 13:38:11.432000,419.24,420.88,414.8,417.0,nan,417.793,272050,113660453440.0,242491,419.24,2,419.2,11,419.26,4,419.18,32,419.28,5,419.16,3,419.3,22,419.14,5,419.32,6,419.12,4
1597988291624187904,1597988291936000000,2020-08-21 13:38:11.936000,419.24,420.88,414.8,417.0,nan,417.793,272051,113660872680.0,242490,419.22,2,419.2,10,419.24,3,419.18,32,419.26,4,419.16,4,419.28,7,419.14,5,419.3,22,419.12,4
1597988292130324992,1597988292436999936,2020-08-21 13:38:12.437000,419.24,420.88,414.8,417.0,nan,417.793,272051,113660872680.0,242490,419.22,5,419.2,10,419.24,3,419.18,32,419.26,4,419.16,4,419.28,7,419.14,5,419.3,22,419.12,4
1597988292615095040,1597988292936000000,2020-08-21 13:38:12.936000,419.2,420.88,414.8,417.0,nan,417.793,272052,113661291880.0,242491,419.22,10,419.2,7,419.24,3,419.18,32,419.26,4,419.16,4,419.28,7,419.14,5,419.3,22,419.12,4
1597988293125925120,1597988293428000000,2020-08-21 13:38:13.428000,419.2,420.88,414.8,417.0,nan,417.793,272065,113666741480.0,242492,419.22,10,419.18,32,419.24,3,419.16,4,419.26,4,419.14,5,419.28,7,419.12,4,419.3,22,419.1,4
1597988293598832896,1597988293931000064,2020-08-21 13:38:13.931000,419.22,420.88,414.8,417.0,nan,417.793,272073,113670095240.0,242492,419.2,2,419.18,32,419.22,2,419.16,4,419.24,3,419.14,5,419.26,4,419.12,4,419.28,6,419.1,4
1597988294127706112,1597988294430000128,2020-08-21 13:38:14.430000,419.2,420.88,414.8,417.0,nan,417.793,272080,113673029600.0,242498,419.2,2,419.18,30,419.22,2,419.16,4,419.24,3,419.14,5,419.26,4,419.12,4,419.28,5,419.1,4
1597988294620218880,1597988294933000192,2020-08-21 13:38:14.933000,419.2,420.88,414.8,417.0,nan,417.793,272080,113673029600.0,242498,419.2,4,419.18,30,419.22,2,419.16,4,419.24,3,419.14,5,419.26,4,419.12,4,419.28,5,419.1,4
1597988295145980928,1597988295438999808,2020-08-21 13:38:15.439000,419.18,420.88,414.8,417.0,nan,417.793,272082,113673867960.0,242498,419.2,4,419.18,28,419.22,2,419.16,4,419.24,3,419.14,5,419.26,4,419.12,4,419.28,5,419.1,4
1597988295623910912,1597988295937999872,2020-08-21 13:38:15.938000,419.18,420.88,414.8,417.0,nan,417.793,272111,113686024200.0,242518,419.18,1,419.16,4,419.2,3,419.14,5,419.22,2,419.12,4,419.24,3,419.1,4,419.26,4,419.08,3
1597988296128263936,1597988296431000064,2020-08-21 13:38:16.431000,419.2,420.88,414.8,417.0,nan,417.793,272118,113688958520.0,242517,419.18,2,419.16,4,419.2,1,419.14,5,419.22,2,419.12,4,419.24,3,419.1,4,419.26,4,419.08,3
1597988296635030016,1597988296903000064,2020-08-21 13:38:16.903000,419.16,420.88,414.8,417.0,nan,417.793,272122,113690635240.0,242517,419.22,3,419.16,3,419.24,3,419.14,5,419.26,3,419.12,4,419.28,5,419.1,4,419.3,23,419.08,3
1597988297143219968,1597988297424999936,2020-08-21 13:38:17.425000,419.16,420.88,414.8,417.0,nan,417.793,272123,113691054400.0,242517,419.2,3,419.16,1,419.22,3,419.14,5,419.24,3,419.12,5,419.26,3,419.1,4,419.28,3,419.08,3
1597988297614635008,1597988297937999872,2020-08-21 13:38:17.938000,419.16,420.88,414.8,417.0,nan,417.793,272124,113691473560.0,242517,419.2,3,419.14,5,419.22,3,419.12,5,419.24,3,419.1,3,419.26,3,419.08,3,419.28,3,419.06,1
1597988298118240000,1597988298433000192,2020-08-21 13:38:18.433000,419.2,420.88,414.8,417.0,nan,417.793,272127,113692731100.0,242518,419.2,3,419.16,1,419.22,3,419.14,4,419.24,3,419.12,5,419.26,3,419.1,3,419.28,3,419.08,3
1597988298614780928,1597988298876000000,2020-08-21 13:38:18.876000,419.2,420.88,414.8,417.0,nan,417.793,272127,113692731100.0,242518,419.18,1,419.16,1,419.2,3,419.14,5,419.22,3,419.12,5,419.24,3,419.1,3,419.26,3,419.08,3
1597988299132082944,1597988299417999872,2020-08-21 13:38:19.418000,419.14,420.88,414.8,417.0,nan,417.793,272132,113694826860.0,242517,419.2,3,419.14,2,419.22,3,419.12,5,419.24,3,419.1,3,419.26,3,419.08,3,419.28,4,419.06,1
1597988299643245056,1597988299933000192,2020-08-21 13:38:19.933000,419.2,420.88,414.8,417.0,nan,417.793,272135,113696084460.0,242517,419.22,3,419.2,8,419.24,3,419.16,1,419.26,3,419.14,2,419.28,4,419.12,6,419.3,23,419.1,3
1597988300115804928,1597988300418999808,2020-08-21 13:38:20.419000,419.2,420.88,414.8,417.0,nan,417.793,272144,113699857260.0,242516,419.2,1,419.16,1,419.22,3,419.14,2,419.24,3,419.12,6,419.26,3,419.1,3,419.28,4,419.08,3
1597988300621971968,1597988300936999936,2020-08-21 13:38:20.937000,419.2,420.88,414.8,417.0,nan,417.793,272145,113700276460.0,242516,419.2,1,419.16,1,419.22,3,419.14,2,419.24,3,419.12,6,419.26,3,419.1,3,419.28,4,419.08,3
1597988301531322112,1597988301433000192,2020-08-21 13:38:21.433000,419.16,420.88,414.8,417.0,nan,417.793,272152,113703210620.0,242515,419.2,3,419.16,1,419.22,3,419.14,2,419.24,3,419.12,6,419.26,3,419.1,3,419.28,4,419.08,3
1597988301929244928,1597988301933000192,2020-08-21 13:38:21.933000,419.16,420.88,414.8,417.0,nan,417.793,272152,113703210620.0,242515,419.18,1,419.16,1,419.2,10,419.14,2,419.22,3,419.12,6,419.24,3,419.1,4,419.26,3,419.08,3
1597988302139665920,1597988302412000000,2020-08-21 13:38:22.412000,419.16,420.88,414.8,417.0,nan,417.793,272152,113703210620.0,242515,419.18,1,419.16,9,419.2,31,419.14,2,419.22,3,419.12,6,419.24,3,419.1,4,419.26,3,419.08,3
1597988302612525056,1597988302926000128,2020-08-21 13:38:22.926000,419.16,420.88,414.8,417.0,nan,417.793,272152,113703210620.0,242515,419.18,2,419.16,9,419.2,32,419.14,2,419.22,3,419.12,6,419.24,3,419.1,4,419.26,3,419.08,3
1597988303112030976,1597988303428000000,2020-08-21 13:38:23.428000,419.18,420.88,414.8,417.0,nan,417.793,272154,113704048980.0,242514,419.2,32,419.18,6,419.22,3,419.16,11,419.24,3,419.14,2,419.26,3,419.12,6,419.28,4,419.1,4
1597988303808751104,1597988303917999872,2020-08-21 13:38:23.918000,419.18,420.88,414.8,417.0,nan,417.793,272161,113706983240.0,242509,419.18,4,419.16,11,419.2,33,419.14,1,419.22,3,419.12,6,419.24,3,419.1,4,419.26,3,419.08,3
1597988304100026880,1597988304435000064,2020-08-21 13:38:24.435000,419.2,420.88,414.8,417.0,nan,417.793,272198,113722493560.0,242487,419.22,3,419.18,1,419.24,3,419.16,12,419.26,3,419.14,1,419.28,4,419.12,6,419.3,25,419.1,4
1597988304632226048,1597988304928999936,2020-08-21 13:38:24.929000,419.2,420.88,414.8,417.0,nan,417.793,272198,113722493560.0,242487,419.22,3,419.18,7,419.24,3,419.16,12,419.26,3,419.14,1,419.28,4,419.12,7,419.3,25,419.1,4
1597988305122383872,1597988305433000192,2020-08-21 13:38:25.433000,419.2,420.88,414.8,417.0,nan,417.793,272198,113722493560.0,242487,419.22,3,419.2,1,419.24,3,419.18,7,419.26,2,419.16,12,419.28,4,419.14,1,419.3,25,419.12,7
1597988305628683008,1597988305936999936,2020-08-21 13:38:25.937000,419.2,420.88,414.8,417.0,nan,417.793,272198,113722493560.0,242487,419.22,3,419.18,7,419.24,3,419.16,4,419.26,2,419.14,1,419.28,4,419.12,7,419.3,25,419.1,4
1597988306121317888,1597988306417999872,2020-08-21 13:38:26.418000,419.22,420.88,414.8,417.0,nan,417.793,272199,113722912780.0,242487,419.22,2,419.18,7,419.24,3,419.16,4,419.26,2,419.14,1,419.28,4,419.12,7,419.3,25,419.1,4
1597988306624190976,1597988306932000000,2020-08-21 13:38:26.932000,419.22,420.88,414.8,417.0,nan,417.793,272199,113722912780.0,242487,419.22,3,419.18,7,419.24,3,419.16,4,419.26,2,419.14,1,419.28,4,419.12,7,419.3,24,419.1,4
1597988307111810048,1597988307413000192,2020-08-21 13:38:27.413000,419.22,420.88,414.8,417.0,nan,417.793,272199,113722912780.0,242487,419.22,3,419.18,7,419.24,3,419.16,4,419.26,3,419.14,1,419.28,4,419.12,7,419.3,24,419.1,4
1597988307618884096,1597988307923000064,2020-08-21 13:38:27.923000,419.18,420.88,414.8,417.0,nan,417.793,272200,113723331960.0,242487,419.22,3,419.18,6,419.24,3,419.16,4,419.26,3,419.14,1,419.28,3,419.12,7,419.3,24,419.1,4
1597988308125730048,1597988308432000000,2020-08-21 13:38:28.432000,419.18,420.88,414.8,417.0,nan,417.793,272200,113723331960.0,242487,419.22,3,419.2,1,419.24,3,419.18,6,419.26,3,419.16,24,419.28,3,419.14,1,419.3,24,419.12,7
1597988308614405120,1597988308936999936,2020-08-21 13:38:28.937000,419.18,420.88,414.8,417.0,nan,417.793,272200,113723331960.0,242487,419.22,5,419.2,1,419.24,3,419.18,6,419.26,3,419.16,24,419.28,3,419.14,1,419.3,24,419.12,7
1597988309111385088,1597988309437999872,2020-08-21 13:38:29.438000,419.2,420.88,414.8,417.0,nan,417.793,272201,113723751160.0,242486,419.22,5,419.18,6,419.24,3,419.16,25,419.26,3,419.14,1,419.28,3,419.12,7,419.3,24,419.1,4
1597988309898999040,1597988309937999872,2020-08-21 13:38:29.938000,419.2,420.88,414.8,417.0,nan,417.793,272201,113723751160.0,242486,419.22,5,419.2,2,419.24,3,419.18,6,419.26,3,419.16,25,419.28,3,419.14,1,419.3,24,419.12,7
1597988310219187968,1597988310433000192,2020-08-21 13:38:30.433000,419.2,420.88,414.8,417.0,nan,417.793,272203,113724589560.0,242484,419.22,6,419.18,6,419.24,3,419.16,25,419.26,3,419.14,1,419.28,3,419.12,7,419.3,24,419.1,4
1597988310623495936,1597988310916000000,2020-08-21 13:38:30.916000,419.2,420.88,414.8,417.0,nan,417.793,272203,113724589560.0,242484,419.2,1,419.18,6,419.22,6,419.16,25,419.24,3,419.14,1,419.26,3,419.12,7,419.28,3,419.1,4
1597988311124050944,1597988311407000064,2020-08-21 13:38:31.407000,419.2,420.88,414.8,417.0,nan,417.793,272204,113725008760.0,242484,419.22,6,419.18,6,419.24,3,419.16,25,419.26,3,419.14,1,419.28,3,419.12,7,419.3,24,419.1,12
1597988311616528896,1597988311936000000,2020-08-21 13:38:31.936000,419.2,420.88,414.8,417.0,nan,417.793,272205,113725427960.0,242484,419.2,2,419.18,6,419.22,6,419.16,25,419.24,1,419.14,1,419.26,3,419.12,8,419.28,3,419.1,12
1597988312119905024,1597988312436999936,2020-08-21 13:38:32.437000,419.18,420.88,414.8,417.0,nan,417.793,272210,113727523900.0,242483,419.22,7,419.18,3,419.24,1,419.16,25,419.26,3,419.14,1,419.28,3,419.12,8,419.3,24,419.1,12
1597988313120566016,1597988313424000000,2020-08-21 13:38:33.424000,419.22,420.88,414.8,417.0,nan,417.793,272217,113730458440.0,242481,419.24,1,419.18,5,419.26,3,419.16,25,419.28,4,419.14,1,419.3,25,419.12,8,419.32,4,419.1,12
1597988313617523968,1597988313927000064,2020-08-21 13:38:33.927000,419.24,420.88,414.8,417.0,nan,417.793,272220,113731716120.0,242481,419.26,3,419.2,9,419.28,4,419.18,5,419.3,25,419.16,25,419.32,4,419.14,1,419.34,3,419.12,8
1597988314129010944,1597988314420999936,2020-08-21 13:38:34.421000,419.24,420.88,414.8,417.0,nan,417.793,272220,113731716120.0,242481,419.26,3,419.22,4,419.28,4,419.2,10,419.3,25,419.18,5,419.32,4,419.16,25,419.34,3,419.14,1
1597988314615005952,1597988314897000192,2020-08-21 13:38:34.897000,419.24,420.88,414.8,417.0,nan,417.793,272220,113731716120.0,242481,419.26,3,419.22,4,419.28,3,419.2,11,419.3,25,419.18,5,419.32,4,419.16,25,419.34,3,419.14,1
1597988315690295040,1597988315878000128,2020-08-21 13:38:35.878000,419.24,420.88,414.8,417.0,nan,417.793,272220,113731716120.0,242481,419.26,3,419.22,4,419.28,3,419.2,11,419.3,25,419.18,6,419.32,4,419.16,25,419.34,3,419.14,1
1597988316128698880,1597988316420000000,2020-08-21 13:38:36.420000,419.26,420.88,414.8,417.0,nan,417.793,272223,113732973900.0,242480,419.28,4,419.22,4,419.3,25,419.2,11,419.32,4,419.18,6,419.34,3,419.16,26,419.36,12,419.14,1
1597988316632120064,1597988316920999936,2020-08-21 13:38:36.921000,419.26,420.88,414.8,417.0,nan,417.793,272223,113732973900.0,242480,419.26,1,419.24,3,419.28,4,419.22,5,419.3,25,419.2,11,419.32,4,419.18,6,419.34,3,419.16,25
1597988317128163072,1597988317431000064,2020-08-21 13:38:37.431000,419.26,420.88,414.8,417.0,nan,417.793,272223,113732973900.0,242480,419.28,4,419.24,5,419.3,25,419.22,5,419.32,4,419.2,11,419.34,3,419.18,6,419.36,12,419.16,25
1597988317614918912,1597988317900999936,2020-08-21 13:38:37.901000,419.26,420.88,414.8,417.0,nan,417.793,272223,113732973900.0,242480,419.28,4,419.24,6,419.3,25,419.22,5,419.32,4,419.2,11,419.34,3,419.18,6,419.36,12,419.16,25
1597988318604728064,1597988318931000064,2020-08-21 13:38:38.931000,419.26,420.88,414.8,417.0,nan,417.793,272223,113732973900.0,242480,419.28,4,419.24,6,419.3,25,419.22,5,419.32,4,419.2,11,419.34,3,419.18,7,419.36,12,419.16,25
1597988319627682048,1597988319927000064,2020-08-21 13:38:39.927000,419.26,420.88,414.8,417.0,nan,417.793,272223,113732973900.0,242480,419.28,4,419.24,6,419.3,25,419.22,5,419.32,4,419.2,17,419.34,3,419.18,7,419.36,12,419.16,25
1597988320617558016,1597988320934000128,2020-08-21 13:38:40.934000,419.24,420.88,414.8,417.0,nan,417.793,272229,113735489340.0,242484,419.24,2,419.22,5,419.28,3,419.2,17,419.3,25,419.18,7,419.32,4,419.16,25,419.34,3,419.14,1
1597988321125530112,1597988321436999936,2020-08-21 13:38:41.437000,419.24,420.88,414.8,417.0,nan,417.793,272231,113736327820.0,242486,419.28,4,419.24,3,419.3,25,419.22,5,419.32,4,419.2,17,419.34,3,419.18,7,419.36,12,419.16,25
1597988321624678912,1597988321938999808,2020-08-21 13:38:41.939000,419.24,420.88,414.8,417.0,nan,417.793,272231,113736327820.0,242486,419.26,2,419.24,3,419.28,4,419.22,4,419.3,25,419.2,17,419.32,4,419.18,7,419.34,3,419.16,25
1597988322117655040,1597988322426000128,2020-08-21 13:38:42.426000,419.26,420.88,414.8,417.0,nan,417.793,272233,113737166340.0,242486,419.28,4,419.24,2,419.3,25,419.22,5,419.32,4,419.2,17,419.34,3,419.18,7,419.36,12,419.16,25
1597988322634160896,1597988322928999936,2020-08-21 13:38:42.929000,419.26,420.88,414.8,417.0,nan,417.793,272233,113737166340.0,242486,419.28,4,419.24,2,419.3,25,419.22,5,419.32,4,419.2,17,419.34,3,419.18,8,419.36,12,419.16,25
1597988323130054912,1597988323428999936,2020-08-21 13:38:43.429000,419.24,420.88,414.8,417.0,nan,417.793,272236,113738424060.0,242486,419.24,16,419.22,4,419.28,4,419.2,17,419.3,25,419.18,8,419.32,4,419.16,25,419.34,3,419.14,1
1597988323625732096,1597988323924999936,2020-08-21 13:38:43.925000,419.24,420.88,414.8,417.0,nan,417.794,272252,113745131900.0,242492,419.28,4,419.22,4,419.3,25,419.2,16,419.32,4,419.18,8,419.34,3,419.16,25,419.36,12,419.14,1
1597988324107994112,1597988324424999936,2020-08-21 13:38:44.425000,419.24,420.88,414.8,417.0,nan,417.794,272252,113745131900.0,242492,419.24,1,419.22,5,419.26,2,419.2,16,419.28,14,419.18,7,419.3,25,419.16,25,419.32,4,419.14,1
1597988324626029056,1597988324895000064,2020-08-21 13:38:44.895000,419.24,420.88,414.8,417.0,nan,417.794,272253,113745551140.0,242493,419.26,2,419.22,5,419.28,14,419.2,16,419.3,25,419.18,7,419.32,4,419.16,25,419.34,3,419.14,1
1597988325134187008,1597988325424000000,2020-08-21 13:38:45.424000,419.24,420.88,414.8,417.0,nan,417.794,272253,113745551140.0,242493,419.26,3,419.22,5,419.28,14,419.2,16,419.3,27,419.18,7,419.32,4,419.16,25,419.34,3,419.14,1
1597988326135486976,1597988326413000192,2020-08-21 13:38:46.413000,419.28,420.88,414.8,417.0,nan,417.794,272257,113747228200.0,242496,419.28,13,419.24,1,419.3,27,419.22,5,419.32,4,419.2,16,419.34,3,419.18,7,419.36,12,419.16,25
1597988326620146944,1597988326921999872,2020-08-21 13:38:46.922000,419.28,420.88,414.8,417.0,nan,417.794,272259,113748066760.0,242496,419.28,11,419.24,5,419.3,27,419.22,5,419.32,4,419.2,16,419.34,3,419.18,8,419.36,12,419.16,25
1597988327122138112,1597988327434000128,2020-08-21 13:38:47.434000,419.28,420.88,414.8,417.0,nan,417.794,272270,113752678840.0,242495,419.3,27,419.26,2,419.32,4,419.24,5,419.34,3,419.22,5,419.36,12,419.2,16,419.38,9,419.18,8
1597988327630484992,1597988327936999936,2020-08-21 13:38:47.937000,419.28,420.88,414.8,417.0,nan,417.794,272270,113752678840.0,242495,419.3,26,419.26,2,419.32,4,419.24,5,419.34,3,419.22,5,419.36,11,419.2,16,419.38,9,419.18,8
1597988328131305984,1597988328431000064,2020-08-21 13:38:48.431000,419.3,420.88,414.8,417.0,nan,417.794,272271,113753098140.0,242495,419.3,25,419.28,2,419.32,4,419.26,2,419.34,3,419.24,5,419.36,11,419.22,5,419.38,9,419.2,16
1597988328635894016,1597988328881999872,2020-08-21 13:38:48.882000,419.3,420.88,414.8,417.0,nan,417.794,272297,113763999920.0,242488,419.32,4,419.3,4,419.34,3,419.28,5,419.36,11,419.26,2,419.38,9,419.24,5,419.4,40,419.22,4
1597988329256465920,1597988329400000000,2020-08-21 13:38:49.400000,419.32,420.88,414.8,417.0,nan,417.794,272301,113765677200.0,242490,419.34,3,419.32,1,419.36,10,419.3,6,419.38,9,419.28,6,419.4,40,419.26,2,419.42,4,419.24,5
1597988329626280960,1597988329930000128,2020-08-21 13:38:49.930000,419.32,420.88,414.8,417.0,nan,417.794,272301,113765677200.0,242490,419.34,1,419.32,7,419.36,10,419.3,6,419.38,9,419.28,5,419.4,40,419.26,2,419.42,4,419.24,5
1597988330117701888,1597988330434000128,2020-08-21 13:38:50.434000,419.32,420.88,414.8,417.0,nan,417.794,272312,113770289780.0,242495,419.36,10,419.3,6,419.38,9,419.28,6,419.4,39,419.26,2,419.42,4,419.24,5,419.44,5,419.22,4
1597988330621783040,1597988330931000064,2020-08-21 13:38:50.931000,419.34,420.88,414.8,417.0,nan,417.794,272316,113771967140.0,242494,419.36,10,419.32,2,419.38,9,419.3,6,419.4,39,419.28,6,419.42,4,419.26,2,419.44,5,419.24,5
1597988331132440064,1597988331408000000,2020-08-21 13:38:51.408000,419.32,420.88,414.8,417.0,nan,417.794,272319,113773225140.0,242492,419.36,10,419.3,6,419.38,8,419.28,6,419.4,39,419.26,2,419.42,4,419.24,5,419.44,5,419.22,4
1597988331616946944,1597988331923000064,2020-08-21 13:38:51.923000,419.32,420.88,414.8,417.0,nan,417.794,272319,113773225140.0,242492,419.34,1,419.32,4,419.36,10,419.3,6,419.38,8,419.28,6,419.4,39,419.26,2,419.42,5,419.24,5
1597988332171164928,1597988332427000064,2020-08-21 13:38:52.427000,419.32,420.88,414.8,417.0,nan,417.794,272323,113774902420.0,242492,419.32,1,419.3,6,419.34,1,419.28,6,419.36,12,419.26,2,419.38,8,419.24,5,419.4,39,419.22,4
1597988332694981120,1597988332932000000,2020-08-21 13:38:52.932000,419.3,420.88,414.8,417.0,nan,417.794,272327,113776579640.0,242490,419.32,1,419.3,3,419.34,1,419.28,6,419.36,12,419.26,2,419.38,8,419.24,5,419.4,39,419.22,4
1597988333143520000,1597988333436000000,2020-08-21 13:38:53.436000,419.3,420.88,414.8,417.0,nan,417.794,272330,113777837540.0,242489,419.3,25,419.28,6,419.32,1,419.26,2,419.34,1,419.24,5,419.36,12,419.22,4,419.38,8,419.2,16
1597988333641443072,1597988333913000192,2020-08-21 13:38:53.913000,419.28,420.88,414.8,417.0,nan,417.794,272335,113779933960.0,242488,419.3,24,419.26,2,419.32,1,419.24,4,419.34,2,419.22,4,419.36,12,419.2,16,419.38,8,419.18,6
1597988334147073024,1597988334436000000,2020-08-21 13:38:54.436000,419.28,420.88,414.8,417.0,nan,417.794,272335,113779933960.0,242488,419.3,24,419.26,2,419.32,1,419.24,4,419.34,2,419.22,4,419.36,12,419.2,16,419.38,8,419.18,5
1597988334652818944,1597988334927000064,2020-08-21 13:38:54.927000,419.28,420.88,414.8,417.0,nan,417.794,272335,113779933960.0,242488,419.28,1,419.26,2,419.3,24,419.24,4,419.32,4,419.22,4,419.34,2,419.2,16,419.36,12,419.18,5
1597988336148559104,1597988336403000064,2020-08-21 13:38:56.403000,419.28,420.88,414.8,417.0,nan,417.794,272336,113780353240.0,242487,419.3,24,419.26,2,419.32,4,419.24,4,419.34,3,419.22,4,419.36,12,419.2,16,419.38,9,419.18,5
1597988337138000896,1597988337416999936,2020-08-21 13:38:57.417000,419.28,420.88,414.8,417.0,nan,417.794,272336,113780353240.0,242487,419.3,24,419.28,1,419.32,4,419.26,4,419.34,3,419.24,4,419.36,12,419.22,4,419.38,9,419.2,16
1597988337640306944,1597988337934000128,2020-08-21 13:38:57.934000,419.3,420.88,414.8,417.0,nan,417.794,272337,113780772540.0,242486,419.3,24,419.28,2,419.32,4,419.26,4,419.34,3,419.24,4,419.36,12,419.22,4,419.38,9,419.2,19
1597988338137466880,1597988338428000000,2020-08-21 13:38:58.428000,419.3,420.88,414.8,417.0,nan,417.794,272337,113780772540.0,242486,419.3,25,419.28,2,419.32,4,419.26,4,419.34,3,419.24,4,419.36,12,419.22,4,419.38,9,419.2,19
1597988338630604032,1597988338928999936,2020-08-21 13:38:58.929000,419.3,420.88,414.8,417.0,nan,417.794,272337,113780772540.0,242486,419.3,25,419.28,2,419.32,4,419.26,4,419.34,3,419.24,4,419.36,11,419.22,4,419.38,9,419.2,19
1597988339272837888,1597988339424000000,2020-08-21 13:38:59.424000,419.3,420.88,414.8,417.0,nan,417.794,272338,113781191840.0,242486,419.3,24,419.28,2,419.32,4,419.26,4,419.34,3,419.24,4,419.36,12,419.22,4,419.38,9,419.2,19
1597988340111737088,1597988340432000000,2020-08-21 13:39:00.432000,419.28,420.88,414.8,417.0,nan,417.794,272339,113781611120.0,242486,419.3,24,419.28,1,419.32,4,419.26,4,419.34,3,419.24,4,419.36,12,419.22,4,419.38,9,419.2,19
1597988340665142016,1597988340924000000,2020-08-21 13:39:00.924000,419.28,420.88,414.8,417.0,nan,417.794,272339,113781611120.0,242486,419.3,25,419.28,1,419.32,4,419.26,4,419.34,3,419.24,4,419.36,12,419.22,4,419.38,9,419.2,19
1597988341117061888,1597988341415000064,2020-08-21 13:39:01.415000,419.3,420.88,414.8,417.0,nan,417.794,272342,113782869000.0,242485,419.3,23,419.26,4,419.32,4,419.24,4,419.34,3,419.22,4,419.36,12,419.2,19,419.38,9,419.18,5
1597988341656440064,1597988341936999936,2020-08-21 13:39:01.937000,419.3,420.88,414.8,417.0,nan,417.794,272342,113782869000.0,242485,419.3,23,419.28,1,419.32,4,419.26,6,419.34,3,419.24,4,419.36,12,419.22,4,419.38,9,419.2,19
1597988342723248896,1597988342924999936,2020-08-21 13:39:02.925000,419.3,420.88,414.8,417.0,nan,417.794,272342,113782869000.0,242485,419.3,23,419.28,2,419.32,4,419.26,6,419.34,3,419.24,4,419.36,12,419.22,4,419.38,9,419.2,19
1597988343137956096,1597988343435000064,2020-08-21 13:39:03.435000,419.3,420.88,414.8,417.0,nan,417.794,272342,113782869000.0,242485,419.3,23,419.28,3,419.32,4,419.26,6,419.34,3,419.24,4,419.36,12,419.22,4,419.38,9,419.2,19
1597988343638531072,1597988343936999936,2020-08-21 13:39:03.937000,419.3,420.88,414.8,417.0,nan,417.794,272351,113786642680.0,242477,419.3,15,419.28,2,419.32,4,419.26,6,419.34,3,419.24,4,419.36,12,419.22,4,419.38,9,419.2,19
1597988344136186112,1597988344374000128,2020-08-21 13:39:04.374000,419.28,420.88,414.8,417.0,nan,417.794,272352,113787061960.0,242478,419.3,15,419.28,1,419.32,4,419.26,6,419.34,3,419.24,4,419.36,12,419.22,4,419.38,9,419.2,19
1597988345139973120,1597988345416999936,2020-08-21 13:39:05.417000,419.28,420.88,414.8,417.0,nan,417.794,272353,113787481240.0,242478,419.3,15,419.28,1,419.32,4,419.26,6,419.34,3,419.24,4,419.36,12,419.22,4,419.38,9,419.2,19
1597988345639545088,1597988345923000064,2020-08-21 13:39:05.923000,419.28,420.88,414.8,417.0,nan,417.794,272354,113787900520.0,242479,419.28,1,419.26,6,419.3,15,419.24,4,419.32,4,419.22,4,419.34,3,419.2,19,419.36,12,419.18,5
1597988346155090944,1597988346420999936,2020-08-21 13:39:06.421000,419.28,420.88,414.8,417.0,nan,417.794,272355,113788319800.0,242479,419.3,15,419.28,1,419.32,5,419.26,6,419.34,3,419.24,4,419.36,12,419.22,4,419.38,9,419.2,19
1597988346647296000,1597988346920000000,2020-08-21 13:39:06.920000,419.3,420.88,414.8,417.0,nan,417.794,272356,113788739100.0,242478,419.3,14,419.28,1,419.32,5,419.26,6,419.34,3,419.24,4,419.36,12,419.22,4,419.38,9,419.2,19
1597988347375969024,1597988347420999936,2020-08-21 13:39:07.421000,419.28,420.88,414.8,417.0,nan,417.794,272358,113789577680.0,242477,419.28,2,419.26,6,419.3,13,419.24,4,419.32,5,419.22,4,419.34,3,419.2,19,419.36,9,419.18,5
1597988347646066944,1597988347923000064,2020-08-21 13:39:07.923000,419.28,420.88,414.8,417.0,nan,417.794,272360,113790416240.0,242477,419.3,13,419.26,7,419.32,6,419.24,4,419.34,3,419.22,4,419.36,9,419.2,19,419.38,9,419.18,5
1597988348637636096,1597988348932000000,2020-08-21 13:39:08.932000,419.28,420.88,414.8,417.0,nan,417.794,272360,113790416240.0,242477,419.3,12,419.26,7,419.32,6,419.24,4,419.34,3,419.22,4,419.36,9,419.2,19,419.38,9,419.18,5
1597988349122331904,1597988349437999872,2020-08-21 13:39:09.438000,419.26,420.88,414.8,417.0,nan,417.794,272361,113790835500.0,242478,419.3,12,419.26,6,419.32,6,419.24,4,419.34,3,419.22,4,419.36,9,419.2,19,419.38,9,419.18,5
1597988349607045120,1597988349898000128,2020-08-21 13:39:09.898000,419.26,420.88,414.8,417.0,nan,417.794,272361,113790835500.0,242478,419.3,12,419.26,4,419.32,6,419.24,4,419.34,3,419.22,4,419.36,9,419.2,17,419.38,9,419.18,5
1597988350112835072,1597988350412000000,2020-08-21 13:39:10.412000,419.3,420.88,414.8,417.0,nan,417.794,272365,113792512700.0,242478,419.3,8,419.26,4,419.32,6,419.24,6,419.34,3,419.22,4,419.36,9,419.2,17,419.38,9,419.18,5
1597988353175012096,1597988353404999936,2020-08-21 13:39:13.405000,419.26,420.88,414.8,417.0,nan,417.794,272366,113792931960.0,242478,419.3,8,419.26,3,419.32,6,419.24,6,419.34,3,419.22,4,419.36,9,419.2,17,419.38,9,419.18,5
1597988353608291072,1597988353924999936,2020-08-21 13:39:13.925000,419.26,420.88,414.8,417.0,nan,417.794,272366,113792931960.0,242478,419.3,8,419.26,4,419.32,6,419.24,6,419.34,3,419.22,4,419.36,9,419.2,17,419.38,9,419.18,5
1597988354633808896,1597988354903000064,2020-08-21 13:39:14.903000,419.3,420.88,414.8,417.0,nan,417.794,272371,113795028460.0,242473,419.3,3,419.26,4,419.32,6,419.24,6,419.34,3,419.22,4,419.36,9,419.2,17,419.38,9,419.18,5
1597988355111234048,1597988355434000128,2020-08-21 13:39:15.434000,419.3,420.88,414.8,417.0,nan,417.794,272371,113795028460.0,242473,419.3,3,419.28,1,419.32,6,419.26,4,419.34,3,419.24,6,419.36,9,419.22,4,419.38,9,419.2,17
1597988355630323968,1597988355934000128,2020-08-21 13:39:15.934000,419.3,420.88,414.8,417.0,nan,417.794,272371,113795028460.0,242473,419.3,7,419.26,4,419.32,6,419.24,6,419.34,3,419.22,5,419.36,5,419.2,17,419.38,9,419.18,5
1597988356124072960,1597988356436000000,2020-08-21 13:39:16.436000,419.3,420.88,414.8,417.0,nan,417.794,272371,113795028460.0,242473,419.28,2,419.26,4,419.3,7,419.24,6,419.32,6,419.22,5,419.34,3,419.2,17,419.36,5,419.18,5
1597988356610708992,1597988356924999936,2020-08-21 13:39:16.925000,419.3,420.88,414.8,417.0,nan,417.794,272371,113795028460.0,242473,419.28,2,419.26,4,419.3,7,419.24,6,419.32,6,419.22,5,419.34,4,419.2,17,419.36,5,419.18,5
1597988358129773056,1597988358344000000,2020-08-21 13:39:18.344000,419.3,420.88,414.8,417.0,nan,417.794,272371,113795028460.0,242473,419.28,2,419.26,4,419.3,7,419.24,6,419.32,6,419.22,10,419.34,4,419.2,17,419.36,5,419.18,5
1597988358629876992,1597988358920000000,2020-08-21 13:39:18.920000,419.3,420.88,414.8,417.0,nan,417.794,272371,113795028460.0,242473,419.28,3,419.26,5,419.3,7,419.24,6,419.32,6,419.22,10,419.34,4,419.2,17,419.36,5,419.18,5
1597988360618224128,1597988360845999872,2020-08-21 13:39:20.846000,419.3,420.88,414.8,417.0,nan,417.794,272371,113795028460.0,242473,419.28,3,419.26,5,419.3,8,419.24,6,419.32,6,419.22,10,419.34,4,419.2,17,419.36,5,419.18,5
1597988361127589888,1597988361430000128,2020-08-21 13:39:21.430000,419.26,420.88,414.8,417.0,nan,417.794,272376,113797124760.0,242476,419.28,5,419.24,6,419.3,10,419.22,10,419.32,6,419.2,17,419.34,4,419.18,5,419.36,5,419.16,25
1597988361622643968,1597988361904000000,2020-08-21 13:39:21.904000,419.26,420.88,414.8,417.0,nan,417.794,272376,113797124760.0,242476,419.28,5,419.24,5,419.3,10,419.22,10,419.32,6,419.2,11,419.34,4,419.18,5,419.36,5,419.16,25
1597988362125970944,1597988362424999936,2020-08-21 13:39:22.425000,419.26,420.88,414.8,417.0,nan,417.794,272376,113797124760.0,242476,419.28,5,419.24,5,419.3,12,419.22,10,419.32,6,419.2,11,419.34,4,419.18,5,419.36,5,419.16,25
1597988363139186944,1597988363433000192,2020-08-21 13:39:23.433000,419.26,420.88,414.8,417.0,nan,417.794,272376,113797124760.0,242476,419.28,5,419.24,5,419.3,12,419.22,10,419.32,6,419.2,11,419.34,4,419.18,5,419.36,5,419.16,23
1597988363626850048,1597988363923000064,2020-08-21 13:39:23.923000,419.26,420.88,414.8,417.0,nan,417.794,272376,113797124760.0,242476,419.28,5,419.24,5,419.3,12,419.22,10,419.32,6,419.2,11,419.34,4,419.18,6,419.36,5,419.16,23
1597988365119916032,1597988365427000064,2020-08-21 13:39:25.427000,419.26,420.88,414.8,417.0,nan,417.794,272376,113797124760.0,242476,419.28,5,419.24,6,419.3,12,419.22,10,419.32,6,419.2,11,419.34,4,419.18,6,419.36,5,419.16,23
1597988367133431040,1597988367416000000,2020-08-21 13:39:27.416000,419.26,420.88,414.8,417.0,nan,417.794,272376,113797124760.0,242476,419.28,5,419.24,8,419.3,12,419.22,10,419.32,6,419.2,11,419.34,4,419.18,6,419.36,5,419.16,23
1597988368618383872,1597988368928999936,2020-08-21 13:39:28.929000,419.26,420.88,414.8,417.0,nan,417.794,272376,113797124760.0,242476,419.26,1,419.24,8,419.28,5,419.22,10,419.3,12,419.2,11,419.32,6,419.18,6,419.34,4,419.16,23
1597988369117048064,1597988369394000128,2020-08-21 13:39:29.394000,419.26,420.88,414.8,417.0,nan,417.794,272376,113797124760.0,242476,419.26,1,419.24,8,419.28,5,419.22,10,419.3,13,419.2,10,419.32,6,419.18,6,419.34,3,419.16,23
1597988369608300032,1597988369829999872,2020-08-21 13:39:29.830000,419.26,420.88,414.8,417.0,nan,417.794,272377,113797544020.0,242476,419.28,5,419.24,8,419.3,13,419.22,10,419.32,6,419.2,10,419.34,3,419.18,6,419.36,6,419.16,24
1597988371129570048,1597988371364000000,2020-08-21 13:39:31.364000,419.26,420.88,414.8,417.0,nan,417.794,272377,113797544020.0,242476,419.28,23,419.24,8,419.3,13,419.22,10,419.32,6,419.2,10,419.34,3,419.18,6,419.36,6,419.16,24
1597988371634905088,1597988371914000128,2020-08-21 13:39:31.914000,419.24,420.88,414.8,417.0,nan,417.794,272385,113800897940.0,242470,419.28,24,419.22,10,419.3,14,419.2,10,419.32,6,419.18,6,419.34,3,419.16,4,419.36,6,419.14,2
1597988372113408000,1597988372426000128,2020-08-21 13:39:32.426000,419.24,420.88,414.8,417.0,nan,417.794,272385,113800897940.0,242470,419.26,4,419.22,11,419.28,24,419.2,10,419.3,14,419.18,6,419.32,6,419.16,4,419.34,3,419.14,2
1597988373132148992,1597988373426000128,2020-08-21 13:39:33.426000,419.26,420.88,414.8,417.0,nan,417.794,272388,113802155720.0,242467,419.26,1,419.22,11,419.28,24,419.2,10,419.3,14,419.18,6,419.32,6,419.16,4,419.34,3,419.14,2
1597988374118818048,1597988374433000192,2020-08-21 13:39:34.433000,419.26,420.88,414.8,417.0,nan,417.794,272389,113802574980.0,242466,419.28,24,419.22,11,419.3,14,419.2,10,419.32,6,419.18,6,419.34,3,419.16,4,419.36,6,419.14,2
1597988374647817984,1597988374936999936,2020-08-21 13:39:34.937000,419.24,420.88,414.8,417.0,nan,417.794,272390,113802994220.0,242466,419.26,2,419.22,11,419.28,24,419.2,10,419.3,14,419.18,6,419.32,6,419.16,4,419.34,3,419.14,2
1597988375113750016,1597988375430000128,2020-08-21 13:39:35.430000,419.26,420.88,414.8,417.0,nan,417.794,272391,113803413480.0,242467,419.26,3,419.22,11,419.28,24,419.2,10,419.3,14,419.18,6,419.32,6,419.16,4,419.34,3,419.14,2
1597988375616476928,1597988375897000192,2020-08-21 13:39:35.897000,419.22,420.88,414.8,417.0,nan,417.794,272393,113804251920.0,242465,419.26,3,419.22,9,419.28,24,419.2,10,419.3,14,419.18,6,419.32,6,419.16,4,419.34,3,419.14,2
1597988376622153984,1597988376935000064,2020-08-21 13:39:36.935000,419.22,420.88,414.8,417.0,nan,417.794,272393,113804251920.0,242465,419.26,4,419.22,9,419.28,24,419.2,10,419.3,14,419.18,6,419.32,6,419.16,4,419.34,3,419.14,2
1597988377128092928,1597988377420999936,2020-08-21 13:39:37.421000,419.22,420.88,414.8,417.0,nan,417.794,272394,113804671140.0,242465,419.26,5,419.22,8,419.28,24,419.2,10,419.3,14,419.18,6,419.32,6,419.16,4,419.34,3,419.14,2
1597988377625825024,1597988377936000000,2020-08-21 13:39:37.936000,419.22,420.88,414.8,417.0,nan,417.794,272394,113804671140.0,242465,419.26,5,419.22,8,419.28,24,419.2,10,419.3,11,419.18,6,419.32,6,419.16,4,419.34,4,419.14,2
1597988378122866944,1597988378437999872,2020-08-21 13:39:38.438000,419.22,420.88,414.8,417.0,nan,417.794,272394,113804671140.0,242465,419.24,3,419.22,8,419.26,4,419.2,10,419.28,24,419.18,6,419.3,11,419.16,4,419.32,6,419.14,2
1597988378619186944,1597988378920999936,2020-08-21 13:39:38.921000,419.22,420.88,414.8,417.0,nan,417.794,272394,113804671140.0,242465,419.24,3,419.22,8,419.26,4,419.2,10,419.28,24,419.18,6,419.3,10,419.16,4,419.32,6,419.14,2
1597988379115345920,1597988379394000128,2020-08-21 13:39:39.394000,419.22,420.88,414.8,417.0,nan,417.794,272394,113804671140.0,242465,419.24,4,419.22,8,419.26,4,419.2,10,419.28,24,419.18,6,419.3,10,419.16,4,419.32,6,419.14,2
1597988379619031040,1597988379928000000,2020-08-21 13:39:39.928000,419.26,420.88,414.8,417.0,nan,417.794,272402,113808025140.0,242471,419.28,24,419.26,31,419.3,10,419.22,9,419.32,6,419.2,10,419.34,4,419.18,6,419.36,6,419.16,4
1597988380128311040,1597988380382999808,2020-08-21 13:39:40.383000,419.28,420.88,414.8,417.0,nan,417.795,272429,113819345660.0,242472,419.3,10,419.26,29,419.32,6,419.22,9,419.34,4,419.2,10,419.36,6,419.18,6,419.38,11,419.16,4
1597988380658560000,1597988380934000128,2020-08-21 13:39:40.934000,419.28,420.88,414.8,417.0,nan,417.795,272429,113819345660.0,242472,419.28,5,419.26,29,419.3,8,419.22,9,419.32,6,419.2,10,419.34,4,419.18,6,419.36,6,419.16,4
1597988381131377920,1597988381404000000,2020-08-21 13:39:41.404000,419.28,420.88,414.8,417.0,nan,417.795,272431,113820184220.0,242474,419.28,3,419.26,29,419.3,8,419.22,9,419.32,6,419.2,10,419.34,4,419.18,6,419.36,6,419.16,4
1597988381620855040,1597988381904999936,2020-08-21 13:39:41.905000,419.28,420.88,414.8,417.0,nan,417.795,272435,113821861340.0,242475,419.28,1,419.26,29,419.3,8,419.24,1,419.32,6,419.22,9,419.34,4,419.2,10,419.36,6,419.18,6
1597988382123128064,1597988382435000064,2020-08-21 13:39:42.435000,419.26,420.88,414.8,417.0,nan,417.795,272442,113824796240.0,242482,419.3,8,419.26,26,419.32,6,419.24,1,419.34,4,419.22,9,419.36,6,419.2,10,419.38,11,419.18,6
1597988383105784064,1597988383423000064,2020-08-21 13:39:43.423000,419.26,420.88,414.8,417.0,nan,417.795,272442,113824796240.0,242482,419.3,9,419.26,26,419.32,5,419.24,1,419.34,4,419.22,9,419.36,6,419.2,10,419.38,11,419.18,6
1597988383621699072,1597988383916000000,2020-08-21 13:39:43.916000,419.26,420.88,414.8,417.0,nan,417.795,272442,113824796240.0,242482,419.3,13,419.26,26,419.32,5,419.24,1,419.34,4,419.22,9,419.36,6,419.2,10,419.38,11,419.18,6
1597988384128073984,1597988384434000128,2020-08-21 13:39:44.434000,419.28,420.88,414.8,417.0,nan,417.795,272443,113825215520.0,242482,419.3,13,419.26,26,419.32,5,419.24,1,419.34,4,419.22,9,419.36,6,419.2,10,419.38,11,419.18,6
1597988384618408960,1597988384924000000,2020-08-21 13:39:44.924000,419.28,420.88,414.8,417.0,nan,417.795,272443,113825215520.0,242482,419.3,12,419.26,26,419.32,5,419.24,1,419.34,4,419.22,9,419.36,6,419.2,30,419.38,11,419.18,6
1597988385123265024,1597988385400999936,2020-08-21 13:39:45.401000,419.28,420.88,414.8,417.0,nan,417.795,272443,113825215520.0,242482,419.3,12,419.28,1,419.32,5,419.26,26,419.34,4,419.24,1,419.36,6,419.22,9,419.38,11,419.2,31
1597988385611668992,1597988385924000000,2020-08-21 13:39:45.924000,419.28,420.88,414.8,417.0,nan,417.795,272444,113825634800.0,242482,419.3,12,419.26,26,419.32,5,419.24,1,419.34,4,419.22,9,419.36,6,419.2,31,419.38,11,419.18,6
1597988386128264960,1597988386428999936,2020-08-21 13:39:46.429000,419.3,420.88,414.8,417.0,nan,417.795,272445,113826054100.0,242481,419.3,11,419.26,27,419.32,5,419.24,3,419.34,4,419.22,9,419.36,6,419.2,31,419.38,11,419.18,6
1597988386623363072,1597988386927000064,2020-08-21 13:39:46.927000,419.28,420.88,414.8,417.0,nan,417.795,272446,113826473380.0,242481,419.3,11,419.28,1,419.32,5,419.26,27,419.34,4,419.24,3,419.36,6,419.22,9,419.38,11,419.2,31
1597988387138651904,1597988387426000128,2020-08-21 13:39:47.426000,419.28,420.88,414.8,417.0,nan,417.795,272447,113826892660.0,242480,419.3,11,419.26,27,419.32,5,419.24,3,419.34,4,419.22,9,419.36,6,419.2,31,419.38,11,419.18,6
1597988387632013056,1597988387872000000,2020-08-21 13:39:47.872000,419.28,420.88,414.8,417.0,nan,417.795,272447,113826892660.0,242480,419.3,11,419.26,26,419.32,5,419.24,3,419.34,4,419.22,9,419.36,6,419.2,31,419.38,11,419.18,6
1597988388630482944,1597988388936000000,2020-08-21 13:39:48.936000,419.28,420.88,414.8,417.0,nan,417.795,272447,113826892660.0,242480,419.3,11,419.28,1,419.32,5,419.26,26,419.34,4,419.24,3,419.36,6,419.22,9,419.38,11,419.2,31
1597988389134118912,1597988389374000128,2020-08-21 13:39:49.374000,419.26,420.88,414.8,417.0,nan,417.795,272450,113828150460.0,242482,419.3,11,419.26,24,419.32,5,419.24,3,419.34,3,419.22,9,419.36,6,419.2,31,419.38,11,419.18,6
1597988390160232960,1597988390432000000,2020-08-21 13:39:50.432000,419.26,420.88,414.8,417.0,nan,417.795,272450,113828150460.0,242482,419.3,11,419.28,1,419.32,5,419.24,3,419.34,3,419.22,9,419.36,6,419.2,31,419.38,11,419.18,6
1597988390632585984,1597988390937999872,2020-08-21 13:39:50.938000,419.28,420.88,414.8,417.0,nan,417.795,272452,113828989020.0,242482,419.28,1,419.24,3,419.3,11,419.22,9,419.32,5,419.2,31,419.34,3,419.18,6,419.36,6,419.16,4
1597988391140989952,1597988391348000000,2020-08-21 13:39:51.348000,419.28,420.88,414.8,417.0,nan,417.795,272452,113828989020.0,242482,419.28,1,419.26,2,419.3,12,419.24,3,419.32,5,419.22,9,419.34,3,419.2,31,419.36,6,419.18,6
1597988392118868992,1597988392435000064,2020-08-21 13:39:52.435000,419.28,420.88,414.8,417.0,nan,417.795,272454,113829827580.0,242481,419.3,12,419.28,8,419.32,5,419.26,2,419.34,3,419.24,3,419.36,6,419.22,9,419.38,10,419.2,31
1597988392615332096,1597988392937999872,2020-08-21 13:39:52.938000,419.24,420.88,414.8,417.0,nan,417.795,272465,113834439580.0,242480,419.3,13,419.24,2,419.32,5,419.22,9,419.34,3,419.2,31,419.36,6,419.18,6,419.38,10,419.16,4
1597988393130407936,1597988393432000000,2020-08-21 13:39:53.432000,419.24,420.88,414.8,417.0,nan,417.795,272465,113834439580.0,242480,419.28,1,419.24,6,419.3,13,419.22,9,419.32,5,419.2,31,419.34,3,419.18,6,419.36,6,419.16,4
1597988393609673984,1597988393904999936,2020-08-21 13:39:53.905000,419.24,420.88,414.8,417.0,nan,417.795,272465,113834439580.0,242480,419.28,1,419.26,1,419.3,13,419.24,6,419.32,5,419.22,9,419.34,3,419.2,31,419.36,6,419.18,6
1597988394115567104,1597988394424999936,2020-08-21 13:39:54.425000,419.24,420.88,414.8,417.0,nan,417.795,272465,113834439580.0,242480,419.28,4,419.24,6,419.3,13,419.22,9,419.32,5,419.2,31,419.34,3,419.18,6,419.36,6,419.16,4
1597988394625211904,1597988394903000064,2020-08-21 13:39:54.903000,419.24,420.88,414.8,417.0,nan,417.795,272471,113836955020.0,242478,419.28,7,419.22,9,419.3,12,419.2,31,419.32,5,419.18,6,419.34,3,419.16,3,419.36,6,419.14,2
1597988395132934912,1597988395416000000,2020-08-21 13:39:55.416000,419.24,420.88,414.8,417.0,nan,417.795,272471,113836955020.0,242478,419.26,3,419.22,9,419.28,8,419.2,31,419.3,12,419.18,6,419.32,5,419.16,3,419.34,3,419.14,2
1597988395617114880,1597988395937999872,2020-08-21 13:39:55.938000,419.24,420.88,414.8,417.0,nan,417.795,272471,113836955020.0,242478,419.26,5,419.22,9,419.28,8,419.2,31,419.3,13,419.18,6,419.32,5,419.16,3,419.34,3,419.14,2
1597988396114594048,1597988396436000000,2020-08-21 13:39:56.436000,419.26,420.88,414.8,417.0,nan,417.795,272472,113837374280.0,242478,419.26,4,419.22,9,419.28,8,419.2,31,419.3,12,419.18,6,419.32,5,419.16,3,419.34,3,419.14,2
1597988397116712960,1597988397437999872,2020-08-21 13:39:57.438000,419.26,420.88,414.8,417.0,nan,417.795,272472,113837374280.0,242478,419.26,4,419.22,9,419.28,9,419.2,31,419.3,12,419.18,6,419.32,5,419.16,3,419.34,3,419.14,2
1597988397623220992,1597988397901999872,2020-08-21 13:39:57.902000,419.2,420.88,414.8,417.0,nan,417.795,272512,113854142460.0,242474,419.24,3,419.18,6,419.26,6,419.16,3,419.28,9,419.14,2,419.3,12,419.12,7,419.32,5,419.1,2
1597988398171074048,1597988398421999872,2020-08-21 13:39:58.422000,419.18,420.88,414.8,417.0,nan,417.795,272518,113856657540.0,242474,419.22,14,419.16,3,419.24,4,419.14,2,419.26,6,419.12,7,419.28,9,419.1,2,419.3,13,419.08,9
1597988398629568000,1597988398860999936,2020-08-21 13:39:58.861000,419.18,420.88,414.8,417.0,nan,417.795,272518,113856657540.0,242474,419.2,4,419.16,2,419.22,15,419.14,2,419.24,4,419.12,7,419.26,6,419.1,2,419.28,9,419.08,9
1597988399112196096,1597988399408999936,2020-08-21 13:39:59.409000,419.18,420.88,414.8,417.0,nan,417.795,272518,113856657540.0,242474,419.18,2,419.16,2,419.2,5,419.14,2,419.22,15,419.12,6,419.24,4,419.1,2,419.26,6,419.08,9
1597988399610426112,1597988399924999936,2020-08-21 13:39:59.925000,419.16,420.88,414.8,417.0,nan,417.795,272524,113859172580.0,242472,419.2,4,419.14,2,419.22,15,419.12,6,419.24,4,419.1,2,419.26,6,419.08,9,419.28,10,419.06,1
1597988400120529920,1597988400420999936,2020-08-21 13:40:00.421000,419.18,420.88,414.8,417.0,nan,417.795,272525,113859591760.0,242472,419.18,4,419.16,3,419.2,4,419.14,5,419.22,15,419.12,6,419.24,4,419.1,2,419.26,6,419.08,8
1597988400621700096,1597988400937999872,2020-08-21 13:40:00.938000,419.2,420.88,414.8,417.0,nan,417.795,272534,113863364480.0,242477,419.22,15,419.2,2,419.24,5,419.16,6,419.26,6,419.14,5,419.28,11,419.12,6,419.3,12,419.1,2
1597988401105280000,1597988401428999936,2020-08-21 13:40:01.429000,419.2,420.88,414.8,417.0,nan,417.795,272541,113866298880.0,242476,419.22,13,419.16,7,419.24,4,419.14,5,419.26,6,419.12,6,419.28,11,419.1,2,419.3,12,419.08,8
1597988401612817920,1597988401930000128,2020-08-21 13:40:01.930000,419.16,420.88,414.8,417.0,nan,417.795,272550,113870071360.0,242470,419.16,3,419.14,5,419.2,1,419.12,6,419.22,13,419.1,2,419.24,4,419.08,8,419.26,7,419.06,1
1597988402128827904,1597988402413000192,2020-08-21 13:40:02.413000,419.22,420.88,414.8,417.0,nan,417.795,272569,113878036280.0,242475,419.24,4,419.22,9,419.26,7,419.16,3,419.28,11,419.14,5,419.3,12,419.12,5,419.32,5,419.1,2
1597988402613347072,1597988402918999808,2020-08-21 13:40:02.919000,419.16,420.88,414.8,417.0,nan,417.795,272581,113883066740.0,242475,419.22,4,419.14,6,419.24,3,419.12,6,419.26,8,419.1,2,419.28,10,419.08,8,419.3,12,419.06,1
1597988403116278016,1597988403432000000,2020-08-21 13:40:03.432000,419.2,420.88,414.8,417.0,nan,417.795,272582,113883485940.0,242475,419.22,5,419.18,1,419.24,3,419.16,13,419.26,8,419.14,6,419.28,9,419.12,5,419.3,12,419.1,2
1597988403630889984,1597988403924000000,2020-08-21 13:40:03.924000,419.22,420.88,414.8,417.0,nan,417.795,272588,113886001220.0,242472,419.24,3,419.22,5,419.26,8,419.18,2,419.28,9,419.16,13,419.3,12,419.14,6,419.32,5,419.12,5
1597988404137378048,1597988404411000064,2020-08-21 13:40:04.411000,419.18,420.88,414.8,417.0,nan,417.795,272597,113889774100.0,242479,419.18,11,419.16,14,419.24,2,419.14,6,419.26,8,419.12,6,419.28,9,419.1,2,419.3,12,419.08,8
1597988404627617024,1597988404903000064,2020-08-21 13:40:04.903000,419.24,420.88,414.8,417.0,nan,417.795,272609,113894804320.0,242491,419.24,1,419.18,3,419.26,8,419.16,12,419.28,9,419.14,7,419.3,12,419.12,5,419.32,5,419.1,2
1597988405135753984,1597988405420000000,2020-08-21 13:40:05.420000,419.18,420.88,414.8,417.0,nan,417.795,272611,113895642680.0,242491,419.22,4,419.16,12,419.24,2,419.14,7,419.26,8,419.12,5,419.28,9,419.1,2,419.3,12,419.08,8
1597988405631908096,1597988405897000192,2020-08-21 13:40:05.897000,419.18,420.88,414.8,417.0,nan,417.795,272611,113895642680.0,242491,419.2,3,419.18,2,419.22,4,419.16,12,419.24,2,419.14,7,419.26,8,419.12,5,419.28,9,419.1,2
1597988406135308032,1597988406427000064,2020-08-21 13:40:06.427000,419.22,420.88,414.8,417.0,nan,417.796,272616,113897738720.0,242488,419.22,2,419.2,1,419.24,2,419.18,3,419.26,8,419.16,12,419.28,9,419.14,7,419.3,12,419.12,5
1597988406630673920,1597988406927000064,2020-08-21 13:40:06.927000,419.22,420.88,414.8,417.0,nan,417.796,272616,113897738720.0,242488,419.22,2,419.2,2,419.24,2,419.18,1,419.26,8,419.16,12,419.28,9,419.14,7,419.3,12,419.12,5
1597988407244294912,1597988407437999872,2020-08-21 13:40:07.438000,419.2,420.88,414.8,417.0,nan,417.796,272618,113898577140.0,242488,419.22,2,419.2,1,419.24,3,419.18,2,419.26,8,419.16,12,419.28,9,419.14,7,419.3,14,419.12,6
1597988407616675072,1597988407897000192,2020-08-21 13:40:07.897000,419.2,420.88,414.8,417.0,nan,417.796,272619,113898996340.0,242487,419.22,2,419.18,2,419.24,3,419.16,13,419.26,8,419.14,7,419.28,9,419.12,6,419.3,14,419.1,1
1597988408115345920,1597988408431000064,2020-08-21 13:40:08.431000,419.18,420.88,414.8,417.0,nan,417.796,272620,113899415520.0,242486,419.22,2,419.18,1,419.24,3,419.16,9,419.26,8,419.14,7,419.28,9,419.12,6,419.3,14,419.1,1
1597988408628336896,1597988408918999808,2020-08-21 13:40:08.919000,419.18,420.88,414.8,417.0,nan,417.796,272620,113899415520.0,242486,419.2,2,419.18,1,419.22,3,419.16,9,419.24,3,419.14,7,419.26,8,419.12,6,419.28,9,419.1,1
1597988409130215936,1597988409415000064,2020-08-21 13:40:09.415000,419.2,420.88,414.8,417.0,nan,417.796,272622,113900253920.0,242488,419.2,2,419.18,1,419.22,3,419.16,9,419.24,3,419.14,7,419.26,8,419.12,6,419.28,9,419.1,1
1597988409629690112,1597988409904999936,2020-08-21 13:40:09.905000,419.2,420.88,414.8,417.0,nan,417.796,272622,113900253920.0,242488,419.2,2,419.18,1,419.22,3,419.16,9,419.24,3,419.14,27,419.26,8,419.12,6,419.28,9,419.1,1
1597988410635577088,1597988410931000064,2020-08-21 13:40:10.931000,419.2,420.88,414.8,417.0,nan,417.796,272624,113901092320.0,242488,419.22,3,419.18,2,419.24,3,419.16,9,419.26,8,419.14,27,419.28,9,419.12,6,419.3,14,419.1,1
1597988411123077120,1597988411436000000,2020-08-21 13:40:11.436000,419.22,420.88,414.8,417.0,nan,417.796,272625,113901511540.0,242489,419.22,2,419.2,1,419.24,3,419.18,2,419.26,8,419.16,9,419.28,8,419.14,27,419.3,14,419.12,6
1597988411624204032,1597988411924999936,2020-08-21 13:40:11.925000,419.2,420.88,414.8,417.0,nan,417.796,272626,113901930740.0,242490,419.22,2,419.18,2,419.24,3,419.16,9,419.26,8,419.14,27,419.28,8,419.12,6,419.3,14,419.1,1
1597988412117208064,1597988412411000064,2020-08-21 13:40:12.411000,419.22,420.88,414.8,417.0,nan,417.796,272630,113903607620.0,242486,419.24,3,419.22,1,419.26,8,419.18,4,419.28,8,419.16,9,419.3,14,419.14,27,419.32,7,419.12,6
1597988412661563904,1597988412930000128,2020-08-21 13:40:12.930000,419.22,420.88,414.8,417.0,nan,417.796,272632,113904446060.0,242486,419.24,3,419.2,1,419.26,8,419.18,4,419.28,7,419.16,9,419.3,14,419.14,27,419.32,7,419.12,7
1597988413127203072,1597988413426000128,2020-08-21 13:40:13.426000,419.2,420.88,414.8,417.0,nan,417.796,272633,113904865260.0,242485,419.24,2,419.18,4,419.26,8,419.16,9,419.28,6,419.14,27,419.3,14,419.12,7,419.32,7,419.1,1
1597988413669573120,1597988413916000000,2020-08-21 13:40:13.916000,419.2,420.88,414.8,417.0,nan,417.796,272633,113904865260.0,242485,419.24,2,419.2,3,419.26,8,419.18,4,419.28,6,419.16,9,419.3,14,419.14,27,419.32,7,419.12,7
1597988414126380032,1597988414356000000,2020-08-21 13:40:14.356000,419.2,420.88,414.8,417.0,nan,417.796,272637,113906542100.0,242484,419.24,3,419.18,5,419.26,7,419.16,9,419.28,6,419.14,27,419.3,14,419.12,7,419.32,7,419.1,1
1597988414632022016,1597988414920999936,2020-08-21 13:40:14.921000,419.2,420.88,414.8,417.0,nan,417.796,272638,113906961300.0,242485,419.22,3,419.18,5,419.24,3,419.16,9,419.26,8,419.14,27,419.28,6,419.12,7,419.3,14,419.1,1
1597988415126889984,1597988415437999872,2020-08-21 13:40:15.438000,419.2,420.88,414.8,417.0,nan,417.796,272638,113906961300.0,242485,419.22,3,419.18,5,419.24,3,419.16,11,419.26,8,419.14,27,419.28,5,419.12,7,419.3,17,419.1,1
1597988415693795072,1597988415935000064,2020-08-21 13:40:15.935000,419.22,420.88,414.8,417.0,nan,417.796,272639,113907380520.0,242484,419.22,2,419.18,5,419.24,3,419.16,12,419.26,8,419.14,27,419.28,5,419.12,7,419.3,20,419.1,1
1597988416608896000,1597988416935000064,2020-08-21 13:40:16.935000,419.22,420.88,414.8,417.0,nan,417.796,272639,113907380520.0,242484,419.22,2,419.18,5,419.24,3,419.16,12,419.26,8,419.14,27,419.28,5,419.12,7,419.3,19,419.1,1
1597988418114035968,1597988418427000064,2020-08-21 13:40:18.427000,419.22,420.88,414.8,417.0,nan,417.796,272639,113907380520.0,242484,419.22,2,419.2,1,419.24,3,419.18,5,419.26,8,419.16,12,419.28,5,419.14,27,419.3,19,419.12,7
1597988419118715904,1597988419430000128,2020-08-21 13:40:19.430000,419.2,420.88,414.8,417.0,nan,417.796,272640,113907799720.0,242483,419.22,2,419.18,5,419.24,4,419.16,12,419.26,8,419.14,27,419.28,5,419.12,7,419.3,19,419.1,1
1597988420101805056,1597988420433000192,2020-08-21 13:40:20.433000,419.2,420.88,414.8,417.0,nan,417.796,272640,113907799720.0,242483,419.2,1,419.18,5,419.22,2,419.16,12,419.24,4,419.14,27,419.26,8,419.12,7,419.28,5,419.1,1
1597988421117029120,1597988421390000128,2020-08-21 13:40:21.390000,419.2,420.88,414.8,417.0,nan,417.796,272640,113907799720.0,242483,419.2,1,419.18,5,419.22,2,419.16,12,419.24,5,419.14,27,419.26,8,419.12,7,419.28,5,419.1,1
1597988421618319872,1597988421928000000,2020-08-21 13:40:21.928000,419.2,420.88,414.8,417.0,nan,417.796,272640,113907799720.0,242483,419.2,1,419.18,6,419.22,2,419.16,12,419.24,5,419.14,27,419.26,8,419.12,7,419.28,5,419.1,1
1597988422102003968,1597988422401999872,2020-08-21 13:40:22.402000,419.2,420.88,414.8,417.0,nan,417.796,272640,113907799720.0,242483,419.2,1,419.18,6,419.22,2,419.16,12,419.24,5,419.14,27,419.26,9,419.12,7,419.28,5,419.1,1
1597988422648893952,1597988422921999872,2020-08-21 13:40:22.922000,419.18,420.88,414.8,417.0,nan,417.796,272644,113909476440.0,242484,419.2,1,419.18,2,419.22,4,419.16,12,419.24,5,419.14,27,419.26,9,419.12,7,419.28,5,419.1,1
1597988423107680000,1597988423430000128,2020-08-21 13:40:23.430000,419.2,420.88,414.8,417.0,nan,417.796,272647,113910734000.0,242482,419.22,4,419.16,12,419.24,5,419.14,27,419.26,9,419.12,7,419.28,5,419.1,1,419.3,20,419.08,9
1597988423615864064,1597988423857000192,2020-08-21 13:40:23.857000,419.2,420.88,414.8,417.0,nan,417.796,272647,113910734000.0,242482,419.2,3,419.16,12,419.22,5,419.14,32,419.24,5,419.12,7,419.26,9,419.1,1,419.28,6,419.08,8
1597988424165755904,1597988424434000128,2020-08-21 13:40:24.434000,419.2,420.88,414.8,417.0,nan,417.796,272647,113910734000.0,242482,419.2,3,419.16,12,419.22,5,419.14,33,419.24,5,419.12,7,419.26,9,419.1,1,419.28,6,419.08,8
1597988424621212928,1597988424924000000,2020-08-21 13:40:24.924000,419.16,420.88,414.8,417.0,nan,417.796,272649,113911572360.0,242480,419.2,2,419.16,12,419.22,5,419.14,33,419.24,5,419.12,7,419.26,9,419.1,1,419.28,6,419.08,8
1597988425118865920,1597988425424999936,2020-08-21 13:40:25.425000,419.16,420.88,414.8,417.0,nan,417.796,272650,113911991520.0,242479,419.2,2,419.16,10,419.22,5,419.14,34,419.24,5,419.12,6,419.26,9,419.1,1,419.28,6,419.08,8
1597988425623792896,1597988425930000128,2020-08-21 13:40:25.930000,419.16,420.88,414.8,417.0,nan,417.796,272650,113911991520.0,242479,419.2,4,419.16,10,419.22,5,419.14,34,419.24,5,419.12,6,419.26,9,419.1,1,419.28,6,419.08,8
1597988427166334976,1597988427434000128,2020-08-21 13:40:27.434000,419.2,420.88,414.8,417.0,nan,417.796,272655,113914087400.0,242476,419.2,2,419.16,8,419.22,5,419.14,34,419.24,5,419.12,6,419.26,9,419.1,1,419.28,6,419.08,8
1597988427622853120,1597988427918999808,2020-08-21 13:40:27.919000,419.16,420.88,414.8,417.0,nan,417.796,272656,113914506560.0,242476,419.2,8,419.16,5,419.22,5,419.14,34,419.24,5,419.12,6,419.26,9,419.1,1,419.28,6,419.08,8
1597988428122547968,1597988428412000000,2020-08-21 13:40:28.412000,419.16,420.88,414.8,417.0,nan,417.796,272660,113916183200.0,242478,419.18,1,419.16,1,419.2,8,419.14,34,419.22,5,419.12,5,419.24,5,419.1,1,419.26,9,419.08,8
1597988428609231872,1597988428924999936,2020-08-21 13:40:28.925000,419.18,420.88,414.8,417.0,nan,417.796,272662,113917021540.0,242479,419.2,8,419.14,34,419.22,5,419.12,5,419.24,5,419.1,1,419.26,9,419.08,8,419.28,7,419.06,2
1597988429111072000,1597988429424999936,2020-08-21 13:40:29.425000,419.22,420.88,414.8,417.0,nan,417.796,272673,113921632800.0,242478,419.22,2,419.18,1,419.24,5,419.16,2,419.26,9,419.14,34,419.28,7,419.12,5,419.3,16,419.1,1
1597988429608165120,1597988429936999936,2020-08-21 13:40:29.937000,419.16,420.88,414.8,417.0,nan,417.796,272676,113922890300.0,242477,419.2,2,419.16,1,419.22,2,419.14,34,419.24,5,419.12,5,419.26,9,419.1,1,419.28,7,419.08,8
1597988430123057920,1597988430434000128,2020-08-21 13:40:30.434000,419.14,420.88,414.8,417.0,nan,417.796,272696,113931273120.0,242461,419.2,4,419.14,15,419.22,2,419.12,5,419.24,5,419.1,1,419.26,9,419.08,8,419.28,7,419.06,2
1597988430633801984,1597988430927000064,2020-08-21 13:40:30.927000,419.14,420.88,414.8,417.0,nan,417.796,272696,113931273120.0,242461,419.18,5,419.14,15,419.2,4,419.12,5,419.22,2,419.1,1,419.24,5,419.08,8,419.26,9,419.06,2
1597988431114680064,1597988431431000064,2020-08-21 13:40:31.431000,419.14,420.88,414.8,417.0,nan,417.796,272698,113932111440.0,242462,419.18,4,419.14,15,419.2,4,419.12,5,419.22,2,419.1,1,419.24,5,419.08,8,419.26,9,419.06,2
1597988431621978112,1597988431912000000,2020-08-21 13:40:31.912000,419.14,420.88,414.8,417.0,nan,417.796,272704,113934626440.0,242464,419.2,4,419.18,1,419.22,4,419.14,14,419.24,5,419.12,5,419.26,9,419.1,1,419.28,7,419.08,8
1597988432129665024,1597988432428000000,2020-08-21 13:40:32.428000,419.2,420.88,414.8,417.0,nan,417.796,272714,113938818280.0,242459,419.2,2,419.18,2,419.22,4,419.14,14,419.24,5,419.12,5,419.26,9,419.1,1,419.28,7,419.08,8
1597988432615887872,1597988432936999936,2020-08-21 13:40:32.937000,419.18,420.88,414.8,417.0,nan,417.796,272718,113940495000.0,242458,419.2,3,419.18,2,419.22,4,419.14,14,419.24,5,419.12,5,419.26,9,419.1,1,419.28,7,419.08,8
1597988433117542912,1597988433437999872,2020-08-21 13:40:33.438000,419.18,420.88,414.8,417.0,nan,417.796,272718,113940495000.0,242458,419.2,4,419.18,2,419.22,4,419.14,14,419.24,5,419.12,5,419.26,9,419.1,2,419.28,7,419.08,8
1597988434119070976,1597988434405999872,2020-08-21 13:40:34.406000,419.18,420.88,414.8,417.0,nan,417.796,272718,113940495000.0,242458,419.2,4,419.18,2,419.22,3,419.14,14,419.24,5,419.12,5,419.26,9,419.1,2,419.28,7,419.08,8
1597988434631336960,1597988434923000064,2020-08-21 13:40:34.923000,419.18,420.88,414.8,417.0,nan,417.796,272718,113940495000.0,242458,419.2,6,419.18,2,419.22,3,419.14,14,419.24,5,419.12,5,419.26,9,419.1,2,419.28,7,419.08,8
1597988435114113024,1597988435428999936,2020-08-21 13:40:35.429000,419.2,420.88,414.8,417.0,nan,417.796,272724,113943010180.0,242455,419.2,1,419.18,1,419.22,3,419.16,1,419.24,5,419.14,14,419.26,9,419.12,5,419.28,7,419.1,2
1597988435605366016,1597988435910000128,2020-08-21 13:40:35.910000,419.22,420.88,414.8,417.0,nan,417.796,272730,113945525400.0,242452,419.24,5,419.18,5,419.26,9,419.16,1,419.28,7,419.14,15,419.3,15,419.12,5,419.32,5,419.1,2
1597988436136717056,1597988436435000064,2020-08-21 13:40:36.435000,419.2,420.88,414.8,417.0,nan,417.796,272732,113946363800.0,242451,419.24,5,419.2,2,419.26,9,419.18,5,419.28,7,419.16,1,419.3,15,419.14,15,419.32,5,419.12,5
1597988436607454976,1597988436894000128,2020-08-21 13:40:36.894000,419.22,420.88,414.8,417.0,nan,417.796,272733,113946783020.0,242451,419.24,5,419.22,1,419.26,9,419.2,7,419.28,7,419.18,5,419.3,15,419.16,1,419.32,5,419.14,15
1597988437112624896,1597988437357000192,2020-08-21 13:40:37.357000,419.22,420.88,414.8,417.0,nan,417.796,272734,113947202240.0,242451,419.24,5,419.22,2,419.26,9,419.2,7,419.28,6,419.18,5,419.3,15,419.16,1,419.32,5,419.14,15
1597988439120114944,1597988439433000192,2020-08-21 13:40:39.433000,419.22,420.88,414.8,417.0,nan,417.796,272734,113947202240.0,242451,419.24,5,419.22,2,419.26,9,419.2,7,419.28,6,419.18,6,419.3,15,419.16,1,419.32,5,419.14,15
1597988440129299968,1597988440408000000,2020-08-21 13:40:40.408000,419.22,420.88,414.8,417.0,nan,417.796,272735,113947621460.0,242450,419.24,5,419.22,1,419.26,9,419.2,7,419.28,6,419.18,6,419.3,15,419.16,1,419.32,5,419.14,15
1597988440639759104,1597988440938999808,2020-08-21 13:40:40.939000,419.24,420.88,414.8,417.0,nan,417.796,272740,113949717660.0,242448,419.26,9,419.22,1,419.28,6,419.2,9,419.3,15,419.18,6,419.32,5,419.16,1,419.34,2,419.14,15
1597988441123525120,1597988441420999936,2020-08-21 13:40:41.421000,419.24,420.88,414.8,417.0,nan,417.796,272740,113949717660.0,242448,419.26,8,419.22,1,419.28,6,419.2,9,419.3,15,419.18,6,419.32,5,419.16,1,419.34,2,419.14,15
1597988441621479936,1597988441924000000,2020-08-21 13:40:41.924000,419.24,420.88,414.8,417.0,nan,417.796,272740,113949717660.0,242448,419.26,7,419.22,1,419.28,6,419.2,9,419.3,15,419.18,6,419.32,5,419.16,1,419.34,2,419.14,15
1597988442126701056,1597988442428000000,2020-08-21 13:40:42.428000,419.26,420.88,414.8,417.0,nan,417.796,272741,113950136920.0,242447,419.26,6,419.22,1,419.28,6,419.2,9,419.3,15,419.18,6,419.32,5,419.16,1,419.34,2,419.14,15
1597988442632636928,1597988442924000000,2020-08-21 13:40:42.924000,419.26,420.88,414.8,417.0,nan,417.796,272741,113950136920.0,242447,419.26,6,419.22,3,419.28,5,419.2,9,419.3,15,419.18,7,419.32,5,419.16,1,419.34,2,419.14,15
1597988443119190016,1597988443434000128,2020-08-21 13:40:43.434000,419.26,420.88,414.8,417.0,nan,417.796,272741,113950136920.0,242447,419.26,5,419.24,1,419.28,5,419.22,3,419.3,15,419.2,9,419.32,5,419.18,7,419.34,2,419.16,1
1597988443624092928,1597988443938999808,2020-08-21 13:40:43.939000,419.26,420.88,414.8,417.0,nan,417.796,272741,113950136920.0,242447,419.26,5,419.22,3,419.28,5,419.2,9,419.3,15,419.18,7,419.32,5,419.16,1,419.34,2,419.14,15
1597988445137117952,1597988445427000064,2020-08-21 13:40:45.427000,419.26,420.88,414.8,417.0,nan,417.796,272741,113950136920.0,242447,419.24,1,419.22,3,419.26,5,419.2,9,419.28,5,419.18,7,419.3,15,419.16,1,419.32,5,419.14,15
1597988446136628992,1597988446435000064,2020-08-21 13:40:46.435000,419.26,420.88,414.8,417.0,nan,417.796,272741,113950136920.0,242447,419.24,1,419.22,3,419.26,5,419.2,9,419.28,5,419.18,7,419.3,16,419.16,1,419.32,5,419.14,15
1597988446608843008,1597988446924999936,2020-08-21 13:40:46.925000,419.26,420.88,414.8,417.0,nan,417.796,272741,113950136920.0,242447,419.24,1,419.22,3,419.26,5,419.2,9,419.28,5,419.18,8,419.3,16,419.16,1,419.32,5,419.14,15
1597988447109350912,1597988447360999936,2020-08-21 13:40:47.361000,419.24,420.88,414.8,417.0,nan,417.796,272742,113950556160.0,242447,419.26,5,419.24,3,419.28,5,419.22,3,419.3,16,419.2,9,419.32,5,419.18,8,419.34,2,419.16,1
1597988448624769024,1597988448924999936,2020-08-21 13:40:48.925000,419.24,420.88,414.8,417.0,nan,417.796,272743,113950975400.0,242448,419.26,5,419.24,2,419.28,5,419.22,3,419.3,16,419.2,9,419.32,5,419.18,8,419.34,2,419.16,1
1597988450114543104,1597988450418999808,2020-08-21 13:40:50.419000,419.24,420.88,414.8,417.0,nan,417.796,272743,113950975400.0,242448,419.26,5,419.24,4,419.28,5,419.22,3,419.3,16,419.2,9,419.32,5,419.18,8,419.34,2,419.16,1
1597988450604773888,1597988450928000000,2020-08-21 13:40:50.928000,419.26,420.88,414.8,417.0,nan,417.796,272748,113953071700.0,242451,419.28,5,419.24,5,419.3,16,419.22,3,419.32,5,419.2,9,419.34,2,419.18,8,419.36,3,419.16,1
1597988451110128896,1597988451423000064,2020-08-21 13:40:51.423000,419.26,420.88,414.8,417.0,nan,417.796,272748,113953071700.0,242451,419.28,3,419.24,5,419.3,16,419.22,3,419.32,5,419.2,6,419.34,2,419.18,8,419.36,3,419.16,1
1597988452628819968,1597988452930000128,2020-08-21 13:40:52.930000,419.26,420.88,414.8,417.0,nan,417.796,272748,113953071700.0,242451,419.28,3,419.24,6,419.3,16,419.22,4,419.32,5,419.2,6,419.34,2,419.18,8,419.36,3,419.16,1
1597988453141863936,1597988453424999936,2020-08-21 13:40:53.425000,419.26,420.88,414.8,417.0,nan,417.796,272748,113953071700.0,242451,419.28,4,419.24,6,419.3,16,419.22,4,419.32,5,419.2,6,419.34,2,419.18,8,419.36,3,419.16,1
1597988453627888128,1597988453932000000,2020-08-21 13:40:53.932000,419.24,420.88,414.8,417.0,nan,417.796,272749,113953490940.0,242452,419.28,4,419.24,5,419.3,16,419.22,4,419.32,5,419.2,6,419.34,2,419.18,8,419.36,3,419.16,1
1597988454114438912,1597988454428000000,2020-08-21 13:40:54.428000,419.24,420.88,414.8,417.0,nan,417.796,272750,113953910180.0,242453,419.28,4,419.24,5,419.3,16,419.22,4,419.32,5,419.2,6,419.34,2,419.18,8,419.36,3,419.16,1
1597988454625387008,1597988454931000064,2020-08-21 13:40:54.931000,419.24,420.88,414.8,417.0,nan,417.796,272750,113953910180.0,242453,419.28,4,419.24,5,419.3,16,419.22,4,419.32,5,419.2,6,419.34,2,419.18,9,419.36,3,419.16,1
1597988455125338880,1597988455435000064,2020-08-21 13:40:55.435000,419.28,420.88,414.8,417.0,nan,417.796,272754,113955587260.0,242450,419.28,2,419.24,4,419.3,16,419.22,4,419.32,5,419.2,6,419.34,2,419.18,9,419.36,3,419.16,1
1597988455605370112,1597988455936999936,2020-08-21 13:40:55.937000,419.28,420.88,414.8,417.0,nan,417.796,272754,113955587260.0,242450,419.28,2,419.24,3,419.3,16,419.22,4,419.32,5,419.2,6,419.34,2,419.18,9,419.36,3,419.16,1
1597988456104937984,1597988456432000000,2020-08-21 13:40:56.432000,419.28,420.88,414.8,417.0,nan,417.796,272754,113955587260.0,242450,419.28,2,419.24,5,419.3,16,419.22,4,419.32,5,419.2,6,419.34,2,419.18,9,419.36,3,419.16,1
1597988457115066112,1597988457434000128,2020-08-21 13:40:57.434000,419.28,420.88,414.8,417.0,nan,417.796,272754,113955587260.0,242450,419.28,3,419.24,5,419.3,16,419.22,4,419.32,5,419.2,6,419.34,2,419.18,10,419.36,3,419.16,1
1597988457603749120,1597988457931000064,2020-08-21 13:40:57.931000,419.28,420.88,414.8,417.0,nan,417.796,272757,113956845100.0,242449,419.3,16,419.24,5,419.32,5,419.22,5,419.34,2,419.2,6,419.36,3,419.18,10,419.38,9,419.16,1
1597988458115431936,1597988458434000128,2020-08-21 13:40:58.434000,419.24,420.88,414.8,417.0,nan,417.796,272764,113959779840.0,242445,419.3,16,419.24,2,419.32,5,419.22,5,419.34,2,419.2,6,419.36,3,419.18,10,419.38,9,419.16,1
1597988458616182016,1597988458926000128,2020-08-21 13:40:58.926000,419.24,420.88,414.8,417.0,nan,417.796,272764,113959779840.0,242445,419.28,3,419.24,2,419.3,16,419.22,5,419.32,5,419.2,6,419.34,2,419.18,10,419.36,3,419.16,1
1597988459121089024,1597988459404000000,2020-08-21 13:40:59.404000,419.24,420.88,414.8,417.0,nan,417.796,272764,113959779840.0,242445,419.28,4,419.24,2,419.3,36,419.22,5,419.32,5,419.2,6,419.34,2,419.18,10,419.36,3,419.14,14
1597988459626439936,1597988459904000000,2020-08-21 13:40:59.904000,419.24,420.88,414.8,417.0,nan,417.796,272764,113959779840.0,242445,419.28,4,419.24,1,419.3,37,419.22,5,419.32,5,419.2,6,419.34,2,419.18,10,419.36,3,419.16,2
1597988460135707904,1597988460424999936,2020-08-21 13:41:00.425000,419.28,420.88,414.8,417.0,nan,417.796,272768,113961456960.0,242445,419.3,37,419.28,2,419.32,5,419.24,1,419.34,2,419.22,5,419.36,3,419.2,6,419.38,9,419.18,11
1597988460607571968,1597988460937999872,2020-08-21 13:41:00.938000,419.28,420.88,414.8,417.0,nan,417.796,272770,113962295520.0,242443,419.28,7,419.24,1,419.3,37,419.22,5,419.32,5,419.2,5,419.34,2,419.18,11,419.36,3,419.16,2
1597988461224950016,1597988461427000064,2020-08-21 13:41:01.427000,419.24,420.88,414.8,417.0,nan,417.796,272771,113962714760.0,242443,419.26,1,419.22,5,419.3,37,419.2,5,419.32,5,419.18,11,419.34,2,419.16,2,419.36,3,419.14,14
1597988461610199040,1597988461891000064,2020-08-21 13:41:01.891000,419.24,420.88,414.8,417.0,nan,417.796,272776,113964810960.0,242443,419.3,37,419.24,4,419.32,5,419.22,5,419.34,2,419.2,5,419.36,3,419.18,10,419.38,9,419.16,2
1597988462111320064,1597988462420999936,2020-08-21 13:41:02.421000,419.24,420.88,414.8,417.0,nan,417.796,272777,113965230200.0,242443,419.28,3,419.24,4,419.3,37,419.22,5,419.32,5,419.2,5,419.34,2,419.18,10,419.36,3,419.16,2
1597988462609177088,1597988462911000064,2020-08-21 13:41:02.911000,419.24,420.88,414.8,417.0,nan,417.796,272777,113965230200.0,242443,419.28,3,419.24,4,419.3,38,419.22,5,419.32,5,419.2,5,419.34,2,419.18,10,419.36,3,419.16,2
1597988463124745984,1597988463430000128,2020-08-21 13:41:03.430000,419.24,420.88,414.8,417.0,nan,417.796,272777,113965230200.0,242443,419.28,3,419.24,4,419.3,38,419.22,5,419.32,5,419.2,6,419.34,2,419.18,10,419.36,3,419.16,2
1597988464129251072,1597988464432000000,2020-08-21 13:41:04.432000,419.24,420.88,414.8,417.0,nan,417.796,272781,113966907160.0,242443,419.28,4,419.22,5,419.3,38,419.2,6,419.32,5,419.18,10,419.34,2,419.16,2,419.36,3,419.14,14
1597988464629688064,1597988464926000128,2020-08-21 13:41:04.926000,419.24,420.88,414.8,417.0,nan,417.796,272781,113966907160.0,242443,419.24,5,419.22,5,419.28,4,419.2,6,419.3,38,419.18,10,419.32,5,419.16,2,419.34,2,419.14,14
1597988465140820992,1597988465426000128,2020-08-21 13:41:05.426000,419.24,420.88,414.8,417.0,nan,417.796,272781,113966907160.0,242443,419.24,6,419.22,5,419.28,4,419.2,6,419.3,38,419.18,10,419.32,5,419.16,2,419.34,2,419.14,14
1597988465616040960,1597988465921999872,2020-08-21 13:41:05.922000,419.2,420.88,414.8,417.0,nan,417.796,272791,113971099260.0,242440,419.22,3,419.18,9,419.24,14,419.16,2,419.26,1,419.14,14,419.28,4,419.12,5,419.3,38,419.1,1
1597988466123383040,1597988466433000192,2020-08-21 13:41:06.433000,419.18,420.88,414.8,417.0,nan,417.797,272829,113987028100.0,242459,419.2,8,419.16,2,419.22,8,419.14,14,419.24,14,419.12,5,419.26,1,419.1,1,419.28,4,419.08,7
1597988466616411904,1597988466938999808,2020-08-21 13:41:06.939000,419.18,420.88,414.8,417.0,nan,417.797,272829,113987028100.0,242459,419.2,9,419.14,14,419.22,8,419.12,4,419.24,14,419.1,1,419.26,1,419.08,7,419.28,5,419.06,2
1597988467112753920,1597988467434000128,2020-08-21 13:41:07.434000,419.18,420.88,414.8,417.0,nan,417.797,272829,113987028100.0,242459,419.2,9,419.14,13,419.22,8,419.12,4,419.24,14,419.1,1,419.26,1,419.08,7,419.28,6,419.06,2
1597988467617862912,1597988467888999936,2020-08-21 13:41:07.889000,419.14,420.88,414.8,417.0,nan,417.797,272832,113988285520.0,242459,419.18,1,419.14,9,419.2,9,419.12,4,419.22,8,419.1,2,419.24,14,419.08,7,419.26,1,419.06,2
1597988468130201088,1597988468428000000,2020-08-21 13:41:08.428000,419.14,420.88,414.8,417.0,nan,417.797,272832,113988285520.0,242459,419.16,1,419.14,9,419.18,2,419.12,4,419.2,9,419.1,2,419.22,8,419.08,7,419.24,14,419.06,2
1597988468625254912,1597988468913000192,2020-08-21 13:41:08.913000,419.14,420.88,414.8,417.0,nan,417.797,272834,113989123800.0,242459,419.16,1,419.14,7,419.18,2,419.12,4,419.2,9,419.1,2,419.22,5,419.08,7,419.24,14,419.06,2
1597988469111537920,1597988469435000064,2020-08-21 13:41:09.435000,419.14,420.88,414.8,417.0,nan,417.797,272834,113989123800.0,242459,419.16,11,419.14,7,419.18,2,419.12,4,419.2,9,419.1,2,419.22,5,419.08,7,419.24,14,419.06,2
1597988469612429056,1597988469934000128,2020-08-21 13:41:09.934000,419.16,420.88,414.8,417.0,nan,417.797,272844,113993315260.0,242462,419.16,8,419.14,1,419.18,2,419.12,4,419.2,9,419.1,2,419.22,5,419.08,7,419.24,14,419.06,2
1597988470125437952,1597988470438999808,2020-08-21 13:41:10.439000,419.16,420.88,414.8,417.0,nan,417.797,272846,113994153580.0,242462,419.16,6,419.14,1,419.18,2,419.12,4,419.2,9,419.1,2,419.22,5,419.08,7,419.24,14,419.06,2
1597988470630732032,1597988470926000128,2020-08-21 13:41:10.926000,419.16,420.88,414.8,417.0,nan,417.797,272846,113994153580.0,242462,419.16,7,419.14,1,419.18,2,419.12,4,419.2,9,419.1,2,419.22,5,419.08,7,419.24,14,419.06,2
1597988471128007936,1597988471436000000,2020-08-21 13:41:11.436000,419.16,420.88,414.8,417.0,nan,417.797,272847,113994572740.0,242463,419.16,6,419.14,1,419.18,2,419.12,4,419.2,9,419.1,2,419.22,5,419.08,7,419.24,14,419.06,2
1597988471610042112,1597988471927000064,2020-08-21 13:41:11.927000,419.16,420.88,414.8,417.0,nan,417.797,272849,113995411060.0,242464,419.16,4,419.14,1,419.18,2,419.12,4,419.2,9,419.1,2,419.22,5,419.08,7,419.24,14,419.06,2
1597988472114785024,1597988472436999936,2020-08-21 13:41:12.437000,419.14,420.88,414.8,417.0,nan,417.797,272851,113996249340.0,242465,419.14,5,419.12,4,419.16,4,419.1,2,419.18,2,419.08,7,419.2,9,419.06,2,419.22,5,419.04,2
1597988472602913024,1597988472932000000,2020-08-21 13:41:12.932000,419.14,420.88,414.8,417.0,nan,417.797,272851,113996249340.0,242465,419.14,6,419.12,4,419.16,1,419.1,2,419.18,2,419.08,7,419.2,9,419.06,2,419.22,2,419.04,2
1597988473109320960,1597988473436000000,2020-08-21 13:41:13.436000,419.12,420.88,414.8,417.0,nan,417.797,272853,113997087580.0,242465,419.14,11,419.12,2,419.16,1,419.1,1,419.18,2,419.08,7,419.2,9,419.06,3,419.22,2,419.04,2
1597988473621744128,1597988473928999936,2020-08-21 13:41:13.929000,419.14,420.88,414.8,417.0,nan,417.797,272857,113998764100.0,242468,419.14,9,419.1,1,419.18,2,419.08,7,419.2,9,419.06,3,419.22,2,419.04,2,419.24,14,419.02,8
1597988474113415936,1597988474404000000,2020-08-21 13:41:14.404000,419.14,420.88,414.8,417.0,nan,417.797,272857,113998764100.0,242468,419.14,9,419.1,1,419.18,3,419.08,7,419.2,9,419.06,3,419.22,3,419.04,2,419.24,14,419.02,8
1597988474686998016,1597988474933000192,2020-08-21 13:41:14.933000,419.14,420.88,414.8,417.0,nan,417.797,272859,113999602380.0,242470,419.14,9,419.1,1,419.18,3,419.08,7,419.2,9,419.06,3,419.22,3,419.04,2,419.24,14,419.02,8
1597988475111175936,1597988475437999872,2020-08-21 13:41:15.438000,419.08,420.88,414.8,417.0,nan,417.797,272867,114002955040.0,242475,419.1,1,419.06,3,419.12,2,419.04,2,419.14,9,419.02,8,419.18,3,419.0,20,419.2,10,418.98,2
1597988475654916096,1597988476172000000,2020-08-21 13:41:16.172000,419.06,420.88,414.8,417.0,nan,417.797,272872,114005050480.0,242475,419.08,2,419.06,1,419.1,2,419.04,2,419.12,2,419.02,8,419.14,6,419.0,20,419.18,3,418.98,2
1597988476133017088,1597988476435000064,2020-08-21 13:41:16.435000,419.04,420.88,414.8,417.0,nan,417.797,272874,114005888580.0,242476,419.06,1,419.04,1,419.08,2,419.02,8,419.1,5,419.0,20,419.12,2,418.98,2,419.14,5,418.96,2
1597988476611718912,1597988476930000128,2020-08-21 13:41:16.930000,419.08,420.88,414.8,417.0,nan,417.797,272876,114006726720.0,242476,419.08,1,419.04,1,419.1,3,419.02,8,419.12,2,419.0,21,419.14,5,418.98,2,419.18,3,418.96,2
1597988477117972992,1597988477436000000,2020-08-21 13:41:17.436000,419.08,420.88,414.8,417.0,nan,417.797,272878,114007564860.0,242476,419.08,2,419.04,2,419.1,1,419.02,8,419.12,2,419.0,21,419.14,3,418.98,2,419.18,3,418.96,2
1597988477614565120,1597988477934000128,2020-08-21 13:41:17.934000,419.08,420.88,414.8,417.0,nan,417.797,272881,114008822060.0,242478,419.08,4,419.06,1,419.1,1,419.04,2,419.12,2,419.02,8,419.14,3,419.0,21,419.18,3,418.98,2
1597988478167249920,1597988478742000128,2020-08-21 13:41:18.742000,419.08,420.88,414.8,417.0,nan,417.797,272883,114009660200.0,242478,419.08,3,419.04,3,419.1,1,419.02,8,419.12,2,419.0,21,419.14,3,418.98,2,419.18,2,418.96,2
1597988478609808896,1597988478927000064,2020-08-21 13:41:18.927000,419.08,420.88,414.8,417.0,nan,417.797,272888,114011755520.0,242478,419.1,1,419.04,1,419.12,2,419.02,8,419.14,3,419.0,21,419.18,2,418.98,2,419.2,10,418.96,2
1597988479119073024,1597988479433000192,2020-08-21 13:41:19.433000,419.04,420.88,414.8,417.0,nan,417.797,272891,114013012700.0,242479,419.06,2,419.04,2,419.08,2,419.02,8,419.1,1,419.0,21,419.12,2,418.98,2,419.14,3,418.96,2
1597988479607922944,1597988479936000000,2020-08-21 13:41:19.936000,419.08,420.88,414.8,417.0,nan,417.797,272894,114014269900.0,242480,419.08,1,419.04,2,419.1,1,419.02,9,419.14,3,419.0,21,419.18,2,418.98,2,419.2,10,418.96,2
1597988480104297984,1597988480416999936,2020-08-21 13:41:20.417000,419.08,420.88,414.8,417.0,nan,417.797,272894,114014269900.0,242480,419.08,1,419.06,1,419.1,1,419.04,4,419.14,3,419.02,9,419.16,1,419.0,21,419.18,2,418.98,2
1597988480629150976,1597988480903000064,2020-08-21 13:41:20.903000,419.04,420.88,414.8,417.0,nan,417.797,272895,114014688940.0,242479,419.08,2,419.04,3,419.1,1,419.02,9,419.14,3,419.0,21,419.16,1,418.98,2,419.18,2,418.96,2
1597988481124361984,1597988481438999808,2020-08-21 13:41:21.439000,419.08,420.88,414.8,417.0,nan,417.797,272896,114015108020.0,242480,419.08,1,419.04,1,419.1,1,419.02,9,419.14,3,419.0,21,419.16,1,418.98,2,419.18,2,418.96,2
1597988481620368896,1597988481937999872,2020-08-21 13:41:21.938000,419.08,420.88,414.8,417.0,nan,417.797,272896,114015108020.0,242480,419.08,2,419.04,2,419.1,1,419.02,9,419.14,2,419.0,21,419.16,1,418.98,2,419.18,2,418.96,2
1597988482138365952,1597988482430000128,2020-08-21 13:41:22.430000,419.08,420.88,414.8,417.0,nan,417.797,272898,114015946180.0,242480,419.08,1,419.04,3,419.1,1,419.02,10,419.14,2,419.0,20,419.16,1,418.98,2,419.18,1,418.96,2
1597988483613246976,1597988483932000000,2020-08-21 13:41:23.932000,419.04,420.88,414.8,417.0,nan,417.797,272901,114017203340.0,242477,419.08,1,419.04,1,419.1,1,419.02,10,419.14,2,419.0,20,419.16,1,418.98,2,419.18,1,418.96,2
1597988484121266944,1597988484434000128,2020-08-21 13:41:24.434000,419.08,420.88,414.8,417.0,nan,417.797,272902,114017622420.0,242477,419.1,1,419.04,1,419.14,2,419.02,10,419.16,1,419.0,20,419.18,1,418.98,2,419.2,10,418.96,2
1597988484615750912,1597988484915000064,2020-08-21 13:41:24.915000,419.08,420.88,414.8,417.0,nan,417.797,272903,114018041500.0,242477,419.1,3,419.08,4,419.12,1,419.06,1,419.14,2,419.04,2,419.18,1,419.02,10,419.2,10,419.0,20
1597988485140229888,1597988485431000064,2020-08-21 13:41:25.431000,419.04,420.88,414.8,417.0,nan,417.797,272910,114020974960.0,242475,419.04,2,419.02,11,419.1,4,419.0,20,419.12,1,418.98,2,419.14,2,418.96,2,419.18,1,418.92,5
1597988485641154048,1597988485936000000,2020-08-21 13:41:25.936000,419.04,420.88,414.8,417.0,nan,417.797,272913,114022232080.0,242473,419.1,4,419.04,7,419.12,1,419.02,11,419.14,2,419.0,20,419.16,1,418.98,2,419.18,1,418.96,2
1597988486154470912,1597988486721999872,2020-08-21 13:41:26.722000,419.04,420.88,414.8,417.0,nan,417.797,272920,114025165440.0,242474,419.1,3,419.02,11,419.12,1,419.0,20,419.14,2,418.98,2,419.18,1,418.96,3,419.2,10,418.94,2
1597988486631097088,1597988486928000000,2020-08-21 13:41:26.928000,419.02,420.88,414.8,417.0,nan,417.797,272925,114027260560.0,242478,419.08,6,419.02,7,419.1,3,419.0,19,419.12,1,418.98,2,419.14,2,418.96,3,419.18,1,418.94,2
1597988487120066048,1597988487435000064,2020-08-21 13:41:27.435000,419.06,420.88,414.8,417.0,nan,417.797,272926,114027679620.0,242477,419.06,3,419.04,2,419.08,6,419.02,7,419.1,3,419.0,19,419.12,1,418.98,2,419.14,2,418.96,3
