local_nano_time,quote_nano_time,datetime,last_price,highest,lowest,open,close,average,volume,amount,open_interest,ask_price1,ask_volume1,bid_price1,bid_volume1,ask_price2,ask_volume2,bid_price2,bid_volume2,ask_price3,ask_volume3,bid_price3,bid_volume3,ask_price4,ask_volume4,bid_price4,bid_volume4,ask_price5,ask_volume5,bid_price5,bid_volume5
1597988686403540992,1597988687000000000,2020-08-21 13:44:47.000000,5326.0,5419.0,5250.0,5250.0,nan,5374.0,8,429920.0,23,5400.0,1,5330.0,1,nan,0,nan,0,nan,0,nan,0,nan,0,nan,0,nan,0,nan,0
1597988686882704896,1597988687000001024,2020-08-21 13:44:47.000001,5326.0,5419.0,5250.0,5250.0,nan,5374.0,8,429920.0,23,5399.0,2,5330.0,1,nan,0,nan,0,nan,0,nan,0,nan,0,nan,0,nan,0,nan,0
1597988872471269120,1597988873000000000,2020-08-21 13:47:53.000000,5326.0,5419.0,5250.0,5250.0,nan,5374.0,8,429920.0,23,5398.0,1,5330.0,1,nan,0,nan,0,nan,0,nan,0,nan,0,nan,0,nan,0,nan,0
1597988876485019904,1597988877000000000,2020-08-21 13:47:57.000000,5326.0,5419.0,5250.0,5250.0,nan,5374.0,8,429920.0,23,5398.0,1,5325.0,2,nan,0,nan,0,nan,0,nan,0,nan,0,nan,0,nan,0,nan,0
1597988877468164096,1597988878000000000,2020-08-21 13:47:58.000000,5326.0,5419.0,5250.0,5250.0,nan,5374.0,8,429920.0,23,5398.0,1,5326.0,1,nan,0,nan,0,nan,0,nan,0,nan,0,nan,0,nan,0,nan,0
1597990593673039104,1597990594000000000,2020-08-21 14:16:34.000000,5326.0,5419.0,5250.0,5250.0,nan,5374.0,8,429920.0,23,5397.0,2,5326.0,1,nan,0,nan,0,nan,0,nan,0,nan,0,nan,0,nan,0,nan,0
1597990594125462016,1597990594000001024,2020-08-21 14:16:34.000001,5326.0,5419.0,5250.0,5250.0,nan,5374.0,8,429920.0,23,5398.0,1,5326.0,1,nan,0,nan,0,nan,0,nan,0,nan,0,nan,0,nan,0,nan,0
1597990594671859968,1597990595000000000,2020-08-21 14:16:35.000000,5326.0,5419.0,5250.0,5250.0,nan,5374.0,8,429920.0,23,5397.0,2,5326.0,1,nan,0,nan,0,nan,0,nan,0,nan,0,nan,0,nan,0,nan,0
1597990595155090944,1597990595000001024,2020-08-21 14:16:35.000001,5326.0,5419.0,5250.0,5250.0,nan,5374.0,8,429920.0,23,5398.0,1,5326.0,1,nan,0,nan,0,nan,0,nan,0,nan,0,nan,0,nan,0,nan,0
1597990604670141952,1597990605000000000,2020-08-21 14:16:45.000000,5326.0,5419.0,5250.0,5250.0,nan,5374.0,8,429920.0,23,5397.0,2,5326.0,1,nan,0,nan,0,nan,0,nan,0,nan,0,nan,0,nan,0,nan,0
1597990612150120960,1597990612000001024,2020-08-21 14:16:52.000001,5326.0,5419.0,5250.0,5250.0,nan,5374.0,8,429920.0,23,5398.0,1,5326.0,1,nan,0,nan,0,nan,0,nan,0,nan,0,nan,0,nan,0,nan,0
1597990613159143936,1597990613000001024,2020-08-21 14:16:53.000001,5326.0,5419.0,5250.0,5250.0,nan,5374.0,8,429920.0,23,5397.0,2,5326.0,1,nan,0,nan,0,nan,0,nan,0,nan,0,nan,0,nan,0,nan,0
1597990614163795968,1597990614000001024,2020-08-21 14:16:54.000001,5326.0,5419.0,5250.0,5250.0,nan,5374.0,8,429920.0,23,5398.0,1,5326.0,1,nan,0,nan,0,nan,0,nan,0,nan,0,nan,0,nan,0,nan,0
1597990639657381120,1597990640000000000,2020-08-21 14:17:20.000000,5326.0,5419.0,5250.0,5250.0,nan,5374.0,8,429920.0,23,5397.0,2,5326.0,1,nan,0,nan,0,nan,0,nan,0,nan,0,nan,0,nan,0,nan,0
1597990653650507008,1597990654000000000,2020-08-21 14:17:34.000000,5326.0,5419.0,5250.0,5250.0,nan,5374.0,8,429920.0,23,5398.0,1,5326.0,1,nan,0,nan,0,nan,0,nan,0,nan,0,nan,0,nan,0,nan,0
1597990683669207040,1597990684000000000,2020-08-21 14:18:04.000000,5326.0,5419.0,5250.0,5250.0,nan,5374.0,8,429920.0,23,5397.0,2,5326.0,1,nan,0,nan,0,nan,0,nan,0,nan,0,nan,0,nan,0,nan,0
1597990684658330880,1597990685000000000,2020-08-21 14:18:05.000000,5326.0,5419.0,5250.0,5250.0,nan,5374.0,8,429920.0,23,5398.0,1,5326.0,1,nan,0,nan,0,nan,0,nan,0,nan,0,nan,0,nan,0,nan,0
1597990717193438976,1597990717000001024,2020-08-21 14:18:37.000001,5326.0,5419.0,5250.0,5250.0,nan,5374.0,8,429920.0,23,5397.0,2,5326.0,1,nan,0,nan,0,nan,0,nan,0,nan,0,nan,0,nan,0,nan,0
1597990718669943040,1597990719000000000,2020-08-21 14:18:39.000000,5326.0,5419.0,5250.0,5250.0,nan,5374.0,8,429920.0,23,5398.0,1,5326.0,1,nan,0,nan,0,nan,0,nan,0,nan,0,nan,0,nan,0,nan,0
1597990720183465984,1597990720000001024,2020-08-21 14:18:40.000001,5326.0,5419.0,5250.0,5250.0,nan,5374.0,8,429920.0,23,5397.0,2,5326.0,1,nan,0,nan,0,nan,0,nan,0,nan,0,nan,0,nan,0,nan,0
1597990759197508096,1597990759000001024,2020-08-21 14:19:19.000001,5326.0,5419.0,5250.0,5250.0,nan,5374.0,8,429920.0,23,5398.0,1,5326.0,1,nan,0,nan,0,nan,0,nan,0,nan,0,nan,0,nan,0,nan,0
1597991082333134080,1597991083000000000,2020-08-21 14:24:43.000000,5326.0,5419.0,5250.0,5250.0,nan,5374.0,8,429920.0,23,5397.0,2,5326.0,1,nan,0,nan,0,nan,0,nan,0,nan,0,nan,0,nan,0,nan,0
1597991085837670912,1597991086000001024,2020-08-21 14:24:46.000001,5326.0,5419.0,5250.0,5250.0,nan,5374.0,8,429920.0,23,5398.0,1,5326.0,1,nan,0,nan,0,nan,0,nan,0,nan,0,nan,0,nan,0,nan,0
1597991111829041920,1597991112000001024,2020-08-21 14:25:12.000001,5326.0,5419.0,5250.0,5250.0,nan,5374.0,8,429920.0,23,5397.0,2,5326.0,1,nan,0,nan,0,nan,0,nan,0,nan,0,nan,0,nan,0,nan,0
1597991118337184000,1597991119000000000,2020-08-21 14:25:19.000000,5326.0,5419.0,5250.0,5250.0,nan,5374.0,8,429920.0,23,5398.0,1,5326.0,1,nan,0,nan,0,nan,0,nan,0,nan,0,nan,0,nan,0,nan,0
1597991122847303936,1597991123000001024,2020-08-21 14:25:23.000001,5326.0,5419.0,5250.0,5250.0,nan,5374.0,8,429920.0,23,5397.0,2,5326.0,1,nan,0,nan,0,nan,0,nan,0,nan,0,nan,0,nan,0,nan,0
1597991123350277888,1597991124000000000,2020-08-21 14:25:24.000000,5326.0,5419.0,5250.0,5250.0,nan,5374.0,8,429920.0,23,5398.0,1,5326.0,1,nan,0,nan,0,nan,0,nan,0,nan,0,nan,0,nan,0,nan,0
1597991124344288000,1597991125000000000,2020-08-21 14:25:25.000000,5326.0,5419.0,5250.0,5250.0,nan,5374.0,8,429920.0,23,5397.0,2,5326.0,1,nan,0,nan,0,nan,0,nan,0,nan,0,nan,0,nan,0,nan,0
1597991124841959936,1597991125000001024,2020-08-21 14:25:25.000001,5326.0,5419.0,5250.0,5250.0,nan,5374.0,8,429920.0,23,5398.0,1,5326.0,1,nan,0,nan,0,nan,0,nan,0,nan,0,nan,0,nan,0,nan,0
1597991127345078016,1597991128000000000,2020-08-21 14:25:28.000000,5326.0,5419.0,5250.0,5250.0,nan,5374.0,8,429920.0,23,5397.0,2,5326.0,1,nan,0,nan,0,nan,0,nan,0,nan,0,nan,0,nan,0,nan,0
1597991131388955904,1597991132000000000,2020-08-21 14:25:32.000000,5326.0,5419.0,5250.0,5250.0,nan,5374.0,8,429920.0,23,5398.0,1,5326.0,1,nan,0,nan,0,nan,0,nan,0,nan,0,nan,0,nan,0,nan,0
1597991140385331968,1597991141000000000,2020-08-21 14:25:41.000000,5326.0,5419.0,5250.0,5250.0,nan,5374.0,8,429920.0,23,5397.0,2,5326.0,1,nan,0,nan,0,nan,0,nan,0,nan,0,nan,0,nan,0,nan,0
1597991180363642112,1597991181000000000,2020-08-21 14:26:21.000000,5326.0,5419.0,5250.0,5250.0,nan,5374.0,8,429920.0,23,5398.0,1,5326.0,1,nan,0,nan,0,nan,0,nan,0,nan,0,nan,0,nan,0,nan,0
1597991180871275008,1597991181000001024,2020-08-21 14:26:21.000001,5326.0,5419.0,5250.0,5250.0,nan,5374.0,8,429920.0,23,5397.0,2,5326.0,1,nan,0,nan,0,nan,0,nan,0,nan,0,nan,0,nan,0,nan,0
1597991238880727040,1597991239000001024,2020-08-21 14:27:19.000001,5326.0,5419.0,5250.0,5250.0,nan,5374.0,8,429920.0,23,5398.0,1,5326.0,1,nan,0,nan,0,nan,0,nan,0,nan,0,nan,0,nan,0,nan,0
1597991241395142912,1597991242000000000,2020-08-21 14:27:22.000000,5326.0,5419.0,5250.0,5250.0,nan,5374.0,8,429920.0,23,5397.0,2,5326.0,1,nan,0,nan,0,nan,0,nan,0,nan,0,nan,0,nan,0,nan,0
1597991247389839104,1597991248000000000,2020-08-21 14:27:28.000000,5326.0,5419.0,5250.0,5250.0,nan,5374.0,8,429920.0,23,5398.0,1,5326.0,1,nan,0,nan,0,nan,0,nan,0,nan,0,nan,0,nan,0,nan,0
1597991248408428032,1597991249000000000,2020-08-21 14:27:29.000000,5326.0,5419.0,5250.0,5250.0,nan,5374.0,8,429920.0,23,5397.0,2,5326.0,1,nan,0,nan,0,nan,0,nan,0,nan,0,nan,0,nan,0,nan,0
1597991251900283904,1597991252000001024,2020-08-21 14:27:32.000001,5326.0,5419.0,5250.0,5250.0,nan,5374.0,8,429920.0,23,5398.0,1,5326.0,1,nan,0,nan,0,nan,0,nan,0,nan,0,nan,0,nan,0,nan,0
1597991298913484032,1597991299000001024,2020-08-21 14:28:19.000001,5326.0,5419.0,5250.0,5250.0,nan,5374.0,8,429920.0,23,5397.0,2,5326.0,1,nan,0,nan,0,nan,0,nan,0,nan,0,nan,0,nan,0,nan,0
1597991299912370944,1597991300000001024,2020-08-21 14:28:20.000001,5326.0,5419.0,5250.0,5250.0,nan,5374.0,8,429920.0,23,5398.0,1,5326.0,1,nan,0,nan,0,nan,0,nan,0,nan,0,nan,0,nan,0,nan,0
1597991302416438016,1597991303000000000,2020-08-21 14:28:23.000000,5326.0,5419.0,5250.0,5250.0,nan,5374.0,8,429920.0,23,5397.0,2,5326.0,1,nan,0,nan,0,nan,0,nan,0,nan,0,nan,0,nan,0,nan,0
1597991306439284992,1597991307000000000,2020-08-21 14:28:27.000000,5326.0,5419.0,5250.0,5250.0,nan,5374.0,8,429920.0,23,5398.0,1,5326.0,1,nan,0,nan,0,nan,0,nan,0,nan,0,nan,0,nan,0,nan,0
1597991315921072896,1597991316000001024,2020-08-21 14:28:36.000001,5326.0,5419.0,5250.0,5250.0,nan,5374.0,8,429920.0,23,5397.0,2,5326.0,1,nan,0,nan,0,nan,0,nan,0,nan,0,nan,0,nan,0,nan,0
1597991318925996032,1597991319000001024,2020-08-21 14:28:39.000001,5326.0,5419.0,5250.0,5250.0,nan,5374.0,8,429920.0,23,5398.0,1,5326.0,1,nan,0,nan,0,nan,0,nan,0,nan,0,nan,0,nan,0,nan,0
1597991322452742912,1597991323000000000,2020-08-21 14:28:43.000000,5326.0,5419.0,5250.0,5250.0,nan,5374.0,8,429920.0,23,5397.0,2,5326.0,1,nan,0,nan,0,nan,0,nan,0,nan,0,nan,0,nan,0,nan,0
1597991323913959936,1597991324000001024,2020-08-21 14:28:44.000001,5326.0,5419.0,5250.0,5250.0,nan,5374.0,8,429920.0,23,5398.0,1,5326.0,1,nan,0,nan,0,nan,0,nan,0,nan,0,nan,0,nan,0,nan,0
1597991324419187968,1597991325000000000,2020-08-21 14:28:45.000000,5326.0,5419.0,5250.0,5250.0,nan,5374.0,8,429920.0,23,5397.0,2,5326.0,1,nan,0,nan,0,nan,0,nan,0,nan,0,nan,0,nan,0,nan,0
1597991430963087104,1597991431000001024,2020-08-21 14:30:31.000001,5326.0,5419.0,5250.0,5250.0,nan,5374.0,8,429920.0,23,5398.0,1,5326.0,1,nan,0,nan,0,nan,0,nan,0,nan,0,nan,0,nan,0,nan,0
1597991549500062976,1597991550000000000,2020-08-21 14:32:30.000000,5326.0,5419.0,5250.0,5250.0,nan,5374.0,8,429920.0,23,5397.0,2,5326.0,1,nan,0,nan,0,nan,0,nan,0,nan,0,nan,0,nan,0,nan,0
1597991550535741952,1597991551000000000,2020-08-21 14:32:31.000000,5326.0,5419.0,5250.0,5250.0,nan,5374.0,8,429920.0,23,5398.0,1,5326.0,1,nan,0,nan,0,nan,0,nan,0,nan,0,nan,0,nan,0,nan,0
1597991562544278016,1597991563000000000,2020-08-21 14:32:43.000000,5326.0,5419.0,5250.0,5250.0,nan,5374.0,8,429920.0,23,5397.0,2,5326.0,1,nan,0,nan,0,nan,0,nan,0,nan,0,nan,0,nan,0,nan,0
1597991565511184896,1597991566000000000,2020-08-21 14:32:46.000000,5326.0,5419.0,5250.0,5250.0,nan,5374.0,8,429920.0,23,5398.0,1,5326.0,1,nan,0,nan,0,nan,0,nan,0,nan,0,nan,0,nan,0,nan,0
1597991568010128896,1597991568000001024,2020-08-21 14:32:48.000001,5326.0,5419.0,5250.0,5250.0,nan,5374.0,8,429920.0,23,5397.0,2,5326.0,1,nan,0,nan,0,nan,0,nan,0,nan,0,nan,0,nan,0,nan,0
1597991568536610048,1597991569000000000,2020-08-21 14:32:49.000000,5326.0,5419.0,5250.0,5250.0,nan,5374.0,8,429920.0,23,5398.0,1,5326.0,1,nan,0,nan,0,nan,0,nan,0,nan,0,nan,0,nan,0,nan,0
1597991570013443072,1597991570000001024,2020-08-21 14:32:50.000001,5326.0,5419.0,5250.0,5250.0,nan,5374.0,8,429920.0,23,5397.0,2,5326.0,1,nan,0,nan,0,nan,0,nan,0,nan,0,nan,0,nan,0,nan,0
1597991571011822080,1597991571000001024,2020-08-21 14:32:51.000001,5326.0,5419.0,5250.0,5250.0,nan,5374.0,8,429920.0,23,5398.0,1,5326.0,1,nan,0,nan,0,nan,0,nan,0,nan,0,nan,0,nan,0,nan,0
1597991573005372928,1597991573000001024,2020-08-21 14:32:53.000001,5326.0,5419.0,5250.0,5250.0,nan,5374.0,8,429920.0,23,5397.0,2,5326.0,1,nan,0,nan,0,nan,0,nan,0,nan,0,nan,0,nan,0,nan,0
1597991799610798080,1597991800000000000,2020-08-21 14:36:40.000000,5326.0,5419.0,5250.0,5250.0,nan,5374.0,8,429920.0,23,5398.0,1,5326.0,1,nan,0,nan,0,nan,0,nan,0,nan,0,nan,0,nan,0,nan,0
