local_nano_time,quote_nano_time,datetime,last_price,highest,lowest,open,close,average,volume,amount,open_interest,ask_price1,ask_volume1,bid_price1,bid_volume1,ask_price2,ask_volume2,bid_price2,bid_volume2,ask_price3,ask_volume3,bid_price3,bid_volume3,ask_price4,ask_volume4,bid_price4,bid_volume4,ask_price5,ask_volume5,bid_price5,bid_volume5
1597988226697645056,1597988227224000000,2020-08-21 13:37:07.224000,566.4,569.4,565.4,568.0,nan,567.4,102181,5797749940.0,96891,566.4,113,566.2,181,nan,0,nan,0,nan,0,nan,0,nan,0,nan,0,nan,0,nan,0
1597988227713780992,1597988228239000064,2020-08-21 13:37:08.239000,566.4,569.4,565.4,568.0,nan,567.4,102181,5797749940.0,96891,566.4,114,566.2,181,nan,0,nan,0,nan,0,nan,0,nan,0,nan,0,nan,0,nan,0
1597988228204382976,1597988228728000000,2020-08-21 13:37:08.728000,566.2,569.4,565.4,568.0,nan,567.4,102187,5798090380.0,96885,566.4,116,566.2,175,nan,0,nan,0,nan,0,nan,0,nan,0,nan,0,nan,0,nan,0
1597988228701803008,1597988229198999808,2020-08-21 13:37:09.199000,566.2,569.4,565.4,568.0,nan,567.4,102193,5798430820.0,96885,566.4,116,566.2,172,nan,0,nan,0,nan,0,nan,0,nan,0,nan,0,nan,0,nan,0
1597988231715421952,1597988232226000128,2020-08-21 13:37:12.226000,566.2,569.4,565.4,568.0,nan,567.4,102194,5798487560.0,96884,566.4,116,566.2,171,nan,0,nan,0,nan,0,nan,0,nan,0,nan,0,nan,0,nan,0
1597988232213570048,1597988232742000128,2020-08-21 13:37:12.742000,566.2,569.4,565.4,568.0,nan,567.4,102195,5798544300.0,96884,566.4,116,566.2,170,nan,0,nan,0,nan,0,nan,0,nan,0,nan,0,nan,0,nan,0
1597988232707447040,1597988233224999936,2020-08-21 13:37:13.225000,566.4,569.4,565.4,568.0,nan,567.4,102196,5798601040.0,96883,566.4,115,566.2,170,nan,0,nan,0,nan,0,nan,0,nan,0,nan,0,nan,0,nan,0
1597988233206592000,1597988233696999936,2020-08-21 13:37:13.697000,566.4,569.4,565.4,568.0,nan,567.4,102196,5798601040.0,96883,566.4,115,566.2,172,nan,0,nan,0,nan,0,nan,0,nan,0,nan,0,nan,0,nan,0
1597988234710574080,1597988235193000192,2020-08-21 13:37:15.193000,566.4,569.4,565.4,568.0,nan,567.4,102232,5800643680.0,96883,566.4,89,566.2,162,nan,0,nan,0,nan,0,nan,0,nan,0,nan,0,nan,0,nan,0
1597988235214529024,1597988235608000000,2020-08-21 13:37:15.608000,566.4,569.4,565.4,568.0,nan,567.4,102266,5802572840.0,96895,566.4,88,566.2,178,nan,0,nan,0,nan,0,nan,0,nan,0,nan,0,nan,0,nan,0
1597988235884712960,1597988236221999872,2020-08-21 13:37:16.222000,566.4,569.4,565.4,568.0,nan,567.4,102266,5802572840.0,96895,566.4,91,566.2,181,nan,0,nan,0,nan,0,nan,0,nan,0,nan,0,nan,0,nan,0
1597988237221491968,1597988237740000000,2020-08-21 13:37:17.740000,566.4,569.4,565.4,568.0,nan,567.4,102266,5802572840.0,96895,566.4,92,566.2,181,nan,0,nan,0,nan,0,nan,0,nan,0,nan,0,nan,0,nan,0
1597988237716932096,1597988238211000064,2020-08-21 13:37:18.211000,566.4,569.4,565.4,568.0,nan,567.4,102266,5802572840.0,96895,566.4,107,566.2,192,nan,0,nan,0,nan,0,nan,0,nan,0,nan,0,nan,0,nan,0
1597988239202232064,1597988239690000128,2020-08-21 13:37:19.690000,566.4,569.4,565.4,568.0,nan,567.4,102266,5802572840.0,96895,566.4,107,566.2,193,nan,0,nan,0,nan,0,nan,0,nan,0,nan,0,nan,0,nan,0
1597988240709005056,1597988241204000000,2020-08-21 13:37:21.204000,566.4,569.4,565.4,568.0,nan,567.4,102273,5802970020.0,96894,566.4,114,566.2,187,nan,0,nan,0,nan,0,nan,0,nan,0,nan,0,nan,0,nan,0
1597988241206445056,1597988241731000064,2020-08-21 13:37:21.731000,566.4,569.4,565.4,568.0,nan,567.4,102273,5802970020.0,96894,566.4,115,566.2,193,nan,0,nan,0,nan,0,nan,0,nan,0,nan,0,nan,0,nan,0
1597988241711220992,1597988242229000192,2020-08-21 13:37:22.229000,566.4,569.4,565.4,568.0,nan,567.4,102273,5802970020.0,96894,566.4,114,566.2,193,nan,0,nan,0,nan,0,nan,0,nan,0,nan,0,nan,0,nan,0
1597988242215411968,1597988242733999872,2020-08-21 13:37:22.734000,566.4,569.4,565.4,568.0,nan,567.4,102273,5802970020.0,96894,566.4,123,566.2,193,nan,0,nan,0,nan,0,nan,0,nan,0,nan,0,nan,0,nan,0
1597988244731427072,1597988245219000064,2020-08-21 13:37:25.219000,566.2,569.4,565.4,568.0,nan,567.4,102280,5803367200.0,96894,566.4,123,566.2,186,nan,0,nan,0,nan,0,nan,0,nan,0,nan,0,nan,0,nan,0
1597988245244400896,1597988245700000000,2020-08-21 13:37:25.700000,566.2,569.4,565.4,568.0,nan,567.4,102280,5803367200.0,96894,566.4,117,566.2,177,nan,0,nan,0,nan,0,nan,0,nan,0,nan,0,nan,0,nan,0
1597988246243792896,1597988246723000064,2020-08-21 13:37:26.723000,566.2,569.4,565.4,568.0,nan,567.4,102280,5803367200.0,96894,566.4,127,566.2,187,nan,0,nan,0,nan,0,nan,0,nan,0,nan,0,nan,0,nan,0
1597988250235363072,1597988250739000064,2020-08-21 13:37:30.739000,566.2,569.4,565.4,568.0,nan,567.4,102280,5803367200.0,96894,566.4,117,566.2,187,nan,0,nan,0,nan,0,nan,0,nan,0,nan,0,nan,0,nan,0
1597988251218641920,1597988251737999872,2020-08-21 13:37:31.738000,566.2,569.4,565.4,568.0,nan,567.4,102280,5803367200.0,96894,566.4,117,566.2,187,nan,0,nan,0,nan,0,nan,0,nan,0,nan,0,nan,0,nan,0
1597988251724421120,1597988252190000128,2020-08-21 13:37:32.190000,566.2,569.4,565.4,568.0,nan,567.4,102280,5803367200.0,96894,566.4,124,566.2,187,nan,0,nan,0,nan,0,nan,0,nan,0,nan,0,nan,0,nan,0
1597988255221190912,1597988255737999872,2020-08-21 13:37:35.738000,566.2,569.4,565.4,568.0,nan,567.4,102281,5803423940.0,96894,566.4,124,566.2,186,nan,0,nan,0,nan,0,nan,0,nan,0,nan,0,nan,0,nan,0
1597988255718680064,1597988256232999936,2020-08-21 13:37:36.233000,566.2,569.4,565.4,568.0,nan,567.4,102281,5803423940.0,96894,566.4,124,566.2,198,nan,0,nan,0,nan,0,nan,0,nan,0,nan,0,nan,0,nan,0
1597988257222416896,1597988257727000064,2020-08-21 13:37:37.727000,566.2,569.4,565.4,568.0,nan,567.4,102281,5803423940.0,96894,566.4,124,566.2,199,nan,0,nan,0,nan,0,nan,0,nan,0,nan,0,nan,0,nan,0
1597988259742173952,1597988260211000064,2020-08-21 13:37:40.211000,566.4,569.4,565.4,568.0,nan,567.4,102331,5806260940.0,96871,566.4,66,566.2,199,nan,0,nan,0,nan,0,nan,0,nan,0,nan,0,nan,0,nan,0
1597988260231371008,1597988260736999936,2020-08-21 13:37:40.737000,566.4,569.4,565.4,568.0,nan,567.4,102331,5806260940.0,96871,566.4,66,566.2,202,nan,0,nan,0,nan,0,nan,0,nan,0,nan,0,nan,0,nan,0
1597988261210631936,1597988261736000000,2020-08-21 13:37:41.736000,566.4,569.4,565.4,568.0,nan,567.4,102331,5806260940.0,96871,566.4,69,566.2,202,nan,0,nan,0,nan,0,nan,0,nan,0,nan,0,nan,0,nan,0
1597988262212745984,1597988262742000128,2020-08-21 13:37:42.742000,566.4,569.4,565.4,568.0,nan,567.4,102331,5806260940.0,96871,566.4,69,566.2,203,nan,0,nan,0,nan,0,nan,0,nan,0,nan,0,nan,0,nan,0
1597988263215771904,1597988263740999936,2020-08-21 13:37:43.741000,566.4,569.4,565.4,568.0,nan,567.4,102331,5806260940.0,96871,566.4,69,566.2,203,nan,0,nan,0,nan,0,nan,0,nan,0,nan,0,nan,0,nan,0
1597988264720271104,1597988265232000000,2020-08-21 13:37:45.232000,566.4,569.4,565.4,568.0,nan,567.4,102331,5806260940.0,96871,566.4,69,566.2,214,nan,0,nan,0,nan,0,nan,0,nan,0,nan,0,nan,0,nan,0
1597988265237915904,1597988265709000192,2020-08-21 13:37:45.709000,566.4,569.4,565.4,568.0,nan,567.4,102331,5806260940.0,96871,566.4,69,566.2,215,nan,0,nan,0,nan,0,nan,0,nan,0,nan,0,nan,0,nan,0
1597988266226480128,1597988266729000192,2020-08-21 13:37:46.729000,566.2,569.4,565.4,568.0,nan,567.4,102343,5806941820.0,96865,566.4,79,566.2,193,nan,0,nan,0,nan,0,nan,0,nan,0,nan,0,nan,0,nan,0
1597988266717730048,1597988267224000000,2020-08-21 13:37:47.224000,566.2,569.4,565.4,568.0,nan,567.4,102343,5806941820.0,96865,566.4,79,566.2,199,nan,0,nan,0,nan,0,nan,0,nan,0,nan,0,nan,0,nan,0
1597988267233562880,1597988267736999936,2020-08-21 13:37:47.737000,566.2,569.4,565.4,568.0,nan,567.4,102343,5806941820.0,96865,566.4,99,566.2,209,nan,0,nan,0,nan,0,nan,0,nan,0,nan,0,nan,0,nan,0
1597988267728907008,1597988268177999872,2020-08-21 13:37:48.178000,566.2,569.4,565.4,568.0,nan,567.4,102343,5806941820.0,96865,566.4,109,566.2,209,nan,0,nan,0,nan,0,nan,0,nan,0,nan,0,nan,0,nan,0
1597988271723777024,1597988272233999872,2020-08-21 13:37:52.234000,566.2,569.4,565.4,568.0,nan,567.4,102343,5806941820.0,96865,566.4,106,566.2,209,nan,0,nan,0,nan,0,nan,0,nan,0,nan,0,nan,0,nan,0
1597988272231725056,1597988272740000000,2020-08-21 13:37:52.740000,566.2,569.4,565.4,568.0,nan,567.4,102343,5806941820.0,96865,566.4,96,566.2,209,nan,0,nan,0,nan,0,nan,0,nan,0,nan,0,nan,0,nan,0
1597988272744456960,1597988273233999872,2020-08-21 13:37:53.234000,566.2,569.4,565.4,568.0,nan,567.4,102343,5806941820.0,96865,566.4,106,566.2,209,nan,0,nan,0,nan,0,nan,0,nan,0,nan,0,nan,0,nan,0
1597988273732893952,1597988274236000000,2020-08-21 13:37:54.236000,566.2,569.4,565.4,568.0,nan,567.4,102373,5808644020.0,96849,566.4,86,566.2,167,nan,0,nan,0,nan,0,nan,0,nan,0,nan,0,nan,0,nan,0
1597988274225680896,1597988274724999936,2020-08-21 13:37:54.725000,566.2,569.4,565.4,568.0,nan,567.4,102373,5808644020.0,96849,566.4,94,566.2,181,nan,0,nan,0,nan,0,nan,0,nan,0,nan,0,nan,0,nan,0
1597988274725798912,1597988275239000064,2020-08-21 13:37:55.239000,566.4,569.4,565.4,568.0,nan,567.4,102488,5815169120.0,96906,566.6,292,566.4,14,nan,0,nan,0,nan,0,nan,0,nan,0,nan,0,nan,0,nan,0
1597988275231816960,1597988275727000064,2020-08-21 13:37:55.727000,566.4,569.4,565.4,568.0,nan,567.4,102488,5815169120.0,96906,566.6,282,566.4,33,nan,0,nan,0,nan,0,nan,0,nan,0,nan,0,nan,0,nan,0
1597988275725519872,1597988276240999936,2020-08-21 13:37:56.241000,566.4,569.4,565.4,568.0,nan,567.4,102498,5815736520.0,96896,566.6,322,566.4,53,nan,0,nan,0,nan,0,nan,0,nan,0,nan,0,nan,0,nan,0
1597988276229369088,1597988276736999936,2020-08-21 13:37:56.737000,566.4,569.4,565.4,568.0,nan,567.4,102498,5815736520.0,96896,566.6,322,566.4,54,nan,0,nan,0,nan,0,nan,0,nan,0,nan,0,nan,0,nan,0
1597988276843355904,1597988277226000128,2020-08-21 13:37:57.226000,566.4,569.4,565.4,568.0,nan,567.4,102498,5815736520.0,96896,566.6,332,566.4,64,nan,0,nan,0,nan,0,nan,0,nan,0,nan,0,nan,0,nan,0
1597988277271182080,1597988277706000128,2020-08-21 13:37:57.706000,566.4,569.4,565.4,568.0,nan,567.4,102503,5816020220.0,96896,566.6,321,566.4,49,nan,0,nan,0,nan,0,nan,0,nan,0,nan,0,nan,0,nan,0
1597988277732879872,1597988278236999936,2020-08-21 13:37:58.237000,566.4,569.4,565.4,568.0,nan,567.4,102503,5816020220.0,96896,566.6,321,566.4,42,nan,0,nan,0,nan,0,nan,0,nan,0,nan,0,nan,0,nan,0
1597988278228600064,1597988278736000000,2020-08-21 13:37:58.736000,566.4,569.4,565.4,568.0,nan,567.4,102508,5816303920.0,96896,566.6,321,566.4,37,nan,0,nan,0,nan,0,nan,0,nan,0,nan,0,nan,0,nan,0
1597988278731568128,1597988279236000000,2020-08-21 13:37:59.236000,566.4,569.4,565.4,568.0,nan,567.4,102513,5816587620.0,96896,566.6,331,566.4,45,nan,0,nan,0,nan,0,nan,0,nan,0,nan,0,nan,0,nan,0
1597988279228854016,1597988279720000000,2020-08-21 13:37:59.720000,566.4,569.4,565.4,568.0,nan,567.4,102518,5816871320.0,96901,566.6,321,566.4,41,nan,0,nan,0,nan,0,nan,0,nan,0,nan,0,nan,0,nan,0
1597988279729626880,1597988280161999872,2020-08-21 13:38:00.162000,566.4,569.4,565.4,568.0,nan,567.4,102521,5817041540.0,96903,566.6,331,566.4,38,nan,0,nan,0,nan,0,nan,0,nan,0,nan,0,nan,0,nan,0
1597988280241299968,1597988280742000128,2020-08-21 13:38:00.742000,566.4,569.4,565.4,568.0,nan,567.4,102563,5819424620.0,96887,566.4,39,566.2,206,nan,0,nan,0,nan,0,nan,0,nan,0,nan,0,nan,0,nan,0
1597988280729689088,1597988281236999936,2020-08-21 13:38:01.237000,566.2,569.4,565.4,568.0,nan,567.4,102575,5820105500.0,96887,566.4,54,566.2,174,nan,0,nan,0,nan,0,nan,0,nan,0,nan,0,nan,0,nan,0
1597988281222981120,1597988281742000128,2020-08-21 13:38:01.742000,566.2,569.4,565.4,568.0,nan,567.4,102575,5820105500.0,96887,566.4,123,566.2,194,nan,0,nan,0,nan,0,nan,0,nan,0,nan,0,nan,0,nan,0
1597988281741329920,1597988282193000192,2020-08-21 13:38:02.193000,566.2,569.4,565.4,568.0,nan,567.4,102583,5820559420.0,96886,566.4,132,566.2,186,nan,0,nan,0,nan,0,nan,0,nan,0,nan,0,nan,0,nan,0
1597988282230579968,1597988282712999936,2020-08-21 13:38:02.713000,566.2,569.4,565.4,568.0,nan,567.4,102623,5822829020.0,96899,566.4,138,566.2,146,nan,0,nan,0,nan,0,nan,0,nan,0,nan,0,nan,0,nan,0
1597988282733008896,1597988283233999872,2020-08-21 13:38:03.234000,566.2,569.4,565.4,568.0,nan,567.4,102639,5823736860.0,96905,566.4,148,566.2,108,nan,0,nan,0,nan,0,nan,0,nan,0,nan,0,nan,0,nan,0
1597988283226441984,1597988283733999872,2020-08-21 13:38:03.734000,566.2,569.4,565.4,568.0,nan,567.4,102639,5823736860.0,96905,566.4,153,566.2,108,nan,0,nan,0,nan,0,nan,0,nan,0,nan,0,nan,0,nan,0
1597988284231674880,1597988284706000128,2020-08-21 13:38:04.706000,566.2,569.4,565.4,568.0,nan,567.4,102639,5823736860.0,96905,566.4,163,566.2,108,nan,0,nan,0,nan,0,nan,0,nan,0,nan,0,nan,0,nan,0
1597988284727553024,1597988285234999808,2020-08-21 13:38:05.235000,566.2,569.4,565.4,568.0,nan,567.4,102640,5823793600.0,96906,566.4,183,566.2,108,nan,0,nan,0,nan,0,nan,0,nan,0,nan,0,nan,0,nan,0
1597988285225692928,1597988285714999808,2020-08-21 13:38:05.715000,566.2,569.4,565.4,568.0,nan,567.4,102640,5823793600.0,96906,566.4,183,566.2,107,nan,0,nan,0,nan,0,nan,0,nan,0,nan,0,nan,0,nan,0
1597988286221259008,1597988286732999936,2020-08-21 13:38:06.733000,566.2,569.4,565.4,568.0,nan,567.4,102640,5823793600.0,96906,566.4,183,566.2,87,nan,0,nan,0,nan,0,nan,0,nan,0,nan,0,nan,0,nan,0
1597988286729341952,1597988287240000000,2020-08-21 13:38:07.240000,566.2,569.4,565.4,568.0,nan,567.4,102640,5823793600.0,96906,566.4,183,566.2,78,nan,0,nan,0,nan,0,nan,0,nan,0,nan,0,nan,0,nan,0
1597988288234203904,1597988288730000128,2020-08-21 13:38:08.730000,566.2,569.4,565.4,568.0,nan,567.4,102640,5823793600.0,96906,566.4,193,566.2,78,nan,0,nan,0,nan,0,nan,0,nan,0,nan,0,nan,0,nan,0
1597988288743228928,1597988289240999936,2020-08-21 13:38:09.241000,566.2,569.4,565.4,568.0,nan,567.4,102640,5823793600.0,96906,566.4,197,566.2,73,nan,0,nan,0,nan,0,nan,0,nan,0,nan,0,nan,0,nan,0
1597988291230545920,1597988291740999936,2020-08-21 13:38:11.741000,566.2,569.4,565.4,568.0,nan,567.4,102645,5824077300.0,96911,566.4,210,566.2,69,nan,0,nan,0,nan,0,nan,0,nan,0,nan,0,nan,0,nan,0
1597988291737773056,1597988292223000064,2020-08-21 13:38:12.223000,566.2,569.4,565.4,568.0,nan,567.4,102645,5824077300.0,96911,566.4,210,566.2,79,nan,0,nan,0,nan,0,nan,0,nan,0,nan,0,nan,0,nan,0
1597988292243005952,1597988292713999872,2020-08-21 13:38:12.714000,566.2,569.4,565.4,568.0,nan,567.4,102645,5824077300.0,96911,566.4,210,566.2,79,nan,0,nan,0,nan,0,nan,0,nan,0,nan,0,nan,0,nan,0
1597988295741082880,1597988296236999936,2020-08-21 13:38:16.237000,566.2,569.4,565.4,568.0,nan,567.4,102646,5824134040.0,96911,566.4,210,566.2,78,nan,0,nan,0,nan,0,nan,0,nan,0,nan,0,nan,0,nan,0
1597988296236439040,1597988296737999872,2020-08-21 13:38:16.738000,566.2,569.4,565.4,568.0,nan,567.4,102646,5824134040.0,96911,566.4,210,566.2,91,nan,0,nan,0,nan,0,nan,0,nan,0,nan,0,nan,0,nan,0
1597988297745646080,1597988298234999808,2020-08-21 13:38:18.235000,566.2,569.4,565.4,568.0,nan,567.4,102646,5824134040.0,96911,566.4,211,566.2,104,nan,0,nan,0,nan,0,nan,0,nan,0,nan,0,nan,0,nan,0
1597988298745938944,1597988299232999936,2020-08-21 13:38:19.233000,566.2,569.4,565.4,568.0,nan,567.4,102646,5824134040.0,96911,566.4,212,566.2,104,nan,0,nan,0,nan,0,nan,0,nan,0,nan,0,nan,0,nan,0
1597988299244593920,1597988299731000064,2020-08-21 13:38:19.731000,566.2,569.4,565.4,568.0,nan,567.4,102646,5824134040.0,96911,566.4,222,566.2,104,nan,0,nan,0,nan,0,nan,0,nan,0,nan,0,nan,0,nan,0
1597988303231141888,1597988303732000000,2020-08-21 13:38:23.732000,566.2,569.4,565.4,568.0,nan,567.4,102646,5824134040.0,96911,566.4,234,566.2,104,nan,0,nan,0,nan,0,nan,0,nan,0,nan,0,nan,0,nan,0
1597988303859023104,1597988304239000064,2020-08-21 13:38:24.239000,566.2,569.4,565.4,568.0,nan,567.4,102646,5824134040.0,96911,566.4,235,566.2,104,nan,0,nan,0,nan,0,nan,0,nan,0,nan,0,nan,0,nan,0
1597988304265406976,1597988304743000064,2020-08-21 13:38:24.743000,566.2,569.4,565.4,568.0,nan,567.4,102646,5824134040.0,96911,566.4,235,566.2,94,nan,0,nan,0,nan,0,nan,0,nan,0,nan,0,nan,0,nan,0
1597988304740833024,1597988305243000064,2020-08-21 13:38:25.243000,566.2,569.4,565.4,568.0,nan,567.4,102646,5824134040.0,96911,566.4,235,566.2,105,nan,0,nan,0,nan,0,nan,0,nan,0,nan,0,nan,0,nan,0
1597988305233253120,1597988305742000128,2020-08-21 13:38:25.742000,566.2,569.4,565.4,568.0,nan,567.4,102646,5824134040.0,96911,566.4,235,566.2,115,nan,0,nan,0,nan,0,nan,0,nan,0,nan,0,nan,0,nan,0
1597988306734893056,1597988307209000192,2020-08-21 13:38:27.209000,566.2,569.4,565.4,568.0,nan,567.4,102654,5824587960.0,96911,566.4,235,566.2,117,nan,0,nan,0,nan,0,nan,0,nan,0,nan,0,nan,0,nan,0
1597988307241475072,1597988307742000128,2020-08-21 13:38:27.742000,566.2,569.4,565.4,568.0,nan,567.4,102781,5831793940.0,96908,566.2,6,566.0,472,nan,0,nan,0,nan,0,nan,0,nan,0,nan,0,nan,0,nan,0
1597988307738970880,1597988308243000064,2020-08-21 13:38:28.243000,566.2,569.4,565.4,568.0,nan,567.4,102781,5831793940.0,96908,566.2,21,566.0,442,nan,0,nan,0,nan,0,nan,0,nan,0,nan,0,nan,0,nan,0
1597988308245071872,1597988308734999808,2020-08-21 13:38:28.735000,566.2,569.4,565.4,568.0,nan,567.4,102781,5831793940.0,96908,566.2,56,566.0,472,nan,0,nan,0,nan,0,nan,0,nan,0,nan,0,nan,0,nan,0
1597988309248733952,1597988309736000000,2020-08-21 13:38:29.736000,566.0,569.4,565.4,568.0,nan,567.4,102783,5831907420.0,96908,566.2,66,566.0,490,nan,0,nan,0,nan,0,nan,0,nan,0,nan,0,nan,0,nan,0
1597988309996165120,1597988310227000064,2020-08-21 13:38:30.227000,566.2,569.4,565.4,568.0,nan,567.4,102784,5831964160.0,96909,566.2,65,566.0,490,nan,0,nan,0,nan,0,nan,0,nan,0,nan,0,nan,0,nan,0
1597988310257957120,1597988310736999936,2020-08-21 13:38:30.737000,566.2,569.4,565.4,568.0,nan,567.4,102785,5832020900.0,96908,566.2,64,566.0,490,nan,0,nan,0,nan,0,nan,0,nan,0,nan,0,nan,0,nan,0
1597988314243442944,1597988314734999808,2020-08-21 13:38:34.735000,566.2,569.4,565.4,568.0,nan,567.4,102785,5832020900.0,96908,566.2,64,566.0,500,nan,0,nan,0,nan,0,nan,0,nan,0,nan,0,nan,0,nan,0
1597988314742243072,1597988315232999936,2020-08-21 13:38:35.233000,566.2,569.4,565.4,568.0,nan,567.4,102804,5833098960.0,96903,566.2,49,566.0,500,nan,0,nan,0,nan,0,nan,0,nan,0,nan,0,nan,0,nan,0
1597988315247596032,1597988315729000192,2020-08-21 13:38:35.729000,566.2,569.4,565.4,568.0,nan,567.4,102804,5833098960.0,96903,566.2,40,566.0,500,nan,0,nan,0,nan,0,nan,0,nan,0,nan,0,nan,0,nan,0
1597988315765232896,1597988316223000064,2020-08-21 13:38:36.223000,566.2,569.4,565.4,568.0,nan,567.4,102804,5833098960.0,96903,566.2,40,566.0,512,nan,0,nan,0,nan,0,nan,0,nan,0,nan,0,nan,0,nan,0
1597988316243471872,1597988316742000128,2020-08-21 13:38:36.742000,566.2,569.4,565.4,568.0,nan,567.4,102805,5833155700.0,96904,566.2,39,566.0,512,nan,0,nan,0,nan,0,nan,0,nan,0,nan,0,nan,0,nan,0
1597988316748891904,1597988317240999936,2020-08-21 13:38:37.241000,566.2,569.4,565.4,568.0,nan,567.4,102838,5835028120.0,96929,566.4,236,566.2,14,nan,0,nan,0,nan,0,nan,0,nan,0,nan,0,nan,0,nan,0
1597988317254206976,1597988317716000000,2020-08-21 13:38:37.716000,566.2,569.4,565.4,568.0,nan,567.4,102838,5835028120.0,96929,566.4,206,566.2,21,nan,0,nan,0,nan,0,nan,0,nan,0,nan,0,nan,0,nan,0
1597988317748384000,1597988318232000000,2020-08-21 13:38:38.232000,566.0,569.4,565.4,568.0,nan,567.4,102888,5837865120.0,96964,566.2,20,566.0,526,nan,0,nan,0,nan,0,nan,0,nan,0,nan,0,nan,0,nan,0
1597988318246821888,1597988318716000000,2020-08-21 13:38:38.716000,566.0,569.4,565.4,568.0,nan,567.4,102888,5837865120.0,96964,566.2,39,566.0,506,nan,0,nan,0,nan,0,nan,0,nan,0,nan,0,nan,0,nan,0
1597988318755943936,1597988319234999808,2020-08-21 13:38:39.235000,566.0,569.4,565.4,568.0,nan,567.4,102888,5837865120.0,96964,566.2,59,566.0,526,nan,0,nan,0,nan,0,nan,0,nan,0,nan,0,nan,0,nan,0
1597988319248439040,1597988319726000128,2020-08-21 13:38:39.726000,566.0,569.4,565.4,568.0,nan,567.4,102888,5837865120.0,96964,566.2,92,566.0,526,nan,0,nan,0,nan,0,nan,0,nan,0,nan,0,nan,0,nan,0
1597988319752240128,1597988320240999936,2020-08-21 13:38:40.241000,566.0,569.4,565.4,568.0,nan,567.4,102888,5837865120.0,96964,566.2,92,566.0,514,nan,0,nan,0,nan,0,nan,0,nan,0,nan,0,nan,0,nan,0
1597988320246777088,1597988320740999936,2020-08-21 13:38:40.741000,566.0,569.4,565.4,568.0,nan,567.4,102888,5837865120.0,96964,566.2,94,566.0,514,nan,0,nan,0,nan,0,nan,0,nan,0,nan,0,nan,0,nan,0
1597988320755553024,1597988321233999872,2020-08-21 13:38:41.234000,566.2,569.4,565.4,568.0,nan,567.4,102948,5841269520.0,96973,566.2,25,566.0,504,nan,0,nan,0,nan,0,nan,0,nan,0,nan,0,nan,0,nan,0
1597988321249406976,1597988321743000064,2020-08-21 13:38:41.743000,566.2,569.4,565.4,568.0,nan,567.4,102948,5841269520.0,96973,566.2,15,566.0,504,nan,0,nan,0,nan,0,nan,0,nan,0,nan,0,nan,0,nan,0
1597988321764908032,1597988322233999872,2020-08-21 13:38:42.234000,566.2,569.4,565.4,568.0,nan,567.4,102948,5841269520.0,96973,566.2,25,566.0,514,nan,0,nan,0,nan,0,nan,0,nan,0,nan,0,nan,0,nan,0
1597988324852948992,1597988325237999872,2020-08-21 13:38:45.238000,566.2,569.4,565.4,568.0,nan,567.4,102949,5841326260.0,96973,566.2,24,566.0,514,nan,0,nan,0,nan,0,nan,0,nan,0,nan,0,nan,0,nan,0
1597988325409466112,1597988325742000128,2020-08-21 13:38:45.742000,566.0,569.4,565.4,568.0,nan,567.4,102955,5841666700.0,96975,566.2,41,566.0,508,nan,0,nan,0,nan,0,nan,0,nan,0,nan,0,nan,0,nan,0
1597988325866440960,1597988326224000000,2020-08-21 13:38:46.224000,566.0,569.4,565.4,568.0,nan,567.4,102955,5841666700.0,96975,566.2,42,566.0,508,nan,0,nan,0,nan,0,nan,0,nan,0,nan,0,nan,0,nan,0
1597988326364123904,1597988326737999872,2020-08-21 13:38:46.738000,566.0,569.4,565.4,568.0,nan,567.4,102955,5841666700.0,96975,566.2,42,566.0,506,nan,0,nan,0,nan,0,nan,0,nan,0,nan,0,nan,0,nan,0
1597988330284441088,1597988330712000000,2020-08-21 13:38:50.712000,566.0,569.4,565.4,568.0,nan,567.4,102955,5841666700.0,96975,566.2,44,566.0,506,nan,0,nan,0,nan,0,nan,0,nan,0,nan,0,nan,0,nan,0
1597988330809072128,1597988331240000000,2020-08-21 13:38:51.240000,566.0,569.4,565.4,568.0,nan,567.4,102957,5841780180.0,96975,566.2,42,566.0,504,nan,0,nan,0,nan,0,nan,0,nan,0,nan,0,nan,0,nan,0
1597988331259043072,1597988331743000064,2020-08-21 13:38:51.743000,566.0,569.4,565.4,568.0,nan,567.4,102957,5841780180.0,96975,566.2,42,566.0,507,nan,0,nan,0,nan,0,nan,0,nan,0,nan,0,nan,0,nan,0
1597988332750202112,1597988333239000064,2020-08-21 13:38:53.239000,566.0,569.4,565.4,568.0,nan,567.4,102958,5841836920.0,96975,566.2,42,566.0,506,nan,0,nan,0,nan,0,nan,0,nan,0,nan,0,nan,0,nan,0
1597988333270486016,1597988333742000128,2020-08-21 13:38:53.742000,566.0,569.4,565.4,568.0,nan,567.4,102959,5841893660.0,96976,566.2,42,566.0,505,nan,0,nan,0,nan,0,nan,0,nan,0,nan,0,nan,0,nan,0
1597988334271233024,1597988334691000064,2020-08-21 13:38:54.691000,566.0,569.4,565.4,568.0,nan,567.4,102960,5841950400.0,96976,566.2,54,566.0,504,nan,0,nan,0,nan,0,nan,0,nan,0,nan,0,nan,0,nan,0
1597988334813330944,1597988335183000064,2020-08-21 13:38:55.183000,566.0,569.4,565.4,568.0,nan,567.4,102960,5841950400.0,96976,566.2,64,566.0,504,nan,0,nan,0,nan,0,nan,0,nan,0,nan,0,nan,0,nan,0
1597988336795796992,1597988337237999872,2020-08-21 13:38:57.238000,566.2,569.4,565.4,568.0,nan,567.4,102961,5842007140.0,96977,566.2,63,566.0,504,nan,0,nan,0,nan,0,nan,0,nan,0,nan,0,nan,0,nan,0
1597988337301561088,1597988337703000064,2020-08-21 13:38:57.703000,566.2,569.4,565.4,568.0,nan,567.4,102961,5842007140.0,96977,566.2,63,566.0,509,nan,0,nan,0,nan,0,nan,0,nan,0,nan,0,nan,0,nan,0
1597988337952818944,1597988338239000064,2020-08-21 13:38:58.239000,566.2,569.4,565.4,568.0,nan,567.4,102962,5842063880.0,96978,566.2,62,566.0,509,nan,0,nan,0,nan,0,nan,0,nan,0,nan,0,nan,0,nan,0
1597988338253769984,1597988338732000000,2020-08-21 13:38:58.732000,566.2,569.4,565.4,568.0,nan,567.4,102962,5842063880.0,96978,566.2,67,566.0,509,nan,0,nan,0,nan,0,nan,0,nan,0,nan,0,nan,0,nan,0
1597988338769883904,1597988339243000064,2020-08-21 13:38:59.243000,566.2,569.4,565.4,568.0,nan,567.4,102964,5842177360.0,96978,566.2,57,566.0,499,nan,0,nan,0,nan,0,nan,0,nan,0,nan,0,nan,0,nan,0
1597988339765345024,1597988340240999936,2020-08-21 13:39:00.241000,566.2,569.4,565.4,568.0,nan,567.4,102965,5842234100.0,96978,566.2,66,566.0,509,nan,0,nan,0,nan,0,nan,0,nan,0,nan,0,nan,0,nan,0
1597988340832602880,1597988341237999872,2020-08-21 13:39:01.238000,566.2,569.4,565.4,568.0,nan,567.4,102982,5843198680.0,96979,566.2,72,566.0,514,nan,0,nan,0,nan,0,nan,0,nan,0,nan,0,nan,0,nan,0
1597988341270363904,1597988341742000128,2020-08-21 13:39:01.742000,566.2,569.4,565.4,568.0,nan,567.4,102982,5843198680.0,96979,566.2,77,566.0,528,nan,0,nan,0,nan,0,nan,0,nan,0,nan,0,nan,0,nan,0
1597988341790022912,1597988342244000000,2020-08-21 13:39:02.244000,566.2,569.4,565.4,568.0,nan,567.4,102984,5843312160.0,96979,566.2,97,566.0,528,nan,0,nan,0,nan,0,nan,0,nan,0,nan,0,nan,0,nan,0
1597988342253502976,1597988342734999808,2020-08-21 13:39:02.735000,566.2,569.4,565.4,568.0,nan,567.4,102984,5843312160.0,96979,566.2,124,566.0,528,nan,0,nan,0,nan,0,nan,0,nan,0,nan,0,nan,0,nan,0
1597988342767004928,1597988343236999936,2020-08-21 13:39:03.237000,566.2,569.4,565.4,568.0,nan,567.4,102985,5843368900.0,96979,566.2,123,566.0,528,nan,0,nan,0,nan,0,nan,0,nan,0,nan,0,nan,0,nan,0
1597988343270706944,1597988343740000000,2020-08-21 13:39:03.740000,566.2,569.4,565.4,568.0,nan,567.4,102985,5843368900.0,96979,566.2,130,566.0,528,nan,0,nan,0,nan,0,nan,0,nan,0,nan,0,nan,0,nan,0
1597988344255244032,1597988344743000064,2020-08-21 13:39:04.743000,566.2,569.4,565.4,568.0,nan,567.4,102986,5843425640.0,96979,566.2,129,566.0,528,nan,0,nan,0,nan,0,nan,0,nan,0,nan,0,nan,0,nan,0
1597988344764110080,1597988345236999936,2020-08-21 13:39:05.237000,566.2,569.4,565.4,568.0,nan,567.4,102988,5843539120.0,96979,566.2,127,566.0,527,nan,0,nan,0,nan,0,nan,0,nan,0,nan,0,nan,0,nan,0
1597988347482267904,1597988347711000064,2020-08-21 13:39:07.711000,566.2,569.4,565.4,568.0,nan,567.4,102988,5843539120.0,96979,566.2,127,566.0,530,nan,0,nan,0,nan,0,nan,0,nan,0,nan,0,nan,0,nan,0
1597988347763478016,1597988348233999872,2020-08-21 13:39:08.234000,566.2,569.4,565.4,568.0,nan,567.4,102988,5843539120.0,96979,566.2,131,566.0,530,nan,0,nan,0,nan,0,nan,0,nan,0,nan,0,nan,0,nan,0
1597988349756869888,1597988350240999936,2020-08-21 13:39:10.241000,566.2,569.4,565.4,568.0,nan,567.4,103111,5850518140.0,97021,566.4,171,566.2,4,nan,0,nan,0,nan,0,nan,0,nan,0,nan,0,nan,0,nan,0
1597988350280931072,1597988350743000064,2020-08-21 13:39:10.743000,566.2,569.4,565.4,568.0,nan,567.4,103111,5850518140.0,97021,566.4,153,566.2,46,nan,0,nan,0,nan,0,nan,0,nan,0,nan,0,nan,0,nan,0
1597988350893864960,1597988351211000064,2020-08-21 13:39:11.211000,566.2,569.4,565.4,568.0,nan,567.4,103111,5850518140.0,97021,566.4,174,566.2,76,nan,0,nan,0,nan,0,nan,0,nan,0,nan,0,nan,0,nan,0
1597988351271962112,1597988351736999936,2020-08-21 13:39:11.737000,566.2,569.4,565.4,568.0,nan,567.4,103111,5850518140.0,97021,566.4,194,566.2,77,nan,0,nan,0,nan,0,nan,0,nan,0,nan,0,nan,0,nan,0
1597988351788579072,1597988352243000064,2020-08-21 13:39:12.243000,566.2,569.4,565.4,568.0,nan,567.4,103111,5850518140.0,97021,566.4,204,566.2,87,nan,0,nan,0,nan,0,nan,0,nan,0,nan,0,nan,0,nan,0
1597988352436754944,1597988352734999808,2020-08-21 13:39:12.735000,566.2,569.4,565.4,568.0,nan,567.4,103111,5850518140.0,97021,566.4,224,566.2,97,nan,0,nan,0,nan,0,nan,0,nan,0,nan,0,nan,0,nan,0
1597988352915895040,1597988353220999936,2020-08-21 13:39:13.221000,566.4,569.4,565.4,568.0,nan,567.4,103112,5850574880.0,97021,566.4,223,566.2,97,nan,0,nan,0,nan,0,nan,0,nan,0,nan,0,nan,0,nan,0
1597988353279529984,1597988353730000128,2020-08-21 13:39:13.730000,566.4,569.4,565.4,568.0,nan,567.4,103112,5850574880.0,97021,566.4,223,566.2,101,nan,0,nan,0,nan,0,nan,0,nan,0,nan,0,nan,0,nan,0
1597988354260626944,1597988354724999936,2020-08-21 13:39:14.725000,566.2,569.4,565.4,568.0,nan,567.4,103113,5850631620.0,97020,566.4,223,566.2,100,nan,0,nan,0,nan,0,nan,0,nan,0,nan,0,nan,0,nan,0
1597988355257769984,1597988355742000128,2020-08-21 13:39:15.742000,566.2,569.4,565.4,568.0,nan,567.4,103113,5850631620.0,97020,566.4,226,566.2,100,nan,0,nan,0,nan,0,nan,0,nan,0,nan,0,nan,0,nan,0
1597988355755124992,1597988356224999936,2020-08-21 13:39:16.225000,566.2,569.4,565.4,568.0,nan,567.4,103113,5850631620.0,97020,566.4,226,566.2,103,nan,0,nan,0,nan,0,nan,0,nan,0,nan,0,nan,0,nan,0
1597988356256759040,1597988356732999936,2020-08-21 13:39:16.733000,566.2,569.4,565.4,568.0,nan,567.4,103113,5850631620.0,97020,566.4,230,566.2,123,nan,0,nan,0,nan,0,nan,0,nan,0,nan,0,nan,0,nan,0
1597988356756849920,1597988357214999808,2020-08-21 13:39:17.215000,566.2,569.4,565.4,568.0,nan,567.4,103113,5850631620.0,97020,566.4,220,566.2,123,nan,0,nan,0,nan,0,nan,0,nan,0,nan,0,nan,0,nan,0
1597988357760211968,1597988358234999808,2020-08-21 13:39:18.235000,566.2,569.4,565.4,568.0,nan,567.4,103113,5850631620.0,97020,566.4,224,566.2,123,nan,0,nan,0,nan,0,nan,0,nan,0,nan,0,nan,0,nan,0
1597988360260087040,1597988360740999936,2020-08-21 13:39:20.741000,566.4,569.4,565.4,568.0,nan,567.4,103114,5850688360.0,97020,566.4,225,566.2,123,nan,0,nan,0,nan,0,nan,0,nan,0,nan,0,nan,0,nan,0
1597988360758459904,1597988361153000192,2020-08-21 13:39:21.153000,566.4,569.4,565.4,568.0,nan,567.4,103114,5850688360.0,97020,566.4,225,566.2,126,nan,0,nan,0,nan,0,nan,0,nan,0,nan,0,nan,0,nan,0
1597988362776985088,1597988363240999936,2020-08-21 13:39:23.241000,566.0,569.4,565.4,568.0,nan,567.4,103624,5879625760.0,97186,566.2,55,566.0,149,nan,0,nan,0,nan,0,nan,0,nan,0,nan,0,nan,0,nan,0
1597988363264363008,1597988363716000000,2020-08-21 13:39:23.716000,566.0,569.4,565.4,568.0,nan,567.4,103650,5881101000.0,97199,566.2,173,566.0,88,nan,0,nan,0,nan,0,nan,0,nan,0,nan,0,nan,0,nan,0
1597988363764588032,1597988364230000128,2020-08-21 13:39:24.230000,566.0,569.4,565.4,568.0,nan,567.4,103650,5881101000.0,97199,566.2,234,566.0,141,nan,0,nan,0,nan,0,nan,0,nan,0,nan,0,nan,0,nan,0
1597988364266126080,1597988364740000000,2020-08-21 13:39:24.740000,566.0,569.4,565.4,568.0,nan,567.4,103650,5881101000.0,97199,566.2,244,566.0,141,nan,0,nan,0,nan,0,nan,0,nan,0,nan,0,nan,0,nan,0
1597988364766450944,1597988365242000128,2020-08-21 13:39:25.242000,566.0,569.4,565.4,568.0,nan,567.4,103651,5881157740.0,97199,566.2,264,566.0,150,nan,0,nan,0,nan,0,nan,0,nan,0,nan,0,nan,0,nan,0
1597988365265917952,1597988365728000000,2020-08-21 13:39:25.728000,566.0,569.4,565.4,568.0,nan,567.4,103651,5881157740.0,97199,566.2,288,566.0,170,nan,0,nan,0,nan,0,nan,0,nan,0,nan,0,nan,0,nan,0
1597988366788433920,1597988367232000000,2020-08-21 13:39:27.232000,566.0,569.4,565.4,568.0,nan,567.4,103651,5881157740.0,97199,566.2,293,566.0,170,nan,0,nan,0,nan,0,nan,0,nan,0,nan,0,nan,0,nan,0
1597988367765979904,1597988368209000192,2020-08-21 13:39:28.209000,566.0,569.4,565.4,568.0,nan,567.4,103651,5881157740.0,97199,566.2,297,566.0,170,nan,0,nan,0,nan,0,nan,0,nan,0,nan,0,nan,0,nan,0
1597988368765149952,1597988369236999936,2020-08-21 13:39:29.237000,566.0,569.4,565.4,568.0,nan,567.4,103651,5881157740.0,97199,566.2,302,566.0,170,nan,0,nan,0,nan,0,nan,0,nan,0,nan,0,nan,0,nan,0
1597988370305637120,1597988370739000064,2020-08-21 13:39:30.739000,566.0,569.4,565.4,568.0,nan,567.4,103691,5883427340.0,97182,566.2,302,566.0,121,nan,0,nan,0,nan,0,nan,0,nan,0,nan,0,nan,0,nan,0
1597988370772750080,1597988371223000064,2020-08-21 13:39:31.223000,566.0,569.4,565.4,568.0,nan,567.4,103691,5883427340.0,97182,566.2,302,566.0,114,nan,0,nan,0,nan,0,nan,0,nan,0,nan,0,nan,0,nan,0
1597988371279746048,1597988371739000064,2020-08-21 13:39:31.739000,566.0,569.4,565.4,568.0,nan,567.4,103694,5883597560.0,97182,566.2,296,566.0,111,nan,0,nan,0,nan,0,nan,0,nan,0,nan,0,nan,0,nan,0
1597988373774929920,1597988374216999936,2020-08-21 13:39:34.217000,566.0,569.4,565.4,568.0,nan,567.4,103694,5883597560.0,97182,566.2,302,566.0,111,nan,0,nan,0,nan,0,nan,0,nan,0,nan,0,nan,0,nan,0
1597988374273017088,1597988374736999936,2020-08-21 13:39:34.737000,566.0,569.4,565.4,568.0,nan,567.4,103694,5883597560.0,97182,566.2,306,566.0,111,nan,0,nan,0,nan,0,nan,0,nan,0,nan,0,nan,0,nan,0
1597988374796271104,1597988375244000000,2020-08-21 13:39:35.244000,566.0,569.4,565.4,568.0,nan,567.4,103694,5883597560.0,97182,566.2,316,566.0,111,nan,0,nan,0,nan,0,nan,0,nan,0,nan,0,nan,0,nan,0
1597988375268928000,1597988375732000000,2020-08-21 13:39:35.732000,566.0,569.4,565.4,568.0,nan,567.4,103694,5883597560.0,97182,566.2,317,566.0,111,nan,0,nan,0,nan,0,nan,0,nan,0,nan,0,nan,0,nan,0
1597988375772431104,1597988376240000000,2020-08-21 13:39:36.240000,566.0,569.4,565.4,568.0,nan,567.4,103694,5883597560.0,97182,566.2,321,566.0,111,nan,0,nan,0,nan,0,nan,0,nan,0,nan,0,nan,0,nan,0
1597988376270823936,1597988376744000000,2020-08-21 13:39:36.744000,566.0,569.4,565.4,568.0,nan,567.4,103694,5883597560.0,97182,566.2,317,566.0,127,nan,0,nan,0,nan,0,nan,0,nan,0,nan,0,nan,0,nan,0
1597988376776535040,1597988377236999936,2020-08-21 13:39:37.237000,566.0,569.4,565.4,568.0,nan,567.4,103695,5883654300.0,97183,566.2,321,566.0,126,nan,0,nan,0,nan,0,nan,0,nan,0,nan,0,nan,0,nan,0
1597988377277376000,1597988377743000064,2020-08-21 13:39:37.743000,566.0,569.4,565.4,568.0,nan,567.4,103695,5883654300.0,97183,566.2,321,566.0,133,nan,0,nan,0,nan,0,nan,0,nan,0,nan,0,nan,0,nan,0
1597988377778643968,1597988378224999936,2020-08-21 13:39:38.225000,566.0,569.4,565.4,568.0,nan,567.4,103695,5883654300.0,97183,566.2,322,566.0,133,nan,0,nan,0,nan,0,nan,0,nan,0,nan,0,nan,0,nan,0
1597988378375913984,1597988378743000064,2020-08-21 13:39:38.743000,566.0,569.4,565.4,568.0,nan,567.4,103695,5883654300.0,97183,566.2,324,566.0,133,nan,0,nan,0,nan,0,nan,0,nan,0,nan,0,nan,0,nan,0
1597988379765870080,1597988380232999936,2020-08-21 13:39:40.233000,566.2,569.4,565.4,568.0,nan,567.4,103740,5886207600.0,97193,566.2,271,566.0,133,nan,0,nan,0,nan,0,nan,0,nan,0,nan,0,nan,0,nan,0
1597988380274784000,1597988380729000192,2020-08-21 13:39:40.729000,566.2,569.4,565.4,568.0,nan,567.4,103740,5886207600.0,97193,566.2,272,566.0,143,nan,0,nan,0,nan,0,nan,0,nan,0,nan,0,nan,0,nan,0
1597988380775400960,1597988381234999808,2020-08-21 13:39:41.235000,566.2,569.4,565.4,568.0,nan,567.4,103740,5886207600.0,97193,566.2,291,566.0,153,nan,0,nan,0,nan,0,nan,0,nan,0,nan,0,nan,0,nan,0
1597988381268920064,1597988381719000064,2020-08-21 13:39:41.719000,566.2,569.4,565.4,568.0,nan,567.4,103740,5886207600.0,97193,566.2,291,566.0,173,nan,0,nan,0,nan,0,nan,0,nan,0,nan,0,nan,0,nan,0
1597988384271771904,1597988384744000000,2020-08-21 13:39:44.744000,566.0,569.4,565.4,568.0,nan,567.4,103742,5886321080.0,97195,566.2,291,566.0,171,nan,0,nan,0,nan,0,nan,0,nan,0,nan,0,nan,0,nan,0
1597988384769172992,1597988385243000064,2020-08-21 13:39:45.243000,566.0,569.4,565.4,568.0,nan,567.4,103742,5886321080.0,97195,566.2,291,566.0,174,nan,0,nan,0,nan,0,nan,0,nan,0,nan,0,nan,0,nan,0
1597988385771108096,1597988386194000128,2020-08-21 13:39:46.194000,566.0,569.4,565.4,568.0,nan,567.4,103742,5886321080.0,97195,566.2,304,566.0,174,nan,0,nan,0,nan,0,nan,0,nan,0,nan,0,nan,0,nan,0
1597988387271422976,1597988387728000000,2020-08-21 13:39:47.728000,566.0,569.4,565.4,568.0,nan,567.4,103742,5886321080.0,97195,566.2,305,566.0,174,nan,0,nan,0,nan,0,nan,0,nan,0,nan,0,nan,0,nan,0
1597988391784801024,1597988392243000064,2020-08-21 13:39:52.243000,566.0,569.4,565.4,568.0,nan,567.4,103742,5886321080.0,97195,566.2,305,566.0,175,nan,0,nan,0,nan,0,nan,0,nan,0,nan,0,nan,0,nan,0
1597988393280816896,1597988393729000192,2020-08-21 13:39:53.729000,566.0,569.4,565.4,568.0,nan,567.4,103743,5886377820.0,97195,566.2,305,566.0,174,nan,0,nan,0,nan,0,nan,0,nan,0,nan,0,nan,0,nan,0
1597988393775482880,1597988394243000064,2020-08-21 13:39:54.243000,566.0,569.4,565.4,568.0,nan,567.4,103743,5886377820.0,97195,566.2,305,566.0,180,nan,0,nan,0,nan,0,nan,0,nan,0,nan,0,nan,0,nan,0
1597988394783448064,1597988395243000064,2020-08-21 13:39:55.243000,566.0,569.4,565.4,568.0,nan,567.4,103744,5886434560.0,97196,566.2,305,566.0,179,nan,0,nan,0,nan,0,nan,0,nan,0,nan,0,nan,0,nan,0
1597988395778288128,1597988396236000000,2020-08-21 13:39:56.236000,566.0,569.4,565.4,568.0,nan,567.4,103744,5886434560.0,97196,566.2,308,566.0,179,nan,0,nan,0,nan,0,nan,0,nan,0,nan,0,nan,0,nan,0
1597988397287906048,1597988397743000064,2020-08-21 13:39:57.743000,566.0,569.4,565.4,568.0,nan,567.4,103744,5886434560.0,97196,566.2,317,566.0,162,nan,0,nan,0,nan,0,nan,0,nan,0,nan,0,nan,0,nan,0
1597988397813074944,1597988398239000064,2020-08-21 13:39:58.239000,566.0,569.4,565.4,568.0,nan,567.4,103744,5886434560.0,97196,566.2,318,566.0,162,nan,0,nan,0,nan,0,nan,0,nan,0,nan,0,nan,0,nan,0
1597988398278811904,1597988398740999936,2020-08-21 13:39:58.741000,566.0,569.4,565.4,568.0,nan,567.4,103744,5886434560.0,97196,566.2,319,566.0,162,nan,0,nan,0,nan,0,nan,0,nan,0,nan,0,nan,0,nan,0
1597988400281427968,1597988400744000000,2020-08-21 13:40:00.744000,566.0,569.4,565.4,568.0,nan,567.4,103744,5886434560.0,97196,566.2,320,566.0,162,nan,0,nan,0,nan,0,nan,0,nan,0,nan,0,nan,0,nan,0
1597988400785871872,1597988401224999936,2020-08-21 13:40:01.225000,566.0,569.4,565.4,568.0,nan,567.4,103747,5886604780.0,97196,566.2,320,566.0,159,nan,0,nan,0,nan,0,nan,0,nan,0,nan,0,nan,0,nan,0
1597988401285327872,1597988401703000064,2020-08-21 13:40:01.703000,566.0,569.4,565.4,568.0,nan,567.4,103747,5886604780.0,97196,566.2,321,566.0,165,nan,0,nan,0,nan,0,nan,0,nan,0,nan,0,nan,0,nan,0
1597988401787607040,1597988402216999936,2020-08-21 13:40:02.217000,566.0,569.4,565.4,568.0,nan,567.4,103747,5886604780.0,97196,566.2,324,566.0,165,nan,0,nan,0,nan,0,nan,0,nan,0,nan,0,nan,0,nan,0
1597988402287795968,1597988402742000128,2020-08-21 13:40:02.742000,566.0,569.4,565.4,568.0,nan,567.4,103748,5886661520.0,97196,566.2,324,566.0,164,nan,0,nan,0,nan,0,nan,0,nan,0,nan,0,nan,0,nan,0
1597988403781124096,1597988404240000000,2020-08-21 13:40:04.240000,566.2,569.4,565.4,568.0,nan,567.4,103750,5886775000.0,97196,566.2,312,566.0,154,nan,0,nan,0,nan,0,nan,0,nan,0,nan,0,nan,0,nan,0
1597988404297783040,1597988404734999808,2020-08-21 13:40:04.735000,566.2,569.4,565.4,568.0,nan,567.4,103750,5886775000.0,97196,566.2,322,566.0,154,nan,0,nan,0,nan,0,nan,0,nan,0,nan,0,nan,0,nan,0
1597988404775375872,1597988405221999872,2020-08-21 13:40:05.222000,566.0,569.4,565.4,568.0,nan,567.4,103752,5886888480.0,97194,566.2,322,566.0,155,nan,0,nan,0,nan,0,nan,0,nan,0,nan,0,nan,0,nan,0
1597988406290512896,1597988406744999936,2020-08-21 13:40:06.745000,566.0,569.4,565.4,568.0,nan,567.4,103752,5886888480.0,97194,566.2,312,566.0,155,nan,0,nan,0,nan,0,nan,0,nan,0,nan,0,nan,0,nan,0
1597988406804289024,1597988407236999936,2020-08-21 13:40:07.237000,566.0,569.4,565.4,568.0,nan,567.4,103752,5886888480.0,97194,566.2,312,566.0,157,nan,0,nan,0,nan,0,nan,0,nan,0,nan,0,nan,0,nan,0
1597988408877278976,1597988409211000064,2020-08-21 13:40:09.211000,566.0,569.4,565.4,568.0,nan,567.4,103752,5886888480.0,97194,566.2,323,566.0,157,nan,0,nan,0,nan,0,nan,0,nan,0,nan,0,nan,0,nan,0
1597988411796646912,1597988412224999936,2020-08-21 13:40:12.225000,566.0,569.4,565.4,568.0,nan,567.4,103753,5886945220.0,97194,566.2,323,566.0,156,nan,0,nan,0,nan,0,nan,0,nan,0,nan,0,nan,0,nan,0
1597988412291184128,1597988412708000000,2020-08-21 13:40:12.708000,566.0,569.4,565.4,568.0,nan,567.4,103753,5886945220.0,97194,566.2,323,566.0,173,nan,0,nan,0,nan,0,nan,0,nan,0,nan,0,nan,0,nan,0
1597988412794212096,1597988413236999936,2020-08-21 13:40:13.237000,566.0,569.4,565.4,568.0,nan,567.4,103754,5887001960.0,97194,566.2,320,566.0,172,nan,0,nan,0,nan,0,nan,0,nan,0,nan,0,nan,0,nan,0
1597988413285025024,1597988413709000192,2020-08-21 13:40:13.709000,566.0,569.4,565.4,568.0,nan,567.4,103755,5887058700.0,97194,566.2,320,566.0,171,nan,0,nan,0,nan,0,nan,0,nan,0,nan,0,nan,0,nan,0
1597988413790842112,1597988414230000128,2020-08-21 13:40:14.230000,566.2,569.4,565.4,568.0,nan,567.4,103756,5887115440.0,97194,566.2,323,566.0,175,nan,0,nan,0,nan,0,nan,0,nan,0,nan,0,nan,0,nan,0
1597988414284814080,1597988414728000000,2020-08-21 13:40:14.728000,566.2,569.4,565.4,568.0,nan,567.4,103756,5887115440.0,97194,566.2,323,566.0,181,nan,0,nan,0,nan,0,nan,0,nan,0,nan,0,nan,0,nan,0
1597988414797422080,1597988415240999936,2020-08-21 13:40:15.241000,566.2,569.4,565.4,568.0,nan,567.4,103756,5887115440.0,97194,566.2,325,566.0,181,nan,0,nan,0,nan,0,nan,0,nan,0,nan,0,nan,0,nan,0
1597988415287169024,1597988415740999936,2020-08-21 13:40:15.741000,566.2,569.4,565.4,568.0,nan,567.4,103756,5887115440.0,97194,566.2,335,566.0,185,nan,0,nan,0,nan,0,nan,0,nan,0,nan,0,nan,0,nan,0
1597988418289573888,1597988418734999808,2020-08-21 13:40:18.735000,566.2,569.4,565.4,568.0,nan,567.4,103756,5887115440.0,97194,566.2,332,566.0,185,nan,0,nan,0,nan,0,nan,0,nan,0,nan,0,nan,0,nan,0
1597988418794476032,1597988419226000128,2020-08-21 13:40:19.226000,566.2,569.4,565.4,568.0,nan,567.4,103756,5887115440.0,97194,566.2,323,566.0,190,nan,0,nan,0,nan,0,nan,0,nan,0,nan,0,nan,0,nan,0
1597988419297568000,1597988419665999872,2020-08-21 13:40:19.666000,566.2,569.4,565.4,568.0,nan,567.4,103756,5887115440.0,97194,566.2,333,566.0,196,nan,0,nan,0,nan,0,nan,0,nan,0,nan,0,nan,0,nan,0
1597988421288985088,1597988421740000000,2020-08-21 13:40:21.740000,566.2,569.4,565.4,568.0,nan,567.4,103756,5887115440.0,97194,566.2,333,566.0,195,nan,0,nan,0,nan,0,nan,0,nan,0,nan,0,nan,0,nan,0
1597988421784748032,1597988422221999872,2020-08-21 13:40:22.222000,566.0,569.4,565.4,568.0,nan,567.4,103757,5887172180.0,97194,566.2,333,566.0,194,nan,0,nan,0,nan,0,nan,0,nan,0,nan,0,nan,0,nan,0
1597988422288487936,1597988422721999872,2020-08-21 13:40:22.722000,566.0,569.4,565.4,568.0,nan,567.4,103757,5887172180.0,97194,566.2,333,566.0,201,nan,0,nan,0,nan,0,nan,0,nan,0,nan,0,nan,0,nan,0
1597988422785776896,1597988423237999872,2020-08-21 13:40:23.238000,566.0,569.4,565.4,568.0,nan,567.4,103758,5887228920.0,97194,566.2,333,566.0,200,nan,0,nan,0,nan,0,nan,0,nan,0,nan,0,nan,0,nan,0
1597988423805303040,1597988424240000000,2020-08-21 13:40:24.240000,566.2,569.4,565.4,568.0,nan,567.4,103759,5887285660.0,97194,566.2,332,566.0,200,nan,0,nan,0,nan,0,nan,0,nan,0,nan,0,nan,0,nan,0
1597988424312410112,1597988424730000128,2020-08-21 13:40:24.730000,566.2,569.4,565.4,568.0,nan,567.4,103759,5887285660.0,97194,566.2,332,566.0,203,nan,0,nan,0,nan,0,nan,0,nan,0,nan,0,nan,0,nan,0
1597988425289673984,1597988425719000064,2020-08-21 13:40:25.719000,566.2,569.4,565.4,568.0,nan,567.4,103759,5887285660.0,97194,566.2,341,566.0,203,nan,0,nan,0,nan,0,nan,0,nan,0,nan,0,nan,0,nan,0
1597988425791399936,1597988426244999936,2020-08-21 13:40:26.245000,566.2,569.4,565.4,568.0,nan,567.4,103759,5887285660.0,97194,566.2,341,566.0,204,nan,0,nan,0,nan,0,nan,0,nan,0,nan,0,nan,0,nan,0
1597988426858724096,1597988427206000128,2020-08-21 13:40:27.206000,566.2,569.4,565.4,568.0,nan,567.4,103759,5887285660.0,97194,566.2,352,566.0,204,nan,0,nan,0,nan,0,nan,0,nan,0,nan,0,nan,0,nan,0
1597988428292730880,1597988428744999936,2020-08-21 13:40:28.745000,566.2,569.4,565.4,568.0,nan,567.4,103759,5887285660.0,97194,566.2,352,566.0,205,nan,0,nan,0,nan,0,nan,0,nan,0,nan,0,nan,0,nan,0
1597988428792674048,1597988429244999936,2020-08-21 13:40:29.245000,566.2,569.4,565.4,568.0,nan,567.4,103759,5887285660.0,97194,566.2,351,566.0,205,nan,0,nan,0,nan,0,nan,0,nan,0,nan,0,nan,0,nan,0
1597988429298998016,1597988429729000192,2020-08-21 13:40:29.729000,566.2,569.4,565.4,568.0,nan,567.4,103759,5887285660.0,97194,566.2,353,566.0,205,nan,0,nan,0,nan,0,nan,0,nan,0,nan,0,nan,0,nan,0
1597988429801508096,1597988430239000064,2020-08-21 13:40:30.239000,566.0,569.4,565.4,568.0,nan,567.4,103967,5899087580.0,97307,566.0,40,565.8,335,nan,0,nan,0,nan,0,nan,0,nan,0,nan,0,nan,0,nan,0
1597988430396516096,1597988430742000128,2020-08-21 13:40:30.742000,565.8,569.4,565.4,568.0,nan,567.4,103972,5899371280.0,97304,566.0,154,565.8,332,nan,0,nan,0,nan,0,nan,0,nan,0,nan,0,nan,0,nan,0
1597988430806644992,1597988431200999936,2020-08-21 13:40:31.201000,565.8,569.4,565.4,568.0,nan,567.4,103973,5899428020.0,97305,566.0,187,565.8,361,nan,0,nan,0,nan,0,nan,0,nan,0,nan,0,nan,0,nan,0
1597988431385384960,1597988431661999872,2020-08-21 13:40:31.662000,565.8,569.4,565.4,568.0,nan,567.4,103973,5899428020.0,97305,566.0,199,565.8,336,nan,0,nan,0,nan,0,nan,0,nan,0,nan,0,nan,0,nan,0
1597988431814681088,1597988432244999936,2020-08-21 13:40:32.245000,566.0,569.4,565.4,568.0,nan,567.4,103993,5900562820.0,97301,566.0,181,565.8,338,nan,0,nan,0,nan,0,nan,0,nan,0,nan,0,nan,0,nan,0
1597988432294493952,1597988432740999936,2020-08-21 13:40:32.741000,565.8,569.4,565.4,568.0,nan,567.4,103994,5900619560.0,97302,566.0,181,565.8,347,nan,0,nan,0,nan,0,nan,0,nan,0,nan,0,nan,0,nan,0
1597988432812599040,1597988433243000064,2020-08-21 13:40:33.243000,566.0,569.4,565.4,568.0,nan,567.4,104000,5900960000.0,97303,566.0,186,565.8,356,nan,0,nan,0,nan,0,nan,0,nan,0,nan,0,nan,0,nan,0
1597988433299065088,1597988433737999872,2020-08-21 13:40:33.738000,565.8,569.4,565.4,568.0,nan,567.4,104001,5901016740.0,97304,566.0,203,565.8,365,nan,0,nan,0,nan,0,nan,0,nan,0,nan,0,nan,0,nan,0
1597988433839980032,1597988434242000128,2020-08-21 13:40:34.242000,566.0,569.4,565.4,568.0,nan,567.4,104002,5901073480.0,97304,566.0,224,565.8,368,nan,0,nan,0,nan,0,nan,0,nan,0,nan,0,nan,0,nan,0
1597988434300824064,1597988434737999872,2020-08-21 13:40:34.738000,566.0,569.4,565.4,568.0,nan,567.4,104002,5901073480.0,97304,566.0,225,565.8,367,nan,0,nan,0,nan,0,nan,0,nan,0,nan,0,nan,0,nan,0
1597988434801896960,1597988435239000064,2020-08-21 13:40:35.239000,566.0,569.4,565.4,568.0,nan,567.4,104002,5901073480.0,97304,566.0,237,565.8,367,nan,0,nan,0,nan,0,nan,0,nan,0,nan,0,nan,0,nan,0
1597988435301530112,1597988435726000128,2020-08-21 13:40:35.726000,566.0,569.4,565.4,568.0,nan,567.4,104008,5901413920.0,97304,566.0,240,565.8,366,nan,0,nan,0,nan,0,nan,0,nan,0,nan,0,nan,0,nan,0
1597988435813297920,1597988436244000000,2020-08-21 13:40:36.244000,565.8,569.4,565.4,568.0,nan,567.4,104009,5901470660.0,97305,566.0,243,565.8,365,nan,0,nan,0,nan,0,nan,0,nan,0,nan,0,nan,0,nan,0
1597988436320493056,1597988436740000000,2020-08-21 13:40:36.740000,565.8,569.4,565.4,568.0,nan,567.4,104029,5902605460.0,97293,566.0,243,565.8,364,nan,0,nan,0,nan,0,nan,0,nan,0,nan,0,nan,0,nan,0
1597988436799002112,1597988437242000128,2020-08-21 13:40:37.242000,565.8,569.4,565.4,568.0,nan,567.4,104030,5902662200.0,97294,566.0,251,565.8,363,nan,0,nan,0,nan,0,nan,0,nan,0,nan,0,nan,0,nan,0
1597988437311374080,1597988437720000000,2020-08-21 13:40:37.720000,565.8,569.4,565.4,568.0,nan,567.4,104030,5902662200.0,97294,566.0,268,565.8,367,nan,0,nan,0,nan,0,nan,0,nan,0,nan,0,nan,0,nan,0
1597988438301625088,1597988438724000000,2020-08-21 13:40:38.724000,565.8,569.4,565.4,568.0,nan,567.4,104030,5902662200.0,97294,566.0,286,565.8,367,nan,0,nan,0,nan,0,nan,0,nan,0,nan,0,nan,0,nan,0
1597988438816524032,1597988439244999936,2020-08-21 13:40:39.245000,565.8,569.4,565.4,568.0,nan,567.4,104030,5902662200.0,97294,566.0,298,565.8,367,nan,0,nan,0,nan,0,nan,0,nan,0,nan,0,nan,0,nan,0
1597988439308621056,1597988439734999808,2020-08-21 13:40:39.735000,566.0,569.4,565.4,568.0,nan,567.4,104041,5903286340.0,97299,566.0,287,565.8,363,nan,0,nan,0,nan,0,nan,0,nan,0,nan,0,nan,0,nan,0
1597988439802052096,1597988440224000000,2020-08-21 13:40:40.224000,565.8,569.4,565.4,568.0,nan,567.4,104042,5903343080.0,97300,566.0,287,565.8,365,nan,0,nan,0,nan,0,nan,0,nan,0,nan,0,nan,0,nan,0
1597988440817100032,1597988441234999808,2020-08-21 13:40:41.235000,565.8,569.4,565.4,568.0,nan,567.4,104042,5903343080.0,97300,566.0,277,565.8,365,nan,0,nan,0,nan,0,nan,0,nan,0,nan,0,nan,0,nan,0
1597988441805278976,1597988442187000064,2020-08-21 13:40:42.187000,565.8,569.4,565.4,568.0,nan,567.4,104043,5903399820.0,97300,566.0,277,565.8,364,nan,0,nan,0,nan,0,nan,0,nan,0,nan,0,nan,0,nan,0
1597988442322436096,1597988442744999936,2020-08-21 13:40:42.745000,565.8,569.4,565.4,568.0,nan,567.4,104043,5903399820.0,97300,566.0,265,565.8,364,nan,0,nan,0,nan,0,nan,0,nan,0,nan,0,nan,0,nan,0
1597988443313065984,1597988443744999936,2020-08-21 13:40:43.745000,566.0,569.4,565.4,568.0,nan,567.4,104048,5903683520.0,97305,566.0,260,565.8,364,nan,0,nan,0,nan,0,nan,0,nan,0,nan,0,nan,0,nan,0
1597988443799046912,1597988444208000000,2020-08-21 13:40:44.208000,566.0,569.4,565.4,568.0,nan,567.4,104050,5903797000.0,97307,566.0,259,565.8,366,nan,0,nan,0,nan,0,nan,0,nan,0,nan,0,nan,0,nan,0
1597988445796481024,1597988446243000064,2020-08-21 13:40:46.243000,566.0,569.4,565.4,568.0,nan,567.4,104311,5918606140.0,97360,566.2,156,566.0,36,nan,0,nan,0,nan,0,nan,0,nan,0,nan,0,nan,0,nan,0
1597988446290368000,1597988446740999936,2020-08-21 13:40:46.741000,566.0,569.4,565.4,568.0,nan,567.4,104311,5918606140.0,97360,566.2,116,566.0,127,nan,0,nan,0,nan,0,nan,0,nan,0,nan,0,nan,0,nan,0
1597988446803486976,1597988447240000000,2020-08-21 13:40:47.240000,566.0,569.4,565.4,568.0,nan,567.4,104311,5918606140.0,97360,566.2,156,566.0,168,nan,0,nan,0,nan,0,nan,0,nan,0,nan,0,nan,0,nan,0
1597988447797003008,1597988448232000000,2020-08-21 13:40:48.232000,566.0,569.4,565.4,568.0,nan,567.4,104311,5918606140.0,97360,566.2,166,566.0,178,nan,0,nan,0,nan,0,nan,0,nan,0,nan,0,nan,0,nan,0
1597988448297457920,1597988448746000128,2020-08-21 13:40:48.746000,566.0,569.4,565.4,568.0,nan,567.4,104311,5918606140.0,97360,566.2,176,566.0,178,nan,0,nan,0,nan,0,nan,0,nan,0,nan,0,nan,0,nan,0
1597988449810924032,1597988450244000000,2020-08-21 13:40:50.244000,566.0,569.4,565.4,568.0,nan,567.4,104326,5919457240.0,97345,566.2,176,566.0,163,nan,0,nan,0,nan,0,nan,0,nan,0,nan,0,nan,0,nan,0
1597988450303081984,1597988450732000000,2020-08-21 13:40:50.732000,566.0,569.4,565.4,568.0,nan,567.4,104493,5928932820.0,97439,566.0,83,565.8,373,nan,0,nan,0,nan,0,nan,0,nan,0,nan,0,nan,0,nan,0
1597988450800176896,1597988451224000000,2020-08-21 13:40:51.224000,566.0,569.4,565.4,568.0,nan,567.4,104493,5928932820.0,97439,566.0,105,565.8,344,nan,0,nan,0,nan,0,nan,0,nan,0,nan,0,nan,0,nan,0
1597988451304942080,1597988451743000064,2020-08-21 13:40:51.743000,566.0,569.4,565.4,568.0,nan,567.4,104496,5929103040.0,97442,566.0,122,565.8,351,nan,0,nan,0,nan,0,nan,0,nan,0,nan,0,nan,0,nan,0
1597988451806160896,1597988452242000128,2020-08-21 13:40:52.242000,566.0,569.4,565.4,568.0,nan,567.4,104496,5929103040.0,97442,566.0,142,565.8,354,nan,0,nan,0,nan,0,nan,0,nan,0,nan,0,nan,0,nan,0
1597988452305665024,1597988452732999936,2020-08-21 13:40:52.733000,566.0,569.4,565.4,568.0,nan,567.4,104496,5929103040.0,97442,566.0,168,565.8,365,nan,0,nan,0,nan,0,nan,0,nan,0,nan,0,nan,0,nan,0
1597988452807866880,1597988453180999936,2020-08-21 13:40:53.181000,566.0,569.4,565.4,568.0,nan,567.4,104496,5929103040.0,97442,566.0,169,565.8,345,nan,0,nan,0,nan,0,nan,0,nan,0,nan,0,nan,0,nan,0
1597988453304430080,1597988453731000064,2020-08-21 13:40:53.731000,566.0,569.4,565.4,568.0,nan,567.4,104496,5929103040.0,97442,566.0,189,565.8,345,nan,0,nan,0,nan,0,nan,0,nan,0,nan,0,nan,0,nan,0
1597988453818280960,1597988454232999936,2020-08-21 13:40:54.233000,566.0,569.4,565.4,568.0,nan,567.4,104497,5929159780.0,97443,566.0,188,565.8,355,nan,0,nan,0,nan,0,nan,0,nan,0,nan,0,nan,0,nan,0
1597988454310554880,1597988454709000192,2020-08-21 13:40:54.709000,566.0,569.4,565.4,568.0,nan,567.4,104502,5929443480.0,97448,566.0,181,565.8,358,nan,0,nan,0,nan,0,nan,0,nan,0,nan,0,nan,0,nan,0
1597988454797691904,1597988455242000128,2020-08-21 13:40:55.242000,566.0,569.4,565.4,568.0,nan,567.4,104502,5929443480.0,97448,566.0,191,565.8,363,nan,0,nan,0,nan,0,nan,0,nan,0,nan,0,nan,0,nan,0
1597988456806272000,1597988457240000000,2020-08-21 13:40:57.240000,566.0,569.4,565.4,568.0,nan,567.4,104505,5929613700.0,97451,566.0,188,565.8,363,nan,0,nan,0,nan,0,nan,0,nan,0,nan,0,nan,0,nan,0
1597988457310515968,1597988457743000064,2020-08-21 13:40:57.743000,566.0,569.4,565.4,568.0,nan,567.4,104510,5929897400.0,97456,566.0,183,565.8,366,nan,0,nan,0,nan,0,nan,0,nan,0,nan,0,nan,0,nan,0
1597988458803410944,1597988459173000192,2020-08-21 13:40:59.173000,566.0,569.4,565.4,568.0,nan,567.4,104510,5929897400.0,97456,566.0,286,565.8,366,nan,0,nan,0,nan,0,nan,0,nan,0,nan,0,nan,0,nan,0
1597988460307864064,1597988460742000128,2020-08-21 13:41:00.742000,565.8,569.4,565.4,568.0,nan,567.4,104513,5930067620.0,97456,566.0,286,565.8,368,nan,0,nan,0,nan,0,nan,0,nan,0,nan,0,nan,0,nan,0
1597988460805475072,1597988461244000000,2020-08-21 13:41:01.244000,565.8,569.4,565.4,568.0,nan,567.4,104513,5930067620.0,97456,566.0,270,565.8,376,nan,0,nan,0,nan,0,nan,0,nan,0,nan,0,nan,0,nan,0
1597988461391112960,1597988461696999936,2020-08-21 13:41:01.697000,565.8,569.4,565.4,568.0,nan,567.4,104513,5930067620.0,97456,566.0,273,565.8,377,nan,0,nan,0,nan,0,nan,0,nan,0,nan,0,nan,0,nan,0
1597988461815482112,1597988462244999936,2020-08-21 13:41:02.245000,565.8,569.4,565.4,568.0,nan,567.4,104513,5930067620.0,97456,566.0,278,565.8,377,nan,0,nan,0,nan,0,nan,0,nan,0,nan,0,nan,0,nan,0
1597988462331805952,1597988462739000064,2020-08-21 13:41:02.739000,565.8,569.4,565.4,568.0,nan,567.4,104513,5930067620.0,97456,566.0,283,565.8,377,nan,0,nan,0,nan,0,nan,0,nan,0,nan,0,nan,0,nan,0
1597988462829511936,1597988463236000000,2020-08-21 13:41:03.236000,565.8,569.4,565.4,568.0,nan,567.4,104513,5930067620.0,97456,566.0,292,565.8,377,nan,0,nan,0,nan,0,nan,0,nan,0,nan,0,nan,0,nan,0
1597988463306897920,1597988463732999936,2020-08-21 13:41:03.733000,565.8,569.4,565.4,568.0,nan,567.4,104513,5930067620.0,97456,566.0,308,565.8,377,nan,0,nan,0,nan,0,nan,0,nan,0,nan,0,nan,0,nan,0
1597988463815183872,1597988464237999872,2020-08-21 13:41:04.238000,566.0,569.4,565.4,568.0,nan,567.4,104514,5930124360.0,97457,566.0,307,565.8,377,nan,0,nan,0,nan,0,nan,0,nan,0,nan,0,nan,0,nan,0
1597988464306718976,1597988464740000000,2020-08-21 13:41:04.740000,566.0,569.4,565.4,568.0,nan,567.4,104514,5930124360.0,97457,566.0,311,565.8,380,nan,0,nan,0,nan,0,nan,0,nan,0,nan,0,nan,0,nan,0
1597988465809156096,1597988466186000128,2020-08-21 13:41:06.186000,565.8,569.4,565.4,568.0,nan,567.4,104515,5930181100.0,97458,566.0,311,565.8,379,nan,0,nan,0,nan,0,nan,0,nan,0,nan,0,nan,0,nan,0
1597988466328809984,1597988466744999936,2020-08-21 13:41:06.745000,565.8,569.4,565.4,568.0,nan,567.4,104516,5930237840.0,97459,566.0,311,565.8,378,nan,0,nan,0,nan,0,nan,0,nan,0,nan,0,nan,0,nan,0
1597988470821097984,1597988471236000000,2020-08-21 13:41:11.236000,565.8,569.4,565.4,568.0,nan,567.4,104532,5931145680.0,97475,566.0,332,565.8,362,nan,0,nan,0,nan,0,nan,0,nan,0,nan,0,nan,0,nan,0
1597988471321243904,1597988471719000064,2020-08-21 13:41:11.719000,565.8,569.4,565.4,568.0,nan,567.4,104532,5931145680.0,97475,566.0,331,565.8,368,nan,0,nan,0,nan,0,nan,0,nan,0,nan,0,nan,0,nan,0
1597988471812606976,1597988472231000064,2020-08-21 13:41:12.231000,565.8,569.4,565.4,568.0,nan,567.4,104532,5931145680.0,97475,566.0,333,565.8,368,nan,0,nan,0,nan,0,nan,0,nan,0,nan,0,nan,0,nan,0
1597988472816598016,1597988473236000000,2020-08-21 13:41:13.236000,566.0,569.4,565.4,568.0,nan,567.4,104533,5931202420.0,97475,566.0,332,565.8,368,nan,0,nan,0,nan,0,nan,0,nan,0,nan,0,nan,0,nan,0
1597988473811037952,1597988474236000000,2020-08-21 13:41:14.236000,566.0,569.4,565.4,568.0,nan,567.4,104534,5931259160.0,97476,566.0,331,565.8,368,nan,0,nan,0,nan,0,nan,0,nan,0,nan,0,nan,0,nan,0
1597988474309372928,1597988474733999872,2020-08-21 13:41:14.734000,566.0,569.4,565.4,568.0,nan,567.4,104534,5931259160.0,97476,566.0,332,565.8,371,nan,0,nan,0,nan,0,nan,0,nan,0,nan,0,nan,0,nan,0
1597988474808129024,1597988475232000000,2020-08-21 13:41:15.232000,566.0,569.4,565.4,568.0,nan,567.4,104537,5931429380.0,97476,566.0,326,565.8,374,nan,0,nan,0,nan,0,nan,0,nan,0,nan,0,nan,0,nan,0
1597988475319602944,1597988475724999936,2020-08-21 13:41:15.725000,566.0,569.4,565.4,568.0,nan,567.4,104537,5931429380.0,97476,566.0,336,565.8,374,nan,0,nan,0,nan,0,nan,0,nan,0,nan,0,nan,0,nan,0
1597988475806627072,1597988476232000000,2020-08-21 13:41:16.232000,566.0,569.4,565.4,568.0,nan,567.4,104537,5931429380.0,97476,566.0,340,565.8,374,nan,0,nan,0,nan,0,nan,0,nan,0,nan,0,nan,0,nan,0
1597988476310323968,1597988476743000064,2020-08-21 13:41:16.743000,566.0,569.4,565.4,568.0,nan,567.4,104537,5931429380.0,97476,566.0,350,565.8,374,nan,0,nan,0,nan,0,nan,0,nan,0,nan,0,nan,0,nan,0
1597988476815223040,1597988477193000192,2020-08-21 13:41:17.193000,566.0,569.4,565.4,568.0,nan,567.4,104537,5931429380.0,97476,566.0,356,565.8,374,nan,0,nan,0,nan,0,nan,0,nan,0,nan,0,nan,0,nan,0
1597988477812125952,1597988478232000000,2020-08-21 13:41:18.232000,566.0,569.4,565.4,568.0,nan,567.4,104540,5931599600.0,97478,566.0,355,565.8,373,nan,0,nan,0,nan,0,nan,0,nan,0,nan,0,nan,0,nan,0
1597988478342332928,1597988478742000128,2020-08-21 13:41:18.742000,566.0,569.4,565.4,568.0,nan,567.4,104542,5931713080.0,97478,566.0,353,565.8,374,nan,0,nan,0,nan,0,nan,0,nan,0,nan,0,nan,0,nan,0
1597988478809227008,1597988479240999936,2020-08-21 13:41:19.241000,566.0,569.4,565.4,568.0,nan,567.4,104542,5931713080.0,97478,566.0,353,565.8,379,nan,0,nan,0,nan,0,nan,0,nan,0,nan,0,nan,0,nan,0
1597988480328398080,1597988480733999872,2020-08-21 13:41:20.734000,566.0,569.4,565.4,568.0,nan,567.4,104542,5931713080.0,97478,566.0,354,565.8,379,nan,0,nan,0,nan,0,nan,0,nan,0,nan,0,nan,0,nan,0
1597988482312698112,1597988482739000064,2020-08-21 13:41:22.739000,566.0,569.4,565.4,568.0,nan,567.4,104544,5931826560.0,97479,566.0,352,565.8,383,nan,0,nan,0,nan,0,nan,0,nan,0,nan,0,nan,0,nan,0
1597988482819142912,1597988483240000000,2020-08-21 13:41:23.240000,566.0,569.4,565.4,568.0,nan,567.4,104558,5932620920.0,97490,566.0,338,565.8,383,nan,0,nan,0,nan,0,nan,0,nan,0,nan,0,nan,0,nan,0
1597988483816517888,1597988484239000064,2020-08-21 13:41:24.239000,566.0,569.4,565.4,568.0,nan,567.4,104561,5932791140.0,97491,566.0,325,565.8,373,nan,0,nan,0,nan,0,nan,0,nan,0,nan,0,nan,0,nan,0
1597988484318633984,1597988484732000000,2020-08-21 13:41:24.732000,566.0,569.4,565.4,568.0,nan,567.4,104561,5932791140.0,97491,566.0,315,565.8,376,nan,0,nan,0,nan,0,nan,0,nan,0,nan,0,nan,0,nan,0
1597988484824280064,1597988485237999872,2020-08-21 13:41:25.238000,566.0,569.4,565.4,568.0,nan,567.4,104561,5932791140.0,97491,566.0,325,565.8,386,nan,0,nan,0,nan,0,nan,0,nan,0,nan,0,nan,0,nan,0
1597988485318356992,1597988485655000064,2020-08-21 13:41:25.655000,566.0,569.4,565.4,568.0,nan,567.4,104563,5932904620.0,97491,566.0,313,565.8,378,nan,0,nan,0,nan,0,nan,0,nan,0,nan,0,nan,0,nan,0
1597988486317924096,1597988486736000000,2020-08-21 13:41:26.736000,566.0,569.4,565.4,568.0,nan,567.4,104563,5932904620.0,97491,566.0,328,565.8,388,nan,0,nan,0,nan,0,nan,0,nan,0,nan,0,nan,0,nan,0
1597988491321932032,1597988491728000000,2020-08-21 13:41:31.728000,566.0,569.4,565.4,568.0,nan,567.4,104564,5932961360.0,97492,566.0,317,565.8,378,nan,0,nan,0,nan,0,nan,0,nan,0,nan,0,nan,0,nan,0
1597988491820946944,1597988492224000000,2020-08-21 13:41:32.224000,565.8,569.4,565.4,568.0,nan,567.4,104764,5944309360.0,97425,566.0,317,565.8,257,nan,0,nan,0,nan,0,nan,0,nan,0,nan,0,nan,0,nan,0
1597988492346487040,1597988492744000000,2020-08-21 13:41:32.744000,565.8,569.4,565.4,568.0,nan,567.4,104764,5944309360.0,97425,566.0,330,565.8,267,nan,0,nan,0,nan,0,nan,0,nan,0,nan,0,nan,0,nan,0
1597988492822339072,1597988493237999872,2020-08-21 13:41:33.238000,566.0,569.4,565.4,568.0,nan,567.4,104765,5944366100.0,97425,566.0,332,565.8,247,nan,0,nan,0,nan,0,nan,0,nan,0,nan,0,nan,0,nan,0
1597988493331404032,1597988493742000128,2020-08-21 13:41:33.742000,565.8,569.4,565.4,568.0,nan,567.4,104766,5944422840.0,97426,566.0,332,565.8,246,nan,0,nan,0,nan,0,nan,0,nan,0,nan,0,nan,0,nan,0
1597988493824499968,1597988494226000128,2020-08-21 13:41:34.226000,566.0,569.4,565.4,568.0,nan,567.4,104768,5944536320.0,97427,566.0,333,565.8,245,nan,0,nan,0,nan,0,nan,0,nan,0,nan,0,nan,0,nan,0
1597988494311004928,1597988494744000000,2020-08-21 13:41:34.744000,566.0,569.4,565.4,568.0,nan,567.4,104768,5944536320.0,97427,566.0,344,565.8,255,nan,0,nan,0,nan,0,nan,0,nan,0,nan,0,nan,0,nan,0
1597988497834486016,1597988498239000064,2020-08-21 13:41:38.239000,566.0,569.4,565.4,568.0,nan,567.4,104768,5944536320.0,97427,566.0,351,565.8,255,nan,0,nan,0,nan,0,nan,0,nan,0,nan,0,nan,0,nan,0
1597988499313890048,1597988499736999936,2020-08-21 13:41:39.737000,566.0,569.4,565.4,568.0,nan,567.4,104769,5944593060.0,97428,566.0,340,565.8,245,nan,0,nan,0,nan,0,nan,0,nan,0,nan,0,nan,0,nan,0
1597988499820241920,1597988500219000064,2020-08-21 13:41:40.219000,566.0,569.4,565.4,568.0,nan,567.4,104769,5944593060.0,97428,566.0,340,565.8,248,nan,0,nan,0,nan,0,nan,0,nan,0,nan,0,nan,0,nan,0
1597988500321463040,1597988500740000000,2020-08-21 13:41:40.740000,566.0,569.4,565.4,568.0,nan,567.4,104769,5944593060.0,97428,566.0,340,565.8,258,nan,0,nan,0,nan,0,nan,0,nan,0,nan,0,nan,0,nan,0
1597988502318139904,1597988502744999936,2020-08-21 13:41:42.745000,566.0,569.4,565.4,568.0,nan,567.4,104769,5944593060.0,97428,566.0,345,565.8,258,nan,0,nan,0,nan,0,nan,0,nan,0,nan,0,nan,0,nan,0
1597988503828564992,1597988504242000128,2020-08-21 13:41:44.242000,566.0,569.4,565.4,568.0,nan,567.4,104770,5944649800.0,97428,566.0,344,565.8,257,nan,0,nan,0,nan,0,nan,0,nan,0,nan,0,nan,0,nan,0
1597988504341225984,1597988504743000064,2020-08-21 13:41:44.743000,566.0,569.4,565.4,568.0,nan,567.4,104770,5944649800.0,97428,566.0,344,565.8,264,nan,0,nan,0,nan,0,nan,0,nan,0,nan,0,nan,0,nan,0
1597988504837032960,1597988505242000128,2020-08-21 13:41:45.242000,566.0,569.4,565.4,568.0,nan,567.4,104770,5944649800.0,97428,566.0,344,565.8,278,nan,0,nan,0,nan,0,nan,0,nan,0,nan,0,nan,0,nan,0
1597988506824538112,1597988507242000128,2020-08-21 13:41:47.242000,566.0,569.4,565.4,568.0,nan,567.4,104771,5944706540.0,97427,566.0,343,565.8,278,nan,0,nan,0,nan,0,nan,0,nan,0,nan,0,nan,0,nan,0
1597988507319997952,1597988507746000128,2020-08-21 13:41:47.746000,566.0,569.4,565.4,568.0,nan,567.4,104771,5944706540.0,97427,566.0,343,565.8,281,nan,0,nan,0,nan,0,nan,0,nan,0,nan,0,nan,0,nan,0
1597988507822040064,1597988508240999936,2020-08-21 13:41:48.241000,566.0,569.4,565.4,568.0,nan,567.4,104771,5944706540.0,97427,566.0,353,565.8,281,nan,0,nan,0,nan,0,nan,0,nan,0,nan,0,nan,0,nan,0
1597988509824482048,1597988510206000128,2020-08-21 13:41:50.206000,566.0,569.4,565.4,568.0,nan,567.4,104772,5944763280.0,97426,566.0,352,565.8,281,nan,0,nan,0,nan,0,nan,0,nan,0,nan,0,nan,0,nan,0
1597988510319504896,1597988510740000000,2020-08-21 13:41:50.740000,566.0,569.4,565.4,568.0,nan,567.4,104772,5944763280.0,97426,566.0,352,565.8,283,nan,0,nan,0,nan,0,nan,0,nan,0,nan,0,nan,0,nan,0
1597988511339879936,1597988511724000000,2020-08-21 13:41:51.724000,566.0,569.4,565.4,568.0,nan,567.4,104772,5944763280.0,97426,566.0,353,565.8,283,nan,0,nan,0,nan,0,nan,0,nan,0,nan,0,nan,0,nan,0
1597988511823395072,1597988512232000000,2020-08-21 13:41:52.232000,566.0,569.4,565.4,568.0,nan,567.4,104772,5944763280.0,97426,566.0,353,565.8,293,nan,0,nan,0,nan,0,nan,0,nan,0,nan,0,nan,0,nan,0
1597988512336434944,1597988512736999936,2020-08-21 13:41:52.737000,566.0,569.4,565.4,568.0,nan,567.4,104772,5944763280.0,97426,566.0,353,565.8,294,nan,0,nan,0,nan,0,nan,0,nan,0,nan,0,nan,0,nan,0
1597988513838920960,1597988514231000064,2020-08-21 13:41:54.231000,566.0,569.4,565.4,568.0,nan,567.4,104773,5944820020.0,97426,566.0,352,565.8,294,nan,0,nan,0,nan,0,nan,0,nan,0,nan,0,nan,0,nan,0
1597988514339712000,1597988514742000128,2020-08-21 13:41:54.742000,566.0,569.4,565.4,568.0,nan,567.4,104773,5944820020.0,97426,566.0,352,565.8,296,nan,0,nan,0,nan,0,nan,0,nan,0,nan,0,nan,0,nan,0
1597988514826052096,1597988515243000064,2020-08-21 13:41:55.243000,566.0,569.4,565.4,568.0,nan,567.4,104774,5944876760.0,97425,566.0,352,565.8,296,nan,0,nan,0,nan,0,nan,0,nan,0,nan,0,nan,0,nan,0
1597988515332922112,1597988515688000000,2020-08-21 13:41:55.688000,566.0,569.4,565.4,568.0,nan,567.4,104774,5944876760.0,97425,566.0,352,565.8,297,nan,0,nan,0,nan,0,nan,0,nan,0,nan,0,nan,0,nan,0
1597988516347357952,1597988516936000000,2020-08-21 13:41:56.936000,566.0,569.4,565.4,568.0,nan,567.4,104774,5944876760.0,97425,566.0,354,565.8,297,nan,0,nan,0,nan,0,nan,0,nan,0,nan,0,nan,0,nan,0
1597988518333832960,1597988518928999936,2020-08-21 13:41:58.929000,566.0,569.4,565.4,568.0,nan,567.4,104774,5944876760.0,97425,566.0,351,565.8,297,nan,0,nan,0,nan,0,nan,0,nan,0,nan,0,nan,0,nan,0
1597988518853137920,1597988519336000000,2020-08-21 13:41:59.336000,566.0,569.4,565.4,568.0,nan,567.4,104774,5944876760.0,97425,566.0,347,565.8,297,nan,0,nan,0,nan,0,nan,0,nan,0,nan,0,nan,0,nan,0
1597988519347704064,1597988519868999936,2020-08-21 13:41:59.869000,566.0,569.4,565.4,568.0,nan,567.4,104774,5944876760.0,97425,566.0,351,565.8,297,nan,0,nan,0,nan,0,nan,0,nan,0,nan,0,nan,0,nan,0
1597988519842779904,1597988520426000128,2020-08-21 13:42:00.426000,566.0,569.4,565.4,568.0,nan,567.4,104774,5944876760.0,97425,566.0,351,565.8,301,nan,0,nan,0,nan,0,nan,0,nan,0,nan,0,nan,0,nan,0
1597988520344433920,1597988520897000192,2020-08-21 13:42:00.897000,566.0,569.4,565.4,568.0,nan,567.4,104774,5944876760.0,97425,566.0,351,565.8,307,nan,0,nan,0,nan,0,nan,0,nan,0,nan,0,nan,0,nan,0
1597988521350370048,1597988521926000128,2020-08-21 13:42:01.926000,566.0,569.4,565.4,568.0,nan,567.4,104776,5944990240.0,97425,566.0,352,565.8,304,nan,0,nan,0,nan,0,nan,0,nan,0,nan,0,nan,0,nan,0
1597988521826660096,1597988522244000000,2020-08-21 13:42:02.244000,566.0,569.4,565.4,568.0,nan,567.4,104776,5944990240.0,97425,566.0,352,565.8,310,nan,0,nan,0,nan,0,nan,0,nan,0,nan,0,nan,0,nan,0
1597988523327778048,1597988523740999936,2020-08-21 13:42:03.741000,566.0,569.4,565.4,568.0,nan,567.4,104776,5944990240.0,97425,566.0,354,565.8,310,nan,0,nan,0,nan,0,nan,0,nan,0,nan,0,nan,0,nan,0
1597988523827440896,1597988524224000000,2020-08-21 13:42:04.224000,566.0,569.4,565.4,568.0,nan,567.4,104777,5945046980.0,97425,566.0,353,565.8,320,nan,0,nan,0,nan,0,nan,0,nan,0,nan,0,nan,0,nan,0
1597988524330025984,1597988524736000000,2020-08-21 13:42:04.736000,566.0,569.4,565.4,568.0,nan,567.4,104777,5945046980.0,97425,566.0,353,565.8,323,nan,0,nan,0,nan,0,nan,0,nan,0,nan,0,nan,0,nan,0
1597988525354373120,1597988525935000064,2020-08-21 13:42:05.935000,566.0,569.4,565.4,568.0,nan,567.4,104777,5945046980.0,97425,566.0,356,565.8,323,nan,0,nan,0,nan,0,nan,0,nan,0,nan,0,nan,0,nan,0
1597988525845235968,1597988526228000000,2020-08-21 13:42:06.228000,566.0,569.4,565.4,568.0,nan,567.4,104779,5945160460.0,97425,566.0,354,565.8,323,nan,0,nan,0,nan,0,nan,0,nan,0,nan,0,nan,0,nan,0
1597988526344651008,1597988526892999936,2020-08-21 13:42:06.893000,566.0,569.4,565.4,568.0,nan,567.4,104779,5945160460.0,97425,566.0,354,565.8,326,nan,0,nan,0,nan,0,nan,0,nan,0,nan,0,nan,0,nan,0
1597988528836551936,1597988529335000064,2020-08-21 13:42:09.335000,566.0,569.4,565.4,568.0,nan,567.4,104779,5945160460.0,97425,566.0,374,565.8,326,nan,0,nan,0,nan,0,nan,0,nan,0,nan,0,nan,0,nan,0
1597988533867203072,1597988534424000000,2020-08-21 13:42:14.424000,566.0,569.4,565.4,568.0,nan,567.4,104780,5945217200.0,97425,566.0,373,565.8,326,nan,0,nan,0,nan,0,nan,0,nan,0,nan,0,nan,0,nan,0
1597988534343024128,1597988534926000128,2020-08-21 13:42:14.926000,566.0,569.4,565.4,568.0,nan,567.4,104780,5945217200.0,97425,566.0,373,565.8,332,nan,0,nan,0,nan,0,nan,0,nan,0,nan,0,nan,0,nan,0
1597988536866881024,1597988537436999936,2020-08-21 13:42:17.437000,566.0,569.4,565.4,568.0,nan,567.4,104780,5945217200.0,97425,566.0,373,565.8,382,nan,0,nan,0,nan,0,nan,0,nan,0,nan,0,nan,0,nan,0
1597988538849454080,1597988539388000000,2020-08-21 13:42:19.388000,566.0,569.4,565.4,568.0,nan,567.4,104780,5945217200.0,97425,566.0,374,565.8,382,nan,0,nan,0,nan,0,nan,0,nan,0,nan,0,nan,0,nan,0
1597988539848510976,1597988540433000192,2020-08-21 13:42:20.433000,566.0,569.4,565.4,568.0,nan,567.4,104783,5945387420.0,97425,566.0,373,565.8,382,nan,0,nan,0,nan,0,nan,0,nan,0,nan,0,nan,0,nan,0
1597988540342117888,1597988540915000064,2020-08-21 13:42:20.915000,566.0,569.4,565.4,568.0,nan,567.4,104783,5945387420.0,97425,566.0,373,565.8,387,nan,0,nan,0,nan,0,nan,0,nan,0,nan,0,nan,0,nan,0
1597988541843368960,1597988542404999936,2020-08-21 13:42:22.405000,566.0,569.4,565.4,568.0,nan,567.4,104783,5945387420.0,97425,566.0,370,565.8,387,nan,0,nan,0,nan,0,nan,0,nan,0,nan,0,nan,0,nan,0
1597988542845906944,1597988543424999936,2020-08-21 13:42:23.425000,566.0,569.4,565.4,568.0,nan,567.4,104783,5945387420.0,97425,566.0,370,565.8,391,nan,0,nan,0,nan,0,nan,0,nan,0,nan,0,nan,0,nan,0
1597988543345462016,1597988543901999872,2020-08-21 13:42:23.902000,566.0,569.4,565.4,568.0,nan,567.4,104783,5945387420.0,97425,566.0,372,565.8,391,nan,0,nan,0,nan,0,nan,0,nan,0,nan,0,nan,0,nan,0
1597988543869964032,1597988544432000000,2020-08-21 13:42:24.432000,566.0,569.4,565.4,568.0,nan,567.4,104784,5945444160.0,97425,566.0,371,565.8,391,nan,0,nan,0,nan,0,nan,0,nan,0,nan,0,nan,0,nan,0
1597988544354032128,1597988544898000128,2020-08-21 13:42:24.898000,566.0,569.4,565.4,568.0,nan,567.4,104784,5945444160.0,97425,566.0,371,565.8,394,nan,0,nan,0,nan,0,nan,0,nan,0,nan,0,nan,0,nan,0
1597988544852632064,1597988545395000064,2020-08-21 13:42:25.395000,566.0,569.4,565.4,568.0,nan,567.4,104787,5945614380.0,97425,566.0,368,565.8,390,nan,0,nan,0,nan,0,nan,0,nan,0,nan,0,nan,0,nan,0
1597988545848028928,1597988546427000064,2020-08-21 13:42:26.427000,566.0,569.4,565.4,568.0,nan,567.4,104787,5945614380.0,97425,566.0,368,565.8,391,nan,0,nan,0,nan,0,nan,0,nan,0,nan,0,nan,0,nan,0
1597988546842291968,1597988547426000128,2020-08-21 13:42:27.426000,566.0,569.4,565.4,568.0,nan,567.4,104787,5945614380.0,97425,566.0,368,565.8,392,nan,0,nan,0,nan,0,nan,0,nan,0,nan,0,nan,0,nan,0
1597988547389701888,1597988547719000064,2020-08-21 13:42:27.719000,566.0,569.4,565.4,568.0,nan,567.4,104787,5945614380.0,97425,566.0,368,565.8,391,nan,0,nan,0,nan,0,nan,0,nan,0,nan,0,nan,0,nan,0
1597988548355172096,1597988548931000064,2020-08-21 13:42:28.931000,566.0,569.4,565.4,568.0,nan,567.4,104790,5945784600.0,97425,566.0,366,565.8,391,nan,0,nan,0,nan,0,nan,0,nan,0,nan,0,nan,0,nan,0
1597988548843437056,1597988549428999936,2020-08-21 13:42:29.429000,566.0,569.4,565.4,568.0,nan,567.4,104790,5945784600.0,97425,566.0,366,565.8,396,nan,0,nan,0,nan,0,nan,0,nan,0,nan,0,nan,0,nan,0
1597988550853018880,1597988551404999936,2020-08-21 13:42:31.405000,566.0,569.4,565.4,568.0,nan,567.4,104793,5945954820.0,97425,566.0,363,565.8,396,nan,0,nan,0,nan,0,nan,0,nan,0,nan,0,nan,0,nan,0
1597988551353030912,1597988551829999872,2020-08-21 13:42:31.830000,566.0,569.4,565.4,568.0,nan,567.4,104793,5945954820.0,97425,566.0,363,565.8,395,nan,0,nan,0,nan,0,nan,0,nan,0,nan,0,nan,0,nan,0
1597988551856773120,1597988552436999936,2020-08-21 13:42:32.437000,566.0,569.4,565.4,568.0,nan,567.4,104794,5946011560.0,97424,566.0,362,565.8,395,nan,0,nan,0,nan,0,nan,0,nan,0,nan,0,nan,0,nan,0
1597988552347004928,1597988552898000128,2020-08-21 13:42:32.898000,566.0,569.4,565.4,568.0,nan,567.4,104794,5946011560.0,97424,566.0,364,565.8,396,nan,0,nan,0,nan,0,nan,0,nan,0,nan,0,nan,0,nan,0
1597988553845199872,1597988554434000128,2020-08-21 13:42:34.434000,566.0,569.4,565.4,568.0,nan,567.4,104795,5946068300.0,97424,566.0,363,565.8,396,nan,0,nan,0,nan,0,nan,0,nan,0,nan,0,nan,0,nan,0
1597988554347636992,1597988554935000064,2020-08-21 13:42:34.935000,566.0,569.4,565.4,568.0,nan,567.4,104795,5946068300.0,97424,566.0,365,565.8,399,nan,0,nan,0,nan,0,nan,0,nan,0,nan,0,nan,0,nan,0
1597988555852801024,1597988556431000064,2020-08-21 13:42:36.431000,566.0,569.4,565.4,568.0,nan,567.4,104795,5946068300.0,97424,566.0,365,565.8,402,nan,0,nan,0,nan,0,nan,0,nan,0,nan,0,nan,0,nan,0
1597988556846031872,1597988557396000000,2020-08-21 13:42:37.396000,566.0,569.4,565.4,568.0,nan,567.4,104795,5946068300.0,97424,566.0,366,565.8,452,nan,0,nan,0,nan,0,nan,0,nan,0,nan,0,nan,0,nan,0
1597988557356866048,1597988557924999936,2020-08-21 13:42:37.925000,566.0,569.4,565.4,568.0,nan,567.4,104795,5946068300.0,97424,566.0,366,565.8,454,nan,0,nan,0,nan,0,nan,0,nan,0,nan,0,nan,0,nan,0
1597988557855539968,1597988558426000128,2020-08-21 13:42:38.426000,566.0,569.4,565.4,568.0,nan,567.4,104795,5946068300.0,97424,566.0,368,565.8,454,nan,0,nan,0,nan,0,nan,0,nan,0,nan,0,nan,0,nan,0
1597988558429528064,1597988558931000064,2020-08-21 13:42:38.931000,566.0,569.4,565.4,568.0,nan,567.4,104795,5946068300.0,97424,566.0,369,565.8,454,nan,0,nan,0,nan,0,nan,0,nan,0,nan,0,nan,0,nan,0
1597988560365754112,1597988560904999936,2020-08-21 13:42:40.905000,566.0,569.4,565.4,568.0,nan,567.4,104796,5946125040.0,97424,566.0,369,565.8,454,nan,0,nan,0,nan,0,nan,0,nan,0,nan,0,nan,0,nan,0
1597988560863862016,1597988561426000128,2020-08-21 13:42:41.426000,566.0,569.4,565.4,568.0,nan,567.4,104797,5946181780.0,97424,566.0,368,565.8,454,nan,0,nan,0,nan,0,nan,0,nan,0,nan,0,nan,0,nan,0
1597988563852059904,1597988564436000000,2020-08-21 13:42:44.436000,566.0,569.4,565.4,568.0,nan,567.4,104797,5946181780.0,97424,566.0,372,565.8,454,nan,0,nan,0,nan,0,nan,0,nan,0,nan,0,nan,0,nan,0
1597988568852331008,1597988569435000064,2020-08-21 13:42:49.435000,566.0,569.4,565.4,568.0,nan,567.4,104798,5946238520.0,97423,566.0,371,565.8,454,nan,0,nan,0,nan,0,nan,0,nan,0,nan,0,nan,0,nan,0
1597988569353057024,1597988569936000000,2020-08-21 13:42:49.936000,566.0,569.4,565.4,568.0,nan,567.4,104798,5946238520.0,97423,566.0,371,565.8,460,nan,0,nan,0,nan,0,nan,0,nan,0,nan,0,nan,0,nan,0
1597988570365129984,1597988570931000064,2020-08-21 13:42:50.931000,566.0,569.4,565.4,568.0,nan,567.4,104798,5946238520.0,97423,566.0,372,565.8,460,nan,0,nan,0,nan,0,nan,0,nan,0,nan,0,nan,0,nan,0
1597988572861758976,1597988573428999936,2020-08-21 13:42:53.429000,565.8,569.4,565.4,568.0,nan,567.4,105046,5960310040.0,97306,566.0,354,565.8,216,nan,0,nan,0,nan,0,nan,0,nan,0,nan,0,nan,0,nan,0
1597988573363867904,1597988573935000064,2020-08-21 13:42:53.935000,565.8,569.4,565.4,568.0,nan,567.4,105046,5960310040.0,97306,566.0,357,565.8,209,nan,0,nan,0,nan,0,nan,0,nan,0,nan,0,nan,0,nan,0
1597988573862755072,1597988574424999936,2020-08-21 13:42:54.425000,565.8,569.4,565.4,568.0,nan,567.4,105046,5960310040.0,97306,566.0,363,565.8,219,nan,0,nan,0,nan,0,nan,0,nan,0,nan,0,nan,0,nan,0
1597988574370440960,1597988574927000064,2020-08-21 13:42:54.927000,566.0,569.4,565.4,568.0,nan,567.4,105047,5960366780.0,97306,566.0,369,565.8,219,nan,0,nan,0,nan,0,nan,0,nan,0,nan,0,nan,0,nan,0
1597988574860670976,1597988575414000128,2020-08-21 13:42:55.414000,566.0,569.4,565.4,568.0,nan,567.4,105047,5960366780.0,97306,566.0,379,565.8,232,nan,0,nan,0,nan,0,nan,0,nan,0,nan,0,nan,0,nan,0
1597988575368035072,1597988575937999872,2020-08-21 13:42:55.938000,566.0,569.4,565.4,568.0,nan,567.4,105047,5960366780.0,97306,566.0,381,565.8,232,nan,0,nan,0,nan,0,nan,0,nan,0,nan,0,nan,0,nan,0
1597988578367224064,1597988578933000192,2020-08-21 13:42:58.933000,566.0,569.4,565.4,568.0,nan,567.4,105057,5960934180.0,97307,566.0,361,565.8,232,nan,0,nan,0,nan,0,nan,0,nan,0,nan,0,nan,0,nan,0
1597988578881018112,1597988579436000000,2020-08-21 13:42:59.436000,566.0,569.4,565.4,568.0,nan,567.4,105057,5960934180.0,97307,566.0,362,565.8,232,nan,0,nan,0,nan,0,nan,0,nan,0,nan,0,nan,0,nan,0
1597988580359640064,1597988580936999936,2020-08-21 13:43:00.937000,566.0,569.4,565.4,568.0,nan,567.4,105057,5960934180.0,97307,566.0,369,565.8,234,nan,0,nan,0,nan,0,nan,0,nan,0,nan,0,nan,0,nan,0
1597988580855597056,1597988581411000064,2020-08-21 13:43:01.411000,566.0,569.4,565.4,568.0,nan,567.4,105057,5960934180.0,97307,566.0,369,565.8,238,nan,0,nan,0,nan,0,nan,0,nan,0,nan,0,nan,0,nan,0
1597988581863593984,1597988582438999808,2020-08-21 13:43:02.439000,566.0,569.4,565.4,568.0,nan,567.4,105057,5960934180.0,97307,566.0,386,565.8,236,nan,0,nan,0,nan,0,nan,0,nan,0,nan,0,nan,0,nan,0
1597988582371906048,1597988582932000000,2020-08-21 13:43:02.932000,566.0,569.4,565.4,568.0,nan,567.4,105057,5960934180.0,97307,566.0,384,565.8,236,nan,0,nan,0,nan,0,nan,0,nan,0,nan,0,nan,0,nan,0
1597988582865526016,1597988583432000000,2020-08-21 13:43:03.432000,566.0,569.4,565.4,568.0,nan,567.4,105057,5960934180.0,97307,566.0,406,565.8,237,nan,0,nan,0,nan,0,nan,0,nan,0,nan,0,nan,0,nan,0
1597988583878285056,1597988584437999872,2020-08-21 13:43:04.438000,565.8,569.4,565.4,568.0,nan,567.4,105060,5961104400.0,97310,566.0,399,565.8,227,nan,0,nan,0,nan,0,nan,0,nan,0,nan,0,nan,0,nan,0
1597988584371365120,1597988584900000000,2020-08-21 13:43:04.900000,565.8,569.4,565.4,568.0,nan,567.4,105060,5961104400.0,97310,566.0,401,565.8,230,nan,0,nan,0,nan,0,nan,0,nan,0,nan,0,nan,0,nan,0
1597988584859156992,1597988585420999936,2020-08-21 13:43:05.421000,565.8,569.4,565.4,568.0,nan,567.4,105060,5961104400.0,97310,566.0,409,565.8,240,nan,0,nan,0,nan,0,nan,0,nan,0,nan,0,nan,0,nan,0
1597988585358118912,1597988585908000000,2020-08-21 13:43:05.908000,565.8,569.4,565.4,568.0,nan,567.4,105060,5961104400.0,97310,566.0,410,565.8,240,nan,0,nan,0,nan,0,nan,0,nan,0,nan,0,nan,0,nan,0
1597988586359759872,1597988586936000000,2020-08-21 13:43:06.936000,565.8,569.4,565.4,568.0,nan,567.4,105060,5961104400.0,97310,566.0,410,565.8,241,nan,0,nan,0,nan,0,nan,0,nan,0,nan,0,nan,0,nan,0
1597988588366435072,1597988588916000000,2020-08-21 13:43:08.916000,565.8,569.4,565.4,568.0,nan,567.4,105061,5961161140.0,97311,566.0,439,565.8,240,nan,0,nan,0,nan,0,nan,0,nan,0,nan,0,nan,0,nan,0
1597988588861808128,1597988589328000000,2020-08-21 13:43:09.328000,565.8,569.4,565.4,568.0,nan,567.4,105061,5961161140.0,97311,566.0,439,565.8,239,nan,0,nan,0,nan,0,nan,0,nan,0,nan,0,nan,0,nan,0
1597988589357583872,1597988589932000000,2020-08-21 13:43:09.932000,566.0,569.4,565.4,568.0,nan,567.4,105062,5961217880.0,97310,566.0,428,565.8,239,nan,0,nan,0,nan,0,nan,0,nan,0,nan,0,nan,0,nan,0
1597988589881382912,1597988590431000064,2020-08-21 13:43:10.431000,566.0,569.4,565.4,568.0,nan,567.4,105062,5961217880.0,97310,566.0,428,565.8,240,nan,0,nan,0,nan,0,nan,0,nan,0,nan,0,nan,0,nan,0
1597988590362663936,1597988590905999872,2020-08-21 13:43:10.906000,566.0,569.4,565.4,568.0,nan,567.4,105062,5961217880.0,97310,566.0,440,565.8,241,nan,0,nan,0,nan,0,nan,0,nan,0,nan,0,nan,0,nan,0
1597988590912788992,1597988591432000000,2020-08-21 13:43:11.432000,566.0,569.4,565.4,568.0,nan,567.4,105062,5961217880.0,97310,566.0,441,565.8,241,nan,0,nan,0,nan,0,nan,0,nan,0,nan,0,nan,0,nan,0
1597988592865600000,1597988593432000000,2020-08-21 13:43:13.432000,565.8,569.4,565.4,568.0,nan,567.4,105063,5961274620.0,97311,566.0,442,565.8,240,nan,0,nan,0,nan,0,nan,0,nan,0,nan,0,nan,0,nan,0
1597988593361921024,1597988593924999936,2020-08-21 13:43:13.925000,565.8,569.4,565.4,568.0,nan,567.4,105063,5961274620.0,97311,566.0,443,565.8,240,nan,0,nan,0,nan,0,nan,0,nan,0,nan,0,nan,0,nan,0
1597988594355023104,1597988595000000000,2020-08-21 13:43:15.000000,565.8,569.4,565.4,568.0,nan,567.4,105083,5962409420.0,97325,566.0,443,565.8,220,nan,0,nan,0,nan,0,nan,0,nan,0,nan,0,nan,0,nan,0
1597988594859632128,1597988595340000000,2020-08-21 13:43:15.340000,565.8,569.4,565.4,568.0,nan,567.4,105083,5962409420.0,97325,566.0,443,565.8,223,nan,0,nan,0,nan,0,nan,0,nan,0,nan,0,nan,0,nan,0
1597988595366469888,1597988596000000000,2020-08-21 13:43:16.000000,566.0,569.4,565.4,568.0,nan,567.4,105084,5962466160.0,97325,566.0,432,565.8,223,nan,0,nan,0,nan,0,nan,0,nan,0,nan,0,nan,0,nan,0
1597988596364787968,1597988596928999936,2020-08-21 13:43:16.929000,566.0,569.4,565.4,568.0,nan,567.4,105084,5962466160.0,97325,566.0,435,565.8,223,nan,0,nan,0,nan,0,nan,0,nan,0,nan,0,nan,0,nan,0
1597988596867909888,1597988597434000128,2020-08-21 13:43:17.434000,565.8,569.4,565.4,568.0,nan,567.4,105307,5975119180.0,97372,565.8,43,565.6,716,nan,0,nan,0,nan,0,nan,0,nan,0,nan,0,nan,0,nan,0
1597988597368570880,1597988598000000000,2020-08-21 13:43:18.000000,565.8,569.4,565.4,568.0,nan,567.4,105308,5975175920.0,97372,565.8,113,565.6,678,nan,0,nan,0,nan,0,nan,0,nan,0,nan,0,nan,0,nan,0
1597988597865830912,1597988598378000128,2020-08-21 13:43:18.378000,565.6,569.4,565.4,568.0,nan,567.4,105401,5980452740.0,97359,565.8,182,565.6,613,nan,0,nan,0,nan,0,nan,0,nan,0,nan,0,nan,0,nan,0
1597988598384839936,1597988598928000000,2020-08-21 13:43:18.928000,565.8,569.4,565.4,568.0,nan,567.4,105417,5981360580.0,97360,565.8,199,565.6,602,nan,0,nan,0,nan,0,nan,0,nan,0,nan,0,nan,0,nan,0
1597988598872290048,1597988599413000192,2020-08-21 13:43:19.413000,565.6,569.4,565.4,568.0,nan,567.4,105418,5981417320.0,97360,565.8,219,565.6,620,nan,0,nan,0,nan,0,nan,0,nan,0,nan,0,nan,0,nan,0
1597988599357522944,1597988599933000192,2020-08-21 13:43:19.933000,565.6,569.4,565.4,568.0,nan,567.4,105419,5981474060.0,97360,565.8,219,565.6,619,nan,0,nan,0,nan,0,nan,0,nan,0,nan,0,nan,0,nan,0
1597988599866317056,1597988600435000064,2020-08-21 13:43:20.435000,565.6,569.4,565.4,568.0,nan,567.4,105426,5981871240.0,97360,565.8,249,565.6,612,nan,0,nan,0,nan,0,nan,0,nan,0,nan,0,nan,0,nan,0
1597988600368242944,1597988600936999936,2020-08-21 13:43:20.937000,565.6,569.4,565.4,568.0,nan,567.4,105426,5981871240.0,97360,565.8,260,565.6,612,nan,0,nan,0,nan,0,nan,0,nan,0,nan,0,nan,0,nan,0
1597988600864130048,1597988601432000000,2020-08-21 13:43:21.432000,565.6,569.4,565.4,568.0,nan,567.4,105426,5981871240.0,97360,565.8,261,565.6,612,nan,0,nan,0,nan,0,nan,0,nan,0,nan,0,nan,0,nan,0
1597988601366953984,1597988602000000000,2020-08-21 13:43:22.000000,565.6,569.4,565.4,568.0,nan,567.4,105426,5981871240.0,97360,565.8,277,565.6,602,nan,0,nan,0,nan,0,nan,0,nan,0,nan,0,nan,0,nan,0
1597988601864839936,1597988602408000000,2020-08-21 13:43:22.408000,565.6,569.4,565.4,568.0,nan,567.4,105426,5981871240.0,97360,565.8,316,565.6,602,nan,0,nan,0,nan,0,nan,0,nan,0,nan,0,nan,0,nan,0
1597988602375813888,1597988602934000128,2020-08-21 13:43:22.934000,565.6,569.4,565.4,568.0,nan,567.4,105426,5981871240.0,97360,565.8,321,565.6,597,nan,0,nan,0,nan,0,nan,0,nan,0,nan,0,nan,0,nan,0
1597988602873209088,1597988603435000064,2020-08-21 13:43:23.435000,565.8,569.4,565.4,568.0,nan,567.4,105431,5982154940.0,97365,565.8,321,565.6,572,nan,0,nan,0,nan,0,nan,0,nan,0,nan,0,nan,0,nan,0
1597988603874724096,1597988604427000064,2020-08-21 13:43:24.427000,565.6,569.4,565.4,568.0,nan,567.4,105539,5988282860.0,97473,565.8,339,565.6,475,nan,0,nan,0,nan,0,nan,0,nan,0,nan,0,nan,0,nan,0
1597988604871661056,1597988605435000064,2020-08-21 13:43:25.435000,565.6,569.4,565.4,568.0,nan,567.4,105539,5988282860.0,97473,565.8,339,565.6,478,nan,0,nan,0,nan,0,nan,0,nan,0,nan,0,nan,0,nan,0
1597988605873858048,1597988606436999936,2020-08-21 13:43:26.437000,565.6,569.4,565.4,568.0,nan,567.4,105540,5988339600.0,97473,565.8,339,565.6,477,nan,0,nan,0,nan,0,nan,0,nan,0,nan,0,nan,0,nan,0
1597988606477893120,1597988606938999808,2020-08-21 13:43:26.939000,565.6,569.4,565.4,568.0,nan,567.4,105640,5994013600.0,97483,565.8,339,565.6,377,nan,0,nan,0,nan,0,nan,0,nan,0,nan,0,nan,0,nan,0
1597988606882288896,1597988607428999936,2020-08-21 13:43:27.429000,565.6,569.4,565.4,568.0,nan,567.4,105640,5994013600.0,97483,565.8,343,565.6,377,nan,0,nan,0,nan,0,nan,0,nan,0,nan,0,nan,0,nan,0
1597988608869336064,1597988609418999808,2020-08-21 13:43:29.419000,565.6,569.4,565.4,568.0,nan,567.4,105641,5994070340.0,97483,565.8,343,565.6,376,nan,0,nan,0,nan,0,nan,0,nan,0,nan,0,nan,0,nan,0
1597988610872740096,1597988611417999872,2020-08-21 13:43:31.418000,565.6,569.4,565.4,568.0,nan,567.4,105741,5999744340.0,97527,565.8,343,565.6,276,nan,0,nan,0,nan,0,nan,0,nan,0,nan,0,nan,0,nan,0
1597988611375650048,1597988612000000000,2020-08-21 13:43:32.000000,565.6,569.4,565.4,568.0,nan,567.4,105741,5999744340.0,97527,565.8,349,565.6,279,nan,0,nan,0,nan,0,nan,0,nan,0,nan,0,nan,0,nan,0
1597988611877464064,1597988612430000128,2020-08-21 13:43:32.430000,565.6,569.4,565.4,568.0,nan,567.4,105742,5999801080.0,97527,565.8,349,565.6,278,nan,0,nan,0,nan,0,nan,0,nan,0,nan,0,nan,0,nan,0
1597988612378907904,1597988612936000000,2020-08-21 13:43:32.936000,565.6,569.4,565.4,568.0,nan,567.4,105742,5999801080.0,97527,565.8,349,565.6,279,nan,0,nan,0,nan,0,nan,0,nan,0,nan,0,nan,0,nan,0
1597988612874181888,1597988613437999872,2020-08-21 13:43:33.438000,565.6,569.4,565.4,568.0,nan,567.4,105743,5999857820.0,97528,565.8,349,565.6,279,nan,0,nan,0,nan,0,nan,0,nan,0,nan,0,nan,0,nan,0
1597988613404433920,1597988614000000000,2020-08-21 13:43:34.000000,565.6,569.4,565.4,568.0,nan,567.4,105745,5999971300.0,97528,565.8,349,565.6,277,nan,0,nan,0,nan,0,nan,0,nan,0,nan,0,nan,0,nan,0
1597988613872176128,1597988614426000128,2020-08-21 13:43:34.426000,565.6,569.4,565.4,568.0,nan,567.4,105746,6000028040.0,97529,565.8,349,565.6,276,nan,0,nan,0,nan,0,nan,0,nan,0,nan,0,nan,0,nan,0
1597988615375600896,1597988616000000000,2020-08-21 13:43:36.000000,565.6,569.4,565.4,568.0,nan,567.4,105846,6005702040.0,97623,565.8,349,565.6,176,nan,0,nan,0,nan,0,nan,0,nan,0,nan,0,nan,0,nan,0
1597988615867917056,1597988616423000064,2020-08-21 13:43:36.423000,565.6,569.4,565.4,568.0,nan,567.4,105883,6007801420.0,97622,565.8,349,565.6,129,nan,0,nan,0,nan,0,nan,0,nan,0,nan,0,nan,0,nan,0
1597988616373069056,1597988617000000000,2020-08-21 13:43:37.000000,565.6,569.4,565.4,568.0,nan,567.4,105883,6007801420.0,97622,565.8,349,565.6,119,nan,0,nan,0,nan,0,nan,0,nan,0,nan,0,nan,0,nan,0
1597988616884568064,1597988617436999936,2020-08-21 13:43:37.437000,565.6,569.4,565.4,568.0,nan,567.4,105886,6007971640.0,97619,565.8,352,565.6,113,nan,0,nan,0,nan,0,nan,0,nan,0,nan,0,nan,0,nan,0
1597988617377597952,1597988617926000128,2020-08-21 13:43:37.926000,565.6,569.4,565.4,568.0,nan,567.4,105886,6007971640.0,97619,565.8,352,565.6,114,nan,0,nan,0,nan,0,nan,0,nan,0,nan,0,nan,0,nan,0
1597988617871759104,1597988618381999872,2020-08-21 13:43:38.382000,565.6,569.4,565.4,568.0,nan,567.4,105886,6007971640.0,97619,565.8,352,565.6,117,nan,0,nan,0,nan,0,nan,0,nan,0,nan,0,nan,0,nan,0
1597988618379127040,1597988618912000000,2020-08-21 13:43:38.912000,565.8,569.4,565.4,568.0,nan,567.4,105887,6008028380.0,97619,565.8,341,565.6,107,nan,0,nan,0,nan,0,nan,0,nan,0,nan,0,nan,0,nan,0
1597988619370800128,1597988619932000000,2020-08-21 13:43:39.932000,565.6,569.4,565.4,568.0,nan,567.4,105888,6008085120.0,97618,565.8,351,565.6,116,nan,0,nan,0,nan,0,nan,0,nan,0,nan,0,nan,0,nan,0
1597988620021581056,1597988620438999808,2020-08-21 13:43:40.439000,565.6,569.4,565.4,568.0,nan,567.4,106029,6016085460.0,97701,565.6,62,565.4,567,nan,0,nan,0,nan,0,nan,0,nan,0,nan,0,nan,0,nan,0
1597988620371520000,1597988621000000000,2020-08-21 13:43:41.000000,565.4,569.4,565.4,568.0,nan,567.4,106235,6027773900.0,97668,565.6,126,565.4,391,nan,0,nan,0,nan,0,nan,0,nan,0,nan,0,nan,0,nan,0
1597988620875323904,1597988621431000064,2020-08-21 13:43:41.431000,565.4,569.4,565.4,568.0,nan,567.4,106243,6028227820.0,97669,565.6,170,565.4,415,nan,0,nan,0,nan,0,nan,0,nan,0,nan,0,nan,0,nan,0
1597988621376706048,1597988621904999936,2020-08-21 13:43:41.905000,565.4,569.4,565.4,568.0,nan,567.4,106258,6029078920.0,97680,565.6,180,565.4,381,nan,0,nan,0,nan,0,nan,0,nan,0,nan,0,nan,0,nan,0
1597988621878329088,1597988622424999936,2020-08-21 13:43:42.425000,565.4,569.4,565.4,568.0,nan,567.4,106259,6029135660.0,97681,565.6,200,565.4,390,nan,0,nan,0,nan,0,nan,0,nan,0,nan,0,nan,0,nan,0
1597988622379515904,1597988623000000000,2020-08-21 13:43:43.000000,565.4,569.4,565.4,568.0,nan,567.4,106259,6029135660.0,97681,565.6,201,565.4,388,nan,0,nan,0,nan,0,nan,0,nan,0,nan,0,nan,0,nan,0
1597988622875471872,1597988623404999936,2020-08-21 13:43:43.405000,565.6,569.4,565.4,568.0,nan,567.4,106260,6029192400.0,97681,565.6,190,565.4,378,nan,0,nan,0,nan,0,nan,0,nan,0,nan,0,nan,0,nan,0
1597988623371601920,1597988624000000000,2020-08-21 13:43:44.000000,565.6,569.4,565.4,568.0,nan,567.4,106261,6029249140.0,97681,565.6,189,565.4,378,nan,0,nan,0,nan,0,nan,0,nan,0,nan,0,nan,0,nan,0
1597988623875442944,1597988624427000064,2020-08-21 13:43:44.427000,565.6,569.4,565.4,568.0,nan,567.4,106271,6029816540.0,97681,565.6,186,565.4,378,nan,0,nan,0,nan,0,nan,0,nan,0,nan,0,nan,0,nan,0
1597988624385220096,1597988625000000000,2020-08-21 13:43:45.000000,565.6,569.4,565.4,568.0,nan,567.4,106277,6030156980.0,97680,565.6,210,565.4,388,nan,0,nan,0,nan,0,nan,0,nan,0,nan,0,nan,0,nan,0
1597988624878590976,1597988625427000064,2020-08-21 13:43:45.427000,565.4,569.4,565.4,568.0,nan,567.4,106286,6030667640.0,97680,565.6,214,565.4,380,nan,0,nan,0,nan,0,nan,0,nan,0,nan,0,nan,0,nan,0
1597988625376829952,1597988626000000000,2020-08-21 13:43:46.000000,565.4,569.4,565.4,568.0,nan,567.4,106297,6031291780.0,97690,565.6,240,565.4,370,nan,0,nan,0,nan,0,nan,0,nan,0,nan,0,nan,0,nan,0
1597988625870053120,1597988626420999936,2020-08-21 13:43:46.421000,565.4,569.4,565.4,568.0,nan,567.4,106300,6031462000.0,97690,565.6,247,565.4,367,nan,0,nan,0,nan,0,nan,0,nan,0,nan,0,nan,0,nan,0
1597988626883500032,1597988627378000128,2020-08-21 13:43:47.378000,565.6,569.4,565.4,568.0,nan,567.4,106305,6031745700.0,97690,565.6,256,565.4,373,nan,0,nan,0,nan,0,nan,0,nan,0,nan,0,nan,0,nan,0
1597988627375026944,1597988628000000000,2020-08-21 13:43:48.000000,565.4,569.4,565.4,568.0,nan,567.4,106306,6031802440.0,97691,565.6,256,565.4,372,nan,0,nan,0,nan,0,nan,0,nan,0,nan,0,nan,0,nan,0
1597988628882956032,1597988629436999936,2020-08-21 13:43:49.437000,565.4,569.4,565.4,568.0,nan,567.4,106310,6032029400.0,97692,565.6,256,565.4,368,nan,0,nan,0,nan,0,nan,0,nan,0,nan,0,nan,0,nan,0
1597988629382964992,1597988630000000000,2020-08-21 13:43:50.000000,565.6,569.4,565.4,568.0,nan,567.4,106312,6032142880.0,97692,565.6,246,565.4,371,nan,0,nan,0,nan,0,nan,0,nan,0,nan,0,nan,0,nan,0
1597988630883628032,1597988631376000000,2020-08-21 13:43:51.376000,565.4,569.4,565.4,568.0,nan,567.4,106314,6032256360.0,97692,565.6,257,565.4,369,nan,0,nan,0,nan,0,nan,0,nan,0,nan,0,nan,0,nan,0
1597988631385709056,1597988632000000000,2020-08-21 13:43:52.000000,565.4,569.4,565.4,568.0,nan,567.4,106314,6032256360.0,97692,565.6,257,565.4,372,nan,0,nan,0,nan,0,nan,0,nan,0,nan,0,nan,0,nan,0
1597988631873477120,1597988632417999872,2020-08-21 13:43:52.418000,565.4,569.4,565.4,568.0,nan,567.4,106314,6032256360.0,97692,565.6,287,565.4,372,nan,0,nan,0,nan,0,nan,0,nan,0,nan,0,nan,0,nan,0
1597988632379312896,1597988633000000000,2020-08-21 13:43:53.000000,565.4,569.4,565.4,568.0,nan,567.4,106314,6032256360.0,97692,565.6,294,565.4,374,nan,0,nan,0,nan,0,nan,0,nan,0,nan,0,nan,0,nan,0
1597988633376329984,1597988633915000064,2020-08-21 13:43:53.915000,565.4,569.4,565.4,568.0,nan,567.4,106314,6032256360.0,97692,565.6,297,565.4,374,nan,0,nan,0,nan,0,nan,0,nan,0,nan,0,nan,0,nan,0
1597988634371856896,1597988635000000000,2020-08-21 13:43:55.000000,565.4,569.4,565.4,568.0,nan,567.4,106314,6032256360.0,97692,565.6,299,565.4,374,nan,0,nan,0,nan,0,nan,0,nan,0,nan,0,nan,0,nan,0
1597988634877061120,1597988635391000064,2020-08-21 13:43:55.391000,565.4,569.4,565.4,568.0,nan,567.4,106314,6032256360.0,97692,565.6,300,565.4,374,nan,0,nan,0,nan,0,nan,0,nan,0,nan,0,nan,0,nan,0
1597988635379702016,1597988636000000000,2020-08-21 13:43:56.000000,565.6,569.4,565.4,568.0,nan,567.4,106315,6032313100.0,97692,565.6,289,565.4,374,nan,0,nan,0,nan,0,nan,0,nan,0,nan,0,nan,0,nan,0
1597988636379887104,1597988637000000000,2020-08-21 13:43:57.000000,565.6,569.4,565.4,568.0,nan,567.4,106315,6032313100.0,97692,565.6,289,565.4,395,nan,0,nan,0,nan,0,nan,0,nan,0,nan,0,nan,0,nan,0
1597988636875243008,1597988637401999872,2020-08-21 13:43:57.402000,565.6,569.4,565.4,568.0,nan,567.4,106315,6032313100.0,97692,565.6,299,565.4,395,nan,0,nan,0,nan,0,nan,0,nan,0,nan,0,nan,0,nan,0
1597988637372421888,1597988638000000000,2020-08-21 13:43:58.000000,565.4,569.4,565.4,568.0,nan,567.4,106415,6037987100.0,97611,565.6,299,565.4,305,nan,0,nan,0,nan,0,nan,0,nan,0,nan,0,nan,0,nan,0
1597988637874889984,1597988638431000064,2020-08-21 13:43:58.431000,565.4,569.4,565.4,568.0,nan,567.4,106415,6037987100.0,97611,565.6,300,565.4,305,nan,0,nan,0,nan,0,nan,0,nan,0,nan,0,nan,0,nan,0
1597988638381460992,1597988639000000000,2020-08-21 13:43:59.000000,565.6,569.4,565.4,568.0,nan,567.4,106416,6038043840.0,97611,565.6,291,565.4,305,nan,0,nan,0,nan,0,nan,0,nan,0,nan,0,nan,0,nan,0
1597988638878123008,1597988639434000128,2020-08-21 13:43:59.434000,565.6,569.4,565.4,568.0,nan,567.4,106416,6038043840.0,97611,565.6,291,565.4,308,nan,0,nan,0,nan,0,nan,0,nan,0,nan,0,nan,0,nan,0
1597988640382031104,1597988641000000000,2020-08-21 13:44:01.000000,565.4,569.4,565.4,568.0,nan,567.4,106417,6038100580.0,97611,565.6,304,565.4,311,nan,0,nan,0,nan,0,nan,0,nan,0,nan,0,nan,0,nan,0
1597988642386419968,1597988643000000000,2020-08-21 13:44:03.000000,565.4,569.4,565.4,568.0,nan,567.4,106417,6038100580.0,97611,565.6,319,565.4,311,nan,0,nan,0,nan,0,nan,0,nan,0,nan,0,nan,0,nan,0
1597988642879739904,1597988643428000000,2020-08-21 13:44:03.428000,565.4,569.4,565.4,568.0,nan,567.4,106417,6038100580.0,97611,565.6,345,565.4,311,nan,0,nan,0,nan,0,nan,0,nan,0,nan,0,nan,0,nan,0
1597988643383667968,1597988644000000000,2020-08-21 13:44:04.000000,565.4,569.4,565.4,568.0,nan,567.4,106417,6038100580.0,97611,565.6,355,565.4,311,nan,0,nan,0,nan,0,nan,0,nan,0,nan,0,nan,0,nan,0
1597988643885157888,1597988644421999872,2020-08-21 13:44:04.422000,565.4,569.4,565.4,568.0,nan,567.4,106418,6038157320.0,97610,565.6,358,565.4,316,nan,0,nan,0,nan,0,nan,0,nan,0,nan,0,nan,0,nan,0
1597988644384809984,1597988645000000000,2020-08-21 13:44:05.000000,565.4,569.4,565.4,568.0,nan,567.4,106418,6038157320.0,97610,565.6,358,565.4,319,nan,0,nan,0,nan,0,nan,0,nan,0,nan,0,nan,0,nan,0
1597988645387824896,1597988646000000000,2020-08-21 13:44:06.000000,565.4,569.4,565.4,568.0,nan,567.4,106418,6038157320.0,97610,565.6,355,565.4,321,nan,0,nan,0,nan,0,nan,0,nan,0,nan,0,nan,0,nan,0
1597988645887233024,1597988646434000128,2020-08-21 13:44:06.434000,565.4,569.4,565.4,568.0,nan,567.4,106422,6038384280.0,97606,565.6,355,565.4,317,nan,0,nan,0,nan,0,nan,0,nan,0,nan,0,nan,0,nan,0
1597988646391635968,1597988647000000000,2020-08-21 13:44:07.000000,565.6,569.4,565.4,568.0,nan,567.4,106423,6038441020.0,97606,565.6,344,565.4,317,nan,0,nan,0,nan,0,nan,0,nan,0,nan,0,nan,0,nan,0
1597988647891943936,1597988648420999936,2020-08-21 13:44:08.421000,565.6,569.4,565.4,568.0,nan,567.4,106425,6038554500.0,97606,565.6,342,565.4,318,nan,0,nan,0,nan,0,nan,0,nan,0,nan,0,nan,0,nan,0
1597988648383055104,1597988649000000000,2020-08-21 13:44:09.000000,565.6,569.4,565.4,568.0,nan,567.4,106425,6038554500.0,97606,565.6,342,565.4,321,nan,0,nan,0,nan,0,nan,0,nan,0,nan,0,nan,0,nan,0
1597988648883730944,1597988649433000192,2020-08-21 13:44:09.433000,565.6,569.4,565.4,568.0,nan,567.4,106425,6038554500.0,97606,565.6,363,565.4,321,nan,0,nan,0,nan,0,nan,0,nan,0,nan,0,nan,0,nan,0
1597988649386179072,1597988650000000000,2020-08-21 13:44:10.000000,565.6,569.4,565.4,568.0,nan,567.4,106425,6038554500.0,97606,565.6,364,565.4,321,nan,0,nan,0,nan,0,nan,0,nan,0,nan,0,nan,0,nan,0
1597988651421543936,1597988652000000000,2020-08-21 13:44:12.000000,565.4,569.4,565.4,568.0,nan,567.4,106455,6040256700.0,97576,565.6,364,565.4,291,nan,0,nan,0,nan,0,nan,0,nan,0,nan,0,nan,0,nan,0
1597988652401358080,1597988653000000000,2020-08-21 13:44:13.000000,565.4,569.4,565.4,568.0,nan,567.4,106455,6040256700.0,97576,565.6,364,565.4,294,nan,0,nan,0,nan,0,nan,0,nan,0,nan,0,nan,0,nan,0
1597988652890668032,1597988653424000000,2020-08-21 13:44:13.424000,565.6,569.4,565.4,568.0,nan,567.4,106456,6040313440.0,97575,565.6,353,565.4,294,nan,0,nan,0,nan,0,nan,0,nan,0,nan,0,nan,0,nan,0
1597988653903932928,1597988654437999872,2020-08-21 13:44:14.438000,565.4,569.4,565.4,568.0,nan,567.4,106457,6040370180.0,97575,565.6,363,565.4,303,nan,0,nan,0,nan,0,nan,0,nan,0,nan,0,nan,0,nan,0
1597988654405114880,1597988655000000000,2020-08-21 13:44:15.000000,565.4,569.4,565.4,568.0,nan,567.4,106457,6040370180.0,97575,565.6,365,565.4,303,nan,0,nan,0,nan,0,nan,0,nan,0,nan,0,nan,0,nan,0
1597988655895910912,1597988656424000000,2020-08-21 13:44:16.424000,565.4,569.4,565.4,568.0,nan,567.4,106457,6040370180.0,97575,565.6,365,565.4,304,nan,0,nan,0,nan,0,nan,0,nan,0,nan,0,nan,0,nan,0
1597988656886380032,1597988657437999872,2020-08-21 13:44:17.438000,565.4,569.4,565.4,568.0,nan,567.4,106457,6040370180.0,97575,565.6,367,565.4,304,nan,0,nan,0,nan,0,nan,0,nan,0,nan,0,nan,0,nan,0
1597988657383869952,1597988658000000000,2020-08-21 13:44:18.000000,565.4,569.4,565.4,568.0,nan,567.4,106457,6040370180.0,97575,565.6,367,565.4,309,nan,0,nan,0,nan,0,nan,0,nan,0,nan,0,nan,0,nan,0
1597988658882424064,1597988659436999936,2020-08-21 13:44:19.437000,565.4,569.4,565.4,568.0,nan,567.4,106457,6040370180.0,97575,565.6,369,565.4,309,nan,0,nan,0,nan,0,nan,0,nan,0,nan,0,nan,0,nan,0
1597988659387926016,1597988660000000000,2020-08-21 13:44:20.000000,565.4,569.4,565.4,568.0,nan,567.4,106460,6040540400.0,97572,565.6,370,565.4,306,nan,0,nan,0,nan,0,nan,0,nan,0,nan,0,nan,0,nan,0
1597988659888929024,1597988660434000128,2020-08-21 13:44:20.434000,565.4,569.4,565.4,568.0,nan,567.4,106460,6040540400.0,97572,565.6,370,565.4,309,nan,0,nan,0,nan,0,nan,0,nan,0,nan,0,nan,0,nan,0
1597988660384688128,1597988661000000000,2020-08-21 13:44:21.000000,565.4,569.4,565.4,568.0,nan,567.4,106460,6040540400.0,97572,565.6,371,565.4,309,nan,0,nan,0,nan,0,nan,0,nan,0,nan,0,nan,0,nan,0
1597988661892626944,1597988662435000064,2020-08-21 13:44:22.435000,565.4,569.4,565.4,568.0,nan,567.4,106503,6042980220.0,97550,565.6,378,565.4,310,nan,0,nan,0,nan,0,nan,0,nan,0,nan,0,nan,0,nan,0
1597988662891237888,1597988663438999808,2020-08-21 13:44:23.439000,565.4,569.4,565.4,568.0,nan,567.4,106503,6042980220.0,97550,565.6,378,565.4,313,nan,0,nan,0,nan,0,nan,0,nan,0,nan,0,nan,0,nan,0
1597988663900764928,1597988664412000000,2020-08-21 13:44:24.412000,565.6,569.4,565.4,568.0,nan,567.4,106506,6043150440.0,97553,565.6,375,565.4,313,nan,0,nan,0,nan,0,nan,0,nan,0,nan,0,nan,0,nan,0
1597988664899661056,1597988665433000192,2020-08-21 13:44:25.433000,565.4,569.4,565.4,568.0,nan,567.4,106513,6043547620.0,97551,565.6,375,565.4,306,nan,0,nan,0,nan,0,nan,0,nan,0,nan,0,nan,0,nan,0
1597988665393967104,1597988666000000000,2020-08-21 13:44:26.000000,565.4,569.4,565.4,568.0,nan,567.4,106519,6043888060.0,97545,565.6,370,565.4,310,nan,0,nan,0,nan,0,nan,0,nan,0,nan,0,nan,0,nan,0
1597988665896014080,1597988666423000064,2020-08-21 13:44:26.423000,565.4,569.4,565.4,568.0,nan,567.4,106521,6044001540.0,97543,565.6,370,565.4,308,nan,0,nan,0,nan,0,nan,0,nan,0,nan,0,nan,0,nan,0
1597988666909085952,1597988667435000064,2020-08-21 13:44:27.435000,565.4,569.4,565.4,568.0,nan,567.4,106521,6044001540.0,97543,565.6,371,565.4,308,nan,0,nan,0,nan,0,nan,0,nan,0,nan,0,nan,0,nan,0
1597988667404653056,1597988668000000000,2020-08-21 13:44:28.000000,565.4,569.4,565.4,568.0,nan,567.4,106521,6044001540.0,97543,565.6,374,565.4,308,nan,0,nan,0,nan,0,nan,0,nan,0,nan,0,nan,0,nan,0
1597988668396749056,1597988669000000000,2020-08-21 13:44:29.000000,565.4,569.4,565.4,568.0,nan,567.4,106521,6044001540.0,97543,565.6,374,565.4,313,nan,0,nan,0,nan,0,nan,0,nan,0,nan,0,nan,0,nan,0
1597988668898598912,1597988669420999936,2020-08-21 13:44:29.421000,565.4,569.4,565.4,568.0,nan,567.4,106521,6044001540.0,97543,565.6,375,565.4,313,nan,0,nan,0,nan,0,nan,0,nan,0,nan,0,nan,0,nan,0
1597988669397680896,1597988670000000000,2020-08-21 13:44:30.000000,565.4,569.4,565.4,568.0,nan,567.4,106522,6044058280.0,97542,565.6,375,565.4,313,nan,0,nan,0,nan,0,nan,0,nan,0,nan,0,nan,0,nan,0
1597988669896916992,1597988670390000128,2020-08-21 13:44:30.390000,565.4,569.4,565.4,568.0,nan,567.4,106522,6044058280.0,97542,565.6,375,565.4,316,nan,0,nan,0,nan,0,nan,0,nan,0,nan,0,nan,0,nan,0
1597988670395724032,1597988671000000000,2020-08-21 13:44:31.000000,565.6,569.4,565.4,568.0,nan,567.4,106527,6044341980.0,97547,565.6,370,565.4,316,nan,0,nan,0,nan,0,nan,0,nan,0,nan,0,nan,0,nan,0
1597988670902277120,1597988671421999872,2020-08-21 13:44:31.422000,565.4,569.4,565.4,568.0,nan,567.4,106565,6046498100.0,97531,565.6,370,565.4,278,nan,0,nan,0,nan,0,nan,0,nan,0,nan,0,nan,0,nan,0
1597988671388872960,1597988672000000000,2020-08-21 13:44:32.000000,565.4,569.4,565.4,568.0,nan,567.4,106565,6046498100.0,97531,565.6,370,565.4,281,nan,0,nan,0,nan,0,nan,0,nan,0,nan,0,nan,0,nan,0
1597988671892806912,1597988672433000192,2020-08-21 13:44:32.433000,565.4,569.4,565.4,568.0,nan,567.4,106568,6046668320.0,97534,565.6,370,565.4,278,nan,0,nan,0,nan,0,nan,0,nan,0,nan,0,nan,0,nan,0
