local_nano_time,quote_nano_time,datetime,last_price,highest,lowest,open,close,average,volume,amount,open_interest,ask_price1,ask_volume1,bid_price1,bid_volume1,ask_price2,ask_volume2,bid_price2,bid_volume2,ask_price3,ask_volume3,bid_price3,bid_volume3,ask_price4,ask_volume4,bid_price4,bid_volume4,ask_price5,ask_volume5,bid_price5,bid_volume5
1597988226611129088,1597988226500000000,2020-08-21 13:37:06.500000,9420.0,9420.0,9250.0,9355.0,nan,9336.112,8388,783113050.0,19363,9420.0,18,9415.0,1,9425.0,81,9410.0,23,9430.0,2,9405.0,81,9440.0,26,9400.0,9,9450.0,18,9395.0,7
1597988227103939072,1597988227000000000,2020-08-21 13:37:07.000000,9420.0,9420.0,9250.0,9355.0,nan,9336.112,8388,783113050.0,19363,9420.0,18,9415.0,1,9425.0,89,9410.0,23,9430.0,2,9405.0,89,9440.0,26,9400.0,9,9450.0,18,9395.0,7
1597988232619973888,1597988232500000000,2020-08-21 13:37:12.500000,9420.0,9420.0,9250.0,9355.0,nan,9336.112,8388,783113050.0,19363,9420.0,18,9415.0,1,9425.0,81,9410.0,23,9430.0,3,9405.0,81,9440.0,26,9400.0,9,9450.0,18,9395.0,7
1597988233119248896,1597988233000000000,2020-08-21 13:37:13.000000,9420.0,9420.0,9250.0,9355.0,nan,9336.112,8388,783113050.0,19363,9420.0,18,9415.0,1,9425.0,89,9410.0,23,9430.0,3,9405.0,89,9440.0,26,9400.0,9,9450.0,18,9395.0,7
1597988234622568960,1597988234500000000,2020-08-21 13:37:14.500000,9420.0,9420.0,9250.0,9355.0,nan,9336.122,8389,783207250.0,19364,9420.0,15,9415.0,1,9425.0,83,9410.0,15,9430.0,3,9405.0,89,9440.0,26,9400.0,9,9450.0,18,9395.0,7
1597988235129718016,1597988235000000000,2020-08-21 13:37:15.000000,9420.0,9420.0,9250.0,9355.0,nan,9336.122,8389,783207250.0,19364,9420.0,17,9415.0,1,9425.0,89,9410.0,23,9430.0,3,9405.0,89,9440.0,26,9400.0,9,9450.0,18,9395.0,7
1597988238113017088,1597988238000000000,2020-08-21 13:37:18.000000,9420.0,9420.0,9250.0,9355.0,nan,9336.122,8389,783207250.0,19364,9420.0,17,9415.0,1,9425.0,89,9410.0,22,9430.0,3,9405.0,89,9440.0,26,9400.0,9,9450.0,18,9395.0,7
1597988238633993984,1597988238500000000,2020-08-21 13:37:18.500000,9415.0,9420.0,9250.0,9355.0,nan,9336.131,8390,783301400.0,19365,9415.0,1,9410.0,14,9420.0,9,9405.0,74,9425.0,73,9400.0,9,9430.0,3,9395.0,7,9440.0,26,9390.0,7
1597988239129338112,1597988239000000000,2020-08-21 13:37:19.000000,9415.0,9420.0,9250.0,9355.0,nan,9336.141,8391,783395550.0,19364,9420.0,20,9410.0,5,9425.0,51,9405.0,58,9430.0,3,9400.0,25,9440.0,26,9395.0,7,9450.0,18,9390.0,7
1597988239613530880,1597988239500000000,2020-08-21 13:37:19.500000,9415.0,9420.0,9250.0,9355.0,nan,9336.141,8391,783395550.0,19364,9420.0,18,9410.0,11,9425.0,78,9405.0,91,9430.0,3,9400.0,9,9440.0,26,9395.0,7,9450.0,18,9390.0,7
1597988240123651072,1597988240000000000,2020-08-21 13:37:20.000000,9415.0,9420.0,9250.0,9355.0,nan,9336.141,8391,783395550.0,19364,9420.0,15,9410.0,13,9425.0,82,9405.0,90,9430.0,3,9400.0,9,9440.0,26,9395.0,7,9450.0,18,9390.0,7
1597988240608396032,1597988240500000000,2020-08-21 13:37:20.500000,9415.0,9420.0,9250.0,9355.0,nan,9336.141,8391,783395550.0,19364,9420.0,18,9410.0,18,9425.0,88,9405.0,96,9430.0,3,9400.0,9,9440.0,26,9395.0,7,9450.0,18,9390.0,7
1597988241125470976,1597988241000000000,2020-08-21 13:37:21.000000,9415.0,9420.0,9250.0,9355.0,nan,9336.141,8391,783395550.0,19364,9420.0,17,9410.0,19,9425.0,89,9405.0,95,9430.0,3,9400.0,9,9440.0,26,9395.0,7,9450.0,18,9390.0,7
1597988244625948928,1597988244500000000,2020-08-21 13:37:24.500000,9415.0,9420.0,9250.0,9355.0,nan,9336.141,8391,783395550.0,19364,9420.0,17,9410.0,19,9425.0,81,9405.0,87,9430.0,3,9400.0,9,9440.0,26,9395.0,7,9450.0,18,9390.0,7
1597988245120989952,1597988245000000000,2020-08-21 13:37:25.000000,9415.0,9420.0,9250.0,9355.0,nan,9336.141,8391,783395550.0,19364,9420.0,17,9410.0,17,9425.0,89,9405.0,95,9430.0,3,9400.0,9,9440.0,26,9395.0,7,9450.0,18,9390.0,7
1597988249112393984,1597988249000000000,2020-08-21 13:37:29.000000,9415.0,9420.0,9250.0,9355.0,nan,9336.141,8391,783395550.0,19364,9420.0,17,9410.0,17,9425.0,89,9405.0,95,9430.0,3,9400.0,9,9440.0,27,9395.0,7,9450.0,18,9390.0,7
1597988250129779968,1597988250000000000,2020-08-21 13:37:30.000000,9420.0,9420.0,9250.0,9355.0,nan,9336.15,8392,783489750.0,19364,9420.0,16,9410.0,17,9425.0,89,9405.0,95,9430.0,3,9400.0,9,9440.0,27,9395.0,7,9450.0,18,9390.0,7
1597988250625772032,1597988250500000000,2020-08-21 13:37:30.500000,9420.0,9420.0,9250.0,9355.0,nan,9336.15,8392,783489750.0,19364,9420.0,14,9410.0,17,9425.0,81,9405.0,87,9430.0,3,9400.0,9,9440.0,27,9395.0,7,9450.0,18,9390.0,7
1597988251127833088,1597988251000000000,2020-08-21 13:37:31.000000,9420.0,9420.0,9250.0,9355.0,nan,9336.15,8392,783489750.0,19364,9420.0,14,9410.0,17,9425.0,89,9405.0,95,9430.0,3,9400.0,9,9440.0,27,9395.0,7,9450.0,18,9390.0,7
1597988253609989888,1597988253500000000,2020-08-21 13:37:33.500000,9420.0,9420.0,9250.0,9355.0,nan,9336.15,8392,783489750.0,19364,9420.0,13,9410.0,17,9425.0,89,9405.0,95,9430.0,3,9400.0,9,9440.0,27,9395.0,7,9450.0,18,9390.0,7
1597988256617651968,1597988256500000000,2020-08-21 13:37:36.500000,9420.0,9420.0,9250.0,9355.0,nan,9336.15,8392,783489750.0,19364,9420.0,13,9410.0,17,9425.0,81,9405.0,87,9430.0,3,9400.0,9,9440.0,27,9395.0,7,9450.0,18,9390.0,7
1597988257115504896,1597988257000000000,2020-08-21 13:37:37.000000,9420.0,9420.0,9250.0,9355.0,nan,9336.15,8392,783489750.0,19364,9420.0,13,9410.0,17,9425.0,89,9405.0,95,9430.0,3,9400.0,9,9440.0,27,9395.0,7,9450.0,18,9390.0,7
1597988262626464000,1597988262500000000,2020-08-21 13:37:42.500000,9420.0,9420.0,9250.0,9355.0,nan,9336.15,8392,783489750.0,19364,9420.0,13,9410.0,17,9425.0,81,9405.0,87,9430.0,3,9400.0,9,9440.0,27,9395.0,7,9450.0,18,9390.0,7
1597988263107325952,1597988263000000000,2020-08-21 13:37:43.000000,9420.0,9420.0,9250.0,9355.0,nan,9336.15,8392,783489750.0,19364,9420.0,13,9410.0,17,9425.0,89,9405.0,95,9430.0,3,9400.0,9,9440.0,27,9395.0,7,9450.0,18,9390.0,7
1597988264606604032,1597988264500000000,2020-08-21 13:37:44.500000,9420.0,9420.0,9250.0,9355.0,nan,9336.15,8392,783489750.0,19364,9420.0,17,9410.0,17,9425.0,89,9405.0,95,9430.0,3,9400.0,9,9440.0,27,9395.0,7,9450.0,18,9390.0,7
1597988265132877056,1597988265000000000,2020-08-21 13:37:45.000000,9420.0,9420.0,9250.0,9355.0,nan,9336.15,8392,783489750.0,19364,9420.0,18,9410.0,17,9425.0,89,9405.0,95,9430.0,3,9400.0,9,9440.0,27,9395.0,7,9450.0,18,9390.0,7
1597988265609821952,1597988265500000000,2020-08-21 13:37:45.500000,9420.0,9420.0,9250.0,9355.0,nan,9336.15,8392,783489750.0,19364,9420.0,19,9410.0,16,9425.0,88,9405.0,96,9430.0,3,9400.0,9,9440.0,27,9395.0,7,9450.0,18,9390.0,7
1597988267605549056,1597988267500000000,2020-08-21 13:37:47.500000,9420.0,9420.0,9250.0,9355.0,nan,9336.15,8392,783489750.0,19364,9420.0,19,9410.0,16,9425.0,89,9405.0,96,9430.0,3,9400.0,9,9440.0,27,9395.0,7,9450.0,18,9390.0,7
1597988273606036992,1597988273500000000,2020-08-21 13:37:53.500000,9420.0,9420.0,9250.0,9355.0,nan,9336.15,8392,783489750.0,19364,9415.0,2,9410.0,16,9420.0,19,9405.0,96,9425.0,89,9400.0,9,9430.0,3,9395.0,7,9440.0,27,9390.0,7
1597988274104646912,1597988274000000000,2020-08-21 13:37:54.000000,9420.0,9420.0,9250.0,9355.0,nan,9336.15,8392,783489750.0,19364,9415.0,3,9410.0,14,9420.0,22,9405.0,74,9425.0,67,9400.0,17,9430.0,3,9395.0,7,9440.0,27,9390.0,7
1597988274616173056,1597988274500000000,2020-08-21 13:37:54.500000,9420.0,9420.0,9250.0,9355.0,nan,9336.15,8392,783489750.0,19364,9415.0,3,9410.0,16,9420.0,38,9405.0,72,9425.0,59,9400.0,25,9430.0,3,9395.0,7,9440.0,27,9390.0,7
1597988275129134080,1597988275000000000,2020-08-21 13:37:55.000000,9420.0,9420.0,9250.0,9355.0,nan,9336.15,8392,783489750.0,19364,9415.0,3,9410.0,16,9420.0,46,9405.0,72,9425.0,59,9400.0,33,9430.0,3,9395.0,7,9440.0,27,9390.0,7
1597988280612961024,1597988280500000000,2020-08-21 13:38:00.500000,9415.0,9420.0,9250.0,9355.0,nan,9336.179,8395,783772200.0,19362,9420.0,29,9415.0,1,9425.0,52,9410.0,8,9430.0,3,9405.0,64,9440.0,27,9400.0,25,9450.0,18,9395.0,7
1597988281126846976,1597988281000000000,2020-08-21 13:38:01.000000,9415.0,9420.0,9250.0,9355.0,nan,9336.179,8395,783772200.0,19362,9420.0,3,9415.0,1,9425.0,68,9410.0,5,9430.0,3,9405.0,74,9440.0,27,9400.0,9,9450.0,18,9395.0,7
1597988281617351936,1597988281500000000,2020-08-21 13:38:01.500000,9415.0,9420.0,9250.0,9355.0,nan,9336.179,8395,783772200.0,19362,9420.0,11,9415.0,2,9425.0,84,9410.0,29,9430.0,11,9405.0,81,9440.0,27,9400.0,9,9450.0,18,9395.0,7
1597988282129467904,1597988282000000000,2020-08-21 13:38:02.000000,9415.0,9420.0,9250.0,9355.0,nan,9336.179,8395,783772200.0,19362,9420.0,12,9415.0,2,9425.0,84,9410.0,14,9430.0,3,9405.0,89,9440.0,27,9400.0,9,9450.0,18,9395.0,7
1597988282632421120,1597988282500000000,2020-08-21 13:38:02.500000,9415.0,9420.0,9250.0,9355.0,nan,9336.179,8395,783772200.0,19362,9420.0,14,9415.0,2,9425.0,90,9410.0,22,9430.0,3,9405.0,89,9440.0,27,9400.0,9,9450.0,18,9395.0,7
1597988289107803904,1597988289000000000,2020-08-21 13:38:09.000000,9415.0,9420.0,9250.0,9355.0,nan,9336.188,8396,783866350.0,19362,9420.0,14,9415.0,1,9425.0,90,9410.0,22,9430.0,3,9405.0,89,9440.0,27,9400.0,9,9450.0,18,9395.0,7
1597988289620134912,1597988289500000000,2020-08-21 13:38:09.500000,9415.0,9420.0,9250.0,9355.0,nan,9336.197,8397,783960500.0,19362,9415.0,1,9410.0,14,9420.0,6,9405.0,82,9425.0,82,9400.0,9,9430.0,3,9395.0,7,9440.0,27,9390.0,7
1597988290119003904,1597988290000000000,2020-08-21 13:38:10.000000,9415.0,9420.0,9250.0,9355.0,nan,9336.197,8397,783960500.0,19362,9415.0,1,9410.0,5,9420.0,10,9405.0,66,9425.0,60,9400.0,17,9430.0,3,9395.0,7,9440.0,27,9390.0,7
1597988290617778944,1597988290500000000,2020-08-21 13:38:10.500000,9415.0,9420.0,9250.0,9355.0,nan,9336.197,8397,783960500.0,19362,9415.0,3,9410.0,17,9420.0,35,9405.0,75,9425.0,59,9400.0,25,9430.0,3,9395.0,7,9440.0,27,9390.0,7
1597988291114299904,1597988291000000000,2020-08-21 13:38:11.000000,9415.0,9420.0,9250.0,9355.0,nan,9336.197,8397,783960500.0,19362,9415.0,3,9410.0,17,9420.0,34,9405.0,66,9425.0,59,9400.0,33,9430.0,3,9395.0,7,9440.0,27,9390.0,7
1597988291623742976,1597988291500000000,2020-08-21 13:38:11.500000,9415.0,9420.0,9250.0,9355.0,nan,9336.197,8397,783960500.0,19362,9415.0,3,9410.0,20,9420.0,43,9405.0,72,9425.0,59,9400.0,33,9430.0,3,9395.0,7,9440.0,27,9390.0,7
1597988292116304896,1597988292000000000,2020-08-21 13:38:12.000000,9415.0,9420.0,9250.0,9355.0,nan,9336.226,8400,784242950.0,19360,9420.0,35,9415.0,1,9425.0,52,9410.0,12,9430.0,3,9405.0,64,9440.0,27,9400.0,33,9445.0,14,9395.0,7
1597988292614640896,1597988292500000000,2020-08-21 13:38:12.500000,9415.0,9420.0,9250.0,9355.0,nan,9336.226,8400,784242950.0,19360,9420.0,4,9415.0,1,9425.0,68,9410.0,10,9430.0,3,9405.0,74,9440.0,27,9400.0,9,9445.0,14,9395.0,7
1597988293113376000,1597988293000000000,2020-08-21 13:38:13.000000,9415.0,9420.0,9250.0,9355.0,nan,9336.226,8400,784242950.0,19360,9420.0,11,9415.0,2,9425.0,84,9410.0,33,9430.0,11,9405.0,81,9440.0,27,9400.0,9,9450.0,18,9395.0,7
1597988293597680128,1597988293500000000,2020-08-21 13:38:13.500000,9415.0,9420.0,9250.0,9355.0,nan,9336.226,8400,784242950.0,19360,9420.0,12,9415.0,2,9425.0,76,9410.0,26,9430.0,11,9405.0,81,9440.0,27,9400.0,9,9450.0,18,9395.0,7
1597988294127301888,1597988294000000000,2020-08-21 13:38:14.000000,9415.0,9420.0,9250.0,9355.0,nan,9336.226,8400,784242950.0,19360,9420.0,14,9415.0,2,9425.0,90,9410.0,26,9430.0,3,9405.0,89,9440.0,27,9400.0,9,9450.0,18,9395.0,7
1597988296112684032,1597988296000000000,2020-08-21 13:38:16.000000,9415.0,9420.0,9250.0,9355.0,nan,9336.235,8401,784337100.0,19360,9420.0,14,9415.0,1,9425.0,90,9410.0,26,9430.0,3,9405.0,89,9440.0,27,9400.0,9,9450.0,18,9395.0,7
1597988296634048000,1597988296500000000,2020-08-21 13:38:16.500000,9415.0,9420.0,9250.0,9355.0,nan,9336.244,8402,784431250.0,19361,9415.0,1,9410.0,18,9420.0,6,9405.0,82,9425.0,82,9400.0,9,9430.0,3,9395.0,7,9440.0,27,9390.0,7
1597988297121623040,1597988297000000000,2020-08-21 13:38:17.000000,9415.0,9420.0,9250.0,9355.0,nan,9336.254,8403,784525400.0,19361,9415.0,1,9410.0,9,9420.0,10,9405.0,66,9425.0,60,9400.0,17,9430.0,3,9395.0,7,9440.0,27,9390.0,7
1597988297629182976,1597988297500000000,2020-08-21 13:38:17.500000,9415.0,9420.0,9250.0,9355.0,nan,9336.254,8403,784525400.0,19361,9415.0,2,9410.0,17,9420.0,35,9405.0,75,9425.0,59,9400.0,25,9430.0,3,9395.0,7,9440.0,27,9390.0,7
1597988298117807104,1597988298000000000,2020-08-21 13:38:18.000000,9415.0,9420.0,9250.0,9355.0,nan,9336.254,8403,784525400.0,19361,9415.0,2,9410.0,17,9420.0,34,9405.0,66,9425.0,59,9400.0,33,9430.0,3,9395.0,7,9440.0,27,9390.0,7
1597988298614295040,1597988298500000000,2020-08-21 13:38:18.500000,9415.0,9420.0,9250.0,9355.0,nan,9336.272,8405,784713700.0,19363,9420.0,35,9415.0,1,9425.0,52,9410.0,12,9430.0,3,9405.0,64,9440.0,27,9400.0,33,9445.0,14,9395.0,7
1597988299118550016,1597988299000000000,2020-08-21 13:38:19.000000,9415.0,9420.0,9250.0,9355.0,nan,9336.272,8405,784713700.0,19363,9420.0,3,9415.0,1,9425.0,68,9410.0,10,9430.0,3,9405.0,74,9440.0,27,9400.0,9,9445.0,14,9395.0,7
1597988299630841088,1597988299500000000,2020-08-21 13:38:19.500000,9415.0,9420.0,9250.0,9355.0,nan,9336.282,8406,784807850.0,19362,9420.0,10,9415.0,1,9425.0,84,9410.0,33,9430.0,11,9405.0,81,9440.0,27,9400.0,9,9450.0,18,9395.0,7
1597988300115028992,1597988300000000000,2020-08-21 13:38:20.000000,9415.0,9420.0,9250.0,9355.0,nan,9336.282,8406,784807850.0,19362,9420.0,11,9415.0,1,9425.0,76,9410.0,26,9430.0,11,9405.0,81,9440.0,27,9400.0,9,9450.0,18,9395.0,7
1597988300621179904,1597988300500000000,2020-08-21 13:38:20.500000,9415.0,9420.0,9250.0,9355.0,nan,9336.282,8406,784807850.0,19362,9420.0,13,9415.0,1,9425.0,90,9410.0,26,9430.0,3,9405.0,89,9440.0,27,9400.0,9,9450.0,18,9395.0,7
1597988304628610048,1597988304500000000,2020-08-21 13:38:24.500000,9415.0,9420.0,9250.0,9355.0,nan,9336.282,8406,784807850.0,19362,9420.0,13,9415.0,1,9425.0,82,9410.0,26,9430.0,3,9405.0,81,9440.0,27,9400.0,9,9450.0,18,9395.0,7
1597988305109837056,1597988305000000000,2020-08-21 13:38:25.000000,9415.0,9420.0,9250.0,9355.0,nan,9336.282,8406,784807850.0,19362,9420.0,13,9415.0,1,9425.0,90,9410.0,26,9430.0,3,9405.0,89,9440.0,27,9400.0,9,9450.0,18,9395.0,7
1597988305627501056,1597988305500000000,2020-08-21 13:38:25.500000,9415.0,9420.0,9250.0,9355.0,nan,9336.291,8407,784902000.0,19362,9415.0,2,9410.0,18,9420.0,5,9405.0,82,9425.0,82,9400.0,9,9430.0,3,9395.0,7,9440.0,27,9390.0,7
1597988306120573952,1597988306000000000,2020-08-21 13:38:26.000000,9415.0,9420.0,9250.0,9355.0,nan,9336.291,8407,784902000.0,19362,9415.0,2,9410.0,9,9420.0,10,9405.0,66,9425.0,60,9400.0,17,9430.0,3,9395.0,7,9440.0,27,9390.0,7
1597988306623241984,1597988306500000000,2020-08-21 13:38:26.500000,9415.0,9420.0,9250.0,9355.0,nan,9336.319,8410,785184450.0,19360,9420.0,27,9415.0,3,9425.0,60,9410.0,9,9430.0,3,9405.0,75,9440.0,27,9400.0,25,9450.0,18,9395.0,7
1597988307110637056,1597988307000000000,2020-08-21 13:38:27.000000,9415.0,9420.0,9250.0,9355.0,nan,9336.319,8410,785184450.0,19360,9420.0,2,9415.0,7,9425.0,68,9410.0,9,9430.0,3,9405.0,74,9440.0,27,9400.0,9,9450.0,18,9395.0,7
1597988307617359104,1597988307500000000,2020-08-21 13:38:27.500000,9415.0,9420.0,9250.0,9355.0,nan,9336.319,8410,785184450.0,19360,9420.0,2,9415.0,7,9425.0,69,9410.0,34,9430.0,19,9405.0,66,9440.0,27,9400.0,9,9450.0,18,9395.0,7
1597988308125007104,1597988308000000000,2020-08-21 13:38:28.000000,9415.0,9420.0,9250.0,9355.0,nan,9336.319,8410,785184450.0,19360,9420.0,3,9415.0,15,9425.0,69,9410.0,50,9430.0,34,9405.0,58,9440.0,27,9400.0,9,9450.0,18,9395.0,7
1597988308632510976,1597988308500000000,2020-08-21 13:38:28.500000,9415.0,9420.0,9250.0,9355.0,nan,9336.319,8410,785184450.0,19360,9420.0,3,9415.0,15,9425.0,42,9410.0,47,9430.0,42,9405.0,42,9440.0,27,9400.0,9,9450.0,18,9395.0,7
1597988309126863872,1597988309000000000,2020-08-21 13:38:29.000000,9415.0,9420.0,9250.0,9355.0,nan,9336.319,8410,785184450.0,19360,9420.0,3,9415.0,20,9425.0,51,9410.0,53,9430.0,44,9405.0,42,9440.0,27,9400.0,9,9450.0,18,9395.0,7
1597988309891293952,1597988309500000000,2020-08-21 13:38:29.500000,9415.0,9420.0,9250.0,9355.0,nan,9336.319,8410,785184450.0,19360,9420.0,3,9415.0,20,9425.0,51,9410.0,61,9430.0,52,9405.0,42,9440.0,27,9400.0,9,9450.0,18,9395.0,7
1597988314614348032,1597988314500000000,2020-08-21 13:38:34.500000,9415.0,9420.0,9250.0,9355.0,nan,9336.319,8410,785184450.0,19360,9420.0,3,9415.0,20,9425.0,51,9410.0,61,9430.0,51,9405.0,42,9440.0,27,9400.0,9,9450.0,18,9395.0,7
1597988316612795904,1597988316500000000,2020-08-21 13:38:36.500000,9415.0,9420.0,9250.0,9355.0,nan,9336.319,8410,785184450.0,19360,9420.0,3,9415.0,25,9425.0,51,9410.0,61,9430.0,51,9405.0,42,9440.0,27,9400.0,9,9450.0,18,9395.0,7
1597988317127453952,1597988317000000000,2020-08-21 13:38:37.000000,9415.0,9420.0,9250.0,9355.0,nan,9336.319,8410,785184450.0,19360,9420.0,4,9415.0,25,9425.0,51,9410.0,61,9430.0,51,9405.0,42,9440.0,27,9400.0,9,9450.0,18,9395.0,7
1597988321124896000,1597988321000000000,2020-08-21 13:38:41.000000,9415.0,9420.0,9250.0,9355.0,nan,9336.319,8410,785184450.0,19360,9420.0,4,9415.0,25,9425.0,51,9410.0,60,9430.0,51,9405.0,42,9440.0,27,9400.0,9,9450.0,18,9395.0,7
1597988321624305920,1597988321500000000,2020-08-21 13:38:41.500000,9425.0,9425.0,9250.0,9355.0,nan,9336.422,8420,786126750.0,19361,9425.0,34,9420.0,1,9430.0,44,9415.0,17,9440.0,27,9410.0,52,9450.0,18,9405.0,34,9455.0,1,9400.0,9
1597988322116902912,1597988322000000000,2020-08-21 13:38:42.000000,9420.0,9425.0,9250.0,9355.0,nan,9336.443,8422,786315200.0,19361,9420.0,1,9415.0,23,9425.0,3,9410.0,55,9430.0,52,9405.0,10,9435.0,8,9400.0,9,9440.0,13,9395.0,7
1597988322611703040,1597988322500000000,2020-08-21 13:38:42.500000,9420.0,9425.0,9250.0,9355.0,nan,9336.462,8424,786503600.0,19360,9425.0,26,9415.0,16,9430.0,35,9410.0,45,9440.0,13,9405.0,30,9450.0,18,9400.0,9,9455.0,15,9395.0,7
1597988323129306112,1597988323000000000,2020-08-21 13:38:43.000000,9420.0,9425.0,9250.0,9355.0,nan,9336.462,8424,786503600.0,19360,9425.0,4,9420.0,1,9430.0,52,9415.0,17,9440.0,13,9410.0,55,9450.0,18,9405.0,14,9455.0,15,9400.0,9
1597988323625331968,1597988323500000000,2020-08-21 13:38:43.500000,9420.0,9425.0,9250.0,9355.0,nan,9336.462,8424,786503600.0,19360,9425.0,3,9420.0,1,9430.0,52,9415.0,32,9435.0,8,9410.0,47,9440.0,13,9405.0,14,9450.0,18,9400.0,9
1597988324106767872,1597988324000000000,2020-08-21 13:38:44.000000,9420.0,9425.0,9250.0,9355.0,nan,9336.462,8424,786503600.0,19360,9425.0,11,9420.0,2,9430.0,59,9415.0,47,9435.0,16,9410.0,53,9440.0,13,9405.0,14,9450.0,18,9400.0,9
1597988324625391104,1597988324500000000,2020-08-21 13:38:44.500000,9420.0,9425.0,9250.0,9355.0,nan,9336.462,8424,786503600.0,19360,9425.0,11,9420.0,2,9430.0,76,9415.0,32,9435.0,8,9410.0,77,9440.0,13,9405.0,14,9450.0,18,9400.0,9
1597988325133590016,1597988325000000000,2020-08-21 13:38:45.000000,9420.0,9425.0,9250.0,9355.0,nan,9336.462,8424,786503600.0,19360,9425.0,14,9420.0,2,9430.0,82,9415.0,41,9435.0,8,9410.0,77,9440.0,13,9405.0,14,9450.0,18,9400.0,9
1597988327629248000,1597988327500000000,2020-08-21 13:38:47.500000,9420.0,9425.0,9250.0,9355.0,nan,9336.462,8424,786503600.0,19360,9425.0,14,9420.0,2,9430.0,74,9415.0,41,9435.0,8,9410.0,69,9440.0,13,9405.0,14,9450.0,18,9400.0,9
1597988328129865984,1597988328000000000,2020-08-21 13:38:48.000000,9420.0,9425.0,9250.0,9355.0,nan,9336.462,8424,786503600.0,19360,9425.0,14,9420.0,2,9430.0,82,9415.0,41,9435.0,8,9410.0,77,9440.0,13,9405.0,14,9450.0,18,9400.0,9
1597988329240888064,1597988329000000000,2020-08-21 13:38:49.000000,9420.0,9425.0,9250.0,9355.0,nan,9336.472,8425,786597800.0,19359,9425.0,14,9420.0,1,9430.0,82,9415.0,41,9435.0,8,9410.0,77,9440.0,13,9405.0,14,9450.0,18,9400.0,9
1597988333610711040,1597988333500000000,2020-08-21 13:38:53.500000,9420.0,9425.0,9250.0,9355.0,nan,9336.482,8426,786692000.0,19359,9420.0,1,9415.0,33,9425.0,6,9410.0,62,9430.0,66,9405.0,14,9435.0,8,9400.0,9,9440.0,13,9395.0,7
1597988334145900032,1597988334000000000,2020-08-21 13:38:54.000000,9420.0,9425.0,9250.0,9355.0,nan,9336.492,8427,786786200.0,19358,9420.0,1,9415.0,24,9425.0,17,9410.0,46,9430.0,44,9405.0,31,9435.0,8,9400.0,9,9440.0,13,9395.0,7
1597988334620492032,1597988334500000000,2020-08-21 13:38:54.500000,9420.0,9425.0,9250.0,9355.0,nan,9336.492,8427,786786200.0,19358,9420.0,2,9415.0,27,9425.0,42,9410.0,52,9430.0,43,9405.0,39,9440.0,13,9400.0,9,9450.0,18,9395.0,7
1597988335131510016,1597988335000000000,2020-08-21 13:38:55.000000,9420.0,9425.0,9250.0,9355.0,nan,9336.492,8427,786786200.0,19358,9420.0,2,9415.0,27,9425.0,42,9410.0,68,9430.0,59,9405.0,39,9440.0,13,9400.0,9,9450.0,18,9395.0,7
1597988335644001024,1597988335500000000,2020-08-21 13:38:55.500000,9420.0,9425.0,9250.0,9355.0,nan,9336.502,8428,786880400.0,19358,9420.0,1,9415.0,27,9425.0,42,9410.0,68,9430.0,59,9405.0,39,9440.0,13,9400.0,9,9450.0,18,9395.0,7
1597988337136769024,1597988337000000000,2020-08-21 13:38:57.000000,9420.0,9425.0,9250.0,9355.0,nan,9336.512,8429,786974600.0,19359,9425.0,34,9420.0,1,9430.0,52,9415.0,19,9440.0,13,9410.0,60,9450.0,18,9405.0,39,9455.0,15,9400.0,9
1597988337619343104,1597988337500000000,2020-08-21 13:38:57.500000,9420.0,9425.0,9250.0,9355.0,nan,9336.512,8429,786974600.0,19359,9425.0,4,9420.0,1,9430.0,68,9415.0,17,9440.0,13,9410.0,70,9450.0,18,9405.0,15,9455.0,15,9400.0,9
1597988338121563904,1597988338000000000,2020-08-21 13:38:58.000000,9420.0,9425.0,9250.0,9355.0,nan,9336.512,8429,786974600.0,19359,9425.0,11,9420.0,2,9430.0,84,9415.0,40,9435.0,8,9410.0,77,9440.0,13,9405.0,15,9450.0,18,9400.0,9
1597988338608392960,1597988338500000000,2020-08-21 13:38:58.500000,9420.0,9425.0,9250.0,9355.0,nan,9336.512,8429,786974600.0,19359,9425.0,12,9420.0,2,9430.0,76,9415.0,33,9435.0,8,9410.0,77,9440.0,13,9405.0,15,9450.0,18,9400.0,9
1597988339270313984,1597988339000000000,2020-08-21 13:38:59.000000,9420.0,9425.0,9250.0,9355.0,nan,9336.512,8429,786974600.0,19359,9425.0,14,9420.0,2,9430.0,82,9415.0,41,9435.0,8,9410.0,77,9440.0,13,9405.0,15,9450.0,18,9400.0,9
1597988342719909888,1597988342500000000,2020-08-21 13:39:02.500000,9420.0,9425.0,9250.0,9355.0,nan,9336.512,8429,786974600.0,19359,9425.0,14,9420.0,4,9430.0,74,9415.0,41,9435.0,8,9410.0,69,9440.0,13,9405.0,15,9450.0,18,9400.0,9
1597988343136573952,1597988343000000000,2020-08-21 13:39:03.000000,9420.0,9425.0,9250.0,9355.0,nan,9336.512,8429,786974600.0,19359,9425.0,14,9420.0,8,9430.0,82,9415.0,41,9435.0,8,9410.0,77,9440.0,13,9405.0,15,9450.0,18,9400.0,9
1597988343667921920,1597988343500000000,2020-08-21 13:39:03.500000,9420.0,9425.0,9250.0,9355.0,nan,9336.512,8429,786974600.0,19359,9425.0,14,9420.0,8,9430.0,80,9415.0,39,9435.0,8,9410.0,77,9440.0,13,9405.0,15,9450.0,18,9400.0,9
1597988344135489024,1597988344000000000,2020-08-21 13:39:04.000000,9420.0,9425.0,9250.0,9355.0,nan,9336.512,8429,786974600.0,19359,9425.0,14,9420.0,10,9430.0,80,9415.0,39,9435.0,10,9410.0,77,9440.0,13,9405.0,15,9450.0,18,9400.0,9
1597988344617869056,1597988344500000000,2020-08-21 13:39:04.500000,9420.0,9425.0,9250.0,9355.0,nan,9336.512,8429,786974600.0,19359,9425.0,11,9420.0,10,9430.0,66,9415.0,30,9435.0,10,9410.0,69,9440.0,13,9405.0,15,9450.0,18,9400.0,9
1597988345138459904,1597988345000000000,2020-08-21 13:39:05.000000,9420.0,9425.0,9250.0,9355.0,nan,9336.512,8429,786974600.0,19359,9425.0,14,9420.0,13,9430.0,72,9415.0,44,9435.0,18,9410.0,69,9440.0,13,9405.0,15,9450.0,18,9400.0,9
1597988345638372096,1597988345500000000,2020-08-21 13:39:05.500000,9420.0,9425.0,9250.0,9355.0,nan,9336.512,8429,786974600.0,19359,9425.0,14,9420.0,13,9430.0,64,9415.0,44,9435.0,18,9410.0,61,9440.0,13,9405.0,15,9450.0,18,9400.0,4
1597988346119176960,1597988346000000000,2020-08-21 13:39:06.000000,9420.0,9425.0,9250.0,9355.0,nan,9336.512,8429,786974600.0,19359,9425.0,14,9420.0,13,9430.0,64,9415.0,52,9435.0,26,9410.0,61,9440.0,13,9405.0,10,9450.0,18,9400.0,4
1597988346646126080,1597988346500000000,2020-08-21 13:39:06.500000,9420.0,9425.0,9250.0,9355.0,nan,9336.512,8429,786974600.0,19359,9425.0,14,9420.0,13,9430.0,64,9415.0,52,9435.0,26,9410.0,53,9440.0,13,9405.0,10,9450.0,18,9400.0,4
1597988347366501120,1597988347000000000,2020-08-21 13:39:07.000000,9420.0,9425.0,9250.0,9355.0,nan,9336.512,8429,786974600.0,19359,9425.0,14,9420.0,13,9430.0,64,9415.0,52,9435.0,26,9410.0,61,9440.0,13,9405.0,10,9450.0,18,9400.0,4
1597988348636165888,1597988348500000000,2020-08-21 13:39:08.500000,9420.0,9425.0,9250.0,9355.0,nan,9336.512,8429,786974600.0,19359,9425.0,14,9420.0,13,9430.0,56,9415.0,52,9435.0,26,9410.0,53,9440.0,13,9405.0,10,9450.0,18,9400.0,4
1597988349118752000,1597988349000000000,2020-08-21 13:39:09.000000,9420.0,9425.0,9250.0,9355.0,nan,9336.512,8429,786974600.0,19359,9425.0,14,9420.0,13,9430.0,64,9415.0,52,9435.0,26,9410.0,61,9440.0,13,9405.0,10,9450.0,18,9400.0,4
1597988354632997888,1597988354500000000,2020-08-21 13:39:14.500000,9420.0,9425.0,9250.0,9355.0,nan,9336.512,8429,786974600.0,19359,9425.0,14,9420.0,13,9430.0,56,9415.0,52,9435.0,26,9410.0,53,9440.0,13,9405.0,10,9450.0,18,9400.0,4
1597988355121952000,1597988355000000000,2020-08-21 13:39:15.000000,9420.0,9425.0,9250.0,9355.0,nan,9336.512,8429,786974600.0,19359,9425.0,14,9420.0,18,9430.0,64,9415.0,52,9435.0,26,9410.0,61,9440.0,13,9405.0,10,9450.0,18,9400.0,4
1597988355628780032,1597988355500000000,2020-08-21 13:39:15.500000,9420.0,9425.0,9250.0,9355.0,nan,9336.512,8429,786974600.0,19359,9425.0,7,9420.0,25,9430.0,40,9415.0,76,9435.0,57,9410.0,30,9440.0,13,9405.0,10,9450.0,18,9400.0,4
1597988356121656064,1597988356000000000,2020-08-21 13:39:16.000000,9420.0,9425.0,9250.0,9355.0,nan,9336.512,8429,786974600.0,19359,9425.0,4,9420.0,22,9430.0,34,9415.0,70,9435.0,57,9410.0,30,9440.0,13,9405.0,10,9450.0,18,9400.0,4
1597988356609939968,1597988356500000000,2020-08-21 13:39:16.500000,9420.0,9425.0,9250.0,9355.0,nan,9336.512,8429,786974600.0,19359,9425.0,4,9420.0,25,9430.0,43,9415.0,76,9435.0,57,9410.0,30,9440.0,13,9405.0,10,9450.0,18,9400.0,4
1597988358612069888,1597988358500000000,2020-08-21 13:39:18.500000,9425.0,9425.0,9250.0,9355.0,nan,9336.523,8430,787068850.0,19360,9425.0,4,9420.0,25,9430.0,43,9415.0,76,9435.0,57,9410.0,30,9440.0,13,9405.0,10,9450.0,18,9400.0,4
1597988361109305088,1597988361000000000,2020-08-21 13:39:21.000000,9425.0,9425.0,9250.0,9355.0,nan,9336.523,8430,787068850.0,19360,9425.0,6,9420.0,25,9430.0,43,9415.0,76,9435.0,57,9410.0,30,9440.0,13,9405.0,10,9450.0,18,9400.0,4
1597988363626115072,1597988363500000000,2020-08-21 13:39:23.500000,9425.0,9425.0,9250.0,9355.0,nan,9336.554,8433,787351600.0,19361,9430.0,35,9425.0,1,9435.0,50,9420.0,17,9440.0,13,9415.0,68,9450.0,18,9410.0,30,9455.0,15,9405.0,10
1597988364115575040,1597988364000000000,2020-08-21 13:39:24.000000,9425.0,9425.0,9250.0,9355.0,nan,9336.554,8433,787351600.0,19361,9430.0,5,9425.0,1,9435.0,66,9420.0,15,9440.0,13,9415.0,78,9450.0,17,9410.0,6,9455.0,15,9405.0,10
1597988364634767104,1597988364500000000,2020-08-21 13:39:24.500000,9425.0,9425.0,9250.0,9355.0,nan,9336.575,8435,787540100.0,19362,9425.0,1,9420.0,30,9430.0,6,9415.0,78,9435.0,74,9410.0,6,9440.0,21,9405.0,6,9450.0,3,9400.0,4
1597988365131766016,1597988365000000000,2020-08-21 13:39:25.000000,9425.0,9425.0,9250.0,9355.0,nan,9336.606,8438,787822850.0,19364,9425.0,1,9420.0,15,9430.0,11,9415.0,70,9435.0,59,9410.0,14,9440.0,13,9405.0,6,9450.0,3,9400.0,4
1597988365610636032,1597988365500000000,2020-08-21 13:39:25.500000,9425.0,9425.0,9250.0,9355.0,nan,9336.617,8439,787917100.0,19364,9425.0,1,9420.0,22,9430.0,34,9415.0,86,9435.0,65,9410.0,22,9440.0,13,9405.0,7,9450.0,3,9400.0,4
1597988366131414016,1597988366000000000,2020-08-21 13:39:26.000000,9425.0,9425.0,9250.0,9355.0,nan,9336.627,8440,788011350.0,19364,9430.0,19,9425.0,1,9435.0,58,9420.0,15,9440.0,13,9415.0,70,9450.0,3,9410.0,22,9455.0,15,9405.0,7
1597988366644357120,1597988366500000000,2020-08-21 13:39:26.500000,9425.0,9425.0,9250.0,9355.0,nan,9336.627,8440,788011350.0,19364,9430.0,5,9425.0,1,9435.0,72,9420.0,23,9440.0,13,9415.0,78,9450.0,3,9410.0,6,9455.0,15,9405.0,7
1597988367130733056,1597988367000000000,2020-08-21 13:39:27.000000,9425.0,9425.0,9250.0,9355.0,nan,9336.627,8440,788011350.0,19364,9430.0,11,9425.0,2,9435.0,74,9420.0,30,9440.0,21,9415.0,85,9450.0,3,9410.0,6,9455.0,15,9405.0,7
1597988367651888896,1597988367500000000,2020-08-21 13:39:27.500000,9425.0,9425.0,9250.0,9355.0,nan,9336.627,8440,788011350.0,19364,9430.0,14,9425.0,2,9435.0,80,9420.0,39,9440.0,21,9415.0,85,9450.0,3,9410.0,6,9455.0,15,9405.0,7
1597988369607518976,1597988369500000000,2020-08-21 13:39:29.500000,9425.0,9425.0,9250.0,9355.0,nan,9336.627,8440,788011350.0,19364,9430.0,14,9425.0,2,9435.0,72,9420.0,39,9440.0,21,9415.0,77,9450.0,3,9410.0,6,9455.0,15,9405.0,7
1597988370121629952,1597988370000000000,2020-08-21 13:39:30.000000,9425.0,9425.0,9250.0,9355.0,nan,9336.627,8440,788011350.0,19364,9430.0,14,9425.0,2,9435.0,80,9420.0,39,9440.0,21,9415.0,85,9450.0,3,9410.0,6,9455.0,15,9405.0,7
1597988371633650944,1597988371500000000,2020-08-21 13:39:31.500000,9425.0,9425.0,9250.0,9355.0,nan,9336.648,8442,788199850.0,19363,9425.0,1,9420.0,31,9430.0,8,9415.0,78,9435.0,72,9410.0,6,9440.0,21,9405.0,7,9450.0,3,9400.0,4
1597988372127612928,1597988372000000000,2020-08-21 13:39:32.000000,9425.0,9425.0,9250.0,9355.0,nan,9336.648,8442,788199850.0,19363,9425.0,3,9420.0,14,9430.0,12,9415.0,70,9435.0,58,9410.0,14,9440.0,13,9405.0,7,9450.0,3,9400.0,4
1597988372633752064,1597988372500000000,2020-08-21 13:39:32.500000,9425.0,9425.0,9250.0,9355.0,nan,9336.648,8442,788199850.0,19363,9425.0,5,9420.0,23,9430.0,37,9415.0,86,9435.0,65,9410.0,22,9440.0,13,9405.0,7,9450.0,3,9400.0,4
1597988373131386112,1597988373000000000,2020-08-21 13:39:33.000000,9425.0,9425.0,9250.0,9355.0,nan,9336.648,8442,788199850.0,19363,9425.0,5,9420.0,23,9430.0,29,9415.0,78,9435.0,65,9410.0,22,9440.0,13,9405.0,7,9450.0,3,9400.0,4
1597988373611702016,1597988373500000000,2020-08-21 13:39:33.500000,9425.0,9425.0,9250.0,9355.0,nan,9336.648,8442,788199850.0,19363,9425.0,5,9420.0,25,9430.0,37,9415.0,84,9435.0,65,9410.0,22,9440.0,13,9405.0,7,9450.0,3,9400.0,4
1597988375616009984,1597988375500000000,2020-08-21 13:39:35.500000,9425.0,9425.0,9250.0,9355.0,nan,9336.648,8442,788199850.0,19363,9425.0,5,9420.0,25,9430.0,37,9415.0,61,9435.0,57,9410.0,22,9440.0,13,9405.0,7,9450.0,3,9400.0,4
1597988376107360000,1597988376000000000,2020-08-21 13:39:36.000000,9425.0,9425.0,9250.0,9355.0,nan,9336.648,8442,788199850.0,19363,9425.0,5,9420.0,23,9430.0,45,9415.0,69,9435.0,57,9410.0,30,9440.0,13,9405.0,7,9450.0,3,9400.0,4
1597988380610475008,1597988380500000000,2020-08-21 13:39:40.500000,9425.0,9425.0,9250.0,9355.0,nan,9336.648,8442,788199850.0,19363,9425.0,12,9420.0,23,9430.0,38,9415.0,69,9435.0,57,9410.0,30,9440.0,13,9405.0,7,9450.0,3,9400.0,4
1597988381130544896,1597988381000000000,2020-08-21 13:39:41.000000,9425.0,9425.0,9250.0,9355.0,nan,9336.659,8443,788294100.0,19363,9425.0,11,9420.0,20,9430.0,29,9415.0,63,9435.0,57,9410.0,30,9440.0,13,9405.0,7,9450.0,3,9400.0,4
1597988381619779072,1597988381500000000,2020-08-21 13:39:41.500000,9425.0,9425.0,9250.0,9355.0,nan,9336.659,8443,788294100.0,19363,9425.0,14,9420.0,23,9430.0,27,9415.0,69,9435.0,57,9410.0,22,9440.0,13,9405.0,7,9450.0,3,9400.0,4
1597988382122348032,1597988382000000000,2020-08-21 13:39:42.000000,9425.0,9425.0,9250.0,9355.0,nan,9336.659,8443,788294100.0,19363,9425.0,14,9420.0,23,9430.0,35,9415.0,69,9435.0,57,9410.0,30,9440.0,13,9405.0,7,9450.0,3,9400.0,4
1597988382623225088,1597988382500000000,2020-08-21 13:39:42.500000,9425.0,9425.0,9250.0,9355.0,nan,9336.669,8444,788388350.0,19364,9425.0,12,9420.0,23,9430.0,35,9415.0,69,9435.0,57,9410.0,30,9440.0,13,9405.0,7,9450.0,3,9400.0,4
1597988383620387072,1597988383500000000,2020-08-21 13:39:43.500000,9420.0,9425.0,9250.0,9355.0,nan,9336.679,8445,788482550.0,19363,9425.0,12,9420.0,22,9430.0,35,9415.0,69,9435.0,57,9410.0,30,9440.0,13,9405.0,7,9450.0,3,9400.0,4
1597988387631000064,1597988387500000000,2020-08-21 13:39:47.500000,9425.0,9425.0,9250.0,9355.0,nan,9336.69,8446,788576800.0,19364,9425.0,11,9420.0,22,9430.0,27,9415.0,69,9435.0,57,9410.0,22,9440.0,13,9405.0,7,9450.0,3,9400.0,4
1597988388123984896,1597988388000000000,2020-08-21 13:39:48.000000,9425.0,9425.0,9250.0,9355.0,nan,9336.69,8446,788576800.0,19364,9425.0,11,9420.0,23,9430.0,35,9415.0,69,9435.0,57,9410.0,30,9440.0,13,9405.0,7,9450.0,3,9400.0,4
1597988390149455872,1597988390000000000,2020-08-21 13:39:50.000000,9425.0,9425.0,9250.0,9355.0,nan,9336.69,8446,788576800.0,19364,9425.0,11,9420.0,23,9430.0,36,9415.0,69,9435.0,57,9410.0,30,9440.0,13,9405.0,7,9450.0,3,9400.0,4
1597988393620349952,1597988393500000000,2020-08-21 13:39:53.500000,9425.0,9425.0,9250.0,9355.0,nan,9336.69,8446,788576800.0,19364,9425.0,11,9420.0,23,9430.0,28,9415.0,69,9435.0,57,9410.0,22,9440.0,13,9405.0,7,9450.0,3,9400.0,4
1597988394114801920,1597988394000000000,2020-08-21 13:39:54.000000,9425.0,9425.0,9250.0,9355.0,nan,9336.69,8446,788576800.0,19364,9425.0,11,9420.0,23,9430.0,36,9415.0,69,9435.0,57,9410.0,30,9440.0,13,9405.0,7,9450.0,3,9400.0,4
1597988403615968000,1597988403500000000,2020-08-21 13:40:03.500000,9425.0,9425.0,9250.0,9355.0,nan,9336.804,8457,789613550.0,19374,9430.0,29,9425.0,9,9435.0,50,9420.0,14,9440.0,13,9415.0,55,9450.0,3,9410.0,30,9455.0,16,9405.0,7
1597988404136704000,1597988404000000000,2020-08-21 13:40:04.000000,9425.0,9425.0,9250.0,9355.0,nan,9336.804,8457,789613550.0,19374,9430.0,7,9425.0,11,9435.0,64,9420.0,18,9440.0,13,9415.0,64,9450.0,3,9410.0,6,9455.0,16,9405.0,7
1597988404624323072,1597988404500000000,2020-08-21 13:40:04.500000,9425.0,9425.0,9250.0,9355.0,nan,9336.804,8457,789613550.0,19374,9430.0,5,9425.0,9,9435.0,49,9420.0,34,9440.0,36,9415.0,56,9450.0,3,9410.0,6,9455.0,16,9405.0,7
1597988405134244096,1597988405000000000,2020-08-21 13:40:05.000000,9430.0,9430.0,9250.0,9355.0,nan,9336.815,8458,789707850.0,19374,9430.0,4,9425.0,11,9435.0,41,9420.0,43,9440.0,38,9415.0,39,9450.0,3,9410.0,6,9455.0,16,9405.0,7
1597988405626426112,1597988405500000000,2020-08-21 13:40:05.500000,9425.0,9430.0,9250.0,9355.0,nan,9336.826,8459,789802100.0,19373,9430.0,12,9425.0,18,9435.0,25,9420.0,35,9440.0,38,9415.0,31,9450.0,3,9410.0,6,9455.0,16,9405.0,7
1597988406134214912,1597988406000000000,2020-08-21 13:40:06.000000,9425.0,9430.0,9250.0,9355.0,nan,9336.826,8459,789802100.0,19373,9430.0,14,9425.0,21,9435.0,31,9420.0,49,9440.0,47,9415.0,31,9450.0,3,9410.0,6,9455.0,16,9405.0,7
1597988406629731072,1597988406500000000,2020-08-21 13:40:06.500000,9425.0,9430.0,9250.0,9355.0,nan,9336.826,8459,789802100.0,19373,9430.0,12,9425.0,21,9435.0,31,9420.0,65,9440.0,63,9415.0,31,9450.0,3,9410.0,6,9455.0,16,9405.0,7
1597988408149465088,1597988408000000000,2020-08-21 13:40:08.000000,9425.0,9430.0,9250.0,9355.0,nan,9336.836,8460,789896350.0,19373,9430.0,12,9425.0,20,9435.0,31,9420.0,65,9440.0,63,9415.0,31,9450.0,3,9410.0,6,9455.0,16,9405.0,7
1597988409628221952,1597988409500000000,2020-08-21 13:40:09.500000,9425.0,9430.0,9250.0,9355.0,nan,9336.836,8460,789896350.0,19373,9430.0,13,9425.0,20,9435.0,23,9420.0,65,9440.0,63,9415.0,23,9450.0,3,9410.0,6,9455.0,16,9405.0,7
1597988410113041920,1597988410000000000,2020-08-21 13:40:10.000000,9425.0,9430.0,9250.0,9355.0,nan,9336.836,8460,789896350.0,19373,9430.0,13,9425.0,19,9435.0,31,9420.0,65,9440.0,62,9415.0,31,9450.0,3,9410.0,6,9455.0,16,9405.0,7
1597988410634604032,1597988410500000000,2020-08-21 13:40:10.500000,9425.0,9430.0,9250.0,9355.0,nan,9336.836,8460,789896350.0,19373,9430.0,14,9425.0,20,9435.0,31,9420.0,65,9440.0,62,9415.0,31,9450.0,3,9410.0,6,9455.0,16,9405.0,7
1597988411122309120,1597988411000000000,2020-08-21 13:40:11.000000,9425.0,9430.0,9250.0,9355.0,nan,9336.836,8460,789896350.0,19373,9430.0,16,9425.0,20,9435.0,31,9420.0,65,9440.0,62,9415.0,31,9450.0,3,9410.0,6,9455.0,16,9405.0,7
1597988413628212992,1597988413500000000,2020-08-21 13:40:13.500000,9425.0,9430.0,9250.0,9355.0,nan,9336.836,8460,789896350.0,19373,9430.0,14,9425.0,20,9435.0,31,9420.0,65,9440.0,62,9415.0,31,9450.0,3,9410.0,6,9455.0,16,9405.0,7
1597988414125715968,1597988414000000000,2020-08-21 13:40:14.000000,9425.0,9430.0,9250.0,9355.0,nan,9336.836,8460,789896350.0,19373,9430.0,16,9425.0,20,9435.0,31,9420.0,65,9440.0,62,9415.0,31,9450.0,3,9410.0,6,9455.0,16,9405.0,7
1597988415142377984,1597988415000000000,2020-08-21 13:40:15.000000,9425.0,9430.0,9250.0,9355.0,nan,9337.044,8480,791781350.0,19363,9425.0,11,9420.0,51,9430.0,7,9415.0,31,9435.0,24,9410.0,6,9440.0,55,9405.0,7,9450.0,3,9400.0,4
1597988415710705920,1597988415500000000,2020-08-21 13:40:15.500000,9425.0,9430.0,9250.0,9355.0,nan,9337.044,8480,791781350.0,19363,9425.0,15,9420.0,13,9430.0,18,9415.0,29,9435.0,16,9410.0,15,9440.0,13,9405.0,6,9450.0,3,9400.0,4
1597988416137867008,1597988416000000000,2020-08-21 13:40:16.000000,9425.0,9430.0,9250.0,9355.0,nan,9337.044,8480,791781350.0,19363,9425.0,15,9420.0,12,9430.0,60,9415.0,25,9435.0,8,9410.0,54,9440.0,13,9405.0,6,9450.0,3,9400.0,4
1597988416608077056,1597988416500000000,2020-08-21 13:40:16.500000,9425.0,9430.0,9250.0,9355.0,nan,9337.044,8480,791781350.0,19363,9425.0,15,9420.0,12,9430.0,76,9415.0,25,9435.0,8,9410.0,70,9440.0,13,9405.0,6,9450.0,3,9400.0,4
1597988417130813952,1597988417000000000,2020-08-21 13:40:17.000000,9425.0,9430.0,9250.0,9355.0,nan,9337.044,8480,791781350.0,19363,9425.0,23,9420.0,16,9430.0,76,9415.0,25,9435.0,8,9410.0,70,9440.0,13,9405.0,6,9450.0,3,9400.0,4
1597988421617214976,1597988421500000000,2020-08-21 13:40:21.500000,9425.0,9430.0,9250.0,9355.0,nan,9337.044,8480,791781350.0,19363,9425.0,23,9420.0,16,9430.0,68,9415.0,25,9435.0,8,9410.0,62,9440.0,13,9405.0,6,9450.0,3,9400.0,4
1597988422117889024,1597988422000000000,2020-08-21 13:40:22.000000,9425.0,9430.0,9250.0,9355.0,nan,9337.044,8480,791781350.0,19363,9425.0,22,9420.0,16,9430.0,76,9415.0,25,9435.0,8,9410.0,69,9440.0,13,9405.0,6,9450.0,3,9400.0,4
1597988422647312896,1597988422500000000,2020-08-21 13:40:22.500000,9425.0,9430.0,9250.0,9355.0,nan,9337.044,8480,791781350.0,19363,9425.0,23,9420.0,17,9430.0,76,9415.0,25,9435.0,8,9410.0,69,9440.0,13,9405.0,6,9450.0,3,9400.0,4
1597988427621679104,1597988427500000000,2020-08-21 13:40:27.500000,9425.0,9430.0,9250.0,9355.0,nan,9337.044,8480,791781350.0,19363,9425.0,23,9420.0,17,9430.0,68,9415.0,25,9435.0,8,9410.0,61,9440.0,13,9405.0,6,9450.0,3,9400.0,4
1597988428121764096,1597988428000000000,2020-08-21 13:40:28.000000,9425.0,9430.0,9250.0,9355.0,nan,9337.044,8480,791781350.0,19363,9425.0,23,9420.0,17,9430.0,76,9415.0,25,9435.0,8,9410.0,69,9440.0,13,9405.0,6,9450.0,3,9400.0,4
1597988433611176960,1597988433500000000,2020-08-21 13:40:33.500000,9425.0,9430.0,9250.0,9355.0,nan,9337.044,8480,791781350.0,19363,9425.0,23,9420.0,17,9430.0,68,9415.0,25,9435.0,8,9410.0,61,9440.0,13,9405.0,6,9450.0,3,9400.0,4
1597988434118647040,1597988434000000000,2020-08-21 13:40:34.000000,9425.0,9430.0,9250.0,9355.0,nan,9337.044,8480,791781350.0,19363,9425.0,23,9420.0,17,9430.0,76,9415.0,25,9435.0,8,9410.0,69,9440.0,13,9405.0,6,9450.0,3,9400.0,4
1597988439622903040,1597988439500000000,2020-08-21 13:40:39.500000,9425.0,9430.0,9250.0,9355.0,nan,9337.044,8480,791781350.0,19363,9425.0,23,9420.0,17,9430.0,68,9415.0,25,9435.0,8,9410.0,61,9440.0,13,9405.0,6,9450.0,3,9400.0,4
1597988440128838912,1597988440000000000,2020-08-21 13:40:40.000000,9425.0,9430.0,9250.0,9355.0,nan,9337.044,8480,791781350.0,19363,9425.0,23,9420.0,17,9430.0,76,9415.0,25,9435.0,8,9410.0,69,9440.0,13,9405.0,6,9450.0,3,9400.0,4
1597988445109338880,1597988445000000000,2020-08-21 13:40:45.000000,9425.0,9430.0,9250.0,9355.0,nan,9337.044,8480,791781350.0,19363,9425.0,23,9420.0,17,9430.0,75,9415.0,25,9435.0,8,9410.0,69,9440.0,13,9405.0,6,9450.0,3,9400.0,4
1597988445612676096,1597988445500000000,2020-08-21 13:40:45.500000,9425.0,9430.0,9250.0,9355.0,nan,9337.044,8480,791781350.0,19363,9425.0,23,9420.0,17,9430.0,67,9415.0,25,9435.0,8,9410.0,61,9440.0,13,9405.0,6,9450.0,3,9400.0,4
1597988446135013120,1597988446000000000,2020-08-21 13:40:46.000000,9425.0,9430.0,9250.0,9355.0,nan,9337.044,8480,791781350.0,19363,9425.0,23,9420.0,17,9430.0,75,9415.0,25,9435.0,8,9410.0,69,9440.0,13,9405.0,6,9450.0,3,9400.0,4
1597988461266534912,1597988461000000000,2020-08-21 13:41:01.000000,9415.0,9430.0,9250.0,9355.0,nan,9337.219,8498,793476900.0,19379,9420.0,9,9415.0,17,9425.0,11,9410.0,62,9430.0,61,9405.0,6,9435.0,8,9400.0,4,9440.0,13,9395.0,8
1597988461609085952,1597988461500000000,2020-08-21 13:41:01.500000,9420.0,9430.0,9250.0,9355.0,nan,9337.229,8499,793571100.0,19379,9420.0,10,9415.0,6,9425.0,27,9410.0,53,9430.0,43,9405.0,14,9440.0,13,9400.0,4,9450.0,3,9395.0,8
1597988462141730048,1597988462000000000,2020-08-21 13:41:02.000000,9420.0,9430.0,9250.0,9355.0,nan,9337.229,8499,793571100.0,19379,9420.0,8,9415.0,4,9425.0,55,9410.0,34,9430.0,27,9405.0,45,9440.0,13,9400.0,4,9450.0,3,9395.0,8
1597988462631493888,1597988462500000000,2020-08-21 13:41:02.500000,9420.0,9430.0,9250.0,9355.0,nan,9337.229,8499,793571100.0,19379,9420.0,8,9415.0,4,9425.0,55,9410.0,42,9430.0,27,9405.0,37,9440.0,13,9400.0,4,9450.0,17,9395.0,8
1597988463123268096,1597988463000000000,2020-08-21 13:41:03.000000,9420.0,9430.0,9250.0,9355.0,nan,9337.229,8499,793571100.0,19379,9420.0,16,9415.0,12,9425.0,63,9410.0,42,9430.0,27,9405.0,45,9440.0,13,9400.0,4,9450.0,17,9395.0,8
1597988463611083008,1597988463500000000,2020-08-21 13:41:03.500000,9420.0,9430.0,9250.0,9355.0,nan,9337.229,8499,793571100.0,19379,9420.0,9,9415.0,4,9425.0,71,9410.0,18,9430.0,11,9405.0,62,9440.0,13,9400.0,4,9450.0,17,9395.0,8
1597988464124386048,1597988464000000000,2020-08-21 13:41:04.000000,9420.0,9430.0,9250.0,9355.0,nan,9337.229,8499,793571100.0,19379,9420.0,10,9415.0,4,9425.0,85,9410.0,33,9430.0,19,9405.0,69,9440.0,13,9400.0,4,9450.0,17,9395.0,8
1597988464626714112,1597988464500000000,2020-08-21 13:41:04.500000,9420.0,9430.0,9250.0,9355.0,nan,9337.229,8499,793571100.0,19379,9420.0,8,9415.0,4,9425.0,79,9410.0,25,9430.0,19,9405.0,69,9440.0,13,9400.0,4,9450.0,17,9395.0,8
1597988465123347968,1597988465000000000,2020-08-21 13:41:05.000000,9420.0,9430.0,9250.0,9355.0,nan,9337.229,8499,793571100.0,19379,9420.0,8,9415.0,4,9425.0,87,9410.0,33,9430.0,19,9405.0,69,9440.0,13,9400.0,4,9450.0,17,9395.0,8
1597988465614323968,1597988465500000000,2020-08-21 13:41:05.500000,9420.0,9430.0,9250.0,9355.0,nan,9337.229,8499,793571100.0,19379,9420.0,8,9415.0,4,9425.0,79,9410.0,41,9430.0,27,9405.0,61,9440.0,13,9400.0,4,9450.0,17,9395.0,8
1597988469611772928,1597988469500000000,2020-08-21 13:41:09.500000,9420.0,9430.0,9250.0,9355.0,nan,9337.229,8499,793571100.0,19379,9420.0,8,9415.0,4,9425.0,71,9410.0,41,9430.0,26,9405.0,53,9440.0,13,9400.0,4,9450.0,17,9395.0,8
1597988470107779072,1597988470000000000,2020-08-21 13:41:10.000000,9420.0,9430.0,9250.0,9355.0,nan,9337.229,8499,793571100.0,19379,9420.0,8,9415.0,4,9425.0,80,9410.0,42,9430.0,26,9405.0,61,9440.0,13,9400.0,4,9450.0,17,9395.0,8
1597988472602115072,1597988472500000000,2020-08-21 13:41:12.500000,9420.0,9430.0,9250.0,9355.0,nan,9337.239,8500,793665300.0,19379,9420.0,7,9415.0,4,9425.0,80,9410.0,42,9430.0,26,9405.0,61,9440.0,13,9400.0,4,9450.0,17,9395.0,8
1597988474684571904,1597988474500000000,2020-08-21 13:41:14.500000,9420.0,9430.0,9250.0,9355.0,nan,9337.239,8500,793665300.0,19379,9420.0,7,9415.0,4,9425.0,82,9410.0,42,9430.0,26,9405.0,61,9440.0,13,9400.0,4,9450.0,17,9395.0,8
1597988475618803968,1597988475500000000,2020-08-21 13:41:15.500000,9420.0,9430.0,9250.0,9355.0,nan,9337.239,8500,793665300.0,19379,9420.0,7,9410.0,42,9425.0,74,9405.0,53,9430.0,26,9400.0,4,9440.0,13,9395.0,8,9450.0,17,9390.0,22
1597988476132218880,1597988476000000000,2020-08-21 13:41:16.000000,9420.0,9430.0,9250.0,9355.0,nan,9337.239,8500,793665300.0,19379,9420.0,7,9415.0,30,9425.0,74,9410.0,26,9430.0,18,9405.0,61,9440.0,13,9400.0,4,9450.0,17,9395.0,8
1597988476635305984,1597988476500000000,2020-08-21 13:41:16.500000,9420.0,9430.0,9250.0,9355.0,nan,9337.239,8500,793665300.0,19379,9420.0,7,9415.0,32,9425.0,58,9410.0,54,9430.0,41,9405.0,38,9440.0,13,9400.0,4,9450.0,17,9395.0,8
1597988477117544960,1597988477000000000,2020-08-21 13:41:17.000000,9420.0,9430.0,9250.0,9355.0,nan,9337.239,8500,793665300.0,19379,9420.0,7,9415.0,33,9425.0,51,9410.0,70,9430.0,57,9405.0,30,9440.0,13,9400.0,4,9450.0,17,9395.0,8
1597988477628937984,1597988477500000000,2020-08-21 13:41:17.500000,9420.0,9430.0,9250.0,9355.0,nan,9337.239,8500,793665300.0,19379,9420.0,7,9415.0,33,9425.0,51,9410.0,70,9430.0,57,9405.0,30,9440.0,13,9400.0,4,9450.0,17,9395.0,7
1597988478646640128,1597988478500000000,2020-08-21 13:41:18.500000,9415.0,9430.0,9250.0,9355.0,nan,9337.257,8502,793853600.0,19379,9420.0,13,9415.0,31,9425.0,51,9410.0,70,9430.0,57,9405.0,30,9440.0,13,9400.0,4,9450.0,17,9395.0,7
1597988479136593920,1597988479000000000,2020-08-21 13:41:19.000000,9415.0,9430.0,9250.0,9355.0,nan,9337.257,8502,793853600.0,19379,9420.0,13,9415.0,28,9425.0,42,9410.0,64,9430.0,57,9405.0,30,9440.0,13,9400.0,4,9450.0,17,9395.0,7
1597988479626984960,1597988479500000000,2020-08-21 13:41:19.500000,9415.0,9430.0,9250.0,9355.0,nan,9337.257,8502,793853600.0,19379,9420.0,16,9415.0,31,9425.0,48,9410.0,70,9430.0,57,9405.0,30,9440.0,13,9400.0,4,9450.0,17,9395.0,7
1597988480119041024,1597988480000000000,2020-08-21 13:41:20.000000,9405.0,9430.0,9250.0,9355.0,nan,9337.772,8563,799593450.0,19355,9410.0,8,9405.0,22,9415.0,3,9400.0,4,9420.0,13,9395.0,7,9425.0,41,9390.0,22,9430.0,10,9385.0,6
1597988480642959104,1597988480500000000,2020-08-21 13:41:20.500000,9405.0,9430.0,9250.0,9355.0,nan,9337.855,8573,800534350.0,19346,9415.0,17,9400.0,20,9420.0,26,9395.0,15,9425.0,15,9390.0,22,9430.0,2,9385.0,6,9440.0,13,9380.0,15
1597988481106676992,1597988481000000000,2020-08-21 13:41:21.000000,9405.0,9430.0,9250.0,9355.0,nan,9337.855,8573,800534350.0,19346,9410.0,1,9400.0,28,9415.0,23,9395.0,15,9420.0,34,9390.0,8,9425.0,15,9385.0,6,9430.0,2,9380.0,15
1597988481618838016,1597988481500000000,2020-08-21 13:41:21.500000,9405.0,9430.0,9250.0,9355.0,nan,9337.855,8573,800534350.0,19346,9410.0,9,9405.0,3,9415.0,39,9400.0,18,9420.0,18,9395.0,39,9425.0,15,9390.0,8,9430.0,2,9385.0,6
1597988482115467008,1597988482000000000,2020-08-21 13:41:22.000000,9405.0,9430.0,9250.0,9355.0,nan,9337.855,8573,800534350.0,19346,9410.0,9,9405.0,12,9415.0,37,9400.0,14,9420.0,26,9395.0,39,9425.0,15,9390.0,8,9430.0,2,9385.0,6
1597988482633037056,1597988482500000000,2020-08-21 13:41:22.500000,9405.0,9430.0,9250.0,9355.0,nan,9337.855,8573,800534350.0,19346,9410.0,9,9405.0,12,9415.0,31,9400.0,24,9420.0,34,9395.0,31,9425.0,15,9390.0,8,9430.0,2,9385.0,6
1597988483112830976,1597988483000000000,2020-08-21 13:41:23.000000,9405.0,9430.0,9250.0,9355.0,nan,9337.855,8573,800534350.0,19346,9410.0,11,9405.0,14,9415.0,38,9400.0,46,9420.0,49,9395.0,31,9425.0,15,9390.0,8,9430.0,2,9385.0,6
1597988483612239104,1597988483500000000,2020-08-21 13:41:23.500000,9405.0,9430.0,9250.0,9355.0,nan,9337.855,8573,800534350.0,19346,9410.0,11,9405.0,14,9415.0,38,9400.0,46,9420.0,49,9395.0,31,9425.0,15,9390.0,8,9430.0,2,9385.0,7
1597988484120184064,1597988484000000000,2020-08-21 13:41:24.000000,9405.0,9430.0,9250.0,9355.0,nan,9337.855,8573,800534350.0,19346,9410.0,11,9405.0,14,9415.0,38,9400.0,54,9420.0,57,9395.0,31,9425.0,15,9390.0,8,9430.0,2,9385.0,7
1597988485639639040,1597988485500000000,2020-08-21 13:41:25.500000,9405.0,9430.0,9250.0,9355.0,nan,9337.965,8587,801851050.0,19346,9405.0,6,9400.0,40,9410.0,1,9395.0,31,9415.0,31,9390.0,8,9420.0,50,9385.0,7,9425.0,15,9380.0,15
1597988486121092096,1597988486000000000,2020-08-21 13:41:26.000000,9405.0,9430.0,9250.0,9355.0,nan,9338.012,8593,802415350.0,19340,9405.0,6,9400.0,9,9410.0,11,9395.0,39,9415.0,30,9390.0,17,9420.0,18,9385.0,7,9425.0,15,9380.0,15
1597988486630169088,1597988486500000000,2020-08-21 13:41:26.500000,9405.0,9430.0,9250.0,9355.0,nan,9338.058,8599,802979650.0,19346,9410.0,22,9400.0,8,9415.0,36,9395.0,49,9420.0,18,9390.0,25,9425.0,15,9385.0,7,9430.0,2,9380.0,15
1597988487119350016,1597988487000000000,2020-08-21 13:41:27.000000,9405.0,9430.0,9250.0,9355.0,nan,9338.058,8599,802979650.0,19346,9410.0,5,9400.0,8,9415.0,60,9395.0,66,9420.0,18,9390.0,9,9425.0,15,9385.0,7,9430.0,2,9380.0,15
1597988487613816064,1597988487500000000,2020-08-21 13:41:27.500000,9405.0,9430.0,9250.0,9355.0,nan,9338.058,8599,802979650.0,19346,9410.0,11,9400.0,17,9415.0,85,9395.0,88,9420.0,18,9390.0,9,9425.0,15,9385.0,7,9430.0,2,9380.0,15
1597988488121532928,1597988488000000000,2020-08-21 13:41:28.000000,9405.0,9430.0,9250.0,9355.0,nan,9338.058,8599,802979650.0,19346,9410.0,12,9400.0,18,9415.0,77,9395.0,80,9420.0,18,9390.0,9,9425.0,15,9385.0,7,9430.0,2,9380.0,15
1597988488613137920,1597988488500000000,2020-08-21 13:41:28.500000,9405.0,9430.0,9250.0,9355.0,nan,9338.058,8599,802979650.0,19346,9410.0,14,9400.0,20,9415.0,91,9395.0,94,9420.0,18,9390.0,9,9425.0,15,9385.0,7,9430.0,2,9380.0,15
1597988489146727936,1597988489000000000,2020-08-21 13:41:29.000000,9405.0,9430.0,9250.0,9355.0,nan,9338.058,8599,802979650.0,19346,9410.0,14,9400.0,20,9415.0,91,9395.0,94,9420.0,18,9390.0,9,9425.0,15,9385.0,6,9430.0,2,9380.0,15
1597988489626009088,1597988489500000000,2020-08-21 13:41:29.500000,9405.0,9430.0,9250.0,9355.0,nan,9338.058,8599,802979650.0,19346,9405.0,3,9400.0,20,9410.0,14,9395.0,94,9415.0,91,9390.0,7,9420.0,18,9385.0,6,9425.0,15,9380.0,15
1597988490126768128,1597988490000000000,2020-08-21 13:41:30.000000,9405.0,9430.0,9250.0,9355.0,nan,9338.058,8599,802979650.0,19346,9405.0,11,9400.0,17,9410.0,13,9395.0,73,9415.0,68,9390.0,15,9420.0,18,9385.0,6,9425.0,15,9380.0,15
1597988490638021120,1597988490500000000,2020-08-21 13:41:30.500000,9405.0,9430.0,9250.0,9355.0,nan,9338.058,8599,802979650.0,19346,9405.0,13,9400.0,18,9410.0,26,9395.0,79,9415.0,68,9390.0,23,9420.0,18,9385.0,6,9425.0,15,9380.0,15
1597988491126661888,1597988491000000000,2020-08-21 13:41:31.000000,9405.0,9430.0,9250.0,9355.0,nan,9338.058,8599,802979650.0,19346,9405.0,14,9400.0,19,9410.0,26,9395.0,79,9415.0,68,9390.0,23,9420.0,18,9385.0,6,9425.0,15,9380.0,15
1597988492657635072,1597988492500000000,2020-08-21 13:41:32.500000,9405.0,9430.0,9250.0,9355.0,nan,9338.058,8599,802979650.0,19346,9405.0,14,9400.0,19,9410.0,26,9395.0,71,9415.0,60,9390.0,23,9420.0,18,9385.0,6,9425.0,15,9380.0,15
1597988493111675904,1597988493000000000,2020-08-21 13:41:33.000000,9405.0,9430.0,9250.0,9355.0,nan,9338.058,8599,802979650.0,19346,9405.0,14,9400.0,19,9410.0,34,9395.0,71,9415.0,60,9390.0,31,9420.0,10,9385.0,6,9425.0,15,9380.0,15
1597988493618554880,1597988493500000000,2020-08-21 13:41:33.500000,9405.0,9430.0,9250.0,9355.0,nan,9338.058,8599,802979650.0,19346,9405.0,44,9400.0,19,9410.0,34,9395.0,71,9415.0,60,9390.0,31,9420.0,10,9385.0,6,9425.0,15,9380.0,15
1597988494112029952,1597988494000000000,2020-08-21 13:41:34.000000,9405.0,9430.0,9250.0,9355.0,nan,9338.058,8599,802979650.0,19346,9405.0,44,9400.0,17,9410.0,63,9395.0,30,9415.0,29,9390.0,70,9420.0,10,9385.0,6,9425.0,15,9380.0,15
1597988494631017984,1597988494500000000,2020-08-21 13:41:34.500000,9410.0,9430.0,9250.0,9355.0,nan,9338.301,8629,805802000.0,19342,9410.0,40,9405.0,16,9415.0,13,9400.0,6,9420.0,10,9395.0,16,9425.0,14,9390.0,64,9430.0,2,9385.0,6
1597988495127357952,1597988495000000000,2020-08-21 13:41:35.000000,9410.0,9430.0,9250.0,9355.0,nan,9338.301,8629,805802000.0,19342,9415.0,53,9405.0,25,9420.0,11,9400.0,4,9425.0,14,9395.0,55,9430.0,2,9390.0,7,9440.0,41,9385.0,6
1597988495621458944,1597988495500000000,2020-08-21 13:41:35.500000,9410.0,9430.0,9250.0,9355.0,nan,9338.301,8629,805802000.0,19342,9410.0,1,9405.0,18,9415.0,3,9400.0,36,9420.0,36,9395.0,7,9425.0,14,9390.0,8,9430.0,2,9385.0,6
1597988496123611904,1597988496000000000,2020-08-21 13:41:36.000000,9410.0,9430.0,9250.0,9355.0,nan,9338.301,8629,805802000.0,19342,9415.0,28,9405.0,26,9420.0,51,9400.0,44,9425.0,14,9395.0,23,9430.0,2,9390.0,8,9440.0,41,9385.0,6
1597988496609220096,1597988496500000000,2020-08-21 13:41:36.500000,9410.0,9430.0,9250.0,9355.0,nan,9338.301,8629,805802000.0,19342,9415.0,12,9405.0,26,9420.0,75,9400.0,68,9425.0,14,9395.0,7,9430.0,2,9390.0,8,9440.0,41,9385.0,6
1597988497111206912,1597988497000000000,2020-08-21 13:41:37.000000,9410.0,9430.0,9250.0,9355.0,nan,9338.301,8629,805802000.0,19342,9415.0,9,9405.0,35,9420.0,100,9400.0,83,9425.0,14,9395.0,7,9430.0,2,9390.0,8,9440.0,41,9385.0,6
1597988497616951040,1597988497500000000,2020-08-21 13:41:37.500000,9410.0,9430.0,9250.0,9355.0,nan,9338.301,8629,805802000.0,19342,9415.0,9,9410.0,5,9420.0,84,9405.0,55,9425.0,30,9400.0,67,9430.0,2,9395.0,7,9440.0,41,9390.0,8
1597988498130160896,1597988498000000000,2020-08-21 13:41:38.000000,9415.0,9430.0,9250.0,9355.0,nan,9338.372,8637,806555200.0,19342,9420.0,67,9415.0,7,9425.0,22,9410.0,5,9430.0,2,9405.0,20,9440.0,41,9400.0,60,9450.0,3,9395.0,7
1597988498608088064,1597988498500000000,2020-08-21 13:41:38.500000,9420.0,9430.0,9250.0,9355.0,nan,9338.457,8646,807403000.0,19342,9420.0,25,9415.0,7,9425.0,46,9410.0,5,9430.0,2,9405.0,34,9440.0,41,9400.0,28,9450.0,3,9395.0,7
1597988499131395072,1597988499000000000,2020-08-21 13:41:39.000000,9415.0,9430.0,9250.0,9355.0,nan,9338.484,8649,807685450.0,19339,9420.0,1,9415.0,4,9425.0,64,9410.0,16,9430.0,10,9405.0,57,9440.0,27,9400.0,4,9450.0,17,9395.0,7
1597988499615419904,1597988499500000000,2020-08-21 13:41:39.500000,9415.0,9430.0,9250.0,9355.0,nan,9338.484,8649,807685450.0,19339,9420.0,2,9415.0,9,9425.0,73,9410.0,39,9430.0,25,9405.0,58,9440.0,27,9400.0,4,9450.0,17,9395.0,7
1597988500140770048,1597988500000000000,2020-08-21 13:41:40.000000,9415.0,9430.0,9250.0,9355.0,nan,9338.484,8649,807685450.0,19339,9420.0,10,9415.0,17,9425.0,58,9410.0,48,9430.0,41,9405.0,50,9440.0,27,9400.0,4,9450.0,17,9395.0,7
1597988500615915008,1597988500500000000,2020-08-21 13:41:40.500000,9415.0,9430.0,9250.0,9355.0,nan,9338.484,8649,807685450.0,19339,9420.0,12,9415.0,19,9425.0,47,9410.0,61,9430.0,49,9405.0,34,9440.0,27,9400.0,4,9450.0,17,9395.0,7
1597988501132679936,1597988501000000000,2020-08-21 13:41:41.000000,9415.0,9430.0,9250.0,9355.0,nan,9338.484,8649,807685450.0,19339,9420.0,13,9415.0,20,9425.0,47,9410.0,69,9430.0,57,9405.0,34,9440.0,27,9400.0,4,9450.0,17,9395.0,7
1597988502613082880,1597988502500000000,2020-08-21 13:41:42.500000,9415.0,9430.0,9250.0,9355.0,nan,9338.484,8649,807685450.0,19339,9420.0,13,9415.0,20,9425.0,48,9410.0,69,9430.0,57,9405.0,34,9440.0,27,9400.0,4,9450.0,17,9395.0,7
1597988503685869056,1597988503500000000,2020-08-21 13:41:43.500000,9415.0,9430.0,9250.0,9355.0,nan,9338.484,8649,807685450.0,19339,9420.0,13,9415.0,20,9425.0,40,9410.0,69,9430.0,57,9405.0,26,9440.0,27,9400.0,4,9450.0,17,9395.0,7
1597988504117338112,1597988504000000000,2020-08-21 13:41:44.000000,9415.0,9430.0,9250.0,9355.0,nan,9338.554,8657,808438650.0,19335,9420.0,13,9415.0,12,9425.0,48,9410.0,69,9430.0,57,9405.0,34,9440.0,27,9400.0,4,9450.0,17,9395.0,7
1597988504615475968,1597988504500000000,2020-08-21 13:41:44.500000,9415.0,9430.0,9250.0,9355.0,nan,9338.554,8657,808438650.0,19335,9420.0,13,9415.0,12,9425.0,71,9410.0,46,9430.0,34,9405.0,57,9440.0,27,9400.0,4,9450.0,17,9395.0,7
1597988505122167040,1597988505000000000,2020-08-21 13:41:45.000000,9415.0,9430.0,9250.0,9355.0,nan,9338.554,8657,808438650.0,19335,9420.0,13,9415.0,12,9425.0,79,9410.0,38,9430.0,26,9405.0,65,9440.0,27,9400.0,4,9450.0,17,9395.0,7
1597988505622413056,1597988505500000000,2020-08-21 13:41:45.500000,9415.0,9430.0,9250.0,9355.0,nan,9338.554,8657,808438650.0,19335,9420.0,13,9415.0,12,9425.0,79,9410.0,30,9430.0,18,9405.0,65,9440.0,27,9400.0,4,9450.0,17,9395.0,7
1597988506124411904,1597988506000000000,2020-08-21 13:41:46.000000,9415.0,9430.0,9250.0,9355.0,nan,9338.554,8657,808438650.0,19335,9420.0,13,9415.0,12,9425.0,87,9410.0,30,9430.0,18,9405.0,73,9440.0,27,9400.0,4,9450.0,17,9395.0,7
1597988507618023936,1597988507500000000,2020-08-21 13:41:47.500000,9415.0,9430.0,9250.0,9355.0,nan,9338.554,8657,808438650.0,19335,9420.0,13,9415.0,12,9425.0,86,9410.0,30,9430.0,18,9405.0,73,9440.0,27,9400.0,4,9450.0,17,9395.0,7
1597988509113984000,1597988509000000000,2020-08-21 13:41:49.000000,9415.0,9430.0,9250.0,9355.0,nan,9338.554,8657,808438650.0,19335,9420.0,13,9415.0,12,9425.0,87,9410.0,30,9430.0,18,9405.0,73,9440.0,27,9400.0,4,9450.0,17,9395.0,7
1597988509608548096,1597988509500000000,2020-08-21 13:41:49.500000,9415.0,9430.0,9250.0,9355.0,nan,9338.554,8657,808438650.0,19335,9420.0,13,9415.0,12,9425.0,79,9410.0,30,9430.0,18,9405.0,65,9440.0,27,9400.0,4,9450.0,17,9395.0,7
1597988510106949120,1597988510000000000,2020-08-21 13:41:50.000000,9415.0,9430.0,9250.0,9355.0,nan,9338.554,8657,808438650.0,19335,9420.0,13,9415.0,12,9425.0,87,9410.0,30,9430.0,18,9405.0,73,9440.0,27,9400.0,4,9450.0,17,9395.0,7
1597988512623339008,1597988512500000000,2020-08-21 13:41:52.500000,9415.0,9430.0,9250.0,9355.0,nan,9338.563,8658,808532800.0,19335,9420.0,13,9415.0,11,9425.0,87,9410.0,30,9430.0,18,9405.0,73,9440.0,27,9400.0,4,9450.0,17,9395.0,7
1597988515623760896,1597988515500000000,2020-08-21 13:41:55.500000,9415.0,9430.0,9250.0,9355.0,nan,9338.563,8658,808532800.0,19335,9420.0,13,9415.0,11,9425.0,79,9410.0,30,9430.0,18,9405.0,65,9440.0,27,9400.0,4,9450.0,17,9395.0,7
1597988516119223040,1597988516000000000,2020-08-21 13:41:56.000000,9415.0,9430.0,9250.0,9355.0,nan,9338.563,8658,808532800.0,19335,9420.0,13,9415.0,11,9425.0,87,9410.0,30,9430.0,18,9405.0,73,9440.0,27,9400.0,4,9450.0,17,9395.0,7
1597988517121971968,1597988517000000000,2020-08-21 13:41:57.000000,9415.0,9430.0,9250.0,9355.0,nan,9338.563,8658,808532800.0,19335,9420.0,14,9415.0,11,9425.0,87,9410.0,30,9430.0,18,9405.0,73,9440.0,27,9400.0,4,9450.0,17,9395.0,7
1597988518113732096,1597988518000000000,2020-08-21 13:41:58.000000,9415.0,9430.0,9250.0,9355.0,nan,9338.563,8658,808532800.0,19335,9420.0,14,9415.0,18,9425.0,87,9410.0,30,9430.0,18,9405.0,73,9440.0,27,9400.0,4,9450.0,17,9395.0,7
1597988518741465088,1597988518500000000,2020-08-21 13:41:58.500000,9415.0,9430.0,9250.0,9355.0,nan,9338.563,8658,808532800.0,19335,9420.0,14,9415.0,18,9425.0,64,9410.0,53,9430.0,41,9405.0,50,9440.0,27,9400.0,4,9450.0,17,9395.0,7
1597988519145780992,1597988519000000000,2020-08-21 13:41:59.000000,9415.0,9430.0,9250.0,9355.0,nan,9338.563,8658,808532800.0,19335,9420.0,14,9415.0,18,9425.0,48,9410.0,61,9430.0,49,9405.0,34,9440.0,27,9400.0,4,9450.0,17,9395.0,7
1597988519625332992,1597988519500000000,2020-08-21 13:41:59.500000,9415.0,9430.0,9250.0,9355.0,nan,9338.563,8658,808532800.0,19335,9420.0,15,9415.0,18,9425.0,48,9410.0,70,9430.0,57,9405.0,34,9440.0,27,9400.0,4,9450.0,17,9395.0,7
1597988520620432896,1597988520500000000,2020-08-21 13:42:00.500000,9415.0,9430.0,9250.0,9355.0,nan,9338.563,8658,808532800.0,19335,9420.0,13,9415.0,16,9425.0,42,9410.0,64,9430.0,57,9405.0,34,9440.0,27,9400.0,4,9450.0,17,9395.0,7
1597988521121265920,1597988521000000000,2020-08-21 13:42:01.000000,9415.0,9430.0,9250.0,9355.0,nan,9338.563,8658,808532800.0,19335,9420.0,15,9415.0,18,9425.0,48,9410.0,70,9430.0,57,9405.0,34,9440.0,27,9400.0,4,9450.0,17,9395.0,7
1597988521615739904,1597988521500000000,2020-08-21 13:42:01.500000,9415.0,9430.0,9250.0,9355.0,nan,9338.563,8658,808532800.0,19335,9420.0,15,9415.0,18,9425.0,40,9410.0,70,9430.0,57,9405.0,26,9440.0,27,9400.0,4,9450.0,17,9395.0,7
1597988522117530880,1597988522000000000,2020-08-21 13:42:02.000000,9415.0,9430.0,9250.0,9355.0,nan,9338.563,8658,808532800.0,19335,9420.0,15,9415.0,18,9425.0,48,9410.0,70,9430.0,57,9405.0,34,9440.0,27,9400.0,4,9450.0,17,9395.0,7
1597988525613803008,1597988525500000000,2020-08-21 13:42:05.500000,9415.0,9430.0,9250.0,9355.0,nan,9338.563,8658,808532800.0,19335,9420.0,15,9415.0,19,9425.0,48,9410.0,70,9430.0,57,9405.0,34,9440.0,27,9400.0,4,9450.0,17,9395.0,7
1597988527622985984,1597988527500000000,2020-08-21 13:42:07.500000,9415.0,9430.0,9250.0,9355.0,nan,9338.563,8658,808532800.0,19335,9420.0,15,9415.0,19,9425.0,40,9410.0,70,9430.0,57,9405.0,26,9440.0,27,9400.0,4,9450.0,17,9395.0,7
1597988528107143936,1597988528000000000,2020-08-21 13:42:08.000000,9415.0,9430.0,9250.0,9355.0,nan,9338.563,8658,808532800.0,19335,9420.0,15,9415.0,19,9425.0,48,9410.0,70,9430.0,57,9405.0,34,9440.0,27,9400.0,4,9450.0,17,9395.0,7
1597988533602550016,1597988533500000000,2020-08-21 13:42:13.500000,9415.0,9430.0,9250.0,9355.0,nan,9338.563,8658,808532800.0,19335,9420.0,15,9415.0,19,9425.0,40,9410.0,70,9430.0,57,9405.0,26,9440.0,27,9400.0,4,9450.0,17,9395.0,7
1597988534104208896,1597988534000000000,2020-08-21 13:42:14.000000,9415.0,9430.0,9250.0,9355.0,nan,9338.563,8658,808532800.0,19335,9420.0,15,9415.0,19,9425.0,48,9410.0,70,9430.0,57,9405.0,34,9440.0,27,9400.0,4,9450.0,17,9395.0,7
1597988539624261888,1597988539500000000,2020-08-21 13:42:19.500000,9415.0,9430.0,9250.0,9355.0,nan,9338.563,8658,808532800.0,19335,9420.0,15,9415.0,19,9425.0,40,9410.0,70,9430.0,57,9405.0,26,9440.0,27,9400.0,4,9450.0,17,9395.0,7
1597988540117787904,1597988540000000000,2020-08-21 13:42:20.000000,9415.0,9430.0,9250.0,9355.0,nan,9338.563,8658,808532800.0,19335,9420.0,15,9415.0,19,9425.0,48,9410.0,70,9430.0,57,9405.0,34,9440.0,27,9400.0,4,9450.0,17,9395.0,7
1597988545626711040,1597988545500000000,2020-08-21 13:42:25.500000,9415.0,9430.0,9250.0,9355.0,nan,9338.563,8658,808532800.0,19335,9420.0,7,9415.0,11,9425.0,48,9410.0,70,9430.0,57,9405.0,34,9440.0,27,9400.0,4,9450.0,17,9395.0,7
1597988546112423936,1597988546000000000,2020-08-21 13:42:26.000000,9415.0,9430.0,9250.0,9355.0,nan,9338.563,8658,808532800.0,19335,9420.0,8,9415.0,8,9425.0,42,9410.0,64,9430.0,57,9405.0,34,9440.0,27,9400.0,4,9450.0,17,9395.0,7
1597988546604080128,1597988546500000000,2020-08-21 13:42:26.500000,9415.0,9430.0,9250.0,9355.0,nan,9338.563,8658,808532800.0,19335,9420.0,8,9415.0,8,9425.0,51,9410.0,73,9430.0,57,9405.0,34,9440.0,27,9400.0,4,9450.0,17,9395.0,7
1597988557612446976,1597988557500000000,2020-08-21 13:42:37.500000,9415.0,9430.0,9250.0,9355.0,nan,9338.563,8658,808532800.0,19335,9420.0,8,9415.0,8,9425.0,43,9410.0,73,9430.0,57,9405.0,26,9440.0,27,9400.0,4,9450.0,17,9395.0,7
1597988558145186048,1597988558000000000,2020-08-21 13:42:38.000000,9415.0,9430.0,9250.0,9355.0,nan,9338.563,8658,808532800.0,19335,9420.0,16,9415.0,16,9425.0,51,9410.0,73,9430.0,57,9405.0,34,9440.0,27,9400.0,4,9450.0,17,9395.0,7
1597988558624387072,1597988558500000000,2020-08-21 13:42:38.500000,9415.0,9430.0,9250.0,9355.0,nan,9338.563,8658,808532800.0,19335,9420.0,16,9415.0,16,9425.0,50,9410.0,56,9430.0,49,9405.0,42,9440.0,27,9400.0,4,9450.0,17,9395.0,7
1597988559117815040,1597988559000000000,2020-08-21 13:42:39.000000,9415.0,9430.0,9250.0,9355.0,nan,9338.563,8658,808532800.0,19335,9420.0,19,9415.0,19,9425.0,56,9410.0,62,9430.0,49,9405.0,42,9440.0,27,9400.0,4,9450.0,17,9395.0,7
1597988562127901952,1597988562000000000,2020-08-21 13:42:42.000000,9415.0,9430.0,9250.0,9355.0,nan,9338.634,8666,809286000.0,19342,9420.0,19,9415.0,11,9425.0,56,9410.0,62,9430.0,49,9405.0,42,9440.0,27,9400.0,4,9450.0,17,9395.0,7
1597988562648986880,1597988562500000000,2020-08-21 13:42:42.500000,9415.0,9430.0,9250.0,9355.0,nan,9338.731,8677,810321650.0,19342,9415.0,14,9410.0,32,9420.0,14,9405.0,58,9425.0,65,9400.0,4,9430.0,26,9395.0,7,9440.0,27,9390.0,7
1597988563122021120,1597988563000000000,2020-08-21 13:42:43.000000,9415.0,9430.0,9250.0,9355.0,nan,9338.731,8677,810321650.0,19342,9415.0,17,9410.0,4,9420.0,24,9405.0,48,9425.0,47,9400.0,13,9430.0,2,9395.0,7,9440.0,27,9390.0,7
1597988563620150016,1597988563500000000,2020-08-21 13:42:43.500000,9410.0,9430.0,9250.0,9355.0,nan,9338.763,8681,810698050.0,19345,9415.0,12,9405.0,21,9420.0,52,9400.0,43,9425.0,23,9395.0,7,9430.0,2,9390.0,7,9440.0,27,9385.0,20
1597988564120140032,1597988564000000000,2020-08-21 13:42:44.000000,9410.0,9430.0,9250.0,9355.0,nan,9338.763,8681,810698050.0,19345,9415.0,14,9405.0,15,9420.0,82,9400.0,73,9425.0,15,9395.0,7,9430.0,2,9390.0,7,9440.0,27,9385.0,20
1597988564624582912,1597988564500000000,2020-08-21 13:42:44.500000,9410.0,9430.0,9250.0,9355.0,nan,9338.763,8681,810698050.0,19345,9415.0,22,9405.0,23,9420.0,90,9400.0,81,9425.0,15,9395.0,7,9430.0,2,9390.0,7,9440.0,27,9385.0,6
1597988565637577984,1597988565500000000,2020-08-21 13:42:45.500000,9410.0,9430.0,9250.0,9355.0,nan,9338.763,8681,810698050.0,19345,9415.0,23,9405.0,23,9420.0,90,9400.0,81,9425.0,15,9395.0,7,9430.0,2,9390.0,7,9440.0,27,9385.0,6
1597988566130810880,1597988566000000000,2020-08-21 13:42:46.000000,9410.0,9430.0,9250.0,9355.0,nan,9338.763,8681,810698050.0,19345,9415.0,23,9405.0,23,9420.0,98,9400.0,89,9425.0,15,9395.0,7,9430.0,2,9390.0,7,9440.0,27,9385.0,6
1597988571125984000,1597988571000000000,2020-08-21 13:42:51.000000,9410.0,9430.0,9250.0,9355.0,nan,9338.763,8681,810698050.0,19345,9415.0,23,9405.0,23,9420.0,98,9400.0,89,9425.0,13,9395.0,7,9430.0,2,9390.0,7,9440.0,27,9385.0,6
1597988571610062080,1597988571500000000,2020-08-21 13:42:51.500000,9410.0,9430.0,9250.0,9355.0,nan,9338.763,8681,810698050.0,19345,9415.0,24,9405.0,24,9420.0,98,9400.0,89,9425.0,13,9395.0,7,9430.0,2,9390.0,7,9440.0,27,9385.0,6
1597988577627122944,1597988577500000000,2020-08-21 13:42:57.500000,9410.0,9430.0,9250.0,9355.0,nan,9338.763,8681,810698050.0,19345,9415.0,24,9405.0,24,9420.0,100,9400.0,89,9425.0,13,9395.0,7,9430.0,2,9390.0,7,9440.0,27,9385.0,6
1597988579125416960,1597988579000000000,2020-08-21 13:42:59.000000,9410.0,9430.0,9250.0,9355.0,nan,9338.763,8681,810698050.0,19345,9415.0,24,9405.0,24,9420.0,99,9400.0,89,9425.0,13,9395.0,7,9430.0,2,9390.0,7,9440.0,27,9385.0,6
1597988580619912960,1597988580500000000,2020-08-21 13:43:00.500000,9410.0,9430.0,9250.0,9355.0,nan,9338.763,8681,810698050.0,19345,9415.0,25,9405.0,24,9420.0,99,9400.0,89,9425.0,13,9395.0,7,9430.0,2,9390.0,7,9440.0,27,9385.0,6
1597988581107768064,1597988581000000000,2020-08-21 13:43:01.000000,9410.0,9430.0,9250.0,9355.0,nan,9338.763,8681,810698050.0,19345,9415.0,26,9405.0,21,9420.0,96,9400.0,90,9425.0,13,9395.0,7,9430.0,2,9390.0,7,9440.0,27,9385.0,6
1597988581625074944,1597988581500000000,2020-08-21 13:43:01.500000,9410.0,9430.0,9250.0,9355.0,nan,9338.763,8681,810698050.0,19345,9415.0,28,9405.0,21,9420.0,96,9400.0,93,9425.0,13,9395.0,7,9430.0,2,9390.0,7,9440.0,27,9385.0,6
1597988583139847936,1597988583000000000,2020-08-21 13:43:03.000000,9410.0,9430.0,9250.0,9355.0,nan,9338.763,8681,810698050.0,19345,9415.0,28,9405.0,22,9420.0,96,9400.0,93,9425.0,13,9395.0,7,9430.0,2,9390.0,7,9440.0,27,9385.0,6
1597988587610625024,1597988587500000000,2020-08-21 13:43:07.500000,9410.0,9430.0,9250.0,9355.0,nan,9339.171,8731,815403050.0,19295,9415.0,28,9405.0,22,9420.0,96,9400.0,93,9425.0,13,9395.0,7,9430.0,2,9390.0,7,9440.0,27,9385.0,6
1597988588110287872,1597988588000000000,2020-08-21 13:43:08.000000,9410.0,9430.0,9250.0,9355.0,nan,9339.171,8731,815403050.0,19295,9415.0,26,9405.0,20,9420.0,82,9400.0,79,9425.0,13,9395.0,7,9430.0,2,9390.0,7,9440.0,27,9385.0,6
1597988591131741952,1597988591000000000,2020-08-21 13:43:11.000000,9410.0,9430.0,9250.0,9355.0,nan,9339.171,8731,815403050.0,19295,9410.0,1,9405.0,20,9415.0,26,9400.0,79,9420.0,81,9395.0,7,9425.0,13,9390.0,7,9430.0,2,9385.0,7
1597988591632663040,1597988591500000000,2020-08-21 13:43:11.500000,9410.0,9430.0,9250.0,9355.0,nan,9339.171,8731,815403050.0,19295,9410.0,9,9405.0,20,9415.0,34,9400.0,63,9420.0,65,9395.0,23,9425.0,13,9390.0,7,9430.0,2,9385.0,7
1597988592135473920,1597988592000000000,2020-08-21 13:43:12.000000,9410.0,9430.0,9250.0,9355.0,nan,9339.171,8731,815403050.0,19295,9410.0,9,9405.0,20,9415.0,42,9400.0,63,9420.0,65,9395.0,31,9425.0,13,9390.0,7,9430.0,2,9385.0,7
1597988601613347072,1597988601500000000,2020-08-21 13:43:21.500000,9410.0,9430.0,9250.0,9355.0,nan,9339.171,8731,815403050.0,19295,9410.0,9,9405.0,18,9415.0,42,9400.0,63,9420.0,65,9395.0,31,9425.0,13,9390.0,7,9430.0,2,9385.0,7
1597988602607392000,1597988602500000000,2020-08-21 13:43:22.500000,9410.0,9430.0,9250.0,9355.0,nan,9339.171,8731,815403050.0,19295,9410.0,9,9405.0,18,9415.0,34,9400.0,63,9420.0,65,9395.0,23,9425.0,13,9390.0,7,9430.0,2,9385.0,7
1597988603105168896,1597988603000000000,2020-08-21 13:43:23.000000,9410.0,9430.0,9250.0,9355.0,nan,9339.171,8731,815403050.0,19295,9410.0,9,9405.0,18,9415.0,42,9400.0,63,9420.0,65,9395.0,31,9425.0,13,9390.0,7,9430.0,2,9385.0,7
1597988607131940096,1597988607000000000,2020-08-21 13:43:27.000000,9410.0,9430.0,9250.0,9355.0,nan,9339.171,8731,815403050.0,19295,9410.0,9,9405.0,18,9415.0,42,9400.0,55,9420.0,57,9395.0,31,9425.0,13,9390.0,7,9430.0,2,9385.0,7
1597988607610589952,1597988607500000000,2020-08-21 13:43:27.500000,9410.0,9430.0,9250.0,9355.0,nan,9339.171,8731,815403050.0,19295,9410.0,9,9405.0,18,9415.0,42,9400.0,63,9420.0,65,9395.0,31,9425.0,13,9390.0,7,9430.0,2,9385.0,7
1597988608117379072,1597988608000000000,2020-08-21 13:43:28.000000,9410.0,9430.0,9250.0,9355.0,nan,9339.171,8731,815403050.0,19295,9410.0,9,9405.0,18,9415.0,41,9400.0,63,9420.0,65,9395.0,31,9425.0,13,9390.0,7,9430.0,2,9385.0,7
1597988608625639936,1597988608500000000,2020-08-21 13:43:28.500000,9410.0,9430.0,9250.0,9355.0,nan,9339.171,8731,815403050.0,19295,9410.0,9,9405.0,18,9415.0,33,9400.0,63,9420.0,65,9395.0,23,9425.0,13,9390.0,7,9430.0,2,9385.0,7
1597988609110764032,1597988609000000000,2020-08-21 13:43:29.000000,9410.0,9430.0,9250.0,9355.0,nan,9339.171,8731,815403050.0,19295,9410.0,9,9405.0,18,9415.0,41,9400.0,63,9420.0,65,9395.0,31,9425.0,13,9390.0,7,9430.0,2,9385.0,7
1597988610620684032,1597988610500000000,2020-08-21 13:43:30.500000,9410.0,9430.0,9250.0,9355.0,nan,9339.171,8731,815403050.0,19295,9410.0,10,9405.0,18,9415.0,40,9400.0,63,9420.0,65,9395.0,31,9425.0,13,9390.0,7,9430.0,2,9385.0,7
1597988611124182016,1597988611000000000,2020-08-21 13:43:31.000000,9410.0,9430.0,9250.0,9355.0,nan,9339.171,8731,815403050.0,19295,9410.0,10,9405.0,17,9415.0,39,9400.0,63,9420.0,65,9395.0,31,9425.0,13,9390.0,7,9430.0,2,9385.0,7
1597988611619257088,1597988611500000000,2020-08-21 13:43:31.500000,9410.0,9430.0,9250.0,9355.0,nan,9339.171,8731,815403050.0,19295,9410.0,10,9405.0,18,9415.0,39,9400.0,63,9420.0,65,9395.0,31,9425.0,13,9390.0,7,9430.0,2,9385.0,7
1597988612138409984,1597988612000000000,2020-08-21 13:43:32.000000,9410.0,9430.0,9250.0,9355.0,nan,9339.171,8731,815403050.0,19295,9410.0,8,9405.0,17,9415.0,39,9400.0,63,9420.0,65,9395.0,31,9425.0,13,9390.0,7,9430.0,2,9385.0,7
1597988612607449088,1597988612500000000,2020-08-21 13:43:32.500000,9410.0,9430.0,9250.0,9355.0,nan,9339.171,8731,815403050.0,19295,9410.0,8,9405.0,18,9415.0,40,9400.0,63,9420.0,65,9395.0,31,9425.0,13,9390.0,7,9430.0,2,9385.0,7
1597988613634434048,1597988613500000000,2020-08-21 13:43:33.500000,9410.0,9430.0,9250.0,9355.0,nan,9339.236,8739,816155850.0,19299,9415.0,39,9410.0,9,9420.0,58,9405.0,14,9425.0,13,9400.0,55,9430.0,2,9395.0,31,9440.0,41,9390.0,7
1597988614125955072,1597988614000000000,2020-08-21 13:43:34.000000,9410.0,9430.0,9250.0,9355.0,nan,9339.236,8739,816155850.0,19299,9415.0,20,9410.0,11,9420.0,66,9405.0,12,9425.0,13,9400.0,61,9430.0,2,9395.0,15,9440.0,41,9390.0,7
1597988614615571968,1597988614500000000,2020-08-21 13:43:34.500000,9410.0,9430.0,9250.0,9355.0,nan,9339.236,8739,816155850.0,19299,9415.0,11,9410.0,11,9420.0,92,9405.0,14,9425.0,13,9400.0,84,9430.0,2,9395.0,7,9440.0,41,9390.0,7
1597988615125907968,1597988615000000000,2020-08-21 13:43:35.000000,9410.0,9430.0,9250.0,9355.0,nan,9339.244,8740,816249950.0,19299,9415.0,12,9410.0,9,9420.0,69,9405.0,37,9425.0,36,9400.0,61,9430.0,2,9395.0,7,9440.0,41,9390.0,7
1597988615628402944,1597988615500000000,2020-08-21 13:43:35.500000,9410.0,9430.0,9250.0,9355.0,nan,9339.382,8757,817849650.0,19302,9410.0,9,9405.0,13,9415.0,12,9400.0,77,9420.0,84,9395.0,7,9425.0,13,9390.0,7,9430.0,2,9385.0,7
1597988616118993920,1597988616000000000,2020-08-21 13:43:36.000000,9410.0,9430.0,9250.0,9355.0,nan,9339.382,8757,817849650.0,19302,9410.0,11,9405.0,13,9415.0,26,9400.0,59,9420.0,58,9395.0,15,9425.0,13,9390.0,7,9430.0,2,9385.0,7
1597988616642604032,1597988616500000000,2020-08-21 13:43:36.500000,9410.0,9430.0,9250.0,9355.0,nan,9339.478,8769,818978850.0,19301,9415.0,30,9405.0,11,9420.0,65,9400.0,63,9425.0,13,9395.0,23,9430.0,2,9390.0,7,9440.0,41,9385.0,7
1597988617126588928,1597988617000000000,2020-08-21 13:43:37.000000,9410.0,9430.0,9250.0,9355.0,nan,9339.478,8769,818978850.0,19301,9415.0,16,9410.0,6,9420.0,79,9405.0,13,9425.0,13,9400.0,77,9430.0,2,9395.0,7,9440.0,41,9390.0,7
1597988617695120896,1597988617500000000,2020-08-21 13:43:37.500000,9410.0,9430.0,9250.0,9355.0,nan,9339.478,8769,818978850.0,19301,9415.0,18,9410.0,15,9420.0,82,9405.0,12,9425.0,13,9400.0,76,9430.0,2,9395.0,7,9440.0,41,9390.0,7
1597988618119403008,1597988618000000000,2020-08-21 13:43:38.000000,9410.0,9430.0,9250.0,9355.0,nan,9339.478,8769,818978850.0,19301,9415.0,20,9410.0,18,9420.0,90,9405.0,20,9425.0,14,9400.0,76,9430.0,2,9395.0,7,9440.0,41,9390.0,7
1597988620002302976,1597988619500000000,2020-08-21 13:43:39.500000,9410.0,9430.0,9250.0,9355.0,nan,9339.478,8769,818978850.0,19301,9415.0,20,9410.0,16,9420.0,90,9405.0,20,9425.0,14,9400.0,76,9430.0,2,9395.0,7,9440.0,41,9390.0,7
1597988620130198016,1597988620000000000,2020-08-21 13:43:40.000000,9410.0,9430.0,9250.0,9355.0,nan,9339.478,8769,818978850.0,19301,9415.0,20,9410.0,15,9420.0,98,9405.0,20,9425.0,14,9400.0,84,9430.0,2,9395.0,7,9440.0,41,9390.0,7
1597988625637442048,1597988625500000000,2020-08-21 13:43:45.500000,9410.0,9430.0,9250.0,9355.0,nan,9339.478,8769,818978850.0,19301,9415.0,20,9410.0,15,9420.0,90,9405.0,20,9425.0,14,9400.0,76,9430.0,2,9395.0,7,9440.0,41,9390.0,7
1597988626124471040,1597988626000000000,2020-08-21 13:43:46.000000,9410.0,9430.0,9250.0,9355.0,nan,9339.478,8769,818978850.0,19301,9415.0,20,9410.0,14,9420.0,98,9405.0,20,9425.0,13,9400.0,84,9430.0,2,9395.0,7,9440.0,41,9390.0,7
1597988626630841088,1597988626500000000,2020-08-21 13:43:46.500000,9410.0,9430.0,9250.0,9355.0,nan,9339.478,8769,818978850.0,19301,9415.0,21,9410.0,15,9420.0,98,9405.0,20,9425.0,13,9400.0,84,9430.0,2,9395.0,7,9440.0,41,9390.0,7
1597988629111824896,1597988629000000000,2020-08-21 13:43:49.000000,9410.0,9430.0,9250.0,9355.0,nan,9339.478,8769,818978850.0,19301,9415.0,21,9410.0,11,9420.0,98,9405.0,20,9425.0,13,9400.0,84,9430.0,2,9395.0,7,9440.0,41,9390.0,7
1597988629610703104,1597988629500000000,2020-08-21 13:43:49.500000,9410.0,9430.0,9250.0,9355.0,nan,9339.567,8780,820013950.0,19311,9410.0,9,9405.0,13,9415.0,11,9400.0,77,9420.0,84,9395.0,7,9425.0,13,9390.0,7,9430.0,2,9385.0,7
1597988630121394944,1597988630000000000,2020-08-21 13:43:50.000000,9410.0,9430.0,9250.0,9355.0,nan,9339.567,8780,820013950.0,19311,9410.0,11,9405.0,11,9415.0,25,9400.0,61,9420.0,58,9395.0,15,9425.0,13,9390.0,7,9430.0,2,9385.0,7
1597988630630509056,1597988630500000000,2020-08-21 13:43:50.500000,9410.0,9430.0,9250.0,9355.0,nan,9339.567,8780,820013950.0,19311,9410.0,10,9405.0,11,9415.0,30,9400.0,63,9420.0,65,9395.0,24,9425.0,13,9390.0,7,9430.0,2,9385.0,7
1597988631119628032,1597988631000000000,2020-08-21 13:43:51.000000,9410.0,9430.0,9250.0,9355.0,nan,9339.567,8780,820013950.0,19311,9410.0,9,9405.0,13,9415.0,38,9400.0,69,9420.0,65,9395.0,23,9425.0,13,9390.0,7,9430.0,2,9385.0,7
1597988631618409984,1597988631500000000,2020-08-21 13:43:51.500000,9410.0,9430.0,9250.0,9355.0,nan,9339.567,8780,820013950.0,19311,9410.0,17,9405.0,19,9415.0,30,9400.0,55,9420.0,57,9395.0,23,9425.0,13,9390.0,7,9430.0,2,9385.0,7
1597988632117336064,1597988632000000000,2020-08-21 13:43:52.000000,9410.0,9430.0,9250.0,9355.0,nan,9339.567,8780,820013950.0,19311,9410.0,20,9405.0,21,9415.0,44,9400.0,69,9420.0,65,9395.0,32,9425.0,13,9390.0,7,9430.0,2,9385.0,7
1597988659618839040,1597988659500000000,2020-08-21 13:44:19.500000,9410.0,9430.0,9250.0,9355.0,nan,9339.567,8780,820013950.0,19311,9410.0,20,9405.0,21,9415.0,43,9400.0,69,9420.0,65,9395.0,32,9425.0,13,9390.0,7,9430.0,2,9385.0,7
1597988660118755072,1597988660000000000,2020-08-21 13:44:20.000000,9410.0,9430.0,9250.0,9355.0,nan,9339.567,8780,820013950.0,19311,9410.0,19,9405.0,21,9415.0,43,9400.0,69,9420.0,65,9395.0,31,9425.0,13,9390.0,7,9430.0,2,9385.0,7
1597988660618240000,1597988660500000000,2020-08-21 13:44:20.500000,9410.0,9430.0,9250.0,9355.0,nan,9339.567,8780,820013950.0,19311,9410.0,20,9405.0,22,9415.0,43,9400.0,69,9420.0,65,9395.0,31,9425.0,13,9390.0,7,9430.0,2,9385.0,7
1597988673620200960,1597988673500000000,2020-08-21 13:44:33.500000,9410.0,9430.0,9250.0,9355.0,nan,9339.567,8780,820013950.0,19311,9410.0,12,9405.0,14,9415.0,43,9400.0,69,9420.0,65,9395.0,31,9425.0,13,9390.0,7,9430.0,2,9385.0,7
1597988679603543040,1597988679500000000,2020-08-21 13:44:39.500000,9410.0,9430.0,9250.0,9355.0,nan,9339.567,8780,820013950.0,19311,9410.0,12,9405.0,14,9415.0,35,9400.0,69,9420.0,65,9395.0,23,9425.0,13,9390.0,7,9430.0,2,9385.0,7
1597988680104655104,1597988680000000000,2020-08-21 13:44:40.000000,9410.0,9430.0,9250.0,9355.0,nan,9339.567,8780,820013950.0,19311,9410.0,12,9405.0,14,9415.0,43,9400.0,69,9420.0,65,9395.0,31,9425.0,13,9390.0,7,9430.0,2,9385.0,7
1597988685621161984,1597988685500000000,2020-08-21 13:44:45.500000,9410.0,9430.0,9250.0,9355.0,nan,9339.567,8780,820013950.0,19311,9410.0,12,9405.0,14,9415.0,35,9400.0,69,9420.0,65,9395.0,23,9425.0,13,9390.0,7,9430.0,2,9385.0,7
1597988686104950016,1597988686000000000,2020-08-21 13:44:46.000000,9410.0,9430.0,9250.0,9355.0,nan,9339.567,8780,820013950.0,19311,9410.0,12,9405.0,14,9415.0,43,9400.0,69,9420.0,65,9395.0,31,9425.0,13,9390.0,7,9430.0,2,9385.0,7
1597988691704077056,1597988691500000000,2020-08-21 13:44:51.500000,9405.0,9430.0,9250.0,9355.0,nan,9339.656,8792,821142550.0,19312,9405.0,1,9400.0,63,9410.0,12,9395.0,23,9415.0,29,9390.0,7,9420.0,65,9385.0,7,9425.0,13,9380.0,16
1597988692116238080,1597988692000000000,2020-08-21 13:44:52.000000,9405.0,9430.0,9250.0,9355.0,nan,9339.656,8792,821142550.0,19312,9405.0,12,9400.0,15,9410.0,23,9395.0,47,9415.0,41,9390.0,15,9420.0,18,9385.0,7,9425.0,13,9380.0,16
1597988692628589056,1597988692500000000,2020-08-21 13:44:52.500000,9405.0,9430.0,9250.0,9355.0,nan,9339.656,8792,821142550.0,19312,9405.0,13,9400.0,3,9410.0,33,9395.0,57,9415.0,49,9390.0,24,9420.0,10,9385.0,7,9425.0,13,9380.0,16
1597988693131204096,1597988693000000000,2020-08-21 13:44:53.000000,9405.0,9430.0,9250.0,9355.0,nan,9339.656,8792,821142550.0,19312,9405.0,12,9400.0,3,9410.0,56,9395.0,42,9415.0,34,9390.0,46,9420.0,10,9385.0,7,9425.0,13,9380.0,16
1597988693632794880,1597988693500000000,2020-08-21 13:44:53.500000,9405.0,9430.0,9250.0,9355.0,nan,9339.656,8792,821142550.0,19312,9405.0,12,9400.0,3,9410.0,64,9395.0,34,9415.0,26,9390.0,54,9420.0,10,9385.0,7,9425.0,13,9380.0,16
1597988694106053888,1597988694000000000,2020-08-21 13:44:54.000000,9405.0,9430.0,9250.0,9355.0,nan,9339.656,8792,821142550.0,19312,9405.0,12,9400.0,3,9410.0,80,9395.0,34,9415.0,26,9390.0,70,9420.0,10,9385.0,7,9425.0,13,9380.0,16
1597988695116036096,1597988695000000000,2020-08-21 13:44:55.000000,9405.0,9430.0,9250.0,9355.0,nan,9339.656,8792,821142550.0,19312,9405.0,6,9400.0,3,9410.0,78,9395.0,26,9415.0,26,9390.0,70,9420.0,10,9385.0,7,9425.0,13,9380.0,16
1597988695607288064,1597988695500000000,2020-08-21 13:44:55.500000,9400.0,9430.0,9250.0,9355.0,nan,9339.683,8796,821518550.0,19313,9400.0,2,9395.0,42,9405.0,8,9390.0,62,9410.0,70,9385.0,7,9415.0,34,9380.0,16,9420.0,10,9375.0,18
1597988696123521024,1597988696000000000,2020-08-21 13:44:56.000000,9395.0,9430.0,9250.0,9355.0,nan,9339.703,8799,821800500.0,19313,9405.0,23,9395.0,12,9410.0,51,9390.0,47,9415.0,18,9385.0,23,9420.0,10,9380.0,2,9425.0,11,9375.0,18
1597988696622050048,1597988696500000000,2020-08-21 13:44:56.500000,9395.0,9430.0,9250.0,9355.0,nan,9339.703,8799,821800500.0,19313,9405.0,11,9395.0,4,9410.0,89,9390.0,89,9415.0,10,9385.0,7,9420.0,10,9380.0,2,9425.0,11,9375.0,4
1597988697121821952,1597988697000000000,2020-08-21 13:44:57.000000,9395.0,9430.0,9250.0,9355.0,nan,9339.703,8799,821800500.0,19313,9405.0,12,9395.0,4,9410.0,97,9390.0,98,9415.0,10,9385.0,7,9420.0,10,9380.0,2,9425.0,11,9375.0,4
1597988698109594112,1597988698000000000,2020-08-21 13:44:58.000000,9395.0,9430.0,9250.0,9355.0,nan,9339.703,8799,821800500.0,19313,9405.0,12,9395.0,4,9410.0,98,9390.0,98,9415.0,10,9385.0,7,9420.0,10,9380.0,2,9425.0,11,9375.0,4
1597988700620589056,1597988700500000000,2020-08-21 13:45:00.500000,9395.0,9430.0,9250.0,9355.0,nan,9339.703,8799,821800500.0,19313,9405.0,20,9395.0,12,9410.0,98,9390.0,98,9415.0,10,9385.0,7,9420.0,10,9380.0,2,9425.0,11,9375.0,4
1597988701121847040,1597988701000000000,2020-08-21 13:45:01.000000,9395.0,9430.0,9250.0,9355.0,nan,9339.703,8799,821800500.0,19313,9405.0,17,9395.0,12,9410.0,92,9390.0,89,9415.0,10,9385.0,7,9420.0,10,9380.0,2,9425.0,11,9375.0,4
1597988701611933952,1597988701500000000,2020-08-21 13:45:01.500000,9395.0,9430.0,9250.0,9355.0,nan,9339.703,8799,821800500.0,19313,9405.0,20,9395.0,15,9410.0,90,9390.0,87,9415.0,10,9385.0,8,9420.0,10,9380.0,2,9425.0,11,9375.0,4
1597988702104924928,1597988702000000000,2020-08-21 13:45:02.000000,9395.0,9430.0,9250.0,9355.0,nan,9339.703,8799,821800500.0,19313,9405.0,20,9395.0,15,9410.0,98,9390.0,95,9415.0,10,9385.0,8,9420.0,10,9380.0,2,9425.0,11,9375.0,4
1597988702609712896,1597988702500000000,2020-08-21 13:45:02.500000,9395.0,9430.0,9250.0,9355.0,nan,9339.703,8799,821800500.0,19313,9405.0,20,9400.0,1,9410.0,98,9395.0,15,9415.0,10,9390.0,95,9420.0,10,9385.0,8,9425.0,11,9380.0,2
1597988703128388096,1597988703000000000,2020-08-21 13:45:03.000000,9395.0,9430.0,9250.0,9355.0,nan,9339.703,8799,821800500.0,19313,9405.0,15,9400.0,9,9410.0,92,9395.0,8,9415.0,10,9390.0,86,9420.0,10,9385.0,8,9425.0,11,9380.0,2
1597988703640720896,1597988703500000000,2020-08-21 13:45:03.500000,9395.0,9430.0,9250.0,9355.0,nan,9339.703,8799,821800500.0,19313,9405.0,17,9400.0,11,9410.0,100,9395.0,16,9415.0,10,9390.0,86,9420.0,10,9385.0,8,9425.0,11,9380.0,2
1597988704157851904,1597988704000000000,2020-08-21 13:45:04.000000,9395.0,9430.0,9250.0,9355.0,nan,9339.703,8799,821800500.0,19313,9405.0,16,9400.0,11,9410.0,100,9395.0,15,9415.0,10,9390.0,86,9420.0,10,9385.0,8,9425.0,11,9380.0,2
1597988704622543104,1597988704500000000,2020-08-21 13:45:04.500000,9395.0,9430.0,9250.0,9355.0,nan,9339.703,8799,821800500.0,19313,9405.0,17,9400.0,12,9410.0,100,9395.0,15,9415.0,10,9390.0,86,9420.0,10,9385.0,8,9425.0,11,9380.0,2
1597988707125179904,1597988707000000000,2020-08-21 13:45:07.000000,9395.0,9430.0,9250.0,9355.0,nan,9339.703,8799,821800500.0,19313,9405.0,17,9400.0,5,9410.0,100,9395.0,22,9415.0,11,9390.0,86,9420.0,10,9385.0,8,9425.0,11,9380.0,2
1597988707624133888,1597988707500000000,2020-08-21 13:45:07.500000,9395.0,9430.0,9250.0,9355.0,nan,9339.703,8799,821800500.0,19313,9405.0,14,9400.0,2,9410.0,86,9395.0,16,9415.0,11,9390.0,78,9420.0,10,9385.0,8,9425.0,11,9380.0,2
1597988708127153920,1597988708000000000,2020-08-21 13:45:08.000000,9395.0,9430.0,9250.0,9355.0,nan,9339.703,8799,821800500.0,19313,9405.0,17,9400.0,2,9410.0,100,9395.0,25,9415.0,11,9390.0,86,9420.0,10,9385.0,8,9425.0,11,9380.0,2
1597988709120083968,1597988709000000000,2020-08-21 13:45:09.000000,9395.0,9430.0,9250.0,9355.0,nan,9339.703,8799,821800500.0,19313,9405.0,17,9400.0,2,9410.0,100,9395.0,26,9415.0,11,9390.0,86,9420.0,10,9385.0,8,9425.0,11,9380.0,2
1597988713616198912,1597988713500000000,2020-08-21 13:45:13.500000,9395.0,9430.0,9250.0,9355.0,nan,9339.703,8799,821800500.0,19313,9405.0,17,9400.0,2,9410.0,92,9395.0,26,9415.0,11,9390.0,78,9420.0,10,9385.0,8,9425.0,11,9380.0,2
1597988714160271872,1597988714000000000,2020-08-21 13:45:14.000000,9395.0,9430.0,9250.0,9355.0,nan,9339.703,8799,821800500.0,19313,9405.0,17,9400.0,2,9410.0,100,9395.0,26,9415.0,11,9390.0,86,9420.0,10,9385.0,8,9425.0,11,9380.0,2
1597988719616634112,1597988719500000000,2020-08-21 13:45:19.500000,9395.0,9430.0,9250.0,9355.0,nan,9339.703,8799,821800500.0,19313,9405.0,17,9400.0,2,9410.0,92,9395.0,26,9415.0,11,9390.0,78,9420.0,10,9385.0,8,9425.0,11,9380.0,2
1597988720124449024,1597988720000000000,2020-08-21 13:45:20.000000,9395.0,9430.0,9250.0,9355.0,nan,9339.703,8799,821800500.0,19313,9405.0,17,9400.0,2,9410.0,100,9395.0,26,9415.0,11,9390.0,86,9420.0,10,9385.0,8,9425.0,11,9380.0,2
1597988721634021120,1597988721500000000,2020-08-21 13:45:21.500000,9395.0,9430.0,9250.0,9355.0,nan,9339.703,8799,821800500.0,19313,9405.0,17,9400.0,2,9410.0,99,9395.0,26,9415.0,11,9390.0,86,9420.0,10,9385.0,8,9425.0,11,9380.0,2
1597988724627076096,1597988724500000000,2020-08-21 13:45:24.500000,9395.0,9430.0,9250.0,9355.0,nan,9339.703,8799,821800500.0,19313,9405.0,17,9400.0,4,9410.0,99,9395.0,26,9415.0,11,9390.0,86,9420.0,10,9385.0,8,9425.0,11,9380.0,2
1597988725636534016,1597988725500000000,2020-08-21 13:45:25.500000,9395.0,9430.0,9250.0,9355.0,nan,9339.703,8799,821800500.0,19313,9405.0,12,9400.0,8,9410.0,91,9395.0,26,9415.0,11,9390.0,78,9420.0,10,9385.0,8,9425.0,11,9380.0,2
1597988726130068992,1597988726000000000,2020-08-21 13:45:26.000000,9395.0,9430.0,9250.0,9355.0,nan,9339.703,8799,821800500.0,19313,9405.0,12,9400.0,8,9410.0,99,9395.0,26,9415.0,11,9390.0,86,9420.0,10,9385.0,8,9425.0,11,9380.0,2
1597988731618371072,1597988731500000000,2020-08-21 13:45:31.500000,9395.0,9430.0,9250.0,9355.0,nan,9339.703,8799,821800500.0,19313,9405.0,12,9400.0,8,9410.0,91,9395.0,26,9415.0,11,9390.0,78,9420.0,10,9385.0,8,9425.0,11,9380.0,2
1597988732137630976,1597988732000000000,2020-08-21 13:45:32.000000,9395.0,9430.0,9250.0,9355.0,nan,9339.703,8799,821800500.0,19313,9405.0,12,9400.0,8,9410.0,99,9395.0,26,9415.0,11,9390.0,86,9420.0,10,9385.0,8,9425.0,11,9380.0,2
1597988733613434112,1597988733500000000,2020-08-21 13:45:33.500000,9395.0,9430.0,9250.0,9355.0,nan,9339.703,8799,821800500.0,19313,9405.0,11,9400.0,8,9410.0,93,9395.0,18,9415.0,11,9390.0,86,9420.0,10,9385.0,8,9425.0,11,9380.0,2
1597988734110482944,1597988734000000000,2020-08-21 13:45:34.000000,9395.0,9430.0,9250.0,9355.0,nan,9339.703,8799,821800500.0,19313,9405.0,13,9400.0,8,9410.0,99,9395.0,26,9415.0,11,9390.0,86,9420.0,10,9385.0,8,9425.0,11,9380.0,2
1597988737629932032,1597988737500000000,2020-08-21 13:45:37.500000,9395.0,9430.0,9250.0,9355.0,nan,9339.703,8799,821800500.0,19313,9405.0,13,9400.0,8,9410.0,91,9395.0,26,9415.0,11,9390.0,78,9420.0,10,9385.0,8,9425.0,11,9380.0,2
1597988738131273984,1597988738000000000,2020-08-21 13:45:38.000000,9395.0,9430.0,9250.0,9355.0,nan,9339.703,8799,821800500.0,19313,9405.0,13,9400.0,8,9410.0,99,9395.0,26,9415.0,11,9390.0,86,9420.0,10,9385.0,8,9425.0,11,9380.0,2
1597988742633132032,1597988742500000000,2020-08-21 13:45:42.500000,9395.0,9430.0,9250.0,9355.0,nan,9339.703,8799,821800500.0,19313,9405.0,13,9400.0,4,9410.0,99,9395.0,26,9415.0,11,9390.0,86,9420.0,10,9385.0,8,9425.0,11,9380.0,2
1597988743639180032,1597988743500000000,2020-08-21 13:45:43.500000,9395.0,9430.0,9250.0,9355.0,nan,9339.703,8799,821800500.0,19313,9405.0,13,9400.0,4,9410.0,91,9395.0,26,9415.0,11,9390.0,78,9420.0,10,9385.0,8,9425.0,11,9380.0,2
1597988744144391936,1597988744000000000,2020-08-21 13:45:44.000000,9395.0,9430.0,9250.0,9355.0,nan,9339.703,8799,821800500.0,19313,9405.0,13,9400.0,4,9410.0,99,9395.0,26,9415.0,11,9390.0,86,9420.0,10,9385.0,8,9425.0,11,9380.0,2
1597988749609305088,1597988749500000000,2020-08-21 13:45:49.500000,9395.0,9430.0,9250.0,9355.0,nan,9339.703,8799,821800500.0,19313,9405.0,13,9400.0,4,9410.0,91,9395.0,26,9415.0,11,9390.0,78,9420.0,10,9385.0,8,9425.0,11,9380.0,2
1597988750115901952,1597988750000000000,2020-08-21 13:45:50.000000,9395.0,9430.0,9250.0,9355.0,nan,9339.703,8799,821800500.0,19313,9405.0,13,9400.0,4,9410.0,99,9395.0,26,9415.0,11,9390.0,86,9420.0,10,9385.0,8,9425.0,11,9380.0,2
1597988752604793088,1597988752500000000,2020-08-21 13:45:52.500000,9395.0,9430.0,9250.0,9355.0,nan,9339.703,8799,821800500.0,19313,9405.0,13,9400.0,4,9410.0,100,9395.0,26,9415.0,10,9390.0,86,9420.0,10,9385.0,8,9425.0,11,9380.0,2
1597988755103566080,1597988755000000000,2020-08-21 13:45:55.000000,9405.0,9430.0,9250.0,9355.0,nan,9339.8,8812,823023150.0,19311,9410.0,85,9405.0,8,9415.0,10,9400.0,3,9420.0,10,9395.0,9,9425.0,11,9390.0,79,9430.0,2,9385.0,8
1597988755672113920,1597988755500000000,2020-08-21 13:45:55.500000,9405.0,9430.0,9250.0,9355.0,nan,9339.859,8820,823775550.0,19310,9410.0,27,9400.0,10,9415.0,48,9395.0,39,9420.0,10,9390.0,23,9425.0,11,9385.0,8,9430.0,2,9380.0,2
1597988756128843008,1597988756000000000,2020-08-21 13:45:56.000000,9405.0,9430.0,9250.0,9355.0,nan,9339.859,8820,823775550.0,19310,9405.0,1,9400.0,3,9410.0,12,9395.0,65,9415.0,65,9390.0,7,9420.0,10,9385.0,8,9425.0,11,9380.0,2
1597988756634981888,1597988756500000000,2020-08-21 13:45:56.500000,9405.0,9430.0,9250.0,9355.0,nan,9339.859,8820,823775550.0,19310,9405.0,1,9400.0,9,9410.0,28,9395.0,73,9415.0,65,9390.0,15,9420.0,10,9385.0,8,9425.0,11,9380.0,2
1597988757110810112,1597988757000000000,2020-08-21 13:45:57.000000,9405.0,9430.0,9250.0,9355.0,nan,9339.859,8820,823775550.0,19310,9405.0,2,9400.0,17,9410.0,35,9395.0,65,9415.0,65,9390.0,23,9420.0,10,9385.0,8,9425.0,11,9380.0,2
1597988757643705088,1597988757500000000,2020-08-21 13:45:57.500000,9405.0,9430.0,9250.0,9355.0,nan,9339.859,8820,823775550.0,19310,9405.0,1,9400.0,19,9410.0,43,9395.0,79,9415.0,73,9390.0,23,9420.0,10,9385.0,8,9425.0,11,9380.0,2
1597988760620222976,1597988760500000000,2020-08-21 13:46:00.500000,9405.0,9430.0,9250.0,9355.0,nan,9339.866,8821,823869600.0,19310,9410.0,35,9405.0,1,9415.0,58,9400.0,11,9420.0,10,9395.0,63,9425.0,11,9390.0,23,9430.0,2,9385.0,8
1597988761110883072,1597988761000000000,2020-08-21 13:46:01.000000,9405.0,9430.0,9250.0,9355.0,nan,9339.866,8821,823869600.0,19310,9410.0,18,9405.0,1,9415.0,66,9400.0,9,9420.0,10,9395.0,63,9425.0,11,9390.0,15,9430.0,2,9385.0,8
1597988761615698944,1597988761500000000,2020-08-21 13:46:01.500000,9405.0,9430.0,9250.0,9355.0,nan,9339.866,8821,823869600.0,19310,9410.0,20,9405.0,2,9415.0,98,9400.0,27,9420.0,10,9395.0,86,9425.0,11,9390.0,7,9430.0,2,9385.0,8
1597988766610530048,1597988766500000000,2020-08-21 13:46:06.500000,9405.0,9430.0,9250.0,9355.0,nan,9339.866,8821,823869600.0,19310,9410.0,20,9405.0,2,9415.0,90,9400.0,27,9420.0,10,9395.0,78,9425.0,11,9390.0,7,9430.0,2,9385.0,8
1597988767104290048,1597988767000000000,2020-08-21 13:46:07.000000,9405.0,9430.0,9250.0,9355.0,nan,9339.866,8821,823869600.0,19310,9410.0,20,9405.0,2,9415.0,98,9400.0,27,9420.0,10,9395.0,86,9425.0,11,9390.0,7,9430.0,2,9385.0,8
1597988772648779008,1597988772500000000,2020-08-21 13:46:12.500000,9405.0,9430.0,9250.0,9355.0,nan,9339.866,8821,823869600.0,19310,9410.0,20,9405.0,2,9415.0,90,9400.0,27,9420.0,10,9395.0,78,9425.0,11,9390.0,7,9430.0,2,9385.0,8
1597988773142825984,1597988773000000000,2020-08-21 13:46:13.000000,9405.0,9430.0,9250.0,9355.0,nan,9339.866,8821,823869600.0,19310,9410.0,20,9405.0,2,9415.0,98,9400.0,27,9420.0,10,9395.0,86,9425.0,11,9390.0,7,9430.0,2,9385.0,8
1597988784628730112,1597988784500000000,2020-08-21 13:46:24.500000,9405.0,9430.0,9250.0,9355.0,nan,9339.866,8821,823869600.0,19310,9410.0,20,9405.0,6,9415.0,98,9400.0,27,9420.0,10,9395.0,86,9425.0,11,9390.0,7,9430.0,2,9385.0,8
1597988790622162944,1597988790500000000,2020-08-21 13:46:30.500000,9405.0,9430.0,9250.0,9355.0,nan,9339.866,8821,823869600.0,19310,9410.0,20,9405.0,6,9415.0,90,9400.0,27,9420.0,10,9395.0,78,9425.0,11,9390.0,7,9430.0,2,9385.0,8
1597988791127357952,1597988791000000000,2020-08-21 13:46:31.000000,9405.0,9430.0,9250.0,9355.0,nan,9339.866,8821,823869600.0,19310,9410.0,20,9405.0,6,9415.0,98,9400.0,27,9420.0,10,9395.0,86,9425.0,11,9390.0,7,9430.0,2,9385.0,8
1597988796628839936,1597988796500000000,2020-08-21 13:46:36.500000,9405.0,9430.0,9250.0,9355.0,nan,9339.866,8821,823869600.0,19310,9410.0,20,9405.0,6,9415.0,90,9400.0,27,9420.0,10,9395.0,78,9425.0,11,9390.0,7,9430.0,2,9385.0,8
1597988797110970112,1597988797000000000,2020-08-21 13:46:37.000000,9405.0,9430.0,9250.0,9355.0,nan,9339.866,8821,823869600.0,19310,9410.0,20,9405.0,6,9415.0,98,9400.0,27,9420.0,10,9395.0,86,9425.0,11,9390.0,7,9430.0,2,9385.0,8
1597988802606440960,1597988802500000000,2020-08-21 13:46:42.500000,9405.0,9430.0,9250.0,9355.0,nan,9339.866,8821,823869600.0,19310,9410.0,20,9405.0,6,9415.0,90,9400.0,27,9420.0,10,9395.0,78,9425.0,11,9390.0,7,9430.0,2,9385.0,8
1597988803113519104,1597988803000000000,2020-08-21 13:46:43.000000,9405.0,9430.0,9250.0,9355.0,nan,9339.866,8821,823869600.0,19310,9410.0,20,9405.0,6,9415.0,98,9400.0,27,9420.0,10,9395.0,86,9425.0,11,9390.0,7,9430.0,2,9385.0,8
1597988804129088000,1597988804000000000,2020-08-21 13:46:44.000000,9405.0,9430.0,9250.0,9355.0,nan,9339.866,8821,823869600.0,19310,9410.0,20,9405.0,2,9415.0,98,9400.0,27,9420.0,10,9395.0,86,9425.0,11,9390.0,7,9430.0,2,9385.0,8
1597988808612293888,1597988808500000000,2020-08-21 13:46:48.500000,9405.0,9430.0,9250.0,9355.0,nan,9339.866,8821,823869600.0,19310,9410.0,20,9405.0,2,9415.0,90,9400.0,27,9420.0,10,9395.0,78,9425.0,11,9390.0,7,9430.0,2,9385.0,8
1597988809113744896,1597988809000000000,2020-08-21 13:46:49.000000,9405.0,9430.0,9250.0,9355.0,nan,9339.866,8821,823869600.0,19310,9410.0,20,9405.0,2,9415.0,98,9400.0,27,9420.0,10,9395.0,86,9425.0,11,9390.0,7,9430.0,2,9385.0,8
1597988814619968000,1597988814500000000,2020-08-21 13:46:54.500000,9405.0,9430.0,9250.0,9355.0,nan,9339.866,8821,823869600.0,19310,9410.0,20,9405.0,2,9415.0,90,9400.0,27,9420.0,8,9395.0,78,9425.0,11,9390.0,7,9430.0,2,9385.0,8
1597988815105646080,1597988815000000000,2020-08-21 13:46:55.000000,9405.0,9430.0,9250.0,9355.0,nan,9339.866,8821,823869600.0,19310,9410.0,20,9405.0,2,9415.0,98,9400.0,27,9420.0,8,9395.0,86,9425.0,11,9390.0,7,9430.0,2,9385.0,8
1597988820629934080,1597988820500000000,2020-08-21 13:47:00.500000,9405.0,9430.0,9250.0,9355.0,nan,9339.866,8821,823869600.0,19310,9410.0,20,9405.0,2,9415.0,90,9400.0,27,9420.0,8,9395.0,78,9425.0,11,9390.0,7,9430.0,2,9385.0,8
1597988821126097920,1597988821000000000,2020-08-21 13:47:01.000000,9405.0,9430.0,9250.0,9355.0,nan,9339.866,8821,823869600.0,19310,9410.0,20,9405.0,2,9415.0,98,9400.0,27,9420.0,8,9395.0,86,9425.0,11,9390.0,7,9430.0,2,9385.0,8
1597988821626044928,1597988821500000000,2020-08-21 13:47:01.500000,9405.0,9430.0,9250.0,9355.0,nan,9339.866,8821,823869600.0,19310,9410.0,18,9405.0,2,9415.0,92,9400.0,19,9420.0,8,9395.0,86,9425.0,11,9390.0,7,9430.0,2,9385.0,8
1597988822113850880,1597988822000000000,2020-08-21 13:47:02.000000,9405.0,9430.0,9250.0,9355.0,nan,9339.866,8821,823869600.0,19310,9410.0,20,9405.0,2,9415.0,98,9400.0,27,9420.0,8,9395.0,86,9425.0,11,9390.0,7,9430.0,2,9385.0,8
1597988825103383040,1597988825000000000,2020-08-21 13:47:05.000000,9405.0,9430.0,9250.0,9355.0,nan,9339.866,8821,823869600.0,19310,9410.0,21,9405.0,2,9415.0,98,9400.0,27,9420.0,8,9395.0,86,9425.0,11,9390.0,7,9430.0,2,9385.0,8
1597988826614075904,1597988826500000000,2020-08-21 13:47:06.500000,9405.0,9430.0,9250.0,9355.0,nan,9339.866,8821,823869600.0,19310,9410.0,21,9405.0,2,9415.0,98,9400.0,27,9420.0,8,9395.0,78,9425.0,11,9390.0,7,9430.0,2,9385.0,8
1597988827103574016,1597988827000000000,2020-08-21 13:47:07.000000,9405.0,9430.0,9250.0,9355.0,nan,9339.866,8821,823869600.0,19310,9410.0,21,9405.0,2,9415.0,98,9400.0,27,9420.0,8,9395.0,86,9425.0,11,9390.0,7,9430.0,2,9385.0,8
1597988832618007040,1597988832500000000,2020-08-21 13:47:12.500000,9405.0,9430.0,9250.0,9355.0,nan,9339.866,8821,823869600.0,19310,9410.0,21,9405.0,2,9415.0,90,9400.0,27,9420.0,8,9395.0,78,9425.0,11,9390.0,7,9430.0,2,9385.0,8
1597988833125700096,1597988833000000000,2020-08-21 13:47:13.000000,9405.0,9430.0,9250.0,9355.0,nan,9339.866,8821,823869600.0,19310,9410.0,21,9405.0,2,9415.0,98,9400.0,27,9420.0,8,9395.0,86,9425.0,11,9390.0,7,9430.0,2,9385.0,8
1597988838610177024,1597988838500000000,2020-08-21 13:47:18.500000,9405.0,9430.0,9250.0,9355.0,nan,9339.866,8821,823869600.0,19310,9410.0,21,9405.0,2,9415.0,90,9400.0,27,9420.0,8,9395.0,78,9425.0,11,9390.0,7,9430.0,2,9385.0,8
1597988839126547968,1597988839000000000,2020-08-21 13:47:19.000000,9405.0,9430.0,9250.0,9355.0,nan,9339.881,8823,824057700.0,19309,9405.0,1,9400.0,19,9410.0,13,9395.0,79,9415.0,90,9390.0,7,9420.0,8,9385.0,8,9425.0,11,9380.0,2
1597988839614510080,1597988839500000000,2020-08-21 13:47:19.500000,9405.0,9430.0,9250.0,9355.0,nan,9339.881,8823,824057700.0,19309,9405.0,1,9400.0,12,9410.0,19,9395.0,63,9415.0,68,9390.0,15,9420.0,8,9385.0,8,9425.0,11,9380.0,2
1597988840116069120,1597988840000000000,2020-08-21 13:47:20.000000,9405.0,9430.0,9250.0,9355.0,nan,9339.881,8823,824057700.0,19309,9405.0,2,9400.0,18,9410.0,43,9395.0,79,9415.0,73,9390.0,23,9420.0,8,9385.0,8,9425.0,11,9380.0,2
1597988840618247936,1597988840500000000,2020-08-21 13:47:20.500000,9405.0,9430.0,9250.0,9355.0,nan,9339.881,8823,824057700.0,19309,9405.0,2,9400.0,18,9410.0,37,9395.0,73,9415.0,73,9390.0,23,9420.0,8,9385.0,8,9425.0,11,9380.0,2
1597988841102484992,1597988841000000000,2020-08-21 13:47:21.000000,9405.0,9430.0,9250.0,9355.0,nan,9339.881,8823,824057700.0,19309,9405.0,2,9400.0,20,9410.0,45,9395.0,79,9415.0,73,9390.0,23,9420.0,8,9385.0,8,9425.0,11,9380.0,2
1597988844615119104,1597988844500000000,2020-08-21 13:47:24.500000,9405.0,9430.0,9250.0,9355.0,nan,9339.881,8823,824057700.0,19309,9405.0,2,9400.0,20,9410.0,45,9395.0,71,9415.0,65,9390.0,23,9420.0,8,9385.0,8,9425.0,11,9380.0,2
1597988845113069056,1597988845000000000,2020-08-21 13:47:25.000000,9405.0,9430.0,9250.0,9355.0,nan,9339.881,8823,824057700.0,19309,9405.0,2,9400.0,20,9410.0,53,9395.0,71,9415.0,65,9390.0,31,9420.0,8,9385.0,8,9425.0,11,9380.0,2
1597988850623298048,1597988850500000000,2020-08-21 13:47:30.500000,9405.0,9430.0,9250.0,9355.0,nan,9339.881,8823,824057700.0,19309,9405.0,2,9400.0,20,9410.0,45,9395.0,71,9415.0,65,9390.0,23,9420.0,8,9385.0,8,9425.0,11,9380.0,2
1597988851115917056,1597988851000000000,2020-08-21 13:47:31.000000,9405.0,9430.0,9250.0,9355.0,nan,9339.881,8823,824057700.0,19309,9405.0,2,9400.0,20,9410.0,53,9395.0,71,9415.0,65,9390.0,31,9420.0,8,9385.0,8,9425.0,11,9380.0,2
1597988856613007872,1597988856500000000,2020-08-21 13:47:36.500000,9405.0,9430.0,9250.0,9355.0,nan,9339.881,8823,824057700.0,19309,9405.0,2,9400.0,20,9410.0,45,9395.0,71,9415.0,65,9390.0,23,9420.0,8,9385.0,8,9425.0,11,9380.0,2
1597988857120161024,1597988857000000000,2020-08-21 13:47:37.000000,9405.0,9430.0,9250.0,9355.0,nan,9339.881,8823,824057700.0,19309,9405.0,2,9400.0,20,9410.0,53,9395.0,71,9415.0,65,9390.0,31,9420.0,8,9385.0,8,9425.0,11,9380.0,2
1597988862649410048,1597988862500000000,2020-08-21 13:47:42.500000,9405.0,9430.0,9250.0,9355.0,nan,9339.881,8823,824057700.0,19309,9405.0,2,9400.0,20,9410.0,45,9395.0,71,9415.0,65,9390.0,23,9420.0,8,9385.0,8,9425.0,11,9380.0,2
1597988863111543040,1597988863000000000,2020-08-21 13:47:43.000000,9405.0,9430.0,9250.0,9355.0,nan,9339.881,8823,824057700.0,19309,9405.0,2,9400.0,20,9410.0,53,9395.0,71,9415.0,65,9390.0,31,9420.0,8,9385.0,8,9425.0,11,9380.0,2
1597988868618443008,1597988868500000000,2020-08-21 13:47:48.500000,9405.0,9430.0,9250.0,9355.0,nan,9339.881,8823,824057700.0,19309,9405.0,6,9400.0,20,9410.0,45,9395.0,71,9415.0,65,9390.0,23,9420.0,8,9385.0,8,9425.0,11,9380.0,2
1597988869120624128,1597988869000000000,2020-08-21 13:47:49.000000,9405.0,9430.0,9250.0,9355.0,nan,9339.881,8823,824057700.0,19309,9405.0,6,9400.0,16,9410.0,53,9395.0,71,9415.0,65,9390.0,31,9420.0,8,9385.0,8,9425.0,11,9380.0,2
1597988869613093888,1597988869500000000,2020-08-21 13:47:49.500000,9405.0,9430.0,9250.0,9355.0,nan,9339.881,8823,824057700.0,19309,9405.0,6,9400.0,15,9410.0,53,9395.0,71,9415.0,65,9390.0,31,9420.0,8,9385.0,8,9425.0,11,9380.0,2
1597988874654467072,1597988874500000000,2020-08-21 13:47:54.500000,9405.0,9430.0,9250.0,9355.0,nan,9339.881,8823,824057700.0,19309,9405.0,6,9400.0,15,9410.0,45,9395.0,71,9415.0,65,9390.0,23,9420.0,8,9385.0,8,9425.0,11,9380.0,2
1597988875121725952,1597988875000000000,2020-08-21 13:47:55.000000,9405.0,9430.0,9250.0,9355.0,nan,9339.881,8823,824057700.0,19309,9405.0,6,9400.0,15,9410.0,53,9395.0,71,9415.0,65,9390.0,31,9420.0,8,9385.0,8,9425.0,11,9380.0,2
1597988880603148032,1597988880500000000,2020-08-21 13:48:00.500000,9405.0,9430.0,9250.0,9355.0,nan,9339.881,8823,824057700.0,19309,9405.0,6,9400.0,15,9410.0,45,9395.0,71,9415.0,65,9390.0,23,9420.0,8,9385.0,8,9425.0,11,9380.0,2
1597988881122778880,1597988881000000000,2020-08-21 13:48:01.000000,9405.0,9430.0,9250.0,9355.0,nan,9339.881,8823,824057700.0,19309,9405.0,6,9400.0,15,9410.0,53,9395.0,71,9415.0,65,9390.0,31,9420.0,8,9385.0,8,9425.0,11,9380.0,2
