local_nano_time,quote_nano_time,datetime,last_price,highest,lowest,open,close,average,volume,amount,open_interest,ask_price1,ask_volume1,bid_price1,bid_volume1,ask_price2,ask_volume2,bid_price2,bid_volume2,ask_price3,ask_volume3,bid_price3,bid_volume3,ask_price4,ask_volume4,bid_price4,bid_volume4,ask_price5,ask_volume5,bid_price5,bid_volume5
1597988245543916032,1597988245882999808,2020-08-21 13:37:25.883000,100.355,100.375,100.32,100.33,nan,100.343,2431,4878674500.0,11089,100.355,14,100.35,14,nan,0,nan,0,nan,0,nan,0,nan,0,nan,0,nan,0,nan,0
1597988246086718976,1597988246423000064,2020-08-21 13:37:26.423000,100.355,100.375,100.32,100.33,nan,100.343,2431,4878674500.0,11089,100.355,12,100.35,16,nan,0,nan,0,nan,0,nan,0,nan,0,nan,0,nan,0,nan,0
1597988246564169984,1597988246932000000,2020-08-21 13:37:26.932000,100.355,100.375,100.32,100.33,nan,100.343,2431,4878674500.0,11089,100.355,11,100.35,17,nan,0,nan,0,nan,0,nan,0,nan,0,nan,0,nan,0,nan,0
1597988247080097024,1597988247436999936,2020-08-21 13:37:27.437000,100.355,100.375,100.32,100.33,nan,100.343,2431,4878674500.0,11089,100.355,11,100.35,17,nan,0,nan,0,nan,0,nan,0,nan,0,nan,0,nan,0,nan,0
1597988247546060032,1597988247912000000,2020-08-21 13:37:27.912000,100.355,100.375,100.32,100.33,nan,100.343,2431,4878674500.0,11089,100.355,11,100.35,17,nan,0,nan,0,nan,0,nan,0,nan,0,nan,0,nan,0,nan,0
1597988248058181888,1597988248420999936,2020-08-21 13:37:28.421000,100.355,100.375,100.32,100.33,nan,100.343,2431,4878674500.0,11089,100.355,11,100.35,17,nan,0,nan,0,nan,0,nan,0,nan,0,nan,0,nan,0,nan,0
1597988248559816960,1597988248938999808,2020-08-21 13:37:28.939000,100.355,100.375,100.32,100.33,nan,100.343,2431,4878674500.0,11089,100.355,11,100.35,17,nan,0,nan,0,nan,0,nan,0,nan,0,nan,0,nan,0,nan,0
1597988249045536000,1597988249420000000,2020-08-21 13:37:29.420000,100.355,100.375,100.32,100.33,nan,100.343,2431,4878674500.0,11089,100.355,11,100.35,17,nan,0,nan,0,nan,0,nan,0,nan,0,nan,0,nan,0,nan,0
1597988249546604032,1597988249930000128,2020-08-21 13:37:29.930000,100.355,100.375,100.32,100.33,nan,100.343,2431,4878674500.0,11089,100.355,11,100.35,17,nan,0,nan,0,nan,0,nan,0,nan,0,nan,0,nan,0,nan,0
1597988250056434944,1597988250435000064,2020-08-21 13:37:30.435000,100.355,100.375,100.32,100.33,nan,100.343,2431,4878674500.0,11089,100.355,11,100.35,17,nan,0,nan,0,nan,0,nan,0,nan,0,nan,0,nan,0,nan,0
1597988250567514112,1597988250933000192,2020-08-21 13:37:30.933000,100.355,100.375,100.32,100.33,nan,100.343,2431,4878674500.0,11089,100.355,11,100.35,17,nan,0,nan,0,nan,0,nan,0,nan,0,nan,0,nan,0,nan,0
1597988251054084096,1597988251436000000,2020-08-21 13:37:31.436000,100.355,100.375,100.32,100.33,nan,100.343,2431,4878674500.0,11089,100.355,11,100.35,17,nan,0,nan,0,nan,0,nan,0,nan,0,nan,0,nan,0,nan,0
1597988251548690944,1597988251914000128,2020-08-21 13:37:31.914000,100.355,100.375,100.32,100.33,nan,100.343,2431,4878674500.0,11089,100.355,11,100.35,17,nan,0,nan,0,nan,0,nan,0,nan,0,nan,0,nan,0,nan,0
1597988254057797120,1597988254438999808,2020-08-21 13:37:34.439000,100.355,100.375,100.32,100.33,nan,100.343,2431,4878674500.0,11089,100.355,12,100.35,18,nan,0,nan,0,nan,0,nan,0,nan,0,nan,0,nan,0,nan,0
1597988257070684928,1597988257427000064,2020-08-21 13:37:37.427000,100.355,100.375,100.32,100.33,nan,100.343,2431,4878674500.0,11089,100.355,13,100.35,18,nan,0,nan,0,nan,0,nan,0,nan,0,nan,0,nan,0,nan,0
1597988261078668032,1597988261436000000,2020-08-21 13:37:41.436000,100.355,100.375,100.32,100.33,nan,100.343,2431,4878674500.0,11089,100.355,20,100.35,18,nan,0,nan,0,nan,0,nan,0,nan,0,nan,0,nan,0,nan,0
1597988265551842048,1597988265935000064,2020-08-21 13:37:45.935000,100.355,100.375,100.32,100.33,nan,100.343,2431,4878674500.0,11089,100.355,21,100.35,19,nan,0,nan,0,nan,0,nan,0,nan,0,nan,0,nan,0,nan,0
1597988266059992064,1597988266424999936,2020-08-21 13:37:46.425000,100.35,100.375,100.32,100.33,nan,100.343,2434,4884695500.0,11086,100.355,21,100.35,16,nan,0,nan,0,nan,0,nan,0,nan,0,nan,0,nan,0,nan,0
1597988266552948992,1597988266924000000,2020-08-21 13:37:46.924000,100.35,100.375,100.32,100.33,nan,100.343,2439,4894730500.0,11084,100.355,22,100.35,7,nan,0,nan,0,nan,0,nan,0,nan,0,nan,0,nan,0,nan,0
1597988267112226048,1597988267416999936,2020-08-21 13:37:47.417000,100.35,100.375,100.32,100.33,nan,100.343,2446,4908779500.0,11085,100.35,1,100.345,80,nan,0,nan,0,nan,0,nan,0,nan,0,nan,0,nan,0,nan,0
1597988267562465024,1597988267938999808,2020-08-21 13:37:47.939000,100.35,100.375,100.32,100.33,nan,100.343,2446,4908779500.0,11085,100.35,2,100.345,49,nan,0,nan,0,nan,0,nan,0,nan,0,nan,0,nan,0,nan,0
1597988268086363904,1597988268428999936,2020-08-21 13:37:48.429000,100.35,100.375,100.32,100.33,nan,100.343,2446,4908779500.0,11085,100.35,2,100.345,30,nan,0,nan,0,nan,0,nan,0,nan,0,nan,0,nan,0,nan,0
1597988268569492992,1597988268924999936,2020-08-21 13:37:48.925000,100.35,100.375,100.32,100.33,nan,100.343,2446,4908779500.0,11085,100.35,4,100.345,31,nan,0,nan,0,nan,0,nan,0,nan,0,nan,0,nan,0,nan,0
1597988269071631872,1597988269407000064,2020-08-21 13:37:49.407000,100.35,100.375,100.32,100.33,nan,100.343,2446,4908779500.0,11085,100.35,4,100.345,21,nan,0,nan,0,nan,0,nan,0,nan,0,nan,0,nan,0,nan,0
1597988269567781888,1597988269923000064,2020-08-21 13:37:49.923000,100.35,100.375,100.32,100.33,nan,100.343,2446,4908779500.0,11085,100.35,4,100.345,21,nan,0,nan,0,nan,0,nan,0,nan,0,nan,0,nan,0,nan,0
1597988270082833920,1597988270424000000,2020-08-21 13:37:50.424000,100.35,100.375,100.32,100.33,nan,100.343,2448,4912793500.0,11085,100.35,4,100.345,22,nan,0,nan,0,nan,0,nan,0,nan,0,nan,0,nan,0,nan,0
1597988271079753984,1597988271434000128,2020-08-21 13:37:51.434000,100.35,100.375,100.32,100.33,nan,100.343,2448,4912793500.0,11085,100.35,5,100.345,21,nan,0,nan,0,nan,0,nan,0,nan,0,nan,0,nan,0,nan,0
1597988281562112000,1597988281924999936,2020-08-21 13:38:01.925000,100.35,100.375,100.32,100.33,nan,100.343,2448,4912793500.0,11085,100.35,7,100.345,21,nan,0,nan,0,nan,0,nan,0,nan,0,nan,0,nan,0,nan,0
1597988287081262080,1597988287435000064,2020-08-21 13:38:07.435000,100.35,100.375,100.32,100.33,nan,100.343,2449,4914800500.0,11085,100.35,6,100.345,21,nan,0,nan,0,nan,0,nan,0,nan,0,nan,0,nan,0,nan,0
1597988288084023040,1597988288436999936,2020-08-21 13:38:08.437000,100.35,100.375,100.32,100.33,nan,100.343,2449,4914800500.0,11085,100.35,7,100.345,22,nan,0,nan,0,nan,0,nan,0,nan,0,nan,0,nan,0,nan,0
1597988291571493888,1597988291936000000,2020-08-21 13:38:11.936000,100.35,100.375,100.32,100.33,nan,100.343,2450,4916807500.0,11085,100.35,6,100.345,22,nan,0,nan,0,nan,0,nan,0,nan,0,nan,0,nan,0,nan,0
1597988292085402112,1597988292436999936,2020-08-21 13:38:12.437000,100.35,100.375,100.32,100.33,nan,100.343,2450,4916807500.0,11085,100.35,16,100.345,22,nan,0,nan,0,nan,0,nan,0,nan,0,nan,0,nan,0,nan,0
1597988293572455936,1597988293931000064,2020-08-21 13:38:13.931000,100.35,100.375,100.32,100.33,nan,100.343,2450,4916807500.0,11085,100.35,16,100.345,22,nan,0,nan,0,nan,0,nan,0,nan,0,nan,0,nan,0,nan,0
1597988300083337984,1597988300418999808,2020-08-21 13:38:20.419000,100.35,100.375,100.32,100.33,nan,100.343,2450,4916807500.0,11085,100.35,16,100.345,32,nan,0,nan,0,nan,0,nan,0,nan,0,nan,0,nan,0,nan,0
1597988301784903936,1597988301433000192,2020-08-21 13:38:21.433000,100.35,100.375,100.32,100.33,nan,100.343,2450,4916807500.0,11085,100.35,16,100.345,32,nan,0,nan,0,nan,0,nan,0,nan,0,nan,0,nan,0,nan,0
1597988314577470976,1597988314897000192,2020-08-21 13:38:34.897000,100.35,100.375,100.32,100.33,nan,100.343,2450,4916807500.0,11085,100.35,16,100.345,32,nan,0,nan,0,nan,0,nan,0,nan,0,nan,0,nan,0,nan,0
1597988339186179072,1597988339424000000,2020-08-21 13:38:59.424000,100.35,100.375,100.32,100.33,nan,100.343,2451,4918814500.0,11086,100.35,15,100.345,32,nan,0,nan,0,nan,0,nan,0,nan,0,nan,0,nan,0,nan,0
1597988339590614016,1597988339934000128,2020-08-21 13:38:59.934000,100.35,100.375,100.32,100.33,nan,100.343,2453,4922828500.0,11086,100.35,15,100.345,32,nan,0,nan,0,nan,0,nan,0,nan,0,nan,0,nan,0,nan,0
1597988341617274880,1597988341936999936,2020-08-21 13:39:01.937000,100.35,100.375,100.32,100.33,nan,100.343,2453,4922828500.0,11086,100.35,16,100.345,32,nan,0,nan,0,nan,0,nan,0,nan,0,nan,0,nan,0,nan,0
1597988355598159104,1597988355934000128,2020-08-21 13:39:15.934000,100.35,100.375,100.32,100.33,nan,100.343,2453,4922828500.0,11086,100.35,16,100.345,28,nan,0,nan,0,nan,0,nan,0,nan,0,nan,0,nan,0,nan,0
1597988377623620096,1597988377936000000,2020-08-21 13:39:37.936000,100.35,100.375,100.32,100.33,nan,100.343,2453,4922828500.0,11086,100.35,16,100.345,32,nan,0,nan,0,nan,0,nan,0,nan,0,nan,0,nan,0,nan,0
1597988380663662080,1597988380934000128,2020-08-21 13:39:40.934000,100.35,100.375,100.32,100.33,nan,100.343,2453,4922828500.0,11086,100.35,16,100.345,28,nan,0,nan,0,nan,0,nan,0,nan,0,nan,0,nan,0,nan,0
1597988381647043072,1597988382213999872,2020-08-21 13:39:42.214000,100.35,100.375,100.32,100.33,nan,100.343,2453,4922828500.0,11086,100.35,16,100.345,32,nan,0,nan,0,nan,0,nan,0,nan,0,nan,0,nan,0,nan,0
1597988387157558016,1597988387426000128,2020-08-21 13:39:47.426000,100.35,100.375,100.32,100.33,nan,100.343,2454,4924835500.0,11086,100.35,15,100.345,32,nan,0,nan,0,nan,0,nan,0,nan,0,nan,0,nan,0,nan,0
1597988387646043904,1597988388076000000,2020-08-21 13:39:48.076000,100.35,100.375,100.32,100.33,nan,100.343,2454,4924835500.0,11086,100.35,14,100.345,32,nan,0,nan,0,nan,0,nan,0,nan,0,nan,0,nan,0,nan,0
1597988389135886080,1597988389374000128,2020-08-21 13:39:49.374000,100.35,100.375,100.32,100.33,nan,100.343,2454,4924835500.0,11086,100.35,14,100.345,28,nan,0,nan,0,nan,0,nan,0,nan,0,nan,0,nan,0,nan,0
1597988390619718912,1597988390937999872,2020-08-21 13:39:50.938000,100.35,100.375,100.32,100.33,nan,100.343,2454,4924835500.0,11086,100.35,14,100.345,28,nan,0,nan,0,nan,0,nan,0,nan,0,nan,0,nan,0,nan,0
1597988391631514112,1597988391932000000,2020-08-21 13:39:51.932000,100.35,100.375,100.32,100.33,nan,100.343,2454,4924835500.0,11086,100.35,14,100.345,28,nan,0,nan,0,nan,0,nan,0,nan,0,nan,0,nan,0,nan,0
1597988393628030976,1597988393904999936,2020-08-21 13:39:53.905000,100.35,100.375,100.32,100.33,nan,100.343,2454,4924835500.0,11086,100.35,14,100.345,28,nan,0,nan,0,nan,0,nan,0,nan,0,nan,0,nan,0,nan,0
1597988394163769088,1597988394424999936,2020-08-21 13:39:54.425000,100.35,100.375,100.32,100.33,nan,100.343,2454,4924835500.0,11086,100.35,14,100.345,28,nan,0,nan,0,nan,0,nan,0,nan,0,nan,0,nan,0,nan,0
1597988400641786880,1597988400937999872,2020-08-21 13:40:00.938000,100.35,100.375,100.32,100.33,nan,100.343,2455,4926842500.0,11085,100.35,13,100.345,27,nan,0,nan,0,nan,0,nan,0,nan,0,nan,0,nan,0,nan,0
1597988402641100032,1597988403240999936,2020-08-21 13:40:03.241000,100.35,100.375,100.32,100.33,nan,100.343,2460,4936877500.0,11085,100.35,8,100.345,27,nan,0,nan,0,nan,0,nan,0,nan,0,nan,0,nan,0,nan,0
1597988408548249088,1597988408918999808,2020-08-21 13:40:08.919000,100.35,100.375,100.32,100.33,nan,100.343,2461,4938884500.0,11085,100.35,7,100.345,28,nan,0,nan,0,nan,0,nan,0,nan,0,nan,0,nan,0,nan,0
1597988409081370112,1597988409415000064,2020-08-21 13:40:09.415000,100.35,100.375,100.32,100.33,nan,100.343,2468,4952933500.0,11089,100.355,70,100.35,2,nan,0,nan,0,nan,0,nan,0,nan,0,nan,0,nan,0,nan,0
1597988409551070976,1597988409904999936,2020-08-21 13:40:09.905000,100.35,100.375,100.32,100.33,nan,100.343,2468,4952933500.0,11089,100.355,37,100.35,2,nan,0,nan,0,nan,0,nan,0,nan,0,nan,0,nan,0,nan,0
1597988410055106048,1597988410403000064,2020-08-21 13:40:10.403000,100.35,100.375,100.32,100.33,nan,100.343,2468,4952933500.0,11089,100.355,28,100.35,3,nan,0,nan,0,nan,0,nan,0,nan,0,nan,0,nan,0,nan,0
1597988410562488064,1597988410931000064,2020-08-21 13:40:10.931000,100.35,100.375,100.32,100.33,nan,100.343,2468,4952933500.0,11089,100.355,28,100.35,3,nan,0,nan,0,nan,0,nan,0,nan,0,nan,0,nan,0,nan,0
1597988411547000064,1597988411924999936,2020-08-21 13:40:11.925000,100.35,100.375,100.32,100.33,nan,100.343,2468,4952933500.0,11089,100.355,18,100.35,3,nan,0,nan,0,nan,0,nan,0,nan,0,nan,0,nan,0,nan,0
1597988412048766976,1597988412411000064,2020-08-21 13:40:12.411000,100.35,100.375,100.32,100.33,nan,100.343,2468,4952933500.0,11089,100.355,18,100.35,4,nan,0,nan,0,nan,0,nan,0,nan,0,nan,0,nan,0,nan,0
1597988413056843008,1597988413426000128,2020-08-21 13:40:13.426000,100.35,100.375,100.32,100.33,nan,100.343,2468,4952933500.0,11089,100.355,19,100.35,4,nan,0,nan,0,nan,0,nan,0,nan,0,nan,0,nan,0,nan,0
1597988414552911872,1597988414920999936,2020-08-21 13:40:14.921000,100.35,100.375,100.32,100.33,nan,100.343,2468,4952933500.0,11089,100.355,19,100.35,5,nan,0,nan,0,nan,0,nan,0,nan,0,nan,0,nan,0,nan,0
1597988426119987968,1597988426431000064,2020-08-21 13:40:26.431000,100.35,100.375,100.32,100.33,nan,100.343,2468,4952933500.0,11089,100.355,19,100.35,5,nan,0,nan,0,nan,0,nan,0,nan,0,nan,0,nan,0,nan,0
1597988433562518016,1597988433934000128,2020-08-21 13:40:33.934000,100.355,100.375,100.32,100.33,nan,100.343,2469,4954940600.0,11090,100.355,18,100.35,5,nan,0,nan,0,nan,0,nan,0,nan,0,nan,0,nan,0,nan,0
1597988434060925952,1597988434405999872,2020-08-21 13:40:34.406000,100.355,100.375,100.32,100.33,nan,100.343,2469,4954940600.0,11090,100.355,16,100.35,8,nan,0,nan,0,nan,0,nan,0,nan,0,nan,0,nan,0,nan,0
1597988438573139968,1597988438938999808,2020-08-21 13:40:38.939000,100.355,100.375,100.32,100.33,nan,100.343,2469,4954940600.0,11090,100.355,16,100.35,8,nan,0,nan,0,nan,0,nan,0,nan,0,nan,0,nan,0,nan,0
1597988442569044992,1597988442924000000,2020-08-21 13:40:42.924000,100.355,100.375,100.32,100.33,nan,100.343,2469,4954940600.0,11090,100.355,16,100.35,8,nan,0,nan,0,nan,0,nan,0,nan,0,nan,0,nan,0,nan,0
1597988443556019968,1597988443938999808,2020-08-21 13:40:43.939000,100.355,100.375,100.32,100.33,nan,100.343,2469,4954940600.0,11090,100.355,16,100.35,8,nan,0,nan,0,nan,0,nan,0,nan,0,nan,0,nan,0,nan,0
1597988449060786944,1597988449431000064,2020-08-21 13:40:49.431000,100.355,100.375,100.32,100.33,nan,100.343,2469,4954940600.0,11090,100.355,16,100.35,7,nan,0,nan,0,nan,0,nan,0,nan,0,nan,0,nan,0,nan,0
1597988450073945088,1597988450418999808,2020-08-21 13:40:50.419000,100.355,100.375,100.32,100.33,nan,100.343,2469,4954940600.0,11090,100.355,26,100.35,7,nan,0,nan,0,nan,0,nan,0,nan,0,nan,0,nan,0,nan,0
1597988466082810880,1597988466433000192,2020-08-21 13:41:06.433000,100.355,100.375,100.32,100.33,nan,100.343,2469,4954940600.0,11090,100.355,19,100.35,7,nan,0,nan,0,nan,0,nan,0,nan,0,nan,0,nan,0,nan,0
1597988470072290048,1597988470438999808,2020-08-21 13:41:10.439000,100.35,100.375,100.32,100.33,nan,100.343,2478,4973003600.0,11084,100.355,20,100.345,85,nan,0,nan,0,nan,0,nan,0,nan,0,nan,0,nan,0,nan,0
1597988470570817024,1597988470926000128,2020-08-21 13:41:10.926000,100.35,100.375,100.32,100.33,nan,100.343,2480,4977017600.0,11084,100.35,1,100.345,57,nan,0,nan,0,nan,0,nan,0,nan,0,nan,0,nan,0,nan,0
1597988471081338880,1597988471436000000,2020-08-21 13:41:11.436000,100.35,100.375,100.32,100.33,nan,100.343,2480,4977017600.0,11084,100.35,2,100.345,46,nan,0,nan,0,nan,0,nan,0,nan,0,nan,0,nan,0,nan,0
1597988471582917888,1597988471927000064,2020-08-21 13:41:11.927000,100.35,100.375,100.32,100.33,nan,100.343,2480,4977017600.0,11084,100.35,4,100.345,26,nan,0,nan,0,nan,0,nan,0,nan,0,nan,0,nan,0,nan,0
1597988472082062080,1597988472436999936,2020-08-21 13:41:12.437000,100.35,100.375,100.32,100.33,nan,100.343,2480,4977017600.0,11084,100.35,4,100.345,26,nan,0,nan,0,nan,0,nan,0,nan,0,nan,0,nan,0,nan,0
1597988480573733120,1597988480903000064,2020-08-21 13:41:20.903000,100.35,100.375,100.32,100.33,nan,100.343,2480,4977017600.0,11084,100.35,9,100.345,26,nan,0,nan,0,nan,0,nan,0,nan,0,nan,0,nan,0,nan,0
1597988481574661888,1597988481937999872,2020-08-21 13:41:21.938000,100.35,100.375,100.32,100.33,nan,100.343,2482,4981031600.0,11085,100.35,8,100.345,26,nan,0,nan,0,nan,0,nan,0,nan,0,nan,0,nan,0,nan,0
1597988483081081088,1597988483434000128,2020-08-21 13:41:23.434000,100.35,100.375,100.32,100.33,nan,100.343,2482,4981031600.0,11085,100.35,9,100.345,26,nan,0,nan,0,nan,0,nan,0,nan,0,nan,0,nan,0,nan,0
1597988504129778944,1597988504430000128,2020-08-21 13:41:44.430000,100.35,100.375,100.32,100.33,nan,100.343,2482,4981031600.0,11085,100.35,9,100.345,26,nan,0,nan,0,nan,0,nan,0,nan,0,nan,0,nan,0,nan,0
1597988505580057088,1597988505936999936,2020-08-21 13:41:45.937000,100.35,100.375,100.32,100.33,nan,100.343,2482,4981031600.0,11085,100.35,10,100.345,26,nan,0,nan,0,nan,0,nan,0,nan,0,nan,0,nan,0,nan,0
1597988506585246976,1597988506926000128,2020-08-21 13:41:46.926000,100.35,100.375,100.32,100.33,nan,100.343,2482,4981031600.0,11085,100.35,10,100.345,26,nan,0,nan,0,nan,0,nan,0,nan,0,nan,0,nan,0,nan,0
1597988511591002112,1597988511924999936,2020-08-21 13:41:51.925000,100.35,100.375,100.32,100.33,nan,100.343,2482,4981031600.0,11085,100.35,10,100.345,26,nan,0,nan,0,nan,0,nan,0,nan,0,nan,0,nan,0,nan,0
1597988513106991104,1597988513436999936,2020-08-21 13:41:53.437000,100.35,100.375,100.32,100.33,nan,100.343,2482,4981031600.0,11085,100.35,20,100.345,26,nan,0,nan,0,nan,0,nan,0,nan,0,nan,0,nan,0,nan,0
1597988514105588992,1597988514434000128,2020-08-21 13:41:54.434000,100.35,100.375,100.32,100.33,nan,100.343,2482,4981031600.0,11085,100.35,20,100.345,26,nan,0,nan,0,nan,0,nan,0,nan,0,nan,0,nan,0,nan,0
1597988527092697088,1597988527437999872,2020-08-21 13:42:07.438000,100.35,100.375,100.32,100.33,nan,100.343,2483,4983038600.0,11086,100.35,19,100.345,26,nan,0,nan,0,nan,0,nan,0,nan,0,nan,0,nan,0,nan,0
1597988527595126016,1597988527927000064,2020-08-21 13:42:07.927000,100.35,100.375,100.32,100.33,nan,100.343,2483,4983038600.0,11086,100.35,20,100.345,27,nan,0,nan,0,nan,0,nan,0,nan,0,nan,0,nan,0,nan,0
1597988528134544896,1597988528432000000,2020-08-21 13:42:08.432000,100.35,100.375,100.32,100.33,nan,100.343,2483,4983038600.0,11086,100.35,20,100.345,27,nan,0,nan,0,nan,0,nan,0,nan,0,nan,0,nan,0,nan,0
1597988536107965952,1597988536403000064,2020-08-21 13:42:16.403000,100.35,100.375,100.32,100.33,nan,100.343,2483,4983038600.0,11086,100.35,25,100.345,27,nan,0,nan,0,nan,0,nan,0,nan,0,nan,0,nan,0,nan,0
1597988573655953920,1597988574224999936,2020-08-21 13:42:54.225000,100.35,100.375,100.32,100.33,nan,100.343,2483,4983038600.0,11086,100.35,24,100.345,27,nan,0,nan,0,nan,0,nan,0,nan,0,nan,0,nan,0,nan,0
1597988575136019968,1597988575414000128,2020-08-21 13:42:55.414000,100.35,100.375,100.32,100.33,nan,100.343,2484,4985045600.0,11086,100.35,23,100.345,27,nan,0,nan,0,nan,0,nan,0,nan,0,nan,0,nan,0,nan,0
1597988602537036032,1597988602934000128,2020-08-21 13:43:22.934000,100.35,100.375,100.32,100.33,nan,100.343,2484,4985045600.0,11086,100.35,23,100.345,27,nan,0,nan,0,nan,0,nan,0,nan,0,nan,0,nan,0,nan,0
1597988603540642048,1597988603930000128,2020-08-21 13:43:23.930000,100.35,100.375,100.32,100.33,nan,100.343,2484,4985045600.0,11086,100.35,23,100.345,27,nan,0,nan,0,nan,0,nan,0,nan,0,nan,0,nan,0,nan,0
1597988615556933888,1597988616000000000,2020-08-21 13:43:36.000000,100.35,100.375,100.32,100.33,nan,100.343,2484,4985045600.0,11086,100.35,23,100.345,25,nan,0,nan,0,nan,0,nan,0,nan,0,nan,0,nan,0,nan,0
1597988618099499008,1597988618381999872,2020-08-21 13:43:38.382000,100.35,100.375,100.32,100.33,nan,100.343,2484,4985045600.0,11086,100.35,24,100.345,25,nan,0,nan,0,nan,0,nan,0,nan,0,nan,0,nan,0,nan,0
1597988623545449984,1597988624000000000,2020-08-21 13:43:44.000000,100.35,100.375,100.32,100.33,nan,100.343,2485,4987052600.0,11087,100.35,23,100.345,25,nan,0,nan,0,nan,0,nan,0,nan,0,nan,0,nan,0,nan,0
1597988624039348992,1597988624427000064,2020-08-21 13:43:44.427000,100.35,100.375,100.32,100.33,nan,100.343,2485,4987052600.0,11087,100.35,23,100.345,25,nan,0,nan,0,nan,0,nan,0,nan,0,nan,0,nan,0,nan,0
1597988645542784000,1597988646000000000,2020-08-21 13:44:06.000000,100.35,100.375,100.32,100.33,nan,100.343,2485,4987052600.0,11087,100.35,53,100.345,25,nan,0,nan,0,nan,0,nan,0,nan,0,nan,0,nan,0,nan,0
1597988646043348992,1597988646434000128,2020-08-21 13:44:06.434000,100.35,100.375,100.32,100.33,nan,100.343,2485,4987052600.0,11087,100.35,63,100.345,25,nan,0,nan,0,nan,0,nan,0,nan,0,nan,0,nan,0,nan,0
1597988647045637120,1597988647435000064,2020-08-21 13:44:07.435000,100.35,100.375,100.32,100.33,nan,100.343,2485,4987052600.0,11087,100.35,93,100.345,25,nan,0,nan,0,nan,0,nan,0,nan,0,nan,0,nan,0,nan,0
1597988651549157120,1597988652000000000,2020-08-21 13:44:12.000000,100.35,100.375,100.32,100.33,nan,100.343,2485,4987052600.0,11087,100.35,23,100.345,25,nan,0,nan,0,nan,0,nan,0,nan,0,nan,0,nan,0,nan,0
1597988652043693056,1597988652433000192,2020-08-21 13:44:12.433000,100.35,100.375,100.32,100.33,nan,100.343,2485,4987052600.0,11087,100.35,13,100.345,25,nan,0,nan,0,nan,0,nan,0,nan,0,nan,0,nan,0,nan,0
1597988652547941120,1597988653000000000,2020-08-21 13:44:13.000000,100.35,100.375,100.32,100.33,nan,100.343,2485,4987052600.0,11087,100.35,13,100.345,25,nan,0,nan,0,nan,0,nan,0,nan,0,nan,0,nan,0,nan,0
1597988660566609920,1597988661000000000,2020-08-21 13:44:21.000000,100.35,100.375,100.32,100.33,nan,100.343,2485,4987052600.0,11087,100.35,13,100.345,25,nan,0,nan,0,nan,0,nan,0,nan,0,nan,0,nan,0,nan,0
1597988661081768960,1597988661413000192,2020-08-21 13:44:21.413000,100.35,100.375,100.32,100.33,nan,100.343,2485,4987052600.0,11087,100.35,13,100.345,25,nan,0,nan,0,nan,0,nan,0,nan,0,nan,0,nan,0,nan,0
1597988661570443008,1597988662000000000,2020-08-21 13:44:22.000000,100.35,100.375,100.32,100.33,nan,100.343,2485,4987052600.0,11087,100.35,13,100.345,25,nan,0,nan,0,nan,0,nan,0,nan,0,nan,0,nan,0,nan,0
1597988662065050880,1597988662435000064,2020-08-21 13:44:22.435000,100.35,100.375,100.32,100.33,nan,100.343,2485,4987052600.0,11087,100.35,12,100.345,25,nan,0,nan,0,nan,0,nan,0,nan,0,nan,0,nan,0,nan,0
1597988669558368000,1597988670000000000,2020-08-21 13:44:30.000000,100.35,100.375,100.32,100.33,nan,100.343,2486,4989059600.0,11088,100.35,11,100.345,25,nan,0,nan,0,nan,0,nan,0,nan,0,nan,0,nan,0,nan,0
1597988704083439104,1597988704437999872,2020-08-21 13:45:04.438000,100.35,100.375,100.32,100.33,nan,100.343,2486,4989059600.0,11088,100.35,11,100.345,25,nan,0,nan,0,nan,0,nan,0,nan,0,nan,0,nan,0,nan,0
1597988705109513984,1597988705412000000,2020-08-21 13:45:05.412000,100.35,100.375,100.32,100.33,nan,100.343,2487,4991066600.0,11088,100.35,10,100.345,29,nan,0,nan,0,nan,0,nan,0,nan,0,nan,0,nan,0,nan,0
1597988705585534976,1597988706000000000,2020-08-21 13:45:06.000000,100.35,100.375,100.32,100.33,nan,100.343,2497,5011136600.0,11098,100.355,65,100.35,4,nan,0,nan,0,nan,0,nan,0,nan,0,nan,0,nan,0,nan,0
1597988706105583104,1597988706432000000,2020-08-21 13:45:06.432000,100.35,100.375,100.32,100.33,nan,100.343,2497,5011136600.0,11098,100.355,34,100.35,6,nan,0,nan,0,nan,0,nan,0,nan,0,nan,0,nan,0,nan,0
1597988706585982976,1597988707000000000,2020-08-21 13:45:07.000000,100.35,100.375,100.32,100.33,nan,100.343,2498,5013143600.0,11099,100.355,23,100.35,5,nan,0,nan,0,nan,0,nan,0,nan,0,nan,0,nan,0,nan,0
1597988707081101056,1597988707427000064,2020-08-21 13:45:07.427000,100.35,100.375,100.32,100.33,nan,100.343,2498,5013143600.0,11099,100.355,23,100.35,5,nan,0,nan,0,nan,0,nan,0,nan,0,nan,0,nan,0,nan,0
1597988707583372032,1597988708000000000,2020-08-21 13:45:08.000000,100.35,100.375,100.32,100.33,nan,100.343,2498,5013143600.0,11099,100.355,12,100.35,6,nan,0,nan,0,nan,0,nan,0,nan,0,nan,0,nan,0,nan,0
1597988709121692928,1597988709436000000,2020-08-21 13:45:09.436000,100.35,100.375,100.32,100.33,nan,100.343,2498,5013143600.0,11099,100.355,13,100.35,6,nan,0,nan,0,nan,0,nan,0,nan,0,nan,0,nan,0,nan,0
1597988717106978048,1597988717433000192,2020-08-21 13:45:17.433000,100.35,100.375,100.32,100.33,nan,100.343,2505,5027192600.0,11102,100.355,13,100.345,86,nan,0,nan,0,nan,0,nan,0,nan,0,nan,0,nan,0,nan,0
1597988717595885056,1597988718000000000,2020-08-21 13:45:18.000000,100.35,100.375,100.32,100.33,nan,100.343,2505,5027192600.0,11102,100.355,13,100.35,1,nan,0,nan,0,nan,0,nan,0,nan,0,nan,0,nan,0,nan,0
1597988718108268032,1597988718428999936,2020-08-21 13:45:18.429000,100.35,100.375,100.32,100.33,nan,100.343,2506,5029199600.0,11101,100.35,1,100.345,85,nan,0,nan,0,nan,0,nan,0,nan,0,nan,0,nan,0,nan,0
1597988718587104000,1597988719000000000,2020-08-21 13:45:19.000000,100.35,100.375,100.32,100.33,nan,100.343,2506,5029199600.0,11101,100.35,2,100.345,44,nan,0,nan,0,nan,0,nan,0,nan,0,nan,0,nan,0,nan,0
1597988719088101120,1597988719417999872,2020-08-21 13:45:19.418000,100.35,100.375,100.32,100.33,nan,100.343,2506,5029199600.0,11101,100.35,2,100.345,24,nan,0,nan,0,nan,0,nan,0,nan,0,nan,0,nan,0,nan,0
1597988719588749056,1597988720000000000,2020-08-21 13:45:20.000000,100.35,100.375,100.32,100.33,nan,100.343,2506,5029199600.0,11101,100.35,3,100.345,24,nan,0,nan,0,nan,0,nan,0,nan,0,nan,0,nan,0,nan,0
1597988725092474880,1597988725434000128,2020-08-21 13:45:25.434000,100.35,100.375,100.32,100.33,nan,100.343,2509,5035220600.0,11100,100.355,65,100.35,8,nan,0,nan,0,nan,0,nan,0,nan,0,nan,0,nan,0,nan,0
1597988725600143104,1597988726000000000,2020-08-21 13:45:26.000000,100.35,100.375,100.32,100.33,nan,100.343,2518,5053283600.0,11100,100.355,33,100.35,1,nan,0,nan,0,nan,0,nan,0,nan,0,nan,0,nan,0,nan,0
1597988726111101952,1597988726433000192,2020-08-21 13:45:26.433000,100.35,100.375,100.32,100.33,nan,100.343,2519,5055290600.0,11099,100.35,1,100.345,76,nan,0,nan,0,nan,0,nan,0,nan,0,nan,0,nan,0,nan,0
1597988726597424128,1597988727000000000,2020-08-21 13:45:27.000000,100.35,100.375,100.32,100.33,nan,100.343,2519,5055290600.0,11099,100.35,1,100.345,35,nan,0,nan,0,nan,0,nan,0,nan,0,nan,0,nan,0,nan,0
1597988727125552896,1597988727437999872,2020-08-21 13:45:27.438000,100.35,100.375,100.32,100.33,nan,100.343,2519,5055290600.0,11099,100.35,1,100.345,25,nan,0,nan,0,nan,0,nan,0,nan,0,nan,0,nan,0,nan,0
1597988727593232896,1597988728000000000,2020-08-21 13:45:28.000000,100.35,100.375,100.32,100.33,nan,100.343,2519,5055290600.0,11099,100.35,2,100.345,24,nan,0,nan,0,nan,0,nan,0,nan,0,nan,0,nan,0,nan,0
1597988728096926976,1597988728435000064,2020-08-21 13:45:28.435000,100.35,100.375,100.32,100.33,nan,100.343,2525,5067332600.0,11095,100.35,7,100.345,24,nan,0,nan,0,nan,0,nan,0,nan,0,nan,0,nan,0,nan,0
1597988729591110912,1597988730000000000,2020-08-21 13:45:30.000000,100.35,100.375,100.32,100.33,nan,100.343,2525,5067332600.0,11095,100.35,13,100.345,24,nan,0,nan,0,nan,0,nan,0,nan,0,nan,0,nan,0,nan,0
1597988752112186880,1597988752433000192,2020-08-21 13:45:52.433000,100.35,100.375,100.32,100.33,nan,100.343,2525,5067332600.0,11095,100.35,43,100.345,24,nan,0,nan,0,nan,0,nan,0,nan,0,nan,0,nan,0,nan,0
1597988752633445888,1597988753000000000,2020-08-21 13:45:53.000000,100.35,100.375,100.32,100.33,nan,100.343,2525,5067332600.0,11095,100.35,53,100.345,24,nan,0,nan,0,nan,0,nan,0,nan,0,nan,0,nan,0,nan,0
1597988753620290048,1597988754000000000,2020-08-21 13:45:54.000000,100.35,100.375,100.32,100.33,nan,100.343,2525,5067332600.0,11095,100.35,83,100.345,24,nan,0,nan,0,nan,0,nan,0,nan,0,nan,0,nan,0,nan,0
1597988757167437056,1597988757438999808,2020-08-21 13:45:57.439000,100.35,100.375,100.32,100.33,nan,100.343,2525,5067332600.0,11095,100.35,23,100.345,24,nan,0,nan,0,nan,0,nan,0,nan,0,nan,0,nan,0,nan,0
1597988757622290944,1597988758000000000,2020-08-21 13:45:58.000000,100.35,100.375,100.32,100.33,nan,100.343,2525,5067332600.0,11095,100.35,13,100.345,24,nan,0,nan,0,nan,0,nan,0,nan,0,nan,0,nan,0,nan,0
1597988758114490112,1597988758436000000,2020-08-21 13:45:58.436000,100.35,100.375,100.32,100.33,nan,100.343,2525,5067332600.0,11095,100.35,13,100.345,24,nan,0,nan,0,nan,0,nan,0,nan,0,nan,0,nan,0,nan,0
1597988762648600064,1597988763000000000,2020-08-21 13:46:03.000000,100.35,100.375,100.32,100.33,nan,100.343,2525,5067332600.0,11095,100.35,13,100.345,29,nan,0,nan,0,nan,0,nan,0,nan,0,nan,0,nan,0,nan,0
1597988763124102912,1597988763435000064,2020-08-21 13:46:03.435000,100.35,100.375,100.32,100.33,nan,100.343,2526,5069339600.0,11095,100.35,12,100.345,29,nan,0,nan,0,nan,0,nan,0,nan,0,nan,0,nan,0,nan,0
1597988778675770112,1597988779000000000,2020-08-21 13:46:19.000000,100.35,100.375,100.32,100.33,nan,100.343,2526,5069339600.0,11095,100.35,12,100.345,29,nan,0,nan,0,nan,0,nan,0,nan,0,nan,0,nan,0,nan,0
1597988785025745920,1597988785435000064,2020-08-21 13:46:25.435000,100.35,100.375,100.32,100.33,nan,100.343,2526,5069339600.0,11095,100.35,12,100.345,29,nan,0,nan,0,nan,0,nan,0,nan,0,nan,0,nan,0,nan,0
1597988805036953088,1597988805411000064,2020-08-21 13:46:45.411000,100.35,100.375,100.32,100.33,nan,100.343,2526,5069339600.0,11095,100.35,12,100.345,29,nan,0,nan,0,nan,0,nan,0,nan,0,nan,0,nan,0,nan,0
1597988811542328064,1597988812000000000,2020-08-21 13:46:52.000000,100.35,100.375,100.32,100.33,nan,100.343,2527,5071346600.0,11095,100.35,41,100.345,29,nan,0,nan,0,nan,0,nan,0,nan,0,nan,0,nan,0,nan,0
1597988812040347904,1597988812408999936,2020-08-21 13:46:52.409000,100.35,100.375,100.32,100.33,nan,100.343,2527,5071346600.0,11095,100.35,51,100.345,29,nan,0,nan,0,nan,0,nan,0,nan,0,nan,0,nan,0,nan,0
1597988853586360064,1597988854000000000,2020-08-21 13:47:34.000000,100.35,100.375,100.32,100.33,nan,100.343,2527,5071346600.0,11095,100.35,52,100.345,29,nan,0,nan,0,nan,0,nan,0,nan,0,nan,0,nan,0,nan,0
1597988854089083904,1597988854436999936,2020-08-21 13:47:34.437000,100.35,100.375,100.32,100.33,nan,100.343,2527,5071346600.0,11095,100.35,42,100.345,29,nan,0,nan,0,nan,0,nan,0,nan,0,nan,0,nan,0,nan,0
1597988854585312000,1597988855000000000,2020-08-21 13:47:35.000000,100.35,100.375,100.32,100.33,nan,100.343,2527,5071346600.0,11095,100.35,42,100.345,29,nan,0,nan,0,nan,0,nan,0,nan,0,nan,0,nan,0,nan,0
1597988855085265920,1597988855423000064,2020-08-21 13:47:35.423000,100.345,100.375,100.32,100.33,nan,100.343,2529,5075360400.0,11093,100.35,42,100.345,27,nan,0,nan,0,nan,0,nan,0,nan,0,nan,0,nan,0,nan,0
1597988855582572032,1597988856000000000,2020-08-21 13:47:36.000000,100.345,100.375,100.32,100.33,nan,100.343,2529,5075360400.0,11093,100.35,44,100.345,25,nan,0,nan,0,nan,0,nan,0,nan,0,nan,0,nan,0,nan,0
1597988856081452032,1597988856434000128,2020-08-21 13:47:36.434000,100.345,100.375,100.32,100.33,nan,100.343,2529,5075360400.0,11093,100.35,45,100.345,25,nan,0,nan,0,nan,0,nan,0,nan,0,nan,0,nan,0,nan,0
1597988856588249088,1597988857000000000,2020-08-21 13:47:37.000000,100.345,100.375,100.32,100.33,nan,100.343,2529,5075360400.0,11093,100.35,55,100.345,25,nan,0,nan,0,nan,0,nan,0,nan,0,nan,0,nan,0,nan,0
1597988857076707072,1597988857437999872,2020-08-21 13:47:37.438000,100.345,100.375,100.32,100.33,nan,100.343,2529,5075360400.0,11093,100.35,55,100.345,25,nan,0,nan,0,nan,0,nan,0,nan,0,nan,0,nan,0,nan,0
1597988857568340992,1597988858000000000,2020-08-21 13:47:38.000000,100.35,100.375,100.32,100.33,nan,100.343,2530,5077367400.0,11093,100.35,54,100.345,25,nan,0,nan,0,nan,0,nan,0,nan,0,nan,0,nan,0,nan,0
1597988858085792000,1597988858438999808,2020-08-21 13:47:38.439000,100.35,100.375,100.32,100.33,nan,100.343,2530,5077367400.0,11093,100.35,42,100.345,27,nan,0,nan,0,nan,0,nan,0,nan,0,nan,0,nan,0,nan,0
1597988858565075968,1597988859000000000,2020-08-21 13:47:39.000000,100.35,100.375,100.32,100.33,nan,100.343,2530,5077367400.0,11093,100.35,42,100.345,28,nan,0,nan,0,nan,0,nan,0,nan,0,nan,0,nan,0,nan,0
1597988859085036032,1597988859433000192,2020-08-21 13:47:39.433000,100.35,100.375,100.32,100.33,nan,100.343,2530,5077367400.0,11093,100.35,42,100.345,28,nan,0,nan,0,nan,0,nan,0,nan,0,nan,0,nan,0,nan,0
1597988859566983936,1597988860000000000,2020-08-21 13:47:40.000000,100.35,100.375,100.32,100.33,nan,100.343,2530,5077367400.0,11093,100.35,42,100.345,28,nan,0,nan,0,nan,0,nan,0,nan,0,nan,0,nan,0,nan,0
1597988860067630080,1597988860407000064,2020-08-21 13:47:40.407000,100.35,100.375,100.32,100.33,nan,100.343,2530,5077367400.0,11093,100.35,42,100.345,28,nan,0,nan,0,nan,0,nan,0,nan,0,nan,0,nan,0,nan,0
1597988860576762880,1597988861000000000,2020-08-21 13:47:41.000000,100.35,100.375,100.32,100.33,nan,100.343,2530,5077367400.0,11093,100.35,42,100.345,28,nan,0,nan,0,nan,0,nan,0,nan,0,nan,0,nan,0,nan,0
1597988861114243072,1597988861426000128,2020-08-21 13:47:41.426000,100.35,100.375,100.32,100.33,nan,100.343,2530,5077367400.0,11093,100.35,42,100.345,28,nan,0,nan,0,nan,0,nan,0,nan,0,nan,0,nan,0,nan,0
1597988861696154880,1597988862000000000,2020-08-21 13:47:42.000000,100.35,100.375,100.32,100.33,nan,100.343,2530,5077367400.0,11093,100.35,42,100.345,28,nan,0,nan,0,nan,0,nan,0,nan,0,nan,0,nan,0,nan,0
1597988862084028928,1597988862433000192,2020-08-21 13:47:42.433000,100.35,100.375,100.32,100.33,nan,100.343,2530,5077367400.0,11093,100.35,42,100.345,28,nan,0,nan,0,nan,0,nan,0,nan,0,nan,0,nan,0,nan,0
1597988862586865920,1597988863000000000,2020-08-21 13:47:43.000000,100.35,100.375,100.32,100.33,nan,100.343,2530,5077367400.0,11093,100.35,42,100.345,28,nan,0,nan,0,nan,0,nan,0,nan,0,nan,0,nan,0,nan,0
1597988863069963008,1597988863437999872,2020-08-21 13:47:43.438000,100.35,100.375,100.32,100.33,nan,100.343,2530,5077367400.0,11093,100.35,42,100.345,28,nan,0,nan,0,nan,0,nan,0,nan,0,nan,0,nan,0,nan,0
1597988863572748032,1597988864000000000,2020-08-21 13:47:44.000000,100.35,100.375,100.32,100.33,nan,100.343,2530,5077367400.0,11093,100.35,42,100.345,28,nan,0,nan,0,nan,0,nan,0,nan,0,nan,0,nan,0,nan,0
1597988864570190080,1597988865000000000,2020-08-21 13:47:45.000000,100.35,100.375,100.32,100.33,nan,100.343,2561,5139584400.0,11099,100.35,12,100.345,28,nan,0,nan,0,nan,0,nan,0,nan,0,nan,0,nan,0,nan,0
1597988865098524928,1597988865436999936,2020-08-21 13:47:45.437000,100.35,100.375,100.32,100.33,nan,100.343,2562,5141591400.0,11099,100.35,12,100.345,28,nan,0,nan,0,nan,0,nan,0,nan,0,nan,0,nan,0,nan,0
1597988869092126976,1597988869434000128,2020-08-21 13:47:49.434000,100.35,100.375,100.32,100.33,nan,100.343,2562,5141591400.0,11099,100.35,12,100.345,28,nan,0,nan,0,nan,0,nan,0,nan,0,nan,0,nan,0,nan,0
1597988872069624064,1597988872427000064,2020-08-21 13:47:52.427000,100.35,100.375,100.32,100.33,nan,100.343,2562,5141591400.0,11099,100.35,12,100.345,28,nan,0,nan,0,nan,0,nan,0,nan,0,nan,0,nan,0,nan,0
1597988876579153920,1597988877000000000,2020-08-21 13:47:57.000000,100.35,100.375,100.32,100.33,nan,100.343,2562,5141591400.0,11099,100.35,12,100.345,28,nan,0,nan,0,nan,0,nan,0,nan,0,nan,0,nan,0,nan,0
1597988877088485888,1597988877435000064,2020-08-21 13:47:57.435000,100.35,100.375,100.32,100.33,nan,100.343,2562,5141591400.0,11099,100.35,11,100.345,28,nan,0,nan,0,nan,0,nan,0,nan,0,nan,0,nan,0,nan,0
1597988878574336000,1597988879000000000,2020-08-21 13:47:59.000000,100.35,100.375,100.32,100.33,nan,100.343,2562,5141591400.0,11099,100.35,11,100.345,28,nan,0,nan,0,nan,0,nan,0,nan,0,nan,0,nan,0,nan,0
1597988879084638976,1597988879424999936,2020-08-21 13:47:59.425000,100.35,100.375,100.32,100.33,nan,100.343,2562,5141591400.0,11099,100.35,11,100.345,28,nan,0,nan,0,nan,0,nan,0,nan,0,nan,0,nan,0,nan,0
1597988883580909056,1597988884000000000,2020-08-21 13:48:04.000000,100.35,100.375,100.32,100.33,nan,100.343,2562,5141591400.0,11099,100.35,11,100.345,28,nan,0,nan,0,nan,0,nan,0,nan,0,nan,0,nan,0,nan,0
1597988884587898112,1597988885000000000,2020-08-21 13:48:05.000000,100.35,100.375,100.32,100.33,nan,100.343,2562,5141591400.0,11099,100.35,11,100.345,28,nan,0,nan,0,nan,0,nan,0,nan,0,nan,0,nan,0,nan,0
1597988886106270976,1597988886430000128,2020-08-21 13:48:06.430000,100.35,100.375,100.32,100.33,nan,100.343,2562,5141591400.0,11099,100.35,11,100.345,28,nan,0,nan,0,nan,0,nan,0,nan,0,nan,0,nan,0,nan,0
1597988888586287104,1597988889000000000,2020-08-21 13:48:09.000000,100.35,100.375,100.32,100.33,nan,100.343,2562,5141591400.0,11099,100.35,41,100.345,28,nan,0,nan,0,nan,0,nan,0,nan,0,nan,0,nan,0,nan,0
1597988889094684928,1597988889430000128,2020-08-21 13:48:09.430000,100.35,100.375,100.32,100.33,nan,100.343,2562,5141591400.0,11099,100.35,81,100.345,28,nan,0,nan,0,nan,0,nan,0,nan,0,nan,0,nan,0,nan,0
1597988905093406976,1597988905433000192,2020-08-21 13:48:25.433000,100.35,100.375,100.32,100.33,nan,100.343,2563,5143598400.0,11099,100.35,80,100.345,28,nan,0,nan,0,nan,0,nan,0,nan,0,nan,0,nan,0,nan,0
1597988905637658112,1597988906000000000,2020-08-21 13:48:26.000000,100.35,100.375,100.32,100.33,nan,100.343,2563,5143598400.0,11099,100.35,80,100.345,28,nan,0,nan,0,nan,0,nan,0,nan,0,nan,0,nan,0,nan,0
1597988906114307072,1597988906407000064,2020-08-21 13:48:26.407000,100.35,100.375,100.32,100.33,nan,100.343,2563,5143598400.0,11099,100.35,20,100.345,28,nan,0,nan,0,nan,0,nan,0,nan,0,nan,0,nan,0,nan,0
1597988906595058944,1597988907000000000,2020-08-21 13:48:27.000000,100.35,100.375,100.32,100.33,nan,100.343,2563,5143598400.0,11099,100.35,10,100.345,28,nan,0,nan,0,nan,0,nan,0,nan,0,nan,0,nan,0,nan,0
1597988907107176960,1597988907437999872,2020-08-21 13:48:27.438000,100.35,100.375,100.32,100.33,nan,100.343,2563,5143598400.0,11099,100.35,10,100.345,28,nan,0,nan,0,nan,0,nan,0,nan,0,nan,0,nan,0,nan,0
1597988914085100032,1597988914437999872,2020-08-21 13:48:34.438000,100.35,100.375,100.32,100.33,nan,100.343,2563,5143598400.0,11099,100.35,10,100.345,28,nan,0,nan,0,nan,0,nan,0,nan,0,nan,0,nan,0,nan,0
1597988914585819904,1597988915000000000,2020-08-21 13:48:35.000000,100.35,100.375,100.32,100.33,nan,100.343,2563,5143598400.0,11099,100.35,10,100.345,28,nan,0,nan,0,nan,0,nan,0,nan,0,nan,0,nan,0,nan,0
1597988916107488000,1597988916430000128,2020-08-21 13:48:36.430000,100.35,100.375,100.32,100.33,nan,100.343,2563,5143598400.0,11099,100.35,10,100.345,28,nan,0,nan,0,nan,0,nan,0,nan,0,nan,0,nan,0,nan,0
1597988921118262016,1597988921384999936,2020-08-21 13:48:41.385000,100.35,100.375,100.32,100.33,nan,100.343,2574,5165675400.0,11102,100.35,1,100.345,28,nan,0,nan,0,nan,0,nan,0,nan,0,nan,0,nan,0,nan,0
1597988922117665024,1597988922437999872,2020-08-21 13:48:42.438000,100.35,100.375,100.32,100.33,nan,100.343,2574,5165675400.0,11102,100.35,2,100.345,28,nan,0,nan,0,nan,0,nan,0,nan,0,nan,0,nan,0,nan,0
1597988923095342080,1597988923412000000,2020-08-21 13:48:43.412000,100.35,100.375,100.32,100.33,nan,100.343,2574,5165675400.0,11102,100.35,3,100.345,28,nan,0,nan,0,nan,0,nan,0,nan,0,nan,0,nan,0,nan,0
1597988923605027072,1597988924000000000,2020-08-21 13:48:44.000000,100.35,100.375,100.32,100.33,nan,100.343,2574,5165675400.0,11102,100.35,13,100.345,28,nan,0,nan,0,nan,0,nan,0,nan,0,nan,0,nan,0,nan,0
1597988936589967872,1597988937000000000,2020-08-21 13:48:57.000000,100.35,100.375,100.32,100.33,nan,100.343,2574,5165675400.0,11102,100.35,3,100.345,28,nan,0,nan,0,nan,0,nan,0,nan,0,nan,0,nan,0,nan,0
1597988941127655936,1597988941436999936,2020-08-21 13:49:01.437000,100.35,100.375,100.32,100.33,nan,100.343,2574,5165675400.0,11102,100.35,33,100.345,28,nan,0,nan,0,nan,0,nan,0,nan,0,nan,0,nan,0,nan,0
1597988941626266880,1597988942000000000,2020-08-21 13:49:02.000000,100.35,100.375,100.32,100.33,nan,100.343,2574,5165675400.0,11102,100.35,33,100.345,28,nan,0,nan,0,nan,0,nan,0,nan,0,nan,0,nan,0,nan,0
1597988943608292096,1597988944000000000,2020-08-21 13:49:04.000000,100.35,100.375,100.32,100.33,nan,100.343,2574,5165675400.0,11102,100.35,32,100.345,28,nan,0,nan,0,nan,0,nan,0,nan,0,nan,0,nan,0,nan,0
1597988950598788096,1597988951000000000,2020-08-21 13:49:11.000000,100.35,100.375,100.32,100.33,nan,100.343,2574,5165675400.0,11102,100.35,42,100.345,28,nan,0,nan,0,nan,0,nan,0,nan,0,nan,0,nan,0,nan,0
1597988951105402112,1597988951427000064,2020-08-21 13:49:11.427000,100.35,100.375,100.32,100.33,nan,100.343,2605,5227892400.0,11103,100.35,23,100.345,28,nan,0,nan,0,nan,0,nan,0,nan,0,nan,0,nan,0,nan,0
1597988951596005120,1597988952000000000,2020-08-21 13:49:12.000000,100.35,100.375,100.32,100.33,nan,100.343,2607,5231906400.0,11102,100.35,11,100.345,28,nan,0,nan,0,nan,0,nan,0,nan,0,nan,0,nan,0,nan,0
1597988952111145984,1597988952440000000,2020-08-21 13:49:12.440000,100.35,100.375,100.32,100.33,nan,100.343,2607,5231906400.0,11102,100.35,11,100.345,28,nan,0,nan,0,nan,0,nan,0,nan,0,nan,0,nan,0,nan,0
1597988953099988992,1597988953408000000,2020-08-21 13:49:13.408000,100.35,100.375,100.32,100.33,nan,100.343,2608,5233913400.0,11103,100.35,10,100.345,28,nan,0,nan,0,nan,0,nan,0,nan,0,nan,0,nan,0,nan,0
1597988953605236992,1597988954000000000,2020-08-21 13:49:14.000000,100.35,100.375,100.32,100.33,nan,100.343,2608,5233913400.0,11103,100.35,11,100.345,27,nan,0,nan,0,nan,0,nan,0,nan,0,nan,0,nan,0,nan,0
1597988954127218944,1597988954438999808,2020-08-21 13:49:14.439000,100.35,100.375,100.32,100.33,nan,100.343,2608,5233913400.0,11103,100.35,11,100.345,27,nan,0,nan,0,nan,0,nan,0,nan,0,nan,0,nan,0,nan,0
1597988954622455040,1597988955000000000,2020-08-21 13:49:15.000000,100.35,100.375,100.32,100.33,nan,100.343,2608,5233913400.0,11103,100.35,10,100.345,27,nan,0,nan,0,nan,0,nan,0,nan,0,nan,0,nan,0,nan,0
1597988955125660928,1597988955415000064,2020-08-21 13:49:15.415000,100.35,100.375,100.32,100.33,nan,100.343,2608,5233913400.0,11103,100.35,15,100.345,27,nan,0,nan,0,nan,0,nan,0,nan,0,nan,0,nan,0,nan,0
1597988967613186048,1597988968000000000,2020-08-21 13:49:28.000000,100.35,100.375,100.32,100.33,nan,100.343,2608,5233913400.0,11103,100.35,15,100.345,27,nan,0,nan,0,nan,0,nan,0,nan,0,nan,0,nan,0,nan,0
1597988999151966976,1597988999740999936,2020-08-21 13:49:59.741000,100.35,100.375,100.32,100.33,nan,100.343,2609,5235920400.0,11104,100.35,14,100.345,27,nan,0,nan,0,nan,0,nan,0,nan,0,nan,0,nan,0,nan,0
1597988999642480128,1597989000233999872,2020-08-21 13:50:00.234000,100.35,100.375,100.32,100.33,nan,100.343,2609,5235920400.0,11104,100.35,14,100.345,27,nan,0,nan,0,nan,0,nan,0,nan,0,nan,0,nan,0,nan,0
1597989002164375040,1597989002438999808,2020-08-21 13:50:02.439000,100.35,100.375,100.32,100.33,nan,100.343,2609,5235920400.0,11104,100.35,14,100.345,27,nan,0,nan,0,nan,0,nan,0,nan,0,nan,0,nan,0,nan,0
1597989002660028928,1597989003000000000,2020-08-21 13:50:03.000000,100.35,100.375,100.32,100.33,nan,100.343,2609,5235920400.0,11104,100.35,14,100.345,27,nan,0,nan,0,nan,0,nan,0,nan,0,nan,0,nan,0,nan,0
1597989003232881920,1597989003664000000,2020-08-21 13:50:03.664000,100.35,100.375,100.32,100.33,nan,100.343,2609,5235920400.0,11104,100.35,14,100.345,27,nan,0,nan,0,nan,0,nan,0,nan,0,nan,0,nan,0,nan,0
1597989008042452992,1597989008433000192,2020-08-21 13:50:08.433000,100.35,100.375,100.32,100.33,nan,100.343,2609,5235920400.0,11104,100.35,14,100.345,27,nan,0,nan,0,nan,0,nan,0,nan,0,nan,0,nan,0,nan,0
1597989009037349120,1597989009434000128,2020-08-21 13:50:09.434000,100.35,100.375,100.32,100.33,nan,100.343,2609,5235920400.0,11104,100.35,14,100.345,27,nan,0,nan,0,nan,0,nan,0,nan,0,nan,0,nan,0,nan,0
1597989009559892992,1597989010000000000,2020-08-21 13:50:10.000000,100.35,100.375,100.32,100.33,nan,100.343,2609,5235920400.0,11104,100.35,15,100.345,27,nan,0,nan,0,nan,0,nan,0,nan,0,nan,0,nan,0,nan,0
1597989010037099008,1597989010436000000,2020-08-21 13:50:10.436000,100.35,100.375,100.32,100.33,nan,100.343,2609,5235920400.0,11104,100.35,15,100.345,27,nan,0,nan,0,nan,0,nan,0,nan,0,nan,0,nan,0,nan,0
1597989011546810112,1597989012000000000,2020-08-21 13:50:12.000000,100.35,100.375,100.32,100.33,nan,100.343,2609,5235920400.0,11104,100.35,15,100.345,27,nan,0,nan,0,nan,0,nan,0,nan,0,nan,0,nan,0,nan,0
1597989039560200960,1597989040000000000,2020-08-21 13:50:40.000000,100.35,100.375,100.32,100.33,nan,100.343,2609,5235920400.0,11104,100.35,45,100.345,27,nan,0,nan,0,nan,0,nan,0,nan,0,nan,0,nan,0,nan,0
1597989040052588032,1597989040432000000,2020-08-21 13:50:40.432000,100.35,100.375,100.32,100.33,nan,100.343,2609,5235920400.0,11104,100.35,55,100.345,27,nan,0,nan,0,nan,0,nan,0,nan,0,nan,0,nan,0,nan,0
1597989041050788096,1597989041434000128,2020-08-21 13:50:41.434000,100.35,100.375,100.32,100.33,nan,100.343,2609,5235920400.0,11104,100.35,85,100.345,27,nan,0,nan,0,nan,0,nan,0,nan,0,nan,0,nan,0,nan,0
1597989047563456000,1597989048000000000,2020-08-21 13:50:48.000000,100.35,100.375,100.32,100.33,nan,100.343,2610,5237927400.0,11105,100.35,84,100.345,27,nan,0,nan,0,nan,0,nan,0,nan,0,nan,0,nan,0,nan,0
1597989048078313984,1597989048438999808,2020-08-21 13:50:48.439000,100.35,100.375,100.32,100.33,nan,100.343,2610,5237927400.0,11105,100.35,24,100.345,27,nan,0,nan,0,nan,0,nan,0,nan,0,nan,0,nan,0,nan,0
1597989048553313024,1597989049000000000,2020-08-21 13:50:49.000000,100.35,100.375,100.32,100.33,nan,100.343,2610,5237927400.0,11105,100.35,14,100.345,27,nan,0,nan,0,nan,0,nan,0,nan,0,nan,0,nan,0,nan,0
1597989049060439040,1597989049424999936,2020-08-21 13:50:49.425000,100.35,100.375,100.32,100.33,nan,100.343,2610,5237927400.0,11105,100.35,14,100.345,27,nan,0,nan,0,nan,0,nan,0,nan,0,nan,0,nan,0,nan,0
1597989050085878016,1597989050428999936,2020-08-21 13:50:50.429000,100.35,100.375,100.32,100.33,nan,100.343,2610,5237927400.0,11105,100.35,14,100.345,27,nan,0,nan,0,nan,0,nan,0,nan,0,nan,0,nan,0,nan,0
1597989050565661952,1597989051000000000,2020-08-21 13:50:51.000000,100.35,100.375,100.32,100.33,nan,100.343,2610,5237927400.0,11105,100.35,14,100.345,27,nan,0,nan,0,nan,0,nan,0,nan,0,nan,0,nan,0,nan,0
1597989059060108032,1597989059433000192,2020-08-21 13:50:59.433000,100.35,100.375,100.32,100.33,nan,100.343,2623,5264018400.0,11118,100.355,64,100.35,1,nan,0,nan,0,nan,0,nan,0,nan,0,nan,0,nan,0,nan,0
1597989059576069888,1597989060000000000,2020-08-21 13:51:00.000000,100.35,100.375,100.32,100.33,nan,100.343,2623,5264018400.0,11118,100.355,32,100.35,4,nan,0,nan,0,nan,0,nan,0,nan,0,nan,0,nan,0,nan,0
1597989060057379072,1597989060432000000,2020-08-21 13:51:00.432000,100.35,100.375,100.32,100.33,nan,100.343,2623,5264018400.0,11118,100.355,23,100.35,9,nan,0,nan,0,nan,0,nan,0,nan,0,nan,0,nan,0,nan,0
1597989060576497920,1597989061000000000,2020-08-21 13:51:01.000000,100.35,100.375,100.32,100.33,nan,100.343,2623,5264018400.0,11118,100.355,23,100.35,9,nan,0,nan,0,nan,0,nan,0,nan,0,nan,0,nan,0,nan,0
1597989061566171904,1597989062000000000,2020-08-21 13:51:02.000000,100.35,100.375,100.32,100.33,nan,100.343,2623,5264018400.0,11118,100.355,13,100.35,9,nan,0,nan,0,nan,0,nan,0,nan,0,nan,0,nan,0,nan,0
1597989062103625984,1597989062434000128,2020-08-21 13:51:02.434000,100.35,100.375,100.32,100.33,nan,100.343,2623,5264018400.0,11118,100.355,12,100.35,9,nan,0,nan,0,nan,0,nan,0,nan,0,nan,0,nan,0,nan,0
1597989072592750080,1597989073000000000,2020-08-21 13:51:13.000000,100.35,100.375,100.32,100.33,nan,100.343,2623,5264018400.0,11118,100.355,12,100.35,19,nan,0,nan,0,nan,0,nan,0,nan,0,nan,0,nan,0,nan,0
1597989074575640064,1597989075000000000,2020-08-21 13:51:15.000000,100.35,100.375,100.32,100.33,nan,100.343,2623,5264018400.0,11118,100.355,12,100.35,19,nan,0,nan,0,nan,0,nan,0,nan,0,nan,0,nan,0,nan,0
1597989075627409920,1597989076000000000,2020-08-21 13:51:16.000000,100.35,100.375,100.32,100.33,nan,100.343,2623,5264018400.0,11118,100.355,12,100.35,19,nan,0,nan,0,nan,0,nan,0,nan,0,nan,0,nan,0,nan,0
1597989093084968960,1597989093432000000,2020-08-21 13:51:33.432000,100.355,100.375,100.32,100.33,nan,100.343,2624,5266025500.0,11118,100.355,11,100.35,19,nan,0,nan,0,nan,0,nan,0,nan,0,nan,0,nan,0,nan,0
1597989093587695104,1597989094000000000,2020-08-21 13:51:34.000000,100.355,100.375,100.32,100.33,nan,100.343,2624,5266025500.0,11118,100.355,9,100.35,23,nan,0,nan,0,nan,0,nan,0,nan,0,nan,0,nan,0,nan,0
1597989094080549120,1597989094424000000,2020-08-21 13:51:34.424000,100.355,100.375,100.32,100.33,nan,100.343,2624,5266025500.0,11118,100.355,9,100.35,23,nan,0,nan,0,nan,0,nan,0,nan,0,nan,0,nan,0,nan,0
1597989094591877120,1597989095000000000,2020-08-21 13:51:35.000000,100.355,100.375,100.32,100.33,nan,100.343,2624,5266025500.0,11118,100.355,9,100.35,23,nan,0,nan,0,nan,0,nan,0,nan,0,nan,0,nan,0,nan,0
1597989095084392960,1597989095432000000,2020-08-21 13:51:35.432000,100.355,100.375,100.32,100.33,nan,100.343,2624,5266025500.0,11118,100.355,9,100.35,23,nan,0,nan,0,nan,0,nan,0,nan,0,nan,0,nan,0,nan,0
1597989095592039936,1597989096000000000,2020-08-21 13:51:36.000000,100.355,100.375,100.32,100.33,nan,100.343,2624,5266025500.0,11118,100.355,9,100.35,23,nan,0,nan,0,nan,0,nan,0,nan,0,nan,0,nan,0,nan,0
1597989096115388928,1597989096433000192,2020-08-21 13:51:36.433000,100.355,100.375,100.32,100.33,nan,100.343,2624,5266025500.0,11118,100.355,9,100.35,23,nan,0,nan,0,nan,0,nan,0,nan,0,nan,0,nan,0,nan,0
1597989096587742976,1597989097000000000,2020-08-21 13:51:37.000000,100.355,100.375,100.32,100.33,nan,100.343,2624,5266025500.0,11118,100.355,9,100.35,23,nan,0,nan,0,nan,0,nan,0,nan,0,nan,0,nan,0,nan,0
1597989097076414976,1597989097424000000,2020-08-21 13:51:37.424000,100.355,100.375,100.32,100.33,nan,100.343,2624,5266025500.0,11118,100.355,9,100.35,23,nan,0,nan,0,nan,0,nan,0,nan,0,nan,0,nan,0,nan,0
1597989097580033024,1597989098000000000,2020-08-21 13:51:38.000000,100.355,100.375,100.32,100.33,nan,100.343,2624,5266025500.0,11118,100.355,9,100.35,23,nan,0,nan,0,nan,0,nan,0,nan,0,nan,0,nan,0,nan,0
1597989098073978112,1597989098395000064,2020-08-21 13:51:38.395000,100.355,100.375,100.32,100.33,nan,100.343,2624,5266025500.0,11118,100.355,9,100.35,23,nan,0,nan,0,nan,0,nan,0,nan,0,nan,0,nan,0,nan,0
1597989098595115008,1597989099000000000,2020-08-21 13:51:39.000000,100.355,100.375,100.32,100.33,nan,100.343,2624,5266025500.0,11118,100.355,9,100.35,23,nan,0,nan,0,nan,0,nan,0,nan,0,nan,0,nan,0,nan,0
1597989099094064128,1597989099428999936,2020-08-21 13:51:39.429000,100.355,100.375,100.32,100.33,nan,100.343,2624,5266025500.0,11118,100.355,9,100.35,23,nan,0,nan,0,nan,0,nan,0,nan,0,nan,0,nan,0,nan,0
1597989100082224128,1597989100434000128,2020-08-21 13:51:40.434000,100.355,100.375,100.32,100.33,nan,100.343,2624,5266025500.0,11118,100.355,19,100.35,23,nan,0,nan,0,nan,0,nan,0,nan,0,nan,0,nan,0,nan,0
1597989105606264064,1597989106000000000,2020-08-21 13:51:46.000000,100.355,100.375,100.32,100.33,nan,100.343,2624,5266025500.0,11118,100.355,19,100.35,23,nan,0,nan,0,nan,0,nan,0,nan,0,nan,0,nan,0,nan,0
1597989126613176064,1597989127000000000,2020-08-21 13:52:07.000000,100.355,100.375,100.32,100.33,nan,100.343,2624,5266025500.0,11118,100.355,20,100.35,23,nan,0,nan,0,nan,0,nan,0,nan,0,nan,0,nan,0,nan,0
1597989127092235008,1597989127438999808,2020-08-21 13:52:07.439000,100.355,100.375,100.32,100.33,nan,100.343,2624,5266025500.0,11118,100.355,19,100.35,23,nan,0,nan,0,nan,0,nan,0,nan,0,nan,0,nan,0,nan,0
1597989127592107008,1597989128000000000,2020-08-21 13:52:08.000000,100.355,100.375,100.32,100.33,nan,100.343,2624,5266025500.0,11118,100.355,19,100.35,23,nan,0,nan,0,nan,0,nan,0,nan,0,nan,0,nan,0,nan,0
1597989129119227904,1597989129427000064,2020-08-21 13:52:09.427000,100.355,100.375,100.32,100.33,nan,100.343,2624,5266025500.0,11118,100.355,19,100.35,23,nan,0,nan,0,nan,0,nan,0,nan,0,nan,0,nan,0,nan,0
1597989130103662080,1597989130436000000,2020-08-21 13:52:10.436000,100.355,100.375,100.32,100.33,nan,100.343,2624,5266025500.0,11118,100.355,19,100.35,23,nan,0,nan,0,nan,0,nan,0,nan,0,nan,0,nan,0,nan,0
1597989132138407936,1597989132424000000,2020-08-21 13:52:12.424000,100.355,100.375,100.32,100.33,nan,100.343,2624,5266025500.0,11118,100.355,19,100.35,23,nan,0,nan,0,nan,0,nan,0,nan,0,nan,0,nan,0,nan,0
1597989132597081088,1597989133000000000,2020-08-21 13:52:13.000000,100.355,100.375,100.32,100.33,nan,100.343,2624,5266025500.0,11118,100.355,19,100.35,23,nan,0,nan,0,nan,0,nan,0,nan,0,nan,0,nan,0,nan,0
1597989133093757952,1597989133430000128,2020-08-21 13:52:13.430000,100.355,100.375,100.32,100.33,nan,100.343,2624,5266025500.0,11118,100.355,19,100.35,23,nan,0,nan,0,nan,0,nan,0,nan,0,nan,0,nan,0,nan,0
1597989141111375104,1597989141435000064,2020-08-21 13:52:21.435000,100.355,100.375,100.32,100.33,nan,100.343,2625,5268032600.0,11119,100.355,18,100.35,23,nan,0,nan,0,nan,0,nan,0,nan,0,nan,0,nan,0,nan,0
1597989141607606016,1597989142000000000,2020-08-21 13:52:22.000000,100.355,100.375,100.32,100.33,nan,100.343,2625,5268032600.0,11119,100.355,18,100.35,24,nan,0,nan,0,nan,0,nan,0,nan,0,nan,0,nan,0,nan,0
1597989153634085888,1597989154000000000,2020-08-21 13:52:34.000000,100.355,100.375,100.32,100.33,nan,100.343,2625,5268032600.0,11119,100.355,18,100.35,27,nan,0,nan,0,nan,0,nan,0,nan,0,nan,0,nan,0,nan,0
1597989189537008128,1597989189935000064,2020-08-21 13:53:09.935000,100.355,100.375,100.32,100.33,nan,100.343,2626,5270039700.0,11120,100.355,17,100.35,27,nan,0,nan,0,nan,0,nan,0,nan,0,nan,0,nan,0,nan,0
1597989235547279104,1597989235931000064,2020-08-21 13:53:55.931000,100.355,100.375,100.32,100.33,nan,100.343,2627,5272046800.0,11121,100.355,16,100.35,27,nan,0,nan,0,nan,0,nan,0,nan,0,nan,0,nan,0,nan,0
1597989242556805888,1597989242921999872,2020-08-21 13:54:02.922000,100.355,100.375,100.32,100.33,nan,100.343,2627,5272046800.0,11121,100.355,18,100.35,27,nan,0,nan,0,nan,0,nan,0,nan,0,nan,0,nan,0,nan,0
1597989243059578880,1597989243428000000,2020-08-21 13:54:03.428000,100.35,100.375,100.32,100.33,nan,100.343,2629,5276060800.0,11120,100.355,18,100.35,26,nan,0,nan,0,nan,0,nan,0,nan,0,nan,0,nan,0,nan,0
1597989243560072960,1597989243920000000,2020-08-21 13:54:03.920000,100.35,100.375,100.32,100.33,nan,100.343,2629,5276060800.0,11120,100.355,20,100.35,23,nan,0,nan,0,nan,0,nan,0,nan,0,nan,0,nan,0,nan,0
1597989244057559040,1597989244436999936,2020-08-21 13:54:04.437000,100.35,100.375,100.32,100.33,nan,100.343,2629,5276060800.0,11120,100.355,21,100.35,23,nan,0,nan,0,nan,0,nan,0,nan,0,nan,0,nan,0,nan,0
1597989244561916928,1597989244920999936,2020-08-21 13:54:04.921000,100.35,100.375,100.32,100.33,nan,100.343,2629,5276060800.0,11120,100.355,21,100.35,23,nan,0,nan,0,nan,0,nan,0,nan,0,nan,0,nan,0,nan,0
1597989245101135104,1597989245416999936,2020-08-21 13:54:05.417000,100.35,100.375,100.32,100.33,nan,100.343,2629,5276060800.0,11120,100.355,21,100.35,23,nan,0,nan,0,nan,0,nan,0,nan,0,nan,0,nan,0,nan,0
1597989245576142080,1597989245934000128,2020-08-21 13:54:05.934000,100.35,100.375,100.32,100.33,nan,100.343,2629,5276060800.0,11120,100.355,21,100.35,23,nan,0,nan,0,nan,0,nan,0,nan,0,nan,0,nan,0,nan,0
1597989246094237952,1597989246436999936,2020-08-21 13:54:06.437000,100.35,100.375,100.32,100.33,nan,100.343,2629,5276060800.0,11120,100.355,21,100.35,23,nan,0,nan,0,nan,0,nan,0,nan,0,nan,0,nan,0,nan,0
1597989250071803904,1597989250434000128,2020-08-21 13:54:10.434000,100.35,100.375,100.32,100.33,nan,100.343,2629,5276060800.0,11120,100.355,21,100.35,23,nan,0,nan,0,nan,0,nan,0,nan,0,nan,0,nan,0,nan,0
1597989251085500928,1597989251436000000,2020-08-21 13:54:11.436000,100.35,100.375,100.32,100.33,nan,100.343,2629,5276060800.0,11120,100.355,21,100.35,23,nan,0,nan,0,nan,0,nan,0,nan,0,nan,0,nan,0,nan,0
1597989253092741888,1597989253428999936,2020-08-21 13:54:13.429000,100.35,100.375,100.32,100.33,nan,100.343,2629,5276060800.0,11120,100.355,51,100.35,23,nan,0,nan,0,nan,0,nan,0,nan,0,nan,0,nan,0,nan,0
1597989253588797952,1597989253934000128,2020-08-21 13:54:13.934000,100.35,100.375,100.32,100.33,nan,100.343,2629,5276060800.0,11120,100.355,61,100.35,23,nan,0,nan,0,nan,0,nan,0,nan,0,nan,0,nan,0,nan,0
1597989255105318912,1597989255432000000,2020-08-21 13:54:15.432000,100.35,100.375,100.32,100.33,nan,100.343,2629,5276060800.0,11120,100.355,59,100.35,23,nan,0,nan,0,nan,0,nan,0,nan,0,nan,0,nan,0,nan,0
1597989255571469056,1597989255931000064,2020-08-21 13:54:15.931000,100.35,100.375,100.32,100.33,nan,100.343,2629,5276060800.0,11120,100.355,90,100.35,23,nan,0,nan,0,nan,0,nan,0,nan,0,nan,0,nan,0,nan,0
1597989260081432064,1597989260431000064,2020-08-21 13:54:20.431000,100.355,100.375,100.32,100.33,nan,100.344,2636,5290110500.0,11126,100.355,83,100.35,23,nan,0,nan,0,nan,0,nan,0,nan,0,nan,0,nan,0,nan,0
1597989260578627072,1597989260934000128,2020-08-21 13:54:20.934000,100.355,100.375,100.32,100.33,nan,100.344,2637,5292117600.0,11125,100.355,20,100.35,26,nan,0,nan,0,nan,0,nan,0,nan,0,nan,0,nan,0,nan,0
1597989261085444096,1597989261432000000,2020-08-21 13:54:21.432000,100.355,100.375,100.32,100.33,nan,100.344,2637,5292117600.0,11125,100.355,11,100.35,27,nan,0,nan,0,nan,0,nan,0,nan,0,nan,0,nan,0,nan,0
1597989261575902976,1597989261936999936,2020-08-21 13:54:21.937000,100.355,100.375,100.32,100.33,nan,100.344,2637,5292117600.0,11125,100.355,13,100.35,27,nan,0,nan,0,nan,0,nan,0,nan,0,nan,0,nan,0,nan,0
1597989264580409088,1597989264935000064,2020-08-21 13:54:24.935000,100.355,100.375,100.32,100.33,nan,100.344,2637,5292117600.0,11125,100.355,13,100.35,27,nan,0,nan,0,nan,0,nan,0,nan,0,nan,0,nan,0,nan,0
1597989271087205888,1597989271434000128,2020-08-21 13:54:31.434000,100.355,100.375,100.32,100.33,nan,100.344,2638,5294124700.0,11125,100.355,12,100.35,27,nan,0,nan,0,nan,0,nan,0,nan,0,nan,0,nan,0,nan,0
1597989283088368128,1597989283418999808,2020-08-21 13:54:43.419000,100.355,100.375,100.32,100.33,nan,100.344,2639,5296131800.0,11125,100.355,11,100.35,27,nan,0,nan,0,nan,0,nan,0,nan,0,nan,0,nan,0,nan,0
1597989289609552896,1597989289934000128,2020-08-21 13:54:49.934000,100.355,100.375,100.32,100.33,nan,100.344,2639,5296131800.0,11125,100.355,11,100.35,27,nan,0,nan,0,nan,0,nan,0,nan,0,nan,0,nan,0,nan,0
1597989302595333120,1597989302934000128,2020-08-21 13:55:02.934000,100.355,100.375,100.32,100.33,nan,100.344,2639,5296131800.0,11125,100.355,11,100.35,27,nan,0,nan,0,nan,0,nan,0,nan,0,nan,0,nan,0,nan,0
1597989307095810048,1597989307437999872,2020-08-21 13:55:07.438000,100.355,100.375,100.32,100.33,nan,100.344,2639,5296131800.0,11125,100.355,11,100.35,37,nan,0,nan,0,nan,0,nan,0,nan,0,nan,0,nan,0,nan,0
1597989322616886016,1597989322936000000,2020-08-21 13:55:22.936000,100.355,100.375,100.32,100.33,nan,100.344,2639,5296131800.0,11125,100.355,11,100.35,37,nan,0,nan,0,nan,0,nan,0,nan,0,nan,0,nan,0,nan,0
1597989327154665984,1597989327435000064,2020-08-21 13:55:27.435000,100.355,100.375,100.32,100.33,nan,100.344,2639,5296131800.0,11125,100.355,11,100.35,37,nan,0,nan,0,nan,0,nan,0,nan,0,nan,0,nan,0,nan,0
1597989327607694080,1597989327932000000,2020-08-21 13:55:27.932000,100.355,100.375,100.32,100.33,nan,100.344,2639,5296131800.0,11125,100.355,10,100.35,37,nan,0,nan,0,nan,0,nan,0,nan,0,nan,0,nan,0,nan,0
1597989329109850880,1597989329437999872,2020-08-21 13:55:29.438000,100.355,100.375,100.32,100.33,nan,100.344,2640,5298138900.0,11125,100.355,9,100.35,37,nan,0,nan,0,nan,0,nan,0,nan,0,nan,0,nan,0,nan,0
1597989329603660032,1597989329934000128,2020-08-21 13:55:29.934000,100.355,100.375,100.32,100.33,nan,100.344,2640,5298138900.0,11125,100.355,9,100.35,37,nan,0,nan,0,nan,0,nan,0,nan,0,nan,0,nan,0,nan,0
1597989334105454080,1597989334431000064,2020-08-21 13:55:34.431000,100.355,100.375,100.32,100.33,nan,100.344,2640,5298138900.0,11125,100.355,9,100.35,37,nan,0,nan,0,nan,0,nan,0,nan,0,nan,0,nan,0,nan,0
1597989335122968064,1597989335434000128,2020-08-21 13:55:35.434000,100.355,100.375,100.32,100.33,nan,100.344,2640,5298138900.0,11125,100.355,34,100.35,37,nan,0,nan,0,nan,0,nan,0,nan,0,nan,0,nan,0,nan,0
1597989348107776000,1597989348436000000,2020-08-21 13:55:48.436000,100.355,100.375,100.32,100.33,nan,100.344,2640,5298138900.0,11125,100.355,35,100.35,37,nan,0,nan,0,nan,0,nan,0,nan,0,nan,0,nan,0,nan,0
1597989353196346112,1597989353437999872,2020-08-21 13:55:53.438000,100.35,100.375,100.32,100.33,nan,100.344,2641,5300145900.0,11125,100.355,34,100.35,36,nan,0,nan,0,nan,0,nan,0,nan,0,nan,0,nan,0,nan,0
1597989353612096000,1597989353901999872,2020-08-21 13:55:53.902000,100.35,100.375,100.32,100.33,nan,100.344,2641,5300145900.0,11125,100.355,36,100.35,33,nan,0,nan,0,nan,0,nan,0,nan,0,nan,0,nan,0,nan,0
1597989354143991040,1597989354435000064,2020-08-21 13:55:54.435000,100.35,100.375,100.32,100.33,nan,100.344,2641,5300145900.0,11125,100.355,36,100.35,33,nan,0,nan,0,nan,0,nan,0,nan,0,nan,0,nan,0,nan,0
1597989361615214080,1597989361931000064,2020-08-21 13:56:01.931000,100.35,100.375,100.32,100.33,nan,100.344,2642,5302152900.0,11124,100.355,36,100.35,32,nan,0,nan,0,nan,0,nan,0,nan,0,nan,0,nan,0,nan,0
1597989363147440128,1597989363430000128,2020-08-21 13:56:03.430000,100.35,100.375,100.32,100.33,nan,100.344,2642,5302152900.0,11124,100.355,36,100.35,33,nan,0,nan,0,nan,0,nan,0,nan,0,nan,0,nan,0,nan,0
1597989370651629056,1597989370936000000,2020-08-21 13:56:10.936000,100.35,100.375,100.32,100.33,nan,100.344,2642,5302152900.0,11124,100.355,36,100.35,33,nan,0,nan,0,nan,0,nan,0,nan,0,nan,0,nan,0,nan,0
1597989371184453888,1597989371397000192,2020-08-21 13:56:11.397000,100.35,100.375,100.32,100.33,nan,100.344,2642,5302152900.0,11124,100.355,36,100.35,33,nan,0,nan,0,nan,0,nan,0,nan,0,nan,0,nan,0,nan,0
1597989371633935872,1597989371936999936,2020-08-21 13:56:11.937000,100.35,100.375,100.32,100.33,nan,100.344,2642,5302152900.0,11124,100.355,36,100.35,33,nan,0,nan,0,nan,0,nan,0,nan,0,nan,0,nan,0,nan,0
1597989377170551040,1597989377437999872,2020-08-21 13:56:17.438000,100.355,100.375,100.32,100.33,nan,100.344,2643,5304160000.0,11124,100.355,35,100.35,33,nan,0,nan,0,nan,0,nan,0,nan,0,nan,0,nan,0,nan,0
1597989377631592960,1597989377937999872,2020-08-21 13:56:17.938000,100.355,100.375,100.32,100.33,nan,100.344,2643,5304160000.0,11124,100.355,32,100.35,35,nan,0,nan,0,nan,0,nan,0,nan,0,nan,0,nan,0,nan,0
1597989378182671872,1597989378580000000,2020-08-21 13:56:18.580000,100.355,100.375,100.32,100.33,nan,100.344,2643,5304160000.0,11124,100.355,32,100.35,36,nan,0,nan,0,nan,0,nan,0,nan,0,nan,0,nan,0,nan,0
1597989378641626112,1597989379232999936,2020-08-21 13:56:19.233000,100.355,100.375,100.32,100.33,nan,100.344,2643,5304160000.0,11124,100.355,32,100.35,36,nan,0,nan,0,nan,0,nan,0,nan,0,nan,0,nan,0,nan,0
1597989379539674880,1597989379928999936,2020-08-21 13:56:19.929000,100.355,100.375,100.32,100.33,nan,100.344,2643,5304160000.0,11124,100.355,32,100.35,36,nan,0,nan,0,nan,0,nan,0,nan,0,nan,0,nan,0,nan,0
1597989383030278912,1597989383384999936,2020-08-21 13:56:23.385000,100.355,100.375,100.32,100.33,nan,100.344,2643,5304160000.0,11124,100.355,32,100.35,36,nan,0,nan,0,nan,0,nan,0,nan,0,nan,0,nan,0,nan,0
1597989383528788992,1597989383938999808,2020-08-21 13:56:23.939000,100.355,100.375,100.32,100.33,nan,100.344,2643,5304160000.0,11124,100.355,32,100.35,36,nan,0,nan,0,nan,0,nan,0,nan,0,nan,0,nan,0,nan,0
1597989384032363008,1597989384400999936,2020-08-21 13:56:24.401000,100.355,100.375,100.32,100.33,nan,100.344,2643,5304160000.0,11124,100.355,32,100.35,36,nan,0,nan,0,nan,0,nan,0,nan,0,nan,0,nan,0,nan,0
1597989387550848000,1597989387934000128,2020-08-21 13:56:27.934000,100.35,100.375,100.32,100.33,nan,100.344,2644,5306167000.0,11124,100.355,33,100.35,35,nan,0,nan,0,nan,0,nan,0,nan,0,nan,0,nan,0,nan,0
1597989388032080896,1597989388434000128,2020-08-21 13:56:28.434000,100.35,100.375,100.32,100.33,nan,100.344,2645,5308174000.0,11124,100.355,37,100.35,31,nan,0,nan,0,nan,0,nan,0,nan,0,nan,0,nan,0,nan,0
1597989388555866880,1597989388934000128,2020-08-21 13:56:28.934000,100.35,100.375,100.32,100.33,nan,100.344,2647,5312188000.0,11124,100.355,35,100.35,29,nan,0,nan,0,nan,0,nan,0,nan,0,nan,0,nan,0,nan,0
1597989389532384000,1597989389926000128,2020-08-21 13:56:29.926000,100.355,100.375,100.32,100.33,nan,100.344,2651,5320216400.0,11124,100.355,31,100.35,29,nan,0,nan,0,nan,0,nan,0,nan,0,nan,0,nan,0,nan,0
1597989390033656064,1597989390364000000,2020-08-21 13:56:30.364000,100.355,100.375,100.32,100.33,nan,100.344,2651,5320216400.0,11124,100.355,28,100.35,36,nan,0,nan,0,nan,0,nan,0,nan,0,nan,0,nan,0,nan,0
1597989390538509056,1597989390936999936,2020-08-21 13:56:30.937000,100.355,100.375,100.32,100.33,nan,100.344,2651,5320216400.0,11124,100.355,28,100.35,37,nan,0,nan,0,nan,0,nan,0,nan,0,nan,0,nan,0,nan,0
1597989395036571904,1597989395435000064,2020-08-21 13:56:35.435000,100.355,100.375,100.32,100.33,nan,100.344,2651,5320216400.0,11124,100.355,28,100.35,37,nan,0,nan,0,nan,0,nan,0,nan,0,nan,0,nan,0,nan,0
1597989395541085952,1597989395920999936,2020-08-21 13:56:35.921000,100.355,100.375,100.32,100.33,nan,100.344,2651,5320216400.0,11124,100.355,28,100.35,37,nan,0,nan,0,nan,0,nan,0,nan,0,nan,0,nan,0,nan,0
1597989396037889024,1597989396413000192,2020-08-21 13:56:36.413000,100.355,100.375,100.32,100.33,nan,100.344,2651,5320216400.0,11124,100.355,28,100.35,37,nan,0,nan,0,nan,0,nan,0,nan,0,nan,0,nan,0,nan,0
1597989406539986944,1597989406878000128,2020-08-21 13:56:46.878000,100.355,100.375,100.32,100.33,nan,100.344,2651,5320216400.0,11124,100.355,28,100.35,37,nan,0,nan,0,nan,0,nan,0,nan,0,nan,0,nan,0,nan,0
1597989407048602880,1597989407433000192,2020-08-21 13:56:47.433000,100.355,100.375,100.32,100.33,nan,100.344,2651,5320216400.0,11124,100.355,28,100.35,37,nan,0,nan,0,nan,0,nan,0,nan,0,nan,0,nan,0,nan,0
1597989407547723008,1597989407935000064,2020-08-21 13:56:47.935000,100.355,100.375,100.32,100.33,nan,100.344,2651,5320216400.0,11124,100.355,28,100.35,37,nan,0,nan,0,nan,0,nan,0,nan,0,nan,0,nan,0,nan,0
1597989408039869952,1597989408413000192,2020-08-21 13:56:48.413000,100.355,100.375,100.32,100.33,nan,100.344,2651,5320216400.0,11124,100.355,28,100.35,37,nan,0,nan,0,nan,0,nan,0,nan,0,nan,0,nan,0,nan,0
1597989413046803968,1597989413428000000,2020-08-21 13:56:53.428000,100.355,100.375,100.32,100.33,nan,100.344,2651,5320216400.0,11124,100.355,58,100.35,37,nan,0,nan,0,nan,0,nan,0,nan,0,nan,0,nan,0,nan,0
1597989413545681920,1597989413916000000,2020-08-21 13:56:53.916000,100.355,100.375,100.32,100.33,nan,100.344,2651,5320216400.0,11124,100.355,68,100.35,37,nan,0,nan,0,nan,0,nan,0,nan,0,nan,0,nan,0,nan,0
1597989414540305920,1597989414936000000,2020-08-21 13:56:54.936000,100.355,100.375,100.32,100.33,nan,100.344,2651,5320216400.0,11124,100.355,98,100.35,37,nan,0,nan,0,nan,0,nan,0,nan,0,nan,0,nan,0,nan,0
1597989419045179904,1597989419431000064,2020-08-21 13:56:59.431000,100.355,100.375,100.32,100.33,nan,100.344,2651,5320216400.0,11124,100.355,98,100.35,37,nan,0,nan,0,nan,0,nan,0,nan,0,nan,0,nan,0,nan,0
1597989419548765952,1597989419904999936,2020-08-21 13:56:59.905000,100.355,100.375,100.32,100.33,nan,100.344,2651,5320216400.0,11124,100.355,98,100.35,37,nan,0,nan,0,nan,0,nan,0,nan,0,nan,0,nan,0,nan,0
1597989420041385984,1597989420435000064,2020-08-21 13:57:00.435000,100.355,100.375,100.32,100.33,nan,100.344,2651,5320216400.0,11124,100.355,98,100.35,37,nan,0,nan,0,nan,0,nan,0,nan,0,nan,0,nan,0,nan,0
1597989422079816960,1597989422436000000,2020-08-21 13:57:02.436000,100.355,100.375,100.32,100.33,nan,100.344,2651,5320216400.0,11124,100.355,68,100.35,37,nan,0,nan,0,nan,0,nan,0,nan,0,nan,0,nan,0,nan,0
1597989422557014016,1597989422927000064,2020-08-21 13:57:02.927000,100.355,100.375,100.32,100.33,nan,100.344,2651,5320216400.0,11124,100.355,38,100.35,37,nan,0,nan,0,nan,0,nan,0,nan,0,nan,0,nan,0,nan,0
1597989423049089024,1597989423432000000,2020-08-21 13:57:03.432000,100.355,100.375,100.32,100.33,nan,100.344,2651,5320216400.0,11124,100.355,28,100.35,37,nan,0,nan,0,nan,0,nan,0,nan,0,nan,0,nan,0,nan,0
1597989423549210880,1597989423935000064,2020-08-21 13:57:03.935000,100.355,100.375,100.32,100.33,nan,100.344,2653,5324230600.0,11125,100.355,27,100.35,37,nan,0,nan,0,nan,0,nan,0,nan,0,nan,0,nan,0,nan,0
1597989425552505088,1597989425928999936,2020-08-21 13:57:05.929000,100.355,100.375,100.32,100.33,nan,100.344,2653,5324230600.0,11125,100.355,28,100.35,37,nan,0,nan,0,nan,0,nan,0,nan,0,nan,0,nan,0,nan,0
1597989431083314944,1597989431424000000,2020-08-21 13:57:11.424000,100.355,100.375,100.32,100.33,nan,100.344,2653,5324230600.0,11125,100.355,28,100.35,37,nan,0,nan,0,nan,0,nan,0,nan,0,nan,0,nan,0,nan,0
1597989431559492096,1597989431936000000,2020-08-21 13:57:11.936000,100.355,100.375,100.32,100.33,nan,100.344,2653,5324230600.0,11125,100.355,28,100.35,37,nan,0,nan,0,nan,0,nan,0,nan,0,nan,0,nan,0,nan,0
1597989432086408960,1597989432435000064,2020-08-21 13:57:12.435000,100.355,100.375,100.32,100.33,nan,100.344,2653,5324230600.0,11125,100.355,28,100.35,37,nan,0,nan,0,nan,0,nan,0,nan,0,nan,0,nan,0,nan,0
1597989443082001920,1597989443427000064,2020-08-21 13:57:23.427000,100.355,100.375,100.32,100.33,nan,100.344,2653,5324230600.0,11125,100.355,28,100.35,37,nan,0,nan,0,nan,0,nan,0,nan,0,nan,0,nan,0,nan,0
1597989443562215936,1597989443917999872,2020-08-21 13:57:23.918000,100.355,100.375,100.32,100.33,nan,100.344,2653,5324230600.0,11125,100.355,28,100.35,37,nan,0,nan,0,nan,0,nan,0,nan,0,nan,0,nan,0,nan,0
1597989444079495936,1597989444405999872,2020-08-21 13:57:24.406000,100.355,100.375,100.32,100.33,nan,100.344,2653,5324230600.0,11125,100.355,28,100.35,37,nan,0,nan,0,nan,0,nan,0,nan,0,nan,0,nan,0,nan,0
1597989451067283968,1597989451438999808,2020-08-21 13:57:31.439000,100.35,100.375,100.32,100.33,nan,100.344,2655,5328244600.0,11123,100.355,28,100.35,35,nan,0,nan,0,nan,0,nan,0,nan,0,nan,0,nan,0,nan,0
1597989451578353920,1597989451932000000,2020-08-21 13:57:31.932000,100.35,100.375,100.32,100.33,nan,100.344,2655,5328244600.0,11123,100.355,30,100.35,32,nan,0,nan,0,nan,0,nan,0,nan,0,nan,0,nan,0,nan,0
1597989452079994112,1597989452436000000,2020-08-21 13:57:32.436000,100.35,100.375,100.32,100.33,nan,100.344,2655,5328244600.0,11123,100.355,31,100.35,32,nan,0,nan,0,nan,0,nan,0,nan,0,nan,0,nan,0,nan,0
1597989455107691008,1597989455436000000,2020-08-21 13:57:35.436000,100.35,100.375,100.32,100.33,nan,100.344,2655,5328244600.0,11123,100.355,31,100.35,32,nan,0,nan,0,nan,0,nan,0,nan,0,nan,0,nan,0,nan,0
1597989455589553920,1597989455915000064,2020-08-21 13:57:35.915000,100.35,100.375,100.32,100.33,nan,100.344,2655,5328244600.0,11123,100.355,31,100.35,32,nan,0,nan,0,nan,0,nan,0,nan,0,nan,0,nan,0,nan,0
1597989462097788928,1597989462418999808,2020-08-21 13:57:42.419000,100.35,100.375,100.32,100.33,nan,100.344,2655,5328244600.0,11123,100.355,31,100.35,32,nan,0,nan,0,nan,0,nan,0,nan,0,nan,0,nan,0,nan,0
1597989464575798016,1597989464938999808,2020-08-21 13:57:44.939000,100.35,100.375,100.32,100.33,nan,100.344,2655,5328244600.0,11123,100.355,32,100.35,32,nan,0,nan,0,nan,0,nan,0,nan,0,nan,0,nan,0,nan,0
1597989467113445888,1597989467436000000,2020-08-21 13:57:47.436000,100.35,100.375,100.32,100.33,nan,100.344,2655,5328244600.0,11123,100.355,32,100.35,32,nan,0,nan,0,nan,0,nan,0,nan,0,nan,0,nan,0,nan,0
1597989467578998016,1597989467901999872,2020-08-21 13:57:47.902000,100.35,100.375,100.32,100.33,nan,100.344,2655,5328244600.0,11123,100.355,32,100.35,32,nan,0,nan,0,nan,0,nan,0,nan,0,nan,0,nan,0,nan,0
1597989468582083072,1597989468931000064,2020-08-21 13:57:48.931000,100.35,100.375,100.32,100.33,nan,100.344,2655,5328244600.0,11123,100.355,32,100.35,32,nan,0,nan,0,nan,0,nan,0,nan,0,nan,0,nan,0,nan,0
1597989471108759040,1597989471438999808,2020-08-21 13:57:51.439000,100.355,100.375,100.32,100.33,nan,100.344,2656,5330251700.0,11123,100.355,31,100.35,32,nan,0,nan,0,nan,0,nan,0,nan,0,nan,0,nan,0,nan,0
1597989471576242944,1597989471927000064,2020-08-21 13:57:51.927000,100.35,100.375,100.32,100.33,nan,100.344,2659,5336272700.0,11123,100.355,28,100.35,31,nan,0,nan,0,nan,0,nan,0,nan,0,nan,0,nan,0,nan,0
1597989472078616064,1597989472428999936,2020-08-21 13:57:52.429000,100.35,100.375,100.32,100.33,nan,100.344,2659,5336272700.0,11123,100.355,31,100.35,29,nan,0,nan,0,nan,0,nan,0,nan,0,nan,0,nan,0,nan,0
1597989472578458112,1597989472936999936,2020-08-21 13:57:52.937000,100.35,100.375,100.32,100.33,nan,100.344,2660,5338279700.0,11122,100.355,30,100.35,28,nan,0,nan,0,nan,0,nan,0,nan,0,nan,0,nan,0,nan,0
1597989473582217984,1597989473936999936,2020-08-21 13:57:53.937000,100.35,100.375,100.32,100.33,nan,100.344,2660,5338279700.0,11122,100.355,60,100.35,28,nan,0,nan,0,nan,0,nan,0,nan,0,nan,0,nan,0,nan,0
1597989474117553920,1597989474436000000,2020-08-21 13:57:54.436000,100.35,100.375,100.32,100.33,nan,100.344,2662,5342293700.0,11122,100.355,100,100.35,26,nan,0,nan,0,nan,0,nan,0,nan,0,nan,0,nan,0,nan,0
1597989474582799872,1597989474933000192,2020-08-21 13:57:54.933000,100.35,100.375,100.32,100.33,nan,100.344,2684,5386447700.0,11106,100.355,102,100.35,5,nan,0,nan,0,nan,0,nan,0,nan,0,nan,0,nan,0,nan,0
1597989475083636992,1597989475432000000,2020-08-21 13:57:55.432000,100.35,100.375,100.32,100.33,nan,100.344,2689,5396482700.0,11101,100.35,4,100.345,78,nan,0,nan,0,nan,0,nan,0,nan,0,nan,0,nan,0,nan,0
1597989475582941952,1597989475928999936,2020-08-21 13:57:55.929000,100.35,100.375,100.32,100.33,nan,100.344,2689,5396482700.0,11101,100.35,6,100.345,35,nan,0,nan,0,nan,0,nan,0,nan,0,nan,0,nan,0,nan,0
1597989476090908928,1597989476438999808,2020-08-21 13:57:56.439000,100.35,100.375,100.32,100.33,nan,100.344,2689,5396482700.0,11101,100.35,6,100.345,25,nan,0,nan,0,nan,0,nan,0,nan,0,nan,0,nan,0,nan,0
1597989476590405888,1597989476921999872,2020-08-21 13:57:56.922000,100.35,100.375,100.32,100.33,nan,100.344,2689,5396482700.0,11101,100.35,6,100.345,25,nan,0,nan,0,nan,0,nan,0,nan,0,nan,0,nan,0,nan,0
1597989477119301888,1597989477418999808,2020-08-21 13:57:57.419000,100.35,100.375,100.32,100.33,nan,100.344,2689,5396482700.0,11101,100.35,6,100.345,26,nan,0,nan,0,nan,0,nan,0,nan,0,nan,0,nan,0,nan,0
1597989477588154112,1597989477916000000,2020-08-21 13:57:57.916000,100.35,100.375,100.32,100.33,nan,100.344,2689,5396482700.0,11101,100.35,6,100.345,16,nan,0,nan,0,nan,0,nan,0,nan,0,nan,0,nan,0,nan,0
1597989478088901120,1597989478408999936,2020-08-21 13:57:58.409000,100.35,100.375,100.32,100.33,nan,100.344,2689,5396482700.0,11101,100.35,6,100.345,16,nan,0,nan,0,nan,0,nan,0,nan,0,nan,0,nan,0,nan,0
1597989479108669952,1597989479433000192,2020-08-21 13:57:59.433000,100.35,100.375,100.32,100.33,nan,100.344,2689,5396482700.0,11101,100.35,6,100.345,16,nan,0,nan,0,nan,0,nan,0,nan,0,nan,0,nan,0,nan,0
1597989479583638016,1597989479924000000,2020-08-21 13:57:59.924000,100.35,100.375,100.32,100.33,nan,100.344,2689,5396482700.0,11101,100.35,6,100.345,16,nan,0,nan,0,nan,0,nan,0,nan,0,nan,0,nan,0,nan,0
1597989486105136128,1597989486433000192,2020-08-21 13:58:06.433000,100.35,100.375,100.32,100.33,nan,100.344,2689,5396482700.0,11101,100.35,6,100.345,16,nan,0,nan,0,nan,0,nan,0,nan,0,nan,0,nan,0,nan,0
1597989486584464896,1597989486928999936,2020-08-21 13:58:06.929000,100.35,100.375,100.32,100.33,nan,100.344,2689,5396482700.0,11101,100.35,6,100.345,26,nan,0,nan,0,nan,0,nan,0,nan,0,nan,0,nan,0,nan,0
1597989487122455040,1597989487438999808,2020-08-21 13:58:07.439000,100.35,100.375,100.32,100.33,nan,100.344,2689,5396482700.0,11101,100.35,6,100.345,26,nan,0,nan,0,nan,0,nan,0,nan,0,nan,0,nan,0,nan,0
1597989488118258944,1597989488431000064,2020-08-21 13:58:08.431000,100.35,100.375,100.32,100.33,nan,100.344,2689,5396482700.0,11101,100.35,4,100.345,26,nan,0,nan,0,nan,0,nan,0,nan,0,nan,0,nan,0,nan,0
1597989491111133952,1597989491433000192,2020-08-21 13:58:11.433000,100.35,100.375,100.32,100.33,nan,100.344,2689,5396482700.0,11101,100.35,4,100.345,26,nan,0,nan,0,nan,0,nan,0,nan,0,nan,0,nan,0,nan,0
1597989491590768128,1597989491924999936,2020-08-21 13:58:11.925000,100.35,100.375,100.32,100.33,nan,100.344,2689,5396482700.0,11101,100.35,4,100.345,26,nan,0,nan,0,nan,0,nan,0,nan,0,nan,0,nan,0,nan,0
1597989503108739072,1597989503432000000,2020-08-21 13:58:23.432000,100.35,100.375,100.32,100.33,nan,100.344,2689,5396482700.0,11101,100.35,4,100.345,26,nan,0,nan,0,nan,0,nan,0,nan,0,nan,0,nan,0,nan,0
1597989503625275904,1597989503900000000,2020-08-21 13:58:23.900000,100.35,100.375,100.32,100.33,nan,100.344,2689,5396482700.0,11101,100.35,4,100.345,26,nan,0,nan,0,nan,0,nan,0,nan,0,nan,0,nan,0,nan,0
1597989515113434112,1597989515415000064,2020-08-21 13:58:35.415000,100.35,100.375,100.32,100.33,nan,100.344,2689,5396482700.0,11101,100.35,4,100.345,26,nan,0,nan,0,nan,0,nan,0,nan,0,nan,0,nan,0,nan,0
1597989515617592064,1597989515936999936,2020-08-21 13:58:35.937000,100.35,100.375,100.32,100.33,nan,100.344,2689,5396482700.0,11101,100.35,4,100.345,26,nan,0,nan,0,nan,0,nan,0,nan,0,nan,0,nan,0,nan,0
1597989519107642112,1597989519423000064,2020-08-21 13:58:39.423000,100.35,100.375,100.32,100.33,nan,100.344,2690,5398489700.0,11102,100.35,3,100.345,26,nan,0,nan,0,nan,0,nan,0,nan,0,nan,0,nan,0,nan,0
1597989519609880064,1597989519937999872,2020-08-21 13:58:39.938000,100.35,100.375,100.32,100.33,nan,100.344,2690,5398489700.0,11102,100.35,4,100.345,27,nan,0,nan,0,nan,0,nan,0,nan,0,nan,0,nan,0,nan,0
1597989527108753920,1597989527420999936,2020-08-21 13:58:47.421000,100.35,100.375,100.32,100.33,nan,100.344,2690,5398489700.0,11102,100.35,4,100.345,27,nan,0,nan,0,nan,0,nan,0,nan,0,nan,0,nan,0,nan,0
1597989527605404928,1597989527903000064,2020-08-21 13:58:47.903000,100.35,100.375,100.32,100.33,nan,100.344,2690,5398489700.0,11102,100.35,4,100.345,27,nan,0,nan,0,nan,0,nan,0,nan,0,nan,0,nan,0,nan,0
1597989538609755904,1597989538901999872,2020-08-21 13:58:58.902000,100.35,100.375,100.32,100.33,nan,100.344,2690,5398489700.0,11102,100.35,4,100.345,27,nan,0,nan,0,nan,0,nan,0,nan,0,nan,0,nan,0,nan,0
1597989539123353088,1597989539431000064,2020-08-21 13:58:59.431000,100.35,100.375,100.32,100.33,nan,100.344,2690,5398489700.0,11102,100.35,4,100.345,27,nan,0,nan,0,nan,0,nan,0,nan,0,nan,0,nan,0,nan,0
1597989539607972096,1597989539936000000,2020-08-21 13:58:59.936000,100.35,100.375,100.32,100.33,nan,100.344,2690,5398489700.0,11102,100.35,4,100.345,27,nan,0,nan,0,nan,0,nan,0,nan,0,nan,0,nan,0,nan,0
1597989544640872960,1597989544940000000,2020-08-21 13:59:04.940000,100.35,100.375,100.32,100.33,nan,100.344,2690,5398489700.0,11102,100.35,29,100.345,27,nan,0,nan,0,nan,0,nan,0,nan,0,nan,0,nan,0,nan,0
1597989550623888896,1597989550938999808,2020-08-21 13:59:10.939000,100.35,100.375,100.32,100.33,nan,100.344,2690,5398489700.0,11102,100.35,29,100.345,27,nan,0,nan,0,nan,0,nan,0,nan,0,nan,0,nan,0,nan,0
1597989551155382016,1597989551415000064,2020-08-21 13:59:11.415000,100.35,100.375,100.32,100.33,nan,100.344,2690,5398489700.0,11102,100.35,29,100.345,27,nan,0,nan,0,nan,0,nan,0,nan,0,nan,0,nan,0,nan,0
1597989551613915904,1597989551940000000,2020-08-21 13:59:11.940000,100.35,100.375,100.32,100.33,nan,100.344,2690,5398489700.0,11102,100.35,29,100.345,27,nan,0,nan,0,nan,0,nan,0,nan,0,nan,0,nan,0,nan,0
1597989563142159872,1597989563431000064,2020-08-21 13:59:23.431000,100.35,100.375,100.32,100.33,nan,100.344,2690,5398489700.0,11102,100.35,29,100.345,27,nan,0,nan,0,nan,0,nan,0,nan,0,nan,0,nan,0,nan,0
1597989563618129920,1597989563937999872,2020-08-21 13:59:23.938000,100.35,100.375,100.32,100.33,nan,100.344,2690,5398489700.0,11102,100.35,29,100.345,27,nan,0,nan,0,nan,0,nan,0,nan,0,nan,0,nan,0,nan,0
1597989565131853056,1597989565430000128,2020-08-21 13:59:25.430000,100.35,100.375,100.32,100.33,nan,100.344,2691,5400496700.0,11103,100.35,28,100.345,27,nan,0,nan,0,nan,0,nan,0,nan,0,nan,0,nan,0,nan,0
1597989565630690048,1597989565933000192,2020-08-21 13:59:25.933000,100.35,100.375,100.32,100.33,nan,100.344,2692,5402503700.0,11103,100.35,29,100.345,27,nan,0,nan,0,nan,0,nan,0,nan,0,nan,0,nan,0,nan,0
1597989566155915008,1597989566438999808,2020-08-21 13:59:26.439000,100.35,100.375,100.32,100.33,nan,100.344,2692,5402503700.0,11103,100.35,29,100.345,27,nan,0,nan,0,nan,0,nan,0,nan,0,nan,0,nan,0,nan,0
1597989574638916096,1597989574928999936,2020-08-21 13:59:34.929000,100.35,100.375,100.32,100.33,nan,100.344,2692,5402503700.0,11103,100.35,29,100.345,27,nan,0,nan,0,nan,0,nan,0,nan,0,nan,0,nan,0,nan,0
1597989575164449024,1597989575749000192,2020-08-21 13:59:35.749000,100.35,100.375,100.32,100.33,nan,100.344,2692,5402503700.0,11103,100.35,29,100.345,27,nan,0,nan,0,nan,0,nan,0,nan,0,nan,0,nan,0,nan,0
1597989575641925888,1597989576176000000,2020-08-21 13:59:36.176000,100.35,100.375,100.32,100.33,nan,100.344,2692,5402503700.0,11103,100.35,29,100.345,27,nan,0,nan,0,nan,0,nan,0,nan,0,nan,0,nan,0,nan,0
1597989587042477056,1597989587432000000,2020-08-21 13:59:47.432000,100.35,100.375,100.32,100.33,nan,100.344,2692,5402503700.0,11103,100.35,29,100.345,27,nan,0,nan,0,nan,0,nan,0,nan,0,nan,0,nan,0,nan,0
1597989587545080064,1597989587930000128,2020-08-21 13:59:47.930000,100.35,100.375,100.32,100.33,nan,100.344,2692,5402503700.0,11103,100.35,29,100.345,27,nan,0,nan,0,nan,0,nan,0,nan,0,nan,0,nan,0,nan,0
1597989588043511040,1597989588413000192,2020-08-21 13:59:48.413000,100.35,100.375,100.32,100.33,nan,100.344,2692,5402503700.0,11103,100.35,29,100.345,27,nan,0,nan,0,nan,0,nan,0,nan,0,nan,0,nan,0,nan,0
1597989599076293888,1597989599432000000,2020-08-21 13:59:59.432000,100.35,100.375,100.32,100.33,nan,100.344,2692,5402503700.0,11103,100.35,29,100.345,27,nan,0,nan,0,nan,0,nan,0,nan,0,nan,0,nan,0,nan,0
1597989599544253952,1597989599936000000,2020-08-21 13:59:59.936000,100.35,100.375,100.32,100.33,nan,100.344,2692,5402503700.0,11103,100.35,29,100.345,27,nan,0,nan,0,nan,0,nan,0,nan,0,nan,0,nan,0,nan,0
1597989600049001984,1597989600435000064,2020-08-21 14:00:00.435000,100.35,100.375,100.32,100.33,nan,100.344,2692,5402503700.0,11103,100.35,29,100.345,27,nan,0,nan,0,nan,0,nan,0,nan,0,nan,0,nan,0,nan,0
1597989600538256896,1597989600936999936,2020-08-21 14:00:00.937000,100.35,100.375,100.32,100.33,nan,100.344,2693,5404510700.0,11103,100.35,28,100.345,28,nan,0,nan,0,nan,0,nan,0,nan,0,nan,0,nan,0,nan,0
1597989610049935872,1597989610428999936,2020-08-21 14:00:10.429000,100.35,100.375,100.32,100.33,nan,100.344,2694,5406517700.0,11103,100.35,27,100.345,28,nan,0,nan,0,nan,0,nan,0,nan,0,nan,0,nan,0,nan,0
1597989610544769024,1597989610940000000,2020-08-21 14:00:10.940000,100.35,100.375,100.32,100.33,nan,100.344,2711,5440636700.0,11092,100.35,11,100.345,28,nan,0,nan,0,nan,0,nan,0,nan,0,nan,0,nan,0,nan,0
1597989611125914880,1597989611413000192,2020-08-21 14:00:11.413000,100.35,100.375,100.32,100.33,nan,100.344,2722,5462713700.0,11093,100.355,87,100.35,2,nan,0,nan,0,nan,0,nan,0,nan,0,nan,0,nan,0,nan,0
1597989611566957056,1597989611923000064,2020-08-21 14:00:11.923000,100.35,100.375,100.32,100.33,nan,100.344,2722,5462713700.0,11093,100.355,44,100.35,4,nan,0,nan,0,nan,0,nan,0,nan,0,nan,0,nan,0,nan,0
1597989612085000960,1597989612438999808,2020-08-21 14:00:12.439000,100.35,100.375,100.32,100.33,nan,100.344,2722,5462713700.0,11093,100.355,35,100.35,5,nan,0,nan,0,nan,0,nan,0,nan,0,nan,0,nan,0,nan,0
1597989612547074048,1597989612932000000,2020-08-21 14:00:12.932000,100.35,100.375,100.32,100.33,nan,100.344,2722,5462713700.0,11093,100.355,35,100.35,5,nan,0,nan,0,nan,0,nan,0,nan,0,nan,0,nan,0,nan,0
1597989613550469888,1597989613924999936,2020-08-21 14:00:13.925000,100.355,100.375,100.32,100.33,nan,100.344,2723,5464720800.0,11093,100.355,34,100.35,5,nan,0,nan,0,nan,0,nan,0,nan,0,nan,0,nan,0,nan,0
1597989614079695104,1597989614436999936,2020-08-21 14:00:14.437000,100.355,100.375,100.32,100.33,nan,100.344,2723,5464720800.0,11093,100.355,32,100.35,8,nan,0,nan,0,nan,0,nan,0,nan,0,nan,0,nan,0,nan,0
1597989615546813952,1597989615936000000,2020-08-21 14:00:15.936000,100.355,100.375,100.32,100.33,nan,100.344,2723,5464720800.0,11093,100.355,32,100.35,18,nan,0,nan,0,nan,0,nan,0,nan,0,nan,0,nan,0,nan,0
1597989623084453120,1597989623405999872,2020-08-21 14:00:23.406000,100.355,100.375,100.32,100.33,nan,100.344,2723,5464720800.0,11093,100.355,32,100.35,18,nan,0,nan,0,nan,0,nan,0,nan,0,nan,0,nan,0,nan,0
1597989623546565120,1597989623932000000,2020-08-21 14:00:23.932000,100.355,100.375,100.32,100.33,nan,100.344,2723,5464720800.0,11093,100.355,32,100.35,18,nan,0,nan,0,nan,0,nan,0,nan,0,nan,0,nan,0,nan,0
1597989624069520896,1597989624432000000,2020-08-21 14:00:24.432000,100.355,100.375,100.32,100.33,nan,100.344,2723,5464720800.0,11093,100.355,32,100.35,18,nan,0,nan,0,nan,0,nan,0,nan,0,nan,0,nan,0,nan,0
1597989632552092928,1597989632936999936,2020-08-21 14:00:32.937000,100.355,100.375,100.32,100.33,nan,100.344,2723,5464720800.0,11093,100.355,32,100.35,18,nan,0,nan,0,nan,0,nan,0,nan,0,nan,0,nan,0,nan,0
1597989633052197888,1597989633427000064,2020-08-21 14:00:33.427000,100.355,100.375,100.32,100.33,nan,100.344,2723,5464720800.0,11093,100.355,32,100.35,18,nan,0,nan,0,nan,0,nan,0,nan,0,nan,0,nan,0,nan,0
1597989635081681920,1597989635436000000,2020-08-21 14:00:35.436000,100.355,100.375,100.32,100.33,nan,100.344,2723,5464720800.0,11093,100.355,32,100.35,18,nan,0,nan,0,nan,0,nan,0,nan,0,nan,0,nan,0,nan,0
1597989635554980096,1597989635928000000,2020-08-21 14:00:35.928000,100.355,100.375,100.32,100.33,nan,100.344,2723,5464720800.0,11093,100.355,32,100.35,18,nan,0,nan,0,nan,0,nan,0,nan,0,nan,0,nan,0,nan,0
1597989636078701056,1597989636440000000,2020-08-21 14:00:36.440000,100.355,100.375,100.32,100.33,nan,100.344,2723,5464720800.0,11093,100.355,32,100.35,18,nan,0,nan,0,nan,0,nan,0,nan,0,nan,0,nan,0,nan,0
1597989636552209920,1597989636934000128,2020-08-21 14:00:36.934000,100.355,100.375,100.32,100.33,nan,100.344,2723,5464720800.0,11093,100.355,32,100.35,18,nan,0,nan,0,nan,0,nan,0,nan,0,nan,0,nan,0,nan,0
1597989637554511872,1597989637932000000,2020-08-21 14:00:37.932000,100.355,100.375,100.32,100.33,nan,100.344,2723,5464720800.0,11093,100.355,32,100.35,18,nan,0,nan,0,nan,0,nan,0,nan,0,nan,0,nan,0,nan,0
1597989638569551872,1597989638940000000,2020-08-21 14:00:38.940000,100.355,100.375,100.32,100.33,nan,100.344,2723,5464720800.0,11093,100.355,32,100.35,18,nan,0,nan,0,nan,0,nan,0,nan,0,nan,0,nan,0,nan,0
1597989639082554880,1597989639421999872,2020-08-21 14:00:39.422000,100.355,100.375,100.32,100.33,nan,100.344,2723,5464720800.0,11093,100.355,32,100.35,18,nan,0,nan,0,nan,0,nan,0,nan,0,nan,0,nan,0,nan,0
1597989640062627072,1597989640428999936,2020-08-21 14:00:40.429000,100.355,100.375,100.32,100.33,nan,100.344,2723,5464720800.0,11093,100.355,32,100.35,18,nan,0,nan,0,nan,0,nan,0,nan,0,nan,0,nan,0,nan,0
1597989641110524928,1597989641435000064,2020-08-21 14:00:41.435000,100.355,100.375,100.32,100.33,nan,100.344,2723,5464720800.0,11093,100.355,32,100.35,18,nan,0,nan,0,nan,0,nan,0,nan,0,nan,0,nan,0,nan,0
1597989647085606912,1597989647440000000,2020-08-21 14:00:47.440000,100.355,100.375,100.32,100.33,nan,100.344,2723,5464720800.0,11093,100.355,32,100.35,18,nan,0,nan,0,nan,0,nan,0,nan,0,nan,0,nan,0,nan,0
1597989647574662912,1597989647918999808,2020-08-21 14:00:47.919000,100.355,100.375,100.32,100.33,nan,100.344,2723,5464720800.0,11093,100.355,32,100.35,18,nan,0,nan,0,nan,0,nan,0,nan,0,nan,0,nan,0,nan,0
1597989648084421120,1597989648433000192,2020-08-21 14:00:48.433000,100.355,100.375,100.32,100.33,nan,100.344,2723,5464720800.0,11093,100.355,32,100.35,18,nan,0,nan,0,nan,0,nan,0,nan,0,nan,0,nan,0,nan,0
1597989650080115968,1597989650430000128,2020-08-21 14:00:50.430000,100.355,100.375,100.32,100.33,nan,100.344,2723,5464720800.0,11093,100.355,42,100.35,18,nan,0,nan,0,nan,0,nan,0,nan,0,nan,0,nan,0,nan,0
1597989650583688960,1597989650917999872,2020-08-21 14:00:50.918000,100.355,100.375,100.32,100.33,nan,100.344,2723,5464720800.0,11093,100.355,52,100.35,18,nan,0,nan,0,nan,0,nan,0,nan,0,nan,0,nan,0,nan,0
1597989653075800064,1597989653420000000,2020-08-21 14:00:53.420000,100.35,100.375,100.32,100.33,nan,100.344,2742,5502853800.0,11105,100.35,11,100.345,96,nan,0,nan,0,nan,0,nan,0,nan,0,nan,0,nan,0,nan,0
1597989653568580096,1597989653935000064,2020-08-21 14:00:53.935000,100.35,100.375,100.32,100.33,nan,100.344,2743,5504860800.0,11106,100.35,15,100.345,57,nan,0,nan,0,nan,0,nan,0,nan,0,nan,0,nan,0,nan,0
1597989654084175104,1597989654430000128,2020-08-21 14:00:54.430000,100.35,100.375,100.32,100.33,nan,100.344,2743,5504860800.0,11106,100.35,15,100.345,57,nan,0,nan,0,nan,0,nan,0,nan,0,nan,0,nan,0,nan,0
1597989655076158976,1597989655427000064,2020-08-21 14:00:55.427000,100.35,100.375,100.32,100.33,nan,100.344,2743,5504860800.0,11106,100.35,16,100.345,56,nan,0,nan,0,nan,0,nan,0,nan,0,nan,0,nan,0,nan,0
1597989655595887104,1597989655938999808,2020-08-21 14:00:55.939000,100.35,100.375,100.32,100.33,nan,100.344,2743,5504860800.0,11106,100.35,21,100.345,46,nan,0,nan,0,nan,0,nan,0,nan,0,nan,0,nan,0,nan,0
1597989656080608000,1597989656437999872,2020-08-21 14:00:56.438000,100.35,100.375,100.32,100.33,nan,100.344,2743,5504860800.0,11106,100.35,21,100.345,36,nan,0,nan,0,nan,0,nan,0,nan,0,nan,0,nan,0,nan,0
1597989656573287936,1597989656918999808,2020-08-21 14:00:56.919000,100.35,100.375,100.32,100.33,nan,100.344,2743,5504860800.0,11106,100.35,21,100.345,36,nan,0,nan,0,nan,0,nan,0,nan,0,nan,0,nan,0,nan,0
1597989659082458880,1597989659428999936,2020-08-21 14:00:59.429000,100.35,100.375,100.32,100.33,nan,100.344,2743,5504860800.0,11106,100.35,21,100.345,36,nan,0,nan,0,nan,0,nan,0,nan,0,nan,0,nan,0,nan,0
1597989659573114112,1597989659924000000,2020-08-21 14:00:59.924000,100.35,100.375,100.32,100.33,nan,100.344,2744,5506867800.0,11107,100.35,20,100.345,36,nan,0,nan,0,nan,0,nan,0,nan,0,nan,0,nan,0,nan,0
1597989660097053952,1597989660428000000,2020-08-21 14:01:00.428000,100.35,100.375,100.32,100.33,nan,100.344,2744,5506867800.0,11107,100.35,30,100.345,36,nan,0,nan,0,nan,0,nan,0,nan,0,nan,0,nan,0,nan,0
1597989662579219968,1597989662918999808,2020-08-21 14:01:02.919000,100.345,100.375,100.32,100.33,nan,100.344,2769,5557040300.0,11091,100.35,31,100.345,11,nan,0,nan,0,nan,0,nan,0,nan,0,nan,0,nan,0,nan,0
1597989663069850880,1597989663440000000,2020-08-21 14:01:03.440000,100.345,100.375,100.32,100.33,nan,100.344,2778,5575102400.0,11096,100.35,36,100.345,1,nan,0,nan,0,nan,0,nan,0,nan,0,nan,0,nan,0,nan,0
1597989663568878080,1597989663894000128,2020-08-21 14:01:03.894000,100.345,100.375,100.32,100.33,nan,100.344,2779,5577109300.0,11095,100.35,36,100.34,83,nan,0,nan,0,nan,0,nan,0,nan,0,nan,0,nan,0,nan,0
1597989664068707072,1597989664431000064,2020-08-21 14:01:04.431000,100.345,100.375,100.32,100.33,nan,100.344,2779,5577109300.0,11095,100.35,36,100.34,52,nan,0,nan,0,nan,0,nan,0,nan,0,nan,0,nan,0,nan,0
1597989664583354880,1597989664892999936,2020-08-21 14:01:04.893000,100.345,100.375,100.32,100.33,nan,100.344,2779,5577109300.0,11095,100.35,36,100.34,43,nan,0,nan,0,nan,0,nan,0,nan,0,nan,0,nan,0,nan,0
1597989665079297024,1597989665440000000,2020-08-21 14:01:05.440000,100.345,100.375,100.32,100.33,nan,100.344,2779,5577109300.0,11095,100.35,36,100.34,43,nan,0,nan,0,nan,0,nan,0,nan,0,nan,0,nan,0,nan,0
1597989665570371072,1597989665937999872,2020-08-21 14:01:05.938000,100.345,100.375,100.32,100.33,nan,100.344,2779,5577109300.0,11095,100.35,36,100.34,33,nan,0,nan,0,nan,0,nan,0,nan,0,nan,0,nan,0,nan,0
1597989666086897920,1597989666430000128,2020-08-21 14:01:06.430000,100.345,100.375,100.32,100.33,nan,100.344,2779,5577109300.0,11095,100.35,36,100.34,33,nan,0,nan,0,nan,0,nan,0,nan,0,nan,0,nan,0,nan,0
1597989666571258880,1597989666930000128,2020-08-21 14:01:06.930000,100.345,100.375,100.32,100.33,nan,100.344,2779,5577109300.0,11095,100.35,36,100.34,33,nan,0,nan,0,nan,0,nan,0,nan,0,nan,0,nan,0,nan,0
1597989667061028096,1597989667420000000,2020-08-21 14:01:07.420000,100.345,100.375,100.32,100.33,nan,100.344,2779,5577109300.0,11095,100.35,36,100.34,33,nan,0,nan,0,nan,0,nan,0,nan,0,nan,0,nan,0,nan,0
1597989667598424064,1597989667930000128,2020-08-21 14:01:07.930000,100.345,100.375,100.32,100.33,nan,100.344,2779,5577109300.0,11095,100.35,36,100.34,33,nan,0,nan,0,nan,0,nan,0,nan,0,nan,0,nan,0,nan,0
1597989668080069888,1597989668438999808,2020-08-21 14:01:08.439000,100.345,100.375,100.32,100.33,nan,100.344,2779,5577109300.0,11095,100.35,36,100.34,33,nan,0,nan,0,nan,0,nan,0,nan,0,nan,0,nan,0,nan,0
1597989668577435904,1597989668928999936,2020-08-21 14:01:08.929000,100.345,100.375,100.32,100.33,nan,100.344,2779,5577109300.0,11095,100.35,36,100.34,33,nan,0,nan,0,nan,0,nan,0,nan,0,nan,0,nan,0,nan,0
1597989669120221952,1597989669440000000,2020-08-21 14:01:09.440000,100.345,100.375,100.32,100.33,nan,100.344,2779,5577109300.0,11095,100.345,2,100.34,33,nan,0,nan,0,nan,0,nan,0,nan,0,nan,0,nan,0,nan,0
1597989669577485056,1597989669885999872,2020-08-21 14:01:09.886000,100.345,100.375,100.32,100.33,nan,100.344,2779,5577109300.0,11095,100.345,2,100.34,22,nan,0,nan,0,nan,0,nan,0,nan,0,nan,0,nan,0,nan,0
1597989670099649024,1597989670431000064,2020-08-21 14:01:10.431000,100.345,100.375,100.32,100.33,nan,100.344,2779,5577109300.0,11095,100.345,2,100.34,22,nan,0,nan,0,nan,0,nan,0,nan,0,nan,0,nan,0,nan,0
1597989671079610112,1597989671438999808,2020-08-21 14:01:11.439000,100.345,100.375,100.32,100.33,nan,100.344,2779,5577109300.0,11095,100.345,5,100.34,22,nan,0,nan,0,nan,0,nan,0,nan,0,nan,0,nan,0,nan,0
1597989671584641024,1597989671920999936,2020-08-21 14:01:11.921000,100.345,100.375,100.32,100.33,nan,100.344,2779,5577109300.0,11095,100.345,5,100.34,22,nan,0,nan,0,nan,0,nan,0,nan,0,nan,0,nan,0,nan,0
1597989672114385920,1597989672440000000,2020-08-21 14:01:12.440000,100.345,100.375,100.32,100.33,nan,100.344,2779,5577109300.0,11095,100.345,5,100.34,22,nan,0,nan,0,nan,0,nan,0,nan,0,nan,0,nan,0,nan,0
1597989683092892928,1597989683408000000,2020-08-21 14:01:23.408000,100.345,100.375,100.32,100.33,nan,100.344,2779,5577109300.0,11095,100.345,5,100.34,22,nan,0,nan,0,nan,0,nan,0,nan,0,nan,0,nan,0,nan,0
1597989683567129088,1597989683938999808,2020-08-21 14:01:23.939000,100.345,100.375,100.32,100.33,nan,100.344,2779,5577109300.0,11095,100.345,5,100.34,22,nan,0,nan,0,nan,0,nan,0,nan,0,nan,0,nan,0,nan,0
1597989684086774016,1597989684398999808,2020-08-21 14:01:24.399000,100.345,100.375,100.32,100.33,nan,100.344,2779,5577109300.0,11095,100.345,5,100.34,22,nan,0,nan,0,nan,0,nan,0,nan,0,nan,0,nan,0,nan,0
1597989691595005952,1597989691916000000,2020-08-21 14:01:31.916000,100.345,100.375,100.32,100.33,nan,100.344,2780,5579116200.0,11094,100.345,4,100.34,22,nan,0,nan,0,nan,0,nan,0,nan,0,nan,0,nan,0,nan,0
1597989695134945024,1597989695437999872,2020-08-21 14:01:35.438000,100.345,100.375,100.32,100.33,nan,100.344,2780,5579116200.0,11094,100.345,4,100.34,22,nan,0,nan,0,nan,0,nan,0,nan,0,nan,0,nan,0,nan,0
1597989695584962048,1597989695930000128,2020-08-21 14:01:35.930000,100.345,100.375,100.32,100.33,nan,100.344,2780,5579116200.0,11094,100.345,4,100.34,22,nan,0,nan,0,nan,0,nan,0,nan,0,nan,0,nan,0,nan,0
1597989700113999104,1597989700428999936,2020-08-21 14:01:40.429000,100.345,100.375,100.32,100.33,nan,100.344,2784,5587143800.0,11091,100.35,86,100.34,23,nan,0,nan,0,nan,0,nan,0,nan,0,nan,0,nan,0,nan,0
1597989700588431104,1597989700936999936,2020-08-21 14:01:40.937000,100.345,100.375,100.32,100.33,nan,100.344,2784,5587143800.0,11091,100.35,55,100.34,33,nan,0,nan,0,nan,0,nan,0,nan,0,nan,0,nan,0,nan,0
1597989701113778944,1597989701417999872,2020-08-21 14:01:41.418000,100.345,100.375,100.32,100.33,nan,100.344,2784,5587143800.0,11091,100.35,54,100.34,33,nan,0,nan,0,nan,0,nan,0,nan,0,nan,0,nan,0,nan,0
1597989701581822976,1597989701907000064,2020-08-21 14:01:41.907000,100.345,100.375,100.32,100.33,nan,100.344,2784,5587143800.0,11091,100.35,34,100.34,33,nan,0,nan,0,nan,0,nan,0,nan,0,nan,0,nan,0,nan,0
1597989702104893952,1597989702436999936,2020-08-21 14:01:42.437000,100.345,100.375,100.32,100.33,nan,100.344,2784,5587143800.0,11091,100.35,34,100.34,33,nan,0,nan,0,nan,0,nan,0,nan,0,nan,0,nan,0,nan,0
1597989704123453952,1597989704396000000,2020-08-21 14:01:44.396000,100.345,100.375,100.32,100.33,nan,100.344,2784,5587143800.0,11091,100.35,35,100.34,33,nan,0,nan,0,nan,0,nan,0,nan,0,nan,0,nan,0,nan,0
1597989706088485888,1597989706423000064,2020-08-21 14:01:46.423000,100.345,100.375,100.32,100.33,nan,100.344,2784,5587143800.0,11091,100.35,26,100.34,33,nan,0,nan,0,nan,0,nan,0,nan,0,nan,0,nan,0,nan,0
1597989707127886080,1597989707432000000,2020-08-21 14:01:47.432000,100.35,100.375,100.32,100.33,nan,100.344,2785,5589150800.0,11091,100.35,25,100.345,2,nan,0,nan,0,nan,0,nan,0,nan,0,nan,0,nan,0,nan,0
1597989707585640960,1597989707924999936,2020-08-21 14:01:47.925000,100.35,100.375,100.32,100.33,nan,100.344,2785,5589150800.0,11091,100.35,20,100.345,5,nan,0,nan,0,nan,0,nan,0,nan,0,nan,0,nan,0,nan,0
1597989708117590016,1597989708408000000,2020-08-21 14:01:48.408000,100.35,100.375,100.32,100.33,nan,100.344,2785,5589150800.0,11091,100.35,20,100.345,6,nan,0,nan,0,nan,0,nan,0,nan,0,nan,0,nan,0,nan,0
1597989708581267968,1597989708900999936,2020-08-21 14:01:48.901000,100.35,100.375,100.32,100.33,nan,100.344,2785,5589150800.0,11091,100.35,20,100.345,6,nan,0,nan,0,nan,0,nan,0,nan,0,nan,0,nan,0,nan,0
1597989709101454080,1597989709390000128,2020-08-21 14:01:49.390000,100.34,100.375,100.32,100.33,nan,100.344,2794,5607212700.0,11094,100.35,21,100.34,75,nan,0,nan,0,nan,0,nan,0,nan,0,nan,0,nan,0,nan,0
1597989709580354048,1597989709917999872,2020-08-21 14:01:49.918000,100.34,100.375,100.32,100.33,nan,100.344,2794,5607212700.0,11094,100.345,4,100.34,54,nan,0,nan,0,nan,0,nan,0,nan,0,nan,0,nan,0,nan,0
1597989710108187904,1597989710436999936,2020-08-21 14:01:50.437000,100.345,100.375,100.32,100.33,nan,100.344,2798,5615240300.0,11094,100.345,4,100.34,34,nan,0,nan,0,nan,0,nan,0,nan,0,nan,0,nan,0,nan,0
1597989710583365120,1597989710890000128,2020-08-21 14:01:50.890000,100.345,100.375,100.32,100.33,nan,100.344,2802,5623267900.0,11094,100.345,1,100.34,37,nan,0,nan,0,nan,0,nan,0,nan,0,nan,0,nan,0,nan,0
1597989711105373952,1597989711329999872,2020-08-21 14:01:51.330000,100.345,100.375,100.32,100.33,nan,100.344,2803,5625274800.0,11094,100.345,2,100.34,37,nan,0,nan,0,nan,0,nan,0,nan,0,nan,0,nan,0,nan,0
1597989711579712000,1597989711936999936,2020-08-21 14:01:51.937000,100.345,100.375,100.32,100.33,nan,100.344,2805,5629288600.0,11093,100.345,1,100.34,28,nan,0,nan,0,nan,0,nan,0,nan,0,nan,0,nan,0,nan,0
1597989712085908992,1597989712437999872,2020-08-21 14:01:52.438000,100.345,100.375,100.32,100.33,nan,100.344,2806,5631295500.0,11094,100.345,1,100.34,29,nan,0,nan,0,nan,0,nan,0,nan,0,nan,0,nan,0,nan,0
1597989712584728064,1597989712914000128,2020-08-21 14:01:52.914000,100.345,100.375,100.32,100.33,nan,100.344,2807,5633302400.0,11094,100.345,1,100.34,30,nan,0,nan,0,nan,0,nan,0,nan,0,nan,0,nan,0,nan,0
1597989713130231040,1597989713437999872,2020-08-21 14:01:53.438000,100.345,100.375,100.32,100.33,nan,100.344,2808,5635309300.0,11095,100.345,1,100.34,31,nan,0,nan,0,nan,0,nan,0,nan,0,nan,0,nan,0,nan,0
1597989713582777088,1597989713937999872,2020-08-21 14:01:53.938000,100.345,100.375,100.32,100.33,nan,100.344,2808,5635309300.0,11095,100.345,1,100.34,31,nan,0,nan,0,nan,0,nan,0,nan,0,nan,0,nan,0,nan,0
1597989714090244096,1597989714434000128,2020-08-21 14:01:54.434000,100.345,100.375,100.32,100.33,nan,100.344,2808,5635309300.0,11095,100.345,1,100.34,31,nan,0,nan,0,nan,0,nan,0,nan,0,nan,0,nan,0,nan,0
1597989714606960128,1597989714936000000,2020-08-21 14:01:54.936000,100.345,100.375,100.32,100.33,nan,100.344,2808,5635309300.0,11095,100.345,1,100.34,31,nan,0,nan,0,nan,0,nan,0,nan,0,nan,0,nan,0,nan,0
1597989715078744064,1597989715428000000,2020-08-21 14:01:55.428000,100.345,100.375,100.32,100.33,nan,100.344,2808,5635309300.0,11095,100.345,1,100.34,31,nan,0,nan,0,nan,0,nan,0,nan,0,nan,0,nan,0,nan,0
1597989715596024064,1597989715927000064,2020-08-21 14:01:55.927000,100.345,100.375,100.32,100.33,nan,100.344,2808,5635309300.0,11095,100.345,1,100.34,31,nan,0,nan,0,nan,0,nan,0,nan,0,nan,0,nan,0,nan,0
1597989716090315008,1597989716433000192,2020-08-21 14:01:56.433000,100.345,100.375,100.32,100.33,nan,100.344,2808,5635309300.0,11095,100.345,1,100.34,31,nan,0,nan,0,nan,0,nan,0,nan,0,nan,0,nan,0,nan,0
1597989719126256128,1597989719428999936,2020-08-21 14:01:59.429000,100.345,100.375,100.32,100.33,nan,100.344,2808,5635309300.0,11095,100.345,1,100.34,31,nan,0,nan,0,nan,0,nan,0,nan,0,nan,0,nan,0,nan,0
1597989719586515968,1597989719928999936,2020-08-21 14:01:59.929000,100.345,100.375,100.32,100.33,nan,100.344,2808,5635309300.0,11095,100.345,1,100.34,31,nan,0,nan,0,nan,0,nan,0,nan,0,nan,0,nan,0,nan,0
1597989721091933952,1597989721432000000,2020-08-21 14:02:01.432000,100.345,100.375,100.32,100.33,nan,100.344,2809,5637316200.0,11094,100.345,1,100.34,30,nan,0,nan,0,nan,0,nan,0,nan,0,nan,0,nan,0,nan,0
1597989721602822912,1597989721932000000,2020-08-21 14:02:01.932000,100.345,100.375,100.32,100.33,nan,100.344,2810,5639323100.0,11094,100.35,74,100.345,3,nan,0,nan,0,nan,0,nan,0,nan,0,nan,0,nan,0,nan,0
1597989722128164096,1597989722418999808,2020-08-21 14:02:02.419000,100.345,100.375,100.32,100.33,nan,100.344,2810,5639323100.0,11094,100.35,43,100.345,9,nan,0,nan,0,nan,0,nan,0,nan,0,nan,0,nan,0,nan,0
1597989722617152000,1597989722936000000,2020-08-21 14:02:02.936000,100.345,100.375,100.32,100.33,nan,100.344,2810,5639323100.0,11094,100.35,33,100.345,9,nan,0,nan,0,nan,0,nan,0,nan,0,nan,0,nan,0,nan,0
