local_nano_time,quote_nano_time,datetime,last_price,highest,lowest,open,close,average,volume,amount,open_interest,ask_price1,ask_volume1,bid_price1,bid_volume1,ask_price2,ask_volume2,bid_price2,bid_volume2,ask_price3,ask_volume3,bid_price3,bid_volume3,ask_price4,ask_volume4,bid_price4,bid_volume4,ask_price5,ask_volume5,bid_price5,bid_volume5
1597988230138885888,1597988230000000000,2020-08-21 13:37:10.000000,1982.0,1985.0,1911.0,1939.0,nan,1952.015771,1215114,23719216910.0,450369,1982.0,249,1981.0,484,1983.0,1282,1980.0,607,1984.0,430,1979.0,590,1985.0,985,1978.0,338,1986.0,408,1977.0,477
1597988230609811968,1597988230500000000,2020-08-21 13:37:10.500000,1981.0,1985.0,1911.0,1939.0,nan,1952.015794,1215115,23719236720.0,450370,1982.0,257,1981.0,486,1983.0,1282,1980.0,607,1984.0,432,1979.0,590,1985.0,985,1978.0,338,1986.0,408,1977.0,477
1597988231148681984,1597988231000000000,2020-08-21 13:37:11.000000,1981.0,1985.0,1911.0,1939.0,nan,1952.016271,1215135,23719632920.0,450384,1982.0,269,1981.0,472,1983.0,1284,1980.0,607,1984.0,432,1979.0,590,1985.0,985,1978.0,338,1986.0,408,1977.0,478
1597988231618161920,1597988231500000000,2020-08-21 13:37:11.500000,1982.0,1985.0,1911.0,1939.0,nan,1952.017678,1215192,23720762660.0,450391,1982.0,222,1981.0,476,1983.0,1285,1980.0,607,1984.0,432,1979.0,590,1985.0,985,1978.0,338,1986.0,408,1977.0,478
1597988232111086080,1597988232000000000,2020-08-21 13:37:12.000000,1981.0,1985.0,1911.0,1939.0,nan,1952.017972,1215204,23721000480.0,450391,1982.0,220,1981.0,476,1983.0,1285,1980.0,607,1984.0,432,1979.0,591,1985.0,985,1978.0,338,1986.0,408,1977.0,478
1597988232619896064,1597988232500000000,2020-08-21 13:37:12.500000,1981.0,1985.0,1911.0,1939.0,nan,1952.019238,1215257,23722050430.0,450431,1982.0,242,1981.0,488,1983.0,1285,1980.0,607,1984.0,432,1979.0,591,1985.0,985,1978.0,338,1986.0,408,1977.0,478
1597988233113725952,1597988233000000000,2020-08-21 13:37:13.000000,1981.0,1985.0,1911.0,1939.0,nan,1952.020026,1215289,23722684650.0,450433,1982.0,230,1981.0,497,1983.0,1287,1980.0,607,1984.0,432,1979.0,591,1985.0,986,1978.0,338,1986.0,408,1977.0,478
1597988233613494016,1597988233500000000,2020-08-21 13:37:13.500000,1982.0,1985.0,1911.0,1939.0,nan,1952.02005,1215290,23722704470.0,450433,1982.0,231,1981.0,499,1983.0,1282,1980.0,606,1984.0,432,1979.0,591,1985.0,986,1978.0,338,1986.0,408,1977.0,479
1597988234127782912,1597988234000000000,2020-08-21 13:37:14.000000,1982.0,1985.0,1911.0,1939.0,nan,1952.02005,1215290,23722704470.0,450433,1982.0,226,1981.0,499,1983.0,1282,1980.0,606,1984.0,433,1979.0,591,1985.0,986,1978.0,338,1986.0,408,1977.0,479
1597988234615143936,1597988234500000000,2020-08-21 13:37:14.500000,1981.0,1985.0,1911.0,1939.0,nan,1952.020098,1215292,23722744090.0,450435,1982.0,242,1981.0,500,1983.0,1282,1980.0,605,1984.0,433,1979.0,591,1985.0,987,1978.0,338,1986.0,408,1977.0,479
1597988235127422976,1597988235000000000,2020-08-21 13:37:15.000000,1981.0,1985.0,1911.0,1939.0,nan,1952.020599,1215313,23723160100.0,450450,1982.0,245,1981.0,487,1983.0,1284,1980.0,605,1984.0,433,1979.0,591,1985.0,987,1978.0,338,1986.0,407,1977.0,479
1597988235620542976,1597988235500000000,2020-08-21 13:37:15.500000,1981.0,1985.0,1911.0,1939.0,nan,1952.020599,1215313,23723160100.0,450450,1982.0,249,1981.0,487,1983.0,1284,1980.0,605,1984.0,433,1979.0,591,1985.0,987,1978.0,338,1986.0,407,1977.0,479
1597988236112559104,1597988236000000000,2020-08-21 13:37:16.000000,1981.0,1985.0,1911.0,1939.0,nan,1952.020909,1215326,23723417630.0,450450,1982.0,250,1981.0,473,1983.0,1285,1980.0,605,1984.0,433,1979.0,591,1985.0,987,1978.0,338,1986.0,407,1977.0,479
1597988236610580992,1597988236500000000,2020-08-21 13:37:16.500000,1982.0,1985.0,1911.0,1939.0,nan,1952.021103,1215334,23723576150.0,450453,1982.0,252,1981.0,470,1983.0,1285,1980.0,605,1984.0,433,1979.0,591,1985.0,987,1978.0,338,1986.0,407,1977.0,479
1597988237130726912,1597988237000000000,2020-08-21 13:37:17.000000,1982.0,1985.0,1911.0,1939.0,nan,1952.021103,1215334,23723576150.0,450453,1982.0,252,1981.0,471,1983.0,1265,1980.0,605,1984.0,433,1979.0,591,1985.0,987,1978.0,338,1986.0,407,1977.0,479
1597988237619641088,1597988237500000000,2020-08-21 13:37:17.500000,1982.0,1985.0,1911.0,1939.0,nan,1952.021151,1215336,23723615780.0,450454,1982.0,271,1981.0,471,1983.0,1276,1980.0,605,1984.0,433,1979.0,591,1985.0,985,1978.0,338,1986.0,407,1977.0,479
1597988238135152896,1597988238000000000,2020-08-21 13:37:18.000000,1981.0,1985.0,1911.0,1939.0,nan,1952.021175,1215337,23723635590.0,450455,1982.0,274,1981.0,470,1983.0,1276,1980.0,606,1984.0,434,1979.0,591,1985.0,985,1978.0,341,1986.0,407,1977.0,479
1597988238618330112,1597988238500000000,2020-08-21 13:37:18.500000,1981.0,1985.0,1911.0,1939.0,nan,1952.021223,1215339,23723675210.0,450455,1982.0,274,1981.0,467,1983.0,1278,1980.0,606,1984.0,434,1979.0,592,1985.0,985,1978.0,341,1986.0,408,1977.0,479
1597988239113031936,1597988239000000000,2020-08-21 13:37:19.000000,1982.0,1985.0,1911.0,1939.0,nan,1952.023221,1215420,23725280630.0,450459,1982.0,225,1981.0,469,1983.0,1277,1980.0,607,1984.0,434,1979.0,590,1985.0,985,1978.0,341,1986.0,408,1977.0,479
1597988239618831872,1597988239500000000,2020-08-21 13:37:19.500000,1982.0,1985.0,1911.0,1939.0,nan,1952.024848,1215486,23726588750.0,450435,1982.0,195,1981.0,469,1983.0,1276,1980.0,607,1984.0,434,1979.0,590,1985.0,985,1978.0,341,1986.0,409,1977.0,479
1597988240148214016,1597988240000000000,2020-08-21 13:37:20.000000,1981.0,1985.0,1911.0,1939.0,nan,1952.024944,1215490,23726667990.0,450438,1982.0,202,1981.0,466,1983.0,1276,1980.0,607,1984.0,434,1979.0,591,1985.0,985,1978.0,341,1986.0,409,1977.0,479
1597988240613729024,1597988240500000000,2020-08-21 13:37:20.500000,1982.0,1985.0,1911.0,1939.0,nan,1952.025388,1215508,23727024750.0,450436,1982.0,185,1981.0,467,1983.0,1276,1980.0,608,1984.0,433,1979.0,591,1985.0,985,1978.0,341,1986.0,410,1977.0,479
1597988241143399936,1597988241000000000,2020-08-21 13:37:21.000000,1982.0,1985.0,1911.0,1939.0,nan,1952.027578,1215597,23728788680.0,450441,1982.0,110,1981.0,472,1983.0,1276,1980.0,608,1984.0,433,1979.0,591,1985.0,985,1978.0,341,1986.0,409,1977.0,479
1597988241620224000,1597988241500000000,2020-08-21 13:37:21.500000,1981.0,1985.0,1911.0,1939.0,nan,1952.029189,1215663,23730096600.0,450486,1982.0,89,1981.0,454,1983.0,1276,1980.0,608,1984.0,433,1979.0,591,1985.0,985,1978.0,340,1986.0,409,1977.0,479
1597988242122094080,1597988242000000000,2020-08-21 13:37:22.000000,1981.0,1985.0,1911.0,1939.0,nan,1952.029261,1215666,23730156040.0,450488,1982.0,171,1981.0,453,1983.0,1280,1980.0,608,1984.0,433,1979.0,591,1985.0,985,1978.0,340,1986.0,409,1977.0,479
1597988242617575936,1597988242500000000,2020-08-21 13:37:22.500000,1982.0,1985.0,1911.0,1939.0,nan,1952.029311,1215668,23730195680.0,450490,1982.0,254,1981.0,461,1983.0,1281,1980.0,609,1984.0,433,1979.0,590,1985.0,985,1978.0,340,1986.0,409,1977.0,479
1597988243116064000,1597988243000000000,2020-08-21 13:37:23.000000,1981.0,1985.0,1911.0,1939.0,nan,1952.029777,1215687,23730572240.0,450503,1982.0,259,1981.0,449,1983.0,1281,1980.0,610,1984.0,433,1979.0,590,1985.0,985,1978.0,340,1986.0,409,1977.0,479
1597988243625526016,1597988243500000000,2020-08-21 13:37:23.500000,1982.0,1985.0,1911.0,1939.0,nan,1952.029876,1215691,23730651520.0,450502,1982.0,263,1981.0,449,1983.0,1281,1980.0,609,1984.0,434,1979.0,590,1985.0,985,1978.0,340,1986.0,409,1977.0,479
1597988244114429952,1597988244000000000,2020-08-21 13:37:24.000000,1982.0,1985.0,1911.0,1939.0,nan,1952.029876,1215691,23730651520.0,450502,1982.0,329,1981.0,457,1983.0,1281,1980.0,609,1984.0,434,1979.0,590,1985.0,985,1978.0,340,1986.0,409,1977.0,479
1597988244623139072,1597988244500000000,2020-08-21 13:37:24.500000,1982.0,1985.0,1911.0,1939.0,nan,1952.029924,1215693,23730691150.0,450501,1982.0,359,1981.0,456,1983.0,1281,1980.0,609,1984.0,434,1979.0,590,1985.0,985,1978.0,341,1986.0,409,1977.0,479
1597988245119767040,1597988245000000000,2020-08-21 13:37:25.000000,1981.0,1985.0,1911.0,1939.0,nan,1952.029972,1215695,23730730770.0,450502,1982.0,372,1981.0,454,1983.0,1291,1980.0,609,1984.0,433,1979.0,591,1985.0,986,1978.0,337,1986.0,409,1977.0,479
1597988245621139968,1597988245500000000,2020-08-21 13:37:25.500000,1981.0,1985.0,1911.0,1939.0,nan,1952.030044,1215698,23730790210.0,450503,1982.0,376,1981.0,451,1983.0,1292,1980.0,609,1984.0,433,1979.0,595,1985.0,986,1978.0,337,1986.0,409,1977.0,479
1597988246144261120,1597988246000000000,2020-08-21 13:37:26.000000,1982.0,1985.0,1911.0,1939.0,nan,1952.030069,1215699,23730810030.0,450502,1982.0,321,1981.0,443,1983.0,1293,1980.0,609,1984.0,433,1979.0,595,1985.0,986,1978.0,337,1986.0,409,1977.0,479
1597988246626174976,1597988246500000000,2020-08-21 13:37:26.500000,1982.0,1985.0,1911.0,1939.0,nan,1952.030166,1215703,23730889290.0,450503,1982.0,287,1981.0,450,1983.0,1293,1980.0,609,1984.0,432,1979.0,595,1985.0,987,1978.0,337,1986.0,409,1977.0,480
1597988247128905984,1597988247000000000,2020-08-21 13:37:27.000000,1982.0,1985.0,1911.0,1939.0,nan,1952.030511,1215717,23731166770.0,450511,1982.0,308,1981.0,466,1983.0,1293,1980.0,609,1984.0,432,1979.0,595,1985.0,987,1978.0,337,1986.0,409,1977.0,480
1597988247605628928,1597988247500000000,2020-08-21 13:37:27.500000,1982.0,1985.0,1911.0,1939.0,nan,1952.031126,1215742,23731662250.0,450519,1982.0,286,1981.0,474,1983.0,1293,1980.0,608,1984.0,432,1979.0,595,1985.0,987,1978.0,337,1986.0,409,1977.0,480
1597988248126185984,1597988248000000000,2020-08-21 13:37:28.000000,1981.0,1985.0,1911.0,1939.0,nan,1952.031174,1215744,23731701870.0,450517,1982.0,290,1981.0,472,1983.0,1293,1980.0,608,1984.0,432,1979.0,595,1985.0,987,1978.0,337,1986.0,409,1977.0,480
1597988248624974080,1597988248500000000,2020-08-21 13:37:28.500000,1982.0,1985.0,1911.0,1939.0,nan,1952.031198,1215745,23731721690.0,450517,1982.0,299,1981.0,472,1983.0,1293,1980.0,609,1984.0,432,1979.0,595,1985.0,987,1978.0,337,1986.0,410,1977.0,480
1597988249130361088,1597988249000000000,2020-08-21 13:37:29.000000,1981.0,1985.0,1911.0,1939.0,nan,1952.031321,1215750,23731820780.0,450517,1982.0,299,1981.0,472,1983.0,1298,1980.0,607,1984.0,432,1979.0,595,1985.0,987,1978.0,337,1986.0,410,1977.0,478
1597988249605785088,1597988249500000000,2020-08-21 13:37:29.500000,1981.0,1985.0,1911.0,1939.0,nan,1952.031321,1215750,23731820780.0,450517,1982.0,300,1981.0,475,1983.0,1298,1980.0,607,1984.0,432,1979.0,595,1985.0,987,1978.0,337,1986.0,410,1977.0,479
1597988250140758016,1597988250000000000,2020-08-21 13:37:30.000000,1981.0,1985.0,1911.0,1939.0,nan,1952.031321,1215750,23731820780.0,450517,1982.0,302,1981.0,475,1983.0,1289,1980.0,608,1984.0,432,1979.0,595,1985.0,987,1978.0,337,1986.0,410,1977.0,481
1597988250612012032,1597988250500000000,2020-08-21 13:37:30.500000,1981.0,1985.0,1911.0,1939.0,nan,1952.031369,1215752,23731860410.0,450518,1982.0,303,1981.0,475,1983.0,1289,1980.0,610,1984.0,432,1979.0,595,1985.0,987,1978.0,337,1986.0,410,1977.0,481
1597988251115063040,1597988251000000000,2020-08-21 13:37:31.000000,1981.0,1985.0,1911.0,1939.0,nan,1952.031393,1215753,23731880220.0,450518,1982.0,308,1981.0,477,1983.0,1289,1980.0,610,1984.0,432,1979.0,595,1985.0,987,1978.0,337,1986.0,410,1977.0,481
1597988251628707072,1597988251500000000,2020-08-21 13:37:31.500000,1982.0,1985.0,1911.0,1939.0,nan,1952.031639,1215763,23732078420.0,450527,1982.0,301,1981.0,477,1983.0,1289,1980.0,610,1984.0,429,1979.0,597,1985.0,987,1978.0,337,1986.0,410,1977.0,481
1597988252143194112,1597988252000000000,2020-08-21 13:37:32.000000,1982.0,1985.0,1911.0,1939.0,nan,1952.031639,1215763,23732078420.0,450527,1982.0,302,1981.0,478,1983.0,1288,1980.0,610,1984.0,430,1979.0,598,1985.0,987,1978.0,338,1986.0,410,1977.0,481
1597988252625693952,1597988252500000000,2020-08-21 13:37:32.500000,1981.0,1985.0,1911.0,1939.0,nan,1952.031688,1215765,23732118050.0,450527,1982.0,313,1981.0,483,1983.0,1288,1980.0,610,1984.0,430,1979.0,598,1985.0,989,1978.0,341,1986.0,410,1977.0,481
1597988253158053888,1597988253000000000,2020-08-21 13:37:33.000000,1982.0,1985.0,1911.0,1939.0,nan,1952.031959,1215776,23732336070.0,450537,1982.0,306,1981.0,484,1983.0,1288,1980.0,610,1984.0,430,1979.0,598,1985.0,989,1978.0,341,1986.0,410,1977.0,481
1597988253609434880,1597988253500000000,2020-08-21 13:37:33.500000,1981.0,1985.0,1911.0,1939.0,nan,1952.03203,1215779,23732395500.0,450535,1982.0,306,1981.0,481,1983.0,1288,1980.0,614,1984.0,380,1979.0,598,1985.0,989,1978.0,341,1986.0,410,1977.0,483
1597988254118287872,1597988254000000000,2020-08-21 13:37:34.000000,1982.0,1985.0,1911.0,1939.0,nan,1952.032079,1215781,23732435130.0,450535,1982.0,352,1981.0,479,1983.0,1289,1980.0,614,1984.0,380,1979.0,598,1985.0,989,1978.0,341,1986.0,410,1977.0,483
1597988254615961088,1597988254500000000,2020-08-21 13:37:34.500000,1982.0,1985.0,1911.0,1939.0,nan,1952.032176,1215785,23732514390.0,450533,1982.0,371,1981.0,481,1983.0,1289,1980.0,614,1984.0,380,1979.0,598,1985.0,989,1978.0,341,1986.0,410,1977.0,483
1597988255611411968,1597988255500000000,2020-08-21 13:37:35.500000,1982.0,1985.0,1911.0,1939.0,nan,1952.032201,1215786,23732534210.0,450533,1982.0,392,1981.0,484,1983.0,1293,1980.0,614,1984.0,381,1979.0,598,1985.0,989,1978.0,341,1986.0,410,1977.0,483
1597988256130537984,1597988256000000000,2020-08-21 13:37:36.000000,1981.0,1985.0,1911.0,1939.0,nan,1952.032463,1215797,23732752130.0,450524,1982.0,397,1981.0,474,1983.0,1293,1980.0,614,1984.0,381,1979.0,598,1985.0,989,1978.0,341,1986.0,415,1977.0,483
1597988256630347008,1597988256500000000,2020-08-21 13:37:36.500000,1982.0,1985.0,1911.0,1939.0,nan,1952.032512,1215799,23732791760.0,450524,1982.0,395,1981.0,463,1983.0,1293,1980.0,614,1984.0,377,1979.0,598,1985.0,989,1978.0,341,1986.0,415,1977.0,486
1597988257113677056,1597988257000000000,2020-08-21 13:37:37.000000,1981.0,1985.0,1911.0,1939.0,nan,1952.032536,1215800,23732811570.0,450523,1982.0,395,1981.0,436,1983.0,1293,1980.0,614,1984.0,377,1979.0,597,1985.0,989,1978.0,341,1986.0,415,1977.0,486
1597988257610610944,1597988257500000000,2020-08-21 13:37:37.500000,1981.0,1985.0,1911.0,1939.0,nan,1952.032583,1215802,23732851190.0,450523,1982.0,411,1981.0,434,1983.0,1293,1980.0,618,1984.0,377,1979.0,597,1985.0,989,1978.0,341,1986.0,415,1977.0,486
1597988258108945920,1597988258000000000,2020-08-21 13:37:38.000000,1982.0,1985.0,1911.0,1939.0,nan,1952.032657,1215805,23732910650.0,450523,1982.0,421,1981.0,435,1983.0,1293,1980.0,619,1984.0,376,1979.0,598,1985.0,989,1978.0,341,1986.0,415,1977.0,486
1597988258600220928,1597988258500000000,2020-08-21 13:37:38.500000,1981.0,1985.0,1911.0,1939.0,nan,1952.032952,1215817,23733148480.0,450523,1982.0,411,1981.0,416,1983.0,1293,1980.0,619,1984.0,376,1979.0,598,1985.0,989,1978.0,341,1986.0,415,1977.0,486
1597988259133882112,1597988259000000000,2020-08-21 13:37:39.000000,1981.0,1985.0,1911.0,1939.0,nan,1952.033954,1215859,23733980510.0,450514,1982.0,422,1981.0,376,1983.0,1258,1980.0,619,1984.0,376,1979.0,598,1985.0,989,1978.0,341,1986.0,415,1977.0,486
1597988259613958912,1597988259500000000,2020-08-21 13:37:39.500000,1981.0,1985.0,1911.0,1939.0,nan,1952.042983,1216238,23741488530.0,450426,1981.0,289,1980.0,637,1982.0,439,1979.0,598,1983.0,1258,1978.0,341,1984.0,376,1977.0,486,1985.0,989,1976.0,461
1597988260115895040,1597988260000000000,2020-08-21 13:37:40.000000,1980.0,1985.0,1911.0,1939.0,nan,1952.043506,1216260,23741924340.0,450426,1981.0,328,1980.0,636,1982.0,543,1979.0,598,1983.0,1258,1978.0,342,1984.0,377,1977.0,492,1985.0,990,1976.0,461
1597988260619101952,1597988260500000000,2020-08-21 13:37:40.500000,1980.0,1985.0,1911.0,1939.0,nan,1952.043932,1216278,23742280900.0,450427,1981.0,322,1980.0,644,1982.0,545,1979.0,598,1983.0,1257,1978.0,342,1984.0,377,1977.0,492,1985.0,990,1976.0,462
1597988261144457984,1597988261000000000,2020-08-21 13:37:41.000000,1980.0,1985.0,1911.0,1939.0,nan,1952.043932,1216278,23742280900.0,450427,1981.0,323,1980.0,644,1982.0,562,1979.0,598,1983.0,1255,1978.0,342,1984.0,377,1977.0,492,1985.0,990,1976.0,462
1597988261600432896,1597988261500000000,2020-08-21 13:37:41.500000,1980.0,1985.0,1911.0,1939.0,nan,1952.043932,1216278,23742280900.0,450427,1981.0,325,1980.0,644,1982.0,564,1979.0,598,1983.0,1255,1978.0,342,1984.0,377,1977.0,493,1985.0,990,1976.0,462
1597988262117491968,1597988262000000000,2020-08-21 13:37:42.000000,1980.0,1985.0,1911.0,1939.0,nan,1952.044027,1216282,23742360130.0,450426,1981.0,322,1980.0,645,1982.0,566,1979.0,598,1983.0,1255,1978.0,342,1984.0,377,1977.0,493,1985.0,990,1976.0,463
1597988262631613952,1597988262500000000,2020-08-21 13:37:42.500000,1980.0,1985.0,1911.0,1939.0,nan,1952.04405,1216283,23742379930.0,450427,1981.0,322,1980.0,644,1982.0,571,1979.0,598,1983.0,1255,1978.0,342,1984.0,377,1977.0,493,1985.0,990,1976.0,463
1597988263104568064,1597988263000000000,2020-08-21 13:37:43.000000,1981.0,1985.0,1911.0,1939.0,nan,1952.044143,1216287,23742459150.0,450428,1981.0,320,1980.0,645,1982.0,572,1979.0,597,1983.0,1255,1978.0,342,1984.0,376,1977.0,493,1985.0,990,1976.0,463
1597988263615283968,1597988263500000000,2020-08-21 13:37:43.500000,1981.0,1985.0,1911.0,1939.0,nan,1952.044854,1216317,23743053410.0,450403,1981.0,294,1980.0,642,1982.0,574,1979.0,598,1983.0,1255,1978.0,342,1984.0,376,1977.0,493,1985.0,990,1976.0,464
1597988264119427072,1597988264000000000,2020-08-21 13:37:44.000000,1980.0,1985.0,1911.0,1939.0,nan,1952.044877,1216318,23743073210.0,450404,1981.0,294,1980.0,640,1982.0,583,1979.0,598,1983.0,1252,1978.0,342,1984.0,376,1977.0,493,1985.0,990,1976.0,464
1597988264616186880,1597988264500000000,2020-08-21 13:37:44.500000,1980.0,1985.0,1911.0,1939.0,nan,1952.044923,1216320,23743112810.0,450403,1981.0,295,1980.0,640,1982.0,583,1979.0,598,1983.0,1249,1978.0,342,1984.0,376,1977.0,493,1985.0,990,1976.0,464
1597988265134806016,1597988265000000000,2020-08-21 13:37:45.000000,1980.0,1985.0,1911.0,1939.0,nan,1952.044969,1216322,23743152410.0,450403,1981.0,313,1980.0,638,1982.0,597,1979.0,598,1983.0,1248,1978.0,342,1984.0,378,1977.0,493,1985.0,986,1976.0,464
1597988265610277888,1597988265500000000,2020-08-21 13:37:45.500000,1980.0,1985.0,1911.0,1939.0,nan,1952.044969,1216322,23743152410.0,450403,1981.0,365,1980.0,639,1982.0,607,1979.0,598,1983.0,1248,1978.0,342,1984.0,378,1977.0,493,1985.0,986,1976.0,464
1597988266133824000,1597988266000000000,2020-08-21 13:37:46.000000,1980.0,1985.0,1911.0,1939.0,nan,1952.045064,1216326,23743231640.0,450400,1981.0,386,1980.0,629,1982.0,606,1979.0,598,1983.0,1248,1978.0,342,1984.0,378,1977.0,493,1985.0,986,1976.0,464
1597988266615823872,1597988266500000000,2020-08-21 13:37:46.500000,1980.0,1985.0,1911.0,1939.0,nan,1952.045087,1216327,23743251440.0,450400,1981.0,386,1980.0,635,1982.0,605,1979.0,598,1983.0,1259,1978.0,351,1984.0,378,1977.0,493,1985.0,986,1976.0,464
1597988267134586112,1597988267000000000,2020-08-21 13:37:47.000000,1980.0,1985.0,1911.0,1939.0,nan,1952.045346,1216338,23743469320.0,450392,1981.0,381,1980.0,641,1982.0,606,1979.0,598,1983.0,1259,1978.0,351,1984.0,378,1977.0,493,1985.0,986,1976.0,464
1597988267612951040,1597988267500000000,2020-08-21 13:37:47.500000,1980.0,1985.0,1911.0,1939.0,nan,1952.045701,1216353,23743766440.0,450390,1981.0,370,1980.0,674,1982.0,608,1979.0,598,1983.0,1259,1978.0,351,1984.0,378,1977.0,493,1985.0,986,1976.0,464
1597988268145946880,1597988268000000000,2020-08-21 13:37:48.000000,1981.0,1985.0,1911.0,1939.0,nan,1952.045771,1216356,23743825860.0,450390,1981.0,368,1980.0,674,1982.0,610,1979.0,598,1983.0,1259,1978.0,351,1984.0,378,1977.0,493,1985.0,986,1976.0,464
1597988268618984960,1597988268500000000,2020-08-21 13:37:48.500000,1981.0,1985.0,1911.0,1939.0,nan,1952.045771,1216356,23743825860.0,450390,1981.0,371,1980.0,675,1982.0,610,1979.0,598,1983.0,1258,1978.0,351,1984.0,378,1977.0,493,1985.0,986,1976.0,464
1597988269110841088,1597988269000000000,2020-08-21 13:37:49.000000,1980.0,1985.0,1911.0,1939.0,nan,1952.045886,1216361,23743924860.0,450390,1981.0,371,1980.0,671,1982.0,610,1979.0,600,1983.0,1257,1978.0,351,1984.0,378,1977.0,493,1985.0,986,1976.0,464
1597988269621292032,1597988269500000000,2020-08-21 13:37:49.500000,1980.0,1985.0,1911.0,1939.0,nan,1952.045979,1216365,23744004070.0,450388,1981.0,389,1980.0,669,1982.0,609,1979.0,600,1983.0,1257,1978.0,351,1984.0,378,1977.0,493,1985.0,984,1976.0,464
1597988270143950080,1597988270000000000,2020-08-21 13:37:50.000000,1981.0,1985.0,1911.0,1939.0,nan,1952.046003,1216366,23744023880.0,450387,1981.0,390,1980.0,669,1982.0,619,1979.0,600,1983.0,1256,1978.0,351,1984.0,378,1977.0,493,1985.0,984,1976.0,467
1597988270606959104,1597988270500000000,2020-08-21 13:37:50.500000,1980.0,1985.0,1911.0,1939.0,nan,1952.046462,1216386,23744419880.0,450393,1981.0,393,1980.0,650,1982.0,619,1979.0,600,1983.0,1256,1978.0,361,1984.0,378,1977.0,493,1985.0,984,1976.0,467
1597988271142949888,1597988271000000000,2020-08-21 13:37:51.000000,1980.0,1985.0,1911.0,1939.0,nan,1952.046485,1216387,23744439680.0,450394,1981.0,394,1980.0,651,1982.0,620,1979.0,600,1983.0,1255,1978.0,361,1984.0,375,1977.0,493,1985.0,984,1976.0,467
1597988271602039040,1597988271500000000,2020-08-21 13:37:51.500000,1980.0,1985.0,1911.0,1939.0,nan,1952.046532,1216389,23744479290.0,450394,1981.0,398,1980.0,653,1982.0,631,1979.0,600,1983.0,1255,1978.0,361,1984.0,375,1977.0,493,1985.0,984,1976.0,467
1597988272133842944,1597988272000000000,2020-08-21 13:37:52.000000,1980.0,1985.0,1911.0,1939.0,nan,1952.046649,1216394,23744578320.0,450396,1981.0,395,1980.0,652,1982.0,650,1979.0,601,1983.0,1256,1978.0,361,1984.0,375,1977.0,493,1985.0,984,1976.0,467
1597988272614073088,1597988272500000000,2020-08-21 13:37:52.500000,1980.0,1985.0,1911.0,1939.0,nan,1952.046719,1216397,23744637730.0,450396,1981.0,395,1980.0,653,1982.0,659,1979.0,601,1983.0,1256,1978.0,361,1984.0,375,1977.0,493,1985.0,980,1976.0,467
1597988273108435968,1597988273000000000,2020-08-21 13:37:53.000000,1980.0,1985.0,1911.0,1939.0,nan,1952.046765,1216399,23744677330.0,450396,1981.0,395,1980.0,651,1982.0,671,1979.0,601,1983.0,1255,1978.0,361,1984.0,375,1977.0,493,1985.0,980,1976.0,467
1597988273601129984,1597988273500000000,2020-08-21 13:37:53.500000,1981.0,1985.0,1911.0,1939.0,nan,1952.046789,1216400,23744697140.0,450396,1981.0,394,1980.0,654,1982.0,671,1979.0,600,1983.0,1255,1978.0,361,1984.0,376,1977.0,493,1985.0,980,1976.0,467
1597988274140423936,1597988274000000000,2020-08-21 13:37:54.000000,1980.0,1985.0,1911.0,1939.0,nan,1952.046835,1216402,23744736740.0,450398,1981.0,399,1980.0,652,1982.0,657,1979.0,600,1983.0,1255,1978.0,363,1984.0,376,1977.0,493,1985.0,980,1976.0,467
1597988274645619968,1597988274500000000,2020-08-21 13:37:54.500000,1980.0,1985.0,1911.0,1939.0,nan,1952.046858,1216403,23744756540.0,450398,1981.0,401,1980.0,653,1982.0,657,1979.0,601,1983.0,1255,1978.0,363,1984.0,376,1977.0,493,1985.0,979,1976.0,467
1597988275131313920,1597988275000000000,2020-08-21 13:37:55.000000,1980.0,1985.0,1911.0,1939.0,nan,1952.046858,1216403,23744756540.0,450398,1981.0,419,1980.0,653,1982.0,657,1979.0,601,1983.0,1256,1978.0,363,1984.0,376,1977.0,493,1985.0,979,1976.0,467
1597988275708880896,1597988275500000000,2020-08-21 13:37:55.500000,1980.0,1985.0,1911.0,1939.0,nan,1952.046927,1216406,23744815940.0,450398,1981.0,427,1980.0,606,1982.0,667,1979.0,601,1983.0,1256,1978.0,368,1984.0,376,1977.0,493,1985.0,979,1976.0,467
1597988276139891968,1597988276000000000,2020-08-21 13:37:56.000000,1980.0,1985.0,1911.0,1939.0,nan,1952.046997,1216409,23744875350.0,450400,1981.0,457,1980.0,604,1982.0,664,1979.0,602,1983.0,1256,1978.0,368,1984.0,376,1977.0,493,1985.0,979,1976.0,467
1597988276806142976,1597988276500000000,2020-08-21 13:37:56.500000,1980.0,1985.0,1911.0,1939.0,nan,1952.04702,1216410,23744895150.0,450400,1981.0,457,1980.0,608,1982.0,664,1979.0,602,1983.0,1258,1978.0,378,1984.0,376,1977.0,493,1985.0,979,1976.0,467
1597988277221189888,1597988277000000000,2020-08-21 13:37:57.000000,1980.0,1985.0,1911.0,1939.0,nan,1952.047065,1216412,23744934750.0,450401,1981.0,458,1980.0,607,1982.0,668,1979.0,602,1983.0,1257,1978.0,378,1984.0,376,1977.0,493,1985.0,979,1976.0,467
1597988277622524928,1597988277500000000,2020-08-21 13:37:57.500000,1980.0,1985.0,1911.0,1939.0,nan,1952.047065,1216412,23744934750.0,450401,1981.0,446,1980.0,606,1982.0,664,1979.0,602,1983.0,1257,1978.0,378,1984.0,376,1977.0,493,1985.0,979,1976.0,467
1597988278116045056,1597988278000000000,2020-08-21 13:37:58.000000,1981.0,1985.0,1911.0,1939.0,nan,1952.047135,1216415,23744994160.0,450403,1981.0,448,1980.0,605,1982.0,664,1979.0,602,1983.0,1260,1978.0,378,1984.0,376,1977.0,493,1985.0,979,1976.0,467
1597988278618863104,1597988278500000000,2020-08-21 13:37:58.500000,1980.0,1985.0,1911.0,1939.0,nan,1952.047296,1216422,23745132760.0,450404,1981.0,449,1980.0,598,1982.0,664,1979.0,602,1983.0,1260,1978.0,378,1984.0,376,1977.0,493,1985.0,978,1976.0,467
1597988279147930112,1597988279000000000,2020-08-21 13:37:59.000000,1980.0,1985.0,1911.0,1939.0,nan,1952.047414,1216427,23745231800.0,450405,1981.0,445,1980.0,598,1982.0,667,1979.0,602,1983.0,1260,1978.0,378,1984.0,376,1977.0,493,1985.0,978,1976.0,467
1597988279639369984,1597988279500000000,2020-08-21 13:37:59.500000,1981.0,1985.0,1911.0,1939.0,nan,1952.047509,1216431,23745311030.0,450406,1981.0,453,1980.0,597,1982.0,667,1979.0,602,1983.0,1260,1978.0,378,1984.0,376,1977.0,493,1985.0,978,1976.0,468
1597988280161719040,1597988280000000000,2020-08-21 13:38:00.000000,1980.0,1985.0,1911.0,1939.0,nan,1952.047876,1216447,23745627830.0,450417,1981.0,456,1980.0,581,1982.0,665,1979.0,602,1983.0,1260,1978.0,378,1984.0,376,1977.0,493,1985.0,978,1976.0,468
1597988280615774976,1597988280500000000,2020-08-21 13:38:00.500000,1981.0,1985.0,1911.0,1939.0,nan,1952.047924,1216449,23745667450.0,450417,1981.0,464,1980.0,581,1982.0,666,1979.0,602,1983.0,1260,1978.0,378,1984.0,376,1977.0,493,1985.0,968,1976.0,468
1597988281130952960,1597988281000000000,2020-08-21 13:38:01.000000,1981.0,1985.0,1911.0,1939.0,nan,1952.047924,1216449,23745667450.0,450417,1981.0,474,1980.0,581,1982.0,664,1979.0,602,1983.0,1260,1978.0,378,1984.0,376,1977.0,493,1985.0,968,1976.0,469
1597988281613148928,1597988281500000000,2020-08-21 13:38:01.500000,1980.0,1985.0,1911.0,1939.0,nan,1952.047993,1216452,23745726850.0,450418,1981.0,476,1980.0,581,1982.0,700,1979.0,652,1983.0,1259,1978.0,378,1984.0,374,1977.0,493,1985.0,968,1976.0,469
1597988282145883904,1597988282000000000,2020-08-21 13:38:02.000000,1980.0,1985.0,1911.0,1939.0,nan,1952.047993,1216452,23745726850.0,450418,1981.0,479,1980.0,581,1982.0,699,1979.0,652,1983.0,1259,1978.0,379,1984.0,374,1977.0,494,1985.0,968,1976.0,469
1597988282622302976,1597988282500000000,2020-08-21 13:38:02.500000,1980.0,1985.0,1911.0,1939.0,nan,1952.048016,1216453,23745746650.0,450418,1981.0,463,1980.0,586,1982.0,699,1979.0,652,1983.0,1259,1978.0,379,1984.0,374,1977.0,494,1985.0,968,1976.0,469
1597988283119947008,1597988283000000000,2020-08-21 13:38:03.000000,1980.0,1985.0,1911.0,1939.0,nan,1952.048269,1216464,23745964450.0,450416,1981.0,463,1980.0,576,1982.0,699,1979.0,654,1983.0,1259,1978.0,379,1984.0,374,1977.0,494,1985.0,968,1976.0,469
1597988283617376000,1597988283500000000,2020-08-21 13:38:03.500000,1980.0,1985.0,1911.0,1939.0,nan,1952.048269,1216464,23745964450.0,450416,1981.0,465,1980.0,578,1982.0,698,1979.0,657,1983.0,1259,1978.0,377,1984.0,374,1977.0,494,1985.0,968,1976.0,468
1597988284127696896,1597988284000000000,2020-08-21 13:38:04.000000,1980.0,1985.0,1911.0,1939.0,nan,1952.048269,1216464,23745964450.0,450416,1981.0,464,1980.0,579,1982.0,699,1979.0,657,1983.0,1269,1978.0,377,1984.0,374,1977.0,494,1985.0,968,1976.0,469
1597988284616146944,1597988284500000000,2020-08-21 13:38:04.500000,1980.0,1985.0,1911.0,1939.0,nan,1952.048338,1216467,23746023850.0,450419,1981.0,464,1980.0,593,1982.0,699,1979.0,657,1983.0,1269,1978.0,377,1984.0,373,1977.0,494,1985.0,968,1976.0,469
1597988285121569024,1597988285000000000,2020-08-21 13:38:05.000000,1981.0,1985.0,1911.0,1939.0,nan,1952.048361,1216468,23746043660.0,450418,1981.0,528,1980.0,596,1982.0,699,1979.0,655,1983.0,1266,1978.0,377,1984.0,373,1977.0,494,1985.0,968,1976.0,469
1597988285621917952,1597988285500000000,2020-08-21 13:38:05.500000,1981.0,1985.0,1911.0,1939.0,nan,1952.048361,1216468,23746043660.0,450418,1981.0,538,1980.0,596,1982.0,698,1979.0,655,1983.0,1266,1978.0,377,1984.0,373,1977.0,494,1985.0,968,1976.0,469
1597988286143440896,1597988286000000000,2020-08-21 13:38:06.000000,1980.0,1985.0,1911.0,1939.0,nan,1952.048384,1216469,23746063460.0,450419,1981.0,541,1980.0,595,1982.0,699,1979.0,655,1983.0,1266,1978.0,377,1984.0,373,1977.0,494,1985.0,968,1976.0,469
1597988287125505024,1597988287000000000,2020-08-21 13:38:07.000000,1980.0,1985.0,1911.0,1939.0,nan,1952.04843,1216471,23746103060.0,450419,1981.0,541,1980.0,593,1982.0,698,1979.0,655,1983.0,1266,1978.0,377,1984.0,373,1977.0,494,1985.0,968,1976.0,469
1597988287618208000,1597988287500000000,2020-08-21 13:38:07.500000,1981.0,1985.0,1911.0,1939.0,nan,1952.048548,1216476,23746202090.0,450417,1981.0,541,1980.0,597,1982.0,698,1979.0,656,1983.0,1266,1978.0,377,1984.0,373,1977.0,494,1985.0,968,1976.0,469
1597988288146241024,1597988288000000000,2020-08-21 13:38:08.000000,1980.0,1985.0,1911.0,1939.0,nan,1952.048571,1216477,23746221890.0,450417,1981.0,541,1980.0,596,1982.0,698,1979.0,656,1983.0,1265,1978.0,377,1984.0,372,1977.0,494,1985.0,978,1976.0,469
1597988288604175104,1597988288500000000,2020-08-21 13:38:08.500000,1980.0,1985.0,1911.0,1939.0,nan,1952.048984,1216495,23746578290.0,450425,1981.0,561,1980.0,578,1982.0,708,1979.0,657,1983.0,1265,1978.0,377,1984.0,372,1977.0,494,1985.0,978,1976.0,469
1597988289127309056,1597988289000000000,2020-08-21 13:38:09.000000,1980.0,1985.0,1911.0,1939.0,nan,1952.048984,1216495,23746578290.0,450425,1981.0,570,1980.0,578,1982.0,710,1979.0,657,1983.0,1265,1978.0,377,1984.0,372,1977.0,494,1985.0,978,1976.0,469
1597988289631817984,1597988289500000000,2020-08-21 13:38:09.500000,1980.0,1985.0,1911.0,1939.0,nan,1952.049076,1216499,23746657490.0,450425,1981.0,570,1980.0,575,1982.0,712,1979.0,657,1983.0,1265,1978.0,377,1984.0,372,1977.0,494,1985.0,978,1976.0,469
1597988290114214912,1597988290000000000,2020-08-21 13:38:10.000000,1980.0,1985.0,1911.0,1939.0,nan,1952.049146,1216502,23746716900.0,450426,1981.0,570,1980.0,575,1982.0,712,1979.0,657,1983.0,1266,1978.0,377,1984.0,372,1977.0,494,1985.0,978,1976.0,469
1597988290600887040,1597988290500000000,2020-08-21 13:38:10.500000,1981.0,1985.0,1911.0,1939.0,nan,1952.049216,1216505,23746776310.0,450428,1981.0,569,1980.0,574,1982.0,713,1979.0,657,1983.0,1267,1978.0,377,1984.0,372,1977.0,494,1985.0,978,1976.0,469
1597988291118995968,1597988291000000000,2020-08-21 13:38:11.000000,1980.0,1985.0,1911.0,1939.0,nan,1952.04963,1216523,23747132720.0,450434,1981.0,569,1980.0,555,1982.0,712,1979.0,657,1983.0,1267,1978.0,377,1984.0,371,1977.0,494,1985.0,978,1976.0,469
1597988291620359936,1597988291500000000,2020-08-21 13:38:11.500000,1980.0,1985.0,1911.0,1939.0,nan,1952.04986,1216533,23747330720.0,450433,1981.0,569,1980.0,546,1982.0,712,1979.0,658,1983.0,1267,1978.0,377,1984.0,371,1977.0,494,1985.0,978,1976.0,469
1597988292153720064,1597988292000000000,2020-08-21 13:38:12.000000,1980.0,1985.0,1911.0,1939.0,nan,1952.049906,1216535,23747370320.0,450435,1981.0,569,1980.0,603,1982.0,712,1979.0,658,1983.0,1267,1978.0,377,1984.0,371,1977.0,494,1985.0,978,1976.0,469
1597988292610728960,1597988292500000000,2020-08-21 13:38:12.500000,1980.0,1985.0,1911.0,1939.0,nan,1952.049929,1216536,23747390120.0,450435,1981.0,570,1980.0,616,1982.0,712,1979.0,660,1983.0,1267,1978.0,377,1984.0,371,1977.0,494,1985.0,978,1976.0,469
1597988293122754048,1597988293000000000,2020-08-21 13:38:13.000000,1981.0,1985.0,1911.0,1939.0,nan,1952.050643,1216566,23747984420.0,450435,1981.0,525,1980.0,617,1982.0,713,1979.0,660,1983.0,1267,1978.0,379,1984.0,371,1977.0,494,1985.0,978,1976.0,469
1597988293600720896,1597988293500000000,2020-08-21 13:38:13.500000,1981.0,1985.0,1911.0,1939.0,nan,1952.050643,1216566,23747984420.0,450435,1981.0,521,1980.0,616,1982.0,713,1979.0,660,1983.0,1267,1978.0,381,1984.0,371,1977.0,494,1985.0,978,1976.0,469
1597988294141096960,1597988294000000000,2020-08-21 13:38:14.000000,1980.0,1985.0,1911.0,1939.0,nan,1952.050688,1216568,23748024020.0,450437,1981.0,521,1980.0,614,1982.0,711,1979.0,660,1983.0,1267,1978.0,381,1984.0,371,1977.0,495,1985.0,978,1976.0,469
1597988294609562112,1597988294500000000,2020-08-21 13:38:14.500000,1980.0,1985.0,1911.0,1939.0,nan,1952.050688,1216568,23748024020.0,450437,1981.0,522,1980.0,638,1982.0,711,1979.0,660,1983.0,1267,1978.0,381,1984.0,370,1977.0,495,1985.0,978,1976.0,469
1597988295151880960,1597988295000000000,2020-08-21 13:38:15.000000,1981.0,1985.0,1911.0,1939.0,nan,1952.05076,1216571,23748083450.0,450437,1981.0,528,1980.0,640,1982.0,711,1979.0,660,1983.0,1267,1978.0,381,1984.0,370,1977.0,495,1985.0,978,1976.0,464
1597988295616115968,1597988295500000000,2020-08-21 13:38:15.500000,1980.0,1985.0,1911.0,1939.0,nan,1952.050783,1216572,23748103250.0,450437,1981.0,529,1980.0,639,1982.0,711,1979.0,660,1983.0,1267,1978.0,381,1984.0,370,1977.0,495,1985.0,978,1976.0,464
1597988296113412096,1597988296000000000,2020-08-21 13:38:16.000000,1980.0,1985.0,1911.0,1939.0,nan,1952.050829,1216574,23748142850.0,450437,1981.0,529,1980.0,641,1982.0,710,1979.0,660,1983.0,1267,1978.0,381,1984.0,370,1977.0,495,1985.0,978,1976.0,464
1597988296616686080,1597988296500000000,2020-08-21 13:38:16.500000,1980.0,1985.0,1911.0,1939.0,nan,1952.050875,1216576,23748182450.0,450439,1981.0,538,1980.0,644,1982.0,710,1979.0,662,1983.0,1267,1978.0,381,1984.0,370,1977.0,495,1985.0,978,1976.0,464
1597988297150652928,1597988297000000000,2020-08-21 13:38:17.000000,1980.0,1985.0,1911.0,1939.0,nan,1952.050898,1216577,23748202250.0,450440,1981.0,538,1980.0,644,1982.0,710,1979.0,662,1983.0,1267,1978.0,381,1984.0,370,1977.0,495,1985.0,978,1976.0,464
1597988297623977984,1597988297500000000,2020-08-21 13:38:17.500000,1980.0,1985.0,1911.0,1939.0,nan,1952.051036,1216583,23748321050.0,450440,1981.0,540,1980.0,639,1982.0,711,1979.0,662,1983.0,1257,1978.0,381,1984.0,370,1977.0,493,1985.0,978,1976.0,463
1597988298135010048,1597988298000000000,2020-08-21 13:38:18.000000,1981.0,1985.0,1911.0,1939.0,nan,1952.051106,1216586,23748380470.0,450439,1981.0,539,1980.0,638,1982.0,711,1979.0,662,1983.0,1257,1978.0,381,1984.0,370,1977.0,503,1985.0,978,1976.0,463
1597988298623695104,1597988298500000000,2020-08-21 13:38:18.500000,1980.0,1985.0,1911.0,1939.0,nan,1952.051152,1216588,23748420070.0,450440,1981.0,540,1980.0,637,1982.0,701,1979.0,662,1983.0,1256,1978.0,381,1984.0,370,1977.0,503,1985.0,978,1976.0,463
1597988299131365120,1597988299000000000,2020-08-21 13:38:19.000000,1981.0,1985.0,1911.0,1939.0,nan,1952.051176,1216589,23748439880.0,450440,1981.0,544,1980.0,637,1982.0,701,1979.0,662,1983.0,1256,1978.0,381,1984.0,370,1977.0,503,1985.0,978,1976.0,463
1597988299621733888,1597988299500000000,2020-08-21 13:38:19.500000,1981.0,1985.0,1911.0,1939.0,nan,1952.051342,1216596,23748578540.0,450443,1981.0,540,1980.0,633,1982.0,701,1979.0,662,1983.0,1256,1978.0,381,1984.0,370,1977.0,503,1985.0,978,1976.0,463
1597988300146931968,1597988300000000000,2020-08-21 13:38:20.000000,1980.0,1985.0,1911.0,1939.0,nan,1952.051411,1216599,23748637950.0,450443,1981.0,539,1980.0,631,1982.0,701,1979.0,662,1983.0,1256,1978.0,381,1984.0,370,1977.0,504,1985.0,977,1976.0,463
1597988300617914880,1597988300500000000,2020-08-21 13:38:20.500000,1980.0,1985.0,1911.0,1939.0,nan,1952.051688,1216611,23748875560.0,450454,1981.0,533,1980.0,621,1982.0,681,1979.0,662,1983.0,1255,1978.0,381,1984.0,370,1977.0,504,1985.0,977,1976.0,463
1597988301440903936,1597988301000000000,2020-08-21 13:38:21.000000,1980.0,1985.0,1911.0,1939.0,nan,1952.051688,1216611,23748875560.0,450454,1981.0,535,1980.0,621,1982.0,681,1979.0,662,1983.0,1255,1978.0,382,1984.0,370,1977.0,504,1985.0,977,1976.0,463
1597988301827933952,1597988301500000000,2020-08-21 13:38:21.500000,1980.0,1985.0,1911.0,1939.0,nan,1952.051688,1216611,23748875560.0,450454,1981.0,546,1980.0,621,1982.0,681,1979.0,662,1983.0,1255,1978.0,382,1984.0,370,1977.0,505,1985.0,972,1976.0,463
1597988302138807040,1597988302000000000,2020-08-21 13:38:22.000000,1981.0,1985.0,1911.0,1939.0,nan,1952.051807,1216616,23748974610.0,450454,1981.0,541,1980.0,622,1982.0,681,1979.0,662,1983.0,1255,1978.0,382,1984.0,370,1977.0,505,1985.0,972,1976.0,463
1597988302622810112,1597988302500000000,2020-08-21 13:38:22.500000,1980.0,1985.0,1911.0,1939.0,nan,1952.051876,1216619,23749034010.0,450456,1981.0,542,1980.0,618,1982.0,681,1979.0,662,1983.0,1254,1978.0,382,1984.0,370,1977.0,505,1985.0,972,1976.0,463
1597988303119641088,1597988303000000000,2020-08-21 13:38:23.000000,1981.0,1985.0,1911.0,1939.0,nan,1952.051971,1216623,23749113250.0,450460,1981.0,538,1980.0,618,1982.0,680,1979.0,662,1983.0,1254,1978.0,382,1984.0,370,1977.0,505,1985.0,972,1976.0,463
1597988303602740992,1597988303500000000,2020-08-21 13:38:23.500000,1980.0,1985.0,1911.0,1939.0,nan,1952.051994,1216624,23749133050.0,450461,1981.0,543,1980.0,619,1982.0,681,1979.0,662,1983.0,1254,1978.0,382,1984.0,370,1977.0,505,1985.0,972,1976.0,463
1597988304152005120,1597988304000000000,2020-08-21 13:38:24.000000,1980.0,1985.0,1911.0,1939.0,nan,1952.052476,1216645,23749548850.0,450478,1981.0,542,1980.0,598,1982.0,682,1979.0,662,1983.0,1254,1978.0,382,1984.0,370,1977.0,505,1985.0,972,1976.0,463
1597988304619796992,1597988304500000000,2020-08-21 13:38:24.500000,1980.0,1985.0,1911.0,1939.0,nan,1952.052499,1216646,23749568650.0,450478,1981.0,542,1980.0,597,1982.0,683,1979.0,662,1983.0,1254,1978.0,382,1984.0,370,1977.0,506,1985.0,972,1976.0,463
1597988305110149888,1597988305000000000,2020-08-21 13:38:25.000000,1980.0,1985.0,1911.0,1939.0,nan,1952.052614,1216651,23749667650.0,450480,1981.0,542,1980.0,593,1982.0,684,1979.0,663,1983.0,1255,1978.0,382,1984.0,370,1977.0,506,1985.0,972,1976.0,464
1597988305616539904,1597988305500000000,2020-08-21 13:38:25.500000,1981.0,1985.0,1911.0,1939.0,nan,1952.052708,1216655,23749746880.0,450481,1981.0,539,1980.0,594,1982.0,684,1979.0,663,1983.0,1255,1978.0,382,1984.0,370,1977.0,506,1985.0,972,1976.0,464
1597988306144358912,1597988306000000000,2020-08-21 13:38:26.000000,1981.0,1985.0,1911.0,1939.0,nan,1952.053256,1216678,23750202510.0,450490,1981.0,516,1980.0,594,1982.0,684,1979.0,663,1983.0,1255,1978.0,382,1984.0,370,1977.0,506,1985.0,972,1976.0,464
1597988306613716992,1597988306500000000,2020-08-21 13:38:26.500000,1980.0,1985.0,1911.0,1939.0,nan,1952.053325,1216681,23750261910.0,450490,1981.0,517,1980.0,601,1982.0,683,1979.0,663,1983.0,1256,1978.0,382,1984.0,370,1977.0,506,1985.0,972,1976.0,464
1597988307109243904,1597988307000000000,2020-08-21 13:38:27.000000,1981.0,1985.0,1911.0,1939.0,nan,1952.053515,1216689,23750420390.0,450490,1981.0,509,1980.0,602,1982.0,682,1979.0,663,1983.0,1256,1978.0,382,1984.0,370,1977.0,506,1985.0,973,1976.0,464
1597988307622651904,1597988307500000000,2020-08-21 13:38:27.500000,1980.0,1985.0,1911.0,1939.0,nan,1952.054958,1216750,23751628700.0,450490,1981.0,460,1980.0,593,1982.0,682,1979.0,663,1983.0,1256,1978.0,382,1984.0,370,1977.0,506,1985.0,973,1976.0,464
1597988308119915008,1597988308000000000,2020-08-21 13:38:28.000000,1980.0,1985.0,1911.0,1939.0,nan,1952.055165,1216759,23751806900.0,450491,1981.0,446,1980.0,586,1982.0,683,1979.0,661,1983.0,1256,1978.0,384,1984.0,370,1977.0,506,1985.0,973,1976.0,464
1597988308627493120,1597988308500000000,2020-08-21 13:38:28.500000,1980.0,1985.0,1911.0,1939.0,nan,1952.05528,1216764,23751905910.0,450492,1981.0,447,1980.0,582,1982.0,683,1979.0,662,1983.0,1256,1978.0,385,1984.0,370,1977.0,505,1985.0,972,1976.0,464
1597988309157303040,1597988309000000000,2020-08-21 13:38:29.000000,1980.0,1985.0,1911.0,1939.0,nan,1952.05528,1216764,23751905910.0,450492,1981.0,446,1980.0,586,1982.0,683,1979.0,665,1983.0,1256,1978.0,385,1984.0,369,1977.0,505,1985.0,972,1976.0,464
1597988309691678976,1597988309500000000,2020-08-21 13:38:29.500000,1981.0,1985.0,1911.0,1939.0,nan,1952.055304,1216765,23751925720.0,450492,1981.0,452,1980.0,587,1982.0,684,1979.0,665,1983.0,1255,1978.0,385,1984.0,369,1977.0,505,1985.0,972,1976.0,464
1597988310206968064,1597988310000000000,2020-08-21 13:38:30.000000,1981.0,1985.0,1911.0,1939.0,nan,1952.055399,1216769,23752004960.0,450492,1981.0,398,1980.0,587,1982.0,689,1979.0,665,1983.0,1255,1978.0,385,1984.0,369,1977.0,505,1985.0,972,1976.0,464
1597988310610938112,1597988310500000000,2020-08-21 13:38:30.500000,1980.0,1985.0,1911.0,1939.0,nan,1952.055468,1216772,23752064360.0,450494,1981.0,398,1980.0,584,1982.0,689,1979.0,665,1983.0,1256,1978.0,385,1984.0,369,1977.0,505,1985.0,972,1976.0,464
1597988311108723968,1597988311000000000,2020-08-21 13:38:31.000000,1981.0,1985.0,1911.0,1939.0,nan,1952.055492,1216773,23752084170.0,450494,1981.0,415,1980.0,589,1982.0,689,1979.0,665,1983.0,1256,1978.0,385,1984.0,369,1977.0,505,1985.0,972,1976.0,464
1597988311606096896,1597988311500000000,2020-08-21 13:38:31.500000,1980.0,1985.0,1911.0,1939.0,nan,1952.055515,1216774,23752103970.0,450494,1981.0,415,1980.0,589,1982.0,689,1979.0,665,1983.0,1256,1978.0,385,1984.0,369,1977.0,505,1985.0,972,1976.0,464
1597988312143127040,1597988312000000000,2020-08-21 13:38:32.000000,1980.0,1985.0,1911.0,1939.0,nan,1952.056204,1216804,23752697970.0,450524,1981.0,418,1980.0,560,1982.0,689,1979.0,673,1983.0,1257,1978.0,385,1984.0,369,1977.0,505,1985.0,963,1976.0,464
1597988312620972032,1597988312500000000,2020-08-21 13:38:32.500000,1980.0,1985.0,1911.0,1939.0,nan,1952.069471,1217382,23764142370.0,450375,1980.0,32,1979.0,698,1981.0,425,1978.0,385,1982.0,689,1977.0,505,1983.0,1254,1976.0,464,1984.0,369,1975.0,507
1597988313119442944,1597988313000000000,2020-08-21 13:38:33.000000,1980.0,1985.0,1911.0,1939.0,nan,1952.070618,1217432,23765132370.0,450347,1981.0,467,1980.0,233,1982.0,689,1979.0,700,1983.0,1253,1978.0,385,1984.0,349,1977.0,505,1985.0,988,1976.0,474
1597988313619592960,1597988313500000000,2020-08-21 13:38:33.500000,1980.0,1985.0,1911.0,1939.0,nan,1952.071353,1217464,23765765980.0,450345,1981.0,453,1980.0,260,1982.0,689,1979.0,700,1983.0,1252,1978.0,385,1984.0,349,1977.0,505,1985.0,988,1976.0,472
1597988314121991936,1597988314000000000,2020-08-21 13:38:34.000000,1980.0,1985.0,1911.0,1939.0,nan,1952.071495,1217470,23765884830.0,450345,1981.0,448,1980.0,292,1982.0,689,1979.0,700,1983.0,1253,1978.0,385,1984.0,349,1977.0,505,1985.0,988,1976.0,473
1597988314622554880,1597988314500000000,2020-08-21 13:38:34.500000,1980.0,1985.0,1911.0,1939.0,nan,1952.078467,1217774,23771904030.0,450405,1980.0,150,1979.0,700,1981.0,453,1978.0,385,1982.0,694,1977.0,505,1983.0,1253,1976.0,473,1984.0,349,1975.0,493
1597988315157837056,1597988315000000000,2020-08-21 13:38:35.000000,1980.0,1985.0,1911.0,1939.0,nan,1952.082685,1217958,23775547230.0,450300,1981.0,463,1980.0,177,1982.0,694,1979.0,701,1983.0,1253,1978.0,385,1984.0,349,1977.0,515,1985.0,988,1976.0,473
1597988315690289920,1597988315500000000,2020-08-21 13:38:35.500000,1980.0,1985.0,1911.0,1939.0,nan,1952.082868,1217966,23775705630.0,450304,1981.0,488,1980.0,207,1982.0,694,1979.0,700,1983.0,1253,1978.0,385,1984.0,349,1977.0,513,1985.0,998,1976.0,473
1597988316142476032,1597988316000000000,2020-08-21 13:38:36.000000,1980.0,1985.0,1911.0,1939.0,nan,1952.083052,1217974,23775864030.0,450307,1981.0,495,1980.0,199,1982.0,694,1979.0,700,1983.0,1253,1978.0,385,1984.0,349,1977.0,513,1985.0,999,1976.0,473
1597988316616912896,1597988316500000000,2020-08-21 13:38:36.500000,1980.0,1985.0,1911.0,1939.0,nan,1952.08406,1218018,23776735230.0,450309,1981.0,509,1980.0,154,1982.0,694,1979.0,699,1983.0,1253,1978.0,385,1984.0,349,1977.0,513,1985.0,999,1976.0,473
1597988317139357952,1597988317000000000,2020-08-21 13:38:37.000000,1980.0,1985.0,1911.0,1939.0,nan,1952.087796,1218181,23779962640.0,450381,1980.0,105,1979.0,699,1981.0,520,1978.0,385,1982.0,695,1977.0,513,1983.0,1253,1976.0,474,1984.0,349,1975.0,493
1597988317639316992,1597988317500000000,2020-08-21 13:38:37.500000,1980.0,1985.0,1911.0,1939.0,nan,1952.087796,1218181,23779962640.0,450381,1980.0,160,1979.0,699,1981.0,519,1978.0,385,1982.0,694,1977.0,513,1983.0,1253,1976.0,474,1984.0,349,1975.0,493
1597988318181915904,1597988318000000000,2020-08-21 13:38:38.000000,1980.0,1985.0,1911.0,1939.0,nan,1952.087842,1218183,23780002240.0,450380,1980.0,164,1979.0,700,1981.0,546,1978.0,385,1982.0,694,1977.0,513,1983.0,1254,1976.0,474,1984.0,349,1975.0,493
1597988318610951936,1597988318500000000,2020-08-21 13:38:38.500000,1979.0,1985.0,1911.0,1939.0,nan,1952.087886,1218185,23780041820.0,450380,1980.0,215,1979.0,698,1981.0,546,1978.0,385,1982.0,694,1977.0,513,1983.0,1254,1976.0,474,1984.0,349,1975.0,493
1597988319134430976,1597988319000000000,2020-08-21 13:38:39.000000,1979.0,1985.0,1911.0,1939.0,nan,1952.087886,1218185,23780041820.0,450380,1980.0,262,1979.0,700,1981.0,571,1978.0,385,1982.0,695,1977.0,513,1983.0,1254,1976.0,474,1984.0,349,1975.0,493
1597988319621647872,1597988319500000000,2020-08-21 13:38:39.500000,1980.0,1985.0,1911.0,1939.0,nan,1952.087909,1218186,23780061620.0,450379,1980.0,269,1979.0,691,1981.0,571,1978.0,385,1982.0,694,1977.0,512,1983.0,1254,1976.0,474,1984.0,349,1975.0,493
1597988320122840064,1597988320000000000,2020-08-21 13:38:40.000000,1979.0,1985.0,1911.0,1939.0,nan,1952.089077,1218237,23781071410.0,450329,1980.0,214,1979.0,691,1981.0,518,1978.0,385,1982.0,694,1977.0,512,1983.0,1254,1976.0,474,1984.0,349,1975.0,493
1597988320605413120,1597988320500000000,2020-08-21 13:38:40.500000,1980.0,1985.0,1911.0,1939.0,nan,1952.089211,1218243,23781190170.0,450326,1980.0,201,1979.0,687,1981.0,518,1978.0,385,1982.0,694,1977.0,513,1983.0,1254,1976.0,474,1984.0,349,1975.0,493
1597988321134215936,1597988321000000000,2020-08-21 13:38:41.000000,1979.0,1985.0,1911.0,1939.0,nan,1952.090124,1218283,23781982130.0,450292,1980.0,176,1979.0,683,1981.0,515,1978.0,386,1982.0,694,1977.0,513,1983.0,1254,1976.0,474,1984.0,349,1975.0,493
1597988321621886976,1597988321500000000,2020-08-21 13:38:41.500000,1980.0,1985.0,1911.0,1939.0,nan,1952.090368,1218294,23782199830.0,450281,1980.0,180,1979.0,673,1981.0,515,1978.0,386,1982.0,690,1977.0,513,1983.0,1254,1976.0,474,1984.0,349,1975.0,493
1597988322149649920,1597988322000000000,2020-08-21 13:38:42.000000,1979.0,1985.0,1911.0,1939.0,nan,1952.090413,1218296,23782239420.0,450279,1980.0,245,1979.0,672,1981.0,515,1978.0,385,1982.0,673,1977.0,513,1983.0,1254,1976.0,474,1984.0,349,1975.0,493
1597988322606543872,1597988322500000000,2020-08-21 13:38:42.500000,1979.0,1985.0,1911.0,1939.0,nan,1952.090413,1218296,23782239420.0,450279,1980.0,258,1979.0,673,1981.0,517,1978.0,385,1982.0,675,1977.0,513,1983.0,1253,1976.0,474,1984.0,347,1975.0,493
1597988323135233024,1597988323000000000,2020-08-21 13:38:43.000000,1980.0,1985.0,1911.0,1939.0,nan,1952.090459,1218298,23782279020.0,450278,1980.0,330,1979.0,674,1981.0,517,1978.0,385,1982.0,675,1977.0,513,1983.0,1253,1976.0,474,1984.0,347,1975.0,493
1597988323623480064,1597988323500000000,2020-08-21 13:38:43.500000,1979.0,1985.0,1911.0,1939.0,nan,1952.090481,1218299,23782298810.0,450278,1980.0,529,1979.0,676,1981.0,516,1978.0,387,1982.0,685,1977.0,513,1983.0,1253,1976.0,474,1984.0,347,1975.0,493
1597988324135443968,1597988324000000000,2020-08-21 13:38:44.000000,1980.0,1985.0,1911.0,1939.0,nan,1952.090527,1218301,23782338410.0,450278,1980.0,552,1979.0,677,1981.0,511,1978.0,387,1982.0,685,1977.0,513,1983.0,1252,1976.0,474,1984.0,347,1975.0,493
1597988324620366080,1597988324500000000,2020-08-21 13:38:44.500000,1979.0,1985.0,1911.0,1939.0,nan,1952.096048,1218551,23787285910.0,450161,1980.0,583,1979.0,426,1981.0,511,1978.0,387,1982.0,685,1977.0,513,1983.0,1252,1976.0,474,1984.0,348,1975.0,493
1597988325135275008,1597988325000000000,2020-08-21 13:38:45.000000,1979.0,1985.0,1911.0,1939.0,nan,1952.104611,1218939,23794964430.0,450221,1979.0,411,1978.0,387,1980.0,585,1977.0,513,1981.0,515,1976.0,474,1982.0,685,1975.0,493,1983.0,1252,1974.0,304
1597988325645532928,1597988325500000000,2020-08-21 13:38:45.500000,1978.0,1985.0,1911.0,1939.0,nan,1952.10483,1218949,23795162310.0,450221,1979.0,464,1978.0,453,1980.0,602,1977.0,513,1981.0,515,1976.0,474,1982.0,685,1975.0,522,1983.0,1259,1974.0,304
1597988326145861888,1597988326000000000,2020-08-21 13:38:46.000000,1978.0,1985.0,1911.0,1939.0,nan,1952.105288,1218970,23795577830.0,450215,1979.0,461,1978.0,454,1980.0,613,1977.0,523,1981.0,515,1976.0,474,1982.0,685,1975.0,522,1983.0,1259,1974.0,305
1597988326643920896,1597988326500000000,2020-08-21 13:38:46.500000,1978.0,1985.0,1911.0,1939.0,nan,1952.105786,1218993,23796032890.0,450216,1979.0,459,1978.0,443,1980.0,613,1977.0,523,1981.0,514,1976.0,474,1982.0,685,1975.0,523,1983.0,1258,1974.0,305
1597988327280696064,1597988327000000000,2020-08-21 13:38:47.000000,1978.0,1985.0,1911.0,1939.0,nan,1952.105829,1218995,23796072450.0,450216,1979.0,461,1978.0,449,1980.0,613,1977.0,523,1981.0,513,1976.0,474,1982.0,685,1975.0,523,1983.0,1258,1974.0,305
1597988327613517056,1597988327500000000,2020-08-21 13:38:47.500000,1979.0,1985.0,1911.0,1939.0,nan,1952.106831,1219042,23797002160.0,450221,1979.0,456,1978.0,396,1980.0,615,1977.0,523,1981.0,529,1976.0,474,1982.0,686,1975.0,523,1983.0,1258,1974.0,305
1597988328180080128,1597988328000000000,2020-08-21 13:38:48.000000,1979.0,1985.0,1911.0,1939.0,nan,1952.107193,1219059,23797338430.0,450224,1979.0,509,1978.0,365,1980.0,618,1977.0,523,1981.0,530,1976.0,475,1982.0,686,1975.0,523,1983.0,1258,1974.0,305
1597988328624165888,1597988328500000000,2020-08-21 13:38:48.500000,1979.0,1985.0,1911.0,1939.0,nan,1952.110271,1219200,23800128420.0,450170,1979.0,410,1978.0,339,1980.0,629,1977.0,524,1981.0,530,1976.0,475,1982.0,686,1975.0,523,1983.0,1258,1974.0,305
1597988329161412096,1597988329000000000,2020-08-21 13:38:49.000000,1978.0,1985.0,1911.0,1939.0,nan,1952.110378,1219205,23800227330.0,450171,1979.0,410,1978.0,352,1980.0,649,1977.0,522,1981.0,530,1976.0,475,1982.0,686,1975.0,523,1983.0,1258,1974.0,305
1597988329636574976,1597988329500000000,2020-08-21 13:38:49.500000,1978.0,1985.0,1911.0,1939.0,nan,1952.119064,1219614,23808317400.0,450263,1978.0,180,1977.0,532,1979.0,433,1976.0,473,1980.0,649,1975.0,523,1981.0,531,1974.0,305,1982.0,686,1973.0,361
1597988330131482112,1597988330000000000,2020-08-21 13:38:50.000000,1978.0,1985.0,1911.0,1939.0,nan,1952.123435,1219820,23812392080.0,450171,1979.0,450,1978.0,206,1980.0,649,1977.0,536,1981.0,509,1976.0,473,1982.0,686,1975.0,522,1983.0,1267,1974.0,318
1597988330645180928,1597988330500000000,2020-08-21 13:38:50.500000,1978.0,1985.0,1911.0,1939.0,nan,1952.123647,1219830,23812589880.0,450166,1979.0,462,1978.0,308,1980.0,647,1977.0,534,1981.0,509,1976.0,483,1982.0,686,1975.0,522,1983.0,1267,1974.0,318
1597988331126001920,1597988331000000000,2020-08-21 13:38:51.000000,1978.0,1985.0,1911.0,1939.0,nan,1952.123668,1219831,23812609660.0,450165,1979.0,460,1978.0,338,1980.0,647,1977.0,533,1981.0,497,1976.0,483,1982.0,684,1975.0,512,1983.0,1267,1974.0,318
1597988331631587072,1597988331500000000,2020-08-21 13:38:51.500000,1978.0,1985.0,1911.0,1939.0,nan,1952.123689,1219832,23812629440.0,450164,1979.0,449,1978.0,339,1980.0,595,1977.0,534,1981.0,498,1976.0,483,1982.0,683,1975.0,512,1983.0,1257,1974.0,318
1597988332159917056,1597988332000000000,2020-08-21 13:38:52.000000,1979.0,1985.0,1911.0,1939.0,nan,1952.124093,1219851,23813005270.0,450147,1979.0,448,1978.0,321,1980.0,595,1977.0,531,1981.0,497,1976.0,483,1982.0,690,1975.0,512,1983.0,1258,1974.0,318
1597988332676254976,1597988332500000000,2020-08-21 13:38:52.500000,1978.0,1985.0,1911.0,1939.0,nan,1952.124135,1219853,23813044830.0,450145,1979.0,450,1978.0,320,1980.0,596,1977.0,532,1981.0,496,1976.0,484,1982.0,690,1975.0,514,1983.0,1242,1974.0,318
1597988333157364992,1597988333000000000,2020-08-21 13:38:53.000000,1978.0,1985.0,1911.0,1939.0,nan,1952.125323,1219909,23814152510.0,450129,1979.0,451,1978.0,255,1980.0,586,1977.0,531,1981.0,496,1976.0,484,1982.0,690,1975.0,514,1983.0,1242,1974.0,318
1597988333626372096,1597988333500000000,2020-08-21 13:38:53.500000,1978.0,1985.0,1911.0,1939.0,nan,1952.125536,1219919,23814350320.0,450124,1979.0,451,1978.0,252,1980.0,587,1977.0,530,1981.0,496,1976.0,484,1982.0,690,1975.0,513,1983.0,1242,1974.0,318
1597988334134149888,1597988334000000000,2020-08-21 13:38:54.000000,1978.0,1985.0,1911.0,1939.0,nan,1952.125982,1219940,23814765700.0,450103,1979.0,453,1978.0,238,1980.0,587,1977.0,531,1981.0,489,1976.0,484,1982.0,690,1975.0,513,1983.0,1242,1974.0,318
1597988334615169024,1597988334500000000,2020-08-21 13:38:54.500000,1978.0,1985.0,1911.0,1939.0,nan,1952.126003,1219941,23814785480.0,450103,1979.0,453,1978.0,384,1980.0,586,1977.0,532,1981.0,489,1976.0,484,1982.0,670,1975.0,513,1983.0,1242,1974.0,318
1597988335134893056,1597988335000000000,2020-08-21 13:38:55.000000,1978.0,1985.0,1911.0,1939.0,nan,1952.126448,1219962,23815200860.0,450082,1979.0,456,1978.0,391,1980.0,589,1977.0,545,1981.0,483,1976.0,483,1982.0,670,1975.0,513,1983.0,1242,1974.0,318
1597988335641344000,1597988335500000000,2020-08-21 13:38:55.500000,1978.0,1985.0,1911.0,1939.0,nan,1952.126576,1219968,23815319550.0,450081,1979.0,460,1978.0,388,1980.0,588,1977.0,546,1981.0,471,1976.0,483,1982.0,660,1975.0,523,1983.0,1242,1974.0,318
1597988336181838080,1597988336000000000,2020-08-21 13:38:56.000000,1978.0,1985.0,1911.0,1939.0,nan,1952.129023,1220081,23817555300.0,450035,1979.0,325,1978.0,366,1980.0,588,1977.0,546,1981.0,464,1976.0,483,1982.0,660,1975.0,525,1983.0,1231,1974.0,318
1597988336611656960,1597988336500000000,2020-08-21 13:38:56.500000,1978.0,1985.0,1911.0,1939.0,nan,1952.129088,1220084,23817614660.0,450034,1979.0,363,1978.0,443,1980.0,588,1977.0,547,1981.0,462,1976.0,482,1982.0,661,1975.0,527,1983.0,1231,1974.0,318
1597988337164110080,1597988337000000000,2020-08-21 13:38:57.000000,1978.0,1985.0,1911.0,1939.0,nan,1952.129088,1220084,23817614660.0,450034,1979.0,364,1978.0,459,1980.0,588,1977.0,547,1981.0,461,1976.0,482,1982.0,663,1975.0,526,1983.0,1231,1974.0,318
1597988337648389888,1597988337500000000,2020-08-21 13:38:57.500000,1979.0,1985.0,1911.0,1939.0,nan,1952.129344,1220096,23817852040.0,450027,1979.0,363,1978.0,457,1980.0,587,1977.0,547,1981.0,461,1976.0,482,1982.0,658,1975.0,527,1983.0,1231,1974.0,318
1597988338135227904,1597988338000000000,2020-08-21 13:38:58.000000,1978.0,1985.0,1911.0,1939.0,nan,1952.129365,1220097,23817871820.0,450027,1979.0,361,1978.0,461,1980.0,577,1977.0,551,1981.0,461,1976.0,482,1982.0,658,1975.0,527,1983.0,1231,1974.0,318
1597988338619079936,1597988338500000000,2020-08-21 13:38:58.500000,1978.0,1985.0,1911.0,1939.0,nan,1952.129365,1220097,23817871820.0,450027,1979.0,361,1978.0,470,1980.0,577,1977.0,551,1981.0,461,1976.0,482,1982.0,657,1975.0,527,1983.0,1231,1974.0,318
1597988339248869120,1597988339000000000,2020-08-21 13:38:59.000000,1979.0,1985.0,1911.0,1939.0,nan,1952.129603,1220108,23818089460.0,450031,1979.0,356,1978.0,466,1980.0,576,1977.0,552,1981.0,461,1976.0,482,1982.0,657,1975.0,527,1983.0,1231,1974.0,318
1597988339620713984,1597988339500000000,2020-08-21 13:38:59.500000,1979.0,1985.0,1911.0,1939.0,nan,1952.129603,1220108,23818089460.0,450031,1979.0,357,1978.0,485,1980.0,579,1977.0,552,1981.0,461,1976.0,479,1982.0,657,1975.0,540,1983.0,1231,1974.0,318
1597988340132711936,1597988340000000000,2020-08-21 13:39:00.000000,1978.0,1985.0,1911.0,1939.0,nan,1952.129815,1220118,23818287260.0,450031,1979.0,358,1978.0,477,1980.0,579,1977.0,552,1981.0,461,1976.0,478,1982.0,657,1975.0,549,1983.0,1231,1974.0,318
1597988340625201920,1597988340500000000,2020-08-21 13:39:00.500000,1978.0,1985.0,1911.0,1939.0,nan,1952.129837,1220119,23818307040.0,450031,1979.0,377,1978.0,482,1980.0,591,1977.0,551,1981.0,461,1976.0,478,1982.0,658,1975.0,530,1983.0,1231,1974.0,318
1597988341119098112,1597988341000000000,2020-08-21 13:39:01.000000,1978.0,1985.0,1911.0,1939.0,nan,1952.129943,1220124,23818405940.0,450031,1979.0,377,1978.0,526,1980.0,591,1977.0,551,1981.0,461,1976.0,478,1982.0,658,1975.0,530,1983.0,1232,1974.0,318
1597988341639281920,1597988341500000000,2020-08-21 13:39:01.500000,1979.0,1985.0,1911.0,1939.0,nan,1952.129965,1220125,23818425730.0,450031,1979.0,381,1978.0,527,1980.0,592,1977.0,551,1981.0,460,1976.0,478,1982.0,658,1975.0,530,1983.0,1232,1974.0,318
1597988342153436928,1597988342000000000,2020-08-21 13:39:02.000000,1979.0,1985.0,1911.0,1939.0,nan,1952.13003,1220128,23818485090.0,450031,1979.0,319,1978.0,528,1980.0,592,1977.0,552,1981.0,459,1976.0,479,1982.0,655,1975.0,530,1983.0,1232,1974.0,318
1597988342646420992,1597988342500000000,2020-08-21 13:39:02.500000,1979.0,1985.0,1911.0,1939.0,nan,1952.137317,1220459,23825035580.0,450094,1980.0,591,1979.0,395,1981.0,448,1978.0,530,1982.0,655,1977.0,552,1983.0,1230,1976.0,481,1984.0,354,1975.0,530
1597988343151011072,1597988343000000000,2020-08-21 13:39:03.000000,1979.0,1985.0,1911.0,1939.0,nan,1952.137581,1220471,23825273060.0,450092,1980.0,597,1979.0,444,1981.0,448,1978.0,548,1982.0,655,1977.0,552,1983.0,1230,1976.0,481,1984.0,354,1975.0,532
1597988343649744896,1597988343500000000,2020-08-21 13:39:03.500000,1979.0,1985.0,1911.0,1939.0,nan,1952.137603,1220472,23825292850.0,450091,1980.0,619,1979.0,458,1981.0,438,1978.0,549,1982.0,655,1977.0,552,1983.0,1230,1976.0,481,1984.0,354,1975.0,532
1597988344125555968,1597988344000000000,2020-08-21 13:39:04.000000,1979.0,1985.0,1911.0,1939.0,nan,1952.137713,1220477,23825391800.0,450088,1980.0,619,1979.0,471,1981.0,441,1978.0,549,1982.0,650,1977.0,552,1983.0,1230,1976.0,482,1984.0,354,1975.0,532
1597988344613635072,1597988344500000000,2020-08-21 13:39:04.500000,1979.0,1985.0,1911.0,1939.0,nan,1952.137713,1220477,23825391800.0,450088,1980.0,617,1979.0,502,1981.0,441,1978.0,524,1982.0,645,1977.0,552,1983.0,1230,1976.0,482,1984.0,354,1975.0,532
1597988345165999104,1597988345000000000,2020-08-21 13:39:05.000000,1979.0,1985.0,1911.0,1939.0,nan,1952.137713,1220477,23825391800.0,450088,1980.0,617,1979.0,502,1981.0,441,1978.0,559,1982.0,644,1977.0,553,1983.0,1231,1976.0,484,1984.0,354,1975.0,535
1597988345626916096,1597988345500000000,2020-08-21 13:39:05.500000,1979.0,1985.0,1911.0,1939.0,nan,1952.137757,1220479,23825431380.0,450087,1980.0,619,1979.0,506,1981.0,441,1978.0,559,1982.0,644,1977.0,552,1983.0,1231,1976.0,484,1984.0,354,1975.0,535
1597988346145815040,1597988346000000000,2020-08-21 13:39:06.000000,1980.0,1985.0,1911.0,1939.0,nan,1952.13778,1220480,23825451180.0,450087,1980.0,595,1979.0,507,1981.0,440,1978.0,560,1982.0,644,1977.0,553,1983.0,1231,1976.0,485,1984.0,354,1975.0,535
1597988346630403072,1597988346500000000,2020-08-21 13:39:06.500000,1980.0,1985.0,1911.0,1939.0,nan,1952.137848,1220483,23825510570.0,450086,1980.0,594,1979.0,506,1981.0,440,1978.0,560,1982.0,644,1977.0,553,1983.0,1223,1976.0,484,1984.0,354,1975.0,572
1597988347175710976,1597988347000000000,2020-08-21 13:39:07.000000,1980.0,1985.0,1911.0,1939.0,nan,1952.137848,1220483,23825510570.0,450086,1980.0,595,1979.0,508,1981.0,439,1978.0,559,1982.0,644,1977.0,553,1983.0,1223,1976.0,485,1984.0,354,1975.0,572
1597988347625326080,1597988347500000000,2020-08-21 13:39:07.500000,1980.0,1985.0,1911.0,1939.0,nan,1952.137982,1220489,23825629340.0,450081,1980.0,596,1979.0,520,1981.0,448,1978.0,559,1982.0,645,1977.0,553,1983.0,1223,1976.0,486,1984.0,354,1975.0,572
1597988348154191104,1597988348000000000,2020-08-21 13:39:08.000000,1980.0,1985.0,1911.0,1939.0,nan,1952.138097,1220494,23825728340.0,450085,1980.0,592,1979.0,522,1981.0,447,1978.0,559,1982.0,645,1977.0,553,1983.0,1223,1976.0,486,1984.0,354,1975.0,572
1597988348617789952,1597988348500000000,2020-08-21 13:39:08.500000,1980.0,1985.0,1911.0,1939.0,nan,1952.138097,1220494,23825728340.0,450085,1980.0,601,1979.0,522,1981.0,446,1978.0,560,1982.0,644,1977.0,553,1983.0,1222,1976.0,486,1984.0,354,1975.0,577
1597988349121664000,1597988349000000000,2020-08-21 13:39:09.000000,1979.0,1985.0,1911.0,1939.0,nan,1952.138141,1220496,23825767930.0,450085,1980.0,600,1979.0,521,1981.0,446,1978.0,560,1982.0,645,1977.0,535,1983.0,1221,1976.0,486,1984.0,354,1975.0,577
1597988349598632960,1597988349500000000,2020-08-21 13:39:09.500000,1979.0,1985.0,1911.0,1939.0,nan,1952.138186,1220498,23825807520.0,450086,1980.0,580,1979.0,520,1981.0,446,1978.0,578,1982.0,645,1977.0,535,1983.0,1221,1976.0,486,1984.0,353,1975.0,577
1597988350099703040,1597988350000000000,2020-08-21 13:39:10.000000,1979.0,1985.0,1911.0,1939.0,nan,1952.138459,1220510,23826045110.0,450096,1980.0,582,1979.0,519,1981.0,446,1978.0,579,1982.0,645,1977.0,535,1983.0,1221,1976.0,489,1984.0,353,1975.0,583
1597988350628306944,1597988350500000000,2020-08-21 13:39:10.500000,1980.0,1985.0,1911.0,1939.0,nan,1952.138528,1220513,23826104510.0,450099,1980.0,581,1979.0,530,1981.0,446,1978.0,580,1982.0,644,1977.0,535,1983.0,1221,1976.0,490,1984.0,353,1975.0,587
1597988351125218048,1597988351000000000,2020-08-21 13:39:11.000000,1980.0,1985.0,1911.0,1939.0,nan,1952.138528,1220513,23826104510.0,450099,1980.0,581,1979.0,531,1981.0,446,1978.0,580,1982.0,644,1977.0,535,1983.0,1221,1976.0,491,1984.0,353,1975.0,589
1597988351672825088,1597988351500000000,2020-08-21 13:39:11.500000,1980.0,1985.0,1911.0,1939.0,nan,1952.138595,1220516,23826163900.0,450101,1980.0,583,1979.0,537,1981.0,446,1978.0,580,1982.0,643,1977.0,535,1983.0,1221,1976.0,491,1984.0,353,1975.0,590
1597988352152992000,1597988352000000000,2020-08-21 13:39:12.000000,1980.0,1985.0,1911.0,1939.0,nan,1952.138595,1220516,23826163900.0,450101,1980.0,586,1979.0,540,1981.0,446,1978.0,581,1982.0,643,1977.0,535,1983.0,1221,1976.0,491,1984.0,353,1975.0,590
1597988352624078080,1597988352500000000,2020-08-21 13:39:12.500000,1979.0,1985.0,1911.0,1939.0,nan,1952.13864,1220518,23826203490.0,450102,1980.0,586,1979.0,620,1981.0,447,1978.0,581,1982.0,643,1977.0,534,1983.0,1221,1976.0,491,1984.0,353,1975.0,600
1597988353144987904,1597988353000000000,2020-08-21 13:39:13.000000,1980.0,1985.0,1911.0,1939.0,nan,1952.13896,1220532,23826480690.0,450100,1980.0,578,1979.0,620,1981.0,447,1978.0,581,1982.0,645,1977.0,534,1983.0,1221,1976.0,491,1984.0,353,1975.0,600
1597988353612939008,1597988353500000000,2020-08-21 13:39:13.500000,1979.0,1985.0,1911.0,1939.0,nan,1952.138982,1220533,23826500480.0,450099,1980.0,578,1979.0,619,1981.0,447,1978.0,587,1982.0,646,1977.0,534,1983.0,1221,1976.0,493,1984.0,353,1975.0,600
1597988354138146048,1597988354000000000,2020-08-21 13:39:14.000000,1979.0,1985.0,1911.0,1939.0,nan,1952.139026,1220535,23826540060.0,450097,1980.0,578,1979.0,620,1981.0,447,1978.0,585,1982.0,646,1977.0,535,1983.0,1217,1976.0,493,1984.0,353,1975.0,600
1597988354623448064,1597988354500000000,2020-08-21 13:39:14.500000,1980.0,1985.0,1911.0,1939.0,nan,1952.139049,1220536,23826559860.0,450097,1980.0,577,1979.0,640,1981.0,447,1978.0,542,1982.0,646,1977.0,535,1983.0,1217,1976.0,493,1984.0,353,1975.0,600
1597988355130670080,1597988355000000000,2020-08-21 13:39:15.000000,1979.0,1985.0,1911.0,1939.0,nan,1952.139094,1220538,23826599450.0,450098,1980.0,576,1979.0,640,1981.0,449,1978.0,542,1982.0,646,1977.0,535,1983.0,1217,1976.0,493,1984.0,353,1975.0,600
1597988355612913920,1597988355500000000,2020-08-21 13:39:15.500000,1979.0,1985.0,1911.0,1939.0,nan,1952.13916,1220541,23826658820.0,450095,1980.0,577,1979.0,637,1981.0,448,1978.0,542,1982.0,646,1977.0,535,1983.0,1217,1976.0,493,1984.0,355,1975.0,600
1597988356121795072,1597988356000000000,2020-08-21 13:39:16.000000,1979.0,1985.0,1911.0,1939.0,nan,1952.13916,1220541,23826658820.0,450095,1980.0,579,1979.0,637,1981.0,448,1978.0,541,1982.0,646,1977.0,570,1983.0,1218,1976.0,493,1984.0,355,1975.0,600
1597988356605889024,1597988356500000000,2020-08-21 13:39:16.500000,1980.0,1985.0,1911.0,1939.0,nan,1952.139182,1220542,23826678620.0,450096,1980.0,585,1979.0,638,1981.0,445,1978.0,463,1982.0,646,1977.0,570,1983.0,1218,1976.0,498,1984.0,355,1975.0,603
1597988357133426944,1597988357000000000,2020-08-21 13:39:17.000000,1980.0,1985.0,1911.0,1939.0,nan,1952.139297,1220547,23826777620.0,450097,1980.0,579,1979.0,638,1981.0,445,1978.0,463,1982.0,646,1977.0,571,1983.0,1218,1976.0,500,1984.0,355,1975.0,603
1597988357600276992,1597988357500000000,2020-08-21 13:39:17.500000,1980.0,1985.0,1911.0,1939.0,nan,1952.139388,1220551,23826856820.0,450096,1980.0,579,1979.0,640,1981.0,445,1978.0,463,1982.0,646,1977.0,571,1983.0,1219,1976.0,498,1984.0,355,1975.0,603
1597988358140293888,1597988358000000000,2020-08-21 13:39:18.000000,1980.0,1985.0,1911.0,1939.0,nan,1952.139388,1220551,23826856820.0,450096,1980.0,582,1979.0,640,1981.0,445,1978.0,465,1982.0,646,1977.0,571,1983.0,1219,1976.0,498,1984.0,353,1975.0,603
1597988358614533888,1597988358500000000,2020-08-21 13:39:18.500000,1979.0,1985.0,1911.0,1939.0,nan,1952.1395,1220556,23826955800.0,450093,1980.0,580,1979.0,638,1981.0,445,1978.0,465,1982.0,646,1977.0,571,1983.0,1219,1976.0,498,1984.0,353,1975.0,603
1597988359119958016,1597988359000000000,2020-08-21 13:39:19.000000,1979.0,1985.0,1911.0,1939.0,nan,1952.139567,1220559,23827015180.0,450091,1980.0,585,1979.0,635,1981.0,445,1978.0,465,1982.0,646,1977.0,571,1983.0,1219,1976.0,498,1984.0,353,1975.0,598
1597988359615456000,1597988359500000000,2020-08-21 13:39:19.500000,1980.0,1985.0,1911.0,1939.0,nan,1952.139613,1220561,23827054780.0,450090,1980.0,383,1979.0,636,1981.0,445,1978.0,465,1982.0,646,1977.0,571,1983.0,1219,1976.0,498,1984.0,353,1975.0,598
1597988360141473024,1597988360000000000,2020-08-21 13:39:20.000000,1980.0,1985.0,1911.0,1939.0,nan,1952.139613,1220561,23827054780.0,450090,1980.0,357,1979.0,637,1981.0,445,1978.0,465,1982.0,646,1977.0,571,1983.0,1219,1976.0,498,1984.0,353,1975.0,598
1597988360605626880,1597988360500000000,2020-08-21 13:39:20.500000,1980.0,1985.0,1911.0,1939.0,nan,1952.139795,1220569,23827213180.0,450090,1980.0,356,1979.0,637,1981.0,445,1978.0,465,1982.0,644,1977.0,581,1983.0,1219,1976.0,498,1984.0,353,1975.0,588
1597988361125268992,1597988361000000000,2020-08-21 13:39:21.000000,1980.0,1985.0,1911.0,1939.0,nan,1952.140526,1220601,23827846780.0,450082,1980.0,324,1979.0,637,1981.0,445,1978.0,461,1982.0,644,1977.0,582,1983.0,1187,1976.0,498,1984.0,353,1975.0,588
1597988361612225024,1597988361500000000,2020-08-21 13:39:21.500000,1980.0,1985.0,1911.0,1939.0,nan,1952.140662,1220607,23827965570.0,450081,1980.0,350,1979.0,635,1981.0,457,1978.0,461,1982.0,644,1977.0,582,1983.0,1185,1976.0,500,1984.0,353,1975.0,588
1597988362118657024,1597988362000000000,2020-08-21 13:39:22.000000,1980.0,1985.0,1911.0,1939.0,nan,1952.14073,1220610,23828024970.0,450080,1980.0,351,1979.0,637,1981.0,458,1978.0,468,1982.0,644,1977.0,582,1983.0,1186,1976.0,499,1984.0,354,1975.0,588
1597988362618460928,1597988362500000000,2020-08-21 13:39:22.500000,1980.0,1985.0,1911.0,1939.0,nan,1952.140822,1220614,23828104170.0,450078,1980.0,347,1979.0,684,1981.0,458,1978.0,468,1982.0,644,1977.0,582,1983.0,1186,1976.0,500,1984.0,354,1975.0,588
1597988363124350976,1597988363000000000,2020-08-21 13:39:23.000000,1980.0,1985.0,1911.0,1939.0,nan,1952.140867,1220616,23828143770.0,450077,1980.0,345,1979.0,685,1981.0,458,1978.0,468,1982.0,644,1977.0,582,1983.0,1187,1976.0,500,1984.0,351,1975.0,588
1597988363624017920,1597988363500000000,2020-08-21 13:39:23.500000,1980.0,1985.0,1911.0,1939.0,nan,1952.140913,1220618,23828183370.0,450076,1980.0,343,1979.0,685,1981.0,458,1978.0,468,1982.0,645,1977.0,582,1983.0,1187,1976.0,500,1984.0,351,1975.0,588
1597988364134574080,1597988364000000000,2020-08-21 13:39:24.000000,1980.0,1985.0,1911.0,1939.0,nan,1952.140936,1220619,23828203170.0,450076,1980.0,343,1979.0,686,1981.0,460,1978.0,468,1982.0,650,1977.0,582,1983.0,1188,1976.0,500,1984.0,351,1975.0,588
1597988364613468928,1597988364500000000,2020-08-21 13:39:24.500000,1980.0,1985.0,1911.0,1939.0,nan,1952.140959,1220620,23828222970.0,450076,1980.0,352,1979.0,687,1981.0,460,1978.0,468,1982.0,650,1977.0,582,1983.0,1188,1976.0,500,1984.0,351,1975.0,588
1597988365115052032,1597988365000000000,2020-08-21 13:39:25.000000,1980.0,1985.0,1911.0,1939.0,nan,1952.140982,1220621,23828242770.0,450076,1980.0,352,1979.0,687,1981.0,460,1978.0,468,1982.0,650,1977.0,583,1983.0,1189,1976.0,512,1984.0,351,1975.0,588
1597988365601596928,1597988365500000000,2020-08-21 13:39:25.500000,1980.0,1985.0,1911.0,1939.0,nan,1952.141004,1220622,23828262570.0,450077,1980.0,352,1979.0,688,1981.0,460,1978.0,513,1982.0,655,1977.0,582,1983.0,1189,1976.0,512,1984.0,351,1975.0,587
1597988366149709056,1597988366000000000,2020-08-21 13:39:26.000000,1979.0,1985.0,1911.0,1939.0,nan,1952.141163,1220629,23828401160.0,450078,1980.0,340,1979.0,691,1981.0,460,1978.0,514,1982.0,655,1977.0,582,1983.0,1189,1976.0,512,1984.0,351,1975.0,587
1597988366633648128,1597988366500000000,2020-08-21 13:39:26.500000,1980.0,1985.0,1911.0,1939.0,nan,1952.148944,1220970,23835152960.0,450205,1981.0,460,1980.0,367,1982.0,657,1979.0,698,1983.0,1189,1978.0,514,1984.0,351,1977.0,582,1985.0,1006,1976.0,512
1597988367132813056,1597988367000000000,2020-08-21 13:39:27.000000,1981.0,1985.0,1911.0,1939.0,nan,1952.149036,1220974,23835232170.0,450208,1981.0,497,1980.0,472,1982.0,657,1979.0,665,1983.0,1191,1978.0,518,1984.0,335,1977.0,583,1985.0,991,1976.0,511
1597988367611806976,1597988367500000000,2020-08-21 13:39:27.500000,1981.0,1985.0,1911.0,1939.0,nan,1952.14913,1220978,23835311410.0,450206,1981.0,494,1980.0,538,1982.0,657,1979.0,664,1983.0,1191,1978.0,518,1984.0,332,1977.0,583,1985.0,991,1976.0,511
1597988368109956096,1597988368000000000,2020-08-21 13:39:28.000000,1980.0,1985.0,1911.0,1939.0,nan,1952.149477,1220993,23835608460.0,450204,1981.0,490,1980.0,529,1982.0,658,1979.0,671,1983.0,1181,1978.0,519,1984.0,332,1977.0,583,1985.0,989,1976.0,512
1597988368606095872,1597988368500000000,2020-08-21 13:39:28.500000,1980.0,1985.0,1911.0,1939.0,nan,1952.149618,1220999,23835727310.0,450204,1981.0,485,1980.0,529,1982.0,658,1979.0,669,1983.0,1181,1978.0,520,1984.0,332,1977.0,583,1985.0,989,1976.0,510
1597988369135813888,1597988369000000000,2020-08-21 13:39:29.000000,1980.0,1985.0,1911.0,1939.0,nan,1952.149869,1221010,23835945120.0,450203,1981.0,474,1980.0,519,1982.0,658,1979.0,667,1983.0,1181,1978.0,520,1984.0,332,1977.0,583,1985.0,989,1976.0,510
1597988369604478976,1597988369500000000,2020-08-21 13:39:29.500000,1980.0,1985.0,1911.0,1939.0,nan,1952.152697,1221134,23838400320.0,450204,1981.0,474,1980.0,396,1982.0,658,1979.0,667,1983.0,1181,1978.0,520,1984.0,332,1977.0,583,1985.0,989,1976.0,510
1597988370159357952,1597988370000000000,2020-08-21 13:39:30.000000,1980.0,1985.0,1911.0,1939.0,nan,1952.152814,1221139,23838499350.0,450206,1981.0,468,1980.0,398,1982.0,658,1979.0,667,1983.0,1181,1978.0,520,1984.0,332,1977.0,583,1985.0,989,1976.0,510
1597988370624257024,1597988370500000000,2020-08-21 13:39:30.500000,1980.0,1985.0,1911.0,1939.0,nan,1952.152814,1221139,23838499350.0,450206,1981.0,468,1980.0,401,1982.0,659,1979.0,666,1983.0,1181,1978.0,520,1984.0,332,1977.0,583,1985.0,989,1976.0,510
1597988371118972928,1597988371000000000,2020-08-21 13:39:31.000000,1980.0,1985.0,1911.0,1939.0,nan,1952.152814,1221139,23838499350.0,450206,1981.0,468,1980.0,405,1982.0,649,1979.0,667,1983.0,1181,1978.0,520,1984.0,332,1977.0,583,1985.0,989,1976.0,510
1597988371625050112,1597988371500000000,2020-08-21 13:39:31.500000,1980.0,1985.0,1911.0,1939.0,nan,1952.152837,1221140,23838519150.0,450207,1981.0,472,1980.0,407,1982.0,648,1979.0,668,1983.0,1181,1978.0,520,1984.0,332,1977.0,583,1985.0,988,1976.0,510
1597988372150781952,1597988372000000000,2020-08-21 13:39:32.000000,1980.0,1985.0,1911.0,1939.0,nan,1952.152859,1221141,23838538950.0,450208,1981.0,479,1980.0,410,1982.0,651,1979.0,669,1983.0,1181,1978.0,520,1984.0,332,1977.0,583,1985.0,988,1976.0,510
1597988372615331072,1597988372500000000,2020-08-21 13:39:32.500000,1980.0,1985.0,1911.0,1939.0,nan,1952.152975,1221146,23838637970.0,450212,1981.0,477,1980.0,411,1982.0,651,1979.0,669,1983.0,1182,1978.0,520,1984.0,332,1977.0,583,1985.0,988,1976.0,510
1597988373157884928,1597988373000000000,2020-08-21 13:39:33.000000,1980.0,1985.0,1911.0,1939.0,nan,1952.153113,1221152,23838756780.0,450212,1981.0,480,1980.0,410,1982.0,701,1979.0,669,1983.0,1182,1978.0,523,1984.0,332,1977.0,583,1985.0,988,1976.0,510
1597988373608837888,1597988373500000000,2020-08-21 13:39:33.500000,1980.0,1985.0,1911.0,1939.0,nan,1952.153113,1221152,23838756780.0,450212,1981.0,480,1980.0,417,1982.0,701,1979.0,671,1983.0,1182,1978.0,478,1984.0,332,1977.0,583,1985.0,988,1976.0,510
1597988374107936000,1597988374000000000,2020-08-21 13:39:34.000000,1980.0,1985.0,1911.0,1939.0,nan,1952.153295,1221160,23838915180.0,450212,1981.0,480,1980.0,409,1982.0,707,1979.0,671,1983.0,1182,1978.0,481,1984.0,332,1977.0,583,1985.0,988,1976.0,510
1597988374671649024,1597988374500000000,2020-08-21 13:39:34.500000,1980.0,1985.0,1911.0,1939.0,nan,1952.153821,1221183,23839370600.0,450211,1981.0,493,1980.0,390,1982.0,705,1979.0,671,1983.0,1182,1978.0,481,1984.0,332,1977.0,583,1985.0,988,1976.0,510
1597988375125214976,1597988375000000000,2020-08-21 13:39:35.000000,1980.0,1985.0,1911.0,1939.0,nan,1952.153821,1221183,23839370600.0,450211,1981.0,508,1980.0,413,1982.0,705,1979.0,671,1983.0,1182,1978.0,482,1984.0,332,1977.0,583,1985.0,988,1976.0,510
1597988375617751040,1597988375500000000,2020-08-21 13:39:35.500000,1981.0,1985.0,1911.0,1939.0,nan,1952.154141,1221197,23839647810.0,450210,1981.0,520,1980.0,400,1982.0,705,1979.0,721,1983.0,1182,1978.0,481,1984.0,332,1977.0,583,1985.0,988,1976.0,511
1597988376124744960,1597988376000000000,2020-08-21 13:39:36.000000,1981.0,1985.0,1911.0,1939.0,nan,1952.154141,1221197,23839647810.0,450210,1981.0,522,1980.0,401,1982.0,705,1979.0,721,1983.0,1182,1978.0,481,1984.0,332,1977.0,584,1985.0,988,1976.0,511
1597988376643430912,1597988376500000000,2020-08-21 13:39:36.500000,1980.0,1985.0,1911.0,1939.0,nan,1952.154164,1221198,23839667610.0,450209,1981.0,532,1980.0,402,1982.0,705,1979.0,721,1983.0,1181,1978.0,481,1984.0,332,1977.0,585,1985.0,988,1976.0,511
1597988377102971904,1597988377000000000,2020-08-21 13:39:37.000000,1980.0,1985.0,1911.0,1939.0,nan,1952.154211,1221200,23839707220.0,450209,1981.0,527,1980.0,449,1982.0,705,1979.0,721,1983.0,1183,1978.0,480,1984.0,332,1977.0,585,1985.0,989,1976.0,511
1597988377634672896,1597988377500000000,2020-08-21 13:39:37.500000,1980.0,1985.0,1911.0,1939.0,nan,1952.154211,1221200,23839707220.0,450209,1981.0,528,1980.0,453,1982.0,705,1979.0,721,1983.0,1183,1978.0,481,1984.0,332,1977.0,585,1985.0,989,1976.0,511
1597988378154447872,1597988378000000000,2020-08-21 13:39:38.000000,1981.0,1985.0,1911.0,1939.0,nan,1952.154258,1221202,23839746840.0,450209,1981.0,526,1980.0,454,1982.0,695,1979.0,721,1983.0,1183,1978.0,481,1984.0,332,1977.0,585,1985.0,990,1976.0,511
1597988378610736896,1597988378500000000,2020-08-21 13:39:38.500000,1980.0,1985.0,1911.0,1939.0,nan,1952.154281,1221203,23839766640.0,450209,1981.0,527,1980.0,454,1982.0,695,1979.0,721,1983.0,1183,1978.0,480,1984.0,332,1977.0,585,1985.0,990,1976.0,511
1597988379110503936,1597988379000000000,2020-08-21 13:39:39.000000,1980.0,1985.0,1911.0,1939.0,nan,1952.154303,1221204,23839786440.0,450208,1981.0,527,1980.0,452,1982.0,695,1979.0,721,1983.0,1183,1978.0,480,1984.0,332,1977.0,585,1985.0,990,1976.0,510
1597988379614850048,1597988379500000000,2020-08-21 13:39:39.500000,1980.0,1985.0,1911.0,1939.0,nan,1952.154303,1221204,23839786440.0,450208,1981.0,530,1980.0,453,1982.0,695,1979.0,720,1983.0,1183,1978.0,480,1984.0,332,1977.0,586,1985.0,990,1976.0,510
1597988380138711040,1597988380000000000,2020-08-21 13:39:40.000000,1981.0,1985.0,1911.0,1939.0,nan,1952.154327,1221205,23839806250.0,450208,1981.0,529,1980.0,453,1982.0,695,1979.0,720,1983.0,1183,1978.0,450,1984.0,332,1977.0,586,1985.0,990,1976.0,510
1597988380610845952,1597988380500000000,2020-08-21 13:39:40.500000,1981.0,1985.0,1911.0,1939.0,nan,1952.154327,1221205,23839806250.0,450208,1981.0,529,1980.0,453,1982.0,695,1979.0,720,1983.0,1186,1978.0,450,1984.0,333,1977.0,585,1985.0,990,1976.0,510
1597988381157121024,1597988381000000000,2020-08-21 13:39:41.000000,1981.0,1985.0,1911.0,1939.0,nan,1952.154602,1221217,23840043870.0,450208,1981.0,527,1980.0,444,1982.0,695,1979.0,720,1983.0,1186,1978.0,451,1984.0,333,1977.0,585,1985.0,990,1976.0,510
1597988381614392064,1597988381500000000,2020-08-21 13:39:41.500000,1981.0,1985.0,1911.0,1939.0,nan,1952.154744,1221223,23840162730.0,450208,1981.0,522,1980.0,478,1982.0,688,1979.0,720,1983.0,1186,1978.0,451,1984.0,332,1977.0,585,1985.0,990,1976.0,510
1597988382145609984,1597988382000000000,2020-08-21 13:39:42.000000,1981.0,1985.0,1911.0,1939.0,nan,1952.154815,1221226,23840222160.0,450208,1981.0,520,1980.0,479,1982.0,688,1979.0,720,1983.0,1185,1978.0,451,1984.0,332,1977.0,585,1985.0,990,1976.0,510
1597988382619246080,1597988382500000000,2020-08-21 13:39:42.500000,1981.0,1985.0,1911.0,1939.0,nan,1952.154839,1221227,23840241970.0,450208,1981.0,530,1980.0,487,1982.0,687,1979.0,720,1983.0,1185,1978.0,451,1984.0,332,1977.0,585,1985.0,990,1976.0,510
1597988383110646016,1597988383000000000,2020-08-21 13:39:43.000000,1981.0,1985.0,1911.0,1939.0,nan,1952.154957,1221232,23840341020.0,450208,1981.0,524,1980.0,493,1982.0,688,1979.0,720,1983.0,1185,1978.0,453,1984.0,332,1977.0,585,1985.0,990,1976.0,510
1597988383615633920,1597988383500000000,2020-08-21 13:39:43.500000,1981.0,1985.0,1911.0,1939.0,nan,1952.155003,1221234,23840380630.0,450207,1981.0,523,1980.0,492,1982.0,688,1979.0,720,1983.0,1185,1978.0,453,1984.0,332,1977.0,585,1985.0,990,1976.0,510
1597988384136886016,1597988384000000000,2020-08-21 13:39:44.000000,1981.0,1985.0,1911.0,1939.0,nan,1952.155049,1221236,23840420240.0,450207,1981.0,523,1980.0,491,1982.0,733,1979.0,742,1983.0,1185,1978.0,453,1984.0,332,1977.0,585,1985.0,990,1976.0,510
1597988384611344896,1597988384500000000,2020-08-21 13:39:44.500000,1980.0,1985.0,1911.0,1939.0,nan,1952.155186,1221242,23840539040.0,450201,1981.0,525,1980.0,485,1982.0,733,1979.0,742,1983.0,1185,1978.0,453,1984.0,332,1977.0,585,1985.0,990,1976.0,510
1597988385133984000,1597988385000000000,2020-08-21 13:39:45.000000,1980.0,1985.0,1911.0,1939.0,nan,1952.155209,1221243,23840558840.0,450201,1981.0,530,1980.0,483,1982.0,733,1979.0,742,1983.0,1185,1978.0,454,1984.0,332,1977.0,585,1985.0,990,1976.0,510
1597988385607969024,1597988385500000000,2020-08-21 13:39:45.500000,1980.0,1985.0,1911.0,1939.0,nan,1952.155232,1221244,23840578640.0,450201,1981.0,531,1980.0,482,1982.0,733,1979.0,742,1983.0,1185,1978.0,455,1984.0,332,1977.0,585,1985.0,991,1976.0,510
1597988386123842048,1597988386000000000,2020-08-21 13:39:46.000000,1980.0,1985.0,1911.0,1939.0,nan,1952.155232,1221244,23840578640.0,450201,1981.0,532,1980.0,484,1982.0,734,1979.0,742,1983.0,1185,1978.0,455,1984.0,332,1977.0,585,1985.0,991,1976.0,510
1597988386609188096,1597988386500000000,2020-08-21 13:39:46.500000,1981.0,1985.0,1911.0,1939.0,nan,1952.155255,1221245,23840598450.0,450201,1981.0,532,1980.0,497,1982.0,734,1979.0,742,1983.0,1185,1978.0,455,1984.0,332,1977.0,585,1985.0,991,1976.0,510
1597988387147131904,1597988387000000000,2020-08-21 13:39:47.000000,1981.0,1985.0,1911.0,1939.0,nan,1952.155255,1221245,23840598450.0,450201,1981.0,533,1980.0,497,1982.0,734,1979.0,742,1983.0,1185,1978.0,455,1984.0,332,1977.0,584,1985.0,991,1976.0,510
1597988387623930880,1597988387500000000,2020-08-21 13:39:47.500000,1981.0,1985.0,1911.0,1939.0,nan,1952.155279,1221246,23840618260.0,450201,1981.0,532,1980.0,497,1982.0,734,1979.0,742,1983.0,1186,1978.0,456,1984.0,332,1977.0,583,1985.0,991,1976.0,510
1597988388146953984,1597988388000000000,2020-08-21 13:39:48.000000,1980.0,1985.0,1911.0,1939.0,nan,1952.155326,1221248,23840657870.0,450201,1981.0,531,1980.0,497,1982.0,736,1979.0,742,1983.0,1187,1978.0,456,1984.0,332,1977.0,618,1985.0,992,1976.0,510
1597988388624096000,1597988388500000000,2020-08-21 13:39:48.500000,1981.0,1985.0,1911.0,1939.0,nan,1952.168804,1221819,23851969360.0,450070,1982.0,736,1981.0,69,1983.0,1189,1980.0,498,1984.0,335,1979.0,743,1985.0,992,1978.0,456,1986.0,410,1977.0,618
1597988389115269888,1597988389000000000,2020-08-21 13:39:49.000000,1981.0,1985.0,1911.0,1939.0,nan,1952.174655,1222067,23856882240.0,450052,1981.0,118,1980.0,447,1982.0,763,1979.0,740,1983.0,1189,1978.0,455,1984.0,335,1977.0,618,1985.0,1002,1976.0,510
1597988389610234880,1597988389500000000,2020-08-21 13:39:49.500000,1981.0,1985.0,1911.0,1939.0,nan,1952.174726,1222070,23856941670.0,450050,1981.0,217,1980.0,513,1982.0,760,1979.0,740,1983.0,1190,1978.0,444,1984.0,335,1977.0,618,1985.0,1002,1976.0,510
1597988390164660992,1597988390000000000,2020-08-21 13:39:50.000000,1981.0,1985.0,1911.0,1939.0,nan,1952.174726,1222070,23856941670.0,450050,1981.0,229,1980.0,513,1982.0,760,1979.0,740,1983.0,1190,1978.0,444,1984.0,335,1977.0,618,1985.0,1002,1976.0,510
1597988390630199040,1597988390500000000,2020-08-21 13:39:50.500000,1981.0,1985.0,1911.0,1939.0,nan,1952.175144,1222088,23857298170.0,450041,1981.0,210,1980.0,513,1982.0,760,1979.0,740,1983.0,1190,1978.0,445,1984.0,335,1977.0,618,1985.0,1002,1976.0,510
1597988391130980096,1597988391000000000,2020-08-21 13:39:51.000000,1981.0,1985.0,1911.0,1939.0,nan,1952.175144,1222088,23857298170.0,450041,1981.0,210,1980.0,480,1982.0,760,1979.0,740,1983.0,1190,1978.0,446,1984.0,335,1977.0,618,1985.0,1002,1976.0,510
1597988391610125056,1597988391500000000,2020-08-21 13:39:51.500000,1981.0,1985.0,1911.0,1939.0,nan,1952.175167,1222089,23857317980.0,450041,1981.0,212,1980.0,470,1982.0,760,1979.0,740,1983.0,1190,1978.0,445,1984.0,335,1977.0,618,1985.0,1002,1976.0,510
1597988392110434048,1597988392000000000,2020-08-21 13:39:52.000000,1981.0,1985.0,1911.0,1939.0,nan,1952.175238,1222092,23857377410.0,450039,1981.0,210,1980.0,476,1982.0,760,1979.0,740,1983.0,1190,1978.0,445,1984.0,335,1977.0,618,1985.0,1002,1976.0,510
1597988392606266880,1597988392500000000,2020-08-21 13:39:52.500000,1981.0,1985.0,1911.0,1939.0,nan,1952.175238,1222092,23857377410.0,450039,1981.0,211,1980.0,477,1982.0,760,1979.0,740,1983.0,1190,1978.0,447,1984.0,335,1977.0,618,1985.0,1002,1976.0,510
1597988393152699904,1597988393000000000,2020-08-21 13:39:53.000000,1981.0,1985.0,1911.0,1939.0,nan,1952.175285,1222094,23857417030.0,450038,1981.0,215,1980.0,477,1982.0,760,1979.0,749,1983.0,1190,1978.0,450,1984.0,335,1977.0,618,1985.0,1002,1976.0,510
1597988393606732032,1597988393500000000,2020-08-21 13:39:53.500000,1981.0,1985.0,1911.0,1939.0,nan,1952.175568,1222106,23857654750.0,450038,1981.0,203,1980.0,487,1982.0,760,1979.0,752,1983.0,1190,1978.0,450,1984.0,335,1977.0,618,1985.0,1002,1976.0,510
1597988394109561088,1597988394000000000,2020-08-21 13:39:54.000000,1981.0,1985.0,1911.0,1939.0,nan,1952.175568,1222106,23857654750.0,450038,1981.0,204,1980.0,490,1982.0,775,1979.0,752,1983.0,1190,1978.0,450,1984.0,335,1977.0,618,1985.0,1002,1976.0,510
1597988394616065024,1597988394500000000,2020-08-21 13:39:54.500000,1981.0,1985.0,1911.0,1939.0,nan,1952.175663,1222110,23857733990.0,450034,1981.0,210,1980.0,501,1982.0,775,1979.0,752,1983.0,1197,1978.0,455,1984.0,337,1977.0,618,1985.0,1002,1976.0,510
1597988395117068032,1597988395000000000,2020-08-21 13:39:55.000000,1981.0,1985.0,1911.0,1939.0,nan,1952.175804,1222116,23857852850.0,450028,1981.0,210,1980.0,501,1982.0,776,1979.0,753,1983.0,1197,1978.0,455,1984.0,337,1977.0,618,1985.0,1002,1976.0,511
1597988395612914944,1597988395500000000,2020-08-21 13:39:55.500000,1981.0,1985.0,1911.0,1939.0,nan,1952.176181,1222132,23858169810.0,450028,1981.0,194,1980.0,503,1982.0,777,1979.0,727,1983.0,1197,1978.0,455,1984.0,337,1977.0,618,1985.0,1002,1976.0,511
1597988396151486976,1597988396000000000,2020-08-21 13:39:56.000000,1981.0,1985.0,1911.0,1939.0,nan,1952.180826,1222329,23862072370.0,450113,1982.0,776,1981.0,228,1983.0,1197,1980.0,504,1984.0,337,1979.0,727,1985.0,1002,1978.0,455,1986.0,412,1977.0,618
1597988396641884928,1597988396500000000,2020-08-21 13:39:56.500000,1982.0,1985.0,1911.0,1939.0,nan,1952.180874,1222331,23862112000.0,450114,1982.0,778,1981.0,282,1983.0,1197,1980.0,488,1984.0,337,1979.0,727,1985.0,1002,1978.0,455,1986.0,412,1977.0,618
1597988397169916928,1597988397000000000,2020-08-21 13:39:57.000000,1982.0,1985.0,1911.0,1939.0,nan,1952.180946,1222334,23862171450.0,450113,1982.0,776,1981.0,305,1983.0,1197,1980.0,498,1984.0,337,1979.0,716,1985.0,1002,1978.0,454,1986.0,412,1977.0,618
1597988397648389888,1597988397500000000,2020-08-21 13:39:57.500000,1982.0,1985.0,1911.0,1939.0,nan,1952.181215,1222345,23862389470.0,450112,1982.0,779,1981.0,458,1983.0,1197,1980.0,498,1984.0,337,1979.0,716,1985.0,1002,1978.0,455,1986.0,412,1977.0,618
1597988398163572992,1597988398000000000,2020-08-21 13:39:58.000000,1982.0,1985.0,1911.0,1939.0,nan,1952.181215,1222345,23862389470.0,450112,1982.0,766,1981.0,779,1983.0,1197,1980.0,492,1984.0,337,1979.0,716,1985.0,1002,1978.0,465,1986.0,412,1977.0,618
1597988398618238976,1597988398500000000,2020-08-21 13:39:58.500000,1981.0,1985.0,1911.0,1939.0,nan,1952.181238,1222346,23862409280.0,450113,1982.0,752,1981.0,779,1983.0,1197,1980.0,486,1984.0,337,1979.0,715,1985.0,1002,1978.0,458,1986.0,411,1977.0,618
1597988399147140096,1597988399000000000,2020-08-21 13:39:59.000000,1981.0,1985.0,1911.0,1939.0,nan,1952.181333,1222350,23862488520.0,450117,1982.0,752,1981.0,775,1983.0,1190,1980.0,491,1984.0,344,1979.0,715,1985.0,1002,1978.0,458,1986.0,411,1977.0,618
1597988399612541952,1597988399500000000,2020-08-21 13:39:59.500000,1981.0,1985.0,1911.0,1939.0,nan,1952.181647,1222363,23862746150.0,450118,1982.0,733,1981.0,772,1983.0,1190,1980.0,491,1984.0,344,1979.0,715,1985.0,1002,1978.0,458,1986.0,411,1977.0,618
1597988400142440960,1597988400000000000,2020-08-21 13:40:00.000000,1981.0,1985.0,1911.0,1939.0,nan,1952.181647,1222363,23862746150.0,450118,1982.0,733,1981.0,768,1983.0,1189,1980.0,491,1984.0,346,1979.0,716,1985.0,1002,1978.0,463,1986.0,410,1977.0,618
1597988400607958016,1597988400500000000,2020-08-21 13:40:00.500000,1981.0,1985.0,1911.0,1939.0,nan,1952.181718,1222366,23862805580.0,450120,1982.0,733,1981.0,767,1983.0,1190,1980.0,491,1984.0,346,1979.0,716,1985.0,1002,1978.0,463,1986.0,410,1977.0,620
1597988401106497024,1597988401000000000,2020-08-21 13:40:01.000000,1981.0,1985.0,1911.0,1939.0,nan,1952.182969,1222419,23863855530.0,450171,1982.0,746,1981.0,719,1983.0,1193,1980.0,495,1984.0,346,1979.0,713,1985.0,1002,1978.0,463,1986.0,410,1977.0,620
1597988401603734016,1597988401500000000,2020-08-21 13:40:01.500000,1981.0,1985.0,1911.0,1939.0,nan,1952.182969,1222419,23863855530.0,450171,1982.0,750,1981.0,720,1983.0,1193,1980.0,497,1984.0,346,1979.0,713,1985.0,1004,1978.0,463,1986.0,410,1977.0,620
1597988402152728064,1597988402000000000,2020-08-21 13:40:02.000000,1981.0,1985.0,1911.0,1939.0,nan,1952.182969,1222419,23863855530.0,450171,1982.0,749,1981.0,726,1983.0,1193,1980.0,497,1984.0,341,1979.0,713,1985.0,1004,1978.0,463,1986.0,410,1977.0,619
1597988402610750976,1597988402500000000,2020-08-21 13:40:02.500000,1982.0,1985.0,1911.0,1939.0,nan,1952.184115,1222466,23864787060.0,450194,1982.0,708,1981.0,739,1983.0,1194,1980.0,458,1984.0,341,1979.0,713,1985.0,1004,1978.0,463,1986.0,410,1977.0,619
1597988403141242112,1597988403000000000,2020-08-21 13:40:03.000000,1982.0,1985.0,1911.0,1939.0,nan,1952.184115,1222466,23864787060.0,450194,1982.0,724,1981.0,740,1983.0,1195,1980.0,459,1984.0,342,1979.0,712,1985.0,1004,1978.0,463,1986.0,410,1977.0,619
1597988403627452928,1597988403500000000,2020-08-21 13:40:03.500000,1982.0,1985.0,1911.0,1939.0,nan,1952.184139,1222467,23864806880.0,450194,1982.0,724,1981.0,732,1983.0,1196,1980.0,459,1984.0,342,1979.0,712,1985.0,1005,1978.0,459,1986.0,410,1977.0,619
1597988404136267008,1597988404000000000,2020-08-21 13:40:04.000000,1982.0,1985.0,1911.0,1939.0,nan,1952.191599,1222773,23870871780.0,450095,1982.0,422,1981.0,739,1983.0,1195,1980.0,459,1984.0,342,1979.0,712,1985.0,1005,1978.0,459,1986.0,410,1977.0,619
1597988404619917056,1597988404500000000,2020-08-21 13:40:04.500000,1982.0,1985.0,1911.0,1939.0,nan,1952.191672,1222776,23870931240.0,450096,1982.0,459,1981.0,750,1983.0,1195,1980.0,458,1984.0,342,1979.0,697,1985.0,1005,1978.0,459,1986.0,410,1977.0,619
1597988405151437056,1597988405000000000,2020-08-21 13:40:05.000000,1982.0,1985.0,1911.0,1939.0,nan,1952.191721,1222778,23870970880.0,450098,1982.0,474,1981.0,750,1983.0,1196,1980.0,460,1984.0,347,1979.0,697,1985.0,1005,1978.0,459,1986.0,410,1977.0,619
1597988405629225984,1597988405500000000,2020-08-21 13:40:05.500000,1981.0,1985.0,1911.0,1939.0,nan,1952.192243,1222800,23871406750.0,450115,1982.0,479,1981.0,726,1983.0,1196,1980.0,441,1984.0,347,1979.0,697,1985.0,1005,1978.0,459,1986.0,410,1977.0,619
1597988406150225920,1597988406000000000,2020-08-21 13:40:06.000000,1982.0,1985.0,1911.0,1939.0,nan,1952.192706,1222819,23871783330.0,450121,1982.0,462,1981.0,728,1983.0,1196,1980.0,441,1984.0,347,1979.0,697,1985.0,1005,1978.0,459,1986.0,410,1977.0,619
1597988406619749120,1597988406500000000,2020-08-21 13:40:06.500000,1982.0,1985.0,1911.0,1939.0,nan,1952.192731,1222820,23871803150.0,450120,1982.0,503,1981.0,727,1983.0,1197,1980.0,442,1984.0,347,1979.0,696,1985.0,1005,1978.0,459,1986.0,410,1977.0,619
1597988407127886080,1597988407000000000,2020-08-21 13:40:07.000000,1982.0,1985.0,1911.0,1939.0,nan,1952.194225,1222883,23873051310.0,450146,1982.0,493,1981.0,680,1983.0,1196,1980.0,432,1984.0,347,1979.0,696,1985.0,1005,1978.0,459,1986.0,410,1977.0,619
1597988407629897984,1597988407500000000,2020-08-21 13:40:07.500000,1982.0,1985.0,1911.0,1939.0,nan,1952.194346,1222888,23873150400.0,450147,1982.0,494,1981.0,679,1983.0,1196,1980.0,433,1984.0,347,1979.0,696,1985.0,1005,1978.0,459,1986.0,410,1977.0,619
1597988408178507008,1597988408000000000,2020-08-21 13:40:08.000000,1982.0,1985.0,1911.0,1939.0,nan,1952.194493,1222894,23873269320.0,450143,1982.0,489,1981.0,680,1983.0,1196,1980.0,436,1984.0,345,1979.0,696,1985.0,1006,1978.0,459,1986.0,410,1977.0,608
1597988408628064000,1597988408500000000,2020-08-21 13:40:08.500000,1982.0,1985.0,1911.0,1939.0,nan,1952.194517,1222895,23873289140.0,450143,1982.0,534,1981.0,681,1983.0,1196,1980.0,446,1984.0,345,1979.0,696,1985.0,1009,1978.0,459,1986.0,410,1977.0,608
1597988409138174976,1597988409000000000,2020-08-21 13:40:09.000000,1982.0,1985.0,1911.0,1939.0,nan,1952.194541,1222896,23873308960.0,450142,1982.0,532,1981.0,681,1983.0,1198,1980.0,446,1984.0,345,1979.0,696,1985.0,1009,1978.0,464,1986.0,410,1977.0,608
1597988409620216064,1597988409500000000,2020-08-21 13:40:09.500000,1982.0,1985.0,1911.0,1939.0,nan,1952.194712,1222903,23873447700.0,450147,1982.0,726,1981.0,682,1983.0,1199,1980.0,446,1984.0,345,1979.0,696,1985.0,1009,1978.0,364,1986.0,410,1977.0,608
1597988410109541120,1597988410000000000,2020-08-21 13:40:10.000000,1982.0,1985.0,1911.0,1939.0,nan,1952.194878,1222910,23873586380.0,450148,1982.0,744,1981.0,676,1983.0,1199,1980.0,451,1984.0,345,1979.0,696,1985.0,1009,1978.0,364,1986.0,410,1977.0,608
1597988410626439936,1597988410500000000,2020-08-21 13:40:10.500000,1981.0,1985.0,1911.0,1939.0,nan,1952.194973,1222914,23873665630.0,450149,1982.0,746,1981.0,673,1983.0,1199,1980.0,451,1984.0,345,1979.0,696,1985.0,1009,1978.0,363,1986.0,410,1977.0,608
1597988411143233024,1597988411000000000,2020-08-21 13:40:11.000000,1982.0,1985.0,1911.0,1939.0,nan,1952.194997,1222915,23873685450.0,450150,1982.0,760,1981.0,674,1983.0,1199,1980.0,451,1984.0,345,1979.0,696,1985.0,1009,1978.0,364,1986.0,411,1977.0,607
1597988411629021952,1597988411500000000,2020-08-21 13:40:11.500000,1982.0,1985.0,1911.0,1939.0,nan,1952.195045,1222917,23873725080.0,450149,1982.0,713,1981.0,675,1983.0,1199,1980.0,451,1984.0,345,1979.0,705,1985.0,1009,1978.0,364,1986.0,412,1977.0,597
1597988412134095872,1597988412000000000,2020-08-21 13:40:12.000000,1982.0,1985.0,1911.0,1939.0,nan,1952.195045,1222917,23873725080.0,450149,1982.0,726,1981.0,675,1983.0,1199,1980.0,451,1984.0,345,1979.0,706,1985.0,1009,1978.0,364,1986.0,412,1977.0,597
1597988412661467904,1597988412500000000,2020-08-21 13:40:12.500000,1982.0,1985.0,1911.0,1939.0,nan,1952.195588,1222940,23874180730.0,450131,1982.0,728,1981.0,656,1983.0,1200,1980.0,431,1984.0,345,1979.0,706,1985.0,1009,1978.0,364,1986.0,412,1977.0,597
1597988413113149952,1597988413000000000,2020-08-21 13:40:13.000000,1982.0,1985.0,1911.0,1939.0,nan,1952.195636,1222942,23874220360.0,450131,1982.0,735,1981.0,658,1983.0,1200,1980.0,431,1984.0,344,1979.0,706,1985.0,1009,1978.0,365,1986.0,412,1977.0,597
1597988413644290048,1597988413500000000,2020-08-21 13:40:13.500000,1981.0,1985.0,1911.0,1939.0,nan,1952.196069,1222960,23874577040.0,450130,1982.0,726,1981.0,658,1983.0,1200,1980.0,431,1984.0,344,1979.0,706,1985.0,1009,1978.0,365,1986.0,413,1977.0,597
1597988414148961024,1597988414000000000,2020-08-21 13:40:14.000000,1982.0,1985.0,1911.0,1939.0,nan,1952.196404,1222974,23874854450.0,450128,1982.0,722,1981.0,651,1983.0,1200,1980.0,431,1984.0,344,1979.0,706,1985.0,1009,1978.0,365,1986.0,413,1977.0,597
1597988414638301952,1597988414500000000,2020-08-21 13:40:14.500000,1982.0,1985.0,1911.0,1939.0,nan,1952.196526,1222979,23874953550.0,450133,1982.0,717,1981.0,652,1983.0,1200,1980.0,431,1984.0,345,1979.0,706,1985.0,1010,1978.0,365,1986.0,413,1977.0,597
1597988415136177920,1597988415000000000,2020-08-21 13:40:15.000000,1981.0,1985.0,1911.0,1939.0,nan,1952.196573,1222981,23874993170.0,450134,1982.0,735,1981.0,650,1983.0,1200,1980.0,429,1984.0,345,1979.0,697,1985.0,1010,1978.0,365,1986.0,416,1977.0,597
1597988415658327040,1597988415500000000,2020-08-21 13:40:15.500000,1981.0,1985.0,1911.0,1939.0,nan,1952.196833,1222992,23875211090.0,450135,1982.0,734,1981.0,641,1983.0,1200,1980.0,434,1984.0,346,1979.0,697,1985.0,1010,1978.0,365,1986.0,416,1977.0,597
1597988416127942912,1597988416000000000,2020-08-21 13:40:16.000000,1981.0,1985.0,1911.0,1939.0,nan,1952.19688,1222994,23875250710.0,450136,1982.0,735,1981.0,642,1983.0,1200,1980.0,434,1984.0,346,1979.0,697,1985.0,1010,1978.0,365,1986.0,416,1977.0,597
1597988416624084992,1597988416500000000,2020-08-21 13:40:16.500000,1981.0,1985.0,1911.0,1939.0,nan,1952.212227,1223646,23888166830.0,450651,1981.0,361,1980.0,432,1982.0,739,1979.0,695,1983.0,1200,1978.0,365,1984.0,346,1977.0,597,1985.0,1010,1976.0,501
1597988417182088960,1597988417000000000,2020-08-21 13:40:17.000000,1981.0,1985.0,1911.0,1939.0,nan,1952.212462,1223656,23888364920.0,450650,1981.0,468,1980.0,405,1982.0,767,1979.0,694,1983.0,1200,1978.0,366,1984.0,346,1977.0,597,1985.0,1010,1976.0,501
1597988417636474880,1597988417500000000,2020-08-21 13:40:17.500000,1980.0,1985.0,1911.0,1939.0,nan,1952.212484,1223657,23888384720.0,450649,1981.0,485,1980.0,345,1982.0,762,1979.0,694,1983.0,1200,1978.0,366,1984.0,346,1977.0,597,1985.0,1010,1976.0,501
1597988418144061952,1597988418000000000,2020-08-21 13:40:18.000000,1981.0,1985.0,1911.0,1939.0,nan,1952.216718,1223837,23891950520.0,450649,1981.0,309,1980.0,349,1982.0,768,1979.0,694,1983.0,1200,1978.0,366,1984.0,346,1977.0,597,1985.0,1010,1976.0,501
1597988418622536960,1597988418500000000,2020-08-21 13:40:18.500000,1981.0,1985.0,1911.0,1939.0,nan,1952.216787,1223840,23892009930.0,450647,1981.0,311,1980.0,371,1982.0,769,1979.0,694,1983.0,1200,1978.0,366,1984.0,346,1977.0,597,1985.0,1010,1976.0,501
1597988419116506880,1597988419000000000,2020-08-21 13:40:19.000000,1981.0,1985.0,1911.0,1939.0,nan,1952.216787,1223840,23892009930.0,450647,1981.0,312,1980.0,372,1982.0,769,1979.0,694,1983.0,1200,1978.0,366,1984.0,346,1977.0,597,1985.0,1011,1976.0,501
1597988419642970112,1597988419500000000,2020-08-21 13:40:19.500000,1980.0,1985.0,1911.0,1939.0,nan,1952.217173,1223857,23892346530.0,450646,1981.0,336,1980.0,388,1982.0,774,1979.0,694,1983.0,1200,1978.0,366,1984.0,346,1977.0,597,1985.0,1011,1976.0,501
1597988420106253056,1597988420000000000,2020-08-21 13:40:20.000000,1981.0,1985.0,1911.0,1939.0,nan,1952.217197,1223858,23892366340.0,450646,1981.0,335,1980.0,379,1982.0,774,1979.0,694,1983.0,1200,1978.0,366,1984.0,342,1977.0,597,1985.0,1011,1976.0,501
1597988420614629888,1597988420500000000,2020-08-21 13:40:20.500000,1981.0,1985.0,1911.0,1939.0,nan,1952.21722,1223859,23892386150.0,450646,1981.0,334,1980.0,373,1982.0,778,1979.0,694,1983.0,1199,1978.0,376,1984.0,342,1977.0,597,1985.0,1011,1976.0,501
1597988421120093952,1597988421000000000,2020-08-21 13:40:21.000000,1981.0,1985.0,1911.0,1939.0,nan,1952.21722,1223859,23892386150.0,450646,1981.0,334,1980.0,373,1982.0,778,1979.0,693,1983.0,1199,1978.0,376,1984.0,342,1977.0,597,1985.0,1011,1976.0,501
1597988421612932096,1597988421500000000,2020-08-21 13:40:21.500000,1981.0,1985.0,1911.0,1939.0,nan,1952.217479,1223870,23892604060.0,450643,1981.0,324,1980.0,373,1982.0,779,1979.0,692,1983.0,1200,1978.0,376,1984.0,341,1977.0,597,1985.0,1011,1976.0,501
1597988422114491904,1597988422000000000,2020-08-21 13:40:22.000000,1980.0,1985.0,1911.0,1939.0,nan,1952.217592,1223875,23892703060.0,450639,1981.0,325,1980.0,363,1982.0,779,1979.0,690,1983.0,1200,1978.0,372,1984.0,340,1977.0,597,1985.0,1011,1976.0,501
1597988422663632896,1597988422500000000,2020-08-21 13:40:22.500000,1980.0,1985.0,1911.0,1939.0,nan,1952.217592,1223875,23892703060.0,450639,1981.0,327,1980.0,365,1982.0,779,1979.0,709,1983.0,1201,1978.0,372,1984.0,341,1977.0,597,1985.0,1011,1976.0,501
1597988423142660096,1597988423000000000,2020-08-21 13:40:23.000000,1981.0,1985.0,1911.0,1939.0,nan,1952.217734,1223881,23892821920.0,450639,1981.0,321,1980.0,385,1982.0,779,1979.0,709,1983.0,1201,1978.0,372,1984.0,341,1977.0,597,1985.0,1012,1976.0,501
1597988423625722880,1597988423500000000,2020-08-21 13:40:23.500000,1980.0,1985.0,1911.0,1939.0,nan,1952.217756,1223882,23892841720.0,450638,1981.0,322,1980.0,385,1982.0,779,1979.0,709,1983.0,1200,1978.0,372,1984.0,341,1977.0,597,1985.0,1012,1976.0,501
1597988424207064064,1597988424000000000,2020-08-21 13:40:24.000000,1980.0,1985.0,1911.0,1939.0,nan,1952.217942,1223890,23893000170.0,450637,1981.0,328,1980.0,381,1982.0,780,1979.0,709,1983.0,1200,1978.0,372,1984.0,341,1977.0,597,1985.0,1012,1976.0,501
1597988424618060032,1597988424500000000,2020-08-21 13:40:24.500000,1980.0,1985.0,1911.0,1939.0,nan,1952.21801,1223893,23893059570.0,450634,1981.0,383,1980.0,400,1982.0,780,1979.0,709,1983.0,1201,1978.0,372,1984.0,341,1977.0,597,1985.0,1012,1976.0,501
1597988425114825984,1597988425000000000,2020-08-21 13:40:25.000000,1980.0,1985.0,1911.0,1939.0,nan,1952.21801,1223893,23893059570.0,450634,1981.0,388,1980.0,401,1982.0,781,1979.0,689,1983.0,1201,1978.0,392,1984.0,341,1977.0,597,1985.0,1012,1976.0,501
1597988425612457984,1597988425500000000,2020-08-21 13:40:25.500000,1980.0,1985.0,1911.0,1939.0,nan,1952.218237,1223903,23893257570.0,450634,1981.0,390,1980.0,394,1982.0,777,1979.0,689,1983.0,1201,1978.0,392,1984.0,341,1977.0,597,1985.0,1012,1976.0,501
1597988426182080000,1597988426000000000,2020-08-21 13:40:26.000000,1980.0,1985.0,1911.0,1939.0,nan,1952.218237,1223903,23893257570.0,450634,1981.0,392,1980.0,397,1982.0,778,1979.0,689,1983.0,1201,1978.0,392,1984.0,341,1977.0,599,1985.0,1012,1976.0,501
1597988426664847104,1597988426500000000,2020-08-21 13:40:26.500000,1980.0,1985.0,1911.0,1939.0,nan,1952.218564,1223917,23893534880.0,450623,1981.0,381,1980.0,394,1982.0,778,1979.0,690,1983.0,1202,1978.0,392,1984.0,341,1977.0,599,1985.0,1012,1976.0,501
1597988427119514880,1597988427000000000,2020-08-21 13:40:27.000000,1980.0,1985.0,1911.0,1939.0,nan,1952.218609,1223919,23893574480.0,450624,1981.0,384,1980.0,393,1982.0,779,1979.0,691,1983.0,1202,1978.0,392,1984.0,340,1977.0,599,1985.0,1011,1976.0,501
1597988427616950016,1597988427500000000,2020-08-21 13:40:27.500000,1980.0,1985.0,1911.0,1939.0,nan,1952.218632,1223920,23893594280.0,450625,1981.0,386,1980.0,393,1982.0,774,1979.0,691,1983.0,1201,1978.0,393,1984.0,340,1977.0,599,1985.0,1011,1976.0,501
1597988428117638912,1597988428000000000,2020-08-21 13:40:28.000000,1980.0,1985.0,1911.0,1939.0,nan,1952.2187,1223923,23893653680.0,450625,1981.0,387,1980.0,390,1982.0,774,1979.0,690,1983.0,1201,1978.0,393,1984.0,338,1977.0,599,1985.0,1011,1976.0,501
