local_nano_time,quote_nano_time,datetime,last_price,highest,lowest,open,close,average,volume,amount,open_interest,ask_price1,ask_volume1,bid_price1,bid_volume1,ask_price2,ask_volume2,bid_price2,bid_volume2,ask_price3,ask_volume3,bid_price3,bid_volume3,ask_price4,ask_volume4,bid_price4,bid_volume4,ask_price5,ask_volume5,bid_price5,bid_volume5
1597988226621436928,1597988226500000000,2020-08-21 13:37:06.500000,20185.0,20220.0,20020.0,20195.0,nan,20110.334,89606,9010033100.0,64235,20185.0,21,20180.0,29,20190.0,33,20175.0,42,20195.0,35,20170.0,26,20200.0,140,20165.0,32,20205.0,22,20160.0,37
1597988227118157056,1597988227000000000,2020-08-21 13:37:07.000000,20185.0,20220.0,20020.0,20195.0,nan,20110.334,89606,9010033100.0,64235,20185.0,21,20180.0,29,20190.0,33,20175.0,42,20195.0,35,20170.0,27,20200.0,140,20165.0,32,20205.0,22,20160.0,38
1597988227622385920,1597988227500000000,2020-08-21 13:37:07.500000,20185.0,20220.0,20020.0,20195.0,nan,20110.336,89608,9010234950.0,64234,20185.0,19,20180.0,30,20190.0,33,20175.0,42,20195.0,35,20170.0,27,20200.0,140,20165.0,32,20205.0,22,20160.0,38
1597988228113731072,1597988228000000000,2020-08-21 13:37:08.000000,20185.0,20220.0,20020.0,20195.0,nan,20110.348,89622,9011647900.0,64237,20185.0,11,20180.0,38,20190.0,33,20175.0,42,20195.0,35,20170.0,27,20200.0,150,20165.0,32,20205.0,22,20160.0,38
1597988228614932992,1597988228500000000,2020-08-21 13:37:08.500000,20185.0,20220.0,20020.0,20195.0,nan,20110.349,89623,9011748825.0,64237,20185.0,11,20180.0,41,20190.0,33,20175.0,42,20195.0,35,20170.0,27,20200.0,150,20165.0,33,20205.0,22,20160.0,38
1597988229614948096,1597988229500000000,2020-08-21 13:37:09.500000,20180.0,20220.0,20020.0,20195.0,nan,20110.352,89628,9012253325.0,64237,20185.0,12,20180.0,36,20190.0,33,20175.0,42,20195.0,35,20170.0,27,20200.0,151,20165.0,33,20205.0,22,20160.0,38
1597988230128118016,1597988230000000000,2020-08-21 13:37:10.000000,20180.0,20220.0,20020.0,20195.0,nan,20110.352,89628,9012253325.0,64237,20185.0,34,20180.0,36,20190.0,33,20175.0,42,20195.0,35,20170.0,27,20200.0,151,20165.0,33,20205.0,22,20160.0,38
1597988230611751936,1597988230500000000,2020-08-21 13:37:10.500000,20180.0,20220.0,20020.0,20195.0,nan,20110.352,89628,9012253325.0,64237,20185.0,35,20180.0,28,20190.0,33,20175.0,42,20195.0,35,20170.0,27,20200.0,151,20165.0,33,20205.0,22,20160.0,38
1597988231120907008,1597988231000000000,2020-08-21 13:37:11.000000,20180.0,20220.0,20020.0,20195.0,nan,20110.373,89654,9014876725.0,64233,20180.0,6,20175.0,42,20185.0,36,20170.0,27,20190.0,33,20165.0,33,20195.0,35,20160.0,38,20200.0,150,20155.0,19
1597988231612654080,1597988231500000000,2020-08-21 13:37:11.500000,20180.0,20220.0,20020.0,20195.0,nan,20110.373,89654,9014876725.0,64233,20180.0,19,20175.0,40,20185.0,36,20170.0,28,20190.0,35,20165.0,33,20195.0,35,20160.0,38,20200.0,150,20155.0,19
1597988232123976960,1597988232000000000,2020-08-21 13:37:12.000000,20180.0,20220.0,20020.0,20195.0,nan,20110.373,89654,9014876725.0,64233,20180.0,20,20175.0,33,20185.0,36,20170.0,29,20190.0,35,20165.0,33,20195.0,35,20160.0,38,20200.0,150,20155.0,19
1597988232616432128,1597988232500000000,2020-08-21 13:37:12.500000,20180.0,20220.0,20020.0,20195.0,nan,20110.373,89654,9014876725.0,64233,20180.0,25,20175.0,34,20185.0,36,20170.0,29,20190.0,35,20165.0,33,20195.0,35,20160.0,38,20200.0,150,20155.0,19
1597988233114785024,1597988233000000000,2020-08-21 13:37:13.000000,20180.0,20220.0,20020.0,20195.0,nan,20110.373,89654,9014876725.0,64233,20180.0,25,20175.0,37,20185.0,36,20170.0,29,20190.0,35,20165.0,33,20195.0,35,20160.0,38,20200.0,150,20155.0,19
1597988233627321088,1597988233500000000,2020-08-21 13:37:13.500000,20180.0,20220.0,20020.0,20195.0,nan,20110.387,89672,9016692925.0,64222,20180.0,11,20175.0,37,20185.0,36,20170.0,29,20190.0,35,20165.0,33,20195.0,35,20160.0,38,20200.0,150,20155.0,19
1597988234137015040,1597988234000000000,2020-08-21 13:37:14.000000,20180.0,20220.0,20020.0,20195.0,nan,20110.387,89672,9016692925.0,64222,20180.0,13,20175.0,38,20185.0,36,20170.0,29,20190.0,35,20165.0,33,20195.0,35,20160.0,38,20200.0,150,20155.0,19
1597988234617990912,1597988234500000000,2020-08-21 13:37:14.500000,20180.0,20220.0,20020.0,20195.0,nan,20110.388,89674,9016894725.0,64221,20180.0,20,20175.0,38,20185.0,36,20170.0,29,20190.0,35,20165.0,33,20195.0,35,20160.0,38,20200.0,150,20155.0,19
1597988236109629952,1597988236000000000,2020-08-21 13:37:16.000000,20180.0,20220.0,20020.0,20195.0,nan,20110.388,89674,9016894725.0,64221,20180.0,20,20175.0,38,20185.0,35,20170.0,28,20190.0,35,20165.0,33,20195.0,35,20160.0,38,20200.0,150,20155.0,19
1597988236614376960,1597988236500000000,2020-08-21 13:37:16.500000,20180.0,20220.0,20020.0,20195.0,nan,20110.388,89674,9016894725.0,64221,20180.0,22,20175.0,38,20185.0,35,20170.0,28,20190.0,35,20165.0,33,20195.0,35,20160.0,38,20200.0,150,20155.0,19
1597988237125491968,1597988237000000000,2020-08-21 13:37:17.000000,20180.0,20220.0,20020.0,20195.0,nan,20110.39,89676,9017096500.0,64220,20180.0,22,20175.0,31,20185.0,35,20170.0,28,20190.0,35,20165.0,33,20195.0,35,20160.0,38,20200.0,150,20155.0,19
1597988237622327040,1597988237500000000,2020-08-21 13:37:17.500000,20180.0,20220.0,20020.0,20195.0,nan,20110.39,89676,9017096500.0,64220,20180.0,24,20175.0,23,20185.0,35,20170.0,28,20190.0,35,20165.0,33,20195.0,34,20160.0,38,20200.0,150,20155.0,19
1597988238108996096,1597988238000000000,2020-08-21 13:37:18.000000,20180.0,20220.0,20020.0,20195.0,nan,20110.39,89676,9017096500.0,64220,20180.0,27,20175.0,18,20185.0,37,20170.0,28,20190.0,35,20165.0,34,20195.0,34,20160.0,38,20200.0,150,20155.0,19
1597988238618221056,1597988238500000000,2020-08-21 13:37:18.500000,20175.0,20220.0,20020.0,20195.0,nan,20110.405,89697,9019214875.0,64210,20180.0,27,20170.0,28,20185.0,37,20165.0,34,20190.0,35,20160.0,38,20195.0,34,20155.0,19,20200.0,150,20150.0,113
1597988239126565120,1597988239000000000,2020-08-21 13:37:19.000000,20175.0,20220.0,20020.0,20195.0,nan,20110.405,89698,9019315750.0,64210,20175.0,11,20170.0,27,20180.0,30,20165.0,34,20185.0,37,20160.0,40,20190.0,35,20155.0,23,20195.0,34,20150.0,113
1597988239625615104,1597988239500000000,2020-08-21 13:37:19.500000,20175.0,20220.0,20020.0,20195.0,nan,20110.405,89698,9019315750.0,64210,20175.0,15,20170.0,23,20180.0,30,20165.0,34,20185.0,37,20160.0,40,20190.0,35,20155.0,23,20195.0,34,20150.0,113
1597988240120113920,1597988240000000000,2020-08-21 13:37:20.000000,20170.0,20220.0,20020.0,20195.0,nan,20110.415,89711,9020627100.0,64216,20180.0,31,20175.0,1,20185.0,37,20170.0,35,20190.0,35,20165.0,35,20195.0,34,20160.0,40,20200.0,151,20155.0,23
1597988240622682112,1597988240500000000,2020-08-21 13:37:20.500000,20170.0,20220.0,20020.0,20195.0,nan,20110.415,89711,9020627100.0,64216,20180.0,25,20175.0,8,20185.0,37,20170.0,35,20190.0,35,20165.0,35,20195.0,34,20160.0,40,20200.0,152,20155.0,23
1597988241122427904,1597988241000000000,2020-08-21 13:37:21.000000,20170.0,20220.0,20020.0,20195.0,nan,20110.415,89711,9020627100.0,64216,20180.0,25,20175.0,19,20185.0,38,20170.0,35,20190.0,35,20165.0,35,20195.0,34,20160.0,40,20200.0,162,20155.0,23
1597988241616355072,1597988241500000000,2020-08-21 13:37:21.500000,20175.0,20220.0,20020.0,20195.0,nan,20110.416,89713,9020828850.0,64215,20180.0,23,20175.0,17,20185.0,38,20170.0,37,20190.0,35,20165.0,35,20195.0,34,20160.0,40,20200.0,162,20155.0,23
1597988242636509952,1597988242500000000,2020-08-21 13:37:22.500000,20180.0,20220.0,20020.0,20195.0,nan,20110.417,89714,9020929750.0,64214,20180.0,22,20175.0,18,20185.0,38,20170.0,37,20190.0,35,20165.0,35,20195.0,34,20160.0,40,20200.0,162,20155.0,23
1597988243625337088,1597988243500000000,2020-08-21 13:37:23.500000,20175.0,20220.0,20020.0,20195.0,nan,20110.418,89715,9021030625.0,64214,20180.0,22,20175.0,17,20185.0,38,20170.0,36,20190.0,35,20165.0,35,20195.0,34,20160.0,40,20200.0,162,20155.0,23
1597988245130277120,1597988245000000000,2020-08-21 13:37:25.000000,20175.0,20220.0,20020.0,20195.0,nan,20110.418,89715,9021030625.0,64214,20180.0,22,20175.0,16,20185.0,39,20170.0,36,20190.0,35,20165.0,35,20195.0,34,20160.0,40,20200.0,162,20155.0,23
1597988245620836096,1597988245500000000,2020-08-21 13:37:25.500000,20180.0,20220.0,20020.0,20195.0,nan,20110.418,89716,9021131525.0,64214,20180.0,23,20175.0,16,20185.0,39,20170.0,36,20190.0,35,20165.0,35,20195.0,34,20160.0,40,20200.0,162,20155.0,23
1597988246135798016,1597988246000000000,2020-08-21 13:37:26.000000,20180.0,20220.0,20020.0,20195.0,nan,20110.418,89716,9021131525.0,64214,20180.0,24,20175.0,16,20185.0,39,20170.0,36,20190.0,35,20165.0,35,20195.0,34,20160.0,40,20200.0,162,20155.0,23
1597988246630844928,1597988246500000000,2020-08-21 13:37:26.500000,20180.0,20220.0,20020.0,20195.0,nan,20110.418,89716,9021131525.0,64214,20180.0,24,20175.0,15,20185.0,39,20170.0,36,20190.0,35,20165.0,35,20195.0,34,20160.0,40,20200.0,162,20155.0,23
1597988247120290048,1597988247000000000,2020-08-21 13:37:27.000000,20175.0,20220.0,20020.0,20195.0,nan,20110.419,89717,9021232400.0,64213,20180.0,24,20175.0,14,20185.0,39,20170.0,36,20190.0,35,20165.0,35,20195.0,34,20160.0,40,20200.0,162,20155.0,23
1597988247606244096,1597988247500000000,2020-08-21 13:37:27.500000,20175.0,20220.0,20020.0,20195.0,nan,20110.429,89731,9022644650.0,64203,20180.0,25,20170.0,36,20185.0,39,20165.0,35,20190.0,35,20160.0,40,20195.0,34,20155.0,23,20200.0,162,20150.0,113
1597988248127345920,1597988248000000000,2020-08-21 13:37:28.000000,20175.0,20220.0,20020.0,20195.0,nan,20110.429,89731,9022644650.0,64203,20175.0,9,20170.0,37,20180.0,27,20165.0,35,20185.0,39,20160.0,40,20190.0,35,20155.0,25,20195.0,34,20150.0,113
1597988248628005120,1597988248500000000,2020-08-21 13:37:28.500000,20180.0,20220.0,20020.0,20195.0,nan,20110.439,89745,9024056925.0,64211,20180.0,26,20170.0,38,20185.0,39,20165.0,35,20190.0,35,20160.0,40,20195.0,34,20155.0,25,20200.0,160,20150.0,113
1597988249109222912,1597988249000000000,2020-08-21 13:37:29.000000,20180.0,20220.0,20020.0,20195.0,nan,20110.44,89746,9024157825.0,64211,20180.0,25,20175.0,5,20185.0,39,20170.0,39,20190.0,35,20165.0,35,20195.0,34,20160.0,40,20200.0,160,20155.0,24
1597988249606831104,1597988249500000000,2020-08-21 13:37:29.500000,20180.0,20220.0,20020.0,20195.0,nan,20110.442,89748,9024359625.0,64209,20180.0,21,20175.0,17,20185.0,39,20170.0,29,20190.0,35,20165.0,35,20195.0,34,20160.0,40,20200.0,160,20155.0,24
1597988250161998080,1597988250000000000,2020-08-21 13:37:30.000000,20180.0,20220.0,20020.0,20195.0,nan,20110.444,89751,9024662300.0,64207,20180.0,15,20175.0,21,20185.0,39,20170.0,27,20190.0,35,20165.0,35,20195.0,34,20160.0,40,20200.0,160,20155.0,24
1597988250620541952,1597988250500000000,2020-08-21 13:37:30.500000,20180.0,20220.0,20020.0,20195.0,nan,20110.445,89752,9024763200.0,64206,20180.0,14,20175.0,22,20185.0,47,20170.0,29,20190.0,35,20165.0,35,20195.0,34,20160.0,40,20200.0,160,20155.0,24
1597988251634458880,1597988251500000000,2020-08-21 13:37:31.500000,20180.0,20220.0,20020.0,20195.0,nan,20110.445,89752,9024763200.0,64206,20180.0,24,20175.0,22,20185.0,47,20170.0,29,20190.0,35,20165.0,35,20195.0,34,20160.0,40,20200.0,160,20155.0,24
1597988252127580928,1597988252000000000,2020-08-21 13:37:32.000000,20180.0,20220.0,20020.0,20195.0,nan,20110.445,89752,9024763200.0,64206,20180.0,24,20175.0,21,20185.0,47,20170.0,29,20190.0,35,20165.0,35,20195.0,34,20160.0,40,20200.0,160,20155.0,24
1597988252625368064,1597988252500000000,2020-08-21 13:37:32.500000,20175.0,20220.0,20020.0,20195.0,nan,20110.449,89758,9025368450.0,64204,20180.0,24,20175.0,15,20185.0,47,20170.0,29,20190.0,85,20165.0,35,20195.0,34,20160.0,40,20200.0,160,20155.0,24
1597988253120116992,1597988253000000000,2020-08-21 13:37:33.000000,20175.0,20220.0,20020.0,20195.0,nan,20110.458,89770,9026578950.0,64193,20180.0,25,20175.0,8,20185.0,47,20170.0,31,20190.0,86,20165.0,35,20195.0,34,20160.0,40,20200.0,160,20155.0,24
1597988253621297920,1597988253500000000,2020-08-21 13:37:33.500000,20175.0,20220.0,20020.0,20195.0,nan,20110.458,89770,9026578950.0,64193,20180.0,25,20175.0,16,20185.0,47,20170.0,31,20190.0,86,20165.0,35,20195.0,34,20160.0,40,20200.0,160,20155.0,24
1597988254615917056,1597988254500000000,2020-08-21 13:37:34.500000,20175.0,20220.0,20020.0,20195.0,nan,20110.458,89770,9026578950.0,64193,20180.0,43,20175.0,16,20185.0,47,20170.0,31,20190.0,86,20165.0,35,20195.0,34,20160.0,40,20200.0,160,20155.0,24
1597988255099739904,1597988255000000000,2020-08-21 13:37:35.000000,20175.0,20220.0,20020.0,20195.0,nan,20110.458,89770,9026578950.0,64193,20180.0,44,20175.0,16,20185.0,47,20170.0,31,20190.0,86,20165.0,35,20195.0,34,20160.0,40,20200.0,160,20155.0,24
1597988256105562880,1597988256000000000,2020-08-21 13:37:36.000000,20175.0,20220.0,20020.0,20195.0,nan,20110.458,89770,9026578950.0,64193,20180.0,44,20175.0,16,20185.0,48,20170.0,31,20190.0,86,20165.0,35,20195.0,34,20160.0,40,20200.0,160,20155.0,24
1597988257608393984,1597988257500000000,2020-08-21 13:37:37.500000,20175.0,20220.0,20020.0,20195.0,nan,20110.458,89770,9026578950.0,64193,20180.0,44,20175.0,17,20185.0,48,20170.0,31,20190.0,86,20165.0,35,20195.0,34,20160.0,40,20200.0,160,20155.0,24
1597988258601730048,1597988258500000000,2020-08-21 13:37:38.500000,20175.0,20220.0,20020.0,20195.0,nan,20110.458,89770,9026578950.0,64193,20180.0,44,20175.0,20,20185.0,48,20170.0,31,20190.0,86,20165.0,35,20195.0,34,20160.0,40,20200.0,160,20155.0,24
1597988259118977024,1597988259000000000,2020-08-21 13:37:39.000000,20175.0,20220.0,20020.0,20195.0,nan,20110.458,89770,9026578950.0,64193,20180.0,44,20175.0,21,20185.0,48,20170.0,31,20190.0,86,20165.0,35,20195.0,34,20160.0,40,20200.0,160,20155.0,24
1597988259613459968,1597988259500000000,2020-08-21 13:37:39.500000,20175.0,20220.0,20020.0,20195.0,nan,20110.458,89770,9026578950.0,64193,20180.0,45,20175.0,21,20185.0,48,20170.0,31,20190.0,87,20165.0,35,20195.0,34,20160.0,40,20200.0,159,20155.0,24
1597988262107556096,1597988262000000000,2020-08-21 13:37:42.000000,20175.0,20220.0,20020.0,20195.0,nan,20110.458,89770,9026578950.0,64193,20180.0,45,20175.0,23,20185.0,48,20170.0,31,20190.0,87,20165.0,35,20195.0,35,20160.0,40,20200.0,159,20155.0,24
1597988262622810880,1597988262500000000,2020-08-21 13:37:42.500000,20175.0,20220.0,20020.0,20195.0,nan,20110.458,89770,9026578950.0,64193,20180.0,45,20175.0,24,20185.0,48,20170.0,31,20190.0,87,20165.0,35,20195.0,35,20160.0,40,20200.0,159,20155.0,24
1597988263119279104,1597988263000000000,2020-08-21 13:37:43.000000,20175.0,20220.0,20020.0,20195.0,nan,20110.458,89770,9026578950.0,64193,20180.0,45,20175.0,30,20185.0,48,20170.0,31,20190.0,87,20165.0,35,20195.0,35,20160.0,40,20200.0,159,20155.0,24
1597988263619200000,1597988263500000000,2020-08-21 13:37:43.500000,20180.0,20220.0,20020.0,20195.0,nan,20110.492,89814,9031018550.0,64230,20185.0,48,20180.0,1,20190.0,87,20175.0,46,20195.0,35,20170.0,31,20200.0,159,20165.0,35,20205.0,27,20160.0,40
1597988264131714048,1597988264000000000,2020-08-21 13:37:44.000000,20175.0,20220.0,20020.0,20195.0,nan,20110.527,89860,9035659850.0,64205,20185.0,45,20180.0,12,20190.0,87,20175.0,27,20195.0,36,20170.0,31,20200.0,159,20165.0,33,20205.0,27,20160.0,40
1597988264618840064,1597988264500000000,2020-08-21 13:37:44.500000,20180.0,20220.0,20020.0,20195.0,nan,20110.54,89877,9037375150.0,64189,20180.0,49,20175.0,20,20185.0,48,20170.0,31,20190.0,87,20165.0,32,20195.0,36,20160.0,40,20200.0,159,20155.0,24
1597988265128684032,1597988265000000000,2020-08-21 13:37:45.000000,20180.0,20220.0,20020.0,20195.0,nan,20110.55,89891,9038787450.0,64187,20180.0,52,20170.0,30,20185.0,50,20165.0,32,20190.0,87,20160.0,40,20195.0,35,20155.0,24,20200.0,159,20150.0,113
1597988265622010112,1597988265500000000,2020-08-21 13:37:45.500000,20175.0,20220.0,20020.0,20195.0,nan,20110.552,89893,9038989200.0,64187,20180.0,51,20175.0,9,20185.0,50,20170.0,40,20190.0,87,20165.0,32,20195.0,35,20160.0,40,20200.0,159,20155.0,22
1597988266138171904,1597988266000000000,2020-08-21 13:37:46.000000,20175.0,20220.0,20020.0,20195.0,nan,20110.552,89893,9038989200.0,64187,20180.0,41,20175.0,23,20185.0,50,20170.0,39,20190.0,87,20165.0,32,20195.0,35,20160.0,40,20200.0,159,20155.0,22
1597988266607220992,1597988266500000000,2020-08-21 13:37:46.500000,20175.0,20220.0,20020.0,20195.0,nan,20110.552,89893,9038989200.0,64187,20180.0,41,20175.0,25,20185.0,50,20170.0,39,20190.0,87,20165.0,33,20195.0,35,20160.0,40,20200.0,159,20155.0,22
1597988267132230912,1597988267000000000,2020-08-21 13:37:47.000000,20175.0,20220.0,20020.0,20195.0,nan,20110.552,89893,9038989200.0,64187,20180.0,41,20175.0,24,20185.0,50,20170.0,39,20190.0,87,20165.0,33,20195.0,35,20160.0,41,20200.0,159,20155.0,22
1597988267616844032,1597988267500000000,2020-08-21 13:37:47.500000,20175.0,20220.0,20020.0,20195.0,nan,20110.552,89893,9038989200.0,64187,20180.0,41,20175.0,25,20185.0,50,20170.0,39,20190.0,87,20165.0,33,20195.0,35,20160.0,41,20200.0,159,20155.0,22
1597988268630044928,1597988268500000000,2020-08-21 13:37:48.500000,20180.0,20220.0,20020.0,20195.0,nan,20110.553,89894,9039090100.0,64187,20180.0,35,20175.0,25,20185.0,50,20170.0,36,20190.0,87,20165.0,33,20195.0,35,20160.0,41,20200.0,159,20155.0,22
1597988269122676992,1597988269000000000,2020-08-21 13:37:49.000000,20180.0,20220.0,20020.0,20195.0,nan,20110.553,89894,9039090100.0,64187,20180.0,32,20175.0,29,20185.0,50,20170.0,36,20190.0,87,20165.0,33,20195.0,35,20160.0,41,20200.0,159,20155.0,22
1597988269648375040,1597988269500000000,2020-08-21 13:37:49.500000,20180.0,20220.0,20020.0,20195.0,nan,20110.553,89894,9039090100.0,64187,20180.0,32,20175.0,28,20185.0,50,20170.0,36,20190.0,87,20165.0,32,20195.0,35,20160.0,41,20200.0,159,20155.0,22
1597988270129384960,1597988270000000000,2020-08-21 13:37:50.000000,20180.0,20220.0,20020.0,20195.0,nan,20110.553,89894,9039090100.0,64187,20180.0,31,20175.0,28,20185.0,50,20170.0,36,20190.0,87,20165.0,30,20195.0,35,20160.0,41,20200.0,159,20155.0,22
1597988270605569024,1597988270500000000,2020-08-21 13:37:50.500000,20180.0,20220.0,20020.0,20195.0,nan,20110.553,89895,9039191000.0,64187,20180.0,30,20175.0,25,20185.0,50,20170.0,36,20190.0,87,20165.0,30,20195.0,35,20160.0,41,20200.0,159,20155.0,22
1597988271134470912,1597988271000000000,2020-08-21 13:37:51.000000,20180.0,20220.0,20020.0,20195.0,nan,20110.554,89896,9039291900.0,64186,20180.0,29,20175.0,25,20185.0,50,20170.0,36,20190.0,87,20165.0,30,20195.0,35,20160.0,41,20200.0,159,20155.0,22
1597988272114874112,1597988272000000000,2020-08-21 13:37:52.000000,20180.0,20220.0,20020.0,20195.0,nan,20110.554,89896,9039291900.0,64186,20180.0,30,20175.0,25,20185.0,50,20170.0,36,20190.0,87,20165.0,30,20195.0,35,20160.0,41,20200.0,159,20155.0,22
1597988274116986112,1597988274000000000,2020-08-21 13:37:54.000000,20180.0,20220.0,20020.0,20195.0,nan,20110.554,89896,9039291900.0,64186,20180.0,30,20175.0,18,20185.0,50,20170.0,36,20190.0,87,20165.0,30,20195.0,35,20160.0,41,20200.0,159,20155.0,22
1597988274640011008,1597988274500000000,2020-08-21 13:37:54.500000,20180.0,20220.0,20020.0,20195.0,nan,20110.554,89896,9039291900.0,64186,20180.0,30,20175.0,12,20185.0,50,20170.0,36,20190.0,87,20165.0,30,20195.0,35,20160.0,41,20200.0,159,20155.0,22
1597988275125672960,1597988275000000000,2020-08-21 13:37:55.000000,20175.0,20220.0,20020.0,20195.0,nan,20110.555,89897,9039392775.0,64187,20180.0,29,20175.0,11,20185.0,50,20170.0,36,20190.0,87,20165.0,30,20195.0,35,20160.0,41,20200.0,159,20155.0,22
1597988275644155904,1597988275500000000,2020-08-21 13:37:55.500000,20175.0,20220.0,20020.0,20195.0,nan,20110.555,89897,9039392775.0,64187,20180.0,31,20175.0,10,20185.0,50,20170.0,36,20190.0,87,20165.0,30,20195.0,35,20160.0,41,20200.0,159,20155.0,22
1597988276632366080,1597988276500000000,2020-08-21 13:37:56.500000,20175.0,20220.0,20020.0,20195.0,nan,20110.555,89897,9039392775.0,64187,20180.0,30,20175.0,18,20185.0,50,20170.0,36,20190.0,87,20165.0,30,20195.0,35,20160.0,41,20200.0,159,20155.0,22
1597988277213779968,1597988277000000000,2020-08-21 13:37:57.000000,20180.0,20220.0,20020.0,20195.0,nan,20110.556,89898,9039493675.0,64187,20180.0,30,20175.0,18,20185.0,50,20170.0,36,20190.0,87,20165.0,30,20195.0,35,20160.0,41,20200.0,159,20155.0,22
1597988277622277120,1597988277500000000,2020-08-21 13:37:57.500000,20180.0,20220.0,20020.0,20195.0,nan,20110.556,89898,9039493675.0,64187,20180.0,31,20175.0,18,20185.0,50,20170.0,36,20190.0,87,20165.0,30,20195.0,35,20160.0,41,20200.0,159,20155.0,22
1597988278129893120,1597988278000000000,2020-08-21 13:37:58.000000,20180.0,20220.0,20020.0,20195.0,nan,20110.556,89898,9039493675.0,64187,20180.0,31,20175.0,14,20185.0,50,20170.0,36,20190.0,87,20165.0,30,20195.0,35,20160.0,41,20200.0,159,20155.0,22
1597988279133080064,1597988279000000000,2020-08-21 13:37:59.000000,20175.0,20220.0,20020.0,20195.0,nan,20110.556,89899,9039594550.0,64188,20180.0,33,20175.0,13,20185.0,50,20170.0,36,20190.0,87,20165.0,30,20195.0,35,20160.0,41,20200.0,159,20155.0,22
1597988279638159872,1597988279500000000,2020-08-21 13:37:59.500000,20180.0,20220.0,20020.0,20195.0,nan,20110.557,89900,9039695450.0,64189,20180.0,33,20175.0,12,20185.0,50,20170.0,36,20190.0,87,20165.0,30,20195.0,35,20160.0,41,20200.0,159,20155.0,22
1597988280127494912,1597988280000000000,2020-08-21 13:38:00.000000,20180.0,20220.0,20020.0,20195.0,nan,20110.557,89900,9039695450.0,64189,20180.0,33,20175.0,12,20185.0,50,20170.0,36,20190.0,87,20165.0,30,20195.0,45,20160.0,41,20200.0,159,20155.0,22
1597988280624926976,1597988280500000000,2020-08-21 13:38:00.500000,20180.0,20220.0,20020.0,20195.0,nan,20110.557,89900,9039695450.0,64189,20180.0,35,20175.0,13,20185.0,50,20170.0,36,20190.0,87,20165.0,30,20195.0,45,20160.0,41,20200.0,159,20155.0,22
1597988281122875904,1597988281000000000,2020-08-21 13:38:01.000000,20175.0,20220.0,20020.0,20195.0,nan,20110.561,89905,9040199925.0,64190,20180.0,31,20175.0,15,20185.0,50,20170.0,36,20190.0,87,20165.0,30,20195.0,45,20160.0,41,20200.0,159,20155.0,22
1597988281612690944,1597988281500000000,2020-08-21 13:38:01.500000,20175.0,20220.0,20020.0,20195.0,nan,20110.561,89905,9040199925.0,64190,20180.0,31,20175.0,32,20185.0,50,20170.0,36,20190.0,87,20165.0,30,20195.0,45,20160.0,41,20200.0,159,20155.0,22
1597988282125878016,1597988282000000000,2020-08-21 13:38:02.000000,20180.0,20220.0,20020.0,20195.0,nan,20110.583,89934,9043126025.0,64193,20185.0,50,20175.0,35,20190.0,87,20170.0,36,20195.0,45,20165.0,30,20200.0,159,20160.0,41,20205.0,27,20155.0,22
1597988282628460032,1597988282500000000,2020-08-21 13:38:02.500000,20180.0,20220.0,20020.0,20195.0,nan,20110.585,89936,9043327825.0,64193,20185.0,46,20180.0,13,20190.0,87,20175.0,41,20195.0,35,20170.0,32,20200.0,159,20165.0,30,20205.0,27,20160.0,41
1597988283112668928,1597988283000000000,2020-08-21 13:38:03.000000,20180.0,20220.0,20020.0,20195.0,nan,20110.585,89936,9043327825.0,64193,20185.0,48,20180.0,16,20190.0,87,20175.0,36,20195.0,35,20170.0,32,20200.0,159,20165.0,30,20205.0,27,20160.0,41
1597988283618819072,1597988283500000000,2020-08-21 13:38:03.500000,20180.0,20220.0,20020.0,20195.0,nan,20110.585,89936,9043327825.0,64193,20185.0,48,20180.0,33,20190.0,87,20175.0,36,20195.0,35,20170.0,32,20200.0,159,20165.0,30,20205.0,27,20160.0,41
1597988284140196096,1597988284000000000,2020-08-21 13:38:04.000000,20180.0,20220.0,20020.0,20195.0,nan,20110.585,89936,9043327825.0,64193,20185.0,48,20180.0,36,20190.0,87,20175.0,38,20195.0,35,20170.0,32,20200.0,159,20165.0,38,20205.0,27,20160.0,41
1597988284615081984,1597988284500000000,2020-08-21 13:38:04.500000,20185.0,20220.0,20020.0,20195.0,nan,20110.587,89938,9043529675.0,64191,20185.0,46,20180.0,36,20190.0,87,20175.0,38,20195.0,35,20170.0,32,20200.0,159,20165.0,38,20205.0,27,20160.0,41
1597988285132516096,1597988285000000000,2020-08-21 13:38:05.000000,20185.0,20220.0,20020.0,20195.0,nan,20110.587,89938,9043529675.0,64191,20185.0,46,20180.0,40,20190.0,87,20175.0,37,20195.0,35,20170.0,32,20200.0,158,20165.0,37,20205.0,27,20160.0,41
1597988285622685952,1597988285500000000,2020-08-21 13:38:05.500000,20180.0,20220.0,20020.0,20195.0,nan,20110.595,89949,9044639575.0,64202,20185.0,46,20180.0,30,20190.0,87,20175.0,37,20195.0,36,20170.0,138,20200.0,158,20165.0,37,20205.0,27,20160.0,41
1597988286133963008,1597988286000000000,2020-08-21 13:38:06.000000,20185.0,20220.0,20020.0,20195.0,nan,20110.597,89951,9044841425.0,64200,20185.0,44,20180.0,31,20190.0,87,20175.0,37,20195.0,36,20170.0,139,20200.0,158,20165.0,37,20205.0,27,20160.0,41
1597988287125792000,1597988287000000000,2020-08-21 13:38:07.000000,20180.0,20220.0,20020.0,20195.0,nan,20110.598,89953,9045043225.0,64199,20185.0,44,20180.0,30,20190.0,87,20175.0,37,20195.0,36,20170.0,139,20200.0,158,20165.0,37,20205.0,27,20160.0,41
1597988287617842944,1597988287500000000,2020-08-21 13:38:07.500000,20180.0,20220.0,20020.0,20195.0,nan,20110.598,89953,9045043225.0,64199,20185.0,44,20180.0,31,20190.0,87,20175.0,37,20195.0,36,20170.0,139,20200.0,158,20165.0,37,20205.0,27,20160.0,41
1597988288116303104,1597988288000000000,2020-08-21 13:38:08.000000,20180.0,20220.0,20020.0,20195.0,nan,20110.598,89953,9045043225.0,64199,20185.0,44,20180.0,30,20190.0,87,20175.0,37,20195.0,36,20170.0,139,20200.0,158,20165.0,37,20205.0,27,20160.0,41
1597988289631169024,1597988289500000000,2020-08-21 13:38:09.500000,20180.0,20220.0,20020.0,20195.0,nan,20110.598,89953,9045043225.0,64199,20185.0,44,20180.0,30,20190.0,87,20175.0,37,20195.0,36,20170.0,139,20200.0,158,20165.0,37,20205.0,37,20160.0,41
1597988290114810880,1597988290000000000,2020-08-21 13:38:10.000000,20180.0,20220.0,20020.0,20195.0,nan,20110.598,89953,9045043225.0,64199,20185.0,47,20180.0,30,20190.0,87,20175.0,37,20195.0,36,20170.0,139,20200.0,158,20165.0,37,20205.0,37,20160.0,41
1597988290601712128,1597988290500000000,2020-08-21 13:38:10.500000,20180.0,20220.0,20020.0,20195.0,nan,20110.598,89953,9045043225.0,64199,20185.0,47,20180.0,30,20190.0,88,20175.0,37,20195.0,36,20170.0,139,20200.0,158,20165.0,37,20205.0,37,20160.0,41
1597988291619824128,1597988291500000000,2020-08-21 13:38:11.500000,20180.0,20220.0,20020.0,20195.0,nan,20110.598,89953,9045043225.0,64199,20185.0,47,20180.0,33,20190.0,88,20175.0,37,20195.0,36,20170.0,139,20200.0,158,20165.0,37,20205.0,37,20160.0,41
1597988292610959872,1597988292500000000,2020-08-21 13:38:12.500000,20180.0,20220.0,20020.0,20195.0,nan,20110.598,89953,9045043225.0,64199,20185.0,47,20180.0,34,20190.0,88,20175.0,37,20195.0,36,20170.0,139,20200.0,158,20165.0,37,20205.0,37,20160.0,41
1597988293123137024,1597988293000000000,2020-08-21 13:38:13.000000,20185.0,20220.0,20020.0,20195.0,nan,20110.602,89958,9045547850.0,64198,20185.0,43,20180.0,38,20190.0,88,20175.0,42,20195.0,36,20170.0,139,20200.0,158,20165.0,37,20205.0,37,20160.0,41
1597988293609416960,1597988293500000000,2020-08-21 13:38:13.500000,20185.0,20220.0,20020.0,20195.0,nan,20110.602,89958,9045547850.0,64198,20185.0,42,20180.0,39,20190.0,88,20175.0,42,20195.0,37,20170.0,139,20200.0,158,20165.0,37,20205.0,37,20160.0,41
1597988295129947904,1597988295000000000,2020-08-21 13:38:15.000000,20185.0,20220.0,20020.0,20195.0,nan,20110.604,89960,9045749700.0,64198,20185.0,40,20180.0,39,20190.0,88,20175.0,42,20195.0,37,20170.0,139,20200.0,158,20165.0,37,20205.0,37,20160.0,41
1597988295619037952,1597988295500000000,2020-08-21 13:38:15.500000,20185.0,20220.0,20020.0,20195.0,nan,20110.604,89960,9045749700.0,64198,20185.0,40,20180.0,40,20190.0,88,20175.0,42,20195.0,37,20170.0,139,20200.0,158,20165.0,37,20205.0,37,20160.0,41
1597988296629922048,1597988296500000000,2020-08-21 13:38:16.500000,20180.0,20220.0,20020.0,20195.0,nan,20110.608,89965,9046254275.0,64196,20185.0,47,20180.0,41,20190.0,88,20175.0,42,20195.0,37,20170.0,139,20200.0,158,20165.0,37,20205.0,37,20160.0,41
1597988297133195008,1597988297000000000,2020-08-21 13:38:17.000000,20180.0,20220.0,20020.0,20195.0,nan,20110.608,89965,9046254275.0,64196,20185.0,51,20180.0,45,20190.0,88,20175.0,42,20195.0,37,20170.0,139,20200.0,158,20165.0,37,20205.0,37,20160.0,41
1597988297626539008,1597988297500000000,2020-08-21 13:38:17.500000,20180.0,20220.0,20020.0,20195.0,nan,20110.608,89965,9046254275.0,64196,20185.0,57,20180.0,46,20190.0,88,20175.0,42,20195.0,37,20170.0,139,20200.0,152,20165.0,37,20205.0,37,20160.0,41
1597988298624302080,1597988298500000000,2020-08-21 13:38:18.500000,20185.0,20220.0,20020.0,20195.0,nan,20110.657,90024,9052208850.0,64223,20190.0,88,20180.0,55,20195.0,37,20175.0,42,20200.0,152,20170.0,139,20205.0,37,20165.0,37,20210.0,13,20160.0,41
1597988299129327104,1597988299000000000,2020-08-21 13:38:19.000000,20185.0,20220.0,20020.0,20195.0,nan,20110.658,90025,9052309775.0,64223,20190.0,89,20185.0,27,20195.0,37,20180.0,57,20200.0,152,20175.0,42,20205.0,37,20170.0,138,20210.0,13,20165.0,37
1597988299626725120,1597988299500000000,2020-08-21 13:38:19.500000,20185.0,20220.0,20020.0,20195.0,nan,20110.691,90065,9056346775.0,64217,20190.0,90,20185.0,3,20195.0,37,20180.0,47,20200.0,153,20175.0,42,20205.0,37,20170.0,136,20210.0,13,20165.0,37
1597988300134342912,1597988300000000000,2020-08-21 13:38:20.000000,20185.0,20220.0,20020.0,20195.0,nan,20110.698,90074,9057255100.0,64213,20185.0,7,20180.0,44,20190.0,91,20175.0,42,20195.0,37,20170.0,136,20200.0,153,20165.0,37,20205.0,37,20160.0,41
1597988300617536000,1597988300500000000,2020-08-21 13:38:20.500000,20190.0,20220.0,20020.0,20195.0,nan,20110.747,90131,9063008900.0,64251,20190.0,49,20185.0,11,20195.0,37,20180.0,46,20200.0,154,20175.0,42,20205.0,37,20170.0,136,20210.0,13,20165.0,37
1597988301497926912,1597988301000000000,2020-08-21 13:38:21.000000,20185.0,20220.0,20020.0,20195.0,nan,20110.761,90148,9064724625.0,64239,20190.0,49,20185.0,3,20195.0,37,20180.0,46,20200.0,155,20175.0,42,20205.0,37,20170.0,136,20210.0,13,20165.0,37
1597988301837895936,1597988301500000000,2020-08-21 13:38:21.500000,20190.0,20220.0,20020.0,20195.0,nan,20110.805,90198,9069772050.0,64278,20195.0,38,20190.0,100,20200.0,155,20185.0,1,20205.0,37,20180.0,44,20210.0,13,20175.0,39,20215.0,81,20170.0,136
1597988302128844032,1597988302000000000,2020-08-21 13:38:22.000000,20190.0,20220.0,20020.0,20195.0,nan,20110.809,90202,9070175850.0,64278,20195.0,36,20190.0,160,20200.0,154,20185.0,13,20205.0,35,20180.0,42,20210.0,19,20175.0,46,20215.0,81,20170.0,141
1597988302638609920,1597988302500000000,2020-08-21 13:38:22.500000,20190.0,20220.0,20020.0,20195.0,nan,20110.809,90202,9070175850.0,64278,20195.0,32,20190.0,185,20200.0,94,20185.0,33,20205.0,35,20180.0,42,20210.0,19,20175.0,46,20215.0,81,20170.0,141
1597988303107217920,1597988303000000000,2020-08-21 13:38:23.000000,20190.0,20220.0,20020.0,20195.0,nan,20110.809,90202,9070175850.0,64278,20195.0,32,20190.0,187,20200.0,94,20185.0,34,20205.0,35,20180.0,42,20210.0,19,20175.0,45,20215.0,81,20170.0,141
1597988303792519936,1597988303500000000,2020-08-21 13:38:23.500000,20195.0,20220.0,20020.0,20195.0,nan,20110.837,90232,9073205100.0,64301,20200.0,94,20195.0,10,20205.0,35,20190.0,190,20210.0,19,20185.0,34,20215.0,81,20180.0,40,20220.0,68,20175.0,45
1597988304119348992,1597988304000000000,2020-08-21 13:38:24.000000,20195.0,20220.0,20020.0,20195.0,nan,20110.843,90239,9073911950.0,64300,20200.0,96,20195.0,34,20205.0,35,20190.0,170,20210.0,20,20185.0,34,20215.0,13,20180.0,23,20220.0,68,20175.0,54
1597988304620986880,1597988304500000000,2020-08-21 13:38:24.500000,20195.0,20220.0,20020.0,20195.0,nan,20110.843,90239,9073911950.0,64300,20200.0,94,20195.0,36,20205.0,35,20190.0,170,20210.0,22,20185.0,17,20215.0,22,20180.0,23,20220.0,68,20175.0,54
1597988305119823872,1597988305000000000,2020-08-21 13:38:25.000000,20200.0,20220.0,20020.0,20195.0,nan,20110.844,90240,9074012950.0,64300,20200.0,93,20195.0,34,20205.0,35,20190.0,170,20210.0,22,20185.0,17,20215.0,22,20180.0,23,20220.0,68,20175.0,54
1597988305623802880,1597988305500000000,2020-08-21 13:38:25.500000,20200.0,20220.0,20020.0,20195.0,nan,20110.883,90279,9077951950.0,64301,20200.0,55,20195.0,36,20205.0,35,20190.0,168,20210.0,22,20185.0,17,20215.0,22,20180.0,23,20220.0,67,20175.0,54
1597988306117622016,1597988306000000000,2020-08-21 13:38:26.000000,20200.0,20220.0,20020.0,20195.0,nan,20110.892,90288,9078860950.0,64307,20200.0,47,20195.0,37,20205.0,34,20190.0,166,20210.0,22,20185.0,17,20215.0,22,20180.0,22,20220.0,67,20175.0,54
1597988306620439040,1597988306500000000,2020-08-21 13:38:26.500000,20200.0,20220.0,20020.0,20195.0,nan,20110.938,90335,9083607950.0,64345,20205.0,34,20200.0,13,20210.0,22,20195.0,40,20215.0,22,20190.0,164,20220.0,67,20185.0,17,20225.0,21,20180.0,22
1597988307106671104,1597988307000000000,2020-08-21 13:38:27.000000,20200.0,20220.0,20020.0,20195.0,nan,20110.968,90365,9086637950.0,64355,20205.0,47,20200.0,7,20210.0,20,20195.0,20,20215.0,24,20190.0,78,20220.0,69,20185.0,17,20225.0,21,20180.0,30
1597988307613670912,1597988307500000000,2020-08-21 13:38:27.500000,20195.0,20220.0,20020.0,20195.0,nan,20110.977,90375,9087647900.0,64363,20200.0,21,20195.0,17,20205.0,39,20190.0,78,20210.0,20,20185.0,17,20215.0,24,20180.0,30,20220.0,69,20175.0,46
1597988308119984128,1597988308000000000,2020-08-21 13:38:28.000000,20200.0,20220.0,20020.0,20195.0,nan,20110.989,90387,9088859875.0,64352,20200.0,14,20195.0,24,20205.0,39,20190.0,78,20210.0,22,20185.0,17,20215.0,24,20180.0,30,20220.0,69,20175.0,46
1597988308628772096,1597988308500000000,2020-08-21 13:38:28.500000,20205.0,20220.0,20020.0,20195.0,nan,20111.043,90439,9094112875.0,64385,20210.0,22,20205.0,3,20215.0,24,20200.0,3,20220.0,69,20195.0,33,20225.0,21,20190.0,78,20230.0,96,20185.0,17
1597988309124156928,1597988309000000000,2020-08-21 13:38:29.000000,20205.0,20220.0,20020.0,20195.0,nan,20111.071,90466,9096840550.0,64382,20210.0,41,20205.0,11,20215.0,24,20200.0,18,20220.0,71,20195.0,23,20225.0,20,20190.0,78,20230.0,96,20185.0,22
1597988309791568896,1597988309500000000,2020-08-21 13:38:29.500000,20205.0,20220.0,20020.0,20195.0,nan,20111.09,90485,9098759975.0,64381,20205.0,2,20200.0,15,20210.0,39,20195.0,22,20215.0,24,20190.0,78,20220.0,71,20185.0,22,20225.0,20,20180.0,22
1597988310210824960,1597988310000000000,2020-08-21 13:38:30.000000,20205.0,20220.0,20020.0,20195.0,nan,20111.091,90486,9098861000.0,64382,20205.0,33,20200.0,16,20210.0,39,20195.0,24,20215.0,25,20190.0,78,20220.0,71,20185.0,22,20225.0,20,20180.0,22
1597988310616818944,1597988310500000000,2020-08-21 13:38:30.500000,20200.0,20220.0,20020.0,20195.0,nan,20111.096,90491,9099366000.0,64377,20205.0,34,20200.0,8,20210.0,41,20195.0,24,20215.0,25,20190.0,78,20220.0,71,20185.0,22,20225.0,20,20180.0,22
1597988311117728000,1597988311000000000,2020-08-21 13:38:31.000000,20205.0,20220.0,20020.0,20195.0,nan,20111.131,90525,9102800850.0,64404,20210.0,41,20205.0,16,20215.0,25,20200.0,13,20220.0,71,20195.0,23,20225.0,20,20190.0,78,20230.0,96,20185.0,22
1597988311612314880,1597988311500000000,2020-08-21 13:38:31.500000,20195.0,20220.0,20020.0,20195.0,nan,20111.17,90563,9106639325.0,64394,20205.0,12,20195.0,18,20210.0,40,20190.0,78,20215.0,25,20185.0,22,20220.0,71,20180.0,22,20225.0,22,20175.0,46
1597988312115237888,1597988312000000000,2020-08-21 13:38:32.000000,20200.0,20220.0,20020.0,20195.0,nan,20111.173,90566,9106942325.0,64395,20205.0,31,20200.0,16,20210.0,45,20195.0,25,20215.0,25,20190.0,78,20220.0,70,20185.0,22,20225.0,20,20180.0,22
1597988312626263040,1597988312500000000,2020-08-21 13:38:32.500000,20200.0,20220.0,20020.0,20195.0,nan,20111.173,90566,9106942325.0,64395,20205.0,31,20200.0,17,20210.0,46,20195.0,25,20215.0,27,20190.0,78,20220.0,70,20185.0,22,20225.0,20,20180.0,22
1597988313110789888,1597988313000000000,2020-08-21 13:38:33.000000,20205.0,20220.0,20020.0,20195.0,nan,20111.207,90599,9110276100.0,64409,20210.0,46,20205.0,20,20215.0,27,20200.0,17,20220.0,70,20195.0,25,20225.0,20,20190.0,28,20230.0,96,20185.0,22
1597988313613384960,1597988313500000000,2020-08-21 13:38:33.500000,20205.0,20220.0,20020.0,20195.0,nan,20111.238,90630,9113407650.0,64406,20205.0,10,20200.0,3,20210.0,46,20195.0,27,20215.0,27,20190.0,28,20220.0,70,20185.0,22,20225.0,20,20180.0,27
1597988314124715008,1597988314000000000,2020-08-21 13:38:34.000000,20200.0,20220.0,20020.0,20195.0,nan,20111.241,90633,9113710675.0,64405,20205.0,28,20200.0,25,20210.0,47,20195.0,27,20215.0,27,20190.0,28,20220.0,70,20185.0,22,20225.0,20,20180.0,27
1597988314610854912,1597988314500000000,2020-08-21 13:38:34.500000,20205.0,20220.0,20020.0,20195.0,nan,20111.242,90634,9113811700.0,64406,20205.0,27,20200.0,31,20210.0,47,20195.0,27,20215.0,27,20190.0,29,20220.0,70,20185.0,22,20225.0,20,20180.0,27
1597988315122749952,1597988315000000000,2020-08-21 13:38:35.000000,20200.0,20220.0,20020.0,20195.0,nan,20111.277,90669,9117346825.0,64383,20205.0,28,20200.0,2,20210.0,47,20195.0,27,20215.0,27,20190.0,29,20220.0,70,20185.0,22,20225.0,20,20180.0,27
1597988315659912960,1597988315500000000,2020-08-21 13:38:35.500000,20200.0,20220.0,20020.0,20195.0,nan,20111.277,90669,9117346825.0,64383,20205.0,32,20200.0,1,20210.0,47,20195.0,25,20215.0,27,20190.0,29,20220.0,70,20185.0,22,20225.0,20,20180.0,28
1597988316124891904,1597988316000000000,2020-08-21 13:38:36.000000,20205.0,20220.0,20020.0,20195.0,nan,20111.28,90672,9117649875.0,64385,20200.0,2,20195.0,23,20205.0,29,20190.0,28,20210.0,46,20185.0,22,20215.0,26,20180.0,28,20220.0,70,20175.0,45
1597988316627346944,1597988316500000000,2020-08-21 13:38:36.500000,20200.0,20220.0,20020.0,20195.0,nan,20111.287,90679,9118356875.0,64382,20200.0,3,20195.0,19,20205.0,31,20190.0,28,20210.0,46,20185.0,23,20215.0,26,20180.0,28,20220.0,70,20175.0,45
1597988317123468032,1597988317000000000,2020-08-21 13:38:37.000000,20205.0,20220.0,20020.0,20195.0,nan,20111.334,90726,9123104650.0,64416,20210.0,46,20205.0,40,20215.0,26,20200.0,7,20220.0,70,20195.0,20,20225.0,20,20190.0,30,20230.0,97,20185.0,23
1597988317611364096,1597988317500000000,2020-08-21 13:38:37.500000,20200.0,20220.0,20020.0,20195.0,nan,20111.382,90772,9127751700.0,64419,20205.0,22,20200.0,7,20210.0,45,20195.0,22,20215.0,26,20190.0,30,20220.0,70,20185.0,23,20225.0,20,20180.0,28
1597988318159301888,1597988318000000000,2020-08-21 13:38:38.000000,20210.0,20220.0,20020.0,20195.0,nan,20111.425,90814,9131994650.0,64436,20210.0,38,20200.0,15,20215.0,26,20195.0,22,20220.0,70,20190.0,38,20225.0,20,20185.0,23,20230.0,97,20180.0,28
1597988318614958080,1597988318500000000,2020-08-21 13:38:38.500000,20210.0,20220.0,20020.0,20195.0,nan,20111.425,90814,9131994650.0,64436,20210.0,29,20205.0,5,20215.0,27,20200.0,29,20220.0,70,20195.0,22,20225.0,20,20190.0,38,20230.0,97,20185.0,23
1597988319108429056,1597988319000000000,2020-08-21 13:38:39.000000,20205.0,20220.0,20020.0,20195.0,nan,20111.473,90862,9136843425.0,64416,20210.0,29,20205.0,5,20215.0,28,20200.0,13,20220.0,70,20195.0,22,20225.0,20,20190.0,38,20230.0,97,20185.0,23
1597988319622728960,1597988319500000000,2020-08-21 13:38:39.500000,20200.0,20220.0,20020.0,20195.0,nan,20111.487,90876,9138257675.0,64415,20205.0,3,20200.0,9,20210.0,29,20195.0,22,20215.0,28,20190.0,39,20220.0,70,20185.0,23,20225.0,20,20180.0,28
1597988320122150912,1597988320000000000,2020-08-21 13:38:40.000000,20205.0,20220.0,20020.0,20195.0,nan,20111.498,90886,9139267925.0,64419,20210.0,30,20205.0,1,20215.0,28,20200.0,44,20220.0,70,20195.0,22,20225.0,21,20190.0,39,20230.0,97,20185.0,23
1597988320611895040,1597988320500000000,2020-08-21 13:38:40.500000,20200.0,20220.0,20020.0,20195.0,nan,20111.517,90905,9141187350.0,64405,20205.0,1,20200.0,38,20210.0,29,20195.0,22,20215.0,28,20190.0,39,20220.0,70,20185.0,23,20225.0,21,20180.0,28
1597988321119540992,1597988321000000000,2020-08-21 13:38:41.000000,20205.0,20220.0,20020.0,20195.0,nan,20111.524,90912,9141894525.0,64405,20210.0,38,20205.0,1,20215.0,28,20200.0,41,20220.0,70,20195.0,22,20225.0,21,20190.0,39,20230.0,97,20185.0,23
1597988321620466944,1597988321500000000,2020-08-21 13:38:41.500000,20205.0,20220.0,20020.0,20195.0,nan,20111.526,90914,9142096575.0,64404,20210.0,38,20205.0,3,20215.0,28,20200.0,45,20220.0,70,20195.0,22,20225.0,21,20190.0,39,20230.0,97,20185.0,23
1597988322114119936,1597988322000000000,2020-08-21 13:38:42.000000,20210.0,20220.0,20020.0,20195.0,nan,20111.529,90916,9142298650.0,64404,20210.0,38,20205.0,5,20215.0,28,20200.0,46,20220.0,70,20195.0,22,20225.0,22,20190.0,39,20230.0,97,20185.0,23
1597988322630345984,1597988322500000000,2020-08-21 13:38:42.500000,20210.0,20220.0,20020.0,20195.0,nan,20111.57,90954,9146138550.0,64422,20215.0,27,20210.0,11,20220.0,70,20205.0,20,20225.0,22,20200.0,51,20230.0,97,20195.0,22,20235.0,14,20190.0,39
1597988323126040064,1597988323000000000,2020-08-21 13:38:43.000000,20210.0,20220.0,20020.0,20195.0,nan,20111.572,90956,9146340650.0,64424,20215.0,26,20210.0,30,20220.0,69,20205.0,21,20225.0,19,20200.0,54,20230.0,27,20195.0,22,20235.0,14,20190.0,47
1597988323623673088,1597988323500000000,2020-08-21 13:38:43.500000,20210.0,20220.0,20020.0,20195.0,nan,20111.572,90956,9146340650.0,64424,20215.0,17,20210.0,31,20220.0,69,20205.0,21,20225.0,19,20200.0,54,20230.0,27,20195.0,22,20235.0,14,20190.0,47
1597988324121298944,1597988324000000000,2020-08-21 13:38:44.000000,20215.0,20220.0,20020.0,20195.0,nan,20111.574,90958,9146542800.0,64424,20215.0,14,20210.0,32,20220.0,67,20205.0,23,20225.0,19,20200.0,54,20230.0,27,20195.0,22,20235.0,14,20190.0,47
1597988324616625920,1597988324500000000,2020-08-21 13:38:44.500000,20215.0,20220.0,20020.0,20195.0,nan,20111.594,90975,9148261100.0,64432,20215.0,6,20210.0,33,20220.0,66,20205.0,23,20225.0,19,20200.0,54,20230.0,27,20195.0,22,20235.0,14,20190.0,47
1597988325127428096,1597988325000000000,2020-08-21 13:38:45.000000,20215.0,20220.0,20020.0,20195.0,nan,20111.601,90982,9148968625.0,64433,20220.0,56,20215.0,15,20225.0,18,20210.0,35,20230.0,27,20205.0,22,20235.0,14,20200.0,54,20240.0,26,20195.0,22
1597988325628517888,1597988325500000000,2020-08-21 13:38:45.500000,20215.0,20220.0,20020.0,20195.0,nan,20111.648,91022,9153012175.0,64452,20220.0,33,20215.0,2,20225.0,18,20210.0,32,20230.0,30,20205.0,22,20235.0,17,20200.0,50,20240.0,26,20195.0,30
1597988326129015040,1597988326000000000,2020-08-21 13:38:46.000000,20215.0,20220.0,20020.0,20195.0,nan,20111.664,91036,9154427225.0,64441,20220.0,35,20215.0,5,20225.0,18,20210.0,31,20230.0,30,20205.0,22,20235.0,17,20200.0,49,20240.0,26,20195.0,31
1597988326646626048,1597988326500000000,2020-08-21 13:38:46.500000,20215.0,20220.0,20020.0,20195.0,nan,20111.675,91046,9155437975.0,64437,20220.0,33,20215.0,5,20225.0,19,20210.0,35,20230.0,30,20205.0,22,20235.0,17,20200.0,55,20240.0,26,20195.0,31
1597988327117489920,1597988327000000000,2020-08-21 13:38:47.000000,20215.0,20220.0,20020.0,20195.0,nan,20111.678,91048,9155640150.0,64437,20220.0,32,20215.0,13,20225.0,19,20210.0,35,20230.0,30,20205.0,22,20235.0,17,20200.0,55,20240.0,26,20195.0,32
1597988327624409088,1597988327500000000,2020-08-21 13:38:47.500000,20220.0,20220.0,20020.0,20195.0,nan,20111.679,91049,9155741250.0,64438,20220.0,21,20215.0,18,20225.0,19,20210.0,35,20230.0,30,20205.0,22,20235.0,17,20200.0,55,20240.0,26,20195.0,32
1597988328203518976,1597988328000000000,2020-08-21 13:38:48.000000,20220.0,20220.0,20020.0,20195.0,nan,20111.68,91050,9155842350.0,64438,20220.0,24,20215.0,22,20225.0,19,20210.0,35,20230.0,30,20205.0,22,20235.0,17,20200.0,55,20240.0,26,20195.0,32
1597988328628374016,1597988328500000000,2020-08-21 13:38:48.500000,20215.0,20220.0,20020.0,20195.0,nan,20111.682,91052,9156044500.0,64438,20220.0,24,20215.0,21,20225.0,19,20210.0,35,20230.0,30,20205.0,22,20235.0,17,20200.0,55,20240.0,26,20195.0,32
1597988329158371072,1597988329000000000,2020-08-21 13:38:49.000000,20215.0,20220.0,20020.0,20195.0,nan,20111.682,91052,9156044500.0,64438,20220.0,23,20215.0,21,20225.0,19,20210.0,36,20230.0,30,20205.0,22,20235.0,17,20200.0,55,20240.0,26,20195.0,32
1597988329621818112,1597988329500000000,2020-08-21 13:38:49.500000,20220.0,20220.0,20020.0,20195.0,nan,20111.694,91062,9157055500.0,64447,20220.0,13,20215.0,21,20225.0,19,20210.0,36,20230.0,30,20205.0,22,20235.0,17,20200.0,54,20240.0,26,20195.0,33
1597988330142063104,1597988330000000000,2020-08-21 13:38:50.000000,20220.0,20220.0,20020.0,20195.0,nan,20111.71,91075,9158369800.0,64450,20225.0,20,20220.0,1,20230.0,30,20215.0,27,20235.0,19,20210.0,36,20240.0,26,20205.0,20,20245.0,92,20200.0,51
1597988330642050048,1597988330500000000,2020-08-21 13:38:50.500000,20215.0,20220.0,20020.0,20195.0,nan,20111.719,91083,9159178525.0,64447,20220.0,2,20215.0,25,20225.0,26,20210.0,36,20230.0,30,20205.0,20,20235.0,19,20200.0,56,20240.0,26,20195.0,22
1597988331126294016,1597988331000000000,2020-08-21 13:38:51.000000,20215.0,20220.0,20020.0,20195.0,nan,20111.72,91084,9159279600.0,64448,20220.0,26,20215.0,27,20225.0,23,20210.0,36,20230.0,30,20205.0,20,20235.0,19,20200.0,56,20240.0,26,20195.0,26
1597988331636257024,1597988331500000000,2020-08-21 13:38:51.500000,20220.0,20220.0,20020.0,20195.0,nan,20111.75,91110,9161907575.0,64447,20220.0,32,20215.0,1,20225.0,23,20210.0,36,20230.0,30,20205.0,20,20235.0,19,20200.0,56,20240.0,26,20195.0,26
1597988332166423040,1597988332000000000,2020-08-21 13:38:52.000000,20210.0,20220.0,20020.0,20195.0,nan,20111.752,91112,9162109700.0,64446,20215.0,7,20210.0,35,20220.0,40,20205.0,20,20225.0,25,20200.0,56,20230.0,30,20195.0,26,20235.0,19,20190.0,39
1597988332680760064,1597988332500000000,2020-08-21 13:38:52.500000,20215.0,20220.0,20020.0,20195.0,nan,20111.755,91115,9162412875.0,64446,20215.0,23,20210.0,30,20220.0,33,20205.0,21,20225.0,25,20200.0,56,20230.0,30,20195.0,26,20235.0,19,20190.0,39
1597988333136678912,1597988333000000000,2020-08-21 13:38:53.000000,20215.0,20220.0,20020.0,20195.0,nan,20111.757,91117,9162615025.0,64445,20215.0,25,20210.0,19,20220.0,35,20205.0,21,20225.0,26,20200.0,56,20230.0,30,20195.0,26,20235.0,27,20190.0,39
1597988333663100928,1597988333500000000,2020-08-21 13:38:53.500000,20210.0,20220.0,20020.0,20195.0,nan,20111.759,91118,9162716075.0,64446,20215.0,25,20210.0,18,20220.0,35,20205.0,21,20225.0,26,20200.0,56,20230.0,30,20195.0,26,20235.0,27,20190.0,39
1597988334141097984,1597988334000000000,2020-08-21 13:38:54.000000,20210.0,20220.0,20020.0,20195.0,nan,20111.759,91118,9162716075.0,64446,20215.0,25,20210.0,18,20220.0,40,20205.0,21,20225.0,26,20200.0,56,20230.0,30,20195.0,26,20235.0,27,20190.0,39
1597988334636705024,1597988334500000000,2020-08-21 13:38:54.500000,20215.0,20220.0,20020.0,20195.0,nan,20111.76,91119,9162817150.0,64445,20215.0,27,20210.0,18,20220.0,40,20205.0,22,20225.0,26,20200.0,56,20230.0,30,20195.0,26,20235.0,27,20190.0,39
1597988335116080128,1597988335000000000,2020-08-21 13:38:55.000000,20215.0,20220.0,20020.0,20195.0,nan,20111.761,91120,9162918225.0,64445,20215.0,26,20210.0,19,20220.0,41,20205.0,22,20225.0,26,20200.0,56,20230.0,30,20195.0,26,20235.0,27,20190.0,39
1597988335637904896,1597988335500000000,2020-08-21 13:38:55.500000,20210.0,20220.0,20020.0,20195.0,nan,20111.78,91138,9164737125.0,64441,20215.0,26,20210.0,1,20220.0,42,20205.0,22,20225.0,26,20200.0,56,20230.0,30,20195.0,26,20235.0,27,20190.0,39
1597988336131575040,1597988336000000000,2020-08-21 13:38:56.000000,20210.0,20220.0,20020.0,20195.0,nan,20111.782,91140,9164939225.0,64441,20210.0,2,20205.0,21,20215.0,31,20200.0,56,20220.0,40,20195.0,25,20225.0,26,20190.0,40,20230.0,30,20185.0,16
1597988336609041920,1597988336500000000,2020-08-21 13:38:56.500000,20210.0,20220.0,20020.0,20195.0,nan,20111.782,91140,9164939225.0,64441,20210.0,22,20205.0,20,20215.0,26,20200.0,56,20220.0,40,20195.0,25,20225.0,24,20190.0,40,20230.0,30,20185.0,16
1597988337131294976,1597988337000000000,2020-08-21 13:38:57.000000,20210.0,20220.0,20020.0,20195.0,nan,20111.783,91141,9165040275.0,64441,20210.0,23,20205.0,17,20215.0,28,20200.0,56,20220.0,40,20195.0,25,20225.0,24,20190.0,39,20230.0,30,20185.0,16
1597988337636148992,1597988337500000000,2020-08-21 13:38:57.500000,20210.0,20220.0,20020.0,20195.0,nan,20111.786,91143,9165242375.0,64443,20210.0,22,20205.0,17,20215.0,28,20200.0,56,20220.0,40,20195.0,25,20225.0,24,20190.0,39,20230.0,38,20185.0,16
1597988338132675072,1597988338000000000,2020-08-21 13:38:58.000000,20210.0,20220.0,20020.0,20195.0,nan,20111.786,91143,9165242375.0,64443,20210.0,22,20205.0,19,20215.0,28,20200.0,57,20220.0,40,20195.0,25,20225.0,24,20190.0,39,20230.0,38,20185.0,16
1597988338624951040,1597988338500000000,2020-08-21 13:38:58.500000,20210.0,20220.0,20020.0,20195.0,nan,20111.787,91144,9165343425.0,64444,20210.0,21,20205.0,19,20215.0,29,20200.0,57,20220.0,33,20195.0,25,20225.0,24,20190.0,39,20230.0,38,20185.0,16
1597988339205295104,1597988339000000000,2020-08-21 13:38:59.000000,20210.0,20220.0,20020.0,20195.0,nan,20111.788,91145,9165444475.0,64445,20210.0,21,20205.0,27,20215.0,29,20200.0,57,20220.0,39,20195.0,25,20225.0,24,20190.0,39,20230.0,38,20185.0,16
1597988339631550976,1597988339500000000,2020-08-21 13:38:59.500000,20210.0,20220.0,20020.0,20195.0,nan,20111.789,91146,9165545525.0,64446,20210.0,21,20205.0,27,20215.0,30,20200.0,58,20220.0,39,20195.0,25,20225.0,24,20190.0,39,20230.0,38,20185.0,16
1597988340131662080,1597988340000000000,2020-08-21 13:39:00.000000,20210.0,20220.0,20020.0,20195.0,nan,20111.789,91146,9165545525.0,64446,20210.0,25,20205.0,28,20215.0,30,20200.0,58,20220.0,39,20195.0,25,20225.0,24,20190.0,39,20230.0,38,20185.0,16
1597988340626354944,1597988340500000000,2020-08-21 13:39:00.500000,20215.0,20220.0,20020.0,20195.0,nan,20111.82,91175,9168476050.0,64462,20215.0,26,20210.0,1,20220.0,39,20205.0,30,20225.0,24,20200.0,58,20230.0,38,20195.0,25,20235.0,29,20190.0,39
1597988341135109888,1597988341000000000,2020-08-21 13:39:01.000000,20215.0,20220.0,20020.0,20195.0,nan,20111.82,91175,9168476050.0,64462,20215.0,24,20210.0,13,20220.0,40,20205.0,29,20225.0,24,20200.0,58,20230.0,38,20195.0,25,20235.0,29,20190.0,39
1597988341647412992,1597988341500000000,2020-08-21 13:39:01.500000,20215.0,20220.0,20020.0,20195.0,nan,20111.821,91176,9168577125.0,64462,20215.0,21,20210.0,46,20220.0,40,20205.0,31,20225.0,24,20200.0,58,20230.0,48,20195.0,24,20235.0,29,20190.0,39
1597988342154579968,1597988342000000000,2020-08-21 13:39:02.000000,20215.0,20220.0,20020.0,20195.0,nan,20111.828,91182,9169183575.0,64466,20215.0,1,20210.0,51,20220.0,40,20205.0,31,20225.0,24,20200.0,58,20230.0,48,20195.0,24,20235.0,29,20190.0,39
1597988342704571904,1597988342500000000,2020-08-21 13:39:02.500000,20210.0,20220.0,20020.0,20195.0,nan,20111.95,91294,9180501775.0,64428,20210.0,39,20205.0,30,20220.0,40,20200.0,58,20225.0,24,20195.0,24,20230.0,48,20190.0,39,20235.0,29,20185.0,16
1597988343133505024,1597988343000000000,2020-08-21 13:39:03.000000,20210.0,20220.0,20020.0,20195.0,nan,20111.953,91297,9180804925.0,64425,20210.0,38,20205.0,28,20215.0,13,20200.0,58,20220.0,40,20195.0,24,20225.0,24,20190.0,39,20230.0,48,20185.0,16
1597988343631023104,1597988343500000000,2020-08-21 13:39:03.500000,20210.0,20220.0,20020.0,20195.0,nan,20111.959,91302,9181310175.0,64424,20210.0,44,20205.0,28,20215.0,15,20200.0,58,20220.0,40,20195.0,24,20225.0,24,20190.0,39,20230.0,48,20185.0,16
1597988344128199936,1597988344000000000,2020-08-21 13:39:04.000000,20210.0,20220.0,20020.0,20195.0,nan,20111.963,91306,9181714375.0,64424,20210.0,40,20205.0,25,20215.0,16,20200.0,58,20220.0,40,20195.0,24,20225.0,24,20190.0,40,20230.0,48,20185.0,16
1597988344613371904,1597988344500000000,2020-08-21 13:39:04.500000,20210.0,20220.0,20020.0,20195.0,nan,20111.964,91307,9181815425.0,64423,20210.0,39,20205.0,25,20215.0,17,20200.0,58,20220.0,40,20195.0,24,20225.0,24,20190.0,40,20230.0,48,20185.0,16
1597988345128933888,1597988345000000000,2020-08-21 13:39:05.000000,20210.0,20220.0,20020.0,20195.0,nan,20111.964,91307,9181815425.0,64423,20210.0,40,20205.0,25,20215.0,17,20200.0,58,20220.0,40,20195.0,24,20225.0,24,20190.0,40,20230.0,48,20185.0,16
1597988345633195008,1597988345500000000,2020-08-21 13:39:05.500000,20210.0,20220.0,20020.0,20195.0,nan,20111.964,91307,9181815425.0,64423,20210.0,44,20205.0,25,20215.0,19,20200.0,58,20220.0,40,20195.0,24,20225.0,24,20190.0,40,20230.0,48,20185.0,16
1597988346143977984,1597988346000000000,2020-08-21 13:39:06.000000,20210.0,20220.0,20020.0,20195.0,nan,20111.967,91310,9182118525.0,64421,20210.0,49,20205.0,23,20215.0,19,20200.0,58,20220.0,40,20195.0,24,20225.0,24,20190.0,40,20230.0,48,20185.0,16
1597988346640955904,1597988346500000000,2020-08-21 13:39:06.500000,20200.0,20220.0,20020.0,20195.0,nan,20111.998,91341,9185250125.0,64414,20205.0,4,20200.0,53,20210.0,55,20195.0,24,20215.0,19,20190.0,40,20220.0,40,20185.0,16,20225.0,24,20180.0,96
1597988347345203968,1597988347000000000,2020-08-21 13:39:07.000000,20205.0,20220.0,20020.0,20195.0,nan,20112.0,91343,9185452150.0,64414,20205.0,46,20200.0,51,20210.0,57,20195.0,24,20215.0,19,20190.0,40,20220.0,40,20185.0,19,20225.0,24,20180.0,96
1597988347638343936,1597988347500000000,2020-08-21 13:39:07.500000,20200.0,20220.0,20020.0,20195.0,nan,20112.046,91391,9190300150.0,64389,20200.0,10,20195.0,23,20205.0,48,20190.0,39,20210.0,59,20185.0,20,20215.0,19,20180.0,96,20220.0,40,20175.0,36
1597988348136525056,1597988348000000000,2020-08-21 13:39:08.000000,20195.0,20220.0,20020.0,20195.0,nan,20112.047,91392,9190401125.0,64388,20200.0,42,20195.0,9,20205.0,38,20190.0,39,20210.0,59,20185.0,20,20215.0,20,20180.0,29,20220.0,41,20175.0,36
1597988348621915904,1597988348500000000,2020-08-21 13:39:08.500000,20195.0,20220.0,20020.0,20195.0,nan,20112.055,91400,9191208925.0,64390,20200.0,44,20195.0,3,20205.0,38,20190.0,37,20210.0,59,20185.0,19,20215.0,20,20180.0,30,20220.0,38,20175.0,34
1597988349146616064,1597988349000000000,2020-08-21 13:39:09.000000,20195.0,20220.0,20020.0,20195.0,nan,20112.065,91411,9192319650.0,64386,20195.0,11,20190.0,35,20200.0,44,20185.0,19,20205.0,38,20180.0,30,20210.0,44,20175.0,34,20215.0,20,20170.0,127
1597988349619738112,1597988349500000000,2020-08-21 13:39:09.500000,20195.0,20220.0,20020.0,20195.0,nan,20112.065,91411,9192319650.0,64386,20195.0,28,20190.0,26,20200.0,45,20185.0,20,20205.0,38,20180.0,24,20210.0,44,20175.0,33,20215.0,20,20170.0,127
1597988350109084928,1597988350000000000,2020-08-21 13:39:10.000000,20195.0,20220.0,20020.0,20195.0,nan,20112.065,91411,9192319650.0,64386,20195.0,31,20190.0,17,20200.0,46,20185.0,18,20205.0,38,20180.0,23,20210.0,44,20175.0,34,20215.0,20,20170.0,127
1597988350639638016,1597988350500000000,2020-08-21 13:39:10.500000,20195.0,20220.0,20020.0,20195.0,nan,20112.072,91419,9193127450.0,64386,20195.0,24,20190.0,17,20200.0,46,20185.0,20,20205.0,38,20180.0,23,20210.0,44,20175.0,36,20215.0,20,20170.0,127
1597988351138423040,1597988351000000000,2020-08-21 13:39:11.000000,20195.0,20220.0,20020.0,20195.0,nan,20112.072,91419,9193127450.0,64386,20195.0,24,20190.0,20,20200.0,46,20185.0,20,20205.0,38,20180.0,23,20210.0,44,20175.0,36,20215.0,20,20170.0,127
1597988351747032064,1597988351500000000,2020-08-21 13:39:11.500000,20195.0,20220.0,20020.0,20195.0,nan,20112.074,91421,9193329375.0,64385,20195.0,23,20190.0,22,20200.0,46,20185.0,20,20205.0,38,20180.0,23,20210.0,44,20175.0,36,20215.0,20,20170.0,127
1597988352120197120,1597988352000000000,2020-08-21 13:39:12.000000,20195.0,20220.0,20020.0,20195.0,nan,20112.094,91444,9195651800.0,64399,20200.0,46,20195.0,23,20205.0,38,20190.0,23,20210.0,44,20185.0,20,20215.0,20,20180.0,23,20220.0,34,20175.0,35
1597988352642479104,1597988352500000000,2020-08-21 13:39:12.500000,20200.0,20220.0,20020.0,20195.0,nan,20112.095,91445,9195752800.0,64399,20200.0,43,20195.0,34,20205.0,38,20190.0,23,20210.0,44,20185.0,20,20215.0,20,20180.0,23,20220.0,34,20175.0,35
1597988353162168064,1597988353000000000,2020-08-21 13:39:13.000000,20200.0,20220.0,20020.0,20195.0,nan,20112.095,91445,9195752800.0,64399,20200.0,43,20195.0,41,20205.0,38,20190.0,23,20210.0,43,20185.0,20,20215.0,20,20180.0,23,20220.0,34,20175.0,35
1597988353626621952,1597988353500000000,2020-08-21 13:39:13.500000,20200.0,20220.0,20020.0,20195.0,nan,20112.096,91446,9195853800.0,64399,20200.0,41,20195.0,43,20205.0,38,20190.0,22,20210.0,43,20185.0,20,20215.0,20,20180.0,23,20220.0,34,20175.0,35
1597988354122120960,1597988354000000000,2020-08-21 13:39:14.000000,20200.0,20220.0,20020.0,20195.0,nan,20112.096,91446,9195853800.0,64399,20200.0,42,20195.0,43,20205.0,38,20190.0,22,20210.0,43,20185.0,20,20215.0,20,20180.0,23,20220.0,34,20175.0,35
1597988354627150080,1597988354500000000,2020-08-21 13:39:14.500000,20200.0,20220.0,20020.0,20195.0,nan,20112.096,91446,9195853800.0,64399,20200.0,45,20195.0,43,20205.0,38,20190.0,22,20210.0,43,20185.0,20,20215.0,20,20180.0,23,20220.0,34,20175.0,35
1597988355624796928,1597988355500000000,2020-08-21 13:39:15.500000,20200.0,20220.0,20020.0,20195.0,nan,20112.102,91452,9196459775.0,64400,20200.0,40,20195.0,42,20205.0,38,20190.0,25,20210.0,43,20185.0,20,20215.0,20,20180.0,23,20220.0,34,20175.0,35
1597988356117806080,1597988356000000000,2020-08-21 13:39:16.000000,20200.0,20220.0,20020.0,20195.0,nan,20112.102,91452,9196459775.0,64400,20200.0,40,20195.0,42,20205.0,38,20190.0,25,20210.0,43,20185.0,21,20215.0,20,20180.0,24,20220.0,34,20175.0,35
1597988356625755904,1597988356500000000,2020-08-21 13:39:16.500000,20200.0,20220.0,20020.0,20195.0,nan,20112.102,91452,9196459775.0,64400,20200.0,40,20195.0,42,20205.0,38,20190.0,25,20210.0,43,20185.0,21,20215.0,20,20180.0,25,20220.0,34,20175.0,35
1597988357126212096,1597988357000000000,2020-08-21 13:39:17.000000,20200.0,20220.0,20020.0,20195.0,nan,20112.103,91453,9196560775.0,64401,20200.0,39,20195.0,43,20205.0,38,20190.0,25,20210.0,43,20185.0,21,20215.0,20,20180.0,25,20220.0,34,20175.0,35
1597988357602257920,1597988357500000000,2020-08-21 13:39:17.500000,20200.0,20220.0,20020.0,20195.0,nan,20112.106,91456,9196863775.0,64404,20200.0,33,20195.0,43,20205.0,38,20190.0,24,20210.0,43,20185.0,22,20215.0,20,20180.0,25,20220.0,34,20175.0,35
1597988358125037056,1597988358000000000,2020-08-21 13:39:18.000000,20200.0,20220.0,20020.0,20195.0,nan,20112.112,91462,9197469750.0,64404,20200.0,31,20195.0,42,20205.0,38,20190.0,24,20210.0,43,20185.0,22,20215.0,20,20180.0,25,20220.0,34,20175.0,35
1597988359613977088,1597988359500000000,2020-08-21 13:39:19.500000,20200.0,20220.0,20020.0,20195.0,nan,20112.112,91462,9197469750.0,64404,20200.0,31,20195.0,42,20205.0,38,20190.0,24,20210.0,42,20185.0,22,20215.0,20,20180.0,25,20220.0,39,20175.0,35
1597988360119910912,1597988360000000000,2020-08-21 13:39:20.000000,20200.0,20220.0,20020.0,20195.0,nan,20112.112,91462,9197469750.0,64404,20200.0,31,20195.0,41,20205.0,38,20190.0,24,20210.0,42,20185.0,23,20215.0,20,20180.0,25,20220.0,39,20175.0,35
1597988360613975040,1597988360500000000,2020-08-21 13:39:20.500000,20200.0,20220.0,20020.0,20195.0,nan,20112.112,91462,9197469750.0,64404,20200.0,31,20195.0,40,20205.0,38,20190.0,24,20210.0,42,20185.0,23,20215.0,20,20180.0,25,20220.0,39,20175.0,35
1597988361122601984,1597988361000000000,2020-08-21 13:39:21.000000,20200.0,20220.0,20020.0,20195.0,nan,20112.157,91512,9202518525.0,64398,20200.0,32,20190.0,24,20205.0,38,20185.0,23,20210.0,42,20180.0,25,20215.0,20,20175.0,35,20220.0,39,20170.0,127
1597988361618768896,1597988361500000000,2020-08-21 13:39:21.500000,20200.0,20220.0,20020.0,20195.0,nan,20112.157,91512,9202518525.0,64398,20195.0,18,20190.0,25,20200.0,36,20185.0,23,20205.0,38,20180.0,25,20210.0,42,20175.0,35,20215.0,20,20170.0,127
1597988362120758016,1597988362000000000,2020-08-21 13:39:22.000000,20190.0,20220.0,20020.0,20195.0,nan,20112.158,91513,9202619475.0,64398,20195.0,16,20190.0,21,20200.0,38,20185.0,23,20205.0,35,20180.0,26,20210.0,42,20175.0,35,20215.0,20,20170.0,127
1597988362664431104,1597988362500000000,2020-08-21 13:39:22.500000,20190.0,20220.0,20020.0,20195.0,nan,20112.159,91514,9202720425.0,64398,20195.0,18,20190.0,18,20200.0,38,20185.0,21,20205.0,35,20180.0,26,20210.0,42,20175.0,35,20215.0,20,20170.0,127
1597988363135656960,1597988363000000000,2020-08-21 13:39:23.000000,20190.0,20220.0,20020.0,20195.0,nan,20112.159,91514,9202720425.0,64398,20195.0,16,20190.0,20,20200.0,39,20185.0,23,20205.0,35,20180.0,26,20210.0,42,20175.0,35,20215.0,20,20170.0,127
1597988363620591104,1597988363500000000,2020-08-21 13:39:23.500000,20190.0,20220.0,20020.0,20195.0,nan,20112.159,91514,9202720425.0,64398,20195.0,16,20190.0,18,20200.0,39,20185.0,23,20205.0,35,20180.0,27,20210.0,42,20175.0,35,20215.0,20,20170.0,127
1597988364128913920,1597988364000000000,2020-08-21 13:39:24.000000,20190.0,20220.0,20020.0,20195.0,nan,20112.159,91514,9202720425.0,64398,20195.0,16,20190.0,18,20200.0,39,20185.0,23,20205.0,35,20180.0,26,20210.0,42,20175.0,35,20215.0,20,20170.0,127
1597988364632282112,1597988364500000000,2020-08-21 13:39:24.500000,20190.0,20220.0,20020.0,20195.0,nan,20112.159,91514,9202720425.0,64398,20195.0,17,20190.0,18,20200.0,37,20185.0,23,20205.0,35,20180.0,26,20210.0,43,20175.0,35,20215.0,20,20170.0,127
1597988365129926912,1597988365000000000,2020-08-21 13:39:25.000000,20190.0,20220.0,20020.0,20195.0,nan,20112.159,91514,9202720425.0,64398,20195.0,18,20190.0,22,20200.0,37,20185.0,23,20205.0,35,20180.0,26,20210.0,43,20175.0,35,20215.0,20,20170.0,127
1597988365623235072,1597988365500000000,2020-08-21 13:39:25.500000,20190.0,20220.0,20020.0,20195.0,nan,20112.159,91514,9202720425.0,64398,20195.0,16,20190.0,19,20200.0,37,20185.0,23,20205.0,35,20180.0,26,20210.0,43,20175.0,35,20215.0,20,20170.0,127
1597988366176331008,1597988366000000000,2020-08-21 13:39:26.000000,20195.0,20220.0,20020.0,20195.0,nan,20112.167,91523,9203629200.0,64403,20195.0,7,20190.0,26,20200.0,37,20185.0,22,20205.0,35,20180.0,26,20210.0,43,20175.0,35,20215.0,20,20170.0,127
1597988366634394880,1597988366500000000,2020-08-21 13:39:26.500000,20195.0,20220.0,20020.0,20195.0,nan,20112.167,91523,9203629200.0,64403,20195.0,9,20190.0,27,20200.0,36,20185.0,22,20205.0,35,20180.0,26,20210.0,43,20175.0,35,20215.0,20,20170.0,127
1597988367165506048,1597988367000000000,2020-08-21 13:39:27.000000,20195.0,20220.0,20020.0,20195.0,nan,20112.167,91523,9203629200.0,64403,20195.0,9,20190.0,31,20200.0,36,20185.0,22,20205.0,35,20180.0,26,20210.0,43,20175.0,35,20215.0,20,20170.0,127
1597988367647409920,1597988367500000000,2020-08-21 13:39:27.500000,20195.0,20220.0,20020.0,20195.0,nan,20112.167,91523,9203629200.0,64403,20195.0,9,20190.0,31,20200.0,36,20185.0,22,20205.0,35,20180.0,26,20210.0,43,20175.0,36,20215.0,21,20170.0,127
1597988368121404928,1597988368000000000,2020-08-21 13:39:28.000000,20195.0,20220.0,20020.0,20195.0,nan,20112.167,91523,9203629200.0,64403,20195.0,9,20190.0,40,20200.0,37,20185.0,22,20205.0,35,20180.0,25,20210.0,43,20175.0,36,20215.0,21,20170.0,127
1597988369622644992,1597988369500000000,2020-08-21 13:39:29.500000,20190.0,20220.0,20020.0,20195.0,nan,20112.168,91524,9203730150.0,64403,20195.0,9,20190.0,38,20200.0,37,20185.0,22,20205.0,35,20180.0,25,20210.0,43,20175.0,36,20215.0,21,20170.0,127
1597988370134501120,1597988370000000000,2020-08-21 13:39:30.000000,20190.0,20220.0,20020.0,20195.0,nan,20112.168,91524,9203730150.0,64403,20195.0,9,20190.0,38,20200.0,37,20185.0,22,20205.0,33,20180.0,25,20210.0,43,20175.0,36,20215.0,21,20170.0,127
1597988370645296896,1597988370500000000,2020-08-21 13:39:30.500000,20190.0,20220.0,20020.0,20195.0,nan,20112.168,91525,9203831100.0,64403,20195.0,11,20190.0,37,20200.0,37,20185.0,22,20205.0,31,20180.0,25,20210.0,43,20175.0,36,20215.0,21,20170.0,127
1597988371125903104,1597988371000000000,2020-08-21 13:39:31.000000,20190.0,20220.0,20020.0,20195.0,nan,20112.171,91528,9204133975.0,64404,20195.0,18,20190.0,35,20200.0,37,20185.0,22,20205.0,31,20180.0,25,20210.0,43,20175.0,36,20215.0,21,20170.0,127
1597988371626662912,1597988371500000000,2020-08-21 13:39:31.500000,20190.0,20220.0,20020.0,20195.0,nan,20112.171,91528,9204133975.0,64404,20195.0,20,20190.0,26,20200.0,37,20185.0,22,20205.0,31,20180.0,25,20210.0,43,20175.0,36,20215.0,21,20170.0,127
1597988372124484096,1597988372000000000,2020-08-21 13:39:32.000000,20190.0,20220.0,20020.0,20195.0,nan,20112.171,91528,9204133975.0,64404,20195.0,24,20190.0,24,20200.0,37,20185.0,22,20205.0,31,20180.0,25,20210.0,43,20175.0,36,20215.0,21,20170.0,127
1597988372630418944,1597988372500000000,2020-08-21 13:39:32.500000,20190.0,20220.0,20020.0,20195.0,nan,20112.171,91528,9204133975.0,64404,20195.0,24,20190.0,24,20200.0,37,20185.0,22,20205.0,31,20180.0,25,20210.0,43,20175.0,37,20215.0,21,20170.0,127
1597988373127047936,1597988373000000000,2020-08-21 13:39:33.000000,20190.0,20220.0,20020.0,20195.0,nan,20112.174,91531,9204436825.0,64407,20195.0,24,20190.0,21,20200.0,37,20185.0,22,20205.0,31,20180.0,25,20210.0,43,20175.0,37,20215.0,21,20170.0,127
1597988373625184000,1597988373500000000,2020-08-21 13:39:33.500000,20190.0,20220.0,20020.0,20195.0,nan,20112.174,91532,9204537775.0,64408,20195.0,24,20190.0,20,20200.0,37,20185.0,22,20205.0,31,20180.0,25,20210.0,43,20175.0,37,20215.0,21,20170.0,127
1597988374131459072,1597988374000000000,2020-08-21 13:39:34.000000,20190.0,20220.0,20020.0,20195.0,nan,20112.174,91532,9204537775.0,64408,20195.0,24,20190.0,21,20200.0,37,20185.0,22,20205.0,31,20180.0,25,20210.0,43,20175.0,37,20215.0,21,20170.0,127
1597988374669903104,1597988374500000000,2020-08-21 13:39:34.500000,20190.0,20220.0,20020.0,20195.0,nan,20112.192,91553,9206657725.0,64395,20195.0,24,20190.0,7,20200.0,37,20185.0,22,20205.0,31,20180.0,25,20210.0,43,20175.0,37,20215.0,21,20170.0,127
1597988375125831936,1597988375000000000,2020-08-21 13:39:35.000000,20190.0,20220.0,20020.0,20195.0,nan,20112.207,91570,9208373875.0,64394,20190.0,6,20185.0,22,20195.0,33,20180.0,25,20200.0,37,20175.0,37,20205.0,31,20170.0,127,20210.0,43,20165.0,97
1597988375642268928,1597988375500000000,2020-08-21 13:39:35.500000,20190.0,20220.0,20020.0,20195.0,nan,20112.207,91570,9208373875.0,64394,20190.0,15,20185.0,23,20195.0,33,20180.0,25,20200.0,37,20175.0,37,20205.0,31,20170.0,127,20210.0,43,20165.0,97
1597988376121039104,1597988376000000000,2020-08-21 13:39:36.000000,20190.0,20220.0,20020.0,20195.0,nan,20112.208,91571,9208474825.0,64393,20190.0,14,20185.0,23,20195.0,35,20180.0,25,20200.0,37,20175.0,37,20205.0,31,20170.0,127,20210.0,44,20165.0,97
1597988377116378112,1597988377000000000,2020-08-21 13:39:37.000000,20190.0,20220.0,20020.0,20195.0,nan,20112.208,91571,9208474825.0,64393,20190.0,14,20185.0,24,20195.0,35,20180.0,25,20200.0,37,20175.0,37,20205.0,31,20170.0,127,20210.0,44,20165.0,97
1597988377638084096,1597988377500000000,2020-08-21 13:39:37.500000,20190.0,20220.0,20020.0,20195.0,nan,20112.208,91572,9208575775.0,64392,20190.0,7,20185.0,25,20195.0,35,20180.0,25,20200.0,37,20175.0,37,20205.0,31,20170.0,127,20210.0,44,20165.0,97
1597988378135694080,1597988378000000000,2020-08-21 13:39:38.000000,20190.0,20220.0,20020.0,20195.0,nan,20112.215,91580,9209383375.0,64391,20195.0,35,20190.0,15,20200.0,37,20185.0,25,20205.0,31,20180.0,25,20210.0,44,20175.0,37,20215.0,21,20170.0,127
1597988378616527872,1597988378500000000,2020-08-21 13:39:38.500000,20190.0,20220.0,20020.0,20195.0,nan,20112.215,91580,9209383375.0,64391,20195.0,33,20190.0,18,20200.0,37,20185.0,25,20205.0,31,20180.0,25,20210.0,44,20175.0,37,20215.0,21,20170.0,127
1597988379111184896,1597988379000000000,2020-08-21 13:39:39.000000,20190.0,20220.0,20020.0,20195.0,nan,20112.215,91580,9209383375.0,64391,20195.0,28,20190.0,18,20200.0,37,20185.0,25,20205.0,30,20180.0,25,20210.0,44,20175.0,37,20215.0,21,20170.0,127
1597988379614964992,1597988379500000000,2020-08-21 13:39:39.500000,20190.0,20220.0,20020.0,20195.0,nan,20112.215,91580,9209383375.0,64391,20195.0,30,20190.0,18,20200.0,37,20185.0,25,20205.0,30,20180.0,25,20210.0,44,20175.0,37,20215.0,21,20170.0,127
1597988380122964992,1597988380000000000,2020-08-21 13:39:40.000000,20190.0,20220.0,20020.0,20195.0,nan,20112.215,91580,9209383375.0,64391,20195.0,28,20190.0,18,20200.0,35,20185.0,25,20205.0,30,20180.0,25,20210.0,44,20175.0,37,20215.0,21,20170.0,127
1597988380645456896,1597988380500000000,2020-08-21 13:39:40.500000,20190.0,20220.0,20020.0,20195.0,nan,20112.215,91580,9209383375.0,64391,20195.0,20,20190.0,18,20200.0,35,20185.0,24,20205.0,30,20180.0,25,20210.0,44,20175.0,37,20215.0,21,20170.0,127
1597988381141977088,1597988381000000000,2020-08-21 13:39:41.000000,20190.0,20220.0,20020.0,20195.0,nan,20112.215,91580,9209383375.0,64391,20195.0,23,20190.0,18,20200.0,35,20185.0,24,20205.0,30,20180.0,25,20210.0,44,20175.0,37,20215.0,21,20170.0,127
1597988381615755008,1597988381500000000,2020-08-21 13:39:41.500000,20190.0,20220.0,20020.0,20195.0,nan,20112.215,91580,9209383375.0,64391,20195.0,21,20190.0,18,20200.0,35,20185.0,24,20205.0,30,20180.0,25,20210.0,44,20175.0,37,20215.0,21,20170.0,127
1597988382110022912,1597988382000000000,2020-08-21 13:39:42.000000,20190.0,20220.0,20020.0,20195.0,nan,20112.215,91580,9209383375.0,64391,20195.0,23,20190.0,6,20200.0,35,20185.0,24,20205.0,30,20180.0,25,20210.0,44,20175.0,37,20215.0,21,20170.0,127
1597988382638712064,1597988382500000000,2020-08-21 13:39:42.500000,20190.0,20220.0,20020.0,20195.0,nan,20112.219,91584,9209787225.0,64393,20195.0,21,20190.0,12,20200.0,35,20185.0,24,20205.0,30,20180.0,25,20210.0,44,20175.0,37,20215.0,21,20170.0,127
1597988383116513024,1597988383000000000,2020-08-21 13:39:43.000000,20190.0,20220.0,20020.0,20195.0,nan,20112.219,91584,9209787225.0,64393,20195.0,21,20190.0,18,20200.0,36,20185.0,24,20205.0,30,20180.0,25,20210.0,44,20175.0,37,20215.0,21,20170.0,127
1597988383616929024,1597988383500000000,2020-08-21 13:39:43.500000,20195.0,20220.0,20020.0,20195.0,nan,20112.223,91589,9210292100.0,64393,20195.0,14,20190.0,19,20200.0,36,20185.0,24,20205.0,30,20180.0,25,20210.0,44,20175.0,37,20215.0,21,20170.0,127
1597988384123136000,1597988384000000000,2020-08-21 13:39:44.000000,20195.0,20220.0,20020.0,20195.0,nan,20112.228,91594,9210796975.0,64396,20200.0,36,20195.0,45,20205.0,30,20190.0,19,20210.0,44,20185.0,24,20215.0,21,20180.0,25,20220.0,33,20175.0,37
1597988384613342976,1597988384500000000,2020-08-21 13:39:44.500000,20195.0,20220.0,20020.0,20195.0,nan,20112.26,91628,9214230950.0,64411,20205.0,30,20195.0,60,20210.0,44,20190.0,14,20215.0,21,20185.0,26,20220.0,33,20180.0,25,20225.0,23,20175.0,37
1597988385134450944,1597988385000000000,2020-08-21 13:39:45.000000,20195.0,20220.0,20020.0,20195.0,nan,20112.262,91630,9214432900.0,64411,20205.0,28,20200.0,16,20210.0,43,20195.0,52,20215.0,22,20190.0,19,20220.0,52,20185.0,26,20225.0,23,20180.0,25
1597988385607909120,1597988385500000000,2020-08-21 13:39:45.500000,20195.0,20220.0,20020.0,20195.0,nan,20112.264,91632,9214634850.0,64411,20205.0,24,20200.0,21,20210.0,43,20195.0,49,20215.0,22,20190.0,19,20220.0,52,20185.0,24,20225.0,23,20180.0,25
1597988386143256064,1597988386000000000,2020-08-21 13:39:46.000000,20195.0,20220.0,20020.0,20195.0,nan,20112.265,91633,9214735825.0,64411,20205.0,24,20200.0,21,20210.0,43,20195.0,49,20215.0,22,20190.0,18,20220.0,52,20185.0,24,20225.0,23,20180.0,25
1597988386619268096,1597988386500000000,2020-08-21 13:39:46.500000,20195.0,20220.0,20020.0,20195.0,nan,20112.265,91633,9214735825.0,64411,20205.0,24,20200.0,21,20210.0,43,20195.0,49,20215.0,22,20190.0,17,20220.0,52,20185.0,24,20225.0,23,20180.0,25
1597988387627895040,1597988387500000000,2020-08-21 13:39:47.500000,20195.0,20220.0,20020.0,20195.0,nan,20112.266,91634,9214836800.0,64411,20205.0,24,20200.0,20,20210.0,43,20195.0,49,20215.0,22,20190.0,17,20220.0,52,20185.0,24,20225.0,23,20180.0,25
1597988388120700928,1597988388000000000,2020-08-21 13:39:48.000000,20205.0,20220.0,20020.0,20195.0,nan,20112.29,91658,9217261400.0,64429,20210.0,43,20205.0,26,20215.0,22,20200.0,20,20220.0,52,20195.0,49,20225.0,23,20190.0,17,20230.0,153,20185.0,24
1597988388627431936,1597988388500000000,2020-08-21 13:39:48.500000,20205.0,20220.0,20020.0,20195.0,nan,20112.327,91695,9220999175.0,64439,20210.0,44,20205.0,3,20215.0,22,20200.0,13,20220.0,54,20195.0,51,20225.0,23,20190.0,23,20230.0,153,20185.0,24
1597988389131302912,1597988389000000000,2020-08-21 13:39:49.000000,20200.0,20220.0,20020.0,20195.0,nan,20112.354,91722,9223726600.0,64426,20205.0,16,20200.0,9,20210.0,37,20195.0,51,20215.0,22,20190.0,23,20220.0,54,20185.0,24,20225.0,23,20180.0,26
1597988389609175040,1597988389500000000,2020-08-21 13:39:49.500000,20200.0,20220.0,20020.0,20195.0,nan,20112.355,91723,9223827600.0,64426,20205.0,25,20200.0,39,20210.0,48,20195.0,51,20215.0,22,20190.0,24,20220.0,54,20185.0,24,20225.0,23,20180.0,26
1597988390142172928,1597988390000000000,2020-08-21 13:39:50.000000,20200.0,20220.0,20020.0,20195.0,nan,20112.367,91736,9225140625.0,64432,20205.0,25,20200.0,24,20210.0,48,20195.0,51,20215.0,22,20190.0,24,20220.0,54,20185.0,24,20225.0,23,20180.0,26
1597988390645383936,1597988390500000000,2020-08-21 13:39:50.500000,20200.0,20220.0,20020.0,20195.0,nan,20112.368,91737,9225241625.0,64431,20205.0,27,20200.0,12,20210.0,48,20195.0,50,20215.0,22,20190.0,24,20220.0,54,20185.0,24,20225.0,23,20180.0,26
1597988391126397952,1597988391000000000,2020-08-21 13:39:51.000000,20200.0,20220.0,20020.0,20195.0,nan,20112.368,91737,9225241625.0,64431,20205.0,25,20200.0,12,20210.0,48,20195.0,50,20215.0,22,20190.0,24,20220.0,54,20185.0,24,20225.0,23,20180.0,26
1597988391609547008,1597988391500000000,2020-08-21 13:39:51.500000,20205.0,20220.0,20020.0,20195.0,nan,20112.393,91762,9227767250.0,64441,20210.0,48,20205.0,19,20215.0,22,20200.0,14,20220.0,54,20195.0,6,20225.0,23,20190.0,24,20230.0,153,20185.0,24
1597988392114906880,1597988392000000000,2020-08-21 13:39:52.000000,20205.0,20220.0,20020.0,20195.0,nan,20112.413,91781,9229686725.0,64451,20210.0,48,20200.0,15,20215.0,22,20195.0,9,20220.0,54,20190.0,24,20225.0,23,20185.0,24,20230.0,153,20180.0,26
1597988392611241984,1597988392500000000,2020-08-21 13:39:52.500000,20205.0,20220.0,20020.0,20195.0,nan,20112.414,91782,9229787750.0,64452,20205.0,12,20200.0,18,20210.0,47,20195.0,9,20215.0,22,20190.0,21,20220.0,55,20185.0,24,20225.0,23,20180.0,26
1597988393158379008,1597988393000000000,2020-08-21 13:39:53.000000,20205.0,20220.0,20020.0,20195.0,nan,20112.418,91786,9230191850.0,64449,20205.0,9,20200.0,18,20210.0,48,20195.0,9,20215.0,22,20190.0,20,20220.0,55,20185.0,24,20225.0,23,20180.0,26
1597988393605393920,1597988393500000000,2020-08-21 13:39:53.500000,20205.0,20220.0,20020.0,20195.0,nan,20112.418,91786,9230191850.0,64449,20205.0,15,20200.0,20,20210.0,49,20195.0,9,20215.0,22,20190.0,21,20220.0,55,20185.0,24,20225.0,23,20180.0,26
1597988394110478080,1597988394000000000,2020-08-21 13:39:54.000000,20205.0,20220.0,20020.0,20195.0,nan,20112.419,91787,9230292875.0,64449,20205.0,20,20200.0,20,20210.0,49,20195.0,9,20215.0,22,20190.0,21,20220.0,55,20185.0,24,20225.0,23,20180.0,26
1597988394643954944,1597988394500000000,2020-08-21 13:39:54.500000,20205.0,20220.0,20020.0,20195.0,nan,20112.419,91787,9230292875.0,64449,20205.0,23,20200.0,21,20210.0,49,20195.0,9,20215.0,22,20190.0,21,20220.0,55,20185.0,24,20225.0,23,20180.0,32
1597988395130352896,1597988395000000000,2020-08-21 13:39:55.000000,20205.0,20220.0,20020.0,20195.0,nan,20112.42,91788,9230393900.0,64449,20205.0,22,20200.0,21,20210.0,49,20195.0,9,20215.0,22,20190.0,21,20220.0,55,20185.0,24,20225.0,23,20180.0,32
1597988395612510976,1597988395500000000,2020-08-21 13:39:55.500000,20205.0,20220.0,20020.0,20195.0,nan,20112.422,91790,9230595950.0,64449,20205.0,21,20200.0,21,20210.0,49,20195.0,9,20215.0,22,20190.0,21,20220.0,55,20185.0,24,20225.0,23,20180.0,32
1597988396130304000,1597988396000000000,2020-08-21 13:39:56.000000,20205.0,20220.0,20020.0,20195.0,nan,20112.422,91790,9230595950.0,64449,20205.0,21,20200.0,21,20210.0,46,20195.0,9,20215.0,22,20190.0,21,20220.0,55,20185.0,24,20225.0,23,20180.0,32
1597988396659478016,1597988396500000000,2020-08-21 13:39:56.500000,20205.0,20220.0,20020.0,20195.0,nan,20112.422,91790,9230595950.0,64449,20205.0,21,20200.0,21,20210.0,47,20195.0,9,20215.0,22,20190.0,21,20220.0,55,20185.0,24,20225.0,23,20180.0,32
1597988398161776896,1597988398000000000,2020-08-21 13:39:58.000000,20205.0,20220.0,20020.0,20195.0,nan,20112.422,91790,9230595950.0,64449,20205.0,21,20200.0,23,20210.0,47,20195.0,9,20215.0,22,20190.0,21,20220.0,55,20185.0,24,20225.0,23,20180.0,32
1597988398627478016,1597988398500000000,2020-08-21 13:39:58.500000,20205.0,20220.0,20020.0,20195.0,nan,20112.422,91790,9230595950.0,64449,20205.0,23,20200.0,23,20210.0,47,20195.0,9,20215.0,22,20190.0,21,20220.0,55,20185.0,24,20225.0,23,20180.0,32
1597988399124368896,1597988399000000000,2020-08-21 13:39:59.000000,20205.0,20220.0,20020.0,20195.0,nan,20112.422,91790,9230595950.0,64449,20205.0,24,20200.0,23,20210.0,47,20195.0,9,20215.0,22,20190.0,21,20220.0,55,20185.0,24,20225.0,23,20180.0,32
1597988399619852032,1597988399500000000,2020-08-21 13:39:59.500000,20205.0,20220.0,20020.0,20195.0,nan,20112.423,91791,9230696975.0,64449,20205.0,23,20200.0,24,20210.0,47,20195.0,9,20215.0,22,20190.0,21,20220.0,55,20185.0,24,20225.0,23,20180.0,32
1597988400133299968,1597988400000000000,2020-08-21 13:40:00.000000,20205.0,20220.0,20020.0,20195.0,nan,20112.429,91797,9231303125.0,64447,20205.0,20,20200.0,24,20210.0,47,20195.0,9,20215.0,22,20190.0,21,20220.0,55,20185.0,24,20225.0,23,20180.0,32
1597988400638246912,1597988400500000000,2020-08-21 13:40:00.500000,20210.0,20220.0,20020.0,20195.0,nan,20112.446,91814,9233020625.0,64452,20205.0,2,20200.0,24,20210.0,44,20195.0,9,20215.0,23,20190.0,22,20220.0,54,20185.0,24,20225.0,23,20180.0,31
1597988401114804992,1597988401000000000,2020-08-21 13:40:01.000000,20205.0,20220.0,20020.0,20195.0,nan,20112.448,91816,9233222675.0,64450,20210.0,43,20200.0,26,20215.0,23,20195.0,17,20220.0,54,20190.0,22,20225.0,23,20185.0,24,20230.0,153,20180.0,31
1597988401626455040,1597988401500000000,2020-08-21 13:40:01.500000,20205.0,20220.0,20020.0,20195.0,nan,20112.448,91816,9233222675.0,64450,20205.0,7,20200.0,26,20210.0,50,20195.0,17,20215.0,23,20190.0,22,20220.0,54,20185.0,24,20225.0,23,20180.0,31
1597988402146630912,1597988402000000000,2020-08-21 13:40:02.000000,20200.0,20220.0,20020.0,20195.0,nan,20112.45,91818,9233424675.0,64448,20205.0,11,20200.0,26,20210.0,49,20195.0,17,20215.0,23,20190.0,22,20220.0,54,20185.0,24,20225.0,23,20180.0,31
1597988402623175936,1597988402500000000,2020-08-21 13:40:02.500000,20200.0,20220.0,20020.0,20195.0,nan,20112.45,91818,9233424675.0,64448,20205.0,16,20200.0,26,20210.0,49,20195.0,17,20215.0,23,20190.0,22,20220.0,54,20185.0,24,20225.0,23,20180.0,31
1597988403129328128,1597988403000000000,2020-08-21 13:40:03.000000,20200.0,20220.0,20020.0,20195.0,nan,20112.45,91818,9233424675.0,64448,20205.0,20,20200.0,26,20210.0,49,20195.0,17,20215.0,23,20190.0,22,20220.0,35,20185.0,24,20225.0,23,20180.0,31
1597988403625782016,1597988403500000000,2020-08-21 13:40:03.500000,20205.0,20220.0,20020.0,20195.0,nan,20112.452,91820,9233626725.0,64448,20205.0,19,20200.0,26,20210.0,50,20195.0,17,20215.0,23,20190.0,22,20220.0,35,20185.0,24,20225.0,23,20180.0,31
1597988405127254016,1597988405000000000,2020-08-21 13:40:05.000000,20205.0,20220.0,20020.0,20195.0,nan,20112.452,91820,9233626725.0,64448,20205.0,19,20200.0,26,20210.0,50,20195.0,17,20215.0,23,20190.0,25,20220.0,35,20185.0,24,20225.0,23,20180.0,31
1597988405648188928,1597988405500000000,2020-08-21 13:40:05.500000,20205.0,20220.0,20020.0,20195.0,nan,20112.454,91822,9233828775.0,64448,20205.0,19,20200.0,27,20210.0,50,20195.0,17,20215.0,23,20190.0,25,20220.0,35,20185.0,24,20225.0,23,20180.0,31
1597988406624823040,1597988406500000000,2020-08-21 13:40:06.500000,20200.0,20220.0,20020.0,20195.0,nan,20112.456,91824,9234030775.0,64446,20205.0,19,20200.0,27,20210.0,59,20195.0,17,20215.0,23,20190.0,25,20220.0,35,20185.0,24,20225.0,23,20180.0,31
1597988407269950976,1597988407000000000,2020-08-21 13:40:07.000000,20200.0,20220.0,20020.0,20195.0,nan,20112.475,91844,9236050775.0,64438,20205.0,24,20200.0,9,20210.0,60,20195.0,17,20215.0,23,20190.0,25,20220.0,35,20185.0,24,20225.0,23,20180.0,31
1597988407629321984,1597988407500000000,2020-08-21 13:40:07.500000,20200.0,20220.0,20020.0,20195.0,nan,20112.496,91867,9238373575.0,64430,20200.0,17,20195.0,8,20205.0,46,20190.0,25,20210.0,60,20185.0,24,20215.0,31,20180.0,31,20220.0,35,20175.0,42
1597988408134674944,1597988408000000000,2020-08-21 13:40:08.000000,20195.0,20220.0,20020.0,20195.0,nan,20112.499,91870,9238676500.0,64430,20200.0,20,20195.0,37,20205.0,46,20190.0,23,20210.0,60,20185.0,24,20215.0,31,20180.0,31,20220.0,35,20175.0,42
1597988408624165120,1597988408500000000,2020-08-21 13:40:08.500000,20200.0,20220.0,20020.0,20195.0,nan,20112.503,91874,9239080500.0,64430,20200.0,15,20195.0,38,20205.0,44,20190.0,23,20210.0,60,20185.0,24,20215.0,31,20180.0,31,20220.0,35,20175.0,42
1597988409123740928,1597988409000000000,2020-08-21 13:40:09.000000,20200.0,20220.0,20020.0,20195.0,nan,20112.503,91874,9239080500.0,64430,20200.0,14,20195.0,38,20205.0,49,20190.0,23,20210.0,61,20185.0,24,20215.0,31,20180.0,31,20220.0,35,20175.0,42
1597988409624968960,1597988409500000000,2020-08-21 13:40:09.500000,20200.0,20220.0,20020.0,20195.0,nan,20112.516,91888,9240494500.0,64430,20205.0,47,20200.0,10,20210.0,61,20195.0,40,20215.0,31,20190.0,23,20220.0,35,20185.0,24,20225.0,23,20180.0,31
1597988410108284928,1597988410000000000,2020-08-21 13:40:10.000000,20195.0,20220.0,20020.0,20195.0,nan,20112.529,91901,9241807475.0,64430,20200.0,1,20195.0,38,20205.0,48,20190.0,25,20210.0,61,20185.0,23,20215.0,31,20180.0,32,20220.0,35,20175.0,42
1597988410631536128,1597988410500000000,2020-08-21 13:40:10.500000,20195.0,20220.0,20020.0,20195.0,nan,20112.529,91901,9241807475.0,64430,20200.0,3,20195.0,39,20205.0,48,20190.0,25,20210.0,61,20185.0,23,20215.0,31,20180.0,32,20220.0,35,20175.0,42
1597988411118910976,1597988411000000000,2020-08-21 13:40:11.000000,20195.0,20220.0,20020.0,20195.0,nan,20112.53,91902,9241908450.0,64431,20200.0,16,20195.0,36,20205.0,48,20190.0,25,20210.0,61,20185.0,23,20215.0,31,20180.0,32,20220.0,35,20175.0,42
1597988411635267072,1597988411500000000,2020-08-21 13:40:11.500000,20195.0,20220.0,20020.0,20195.0,nan,20112.53,91903,9242009425.0,64431,20200.0,16,20195.0,35,20205.0,48,20190.0,25,20210.0,61,20185.0,23,20215.0,31,20180.0,32,20220.0,35,20175.0,42
1597988412109698048,1597988412000000000,2020-08-21 13:40:12.000000,20195.0,20220.0,20020.0,20195.0,nan,20112.53,91903,9242009425.0,64431,20200.0,21,20195.0,34,20205.0,48,20190.0,25,20210.0,61,20185.0,23,20215.0,31,20180.0,32,20220.0,35,20175.0,42
1597988412654658048,1597988412500000000,2020-08-21 13:40:12.500000,20200.0,20220.0,20020.0,20195.0,nan,20112.531,91904,9242110425.0,64431,20200.0,25,20195.0,32,20205.0,30,20190.0,25,20210.0,61,20185.0,23,20215.0,31,20180.0,32,20220.0,35,20175.0,42
1597988413153516032,1597988413000000000,2020-08-21 13:40:13.000000,20200.0,20220.0,20020.0,20195.0,nan,20112.531,91904,9242110425.0,64431,20200.0,44,20195.0,35,20205.0,30,20190.0,25,20210.0,61,20185.0,23,20215.0,31,20180.0,32,20220.0,35,20175.0,42
1597988413660965120,1597988413500000000,2020-08-21 13:40:13.500000,20200.0,20220.0,20020.0,20195.0,nan,20112.532,91905,9242211425.0,64431,20200.0,44,20195.0,33,20205.0,30,20190.0,25,20210.0,61,20185.0,23,20215.0,31,20180.0,32,20220.0,35,20175.0,42
1597988414121612032,1597988414000000000,2020-08-21 13:40:14.000000,20195.0,20220.0,20020.0,20195.0,nan,20112.566,91943,9246048475.0,64441,20195.0,7,20190.0,25,20200.0,44,20185.0,23,20205.0,30,20180.0,32,20210.0,61,20175.0,42,20215.0,31,20170.0,127
1597988414645580032,1597988414500000000,2020-08-21 13:40:14.500000,20190.0,20220.0,20020.0,20195.0,nan,20112.567,91944,9246149425.0,64440,20195.0,15,20190.0,21,20200.0,52,20185.0,22,20205.0,29,20180.0,32,20210.0,60,20175.0,42,20215.0,31,20170.0,127
1597988415139437056,1597988415000000000,2020-08-21 13:40:15.000000,20195.0,20220.0,20020.0,20195.0,nan,20112.571,91948,9246553325.0,64441,20195.0,30,20190.0,20,20200.0,53,20185.0,22,20205.0,29,20180.0,32,20210.0,60,20175.0,42,20215.0,31,20170.0,127
1597988415707208960,1597988415500000000,2020-08-21 13:40:15.500000,20190.0,20220.0,20020.0,20195.0,nan,20112.572,91949,9246654275.0,64440,20195.0,31,20190.0,19,20200.0,50,20185.0,24,20205.0,29,20180.0,32,20210.0,59,20175.0,43,20215.0,31,20170.0,127
1597988416134266112,1597988416000000000,2020-08-21 13:40:16.000000,20190.0,20220.0,20020.0,20195.0,nan,20112.572,91949,9246654275.0,64440,20195.0,31,20190.0,21,20200.0,50,20185.0,24,20205.0,29,20180.0,32,20210.0,60,20175.0,43,20215.0,31,20170.0,127
1597988416624061952,1597988416500000000,2020-08-21 13:40:16.500000,20195.0,20220.0,20020.0,20195.0,nan,20112.573,91950,9246755250.0,64441,20195.0,30,20190.0,21,20200.0,46,20185.0,24,20205.0,29,20180.0,33,20210.0,60,20175.0,43,20215.0,31,20170.0,127
1597988417144694016,1597988417000000000,2020-08-21 13:40:17.000000,20195.0,20220.0,20020.0,20195.0,nan,20112.573,91951,9246856225.0,64441,20195.0,29,20190.0,21,20200.0,42,20185.0,24,20205.0,26,20180.0,33,20210.0,60,20175.0,43,20215.0,31,20170.0,127
1597988417637590016,1597988417500000000,2020-08-21 13:40:17.500000,20195.0,20220.0,20020.0,20195.0,nan,20112.573,91951,9246856225.0,64441,20195.0,32,20190.0,21,20200.0,43,20185.0,24,20205.0,26,20180.0,33,20210.0,60,20175.0,43,20215.0,31,20170.0,127
1597988418136855040,1597988418000000000,2020-08-21 13:40:18.000000,20195.0,20220.0,20020.0,20195.0,nan,20112.573,91951,9246856225.0,64441,20195.0,34,20190.0,21,20200.0,44,20185.0,24,20205.0,27,20180.0,33,20210.0,60,20175.0,43,20215.0,39,20170.0,127
1597988418621296896,1597988418500000000,2020-08-21 13:40:18.500000,20190.0,20220.0,20020.0,20195.0,nan,20112.578,91956,9247360975.0,64444,20195.0,39,20190.0,16,20200.0,44,20185.0,24,20205.0,28,20180.0,33,20210.0,60,20175.0,43,20215.0,38,20170.0,127
1597988419132173056,1597988419000000000,2020-08-21 13:40:19.000000,20190.0,20220.0,20020.0,20195.0,nan,20112.591,91972,9248976175.0,64441,20190.0,2,20185.0,24,20195.0,48,20180.0,33,20200.0,43,20175.0,43,20205.0,28,20170.0,127,20210.0,60,20165.0,79
1597988419644766976,1597988419500000000,2020-08-21 13:40:19.500000,20185.0,20220.0,20020.0,20195.0,nan,20112.604,91987,9250490400.0,64432,20190.0,3,20185.0,23,20195.0,48,20180.0,32,20200.0,43,20175.0,37,20205.0,28,20170.0,127,20210.0,60,20165.0,79
1597988420113035008,1597988420000000000,2020-08-21 13:40:20.000000,20185.0,20220.0,20020.0,20195.0,nan,20112.605,91988,9250591325.0,64431,20190.0,7,20185.0,22,20195.0,50,20180.0,32,20200.0,43,20175.0,37,20205.0,28,20170.0,127,20210.0,61,20165.0,79
1597988420678033920,1597988420500000000,2020-08-21 13:40:20.500000,20185.0,20220.0,20020.0,20195.0,nan,20112.621,92009,9252710750.0,64443,20185.0,9,20180.0,32,20190.0,22,20175.0,37,20195.0,50,20170.0,127,20200.0,43,20165.0,79,20205.0,28,20160.0,28
1597988421113032960,1597988421000000000,2020-08-21 13:40:21.000000,20185.0,20220.0,20020.0,20195.0,nan,20112.623,92011,9252912600.0,64443,20185.0,21,20180.0,30,20190.0,27,20175.0,36,20195.0,46,20170.0,130,20200.0,43,20165.0,9,20205.0,28,20160.0,20
1597988421629693952,1597988421500000000,2020-08-21 13:40:21.500000,20185.0,20220.0,20020.0,20195.0,nan,20112.633,92024,9254224625.0,64444,20185.0,10,20180.0,27,20190.0,27,20175.0,36,20195.0,44,20170.0,130,20200.0,43,20165.0,10,20205.0,28,20160.0,20
1597988422113506048,1597988422000000000,2020-08-21 13:40:22.000000,20185.0,20220.0,20020.0,20195.0,nan,20112.635,92027,9254527400.0,64447,20185.0,8,20180.0,28,20190.0,27,20175.0,36,20195.0,42,20170.0,130,20200.0,43,20165.0,10,20205.0,28,20160.0,20
1597988422630620928,1597988422500000000,2020-08-21 13:40:22.500000,20185.0,20220.0,20020.0,20195.0,nan,20112.642,92036,9255435725.0,64446,20190.0,28,20180.0,28,20195.0,42,20175.0,36,20200.0,43,20170.0,130,20205.0,28,20165.0,10,20210.0,61,20160.0,20
1597988423121670912,1597988423000000000,2020-08-21 13:40:23.000000,20185.0,20220.0,20020.0,20195.0,nan,20112.642,92036,9255435725.0,64446,20185.0,3,20180.0,28,20190.0,28,20175.0,36,20195.0,43,20170.0,130,20200.0,43,20165.0,10,20205.0,28,20160.0,20
1597988423626412032,1597988423500000000,2020-08-21 13:40:23.500000,20185.0,20220.0,20020.0,20195.0,nan,20112.643,92037,9255536650.0,64446,20185.0,5,20180.0,27,20190.0,29,20175.0,36,20195.0,42,20170.0,130,20200.0,43,20165.0,10,20205.0,28,20160.0,20
1597988424158153984,1597988424000000000,2020-08-21 13:40:24.000000,20185.0,20220.0,20020.0,20195.0,nan,20112.643,92037,9255536650.0,64446,20185.0,18,20180.0,27,20190.0,29,20175.0,36,20195.0,42,20170.0,130,20200.0,43,20165.0,10,20205.0,28,20160.0,20
1597988424633315072,1597988424500000000,2020-08-21 13:40:24.500000,20185.0,20220.0,20020.0,20195.0,nan,20112.643,92037,9255536650.0,64446,20185.0,20,20180.0,23,20190.0,29,20175.0,36,20195.0,42,20170.0,130,20200.0,42,20165.0,10,20205.0,28,20160.0,20
1597988425135984896,1597988425000000000,2020-08-21 13:40:25.000000,20185.0,20220.0,20020.0,20195.0,nan,20112.643,92037,9255536650.0,64446,20185.0,21,20180.0,22,20190.0,29,20175.0,36,20195.0,42,20170.0,130,20200.0,42,20165.0,18,20205.0,28,20160.0,20
1597988426184212992,1597988426000000000,2020-08-21 13:40:26.000000,20185.0,20220.0,20020.0,20195.0,nan,20112.643,92037,9255536650.0,64446,20185.0,23,20180.0,22,20190.0,27,20175.0,36,20195.0,41,20170.0,130,20200.0,42,20165.0,18,20205.0,28,20160.0,20
1597988426696608000,1597988426500000000,2020-08-21 13:40:26.500000,20185.0,20220.0,20020.0,20195.0,nan,20112.643,92037,9255536650.0,64446,20185.0,23,20180.0,23,20190.0,27,20175.0,36,20195.0,41,20170.0,130,20200.0,42,20165.0,18,20205.0,28,20160.0,20
1597988428136378112,1597988428000000000,2020-08-21 13:40:28.000000,20185.0,20220.0,20020.0,20195.0,nan,20112.643,92037,9255536650.0,64446,20185.0,23,20180.0,30,20190.0,27,20175.0,36,20195.0,41,20170.0,130,20200.0,45,20165.0,18,20205.0,28,20160.0,20
1597988428605387008,1597988428500000000,2020-08-21 13:40:28.500000,20185.0,20220.0,20020.0,20195.0,nan,20112.643,92037,9255536650.0,64446,20185.0,23,20180.0,32,20190.0,27,20175.0,36,20195.0,41,20170.0,130,20200.0,45,20165.0,18,20205.0,28,20160.0,20
1597988429122618880,1597988429000000000,2020-08-21 13:40:29.000000,20185.0,20220.0,20020.0,20195.0,nan,20112.643,92037,9255536650.0,64446,20185.0,25,20180.0,32,20190.0,27,20175.0,36,20195.0,42,20170.0,130,20200.0,45,20165.0,18,20205.0,28,20160.0,20
1597988429621134080,1597988429500000000,2020-08-21 13:40:29.500000,20185.0,20220.0,20020.0,20195.0,nan,20112.643,92037,9255536650.0,64446,20185.0,25,20180.0,33,20190.0,27,20175.0,36,20195.0,42,20170.0,130,20200.0,47,20165.0,18,20205.0,28,20160.0,20
1597988430135345920,1597988430000000000,2020-08-21 13:40:30.000000,20180.0,20220.0,20020.0,20195.0,nan,20112.644,92038,9255637550.0,64446,20185.0,25,20180.0,32,20190.0,25,20175.0,37,20195.0,42,20170.0,130,20200.0,47,20165.0,18,20205.0,28,20160.0,20
1597988430629001984,1597988430500000000,2020-08-21 13:40:30.500000,20185.0,20220.0,20020.0,20195.0,nan,20112.663,92063,9258160675.0,64429,20190.0,25,20180.0,40,20195.0,42,20175.0,37,20200.0,47,20170.0,130,20205.0,28,20165.0,18,20210.0,69,20160.0,20
1597988431108338944,1597988431000000000,2020-08-21 13:40:31.000000,20185.0,20220.0,20020.0,20195.0,nan,20112.666,92066,9258463450.0,64432,20190.0,27,20185.0,12,20195.0,42,20180.0,43,20200.0,47,20175.0,37,20205.0,28,20170.0,130,20210.0,70,20165.0,18
1597988431631741952,1597988431500000000,2020-08-21 13:40:31.500000,20185.0,20220.0,20020.0,20195.0,nan,20112.674,92077,9259573625.0,64427,20190.0,23,20185.0,8,20195.0,42,20180.0,33,20200.0,47,20175.0,37,20205.0,28,20170.0,130,20210.0,70,20165.0,18
1597988432124616960,1597988432000000000,2020-08-21 13:40:32.000000,20185.0,20220.0,20020.0,20195.0,nan,20112.674,92077,9259573625.0,64427,20190.0,25,20185.0,12,20195.0,42,20180.0,33,20200.0,47,20175.0,37,20205.0,28,20170.0,130,20210.0,70,20165.0,19
1597988432611751936,1597988432500000000,2020-08-21 13:40:32.500000,20185.0,20220.0,20020.0,20195.0,nan,20112.674,92077,9259573625.0,64427,20190.0,25,20185.0,20,20195.0,42,20180.0,32,20200.0,47,20175.0,37,20205.0,28,20170.0,130,20210.0,70,20165.0,19
1597988433113922048,1597988433000000000,2020-08-21 13:40:33.000000,20185.0,20220.0,20020.0,20195.0,nan,20112.674,92077,9259573625.0,64427,20190.0,25,20185.0,21,20195.0,42,20180.0,32,20200.0,47,20175.0,37,20205.0,28,20170.0,130,20210.0,69,20165.0,19
1597988433795097088,1597988433500000000,2020-08-21 13:40:33.500000,20185.0,20220.0,20020.0,20195.0,nan,20112.674,92077,9259573625.0,64427,20190.0,26,20185.0,21,20195.0,42,20180.0,32,20200.0,47,20175.0,37,20205.0,28,20170.0,130,20210.0,69,20165.0,19
1597988434622973952,1597988434500000000,2020-08-21 13:40:34.500000,20185.0,20220.0,20020.0,20195.0,nan,20112.674,92077,9259573625.0,64427,20190.0,28,20185.0,21,20195.0,42,20180.0,32,20200.0,47,20175.0,37,20205.0,28,20170.0,130,20210.0,69,20165.0,19
1597988435110964992,1597988435000000000,2020-08-21 13:40:35.000000,20185.0,20220.0,20020.0,20195.0,nan,20112.674,92077,9259573625.0,64427,20190.0,28,20185.0,21,20195.0,42,20180.0,32,20200.0,46,20175.0,37,20205.0,28,20170.0,130,20210.0,69,20165.0,19
1597988435617265920,1597988435500000000,2020-08-21 13:40:35.500000,20185.0,20220.0,20020.0,20195.0,nan,20112.674,92077,9259573625.0,64427,20190.0,28,20185.0,22,20195.0,42,20180.0,32,20200.0,46,20175.0,37,20205.0,28,20170.0,130,20210.0,69,20165.0,19
1597988436131651072,1597988436000000000,2020-08-21 13:40:36.000000,20190.0,20220.0,20020.0,20195.0,nan,20112.7,92107,9262602125.0,64414,20195.0,42,20190.0,76,20200.0,46,20185.0,22,20205.0,28,20180.0,32,20210.0,69,20175.0,37,20215.0,112,20170.0,24
1597988436601078016,1597988436500000000,2020-08-21 13:40:36.500000,20190.0,20220.0,20020.0,20195.0,nan,20112.719,92130,9264923975.0,64395,20195.0,31,20190.0,64,20200.0,46,20185.0,16,20205.0,28,20180.0,34,20210.0,64,20175.0,37,20215.0,112,20170.0,24
1597988437109071104,1597988437000000000,2020-08-21 13:40:37.000000,20190.0,20220.0,20020.0,20195.0,nan,20112.756,92172,9269164825.0,64363,20200.0,46,20190.0,60,20205.0,28,20185.0,16,20210.0,64,20180.0,34,20215.0,112,20175.0,37,20220.0,92,20170.0,32
1597988437614376960,1597988437500000000,2020-08-21 13:40:37.500000,20190.0,20220.0,20020.0,20195.0,nan,20112.837,92270,9279057400.0,64367,20190.0,6,20185.0,2,20195.0,68,20180.0,32,20200.0,66,20175.0,36,20205.0,36,20170.0,31,20210.0,64,20165.0,20
1597988438121812992,1597988438000000000,2020-08-21 13:40:38.000000,20190.0,20220.0,20020.0,20195.0,nan,20112.854,92291,9281177200.0,64349,20190.0,5,20185.0,33,20195.0,61,20180.0,30,20200.0,52,20175.0,36,20205.0,28,20170.0,31,20210.0,64,20165.0,20
1597988438618038016,1597988438500000000,2020-08-21 13:40:38.500000,20190.0,20220.0,20020.0,20195.0,nan,20112.859,92296,9281681950.0,64354,20195.0,29,20190.0,21,20200.0,52,20185.0,39,20205.0,35,20180.0,31,20210.0,64,20175.0,35,20215.0,41,20170.0,31
1597988439116655104,1597988439000000000,2020-08-21 13:40:39.000000,20185.0,20220.0,20020.0,20195.0,nan,20112.883,92326,9284710325.0,64361,20195.0,32,20185.0,35,20200.0,51,20180.0,33,20205.0,35,20175.0,35,20210.0,64,20170.0,31,20215.0,41,20165.0,20
1597988439636039936,1597988439500000000,2020-08-21 13:40:39.500000,20185.0,20220.0,20020.0,20195.0,nan,20112.886,92330,9285114025.0,64359,20190.0,2,20185.0,32,20195.0,30,20180.0,33,20200.0,51,20175.0,35,20205.0,35,20170.0,31,20210.0,63,20165.0,20
1597988440126075904,1597988440000000000,2020-08-21 13:40:40.000000,20185.0,20220.0,20020.0,20195.0,nan,20112.886,92330,9285114025.0,64359,20190.0,9,20185.0,30,20195.0,30,20180.0,33,20200.0,51,20175.0,35,20205.0,35,20170.0,31,20210.0,63,20165.0,20
1597988440631503104,1597988440500000000,2020-08-21 13:40:40.500000,20185.0,20220.0,20020.0,20195.0,nan,20112.886,92330,9285114025.0,64359,20190.0,10,20185.0,30,20195.0,30,20180.0,33,20200.0,51,20175.0,35,20205.0,35,20170.0,31,20210.0,63,20165.0,20
1597988441618196992,1597988441500000000,2020-08-21 13:40:41.500000,20185.0,20220.0,20020.0,20195.0,nan,20112.886,92330,9285114025.0,64359,20190.0,16,20185.0,30,20195.0,30,20180.0,33,20200.0,51,20175.0,35,20205.0,35,20170.0,31,20210.0,63,20165.0,20
1597988442123260928,1597988442000000000,2020-08-21 13:40:42.000000,20190.0,20220.0,20020.0,20195.0,nan,20112.887,92331,9285214975.0,64358,20190.0,15,20185.0,30,20195.0,40,20180.0,32,20200.0,51,20175.0,35,20205.0,35,20170.0,31,20210.0,73,20165.0,20
1597988443129928960,1597988443000000000,2020-08-21 13:40:43.000000,20190.0,20220.0,20020.0,20195.0,nan,20112.887,92331,9285214975.0,64358,20190.0,22,20185.0,34,20195.0,40,20180.0,32,20200.0,51,20175.0,35,20205.0,35,20170.0,31,20210.0,73,20165.0,20
1597988443643173888,1597988443500000000,2020-08-21 13:40:43.500000,20185.0,20220.0,20020.0,20195.0,nan,20112.888,92332,9285315900.0,64358,20190.0,23,20185.0,33,20195.0,40,20180.0,32,20200.0,51,20175.0,35,20205.0,35,20170.0,31,20210.0,73,20165.0,20
1597988444120091904,1597988444000000000,2020-08-21 13:40:44.000000,20185.0,20220.0,20020.0,20195.0,nan,20112.894,92339,9286022375.0,64354,20190.0,23,20185.0,25,20195.0,41,20180.0,32,20200.0,53,20175.0,35,20205.0,35,20170.0,31,20210.0,73,20165.0,20
1597988444664267008,1597988444500000000,2020-08-21 13:40:44.500000,20185.0,20220.0,20020.0,20195.0,nan,20112.912,92363,9288444575.0,64362,20190.0,27,20185.0,4,20195.0,41,20180.0,30,20200.0,53,20175.0,35,20205.0,35,20170.0,31,20210.0,73,20165.0,20
1597988445127936000,1597988445000000000,2020-08-21 13:40:45.000000,20185.0,20220.0,20020.0,20195.0,nan,20112.922,92376,9289756600.0,64361,20185.0,26,20180.0,30,20190.0,31,20175.0,35,20195.0,41,20170.0,31,20200.0,53,20165.0,21,20205.0,35,20160.0,20
1597988445624649984,1597988445500000000,2020-08-21 13:40:45.500000,20185.0,20220.0,20020.0,20195.0,nan,20112.923,92377,9289857525.0,64361,20185.0,28,20180.0,17,20190.0,32,20175.0,35,20195.0,41,20170.0,31,20200.0,53,20165.0,23,20205.0,35,20160.0,20
1597988446128553984,1597988446000000000,2020-08-21 13:40:46.000000,20185.0,20220.0,20020.0,20195.0,nan,20112.923,92377,9289857525.0,64361,20185.0,28,20180.0,22,20190.0,32,20175.0,33,20195.0,41,20170.0,31,20200.0,53,20165.0,23,20205.0,36,20160.0,20
1597988446604922880,1597988446500000000,2020-08-21 13:40:46.500000,20185.0,20220.0,20020.0,20195.0,nan,20112.923,92377,9289857525.0,64361,20185.0,28,20180.0,21,20190.0,32,20175.0,33,20195.0,41,20170.0,31,20200.0,53,20165.0,23,20205.0,36,20160.0,20
1597988447105314048,1597988447000000000,2020-08-21 13:40:47.000000,20185.0,20220.0,20020.0,20195.0,nan,20112.923,92377,9289857525.0,64361,20185.0,28,20180.0,23,20190.0,32,20175.0,33,20195.0,41,20170.0,31,20200.0,53,20165.0,23,20205.0,36,20160.0,20
1597988447618418944,1597988447500000000,2020-08-21 13:40:47.500000,20185.0,20220.0,20020.0,20195.0,nan,20112.923,92377,9289857525.0,64361,20185.0,28,20180.0,18,20190.0,32,20175.0,33,20195.0,41,20170.0,31,20200.0,53,20165.0,23,20205.0,36,20160.0,20
1597988448109697024,1597988448000000000,2020-08-21 13:40:48.000000,20185.0,20220.0,20020.0,20195.0,nan,20112.923,92377,9289857525.0,64361,20185.0,28,20180.0,18,20190.0,42,20175.0,33,20195.0,41,20170.0,31,20200.0,53,20165.0,23,20205.0,36,20160.0,20
1597988448620728064,1597988448500000000,2020-08-21 13:40:48.500000,20185.0,20220.0,20020.0,20195.0,nan,20112.923,92377,9289857525.0,64361,20185.0,30,20180.0,17,20190.0,42,20175.0,33,20195.0,41,20170.0,31,20200.0,53,20165.0,23,20205.0,36,20160.0,20
1597988449115649024,1597988449000000000,2020-08-21 13:40:49.000000,20185.0,20220.0,20020.0,20195.0,nan,20112.923,92377,9289857525.0,64361,20185.0,30,20180.0,20,20190.0,42,20175.0,33,20195.0,41,20170.0,31,20200.0,53,20165.0,23,20205.0,36,20160.0,20
1597988450108967936,1597988450000000000,2020-08-21 13:40:50.000000,20185.0,20220.0,20020.0,20195.0,nan,20112.923,92377,9289857525.0,64361,20185.0,30,20180.0,21,20190.0,43,20175.0,33,20195.0,41,20170.0,31,20200.0,53,20165.0,23,20205.0,36,20160.0,20
1597988450600847872,1597988450500000000,2020-08-21 13:40:50.500000,20180.0,20220.0,20020.0,20195.0,nan,20112.924,92378,9289958425.0,64361,20185.0,30,20180.0,20,20190.0,43,20175.0,33,20195.0,41,20170.0,31,20200.0,53,20165.0,23,20205.0,36,20160.0,20
1597988451122041088,1597988451000000000,2020-08-21 13:40:51.000000,20180.0,20220.0,20020.0,20195.0,nan,20112.938,92398,9291976425.0,64377,20185.0,30,20180.0,1,20190.0,43,20175.0,33,20195.0,41,20170.0,31,20200.0,53,20165.0,23,20205.0,36,20160.0,20
1597988451610281984,1597988451500000000,2020-08-21 13:40:51.500000,20180.0,20220.0,20020.0,20195.0,nan,20112.939,92399,9292077325.0,64376,20180.0,8,20175.0,33,20185.0,23,20170.0,31,20190.0,44,20165.0,22,20195.0,39,20160.0,21,20200.0,53,20155.0,28
