local_nano_time,quote_nano_time,datetime,last_price,highest,lowest,open,close,average,volume,amount,open_interest,ask_price1,ask_volume1,bid_price1,bid_volume1,ask_price2,ask_volume2,bid_price2,bid_volume2,ask_price3,ask_volume3,bid_price3,bid_volume3,ask_price4,ask_volume4,bid_price4,bid_volume4,ask_price5,ask_volume5,bid_price5,bid_volume5
1597988226229198080,1597988226727000064,2020-08-21 13:37:06.727000,3730.0,3750.0,3716.0,3728.0,nan,3730.0,451986,8429538900.0,1262352,3732.0,659,3730.0,920,nan,0,nan,0,nan,0,nan,0,nan,0,nan,0,nan,0,nan,0
1597988226697316096,1597988227224000000,2020-08-21 13:37:07.224000,3730.0,3750.0,3716.0,3728.0,nan,3730.0,451986,8429538900.0,1262352,3732.0,659,3730.0,924,nan,0,nan,0,nan,0,nan,0,nan,0,nan,0,nan,0,nan,0
1597988227202509056,1597988227728000000,2020-08-21 13:37:07.728000,3730.0,3750.0,3716.0,3728.0,nan,3730.0,451986,8429538900.0,1262352,3732.0,659,3730.0,925,nan,0,nan,0,nan,0,nan,0,nan,0,nan,0,nan,0,nan,0
1597988227702084096,1597988228239000064,2020-08-21 13:37:08.239000,3732.0,3750.0,3716.0,3728.0,nan,3730.0,451987,8429557550.0,1262352,3732.0,659,3730.0,925,nan,0,nan,0,nan,0,nan,0,nan,0,nan,0,nan,0,nan,0
1597988228204054016,1597988228728000000,2020-08-21 13:37:08.728000,3732.0,3750.0,3716.0,3728.0,nan,3730.0,451987,8429557550.0,1262352,3732.0,675,3730.0,930,nan,0,nan,0,nan,0,nan,0,nan,0,nan,0,nan,0,nan,0
1597988229218268928,1597988229670000128,2020-08-21 13:37:09.670000,3732.0,3750.0,3716.0,3728.0,nan,3730.0,451989,8429594850.0,1262353,3732.0,674,3730.0,929,nan,0,nan,0,nan,0,nan,0,nan,0,nan,0,nan,0,nan,0
1597988229710893056,1597988230227000064,2020-08-21 13:37:10.227000,3732.0,3750.0,3716.0,3728.0,nan,3730.0,451989,8429594850.0,1262353,3732.0,677,3730.0,932,nan,0,nan,0,nan,0,nan,0,nan,0,nan,0,nan,0,nan,0
1597988230245995008,1597988230713999872,2020-08-21 13:37:10.714000,3730.0,3750.0,3716.0,3728.0,nan,3730.0,451993,8429669450.0,1262355,3732.0,677,3730.0,929,nan,0,nan,0,nan,0,nan,0,nan,0,nan,0,nan,0,nan,0
1597988230710798080,1597988231226000128,2020-08-21 13:37:11.226000,3730.0,3750.0,3716.0,3728.0,nan,3730.0,451993,8429669450.0,1262355,3732.0,684,3730.0,929,nan,0,nan,0,nan,0,nan,0,nan,0,nan,0,nan,0,nan,0
1597988231206190080,1597988231734999808,2020-08-21 13:37:11.735000,3730.0,3750.0,3716.0,3728.0,nan,3730.0,451993,8429669450.0,1262355,3732.0,684,3730.0,932,nan,0,nan,0,nan,0,nan,0,nan,0,nan,0,nan,0,nan,0
1597988231714019072,1597988232226000128,2020-08-21 13:37:12.226000,3730.0,3750.0,3716.0,3728.0,nan,3730.0,451993,8429669450.0,1262355,3732.0,685,3730.0,932,nan,0,nan,0,nan,0,nan,0,nan,0,nan,0,nan,0,nan,0
1597988232213208064,1597988232742000128,2020-08-21 13:37:12.742000,3732.0,3750.0,3716.0,3728.0,nan,3730.0,451995,8429706750.0,1262356,3732.0,692,3730.0,913,nan,0,nan,0,nan,0,nan,0,nan,0,nan,0,nan,0,nan,0
1597988232706213888,1597988233224999936,2020-08-21 13:37:13.225000,3732.0,3750.0,3716.0,3728.0,nan,3730.0,451995,8429706750.0,1262356,3732.0,702,3730.0,954,nan,0,nan,0,nan,0,nan,0,nan,0,nan,0,nan,0,nan,0
1597988233204786944,1597988233696999936,2020-08-21 13:37:13.697000,3730.0,3750.0,3716.0,3728.0,nan,3730.0,451997,8429744050.0,1262356,3732.0,711,3730.0,953,nan,0,nan,0,nan,0,nan,0,nan,0,nan,0,nan,0,nan,0
1597988234709848064,1597988235193000192,2020-08-21 13:37:15.193000,3730.0,3750.0,3716.0,3728.0,nan,3730.0,451997,8429744050.0,1262356,3732.0,714,3730.0,954,nan,0,nan,0,nan,0,nan,0,nan,0,nan,0,nan,0,nan,0
1597988235214107904,1597988235608000000,2020-08-21 13:37:15.608000,3730.0,3750.0,3716.0,3728.0,nan,3730.0,451999,8429781350.0,1262356,3732.0,716,3730.0,952,nan,0,nan,0,nan,0,nan,0,nan,0,nan,0,nan,0,nan,0
1597988235884125952,1597988236221999872,2020-08-21 13:37:16.222000,3730.0,3750.0,3716.0,3728.0,nan,3730.0,451999,8429781350.0,1262356,3732.0,722,3730.0,952,nan,0,nan,0,nan,0,nan,0,nan,0,nan,0,nan,0,nan,0
1597988236718907904,1597988237232000000,2020-08-21 13:37:17.232000,3730.0,3750.0,3716.0,3728.0,nan,3730.0,451999,8429781350.0,1262356,3732.0,731,3730.0,952,nan,0,nan,0,nan,0,nan,0,nan,0,nan,0,nan,0,nan,0
1597988237219333120,1597988237740000000,2020-08-21 13:37:17.740000,3732.0,3750.0,3716.0,3728.0,nan,3730.0,452001,8429818650.0,1262358,3732.0,729,3730.0,952,nan,0,nan,0,nan,0,nan,0,nan,0,nan,0,nan,0,nan,0
1597988237716562944,1597988238211000064,2020-08-21 13:37:18.211000,3732.0,3750.0,3716.0,3728.0,nan,3730.0,452001,8429818650.0,1262358,3732.0,744,3730.0,952,nan,0,nan,0,nan,0,nan,0,nan,0,nan,0,nan,0,nan,0
1597988238241798912,1597988238712000000,2020-08-21 13:37:18.712000,3732.0,3750.0,3716.0,3728.0,nan,3730.0,452001,8429818650.0,1262358,3732.0,744,3730.0,953,nan,0,nan,0,nan,0,nan,0,nan,0,nan,0,nan,0,nan,0
1597988238710669056,1597988239240999936,2020-08-21 13:37:19.241000,3732.0,3750.0,3716.0,3728.0,nan,3730.0,452005,8429893250.0,1262360,3732.0,744,3730.0,956,nan,0,nan,0,nan,0,nan,0,nan,0,nan,0,nan,0,nan,0
1597988239201146880,1597988239690000128,2020-08-21 13:37:19.690000,3732.0,3750.0,3716.0,3728.0,nan,3730.0,452006,8429911900.0,1262361,3732.0,786,3730.0,956,nan,0,nan,0,nan,0,nan,0,nan,0,nan,0,nan,0,nan,0
1597988239705889024,1597988240232999936,2020-08-21 13:37:20.233000,3732.0,3750.0,3716.0,3728.0,nan,3730.0,452007,8429930550.0,1262362,3732.0,785,3730.0,965,nan,0,nan,0,nan,0,nan,0,nan,0,nan,0,nan,0,nan,0
1597988240202905088,1597988240720999936,2020-08-21 13:37:20.721000,3732.0,3750.0,3716.0,3728.0,nan,3730.0,452008,8429949200.0,1262362,3732.0,788,3730.0,966,nan,0,nan,0,nan,0,nan,0,nan,0,nan,0,nan,0,nan,0
1597988240708674048,1597988241204000000,2020-08-21 13:37:21.204000,3732.0,3750.0,3716.0,3728.0,nan,3730.0,452008,8429949200.0,1262362,3732.0,789,3730.0,986,nan,0,nan,0,nan,0,nan,0,nan,0,nan,0,nan,0,nan,0
1597988241206118912,1597988241731000064,2020-08-21 13:37:21.731000,3732.0,3750.0,3716.0,3728.0,nan,3730.0,452008,8429949200.0,1262362,3732.0,811,3730.0,986,nan,0,nan,0,nan,0,nan,0,nan,0,nan,0,nan,0,nan,0
1597988242214699008,1597988242733999872,2020-08-21 13:37:22.734000,3732.0,3750.0,3716.0,3728.0,nan,3730.0,452008,8429949200.0,1262362,3732.0,812,3730.0,986,nan,0,nan,0,nan,0,nan,0,nan,0,nan,0,nan,0,nan,0
1597988242704099072,1597988243240000000,2020-08-21 13:37:23.240000,3732.0,3750.0,3716.0,3728.0,nan,3730.0,452009,8429967850.0,1262363,3732.0,811,3730.0,986,nan,0,nan,0,nan,0,nan,0,nan,0,nan,0,nan,0,nan,0
1597988243204773120,1597988243736999936,2020-08-21 13:37:23.737000,3732.0,3750.0,3716.0,3728.0,nan,3730.0,452009,8429967850.0,1262363,3732.0,811,3730.0,987,nan,0,nan,0,nan,0,nan,0,nan,0,nan,0,nan,0,nan,0
1597988243707333888,1597988244160000000,2020-08-21 13:37:24.160000,3732.0,3750.0,3716.0,3728.0,nan,3730.0,452009,8429967850.0,1262363,3732.0,811,3730.0,1001,nan,0,nan,0,nan,0,nan,0,nan,0,nan,0,nan,0,nan,0
1597988244215335936,1597988244698999808,2020-08-21 13:37:24.699000,3732.0,3750.0,3716.0,3728.0,nan,3730.0,452013,8430042450.0,1262367,3732.0,805,3730.0,1001,nan,0,nan,0,nan,0,nan,0,nan,0,nan,0,nan,0,nan,0
1597988244727951104,1597988245219000064,2020-08-21 13:37:25.219000,3730.0,3750.0,3716.0,3728.0,nan,3730.0,452015,8430079750.0,1262369,3732.0,803,3730.0,999,nan,0,nan,0,nan,0,nan,0,nan,0,nan,0,nan,0,nan,0
1597988245243996928,1597988245700000000,2020-08-21 13:37:25.700000,3732.0,3750.0,3716.0,3728.0,nan,3730.0,452016,8430098400.0,1262370,3732.0,802,3730.0,999,nan,0,nan,0,nan,0,nan,0,nan,0,nan,0,nan,0,nan,0
1597988245712211968,1597988246232999936,2020-08-21 13:37:26.233000,3732.0,3750.0,3716.0,3728.0,nan,3730.0,452018,8430135700.0,1262372,3732.0,803,3730.0,1007,nan,0,nan,0,nan,0,nan,0,nan,0,nan,0,nan,0,nan,0
1597988246233626880,1597988246723000064,2020-08-21 13:37:26.723000,3732.0,3750.0,3716.0,3728.0,nan,3730.0,452019,8430154350.0,1262373,3732.0,813,3730.0,1008,nan,0,nan,0,nan,0,nan,0,nan,0,nan,0,nan,0,nan,0
1597988246744355072,1597988247234999808,2020-08-21 13:37:27.235000,3732.0,3750.0,3716.0,3728.0,nan,3730.0,452019,8430154350.0,1262373,3732.0,823,3730.0,1008,nan,0,nan,0,nan,0,nan,0,nan,0,nan,0,nan,0,nan,0
1597988247210583040,1597988247742000128,2020-08-21 13:37:27.742000,3730.0,3750.0,3716.0,3728.0,nan,3730.0,452020,8430173000.0,1262374,3732.0,823,3730.0,1007,nan,0,nan,0,nan,0,nan,0,nan,0,nan,0,nan,0,nan,0
1597988247713585920,1597988248221999872,2020-08-21 13:37:28.222000,3730.0,3750.0,3716.0,3728.0,nan,3730.0,452020,8430173000.0,1262374,3732.0,839,3730.0,1007,nan,0,nan,0,nan,0,nan,0,nan,0,nan,0,nan,0,nan,0
1597988248245292032,1597988248727000064,2020-08-21 13:37:28.727000,3730.0,3750.0,3716.0,3728.0,nan,3730.0,452028,8430322200.0,1262376,3732.0,833,3730.0,999,nan,0,nan,0,nan,0,nan,0,nan,0,nan,0,nan,0,nan,0
1597988248710448128,1597988249240000000,2020-08-21 13:37:29.240000,3730.0,3750.0,3716.0,3728.0,nan,3730.0,452029,8430340850.0,1262377,3732.0,833,3730.0,999,nan,0,nan,0,nan,0,nan,0,nan,0,nan,0,nan,0,nan,0
1597988249344684032,1597988249731000064,2020-08-21 13:37:29.731000,3732.0,3750.0,3716.0,3728.0,nan,3730.0,452031,8430378150.0,1262379,3732.0,831,3730.0,999,nan,0,nan,0,nan,0,nan,0,nan,0,nan,0,nan,0,nan,0
1597988249721351936,1597988250240000000,2020-08-21 13:37:30.240000,3732.0,3750.0,3716.0,3728.0,nan,3730.0,452039,8430527350.0,1262385,3732.0,824,3730.0,998,nan,0,nan,0,nan,0,nan,0,nan,0,nan,0,nan,0,nan,0
1597988250233729024,1597988250739000064,2020-08-21 13:37:30.739000,3732.0,3750.0,3716.0,3728.0,nan,3730.0,452039,8430527350.0,1262385,3732.0,825,3730.0,1198,nan,0,nan,0,nan,0,nan,0,nan,0,nan,0,nan,0,nan,0
1597988250731888128,1597988251240000000,2020-08-21 13:37:31.240000,3732.0,3750.0,3716.0,3728.0,nan,3730.0,452039,8430527350.0,1262385,3732.0,819,3730.0,1203,nan,0,nan,0,nan,0,nan,0,nan,0,nan,0,nan,0,nan,0
1597988251218292992,1597988251737999872,2020-08-21 13:37:31.738000,3730.0,3750.0,3716.0,3728.0,nan,3730.0,452040,8430546000.0,1262386,3732.0,818,3730.0,1202,nan,0,nan,0,nan,0,nan,0,nan,0,nan,0,nan,0,nan,0
1597988251723980032,1597988252190000128,2020-08-21 13:37:32.190000,3730.0,3750.0,3716.0,3728.0,nan,3730.0,452041,8430564650.0,1262387,3732.0,832,3730.0,1203,nan,0,nan,0,nan,0,nan,0,nan,0,nan,0,nan,0,nan,0
1597988252220686080,1597988252742000128,2020-08-21 13:37:32.742000,3730.0,3750.0,3716.0,3728.0,nan,3730.0,452041,8430564650.0,1262387,3732.0,834,3730.0,1207,nan,0,nan,0,nan,0,nan,0,nan,0,nan,0,nan,0,nan,0
1597988252719376896,1597988253240000000,2020-08-21 13:37:33.240000,3730.0,3750.0,3716.0,3728.0,nan,3730.0,452041,8430564650.0,1262387,3732.0,831,3730.0,1208,nan,0,nan,0,nan,0,nan,0,nan,0,nan,0,nan,0,nan,0
1597988253205794048,1597988253730000128,2020-08-21 13:37:33.730000,3730.0,3750.0,3716.0,3728.0,nan,3730.0,452041,8430564650.0,1262387,3732.0,831,3730.0,1218,nan,0,nan,0,nan,0,nan,0,nan,0,nan,0,nan,0,nan,0
1597988253715838976,1597988254240999936,2020-08-21 13:37:34.241000,3730.0,3750.0,3716.0,3728.0,nan,3730.0,452042,8430583300.0,1262388,3732.0,832,3730.0,1216,nan,0,nan,0,nan,0,nan,0,nan,0,nan,0,nan,0,nan,0
1597988254208500992,1597988254739000064,2020-08-21 13:37:34.739000,3732.0,3750.0,3716.0,3728.0,nan,3730.0,452047,8430676550.0,1262393,3732.0,829,3730.0,1216,nan,0,nan,0,nan,0,nan,0,nan,0,nan,0,nan,0,nan,0
1597988254745605888,1597988255228000000,2020-08-21 13:37:35.228000,3732.0,3750.0,3716.0,3728.0,nan,3730.0,452047,8430676550.0,1262393,3732.0,917,3730.0,1220,nan,0,nan,0,nan,0,nan,0,nan,0,nan,0,nan,0,nan,0
1597988255220786944,1597988255737999872,2020-08-21 13:37:35.738000,3732.0,3750.0,3716.0,3728.0,nan,3730.0,452051,8430751150.0,1262397,3732.0,914,3730.0,1220,nan,0,nan,0,nan,0,nan,0,nan,0,nan,0,nan,0,nan,0
1597988255717676032,1597988256232999936,2020-08-21 13:37:36.233000,3732.0,3750.0,3716.0,3728.0,nan,3730.0,452051,8430751150.0,1262397,3732.0,911,3730.0,1222,nan,0,nan,0,nan,0,nan,0,nan,0,nan,0,nan,0,nan,0
1597988256212144128,1597988256740999936,2020-08-21 13:37:36.741000,3730.0,3750.0,3716.0,3728.0,nan,3730.0,452054,8430807100.0,1262400,3732.0,907,3730.0,1221,nan,0,nan,0,nan,0,nan,0,nan,0,nan,0,nan,0,nan,0
1597988256717633024,1597988257223000064,2020-08-21 13:37:37.223000,3730.0,3750.0,3716.0,3728.0,nan,3730.0,452054,8430807100.0,1262400,3732.0,907,3730.0,1231,nan,0,nan,0,nan,0,nan,0,nan,0,nan,0,nan,0,nan,0
1597988257222021888,1597988257727000064,2020-08-21 13:37:37.727000,3730.0,3750.0,3716.0,3728.0,nan,3730.0,452054,8430807100.0,1262400,3732.0,912,3730.0,1231,nan,0,nan,0,nan,0,nan,0,nan,0,nan,0,nan,0,nan,0
1597988257717903872,1597988258237999872,2020-08-21 13:37:38.238000,3732.0,3750.0,3716.0,3728.0,nan,3730.0,452057,8430863050.0,1262403,3732.0,906,3730.0,1231,nan,0,nan,0,nan,0,nan,0,nan,0,nan,0,nan,0,nan,0
1597988258219934976,1597988258734999808,2020-08-21 13:37:38.735000,3732.0,3750.0,3716.0,3728.0,nan,3730.0,452058,8430881700.0,1262404,3732.0,926,3730.0,1254,nan,0,nan,0,nan,0,nan,0,nan,0,nan,0,nan,0,nan,0
1597988258723269120,1597988259240000000,2020-08-21 13:37:39.240000,3730.0,3750.0,3716.0,3728.0,nan,3730.0,452059,8430900350.0,1262405,3732.0,926,3730.0,1253,nan,0,nan,0,nan,0,nan,0,nan,0,nan,0,nan,0,nan,0
1597988259739663872,1597988260211000064,2020-08-21 13:37:40.211000,3730.0,3750.0,3716.0,3728.0,nan,3730.0,452059,8430900350.0,1262405,3732.0,928,3730.0,1253,nan,0,nan,0,nan,0,nan,0,nan,0,nan,0,nan,0,nan,0
1597988260230977024,1597988260736999936,2020-08-21 13:37:40.737000,3732.0,3750.0,3716.0,3728.0,nan,3730.0,452099,8431646350.0,1262445,3732.0,934,3730.0,1244,nan,0,nan,0,nan,0,nan,0,nan,0,nan,0,nan,0,nan,0
1597988260721078016,1597988261242000128,2020-08-21 13:37:41.242000,3730.0,3750.0,3716.0,3728.0,nan,3730.0,452101,8431683650.0,1262447,3732.0,933,3730.0,1243,nan,0,nan,0,nan,0,nan,0,nan,0,nan,0,nan,0,nan,0
1597988261209667072,1597988261736000000,2020-08-21 13:37:41.736000,3730.0,3750.0,3716.0,3728.0,nan,3730.0,452101,8431683650.0,1262447,3732.0,934,3730.0,1243,nan,0,nan,0,nan,0,nan,0,nan,0,nan,0,nan,0,nan,0
1597988261714641920,1597988262239000064,2020-08-21 13:37:42.239000,3732.0,3750.0,3716.0,3728.0,nan,3730.0,452102,8431702300.0,1262448,3732.0,937,3730.0,1242,nan,0,nan,0,nan,0,nan,0,nan,0,nan,0,nan,0,nan,0
1597988262212344064,1597988262742000128,2020-08-21 13:37:42.742000,3732.0,3750.0,3716.0,3728.0,nan,3730.0,452111,8431870150.0,1262455,3732.0,910,3730.0,1242,nan,0,nan,0,nan,0,nan,0,nan,0,nan,0,nan,0,nan,0
1597988262740541952,1597988263232999936,2020-08-21 13:37:43.233000,3732.0,3750.0,3716.0,3728.0,nan,3730.0,452113,8431907450.0,1262456,3732.0,908,3730.0,1243,nan,0,nan,0,nan,0,nan,0,nan,0,nan,0,nan,0,nan,0
1597988263215390976,1597988263740999936,2020-08-21 13:37:43.741000,3730.0,3750.0,3716.0,3728.0,nan,3730.0,452114,8431926100.0,1262456,3732.0,908,3730.0,1244,nan,0,nan,0,nan,0,nan,0,nan,0,nan,0,nan,0,nan,0
1597988263712539904,1597988264236999936,2020-08-21 13:37:44.237000,3730.0,3750.0,3716.0,3728.0,nan,3730.0,452114,8431926100.0,1262456,3732.0,909,3730.0,1243,nan,0,nan,0,nan,0,nan,0,nan,0,nan,0,nan,0,nan,0
1597988264235461120,1597988264740999936,2020-08-21 13:37:44.741000,3730.0,3750.0,3716.0,3728.0,nan,3730.0,452163,8432839950.0,1262505,3732.0,909,3730.0,1194,nan,0,nan,0,nan,0,nan,0,nan,0,nan,0,nan,0,nan,0
1597988265234394880,1597988265709000192,2020-08-21 13:37:45.709000,3730.0,3750.0,3716.0,3728.0,nan,3730.0,452163,8432839950.0,1262505,3732.0,914,3730.0,1200,nan,0,nan,0,nan,0,nan,0,nan,0,nan,0,nan,0,nan,0
1597988265718330880,1597988266236000000,2020-08-21 13:37:46.236000,3730.0,3750.0,3716.0,3728.0,nan,3730.0,452164,8432858600.0,1262506,3732.0,914,3730.0,1199,nan,0,nan,0,nan,0,nan,0,nan,0,nan,0,nan,0,nan,0
1597988266225210880,1597988266729000192,2020-08-21 13:37:46.729000,3730.0,3750.0,3716.0,3728.0,nan,3730.0,452186,8433268900.0,1262528,3732.0,914,3730.0,1177,nan,0,nan,0,nan,0,nan,0,nan,0,nan,0,nan,0,nan,0
1597988266716923904,1597988267224000000,2020-08-21 13:37:47.224000,3730.0,3750.0,3716.0,3728.0,nan,3730.0,452207,8433660550.0,1262529,3732.0,914,3730.0,1157,nan,0,nan,0,nan,0,nan,0,nan,0,nan,0,nan,0,nan,0
1597988267232240896,1597988267736999936,2020-08-21 13:37:47.737000,3730.0,3750.0,3716.0,3728.0,nan,3730.0,452207,8433660550.0,1262529,3732.0,930,3730.0,1156,nan,0,nan,0,nan,0,nan,0,nan,0,nan,0,nan,0,nan,0
1597988267727223040,1597988268177999872,2020-08-21 13:37:48.178000,3730.0,3750.0,3716.0,3728.0,nan,3730.0,452229,8434070850.0,1262544,3732.0,930,3730.0,1222,nan,0,nan,0,nan,0,nan,0,nan,0,nan,0,nan,0,nan,0
1597988269222252032,1597988269740000000,2020-08-21 13:37:49.740000,3732.0,3750.0,3716.0,3728.0,nan,3730.0,452230,8434089500.0,1262545,3732.0,929,3730.0,1227,nan,0,nan,0,nan,0,nan,0,nan,0,nan,0,nan,0,nan,0
1597988269726318080,1597988270220000000,2020-08-21 13:37:50.220000,3730.0,3750.0,3716.0,3728.0,nan,3730.0,452241,8434294650.0,1262546,3732.0,929,3730.0,1216,nan,0,nan,0,nan,0,nan,0,nan,0,nan,0,nan,0,nan,0
1597988270220998912,1597988270731000064,2020-08-21 13:37:50.731000,3732.0,3750.0,3716.0,3728.0,nan,3730.0,452246,8434387900.0,1262551,3732.0,924,3730.0,1216,nan,0,nan,0,nan,0,nan,0,nan,0,nan,0,nan,0,nan,0
1597988270723162112,1597988271228000000,2020-08-21 13:37:51.228000,3732.0,3750.0,3716.0,3728.0,nan,3730.0,452247,8434406550.0,1262552,3732.0,922,3730.0,1216,nan,0,nan,0,nan,0,nan,0,nan,0,nan,0,nan,0,nan,0
1597988271222874880,1597988271740000000,2020-08-21 13:37:51.740000,3732.0,3750.0,3716.0,3728.0,nan,3730.0,452248,8434425200.0,1262553,3732.0,929,3730.0,1216,nan,0,nan,0,nan,0,nan,0,nan,0,nan,0,nan,0,nan,0
1597988272228361984,1597988272740000000,2020-08-21 13:37:52.740000,3732.0,3750.0,3716.0,3728.0,nan,3730.0,452248,8434425200.0,1262553,3732.0,926,3730.0,1216,nan,0,nan,0,nan,0,nan,0,nan,0,nan,0,nan,0,nan,0
1597988272743297024,1597988273233999872,2020-08-21 13:37:53.234000,3732.0,3750.0,3716.0,3728.0,nan,3730.0,452569,8440411850.0,1262576,3732.0,711,3730.0,1255,nan,0,nan,0,nan,0,nan,0,nan,0,nan,0,nan,0,nan,0
1597988273222717952,1597988273732000000,2020-08-21 13:37:53.732000,3730.0,3750.0,3716.0,3728.0,nan,3730.0,452572,8440467800.0,1262578,3732.0,679,3730.0,1249,nan,0,nan,0,nan,0,nan,0,nan,0,nan,0,nan,0,nan,0
1597988273732539904,1597988274236000000,2020-08-21 13:37:54.236000,3730.0,3750.0,3716.0,3728.0,nan,3730.0,452572,8440467800.0,1262578,3732.0,677,3730.0,1249,nan,0,nan,0,nan,0,nan,0,nan,0,nan,0,nan,0,nan,0
1597988274223988992,1597988274724999936,2020-08-21 13:37:54.725000,3732.0,3750.0,3716.0,3728.0,nan,3730.0,452574,8440505100.0,1262578,3732.0,676,3730.0,1249,nan,0,nan,0,nan,0,nan,0,nan,0,nan,0,nan,0,nan,0
1597988274724913920,1597988275239000064,2020-08-21 13:37:55.239000,3732.0,3750.0,3716.0,3728.0,nan,3730.0,452574,8440505100.0,1262578,3732.0,678,3730.0,1249,nan,0,nan,0,nan,0,nan,0,nan,0,nan,0,nan,0,nan,0
1597988275231311104,1597988275727000064,2020-08-21 13:37:55.727000,3730.0,3750.0,3716.0,3728.0,nan,3730.0,452594,8440878100.0,1262584,3732.0,679,3730.0,1229,nan,0,nan,0,nan,0,nan,0,nan,0,nan,0,nan,0,nan,0
1597988275724822016,1597988276240999936,2020-08-21 13:37:56.241000,3730.0,3750.0,3716.0,3728.0,nan,3730.0,452594,8440878100.0,1262584,3732.0,674,3730.0,1229,nan,0,nan,0,nan,0,nan,0,nan,0,nan,0,nan,0,nan,0
1597988276228566016,1597988276736999936,2020-08-21 13:37:56.737000,3732.0,3750.0,3716.0,3728.0,nan,3730.0,452605,8441083250.0,1262573,3732.0,664,3730.0,1229,nan,0,nan,0,nan,0,nan,0,nan,0,nan,0,nan,0,nan,0
1597988276842980096,1597988277226000128,2020-08-21 13:37:57.226000,3730.0,3750.0,3716.0,3728.0,nan,3730.0,452725,8443321250.0,1262551,3732.0,641,3730.0,1200,nan,0,nan,0,nan,0,nan,0,nan,0,nan,0,nan,0,nan,0
1597988277269541120,1597988277706000128,2020-08-21 13:37:57.706000,3732.0,3750.0,3716.0,3728.0,nan,3730.0,452743,8443656950.0,1262536,3732.0,721,3730.0,1195,nan,0,nan,0,nan,0,nan,0,nan,0,nan,0,nan,0,nan,0
1597988277732509952,1597988278236999936,2020-08-21 13:37:58.237000,3730.0,3750.0,3716.0,3728.0,nan,3730.0,452748,8443750200.0,1262536,3732.0,759,3730.0,1193,nan,0,nan,0,nan,0,nan,0,nan,0,nan,0,nan,0,nan,0
1597988278228279040,1597988278736000000,2020-08-21 13:37:58.736000,3730.0,3750.0,3716.0,3728.0,nan,3730.0,452763,8444029950.0,1262551,3732.0,789,3730.0,1178,nan,0,nan,0,nan,0,nan,0,nan,0,nan,0,nan,0,nan,0
1597988278731197952,1597988279236000000,2020-08-21 13:37:59.236000,3732.0,3750.0,3716.0,3728.0,nan,3730.0,452765,8444067250.0,1262551,3732.0,798,3730.0,1177,nan,0,nan,0,nan,0,nan,0,nan,0,nan,0,nan,0,nan,0
1597988279228521984,1597988279720000000,2020-08-21 13:37:59.720000,3732.0,3750.0,3716.0,3728.0,nan,3730.0,452765,8444067250.0,1262551,3732.0,799,3730.0,1177,nan,0,nan,0,nan,0,nan,0,nan,0,nan,0,nan,0,nan,0
1597988279728886016,1597988280161999872,2020-08-21 13:38:00.162000,3732.0,3750.0,3716.0,3728.0,nan,3730.0,452765,8444067250.0,1262551,3732.0,800,3730.0,1177,nan,0,nan,0,nan,0,nan,0,nan,0,nan,0,nan,0,nan,0
1597988280240936960,1597988280742000128,2020-08-21 13:38:00.742000,3730.0,3750.0,3716.0,3728.0,nan,3730.0,452797,8444664050.0,1262573,3732.0,798,3730.0,1162,nan,0,nan,0,nan,0,nan,0,nan,0,nan,0,nan,0,nan,0
1597988280728889088,1597988281236999936,2020-08-21 13:38:01.237000,3730.0,3750.0,3716.0,3728.0,nan,3730.0,452802,8444757300.0,1262578,3732.0,810,3730.0,1159,nan,0,nan,0,nan,0,nan,0,nan,0,nan,0,nan,0,nan,0
1597988281222607104,1597988281742000128,2020-08-21 13:38:01.742000,3732.0,3750.0,3716.0,3728.0,nan,3730.0,452804,8444794600.0,1262578,3732.0,808,3730.0,1159,nan,0,nan,0,nan,0,nan,0,nan,0,nan,0,nan,0,nan,0
1597988282229957120,1597988282712999936,2020-08-21 13:38:02.713000,3732.0,3750.0,3716.0,3728.0,nan,3730.0,452805,8444813250.0,1262577,3732.0,807,3730.0,1161,nan,0,nan,0,nan,0,nan,0,nan,0,nan,0,nan,0,nan,0
1597988282731389952,1597988283233999872,2020-08-21 13:38:03.234000,3732.0,3750.0,3716.0,3728.0,nan,3730.0,452805,8444813250.0,1262577,3732.0,807,3730.0,1166,nan,0,nan,0,nan,0,nan,0,nan,0,nan,0,nan,0,nan,0
1597988283728429056,1597988284237999872,2020-08-21 13:38:04.238000,3732.0,3750.0,3716.0,3728.0,nan,3730.0,452805,8444813250.0,1262577,3732.0,817,3730.0,1166,nan,0,nan,0,nan,0,nan,0,nan,0,nan,0,nan,0,nan,0
1597988284229984000,1597988284706000128,2020-08-21 13:38:04.706000,3732.0,3750.0,3716.0,3728.0,nan,3730.0,452808,8444869200.0,1262577,3732.0,828,3730.0,1167,nan,0,nan,0,nan,0,nan,0,nan,0,nan,0,nan,0,nan,0
1597988284727229952,1597988285234999808,2020-08-21 13:38:05.235000,3732.0,3750.0,3716.0,3728.0,nan,3730.0,452809,8444887850.0,1262577,3732.0,829,3730.0,1167,nan,0,nan,0,nan,0,nan,0,nan,0,nan,0,nan,0,nan,0
1597988285225319936,1597988285714999808,2020-08-21 13:38:05.715000,3732.0,3750.0,3716.0,3728.0,nan,3730.0,452810,8444906500.0,1262577,3732.0,828,3730.0,1178,nan,0,nan,0,nan,0,nan,0,nan,0,nan,0,nan,0,nan,0
1597988285729351936,1597988286236999936,2020-08-21 13:38:06.237000,3730.0,3750.0,3716.0,3728.0,nan,3730.0,452811,8444925150.0,1262578,3732.0,828,3730.0,1178,nan,0,nan,0,nan,0,nan,0,nan,0,nan,0,nan,0,nan,0
1597988286219979008,1597988286732999936,2020-08-21 13:38:06.733000,3730.0,3750.0,3716.0,3728.0,nan,3730.0,452814,8444981100.0,1262579,3732.0,828,3730.0,1176,nan,0,nan,0,nan,0,nan,0,nan,0,nan,0,nan,0,nan,0
1597988287739546112,1597988288242000128,2020-08-21 13:38:08.242000,3732.0,3750.0,3716.0,3728.0,nan,3730.0,452815,8444999750.0,1262579,3732.0,831,3730.0,1180,nan,0,nan,0,nan,0,nan,0,nan,0,nan,0,nan,0,nan,0
1597988288233372928,1597988288730000128,2020-08-21 13:38:08.730000,3730.0,3750.0,3716.0,3728.0,nan,3730.0,452816,8445018400.0,1262579,3732.0,846,3730.0,1146,nan,0,nan,0,nan,0,nan,0,nan,0,nan,0,nan,0,nan,0
1597988288742875904,1597988289240999936,2020-08-21 13:38:09.241000,3730.0,3750.0,3716.0,3728.0,nan,3730.0,452817,8445037050.0,1262579,3732.0,846,3730.0,1188,nan,0,nan,0,nan,0,nan,0,nan,0,nan,0,nan,0,nan,0
1597988289237219072,1597988289729000192,2020-08-21 13:38:09.729000,3730.0,3750.0,3716.0,3728.0,nan,3730.0,452836,8445391400.0,1262598,3732.0,847,3730.0,1169,nan,0,nan,0,nan,0,nan,0,nan,0,nan,0,nan,0,nan,0
1597988289801167872,1597988290232999936,2020-08-21 13:38:10.233000,3732.0,3750.0,3716.0,3728.0,nan,3730.0,452837,8445410050.0,1262598,3732.0,847,3730.0,1169,nan,0,nan,0,nan,0,nan,0,nan,0,nan,0,nan,0,nan,0
1597988290240198912,1597988290716999936,2020-08-21 13:38:10.717000,3732.0,3750.0,3716.0,3728.0,nan,3730.0,452837,8445410050.0,1262598,3732.0,848,3730.0,1169,nan,0,nan,0,nan,0,nan,0,nan,0,nan,0,nan,0,nan,0
1597988290729911040,1597988291242000128,2020-08-21 13:38:11.242000,3732.0,3750.0,3716.0,3728.0,nan,3730.0,452837,8445410050.0,1262598,3732.0,851,3730.0,1169,nan,0,nan,0,nan,0,nan,0,nan,0,nan,0,nan,0,nan,0
1597988291229524992,1597988291740999936,2020-08-21 13:38:11.741000,3730.0,3750.0,3716.0,3728.0,nan,3730.0,452838,8445428700.0,1262598,3732.0,852,3730.0,1168,nan,0,nan,0,nan,0,nan,0,nan,0,nan,0,nan,0,nan,0
1597988291737133056,1597988292223000064,2020-08-21 13:38:12.223000,3732.0,3750.0,3716.0,3728.0,nan,3730.0,452856,8445764400.0,1262589,3732.0,836,3730.0,1168,nan,0,nan,0,nan,0,nan,0,nan,0,nan,0,nan,0,nan,0
1597988292242548992,1597988292713999872,2020-08-21 13:38:12.714000,3730.0,3750.0,3716.0,3728.0,nan,3730.0,452858,8445801700.0,1262591,3732.0,836,3730.0,1166,nan,0,nan,0,nan,0,nan,0,nan,0,nan,0,nan,0,nan,0
1597988292730651904,1597988293236999936,2020-08-21 13:38:13.237000,3730.0,3750.0,3716.0,3728.0,nan,3730.0,452864,8445913600.0,1262592,3732.0,836,3730.0,1160,nan,0,nan,0,nan,0,nan,0,nan,0,nan,0,nan,0,nan,0
1597988293236160000,1597988293727000064,2020-08-21 13:38:13.727000,3730.0,3750.0,3716.0,3728.0,nan,3730.0,452866,8445950900.0,1262591,3732.0,842,3730.0,1159,nan,0,nan,0,nan,0,nan,0,nan,0,nan,0,nan,0,nan,0
1597988293734583040,1597988294223000064,2020-08-21 13:38:14.223000,3730.0,3750.0,3716.0,3728.0,nan,3730.0,452866,8445950900.0,1262591,3732.0,843,3730.0,1158,nan,0,nan,0,nan,0,nan,0,nan,0,nan,0,nan,0,nan,0
1597988294735971072,1597988295240000000,2020-08-21 13:38:15.240000,3730.0,3750.0,3716.0,3728.0,nan,3730.0,452866,8445950900.0,1262591,3732.0,853,3730.0,1158,nan,0,nan,0,nan,0,nan,0,nan,0,nan,0,nan,0,nan,0
1597988295240807936,1597988295724999936,2020-08-21 13:38:15.725000,3732.0,3750.0,3716.0,3728.0,nan,3730.0,452878,8446174700.0,1262590,3732.0,851,3730.0,1152,nan,0,nan,0,nan,0,nan,0,nan,0,nan,0,nan,0,nan,0
1597988295740715008,1597988296236999936,2020-08-21 13:38:16.237000,3732.0,3750.0,3716.0,3728.0,nan,3730.0,452879,8446193350.0,1262590,3732.0,850,3730.0,1152,nan,0,nan,0,nan,0,nan,0,nan,0,nan,0,nan,0,nan,0
1597988296235479040,1597988296737999872,2020-08-21 13:38:16.738000,3730.0,3750.0,3716.0,3728.0,nan,3730.0,452883,8446267950.0,1262586,3732.0,850,3730.0,1248,nan,0,nan,0,nan,0,nan,0,nan,0,nan,0,nan,0,nan,0
1597988296747572992,1597988297220000000,2020-08-21 13:38:17.220000,3732.0,3750.0,3716.0,3728.0,nan,3730.0,452884,8446286600.0,1262586,3732.0,851,3730.0,1250,nan,0,nan,0,nan,0,nan,0,nan,0,nan,0,nan,0,nan,0
1597988297245656064,1597988297716000000,2020-08-21 13:38:17.716000,3732.0,3750.0,3716.0,3728.0,nan,3730.0,452885,8446305250.0,1262586,3732.0,862,3730.0,1255,nan,0,nan,0,nan,0,nan,0,nan,0,nan,0,nan,0,nan,0
1597988297741410048,1597988298234999808,2020-08-21 13:38:18.235000,3732.0,3750.0,3716.0,3728.0,nan,3730.0,452885,8446305250.0,1262586,3732.0,874,3730.0,1256,nan,0,nan,0,nan,0,nan,0,nan,0,nan,0,nan,0,nan,0
1597988298240037120,1597988298739000064,2020-08-21 13:38:18.739000,3732.0,3750.0,3716.0,3728.0,nan,3730.0,452885,8446305250.0,1262586,3732.0,875,3730.0,1257,nan,0,nan,0,nan,0,nan,0,nan,0,nan,0,nan,0,nan,0
1597988298729748992,1597988299232999936,2020-08-21 13:38:19.233000,3730.0,3750.0,3716.0,3728.0,nan,3730.0,454142,8469748300.0,1262891,3730.0,150,3728.0,1328,nan,0,nan,0,nan,0,nan,0,nan,0,nan,0,nan,0,nan,0
1597988299243741952,1597988299731000064,2020-08-21 13:38:19.731000,3730.0,3750.0,3716.0,3728.0,nan,3730.0,454142,8469748300.0,1262891,3730.0,283,3728.0,1239,nan,0,nan,0,nan,0,nan,0,nan,0,nan,0,nan,0,nan,0
1597988299756023040,1597988300231000064,2020-08-21 13:38:20.231000,3730.0,3750.0,3716.0,3728.0,nan,3730.0,454142,8469748300.0,1262891,3730.0,298,3728.0,1229,nan,0,nan,0,nan,0,nan,0,nan,0,nan,0,nan,0,nan,0
1597988300241797888,1597988300739000064,2020-08-21 13:38:20.739000,3730.0,3750.0,3716.0,3728.0,nan,3730.0,454143,8469766950.0,1262891,3730.0,300,3728.0,1240,nan,0,nan,0,nan,0,nan,0,nan,0,nan,0,nan,0,nan,0
1597988300770149888,1597988301226000128,2020-08-21 13:38:21.226000,3730.0,3750.0,3716.0,3728.0,nan,3730.0,454143,8469766950.0,1262891,3730.0,433,3728.0,1209,nan,0,nan,0,nan,0,nan,0,nan,0,nan,0,nan,0,nan,0
1597988301544371968,1597988301740999936,2020-08-21 13:38:21.741000,3730.0,3750.0,3716.0,3728.0,nan,3730.0,454145,8469804250.0,1262891,3730.0,432,3728.0,1209,nan,0,nan,0,nan,0,nan,0,nan,0,nan,0,nan,0,nan,0
1597988303856192000,1597988304239000064,2020-08-21 13:38:24.239000,3730.0,3750.0,3716.0,3728.0,nan,3730.0,454147,8469841550.0,1262891,3730.0,481,3728.0,1209,nan,0,nan,0,nan,0,nan,0,nan,0,nan,0,nan,0,nan,0
1597988304260858880,1597988304743000064,2020-08-21 13:38:24.743000,3730.0,3750.0,3716.0,3728.0,nan,3730.0,454147,8469841550.0,1262891,3730.0,481,3728.0,1199,nan,0,nan,0,nan,0,nan,0,nan,0,nan,0,nan,0,nan,0
1597988304740227072,1597988305243000064,2020-08-21 13:38:25.243000,3728.0,3750.0,3716.0,3728.0,nan,3730.0,454150,8469897500.0,1262894,3730.0,482,3728.0,1201,nan,0,nan,0,nan,0,nan,0,nan,0,nan,0,nan,0,nan,0
1597988305232846080,1597988305742000128,2020-08-21 13:38:25.742000,3730.0,3750.0,3716.0,3728.0,nan,3730.0,454251,8471781150.0,1262844,3730.0,381,3728.0,1211,nan,0,nan,0,nan,0,nan,0,nan,0,nan,0,nan,0,nan,0
1597988306234848000,1597988306742000128,2020-08-21 13:38:26.742000,3728.0,3750.0,3716.0,3728.0,nan,3730.0,454260,8471949000.0,1262838,3730.0,381,3728.0,1202,nan,0,nan,0,nan,0,nan,0,nan,0,nan,0,nan,0,nan,0
1597988306734190080,1597988307209000192,2020-08-21 13:38:27.209000,3728.0,3750.0,3716.0,3728.0,nan,3730.0,454260,8471949000.0,1262838,3730.0,383,3728.0,1204,nan,0,nan,0,nan,0,nan,0,nan,0,nan,0,nan,0,nan,0
1597988307240860928,1597988307742000128,2020-08-21 13:38:27.742000,3728.0,3750.0,3716.0,3728.0,nan,3730.0,454261,8471967650.0,1262838,3730.0,384,3728.0,1203,nan,0,nan,0,nan,0,nan,0,nan,0,nan,0,nan,0,nan,0
1597988307738237952,1597988308243000064,2020-08-21 13:38:28.243000,3728.0,3750.0,3716.0,3728.0,nan,3730.0,454262,8471986300.0,1262837,3730.0,384,3728.0,1202,nan,0,nan,0,nan,0,nan,0,nan,0,nan,0,nan,0,nan,0
1597988308243523072,1597988308734999808,2020-08-21 13:38:28.735000,3730.0,3750.0,3716.0,3728.0,nan,3730.0,454264,8472023600.0,1262837,3730.0,382,3728.0,1204,nan,0,nan,0,nan,0,nan,0,nan,0,nan,0,nan,0,nan,0
1597988308770838016,1597988309229000192,2020-08-21 13:38:29.229000,3730.0,3750.0,3716.0,3728.0,nan,3730.0,454265,8472042250.0,1262837,3730.0,382,3728.0,1223,nan,0,nan,0,nan,0,nan,0,nan,0,nan,0,nan,0,nan,0
1597988309248154880,1597988309736000000,2020-08-21 13:38:29.736000,3728.0,3750.0,3716.0,3728.0,nan,3730.0,454315,8472974750.0,1262791,3730.0,383,3728.0,1134,nan,0,nan,0,nan,0,nan,0,nan,0,nan,0,nan,0,nan,0
1597988309986817024,1597988310227000064,2020-08-21 13:38:30.227000,3730.0,3750.0,3716.0,3728.0,nan,3730.0,454319,8473049350.0,1262787,3730.0,380,3728.0,1164,nan,0,nan,0,nan,0,nan,0,nan,0,nan,0,nan,0,nan,0
1597988310256310016,1597988310736999936,2020-08-21 13:38:30.737000,3730.0,3750.0,3716.0,3728.0,nan,3730.0,454319,8473049350.0,1262787,3730.0,381,3728.0,1214,nan,0,nan,0,nan,0,nan,0,nan,0,nan,0,nan,0,nan,0
1597988310751096064,1597988311240999936,2020-08-21 13:38:31.241000,3730.0,3750.0,3716.0,3728.0,nan,3730.0,454319,8473049350.0,1262787,3730.0,381,3728.0,1225,nan,0,nan,0,nan,0,nan,0,nan,0,nan,0,nan,0,nan,0
1597988311741624064,1597988312230000128,2020-08-21 13:38:32.230000,3728.0,3750.0,3716.0,3728.0,nan,3730.0,454346,8473552900.0,1262787,3730.0,294,3728.0,1210,nan,0,nan,0,nan,0,nan,0,nan,0,nan,0,nan,0,nan,0
1597988312239522048,1597988312696000000,2020-08-21 13:38:32.696000,3730.0,3750.0,3716.0,3728.0,nan,3730.0,454351,8473646150.0,1262787,3730.0,294,3728.0,1211,nan,0,nan,0,nan,0,nan,0,nan,0,nan,0,nan,0,nan,0
1597988312760102912,1597988313239000064,2020-08-21 13:38:33.239000,3730.0,3750.0,3716.0,3728.0,nan,3730.0,454352,8473664800.0,1262787,3730.0,293,3728.0,1211,nan,0,nan,0,nan,0,nan,0,nan,0,nan,0,nan,0,nan,0
1597988313248088064,1597988313744000000,2020-08-21 13:38:33.744000,3730.0,3750.0,3716.0,3728.0,nan,3730.0,454352,8473664800.0,1262787,3730.0,295,3728.0,1201,nan,0,nan,0,nan,0,nan,0,nan,0,nan,0,nan,0,nan,0
1597988313740007936,1597988314244000000,2020-08-21 13:38:34.244000,3728.0,3750.0,3716.0,3728.0,nan,3730.0,454359,8473795350.0,1262787,3730.0,295,3728.0,1184,nan,0,nan,0,nan,0,nan,0,nan,0,nan,0,nan,0,nan,0
1597988314243081984,1597988314734999808,2020-08-21 13:38:34.735000,3730.0,3750.0,3716.0,3728.0,nan,3730.0,454362,8473851300.0,1262787,3730.0,294,3728.0,1186,nan,0,nan,0,nan,0,nan,0,nan,0,nan,0,nan,0,nan,0
1597988314741550080,1597988315232999936,2020-08-21 13:38:35.233000,3730.0,3750.0,3716.0,3728.0,nan,3730.0,454362,8473851300.0,1262787,3730.0,292,3728.0,1192,nan,0,nan,0,nan,0,nan,0,nan,0,nan,0,nan,0,nan,0
1597988315247185920,1597988315729000192,2020-08-21 13:38:35.729000,3728.0,3750.0,3716.0,3728.0,nan,3730.0,454364,8473888600.0,1262787,3730.0,297,3728.0,1160,nan,0,nan,0,nan,0,nan,0,nan,0,nan,0,nan,0,nan,0
1597988315764556032,1597988316223000064,2020-08-21 13:38:36.223000,3728.0,3750.0,3716.0,3728.0,nan,3730.0,454378,8474149700.0,1262773,3730.0,304,3728.0,1177,nan,0,nan,0,nan,0,nan,0,nan,0,nan,0,nan,0,nan,0
1597988316243087104,1597988316742000128,2020-08-21 13:38:36.742000,3728.0,3750.0,3716.0,3728.0,nan,3730.0,454384,8474261600.0,1262773,3730.0,304,3728.0,1141,nan,0,nan,0,nan,0,nan,0,nan,0,nan,0,nan,0,nan,0
1597988316748474112,1597988317240999936,2020-08-21 13:38:37.241000,3728.0,3750.0,3716.0,3728.0,nan,3730.0,454384,8474261600.0,1262773,3730.0,305,3728.0,1141,nan,0,nan,0,nan,0,nan,0,nan,0,nan,0,nan,0,nan,0
1597988317253860096,1597988317716000000,2020-08-21 13:38:37.716000,3728.0,3750.0,3716.0,3728.0,nan,3730.0,454387,8474317550.0,1262773,3730.0,310,3728.0,1168,nan,0,nan,0,nan,0,nan,0,nan,0,nan,0,nan,0,nan,0
1597988317747246080,1597988318232000000,2020-08-21 13:38:38.232000,3730.0,3750.0,3716.0,3728.0,nan,3730.0,454437,8475250050.0,1262773,3730.0,291,3728.0,1168,nan,0,nan,0,nan,0,nan,0,nan,0,nan,0,nan,0,nan,0
1597988318245554944,1597988318716000000,2020-08-21 13:38:38.716000,3730.0,3750.0,3716.0,3728.0,nan,3730.0,454437,8475250050.0,1262773,3730.0,375,3728.0,1168,nan,0,nan,0,nan,0,nan,0,nan,0,nan,0,nan,0,nan,0
1597988318755508992,1597988319234999808,2020-08-21 13:38:39.235000,3730.0,3750.0,3716.0,3728.0,nan,3730.0,454437,8475250050.0,1262773,3730.0,376,3728.0,1168,nan,0,nan,0,nan,0,nan,0,nan,0,nan,0,nan,0,nan,0
1597988319248091904,1597988319726000128,2020-08-21 13:38:39.726000,3728.0,3750.0,3716.0,3728.0,nan,3730.0,454444,8475380600.0,1262773,3730.0,376,3728.0,1112,nan,0,nan,0,nan,0,nan,0,nan,0,nan,0,nan,0,nan,0
1597988319751846912,1597988320240999936,2020-08-21 13:38:40.241000,3728.0,3750.0,3716.0,3728.0,nan,3730.0,454444,8475380600.0,1262773,3730.0,376,3728.0,1121,nan,0,nan,0,nan,0,nan,0,nan,0,nan,0,nan,0,nan,0
1597988320246381056,1597988320740999936,2020-08-21 13:38:40.741000,3728.0,3750.0,3716.0,3728.0,nan,3730.0,454444,8475380600.0,1262773,3730.0,377,3728.0,1150,nan,0,nan,0,nan,0,nan,0,nan,0,nan,0,nan,0,nan,0
1597988320754903040,1597988321233999872,2020-08-21 13:38:41.234000,3728.0,3750.0,3716.0,3728.0,nan,3730.0,454444,8475380600.0,1262773,3730.0,377,3728.0,1160,nan,0,nan,0,nan,0,nan,0,nan,0,nan,0,nan,0,nan,0
1597988321764556032,1597988322233999872,2020-08-21 13:38:42.234000,3728.0,3750.0,3716.0,3728.0,nan,3730.0,454444,8475380600.0,1262773,3730.0,398,3728.0,1165,nan,0,nan,0,nan,0,nan,0,nan,0,nan,0,nan,0,nan,0
1597988322249648896,1597988322726000128,2020-08-21 13:38:42.726000,3728.0,3750.0,3716.0,3728.0,nan,3730.0,454455,8475585750.0,1262762,3730.0,399,3728.0,1144,nan,0,nan,0,nan,0,nan,0,nan,0,nan,0,nan,0,nan,0
1597988322747949056,1597988323213999872,2020-08-21 13:38:43.214000,3728.0,3750.0,3716.0,3728.0,nan,3730.0,454455,8475585750.0,1262762,3730.0,411,3728.0,1116,nan,0,nan,0,nan,0,nan,0,nan,0,nan,0,nan,0,nan,0
1597988323240066048,1597988323732999936,2020-08-21 13:38:43.733000,3728.0,3750.0,3716.0,3728.0,nan,3730.0,454455,8475585750.0,1262762,3730.0,452,3728.0,1116,nan,0,nan,0,nan,0,nan,0,nan,0,nan,0,nan,0,nan,0
1597988323740220928,1597988324236999936,2020-08-21 13:38:44.237000,3728.0,3750.0,3716.0,3728.0,nan,3730.0,454455,8475585750.0,1262762,3730.0,477,3728.0,1125,nan,0,nan,0,nan,0,nan,0,nan,0,nan,0,nan,0,nan,0
1597988324254312960,1597988324729000192,2020-08-21 13:38:44.729000,3728.0,3750.0,3716.0,3728.0,nan,3730.0,454455,8475585750.0,1262762,3730.0,501,3728.0,1125,nan,0,nan,0,nan,0,nan,0,nan,0,nan,0,nan,0,nan,0
1597988324794185984,1597988325237999872,2020-08-21 13:38:45.238000,3730.0,3750.0,3716.0,3728.0,nan,3730.0,454456,8475604400.0,1262761,3730.0,501,3728.0,1125,nan,0,nan,0,nan,0,nan,0,nan,0,nan,0,nan,0,nan,0
1597988325847611904,1597988326224000000,2020-08-21 13:38:46.224000,3730.0,3750.0,3716.0,3728.0,nan,3730.0,454458,8475641700.0,1262761,3730.0,500,3728.0,1125,nan,0,nan,0,nan,0,nan,0,nan,0,nan,0,nan,0,nan,0
1597988326359030016,1597988326737999872,2020-08-21 13:38:46.738000,3730.0,3750.0,3716.0,3728.0,nan,3730.0,454458,8475641700.0,1262761,3730.0,419,3728.0,1125,nan,0,nan,0,nan,0,nan,0,nan,0,nan,0,nan,0,nan,0
1597988326852315904,1597988327224999936,2020-08-21 13:38:47.225000,3728.0,3750.0,3716.0,3728.0,nan,3730.0,454459,8475660350.0,1262761,3730.0,420,3728.0,1124,nan,0,nan,0,nan,0,nan,0,nan,0,nan,0,nan,0,nan,0
1597988327300800000,1597988327712000000,2020-08-21 13:38:47.712000,3728.0,3750.0,3716.0,3728.0,nan,3730.0,454459,8475660350.0,1262761,3730.0,422,3728.0,1124,nan,0,nan,0,nan,0,nan,0,nan,0,nan,0,nan,0,nan,0
1597988327763580928,1597988328180000000,2020-08-21 13:38:48.180000,3730.0,3750.0,3716.0,3728.0,nan,3730.0,454460,8475679000.0,1262762,3730.0,472,3728.0,1124,nan,0,nan,0,nan,0,nan,0,nan,0,nan,0,nan,0,nan,0
1597988328325421056,1597988328732000000,2020-08-21 13:38:48.732000,3730.0,3750.0,3716.0,3728.0,nan,3730.0,454460,8475679000.0,1262762,3730.0,480,3728.0,1124,nan,0,nan,0,nan,0,nan,0,nan,0,nan,0,nan,0,nan,0
1597988328825254912,1597988329211000064,2020-08-21 13:38:49.211000,3730.0,3750.0,3716.0,3728.0,nan,3730.0,454461,8475697650.0,1262763,3730.0,481,3728.0,1124,nan,0,nan,0,nan,0,nan,0,nan,0,nan,0,nan,0,nan,0
1597988329300236032,1597988329716999936,2020-08-21 13:38:49.717000,3730.0,3750.0,3716.0,3728.0,nan,3730.0,454461,8475697650.0,1262763,3730.0,480,3728.0,1125,nan,0,nan,0,nan,0,nan,0,nan,0,nan,0,nan,0,nan,0
1597988329753117952,1597988330108999936,2020-08-21 13:38:50.109000,3730.0,3750.0,3716.0,3728.0,nan,3730.0,454462,8475716300.0,1262764,3730.0,479,3728.0,1125,nan,0,nan,0,nan,0,nan,0,nan,0,nan,0,nan,0,nan,0
1597988330283277056,1597988330712000000,2020-08-21 13:38:50.712000,3730.0,3750.0,3716.0,3728.0,nan,3730.0,454478,8476014700.0,1262777,3730.0,465,3728.0,1126,nan,0,nan,0,nan,0,nan,0,nan,0,nan,0,nan,0,nan,0
1597988330806749952,1597988331240000000,2020-08-21 13:38:51.240000,3730.0,3750.0,3716.0,3728.0,nan,3730.0,454478,8476014700.0,1262777,3730.0,476,3728.0,1126,nan,0,nan,0,nan,0,nan,0,nan,0,nan,0,nan,0,nan,0
1597988331754370048,1597988332230000128,2020-08-21 13:38:52.230000,3730.0,3750.0,3716.0,3728.0,nan,3730.0,454478,8476014700.0,1262777,3730.0,476,3728.0,1127,nan,0,nan,0,nan,0,nan,0,nan,0,nan,0,nan,0,nan,0
1597988332287791104,1597988332740999936,2020-08-21 13:38:52.741000,3730.0,3750.0,3716.0,3728.0,nan,3730.0,454478,8476014700.0,1262777,3730.0,478,3728.0,1128,nan,0,nan,0,nan,0,nan,0,nan,0,nan,0,nan,0,nan,0
1597988332748673024,1597988333239000064,2020-08-21 13:38:53.239000,3730.0,3750.0,3716.0,3728.0,nan,3730.0,454478,8476014700.0,1262777,3730.0,479,3728.0,1128,nan,0,nan,0,nan,0,nan,0,nan,0,nan,0,nan,0,nan,0
1597988333268784896,1597988333742000128,2020-08-21 13:38:53.742000,3730.0,3750.0,3716.0,3728.0,nan,3730.0,454478,8476014700.0,1262777,3730.0,483,3728.0,1128,nan,0,nan,0,nan,0,nan,0,nan,0,nan,0,nan,0,nan,0
1597988333821954048,1597988334240999936,2020-08-21 13:38:54.241000,3730.0,3750.0,3716.0,3728.0,nan,3730.0,454479,8476033350.0,1262777,3730.0,482,3728.0,1128,nan,0,nan,0,nan,0,nan,0,nan,0,nan,0,nan,0,nan,0
1597988334270663936,1597988334691000064,2020-08-21 13:38:54.691000,3730.0,3750.0,3716.0,3728.0,nan,3730.0,454479,8476033350.0,1262777,3730.0,483,3728.0,1129,nan,0,nan,0,nan,0,nan,0,nan,0,nan,0,nan,0,nan,0
1597988334812744960,1597988335183000064,2020-08-21 13:38:55.183000,3730.0,3750.0,3716.0,3728.0,nan,3730.0,454480,8476052000.0,1262778,3730.0,482,3728.0,1129,nan,0,nan,0,nan,0,nan,0,nan,0,nan,0,nan,0,nan,0
1597988335256510976,1597988335736999936,2020-08-21 13:38:55.737000,3730.0,3750.0,3716.0,3728.0,nan,3730.0,454480,8476052000.0,1262778,3730.0,483,3728.0,1179,nan,0,nan,0,nan,0,nan,0,nan,0,nan,0,nan,0,nan,0
1597988336265968896,1597988336742000128,2020-08-21 13:38:56.742000,3730.0,3750.0,3716.0,3728.0,nan,3730.0,454480,8476052000.0,1262778,3730.0,545,3728.0,1178,nan,0,nan,0,nan,0,nan,0,nan,0,nan,0,nan,0,nan,0
1597988336770100992,1597988337237999872,2020-08-21 13:38:57.238000,3730.0,3750.0,3716.0,3728.0,nan,3730.0,454480,8476052000.0,1262778,3730.0,545,3728.0,1177,nan,0,nan,0,nan,0,nan,0,nan,0,nan,0,nan,0,nan,0
1597988337300442112,1597988337703000064,2020-08-21 13:38:57.703000,3728.0,3750.0,3716.0,3728.0,nan,3730.0,454482,8476089300.0,1262777,3730.0,546,3728.0,1175,nan,0,nan,0,nan,0,nan,0,nan,0,nan,0,nan,0,nan,0
1597988337950650880,1597988338239000064,2020-08-21 13:38:58.239000,3728.0,3750.0,3716.0,3728.0,nan,3730.0,454482,8476089300.0,1262777,3730.0,547,3728.0,1175,nan,0,nan,0,nan,0,nan,0,nan,0,nan,0,nan,0,nan,0
1597988338769266944,1597988339243000064,2020-08-21 13:38:59.243000,3728.0,3750.0,3716.0,3728.0,nan,3730.0,454489,8476219850.0,1262770,3730.0,547,3728.0,1168,nan,0,nan,0,nan,0,nan,0,nan,0,nan,0,nan,0,nan,0
1597988339368675072,1597988339732000000,2020-08-21 13:38:59.732000,3730.0,3750.0,3716.0,3728.0,nan,3730.0,454491,8476257150.0,1262772,3730.0,545,3728.0,1169,nan,0,nan,0,nan,0,nan,0,nan,0,nan,0,nan,0,nan,0
1597988339764206080,1597988340240999936,2020-08-21 13:39:00.241000,3730.0,3750.0,3716.0,3728.0,nan,3730.0,454591,8478122150.0,1262781,3730.0,445,3728.0,1169,nan,0,nan,0,nan,0,nan,0,nan,0,nan,0,nan,0,nan,0
1597988340259044096,1597988340736999936,2020-08-21 13:39:00.737000,3728.0,3750.0,3716.0,3728.0,nan,3730.0,454594,8478178100.0,1262781,3730.0,467,3728.0,1167,nan,0,nan,0,nan,0,nan,0,nan,0,nan,0,nan,0,nan,0
1597988340831042048,1597988341237999872,2020-08-21 13:39:01.238000,3728.0,3750.0,3716.0,3728.0,nan,3730.0,454597,8478234050.0,1262781,3730.0,520,3728.0,1164,nan,0,nan,0,nan,0,nan,0,nan,0,nan,0,nan,0,nan,0
1597988341269808128,1597988341742000128,2020-08-21 13:39:01.742000,3728.0,3750.0,3716.0,3728.0,nan,3730.0,454597,8478234050.0,1262781,3730.0,530,3728.0,1143,nan,0,nan,0,nan,0,nan,0,nan,0,nan,0,nan,0,nan,0
1597988341788105984,1597988342244000000,2020-08-21 13:39:02.244000,3728.0,3750.0,3716.0,3728.0,nan,3730.0,454597,8478234050.0,1262781,3730.0,540,3728.0,1144,nan,0,nan,0,nan,0,nan,0,nan,0,nan,0,nan,0,nan,0
1597988342766121984,1597988343236999936,2020-08-21 13:39:03.237000,3728.0,3750.0,3716.0,3728.0,nan,3730.0,454597,8478234050.0,1262781,3730.0,540,3728.0,1145,nan,0,nan,0,nan,0,nan,0,nan,0,nan,0,nan,0,nan,0
1597988343250252032,1597988343740000000,2020-08-21 13:39:03.740000,3728.0,3750.0,3716.0,3728.0,nan,3730.0,454597,8478234050.0,1262781,3730.0,540,3728.0,1147,nan,0,nan,0,nan,0,nan,0,nan,0,nan,0,nan,0,nan,0
1597988344254871040,1597988344743000064,2020-08-21 13:39:04.743000,3728.0,3750.0,3716.0,3728.0,nan,3730.0,454597,8478234050.0,1262781,3730.0,541,3728.0,1147,nan,0,nan,0,nan,0,nan,0,nan,0,nan,0,nan,0,nan,0
1597988344763720960,1597988345236999936,2020-08-21 13:39:05.237000,3728.0,3750.0,3716.0,3728.0,nan,3730.0,454597,8478234050.0,1262781,3730.0,541,3728.0,1148,nan,0,nan,0,nan,0,nan,0,nan,0,nan,0,nan,0,nan,0
1597988345788655104,1597988346233999872,2020-08-21 13:39:06.234000,3730.0,3750.0,3716.0,3728.0,nan,3730.0,454598,8478252700.0,1262781,3730.0,540,3728.0,1148,nan,0,nan,0,nan,0,nan,0,nan,0,nan,0,nan,0,nan,0
1597988346432882944,1597988346743000064,2020-08-21 13:39:06.743000,3730.0,3750.0,3716.0,3728.0,nan,3730.0,454599,8478271350.0,1262781,3730.0,540,3728.0,1148,nan,0,nan,0,nan,0,nan,0,nan,0,nan,0,nan,0,nan,0
1597988346867574016,1597988347239000064,2020-08-21 13:39:07.239000,3730.0,3750.0,3716.0,3728.0,nan,3730.0,454599,8478271350.0,1262781,3730.0,542,3728.0,1147,nan,0,nan,0,nan,0,nan,0,nan,0,nan,0,nan,0,nan,0
1597988347477160960,1597988347711000064,2020-08-21 13:39:07.711000,3730.0,3750.0,3716.0,3728.0,nan,3730.0,454602,8478327300.0,1262781,3730.0,539,3728.0,1148,nan,0,nan,0,nan,0,nan,0,nan,0,nan,0,nan,0,nan,0
1597988348263368960,1597988348707000064,2020-08-21 13:39:08.707000,3728.0,3750.0,3716.0,3728.0,nan,3730.0,454611,8478495150.0,1262773,3730.0,554,3728.0,1104,nan,0,nan,0,nan,0,nan,0,nan,0,nan,0,nan,0,nan,0
1597988348757199104,1597988349219000064,2020-08-21 13:39:09.219000,3728.0,3750.0,3716.0,3728.0,nan,3730.0,454611,8478495150.0,1262773,3730.0,584,3728.0,1094,nan,0,nan,0,nan,0,nan,0,nan,0,nan,0,nan,0,nan,0
1597988349275665920,1597988349740000000,2020-08-21 13:39:09.740000,3730.0,3750.0,3716.0,3728.0,nan,3730.0,454613,8478532450.0,1262772,3730.0,583,3728.0,1094,nan,0,nan,0,nan,0,nan,0,nan,0,nan,0,nan,0,nan,0
1597988350890958080,1597988351211000064,2020-08-21 13:39:11.211000,3730.0,3750.0,3716.0,3728.0,nan,3730.0,454613,8478532450.0,1262772,3730.0,585,3728.0,1095,nan,0,nan,0,nan,0,nan,0,nan,0,nan,0,nan,0,nan,0
1597988351270288896,1597988351736999936,2020-08-21 13:39:11.737000,3730.0,3750.0,3716.0,3728.0,nan,3730.0,454613,8478532450.0,1262772,3730.0,586,3728.0,1106,nan,0,nan,0,nan,0,nan,0,nan,0,nan,0,nan,0,nan,0
1597988351787074048,1597988352243000064,2020-08-21 13:39:12.243000,3730.0,3750.0,3716.0,3728.0,nan,3730.0,454613,8478532450.0,1262772,3730.0,587,3728.0,1107,nan,0,nan,0,nan,0,nan,0,nan,0,nan,0,nan,0,nan,0
1597988352436143104,1597988352734999808,2020-08-21 13:39:12.735000,3728.0,3750.0,3716.0,3728.0,nan,3730.0,454614,8478551100.0,1262772,3730.0,587,3728.0,1107,nan,0,nan,0,nan,0,nan,0,nan,0,nan,0,nan,0,nan,0
1597988352867059968,1597988353220999936,2020-08-21 13:39:13.221000,3728.0,3750.0,3716.0,3728.0,nan,3730.0,454614,8478551100.0,1262772,3730.0,588,3728.0,1107,nan,0,nan,0,nan,0,nan,0,nan,0,nan,0,nan,0,nan,0
1597988353277519104,1597988353730000128,2020-08-21 13:39:13.730000,3728.0,3750.0,3716.0,3728.0,nan,3730.0,454617,8478607050.0,1262774,3730.0,580,3728.0,1203,nan,0,nan,0,nan,0,nan,0,nan,0,nan,0,nan,0,nan,0
1597988353774119936,1597988354242000128,2020-08-21 13:39:14.242000,3728.0,3750.0,3716.0,3728.0,nan,3730.0,454617,8478607050.0,1262774,3730.0,575,3728.0,1205,nan,0,nan,0,nan,0,nan,0,nan,0,nan,0,nan,0,nan,0
1597988354259836928,1597988354724999936,2020-08-21 13:39:14.725000,3730.0,3750.0,3716.0,3728.0,nan,3730.0,454620,8478663000.0,1262774,3730.0,572,3728.0,1205,nan,0,nan,0,nan,0,nan,0,nan,0,nan,0,nan,0,nan,0
1597988354754003968,1597988355237999872,2020-08-21 13:39:15.238000,3730.0,3750.0,3716.0,3728.0,nan,3730.0,454620,8478663000.0,1262774,3730.0,573,3728.0,1207,nan,0,nan,0,nan,0,nan,0,nan,0,nan,0,nan,0,nan,0
1597988355754091008,1597988356224999936,2020-08-21 13:39:16.225000,3730.0,3750.0,3716.0,3728.0,nan,3730.0,454620,8478663000.0,1262774,3730.0,573,3728.0,1201,nan,0,nan,0,nan,0,nan,0,nan,0,nan,0,nan,0,nan,0
1597988356256065024,1597988356732999936,2020-08-21 13:39:16.733000,3730.0,3750.0,3716.0,3728.0,nan,3730.0,454633,8478905450.0,1262774,3730.0,560,3728.0,1201,nan,0,nan,0,nan,0,nan,0,nan,0,nan,0,nan,0,nan,0
1597988356756041984,1597988357214999808,2020-08-21 13:39:17.215000,3730.0,3750.0,3716.0,3728.0,nan,3730.0,454633,8478905450.0,1262774,3730.0,561,3728.0,1202,nan,0,nan,0,nan,0,nan,0,nan,0,nan,0,nan,0,nan,0
1597988357257575936,1597988357663000064,2020-08-21 13:39:17.663000,3730.0,3750.0,3716.0,3728.0,nan,3730.0,454633,8478905450.0,1262774,3730.0,560,3728.0,1202,nan,0,nan,0,nan,0,nan,0,nan,0,nan,0,nan,0,nan,0
1597988357759773952,1597988358234999808,2020-08-21 13:39:18.235000,3730.0,3750.0,3716.0,3728.0,nan,3730.0,454633,8478905450.0,1262774,3730.0,558,3728.0,1202,nan,0,nan,0,nan,0,nan,0,nan,0,nan,0,nan,0,nan,0
1597988358260545024,1597988358742000128,2020-08-21 13:39:18.742000,3728.0,3750.0,3716.0,3728.0,nan,3730.0,454635,8478942750.0,1262775,3730.0,628,3728.0,1200,nan,0,nan,0,nan,0,nan,0,nan,0,nan,0,nan,0,nan,0
1597988358754885120,1597988359244000000,2020-08-21 13:39:19.244000,3728.0,3750.0,3716.0,3728.0,nan,3730.0,454635,8478942750.0,1262775,3730.0,630,3728.0,1201,nan,0,nan,0,nan,0,nan,0,nan,0,nan,0,nan,0,nan,0
1597988359267876096,1597988359740000000,2020-08-21 13:39:19.740000,3728.0,3750.0,3716.0,3728.0,nan,3730.0,454635,8478942750.0,1262775,3730.0,640,3728.0,1201,nan,0,nan,0,nan,0,nan,0,nan,0,nan,0,nan,0,nan,0
1597988359756203008,1597988360240000000,2020-08-21 13:39:20.240000,3728.0,3750.0,3716.0,3728.0,nan,3730.0,454635,8478942750.0,1262775,3730.0,650,3728.0,1201,nan,0,nan,0,nan,0,nan,0,nan,0,nan,0,nan,0,nan,0
1597988360259479040,1597988360740999936,2020-08-21 13:39:20.741000,3728.0,3750.0,3716.0,3728.0,nan,3730.0,454635,8478942750.0,1262775,3730.0,670,3728.0,1204,nan,0,nan,0,nan,0,nan,0,nan,0,nan,0,nan,0,nan,0
1597988361761656064,1597988362233999872,2020-08-21 13:39:22.234000,3728.0,3750.0,3716.0,3728.0,nan,3730.0,454635,8478942750.0,1262775,3730.0,671,3728.0,1204,nan,0,nan,0,nan,0,nan,0,nan,0,nan,0,nan,0,nan,0
1597988362265466880,1597988362736000000,2020-08-21 13:39:22.736000,3728.0,3750.0,3716.0,3728.0,nan,3730.0,454635,8478942750.0,1262775,3730.0,671,3728.0,1209,nan,0,nan,0,nan,0,nan,0,nan,0,nan,0,nan,0,nan,0
1597988363764109056,1597988364230000128,2020-08-21 13:39:24.230000,3728.0,3750.0,3716.0,3728.0,nan,3730.0,454636,8478961400.0,1262775,3730.0,671,3728.0,1212,nan,0,nan,0,nan,0,nan,0,nan,0,nan,0,nan,0,nan,0
1597988364265734912,1597988364740000000,2020-08-21 13:39:24.740000,3730.0,3750.0,3716.0,3728.0,nan,3730.0,454642,8479073300.0,1262769,3730.0,665,3728.0,1215,nan,0,nan,0,nan,0,nan,0,nan,0,nan,0,nan,0,nan,0
1597988364766123008,1597988365242000128,2020-08-21 13:39:25.242000,3730.0,3750.0,3716.0,3728.0,nan,3730.0,454642,8479073300.0,1262769,3730.0,695,3728.0,1215,nan,0,nan,0,nan,0,nan,0,nan,0,nan,0,nan,0,nan,0
1597988366268774912,1597988366731000064,2020-08-21 13:39:26.731000,3728.0,3750.0,3716.0,3728.0,nan,3730.0,454644,8479110600.0,1262771,3730.0,699,3728.0,1213,nan,0,nan,0,nan,0,nan,0,nan,0,nan,0,nan,0,nan,0
1597988366787900928,1597988367232000000,2020-08-21 13:39:27.232000,3728.0,3750.0,3716.0,3728.0,nan,3730.0,454645,8479129250.0,1262771,3730.0,699,3728.0,1212,nan,0,nan,0,nan,0,nan,0,nan,0,nan,0,nan,0,nan,0
1597988367765616128,1597988368209000192,2020-08-21 13:39:28.209000,3728.0,3750.0,3716.0,3728.0,nan,3730.0,454646,8479147900.0,1262772,3730.0,699,3728.0,1211,nan,0,nan,0,nan,0,nan,0,nan,0,nan,0,nan,0,nan,0
1597988368764315904,1597988369236999936,2020-08-21 13:39:29.237000,3728.0,3750.0,3716.0,3728.0,nan,3730.0,454648,8479185200.0,1262774,3730.0,699,3728.0,1209,nan,0,nan,0,nan,0,nan,0,nan,0,nan,0,nan,0,nan,0
1597988369269486080,1597988369731000064,2020-08-21 13:39:29.731000,3728.0,3750.0,3716.0,3728.0,nan,3730.0,454648,8479185200.0,1262774,3730.0,691,3728.0,1209,nan,0,nan,0,nan,0,nan,0,nan,0,nan,0,nan,0,nan,0
1597988369772989952,1597988370196000000,2020-08-21 13:39:30.196000,3728.0,3750.0,3716.0,3728.0,nan,3730.0,454648,8479185200.0,1262774,3730.0,701,3728.0,1210,nan,0,nan,0,nan,0,nan,0,nan,0,nan,0,nan,0,nan,0
1597988370305172992,1597988370739000064,2020-08-21 13:39:30.739000,3730.0,3750.0,3716.0,3728.0,nan,3730.0,454649,8479203850.0,1262773,3730.0,700,3728.0,1210,nan,0,nan,0,nan,0,nan,0,nan,0,nan,0,nan,0,nan,0
1597988370772367872,1597988371223000064,2020-08-21 13:39:31.223000,3728.0,3750.0,3716.0,3728.0,nan,3730.0,454650,8479222500.0,1262774,3730.0,700,3728.0,1210,nan,0,nan,0,nan,0,nan,0,nan,0,nan,0,nan,0,nan,0
1597988371279366912,1597988371739000064,2020-08-21 13:39:31.739000,3728.0,3750.0,3716.0,3728.0,nan,3730.0,454651,8479241150.0,1262775,3730.0,700,3728.0,1208,nan,0,nan,0,nan,0,nan,0,nan,0,nan,0,nan,0,nan,0
1597988372815357952,1597988373240999936,2020-08-21 13:39:33.241000,3728.0,3750.0,3716.0,3728.0,nan,3730.0,454651,8479241150.0,1262775,3730.0,700,3728.0,1209,nan,0,nan,0,nan,0,nan,0,nan,0,nan,0,nan,0,nan,0
1597988373267390976,1597988373724999936,2020-08-21 13:39:33.725000,3728.0,3750.0,3716.0,3728.0,nan,3730.0,454713,8480397450.0,1262777,3730.0,586,3728.0,1207,nan,0,nan,0,nan,0,nan,0,nan,0,nan,0,nan,0,nan,0
1597988373774552064,1597988374216999936,2020-08-21 13:39:34.217000,3728.0,3750.0,3716.0,3728.0,nan,3730.0,454714,8480416100.0,1262778,3730.0,525,3728.0,1216,nan,0,nan,0,nan,0,nan,0,nan,0,nan,0,nan,0,nan,0
1597988374272621056,1597988374736999936,2020-08-21 13:39:34.737000,3730.0,3750.0,3716.0,3728.0,nan,3730.0,454716,8480453400.0,1262778,3730.0,559,3728.0,1215,nan,0,nan,0,nan,0,nan,0,nan,0,nan,0,nan,0,nan,0
1597988374795686912,1597988375244000000,2020-08-21 13:39:35.244000,3730.0,3750.0,3716.0,3728.0,nan,3730.0,454723,8480583950.0,1262778,3730.0,552,3728.0,1206,nan,0,nan,0,nan,0,nan,0,nan,0,nan,0,nan,0,nan,0
1597988375268556032,1597988375732000000,2020-08-21 13:39:35.732000,3730.0,3750.0,3716.0,3728.0,nan,3730.0,454724,8480602600.0,1262778,3730.0,651,3728.0,1206,nan,0,nan,0,nan,0,nan,0,nan,0,nan,0,nan,0,nan,0
1597988375772060928,1597988376240000000,2020-08-21 13:39:36.240000,3730.0,3750.0,3716.0,3728.0,nan,3730.0,454724,8480602600.0,1262778,3730.0,651,3728.0,1211,nan,0,nan,0,nan,0,nan,0,nan,0,nan,0,nan,0,nan,0
1597988377277030912,1597988377743000064,2020-08-21 13:39:37.743000,3728.0,3750.0,3716.0,3728.0,nan,3730.0,454734,8480789100.0,1262777,3730.0,651,3728.0,1199,nan,0,nan,0,nan,0,nan,0,nan,0,nan,0,nan,0,nan,0
1597988377778262016,1597988378224999936,2020-08-21 13:39:38.225000,3730.0,3750.0,3716.0,3728.0,nan,3730.0,454735,8480807750.0,1262777,3730.0,650,3728.0,1201,nan,0,nan,0,nan,0,nan,0,nan,0,nan,0,nan,0,nan,0
1597988379275219968,1597988379720999936,2020-08-21 13:39:39.721000,3730.0,3750.0,3716.0,3728.0,nan,3730.0,454735,8480807750.0,1262777,3730.0,650,3728.0,1202,nan,0,nan,0,nan,0,nan,0,nan,0,nan,0,nan,0,nan,0
1597988379764736000,1597988380232999936,2020-08-21 13:39:40.233000,3730.0,3750.0,3716.0,3728.0,nan,3730.0,454736,8480826400.0,1262777,3730.0,649,3728.0,1203,nan,0,nan,0,nan,0,nan,0,nan,0,nan,0,nan,0,nan,0
1597988380272912896,1597988380729000192,2020-08-21 13:39:40.729000,3728.0,3750.0,3716.0,3728.0,nan,3730.0,454737,8480845050.0,1262778,3730.0,650,3728.0,1203,nan,0,nan,0,nan,0,nan,0,nan,0,nan,0,nan,0,nan,0
1597988380774594048,1597988381234999808,2020-08-21 13:39:41.235000,3730.0,3750.0,3716.0,3728.0,nan,3730.0,454742,8480938300.0,1262778,3730.0,674,3728.0,1201,nan,0,nan,0,nan,0,nan,0,nan,0,nan,0,nan,0,nan,0
1597988381267885056,1597988381719000064,2020-08-21 13:39:41.719000,3730.0,3750.0,3716.0,3728.0,nan,3730.0,454742,8480938300.0,1262778,3730.0,676,3728.0,1201,nan,0,nan,0,nan,0,nan,0,nan,0,nan,0,nan,0,nan,0
1597988381767215104,1597988382240999936,2020-08-21 13:39:42.241000,3728.0,3750.0,3716.0,3728.0,nan,3730.0,454743,8480956950.0,1262778,3730.0,676,3728.0,1200,nan,0,nan,0,nan,0,nan,0,nan,0,nan,0,nan,0,nan,0
1597988382771060992,1597988383234999808,2020-08-21 13:39:43.235000,3728.0,3750.0,3716.0,3728.0,nan,3730.0,454743,8480956950.0,1262778,3730.0,718,3728.0,1200,nan,0,nan,0,nan,0,nan,0,nan,0,nan,0,nan,0,nan,0
1597988383268817920,1597988383716999936,2020-08-21 13:39:43.717000,3730.0,3750.0,3716.0,3728.0,nan,3730.0,454748,8481050200.0,1262779,3730.0,716,3728.0,1199,nan,0,nan,0,nan,0,nan,0,nan,0,nan,0,nan,0,nan,0
1597988383773606912,1597988384208000000,2020-08-21 13:39:44.208000,3730.0,3750.0,3716.0,3728.0,nan,3730.0,454748,8481050200.0,1262779,3730.0,752,3728.0,1200,nan,0,nan,0,nan,0,nan,0,nan,0,nan,0,nan,0,nan,0
1597988384271385088,1597988384744000000,2020-08-21 13:39:44.744000,3730.0,3750.0,3716.0,3728.0,nan,3730.0,454749,8481068850.0,1262778,3730.0,851,3728.0,1200,nan,0,nan,0,nan,0,nan,0,nan,0,nan,0,nan,0,nan,0
1597988384768795904,1597988385243000064,2020-08-21 13:39:45.243000,3730.0,3750.0,3716.0,3728.0,nan,3730.0,454749,8481068850.0,1262778,3730.0,852,3728.0,1200,nan,0,nan,0,nan,0,nan,0,nan,0,nan,0,nan,0,nan,0
1597988385278170112,1597988385733999872,2020-08-21 13:39:45.734000,3730.0,3750.0,3716.0,3728.0,nan,3730.0,454749,8481068850.0,1262778,3730.0,912,3728.0,1200,nan,0,nan,0,nan,0,nan,0,nan,0,nan,0,nan,0,nan,0
1597988385770745088,1597988386194000128,2020-08-21 13:39:46.194000,3730.0,3750.0,3716.0,3728.0,nan,3730.0,454749,8481068850.0,1262778,3730.0,912,3728.0,1198,nan,0,nan,0,nan,0,nan,0,nan,0,nan,0,nan,0,nan,0
1597988386273965056,1597988386704999936,2020-08-21 13:39:46.705000,3730.0,3750.0,3716.0,3728.0,nan,3730.0,454749,8481068850.0,1262778,3730.0,912,3728.0,1193,nan,0,nan,0,nan,0,nan,0,nan,0,nan,0,nan,0,nan,0
1597988389272175104,1597988389707000064,2020-08-21 13:39:49.707000,3730.0,3750.0,3716.0,3728.0,nan,3730.0,454752,8481124800.0,1262778,3730.0,909,3728.0,1193,nan,0,nan,0,nan,0,nan,0,nan,0,nan,0,nan,0,nan,0
1597988389767759872,1597988390240000000,2020-08-21 13:39:50.240000,3730.0,3750.0,3716.0,3728.0,nan,3730.0,454753,8481143450.0,1262778,3730.0,908,3728.0,1193,nan,0,nan,0,nan,0,nan,0,nan,0,nan,0,nan,0,nan,0
1597988390271858944,1597988390744000000,2020-08-21 13:39:50.744000,3730.0,3750.0,3716.0,3728.0,nan,3730.0,454753,8481143450.0,1262778,3730.0,912,3728.0,1193,nan,0,nan,0,nan,0,nan,0,nan,0,nan,0,nan,0,nan,0
1597988390780802048,1597988391240999936,2020-08-21 13:39:51.241000,3728.0,3750.0,3716.0,3728.0,nan,3730.0,454754,8481162100.0,1262779,3730.0,932,3728.0,1192,nan,0,nan,0,nan,0,nan,0,nan,0,nan,0,nan,0,nan,0
1597988391280617984,1597988391742000128,2020-08-21 13:39:51.742000,3730.0,3750.0,3716.0,3728.0,nan,3730.0,455211,8489685150.0,1263228,3730.0,930,3728.0,741,nan,0,nan,0,nan,0,nan,0,nan,0,nan,0,nan,0,nan,0
1597988391773069056,1597988392243000064,2020-08-21 13:39:52.243000,3730.0,3750.0,3716.0,3728.0,nan,3730.0,455211,8489685150.0,1263228,3730.0,930,3728.0,742,nan,0,nan,0,nan,0,nan,0,nan,0,nan,0,nan,0,nan,0
1597988392277862912,1597988392736999936,2020-08-21 13:39:52.737000,3730.0,3750.0,3716.0,3728.0,nan,3730.0,455211,8489685150.0,1263228,3730.0,932,3728.0,742,nan,0,nan,0,nan,0,nan,0,nan,0,nan,0,nan,0,nan,0
1597988392774893056,1597988393233999872,2020-08-21 13:39:53.234000,3728.0,3750.0,3716.0,3728.0,nan,3730.0,455227,8489983550.0,1263228,3730.0,937,3728.0,726,nan,0,nan,0,nan,0,nan,0,nan,0,nan,0,nan,0,nan,0
1597988393279568896,1597988393729000192,2020-08-21 13:39:53.729000,3730.0,3750.0,3716.0,3728.0,nan,3730.0,455229,8490020850.0,1263229,3730.0,936,3728.0,720,nan,0,nan,0,nan,0,nan,0,nan,0,nan,0,nan,0,nan,0
1597988393774789120,1597988394243000064,2020-08-21 13:39:54.243000,3728.0,3750.0,3716.0,3728.0,nan,3730.0,455234,8490114100.0,1263229,3730.0,966,3728.0,715,nan,0,nan,0,nan,0,nan,0,nan,0,nan,0,nan,0,nan,0
1597988395274776064,1597988395743000064,2020-08-21 13:39:55.743000,3728.0,3750.0,3716.0,3728.0,nan,3730.0,455234,8490114100.0,1263229,3730.0,968,3728.0,717,nan,0,nan,0,nan,0,nan,0,nan,0,nan,0,nan,0,nan,0
1597988395776771072,1597988396236000000,2020-08-21 13:39:56.236000,3728.0,3750.0,3716.0,3728.0,nan,3730.0,455234,8490114100.0,1263229,3730.0,965,3728.0,717,nan,0,nan,0,nan,0,nan,0,nan,0,nan,0,nan,0,nan,0
1597988396284934912,1597988396729000192,2020-08-21 13:39:56.729000,3728.0,3750.0,3716.0,3728.0,nan,3730.0,455237,8490170050.0,1263232,3730.0,966,3728.0,714,nan,0,nan,0,nan,0,nan,0,nan,0,nan,0,nan,0,nan,0
1597988396774039040,1597988397231000064,2020-08-21 13:39:57.231000,3728.0,3750.0,3716.0,3728.0,nan,3730.0,455239,8490207350.0,1263232,3730.0,972,3728.0,713,nan,0,nan,0,nan,0,nan,0,nan,0,nan,0,nan,0,nan,0
1597988397276537088,1597988397743000064,2020-08-21 13:39:57.743000,3730.0,3750.0,3716.0,3728.0,nan,3730.0,455242,8490263300.0,1263233,3730.0,970,3728.0,712,nan,0,nan,0,nan,0,nan,0,nan,0,nan,0,nan,0,nan,0
1597988397807735040,1597988398239000064,2020-08-21 13:39:58.239000,3728.0,3750.0,3716.0,3728.0,nan,3730.0,455248,8490375200.0,1263233,3730.0,969,3728.0,706,nan,0,nan,0,nan,0,nan,0,nan,0,nan,0,nan,0,nan,0
1597988398277238016,1597988398740999936,2020-08-21 13:39:58.741000,3728.0,3750.0,3716.0,3728.0,nan,3730.0,455248,8490375200.0,1263233,3730.0,972,3728.0,718,nan,0,nan,0,nan,0,nan,0,nan,0,nan,0,nan,0,nan,0
1597988398787364096,1597988399239000064,2020-08-21 13:39:59.239000,3730.0,3750.0,3716.0,3728.0,nan,3730.0,455250,8490412500.0,1263233,3730.0,971,3728.0,717,nan,0,nan,0,nan,0,nan,0,nan,0,nan,0,nan,0,nan,0
1597988399287270912,1597988399743000064,2020-08-21 13:39:59.743000,3730.0,3750.0,3716.0,3728.0,nan,3730.0,455250,8490412500.0,1263233,3730.0,986,3728.0,717,nan,0,nan,0,nan,0,nan,0,nan,0,nan,0,nan,0,nan,0
1597988399838888960,1597988400224000000,2020-08-21 13:40:00.224000,3730.0,3750.0,3716.0,3728.0,nan,3730.0,455250,8490412500.0,1263233,3730.0,1016,3728.0,717,nan,0,nan,0,nan,0,nan,0,nan,0,nan,0,nan,0,nan,0
1597988400281021952,1597988400744000000,2020-08-21 13:40:00.744000,3730.0,3750.0,3716.0,3728.0,nan,3730.0,455250,8490412500.0,1263233,3730.0,1027,3728.0,717,nan,0,nan,0,nan,0,nan,0,nan,0,nan,0,nan,0,nan,0
1597988400784814080,1597988401224999936,2020-08-21 13:40:01.225000,3728.0,3750.0,3716.0,3728.0,nan,3730.0,455256,8490524400.0,1263237,3730.0,1027,3728.0,730,nan,0,nan,0,nan,0,nan,0,nan,0,nan,0,nan,0,nan,0
1597988401273564928,1597988401703000064,2020-08-21 13:40:01.703000,3728.0,3750.0,3716.0,3728.0,nan,3730.0,455256,8490524400.0,1263237,3730.0,1038,3728.0,730,nan,0,nan,0,nan,0,nan,0,nan,0,nan,0,nan,0,nan,0
1597988401786279936,1597988402216999936,2020-08-21 13:40:02.217000,3728.0,3750.0,3716.0,3728.0,nan,3730.0,455258,8490561700.0,1263236,3730.0,1038,3728.0,728,nan,0,nan,0,nan,0,nan,0,nan,0,nan,0,nan,0,nan,0
1597988402286945024,1597988402742000128,2020-08-21 13:40:02.742000,3728.0,3750.0,3716.0,3728.0,nan,3730.0,455259,8490580350.0,1263237,3730.0,1053,3728.0,727,nan,0,nan,0,nan,0,nan,0,nan,0,nan,0,nan,0,nan,0
1597988402783330048,1597988403240999936,2020-08-21 13:40:03.241000,3728.0,3750.0,3716.0,3728.0,nan,3730.0,455264,8490673600.0,1263237,3730.0,1054,3728.0,722,nan,0,nan,0,nan,0,nan,0,nan,0,nan,0,nan,0,nan,0
1597988403288549888,1597988403719000064,2020-08-21 13:40:03.719000,3728.0,3750.0,3716.0,3728.0,nan,3730.0,455264,8490673600.0,1263237,3730.0,1054,3728.0,729,nan,0,nan,0,nan,0,nan,0,nan,0,nan,0,nan,0,nan,0
1597988403780755968,1597988404240000000,2020-08-21 13:40:04.240000,3730.0,3750.0,3716.0,3728.0,nan,3730.0,455269,8490766850.0,1263232,3730.0,1049,3728.0,729,nan,0,nan,0,nan,0,nan,0,nan,0,nan,0,nan,0,nan,0
1597988404296644096,1597988404734999808,2020-08-21 13:40:04.735000,3730.0,3750.0,3716.0,3728.0,nan,3730.0,455269,8490766850.0,1263232,3730.0,1106,3728.0,729,nan,0,nan,0,nan,0,nan,0,nan,0,nan,0,nan,0,nan,0
1597988404775005952,1597988405221999872,2020-08-21 13:40:05.222000,3730.0,3750.0,3716.0,3728.0,nan,3730.0,455269,8490766850.0,1263232,3730.0,1157,3728.0,724,nan,0,nan,0,nan,0,nan,0,nan,0,nan,0,nan,0,nan,0
1597988405280972032,1597988405729000192,2020-08-21 13:40:05.729000,3730.0,3750.0,3716.0,3728.0,nan,3730.0,455269,8490766850.0,1263232,3730.0,1177,3728.0,727,nan,0,nan,0,nan,0,nan,0,nan,0,nan,0,nan,0,nan,0
1597988405779356928,1597988406210000128,2020-08-21 13:40:06.210000,3730.0,3750.0,3716.0,3728.0,nan,3730.0,455269,8490766850.0,1263232,3730.0,1182,3728.0,717,nan,0,nan,0,nan,0,nan,0,nan,0,nan,0,nan,0,nan,0
1597988406288382976,1597988406744999936,2020-08-21 13:40:06.745000,3730.0,3750.0,3716.0,3728.0,nan,3730.0,455269,8490766850.0,1263232,3730.0,1225,3728.0,717,nan,0,nan,0,nan,0,nan,0,nan,0,nan,0,nan,0,nan,0
1597988406803707904,1597988407236999936,2020-08-21 13:40:07.237000,3730.0,3750.0,3716.0,3728.0,nan,3730.0,455272,8490822800.0,1263232,3730.0,1232,3728.0,718,nan,0,nan,0,nan,0,nan,0,nan,0,nan,0,nan,0,nan,0
1597988407780769024,1597988408239000064,2020-08-21 13:40:08.239000,3730.0,3750.0,3716.0,3728.0,nan,3730.0,455272,8490822800.0,1263232,3730.0,1235,3728.0,718,nan,0,nan,0,nan,0,nan,0,nan,0,nan,0,nan,0,nan,0
1597988408284915968,1597988408740000000,2020-08-21 13:40:08.740000,3730.0,3750.0,3716.0,3728.0,nan,3730.0,455272,8490822800.0,1263232,3730.0,1238,3728.0,718,nan,0,nan,0,nan,0,nan,0,nan,0,nan,0,nan,0,nan,0
1597988408876638976,1597988409211000064,2020-08-21 13:40:09.211000,3728.0,3750.0,3716.0,3728.0,nan,3730.0,455275,8490878750.0,1263235,3730.0,1238,3728.0,715,nan,0,nan,0,nan,0,nan,0,nan,0,nan,0,nan,0,nan,0
1597988409279515904,1597988409736999936,2020-08-21 13:40:09.737000,3728.0,3750.0,3716.0,3728.0,nan,3730.0,455275,8490878750.0,1263235,3730.0,1252,3728.0,715,nan,0,nan,0,nan,0,nan,0,nan,0,nan,0,nan,0,nan,0
1597988409771475968,1597988410194999808,2020-08-21 13:40:10.195000,3728.0,3750.0,3716.0,3728.0,nan,3730.0,455275,8490878750.0,1263235,3730.0,1253,3728.0,715,nan,0,nan,0,nan,0,nan,0,nan,0,nan,0,nan,0,nan,0
1597988410282579968,1597988410712000000,2020-08-21 13:40:10.712000,3728.0,3750.0,3716.0,3728.0,nan,3730.0,455275,8490878750.0,1263235,3730.0,1255,3728.0,715,nan,0,nan,0,nan,0,nan,0,nan,0,nan,0,nan,0,nan,0
1597988410780249088,1597988411239000064,2020-08-21 13:40:11.239000,3728.0,3750.0,3716.0,3728.0,nan,3730.0,455275,8490878750.0,1263235,3730.0,1265,3728.0,720,nan,0,nan,0,nan,0,nan,0,nan,0,nan,0,nan,0,nan,0
1597988411285522944,1597988411730000128,2020-08-21 13:40:11.730000,3728.0,3750.0,3716.0,3728.0,nan,3730.0,455277,8490916050.0,1263237,3730.0,1266,3728.0,719,nan,0,nan,0,nan,0,nan,0,nan,0,nan,0,nan,0,nan,0
1597988411795781888,1597988412224999936,2020-08-21 13:40:12.225000,3728.0,3750.0,3716.0,3728.0,nan,3730.0,455279,8490953350.0,1263238,3730.0,1265,3728.0,720,nan,0,nan,0,nan,0,nan,0,nan,0,nan,0,nan,0,nan,0
1597988412290830080,1597988412708000000,2020-08-21 13:40:12.708000,3728.0,3750.0,3716.0,3728.0,nan,3730.0,455279,8490953350.0,1263238,3730.0,1268,3728.0,720,nan,0,nan,0,nan,0,nan,0,nan,0,nan,0,nan,0,nan,0
1597988412793712896,1597988413236999936,2020-08-21 13:40:13.237000,3730.0,3750.0,3716.0,3728.0,nan,3730.0,455281,8490990650.0,1263239,3730.0,1318,3728.0,719,nan,0,nan,0,nan,0,nan,0,nan,0,nan,0,nan,0,nan,0
1597988413284209920,1597988413709000192,2020-08-21 13:40:13.709000,3728.0,3750.0,3716.0,3728.0,nan,3730.0,455282,8491009300.0,1263240,3730.0,1385,3728.0,718,nan,0,nan,0,nan,0,nan,0,nan,0,nan,0,nan,0,nan,0
1597988413789908992,1597988414230000128,2020-08-21 13:40:14.230000,3730.0,3750.0,3716.0,3728.0,nan,3730.0,455286,8491083900.0,1263236,3730.0,1411,3728.0,718,nan,0,nan,0,nan,0,nan,0,nan,0,nan,0,nan,0,nan,0
1597988414284062976,1597988414728000000,2020-08-21 13:40:14.728000,3728.0,3750.0,3716.0,3728.0,nan,3730.0,455292,8491195800.0,1263242,3730.0,1426,3728.0,712,nan,0,nan,0,nan,0,nan,0,nan,0,nan,0,nan,0,nan,0
1597988414796813056,1597988415240999936,2020-08-21 13:40:15.241000,3728.0,3750.0,3716.0,3728.0,nan,3730.0,455294,8491233100.0,1263243,3730.0,1426,3728.0,710,nan,0,nan,0,nan,0,nan,0,nan,0,nan,0,nan,0,nan,0
1597988415790466048,1597988416231000064,2020-08-21 13:40:16.231000,3728.0,3750.0,3716.0,3728.0,nan,3730.0,455318,8491680700.0,1263255,3730.0,1424,3728.0,686,nan,0,nan,0,nan,0,nan,0,nan,0,nan,0,nan,0,nan,0
1597988416304552960,1597988416740999936,2020-08-21 13:40:16.741000,3728.0,3750.0,3716.0,3728.0,nan,3730.0,455320,8491718000.0,1263254,3730.0,1426,3728.0,625,nan,0,nan,0,nan,0,nan,0,nan,0,nan,0,nan,0,nan,0
1597988416797121024,1597988417244000000,2020-08-21 13:40:17.244000,3728.0,3750.0,3716.0,3728.0,nan,3730.0,455946,8503392900.0,1263682,3728.0,266,3726.0,833,nan,0,nan,0,nan,0,nan,0,nan,0,nan,0,nan,0,nan,0
1597988417286906112,1597988417744000000,2020-08-21 13:40:17.744000,3726.0,3750.0,3716.0,3728.0,nan,3730.0,455954,8503542100.0,1263688,3728.0,539,3726.0,625,nan,0,nan,0,nan,0,nan,0,nan,0,nan,0,nan,0,nan,0
1597988417809764096,1597988418243000064,2020-08-21 13:40:18.243000,3726.0,3750.0,3716.0,3728.0,nan,3730.0,455958,8503616700.0,1263689,3728.0,619,3726.0,616,nan,0,nan,0,nan,0,nan,0,nan,0,nan,0,nan,0,nan,0
1597988418288826880,1597988418734999808,2020-08-21 13:40:18.735000,3726.0,3750.0,3716.0,3728.0,nan,3730.0,455959,8503635350.0,1263690,3728.0,652,3726.0,613,nan,0,nan,0,nan,0,nan,0,nan,0,nan,0,nan,0,nan,0
1597988418793780992,1597988419226000128,2020-08-21 13:40:19.226000,3726.0,3750.0,3716.0,3728.0,nan,3730.0,455964,8503728600.0,1263690,3728.0,687,3726.0,608,nan,0,nan,0,nan,0,nan,0,nan,0,nan,0,nan,0,nan,0
1597988419295881984,1597988419665999872,2020-08-21 13:40:19.666000,3728.0,3750.0,3716.0,3728.0,nan,3730.0,455966,8503765900.0,1263690,3728.0,688,3726.0,608,nan,0,nan,0,nan,0,nan,0,nan,0,nan,0,nan,0,nan,0
1597988419795045120,1597988420226000128,2020-08-21 13:40:20.226000,3728.0,3750.0,3716.0,3728.0,nan,3730.0,455968,8503803200.0,1263692,3728.0,686,3726.0,608,nan,0,nan,0,nan,0,nan,0,nan,0,nan,0,nan,0,nan,0
1597988420289212928,1597988420744000000,2020-08-21 13:40:20.744000,3726.0,3750.0,3716.0,3728.0,nan,3730.0,456063,8505574950.0,1263784,3728.0,690,3726.0,543,nan,0,nan,0,nan,0,nan,0,nan,0,nan,0,nan,0,nan,0
1597988420798146048,1597988421230000128,2020-08-21 13:40:21.230000,3726.0,3750.0,3716.0,3728.0,nan,3730.0,456071,8505724150.0,1263786,3728.0,695,3726.0,529,nan,0,nan,0,nan,0,nan,0,nan,0,nan,0,nan,0,nan,0
1597988421288613120,1597988421740000000,2020-08-21 13:40:21.740000,3726.0,3750.0,3716.0,3728.0,nan,3730.0,456073,8505761450.0,1263787,3728.0,721,3726.0,530,nan,0,nan,0,nan,0,nan,0,nan,0,nan,0,nan,0,nan,0
1597988421784055040,1597988422221999872,2020-08-21 13:40:22.222000,3726.0,3750.0,3716.0,3728.0,nan,3730.0,456082,8505929300.0,1263794,3728.0,751,3726.0,529,nan,0,nan,0,nan,0,nan,0,nan,0,nan,0,nan,0,nan,0
1597988422287517952,1597988422721999872,2020-08-21 13:40:22.722000,3726.0,3750.0,3716.0,3728.0,nan,3730.0,456103,8506320950.0,1263809,3728.0,762,3726.0,531,nan,0,nan,0,nan,0,nan,0,nan,0,nan,0,nan,0,nan,0
1597988422785409024,1597988423237999872,2020-08-21 13:40:23.238000,3728.0,3750.0,3716.0,3728.0,nan,3730.0,456107,8506395550.0,1263810,3728.0,773,3726.0,555,nan,0,nan,0,nan,0,nan,0,nan,0,nan,0,nan,0,nan,0
1597988423293803008,1597988423736999936,2020-08-21 13:40:23.737000,3726.0,3750.0,3716.0,3728.0,nan,3730.0,456115,8506544750.0,1263818,3728.0,773,3726.0,547,nan,0,nan,0,nan,0,nan,0,nan,0,nan,0,nan,0,nan,0
1597988423800596992,1597988424240000000,2020-08-21 13:40:24.240000,3728.0,3750.0,3716.0,3728.0,nan,3730.0,456119,8506619350.0,1263818,3728.0,769,3726.0,547,nan,0,nan,0,nan,0,nan,0,nan,0,nan,0,nan,0,nan,0
1597988424310661120,1597988424730000128,2020-08-21 13:40:24.730000,3728.0,3750.0,3716.0,3728.0,nan,3730.0,456119,8506619350.0,1263818,3728.0,776,3726.0,498,nan,0,nan,0,nan,0,nan,0,nan,0,nan,0,nan,0,nan,0
1597988424788321024,1597988425211000064,2020-08-21 13:40:25.211000,3726.0,3750.0,3716.0,3728.0,nan,3730.0,456120,8506638000.0,1263818,3728.0,789,3726.0,497,nan,0,nan,0,nan,0,nan,0,nan,0,nan,0,nan,0,nan,0
1597988425289346048,1597988425719000064,2020-08-21 13:40:25.719000,3728.0,3750.0,3716.0,3728.0,nan,3730.0,456121,8506656650.0,1263819,3728.0,788,3726.0,497,nan,0,nan,0,nan,0,nan,0,nan,0,nan,0,nan,0,nan,0
1597988425790694912,1597988426244999936,2020-08-21 13:40:26.245000,3728.0,3750.0,3716.0,3728.0,nan,3730.0,456121,8506656650.0,1263819,3728.0,788,3726.0,598,nan,0,nan,0,nan,0,nan,0,nan,0,nan,0,nan,0,nan,0
1597988426315902976,1597988426712000000,2020-08-21 13:40:26.712000,3726.0,3750.0,3716.0,3728.0,nan,3730.0,456124,8506712600.0,1263821,3728.0,790,3726.0,591,nan,0,nan,0,nan,0,nan,0,nan,0,nan,0,nan,0,nan,0
1597988426856409088,1597988427206000128,2020-08-21 13:40:27.206000,3726.0,3750.0,3716.0,3728.0,nan,3730.0,456124,8506712600.0,1263821,3728.0,791,3726.0,591,nan,0,nan,0,nan,0,nan,0,nan,0,nan,0,nan,0,nan,0
1597988427294221056,1597988427740000000,2020-08-21 13:40:27.740000,3726.0,3750.0,3716.0,3728.0,nan,3730.0,456124,8506712600.0,1263821,3728.0,791,3726.0,591,nan,0,nan,0,nan,0,nan,0,nan,0,nan,0,nan,0,nan,0
1597988427786952960,1597988428221999872,2020-08-21 13:40:28.222000,3726.0,3750.0,3716.0,3728.0,nan,3730.0,456125,8506731250.0,1263822,3728.0,792,3726.0,590,nan,0,nan,0,nan,0,nan,0,nan,0,nan,0,nan,0,nan,0
1597988428292313088,1597988428744999936,2020-08-21 13:40:28.745000,3726.0,3750.0,3716.0,3728.0,nan,3730.0,456125,8506731250.0,1263822,3728.0,801,3726.0,605,nan,0,nan,0,nan,0,nan,0,nan,0,nan,0,nan,0,nan,0
1597988428792310016,1597988429244999936,2020-08-21 13:40:29.245000,3728.0,3750.0,3716.0,3728.0,nan,3730.0,456126,8506749900.0,1263823,3728.0,800,3726.0,605,nan,0,nan,0,nan,0,nan,0,nan,0,nan,0,nan,0,nan,0
1597988429298622976,1597988429729000192,2020-08-21 13:40:29.729000,3728.0,3750.0,3716.0,3728.0,nan,3730.0,456126,8506749900.0,1263823,3728.0,801,3726.0,605,nan,0,nan,0,nan,0,nan,0,nan,0,nan,0,nan,0,nan,0
1597988429800645888,1597988430239000064,2020-08-21 13:40:30.239000,3728.0,3750.0,3716.0,3728.0,nan,3730.0,456127,8506768550.0,1263824,3728.0,801,3726.0,614,nan,0,nan,0,nan,0,nan,0,nan,0,nan,0,nan,0,nan,0
1597988430395482112,1597988430742000128,2020-08-21 13:40:30.742000,3728.0,3750.0,3716.0,3728.0,nan,3730.0,456128,8506787200.0,1263825,3728.0,802,3726.0,615,nan,0,nan,0,nan,0,nan,0,nan,0,nan,0,nan,0,nan,0
1597988430804111872,1597988431200999936,2020-08-21 13:40:31.201000,3726.0,3750.0,3716.0,3728.0,nan,3730.0,456129,8506805850.0,1263826,3728.0,803,3726.0,614,nan,0,nan,0,nan,0,nan,0,nan,0,nan,0,nan,0,nan,0
1597988431384989952,1597988431661999872,2020-08-21 13:40:31.662000,3726.0,3750.0,3716.0,3728.0,nan,3730.0,456129,8506805850.0,1263826,3728.0,806,3726.0,614,nan,0,nan,0,nan,0,nan,0,nan,0,nan,0,nan,0,nan,0
1597988431813614080,1597988432244999936,2020-08-21 13:40:32.245000,3726.0,3750.0,3716.0,3728.0,nan,3730.0,456143,8507066950.0,1263840,3728.0,871,3726.0,600,nan,0,nan,0,nan,0,nan,0,nan,0,nan,0,nan,0,nan,0
1597988432293335040,1597988432740999936,2020-08-21 13:40:32.741000,3726.0,3750.0,3716.0,3728.0,nan,3730.0,456143,8507066950.0,1263840,3728.0,896,3726.0,601,nan,0,nan,0,nan,0,nan,0,nan,0,nan,0,nan,0,nan,0
1597988432807961088,1597988433243000064,2020-08-21 13:40:33.243000,3726.0,3750.0,3716.0,3728.0,nan,3730.0,456144,8507085600.0,1263841,3728.0,896,3726.0,601,nan,0,nan,0,nan,0,nan,0,nan,0,nan,0,nan,0,nan,0
1597988433296826880,1597988433737999872,2020-08-21 13:40:33.738000,3726.0,3750.0,3716.0,3728.0,nan,3730.0,456147,8507141550.0,1263842,3728.0,896,3726.0,599,nan,0,nan,0,nan,0,nan,0,nan,0,nan,0,nan,0,nan,0
1597988433838162944,1597988434242000128,2020-08-21 13:40:34.242000,3728.0,3750.0,3716.0,3728.0,nan,3730.0,456152,8507234800.0,1263843,3728.0,907,3726.0,598,nan,0,nan,0,nan,0,nan,0,nan,0,nan,0,nan,0,nan,0
1597988434300177920,1597988434737999872,2020-08-21 13:40:34.738000,3728.0,3750.0,3716.0,3728.0,nan,3730.0,456152,8507234800.0,1263843,3728.0,909,3726.0,598,nan,0,nan,0,nan,0,nan,0,nan,0,nan,0,nan,0,nan,0
1597988434801533952,1597988435239000064,2020-08-21 13:40:35.239000,3726.0,3750.0,3716.0,3728.0,nan,3730.0,456155,8507290750.0,1263844,3728.0,909,3726.0,597,nan,0,nan,0,nan,0,nan,0,nan,0,nan,0,nan,0,nan,0
1597988435300242944,1597988435726000128,2020-08-21 13:40:35.726000,3726.0,3750.0,3716.0,3728.0,nan,3730.0,456157,8507328050.0,1263846,3728.0,909,3726.0,595,nan,0,nan,0,nan,0,nan,0,nan,0,nan,0,nan,0,nan,0
1597988435808230912,1597988436244000000,2020-08-21 13:40:36.244000,3726.0,3750.0,3716.0,3728.0,nan,3730.0,456157,8507328050.0,1263846,3728.0,909,3726.0,596,nan,0,nan,0,nan,0,nan,0,nan,0,nan,0,nan,0,nan,0
1597988436317750016,1597988436740000000,2020-08-21 13:40:36.740000,3726.0,3750.0,3716.0,3728.0,nan,3730.0,456158,8507346700.0,1263846,3728.0,912,3726.0,596,nan,0,nan,0,nan,0,nan,0,nan,0,nan,0,nan,0,nan,0
1597988436797355008,1597988437242000128,2020-08-21 13:40:37.242000,3726.0,3750.0,3716.0,3728.0,nan,3730.0,456158,8507346700.0,1263846,3728.0,912,3726.0,597,nan,0,nan,0,nan,0,nan,0,nan,0,nan,0,nan,0,nan,0
1597988437308755968,1597988437720000000,2020-08-21 13:40:37.720000,3726.0,3750.0,3716.0,3728.0,nan,3730.0,456158,8507346700.0,1263846,3728.0,913,3726.0,597,nan,0,nan,0,nan,0,nan,0,nan,0,nan,0,nan,0,nan,0
1597988437810593024,1597988438233999872,2020-08-21 13:40:38.234000,3728.0,3750.0,3716.0,3728.0,nan,3730.0,456172,8507607800.0,1263860,3728.0,895,3726.0,597,nan,0,nan,0,nan,0,nan,0,nan,0,nan,0,nan,0,nan,0
1597988438291059968,1597988438724000000,2020-08-21 13:40:38.724000,3728.0,3750.0,3716.0,3728.0,nan,3730.0,456172,8507607800.0,1263860,3728.0,897,3726.0,605,nan,0,nan,0,nan,0,nan,0,nan,0,nan,0,nan,0,nan,0
1597988438815497984,1597988439244999936,2020-08-21 13:40:39.245000,3728.0,3750.0,3716.0,3728.0,nan,3730.0,456172,8507607800.0,1263860,3728.0,896,3726.0,611,nan,0,nan,0,nan,0,nan,0,nan,0,nan,0,nan,0,nan,0
1597988439307622912,1597988439734999808,2020-08-21 13:40:39.735000,3728.0,3750.0,3716.0,3728.0,nan,3730.0,456172,8507607800.0,1263860,3728.0,896,3726.0,619,nan,0,nan,0,nan,0,nan,0,nan,0,nan,0,nan,0,nan,0
1597988440305073920,1597988440744999936,2020-08-21 13:40:40.745000,3728.0,3750.0,3716.0,3728.0,nan,3730.0,456172,8507607800.0,1263860,3728.0,900,3726.0,624,nan,0,nan,0,nan,0,nan,0,nan,0,nan,0,nan,0,nan,0
1597988440815968000,1597988441234999808,2020-08-21 13:40:41.235000,3726.0,3750.0,3716.0,3728.0,nan,3730.0,456173,8507626450.0,1263861,3728.0,900,3726.0,623,nan,0,nan,0,nan,0,nan,0,nan,0,nan,0,nan,0,nan,0
1597988441307188992,1597988441744000000,2020-08-21 13:40:41.744000,3726.0,3750.0,3716.0,3728.0,nan,3730.0,456178,8507719700.0,1263863,3728.0,900,3726.0,617,nan,0,nan,0,nan,0,nan,0,nan,0,nan,0,nan,0,nan,0
1597988441804903936,1597988442187000064,2020-08-21 13:40:42.187000,3726.0,3750.0,3716.0,3728.0,nan,3730.0,456181,8507775650.0,1263863,3728.0,912,3726.0,614,nan,0,nan,0,nan,0,nan,0,nan,0,nan,0,nan,0,nan,0
1597988442321861888,1597988442744999936,2020-08-21 13:40:42.745000,3726.0,3750.0,3716.0,3728.0,nan,3730.0,456181,8507775650.0,1263863,3728.0,832,3726.0,615,nan,0,nan,0,nan,0,nan,0,nan,0,nan,0,nan,0,nan,0
1597988442791162880,1597988443239000064,2020-08-21 13:40:43.239000,3726.0,3750.0,3716.0,3728.0,nan,3730.0,456181,8507775650.0,1263863,3728.0,812,3726.0,615,nan,0,nan,0,nan,0,nan,0,nan,0,nan,0,nan,0,nan,0
1597988443311318016,1597988443744999936,2020-08-21 13:40:43.745000,3726.0,3750.0,3716.0,3728.0,nan,3730.0,456181,8507775650.0,1263863,3728.0,812,3726.0,624,nan,0,nan,0,nan,0,nan,0,nan,0,nan,0,nan,0,nan,0
1597988443798675968,1597988444208000000,2020-08-21 13:40:44.208000,3728.0,3750.0,3716.0,3728.0,nan,3730.0,456185,8507850250.0,1263863,3728.0,787,3726.0,624,nan,0,nan,0,nan,0,nan,0,nan,0,nan,0,nan,0,nan,0
1597988444363589888,1597988444746000128,2020-08-21 13:40:44.746000,3726.0,3750.0,3716.0,3728.0,nan,3730.0,456189,8507924850.0,1263867,3728.0,802,3726.0,620,nan,0,nan,0,nan,0,nan,0,nan,0,nan,0,nan,0,nan,0
1597988444795504896,1597988445216999936,2020-08-21 13:40:45.217000,3726.0,3750.0,3716.0,3728.0,nan,3730.0,456189,8507924850.0,1263867,3728.0,803,3726.0,621,nan,0,nan,0,nan,0,nan,0,nan,0,nan,0,nan,0,nan,0
1597988445295820032,1597988445717999872,2020-08-21 13:40:45.718000,3726.0,3750.0,3716.0,3728.0,nan,3730.0,456190,8507943500.0,1263867,3728.0,804,3726.0,621,nan,0,nan,0,nan,0,nan,0,nan,0,nan,0,nan,0,nan,0
1597988445796068096,1597988446243000064,2020-08-21 13:40:46.243000,3726.0,3750.0,3716.0,3728.0,nan,3730.0,456190,8507943500.0,1263867,3728.0,804,3726.0,623,nan,0,nan,0,nan,0,nan,0,nan,0,nan,0,nan,0,nan,0
1597988446289724928,1597988446740999936,2020-08-21 13:40:46.741000,3726.0,3750.0,3716.0,3728.0,nan,3730.0,456190,8507943500.0,1263867,3728.0,806,3726.0,623,nan,0,nan,0,nan,0,nan,0,nan,0,nan,0,nan,0,nan,0
1597988446803092992,1597988447240000000,2020-08-21 13:40:47.240000,3726.0,3750.0,3716.0,3728.0,nan,3730.0,456191,8507962150.0,1263868,3728.0,806,3726.0,622,nan,0,nan,0,nan,0,nan,0,nan,0,nan,0,nan,0,nan,0
1597988448296591104,1597988448746000128,2020-08-21 13:40:48.746000,3726.0,3750.0,3716.0,3728.0,nan,3730.0,456192,8507980800.0,1263868,3728.0,809,3726.0,621,nan,0,nan,0,nan,0,nan,0,nan,0,nan,0,nan,0,nan,0
1597988448805335040,1597988449244999936,2020-08-21 13:40:49.245000,3726.0,3750.0,3716.0,3728.0,nan,3730.0,456193,8507999450.0,1263869,3728.0,810,3726.0,530,nan,0,nan,0,nan,0,nan,0,nan,0,nan,0,nan,0,nan,0
1597988449306009088,1597988449632999936,2020-08-21 13:40:49.633000,3728.0,3750.0,3716.0,3728.0,nan,3730.0,456194,8508018100.0,1263870,3728.0,809,3726.0,531,nan,0,nan,0,nan,0,nan,0,nan,0,nan,0,nan,0,nan,0
1597988450302660096,1597988450732000000,2020-08-21 13:40:50.732000,3728.0,3750.0,3716.0,3728.0,nan,3730.0,456194,8508018100.0,1263870,3728.0,811,3726.0,531,nan,0,nan,0,nan,0,nan,0,nan,0,nan,0,nan,0,nan,0
1597988450799806976,1597988451224000000,2020-08-21 13:40:51.224000,3728.0,3750.0,3716.0,3728.0,nan,3730.0,456194,8508018100.0,1263870,3728.0,812,3726.0,531,nan,0,nan,0,nan,0,nan,0,nan,0,nan,0,nan,0,nan,0
1597988451304475904,1597988451743000064,2020-08-21 13:40:51.743000,3728.0,3750.0,3716.0,3728.0,nan,3730.0,456194,8508018100.0,1263870,3728.0,813,3726.0,578,nan,0,nan,0,nan,0,nan,0,nan,0,nan,0,nan,0,nan,0
1597988451805786112,1597988452242000128,2020-08-21 13:40:52.242000,3726.0,3750.0,3716.0,3728.0,nan,3730.0,456195,8508036750.0,1263871,3728.0,866,3726.0,577,nan,0,nan,0,nan,0,nan,0,nan,0,nan,0,nan,0,nan,0
1597988452304975872,1597988452732999936,2020-08-21 13:40:52.733000,3728.0,3750.0,3716.0,3728.0,nan,3730.0,456196,8508055400.0,1263871,3728.0,868,3726.0,577,nan,0,nan,0,nan,0,nan,0,nan,0,nan,0,nan,0,nan,0
1597988452806611968,1597988453180999936,2020-08-21 13:40:53.181000,3728.0,3750.0,3716.0,3728.0,nan,3730.0,456196,8508055400.0,1263871,3728.0,983,3726.0,577,nan,0,nan,0,nan,0,nan,0,nan,0,nan,0,nan,0,nan,0
1597988453304076032,1597988453731000064,2020-08-21 13:40:53.731000,3728.0,3750.0,3716.0,3728.0,nan,3730.0,456199,8508111350.0,1263872,3728.0,1008,3726.0,570,nan,0,nan,0,nan,0,nan,0,nan,0,nan,0,nan,0,nan,0
1597988453817465088,1597988454232999936,2020-08-21 13:40:54.233000,3728.0,3750.0,3716.0,3728.0,nan,3730.0,456206,8508241900.0,1263873,3728.0,1002,3726.0,569,nan,0,nan,0,nan,0,nan,0,nan,0,nan,0,nan,0,nan,0
1597988454299395072,1597988454709000192,2020-08-21 13:40:54.709000,3726.0,3750.0,3716.0,3728.0,nan,3730.0,456207,8508260550.0,1263873,3728.0,1004,3726.0,568,nan,0,nan,0,nan,0,nan,0,nan,0,nan,0,nan,0,nan,0
1597988454797324032,1597988455242000128,2020-08-21 13:40:55.242000,3728.0,3750.0,3716.0,3728.0,nan,3730.0,456232,8508726800.0,1263898,3728.0,984,3726.0,563,nan,0,nan,0,nan,0,nan,0,nan,0,nan,0,nan,0,nan,0
1597988455297498112,1597988455744000000,2020-08-21 13:40:55.744000,3726.0,3750.0,3716.0,3728.0,nan,3730.0,456234,8508764100.0,1263898,3728.0,984,3726.0,561,nan,0,nan,0,nan,0,nan,0,nan,0,nan,0,nan,0,nan,0
1597988455795441920,1597988456220999936,2020-08-21 13:40:56.221000,3726.0,3750.0,3716.0,3728.0,nan,3730.0,456234,8508764100.0,1263898,3728.0,984,3726.0,602,nan,0,nan,0,nan,0,nan,0,nan,0,nan,0,nan,0,nan,0
1597988456302423040,1597988456736000000,2020-08-21 13:40:56.736000,3726.0,3750.0,3716.0,3728.0,nan,3730.0,456236,8508801400.0,1263898,3728.0,978,3726.0,601,nan,0,nan,0,nan,0,nan,0,nan,0,nan,0,nan,0,nan,0
1597988456805897984,1597988457240000000,2020-08-21 13:40:57.240000,3726.0,3750.0,3716.0,3728.0,nan,3730.0,456238,8508838700.0,1263900,3728.0,977,3726.0,601,nan,0,nan,0,nan,0,nan,0,nan,0,nan,0,nan,0,nan,0
1597988457298351104,1597988457743000064,2020-08-21 13:40:57.743000,3726.0,3750.0,3716.0,3728.0,nan,3730.0,456241,8508894650.0,1263901,3728.0,967,3726.0,598,nan,0,nan,0,nan,0,nan,0,nan,0,nan,0,nan,0,nan,0
1597988457801691904,1597988458244000000,2020-08-21 13:40:58.244000,3726.0,3750.0,3716.0,3728.0,nan,3730.0,456266,8509360900.0,1263924,3728.0,978,3726.0,573,nan,0,nan,0,nan,0,nan,0,nan,0,nan,0,nan,0,nan,0
1597988458292755968,1597988458742000128,2020-08-21 13:40:58.742000,3726.0,3750.0,3716.0,3728.0,nan,3730.0,456271,8509454150.0,1263929,3728.0,990,3726.0,568,nan,0,nan,0,nan,0,nan,0,nan,0,nan,0,nan,0,nan,0
1597988458803077120,1597988459173000192,2020-08-21 13:40:59.173000,3726.0,3750.0,3716.0,3728.0,nan,3730.0,456271,8509454150.0,1263929,3728.0,990,3726.0,569,nan,0,nan,0,nan,0,nan,0,nan,0,nan,0,nan,0,nan,0
1597988459298554880,1597988459730000128,2020-08-21 13:40:59.730000,3728.0,3750.0,3716.0,3728.0,nan,3730.0,456273,8509491450.0,1263931,3728.0,988,3726.0,570,nan,0,nan,0,nan,0,nan,0,nan,0,nan,0,nan,0,nan,0
1597988459797839104,1597988460242000128,2020-08-21 13:41:00.242000,3726.0,3750.0,3716.0,3728.0,nan,3730.0,456274,8509510100.0,1263932,3728.0,935,3726.0,569,nan,0,nan,0,nan,0,nan,0,nan,0,nan,0,nan,0,nan,0
1597988460307531008,1597988460742000128,2020-08-21 13:41:00.742000,3726.0,3750.0,3716.0,3728.0,nan,3730.0,456277,8509566050.0,1263935,3728.0,953,3726.0,566,nan,0,nan,0,nan,0,nan,0,nan,0,nan,0,nan,0,nan,0
1597988460804352000,1597988461244000000,2020-08-21 13:41:01.244000,3726.0,3750.0,3716.0,3728.0,nan,3730.0,456289,8509789850.0,1263947,3728.0,952,3726.0,563,nan,0,nan,0,nan,0,nan,0,nan,0,nan,0,nan,0,nan,0
1597988461389676032,1597988461696999936,2020-08-21 13:41:01.697000,3726.0,3750.0,3716.0,3728.0,nan,3730.0,456291,8509827150.0,1263949,3728.0,952,3726.0,561,nan,0,nan,0,nan,0,nan,0,nan,0,nan,0,nan,0,nan,0
1597988461797480960,1597988462244999936,2020-08-21 13:41:02.245000,3728.0,3750.0,3716.0,3728.0,nan,3730.0,456292,8509845800.0,1263949,3728.0,950,3726.0,561,nan,0,nan,0,nan,0,nan,0,nan,0,nan,0,nan,0,nan,0
1597988462331148032,1597988462739000064,2020-08-21 13:41:02.739000,3728.0,3750.0,3716.0,3728.0,nan,3730.0,456292,8509845800.0,1263949,3728.0,952,3726.0,561,nan,0,nan,0,nan,0,nan,0,nan,0,nan,0,nan,0,nan,0
1597988462828985088,1597988463236000000,2020-08-21 13:41:03.236000,3728.0,3750.0,3716.0,3728.0,nan,3730.0,456292,8509845800.0,1263949,3728.0,1004,3726.0,561,nan,0,nan,0,nan,0,nan,0,nan,0,nan,0,nan,0,nan,0
1597988463306298880,1597988463732999936,2020-08-21 13:41:03.733000,3728.0,3750.0,3716.0,3728.0,nan,3730.0,456292,8509845800.0,1263949,3728.0,1005,3726.0,561,nan,0,nan,0,nan,0,nan,0,nan,0,nan,0,nan,0,nan,0
1597988463814852096,1597988464237999872,2020-08-21 13:41:04.238000,3728.0,3750.0,3716.0,3728.0,nan,3730.0,456296,8509920400.0,1263949,3728.0,1001,3726.0,562,nan,0,nan,0,nan,0,nan,0,nan,0,nan,0,nan,0,nan,0
1597988464305936896,1597988464740000000,2020-08-21 13:41:04.740000,3728.0,3750.0,3716.0,3728.0,nan,3730.0,456296,8509920400.0,1263949,3728.0,1006,3726.0,564,nan,0,nan,0,nan,0,nan,0,nan,0,nan,0,nan,0,nan,0
1597988465305600000,1597988465744999936,2020-08-21 13:41:05.745000,3728.0,3750.0,3716.0,3728.0,nan,3730.0,456296,8509920400.0,1263949,3728.0,1007,3726.0,566,nan,0,nan,0,nan,0,nan,0,nan,0,nan,0,nan,0,nan,0
1597988465808463104,1597988466186000128,2020-08-21 13:41:06.186000,3726.0,3750.0,3716.0,3728.0,nan,3730.0,456298,8509957700.0,1263949,3728.0,1006,3726.0,564,nan,0,nan,0,nan,0,nan,0,nan,0,nan,0,nan,0,nan,0
1597988466327659008,1597988466744999936,2020-08-21 13:41:06.745000,3726.0,3750.0,3716.0,3728.0,nan,3730.0,456301,8510013650.0,1263952,3728.0,1008,3726.0,561,nan,0,nan,0,nan,0,nan,0,nan,0,nan,0,nan,0,nan,0
1597988466807593984,1597988467242000128,2020-08-21 13:41:07.242000,3726.0,3750.0,3716.0,3728.0,nan,3730.0,456302,8510032300.0,1263953,3728.0,1008,3726.0,560,nan,0,nan,0,nan,0,nan,0,nan,0,nan,0,nan,0,nan,0
1597988467309088000,1597988467708000000,2020-08-21 13:41:07.708000,3726.0,3750.0,3716.0,3728.0,nan,3730.0,456306,8510106900.0,1263953,3728.0,1009,3726.0,556,nan,0,nan,0,nan,0,nan,0,nan,0,nan,0,nan,0,nan,0
1597988467804868096,1597988468187000064,2020-08-21 13:41:08.187000,3726.0,3750.0,3716.0,3728.0,nan,3730.0,456306,8510106900.0,1263953,3728.0,1009,3726.0,555,nan,0,nan,0,nan,0,nan,0,nan,0,nan,0,nan,0,nan,0
1597988468307298048,1597988468670000128,2020-08-21 13:41:08.670000,3726.0,3750.0,3716.0,3728.0,nan,3730.0,456646,8516447900.0,1263914,3728.0,1012,3726.0,223,nan,0,nan,0,nan,0,nan,0,nan,0,nan,0,nan,0,nan,0
1597988468811654912,1597988469217999872,2020-08-21 13:41:09.218000,3726.0,3750.0,3716.0,3728.0,nan,3730.0,456891,8521017150.0,1264063,3726.0,439,3724.0,1179,nan,0,nan,0,nan,0,nan,0,nan,0,nan,0,nan,0,nan,0
1597988469315105024,1597988469713999872,2020-08-21 13:41:09.714000,3724.0,3750.0,3716.0,3728.0,nan,3730.0,456892,8521035800.0,1264064,3726.0,606,3724.0,1175,nan,0,nan,0,nan,0,nan,0,nan,0,nan,0,nan,0,nan,0
1597988469816465920,1597988470233999872,2020-08-21 13:41:10.234000,3724.0,3750.0,3716.0,3728.0,nan,3730.0,456893,8521054450.0,1264064,3726.0,669,3724.0,1176,nan,0,nan,0,nan,0,nan,0,nan,0,nan,0,nan,0,nan,0
1597988470309376000,1597988470730000128,2020-08-21 13:41:10.730000,3724.0,3750.0,3716.0,3728.0,nan,3730.0,456972,8522527800.0,1264088,3726.0,710,3724.0,1115,nan,0,nan,0,nan,0,nan,0,nan,0,nan,0,nan,0,nan,0
1597988470809609984,1597988471236000000,2020-08-21 13:41:11.236000,3724.0,3750.0,3716.0,3728.0,nan,3730.0,456978,8522639700.0,1264088,3726.0,737,3724.0,1109,nan,0,nan,0,nan,0,nan,0,nan,0,nan,0,nan,0,nan,0
1597988471319162112,1597988471719000064,2020-08-21 13:41:11.719000,3724.0,3750.0,3716.0,3728.0,nan,3730.0,456979,8522658350.0,1264089,3726.0,737,3724.0,1108,nan,0,nan,0,nan,0,nan,0,nan,0,nan,0,nan,0,nan,0
1597988472316592128,1597988472744000000,2020-08-21 13:41:12.744000,3724.0,3750.0,3716.0,3728.0,nan,3730.0,456979,8522658350.0,1264089,3726.0,740,3724.0,1108,nan,0,nan,0,nan,0,nan,0,nan,0,nan,0,nan,0,nan,0
1597988472816226048,1597988473236000000,2020-08-21 13:41:13.236000,3726.0,3750.0,3716.0,3728.0,nan,3730.0,457006,8523161900.0,1264091,3726.0,715,3724.0,1106,nan,0,nan,0,nan,0,nan,0,nan,0,nan,0,nan,0,nan,0
1597988473311174912,1597988473736999936,2020-08-21 13:41:13.737000,3726.0,3750.0,3716.0,3728.0,nan,3730.0,457012,8523273800.0,1264094,3726.0,719,3724.0,1103,nan,0,nan,0,nan,0,nan,0,nan,0,nan,0,nan,0,nan,0
1597988473810667008,1597988474236000000,2020-08-21 13:41:14.236000,3726.0,3750.0,3716.0,3728.0,nan,3730.0,457020,8523423000.0,1264093,3726.0,704,3724.0,1100,nan,0,nan,0,nan,0,nan,0,nan,0,nan,0,nan,0,nan,0
1597988474307880960,1597988474733999872,2020-08-21 13:41:14.734000,3726.0,3750.0,3716.0,3728.0,nan,3730.0,457020,8523423000.0,1264093,3726.0,717,3724.0,1100,nan,0,nan,0,nan,0,nan,0,nan,0,nan,0,nan,0,nan,0
1597988474806177024,1597988475232000000,2020-08-21 13:41:15.232000,3726.0,3750.0,3716.0,3728.0,nan,3730.0,457020,8523423000.0,1264093,3726.0,717,3724.0,1101,nan,0,nan,0,nan,0,nan,0,nan,0,nan,0,nan,0,nan,0
1597988475319271936,1597988475724999936,2020-08-21 13:41:15.725000,3724.0,3750.0,3716.0,3728.0,nan,3730.0,457021,8523441650.0,1264094,3726.0,717,3724.0,1100,nan,0,nan,0,nan,0,nan,0,nan,0,nan,0,nan,0,nan,0
1597988475805585920,1597988476232000000,2020-08-21 13:41:16.232000,3724.0,3750.0,3716.0,3728.0,nan,3730.0,457103,8524970950.0,1264140,3726.0,705,3724.0,1020,nan,0,nan,0,nan,0,nan,0,nan,0,nan,0,nan,0,nan,0
1597988476309720064,1597988476743000064,2020-08-21 13:41:16.743000,3726.0,3750.0,3716.0,3728.0,nan,3730.0,457118,8525250700.0,1264153,3726.0,770,3724.0,1006,nan,0,nan,0,nan,0,nan,0,nan,0,nan,0,nan,0,nan,0
1597988476813149952,1597988477193000192,2020-08-21 13:41:17.193000,3726.0,3750.0,3716.0,3728.0,nan,3730.0,457118,8525250700.0,1264153,3726.0,774,3724.0,977,nan,0,nan,0,nan,0,nan,0,nan,0,nan,0,nan,0,nan,0
1597988477811757056,1597988478232000000,2020-08-21 13:41:18.232000,3724.0,3750.0,3716.0,3728.0,nan,3730.0,457119,8525269350.0,1264153,3726.0,764,3724.0,976,nan,0,nan,0,nan,0,nan,0,nan,0,nan,0,nan,0,nan,0
1597988478341807104,1597988478742000128,2020-08-21 13:41:18.742000,3724.0,3750.0,3716.0,3728.0,nan,3730.0,457119,8525269350.0,1264153,3726.0,777,3724.0,976,nan,0,nan,0,nan,0,nan,0,nan,0,nan,0,nan,0,nan,0
1597988478808328960,1597988479240999936,2020-08-21 13:41:19.241000,3724.0,3750.0,3716.0,3728.0,nan,3730.0,457119,8525269350.0,1264153,3726.0,777,3724.0,1012,nan,0,nan,0,nan,0,nan,0,nan,0,nan,0,nan,0,nan,0
1597988479315109120,1597988479746000128,2020-08-21 13:41:19.746000,3724.0,3750.0,3716.0,3728.0,nan,3730.0,457120,8525288000.0,1264154,3726.0,777,3724.0,1011,nan,0,nan,0,nan,0,nan,0,nan,0,nan,0,nan,0,nan,0
1597988479807326976,1597988480232000000,2020-08-21 13:41:20.232000,3724.0,3750.0,3716.0,3728.0,nan,3730.0,457120,8525288000.0,1264154,3726.0,766,3724.0,1011,nan,0,nan,0,nan,0,nan,0,nan,0,nan,0,nan,0,nan,0
1597988480328029952,1597988480733999872,2020-08-21 13:41:20.734000,3726.0,3750.0,3716.0,3728.0,nan,3730.0,457122,8525325300.0,1264154,3726.0,858,3724.0,1011,nan,0,nan,0,nan,0,nan,0,nan,0,nan,0,nan,0,nan,0
1597988480816122880,1597988481242000128,2020-08-21 13:41:21.242000,3726.0,3750.0,3716.0,3728.0,nan,3730.0,457223,8527208950.0,1264154,3726.0,715,3724.0,1011,nan,0,nan,0,nan,0,nan,0,nan,0,nan,0,nan,0,nan,0
1597988481309680128,1597988481740999936,2020-08-21 13:41:21.741000,3726.0,3750.0,3716.0,3728.0,nan,3730.0,457223,8527208950.0,1264154,3726.0,708,3724.0,1018,nan,0,nan,0,nan,0,nan,0,nan,0,nan,0,nan,0,nan,0
1597988481826674944,1597988482243000064,2020-08-21 13:41:22.243000,3724.0,3750.0,3716.0,3728.0,nan,3730.0,457224,8527227600.0,1264155,3726.0,755,3724.0,1018,nan,0,nan,0,nan,0,nan,0,nan,0,nan,0,nan,0,nan,0
1597988482311478016,1597988482739000064,2020-08-21 13:41:22.739000,3726.0,3750.0,3716.0,3728.0,nan,3730.0,457225,8527246250.0,1264155,3726.0,790,3724.0,1018,nan,0,nan,0,nan,0,nan,0,nan,0,nan,0,nan,0,nan,0
1597988482818452992,1597988483240000000,2020-08-21 13:41:23.240000,3726.0,3750.0,3716.0,3728.0,nan,3730.0,457229,8527320850.0,1264151,3726.0,807,3724.0,1018,nan,0,nan,0,nan,0,nan,0,nan,0,nan,0,nan,0,nan,0
1597988483314042112,1597988483746000128,2020-08-21 13:41:23.746000,3726.0,3750.0,3716.0,3728.0,nan,3730.0,457231,8527358150.0,1264149,3726.0,815,3724.0,1017,nan,0,nan,0,nan,0,nan,0,nan,0,nan,0,nan,0,nan,0
1597988483816148992,1597988484239000064,2020-08-21 13:41:24.239000,3726.0,3750.0,3716.0,3728.0,nan,3730.0,457235,8527432750.0,1264145,3726.0,801,3724.0,1017,nan,0,nan,0,nan,0,nan,0,nan,0,nan,0,nan,0,nan,0
1597988484318248960,1597988484732000000,2020-08-21 13:41:24.732000,3724.0,3750.0,3716.0,3728.0,nan,3730.0,457244,8527600600.0,1264145,3726.0,815,3724.0,1008,nan,0,nan,0,nan,0,nan,0,nan,0,nan,0,nan,0,nan,0
1597988484823929088,1597988485237999872,2020-08-21 13:41:25.238000,3724.0,3750.0,3716.0,3728.0,nan,3730.0,457244,8527600600.0,1264145,3726.0,805,3724.0,1008,nan,0,nan,0,nan,0,nan,0,nan,0,nan,0,nan,0,nan,0
1597988485317639936,1597988485655000064,2020-08-21 13:41:25.655000,3724.0,3750.0,3716.0,3728.0,nan,3730.0,457244,8527600600.0,1264145,3726.0,809,3724.0,1008,nan,0,nan,0,nan,0,nan,0,nan,0,nan,0,nan,0,nan,0
1597988485810427904,1597988486210000128,2020-08-21 13:41:26.210000,3724.0,3750.0,3716.0,3728.0,nan,3730.0,457246,8527637900.0,1264146,3726.0,803,3724.0,1006,nan,0,nan,0,nan,0,nan,0,nan,0,nan,0,nan,0,nan,0
1597988486305382912,1597988486736000000,2020-08-21 13:41:26.736000,3724.0,3750.0,3716.0,3728.0,nan,3730.0,457246,8527637900.0,1264146,3726.0,815,3724.0,1006,nan,0,nan,0,nan,0,nan,0,nan,0,nan,0,nan,0,nan,0
1597988486816327936,1597988487246000128,2020-08-21 13:41:27.246000,3724.0,3750.0,3716.0,3728.0,nan,3730.0,457347,8529521550.0,1264147,3726.0,712,3724.0,1019,nan,0,nan,0,nan,0,nan,0,nan,0,nan,0,nan,0,nan,0
1597988487318989056,1597988487737999872,2020-08-21 13:41:27.738000,3726.0,3750.0,3716.0,3728.0,nan,3730.0,457348,8529540200.0,1264147,3726.0,677,3724.0,1019,nan,0,nan,0,nan,0,nan,0,nan,0,nan,0,nan,0,nan,0
1597988487808128000,1597988488209000192,2020-08-21 13:41:28.209000,3724.0,3750.0,3716.0,3728.0,nan,3730.0,457350,8529577500.0,1264147,3726.0,729,3724.0,1017,nan,0,nan,0,nan,0,nan,0,nan,0,nan,0,nan,0,nan,0
1597988488313988096,1597988488746000128,2020-08-21 13:41:28.746000,3724.0,3750.0,3716.0,3728.0,nan,3730.0,457377,8530081050.0,1264174,3726.0,751,3724.0,990,nan,0,nan,0,nan,0,nan,0,nan,0,nan,0,nan,0,nan,0
1597988488899272960,1597988489240999936,2020-08-21 13:41:29.241000,3724.0,3750.0,3716.0,3728.0,nan,3730.0,457429,8531050850.0,1264201,3726.0,752,3724.0,937,nan,0,nan,0,nan,0,nan,0,nan,0,nan,0,nan,0,nan,0
1597988489323601920,1597988489736999936,2020-08-21 13:41:29.737000,3724.0,3750.0,3716.0,3728.0,nan,3730.0,457432,8531106800.0,1264204,3726.0,752,3724.0,934,nan,0,nan,0,nan,0,nan,0,nan,0,nan,0,nan,0,nan,0
1597988489813765120,1597988490196000000,2020-08-21 13:41:30.196000,3726.0,3750.0,3716.0,3728.0,nan,3730.0,457434,8531144100.0,1264204,3726.0,750,3724.0,936,nan,0,nan,0,nan,0,nan,0,nan,0,nan,0,nan,0,nan,0
1597988490331960064,1597988490744000000,2020-08-21 13:41:30.744000,3724.0,3750.0,3716.0,3728.0,nan,3730.0,457436,8531181400.0,1264206,3726.0,752,3724.0,934,nan,0,nan,0,nan,0,nan,0,nan,0,nan,0,nan,0,nan,0
1597988491321544960,1597988491728000000,2020-08-21 13:41:31.728000,3724.0,3750.0,3716.0,3728.0,nan,3730.0,457449,8531423850.0,1264195,3726.0,754,3724.0,922,nan,0,nan,0,nan,0,nan,0,nan,0,nan,0,nan,0,nan,0
1597988491820396032,1597988492224000000,2020-08-21 13:41:32.224000,3724.0,3750.0,3716.0,3728.0,nan,3730.0,457450,8531442500.0,1264195,3726.0,757,3724.0,922,nan,0,nan,0,nan,0,nan,0,nan,0,nan,0,nan,0,nan,0
1597988492318274048,1597988492744000000,2020-08-21 13:41:32.744000,3724.0,3750.0,3716.0,3728.0,nan,3730.0,457451,8531461150.0,1264195,3726.0,774,3724.0,921,nan,0,nan,0,nan,0,nan,0,nan,0,nan,0,nan,0,nan,0
1597988492821971968,1597988493237999872,2020-08-21 13:41:33.238000,3724.0,3750.0,3716.0,3728.0,nan,3730.0,457453,8531498450.0,1264197,3726.0,774,3724.0,919,nan,0,nan,0,nan,0,nan,0,nan,0,nan,0,nan,0,nan,0
1597988493316710912,1597988493742000128,2020-08-21 13:41:33.742000,3724.0,3750.0,3716.0,3728.0,nan,3730.0,457458,8531591700.0,1264197,3726.0,774,3724.0,924,nan,0,nan,0,nan,0,nan,0,nan,0,nan,0,nan,0,nan,0
1597988493824163072,1597988494226000128,2020-08-21 13:41:34.226000,3726.0,3750.0,3716.0,3728.0,nan,3730.0,457463,8531684950.0,1264193,3726.0,783,3724.0,923,nan,0,nan,0,nan,0,nan,0,nan,0,nan,0,nan,0,nan,0
1597988494310632960,1597988494744000000,2020-08-21 13:41:34.744000,3724.0,3750.0,3716.0,3728.0,nan,3730.0,457464,8531703600.0,1264193,3726.0,785,3724.0,923,nan,0,nan,0,nan,0,nan,0,nan,0,nan,0,nan,0,nan,0
1597988494809246976,1597988495226000128,2020-08-21 13:41:35.226000,3726.0,3750.0,3716.0,3728.0,nan,3730.0,457470,8531815500.0,1264193,3726.0,784,3724.0,920,nan,0,nan,0,nan,0,nan,0,nan,0,nan,0,nan,0,nan,0
1597988495316128000,1597988495746000128,2020-08-21 13:41:35.746000,3726.0,3750.0,3716.0,3728.0,nan,3730.0,457470,8531815500.0,1264193,3726.0,786,3724.0,921,nan,0,nan,0,nan,0,nan,0,nan,0,nan,0,nan,0,nan,0
1597988496317156096,1597988496723000064,2020-08-21 13:41:36.723000,3724.0,3750.0,3716.0,3728.0,nan,3730.0,457474,8531890100.0,1264189,3726.0,789,3724.0,918,nan,0,nan,0,nan,0,nan,0,nan,0,nan,0,nan,0,nan,0
1597988496815377920,1597988497244999936,2020-08-21 13:41:37.245000,3724.0,3750.0,3716.0,3728.0,nan,3730.0,457474,8531890100.0,1264189,3726.0,789,3724.0,919,nan,0,nan,0,nan,0,nan,0,nan,0,nan,0,nan,0,nan,0
1597988497316227072,1597988497704000000,2020-08-21 13:41:37.704000,3724.0,3750.0,3716.0,3728.0,nan,3730.0,457474,8531890100.0,1264189,3726.0,818,3724.0,919,nan,0,nan,0,nan,0,nan,0,nan,0,nan,0,nan,0,nan,0
1597988497829498112,1597988498239000064,2020-08-21 13:41:38.239000,3726.0,3750.0,3716.0,3728.0,nan,3730.0,457475,8531908750.0,1264189,3726.0,817,3724.0,919,nan,0,nan,0,nan,0,nan,0,nan,0,nan,0,nan,0,nan,0
1597988498315430912,1597988498732000000,2020-08-21 13:41:38.732000,3726.0,3750.0,3716.0,3728.0,nan,3730.0,457476,8531927400.0,1264188,3726.0,818,3724.0,919,nan,0,nan,0,nan,0,nan,0,nan,0,nan,0,nan,0,nan,0
1597988498810949120,1597988499196999936,2020-08-21 13:41:39.197000,3724.0,3750.0,3716.0,3728.0,nan,3730.0,457477,8531946050.0,1264188,3726.0,818,3724.0,922,nan,0,nan,0,nan,0,nan,0,nan,0,nan,0,nan,0,nan,0
1597988499313475072,1597988499736999936,2020-08-21 13:41:39.737000,3724.0,3750.0,3716.0,3728.0,nan,3730.0,457480,8532002000.0,1264188,3726.0,833,3724.0,919,nan,0,nan,0,nan,0,nan,0,nan,0,nan,0,nan,0,nan,0
1597988499819226112,1597988500219000064,2020-08-21 13:41:40.219000,3724.0,3750.0,3716.0,3728.0,nan,3730.0,457480,8532002000.0,1264188,3726.0,833,3724.0,920,nan,0,nan,0,nan,0,nan,0,nan,0,nan,0,nan,0,nan,0
1597988500320193024,1597988500740000000,2020-08-21 13:41:40.740000,3724.0,3750.0,3716.0,3728.0,nan,3730.0,457517,8532692050.0,1264224,3726.0,839,3724.0,883,nan,0,nan,0,nan,0,nan,0,nan,0,nan,0,nan,0,nan,0
1597988500822755072,1597988501243000064,2020-08-21 13:41:41.243000,3724.0,3750.0,3716.0,3728.0,nan,3730.0,457557,8533438050.0,1264263,3726.0,843,3724.0,843,nan,0,nan,0,nan,0,nan,0,nan,0,nan,0,nan,0,nan,0
