local_nano_time,quote_nano_time,datetime,last_price,highest,lowest,open,close,average,volume,amount,open_interest,ask_price1,ask_volume1,bid_price1,bid_volume1,ask_price2,ask_volume2,bid_price2,bid_volume2,ask_price3,ask_volume3,bid_price3,bid_volume3,ask_price4,ask_volume4,bid_price4,bid_volume4,ask_price5,ask_volume5,bid_price5,bid_volume5
1597988226568752896,1597988226913000192,2020-08-21 13:37:06.913000,6540.0,6605.8,6523.0,6540.0,nan,6563.508,83476,109579077360.0,116065,6539.8,2,6538.6,1,nan,0,nan,0,nan,0,nan,0,nan,0,nan,0,nan,0,nan,0
1597988227077241088,1597988227436000000,2020-08-21 13:37:07.436000,6540.0,6605.8,6523.0,6540.0,nan,6563.508,83476,109579077360.0,116065,6539.0,1,6538.6,1,nan,0,nan,0,nan,0,nan,0,nan,0,nan,0,nan,0,nan,0
1597988227562855936,1597988227936000000,2020-08-21 13:37:07.936000,6539.0,6605.8,6523.0,6540.0,nan,6563.507,83479,109583000920.0,116067,6538.8,2,6538.6,1,nan,0,nan,0,nan,0,nan,0,nan,0,nan,0,nan,0,nan,0
1597988228079693056,1597988228427000064,2020-08-21 13:37:08.427000,6538.8,6605.8,6523.0,6540.0,nan,6563.504,83488,109594770760.0,116072,6538.8,1,6538.6,1,nan,0,nan,0,nan,0,nan,0,nan,0,nan,0,nan,0,nan,0
1597988228560218112,1597988228901999872,2020-08-21 13:37:08.902000,6538.8,6605.8,6523.0,6540.0,nan,6563.504,83490,109597386280.0,116073,6539.8,2,6539.0,1,nan,0,nan,0,nan,0,nan,0,nan,0,nan,0,nan,0,nan,0
1597988229081423104,1597988229431000064,2020-08-21 13:37:09.431000,6539.8,6605.8,6523.0,6540.0,nan,6563.504,83491,109598694240.0,116074,6539.8,1,6538.8,3,nan,0,nan,0,nan,0,nan,0,nan,0,nan,0,nan,0,nan,0
1597988229562113024,1597988229932000000,2020-08-21 13:37:09.932000,6540.0,6605.8,6523.0,6540.0,nan,6563.503,83494,109602618200.0,116075,6540.0,2,6539.0,3,nan,0,nan,0,nan,0,nan,0,nan,0,nan,0,nan,0,nan,0
1597988230067343104,1597988230432000000,2020-08-21 13:37:10.432000,6540.0,6605.8,6523.0,6540.0,nan,6563.502,83498,109607850200.0,116075,6540.8,2,6540.4,2,nan,0,nan,0,nan,0,nan,0,nan,0,nan,0,nan,0,nan,0
1597988230551179008,1597988230935000064,2020-08-21 13:37:10.935000,6539.2,6605.8,6523.0,6540.0,nan,6563.501,83500,109610465920.0,116074,6540.2,3,6539.0,3,nan,0,nan,0,nan,0,nan,0,nan,0,nan,0,nan,0,nan,0
1597988231048416000,1597988231436999936,2020-08-21 13:37:11.437000,6539.8,6605.8,6523.0,6540.0,nan,6563.5,83502,109613081840.0,116075,6540.2,1,6540.0,2,nan,0,nan,0,nan,0,nan,0,nan,0,nan,0,nan,0,nan,0
1597988231559441920,1597988231910000128,2020-08-21 13:37:11.910000,6540.0,6605.8,6523.0,6540.0,nan,6563.499,83506,109618313680.0,116079,6539.8,1,6539.0,1,nan,0,nan,0,nan,0,nan,0,nan,0,nan,0,nan,0,nan,0
1597988232043612928,1597988232423000064,2020-08-21 13:37:12.423000,6538.8,6605.8,6523.0,6540.0,nan,6563.499,83507,109619621440.0,116080,6540.0,1,6538.8,2,nan,0,nan,0,nan,0,nan,0,nan,0,nan,0,nan,0,nan,0
1597988232540983040,1597988232932000000,2020-08-21 13:37:12.932000,6539.0,6605.8,6523.0,6540.0,nan,6563.499,83508,109620929240.0,116081,6539.0,1,6538.8,2,nan,0,nan,0,nan,0,nan,0,nan,0,nan,0,nan,0,nan,0
1597988233042792960,1597988233405999872,2020-08-21 13:37:13.406000,6539.8,6605.8,6523.0,6540.0,nan,6563.497,83514,109628776280.0,116084,6540.0,1,6539.8,1,nan,0,nan,0,nan,0,nan,0,nan,0,nan,0,nan,0,nan,0
1597988233545124096,1597988233912000000,2020-08-21 13:37:13.912000,6539.8,6605.8,6523.0,6540.0,nan,6563.497,83515,109630084240.0,116085,6540.0,2,6539.8,2,nan,0,nan,0,nan,0,nan,0,nan,0,nan,0,nan,0,nan,0
1597988234047983104,1597988234427000064,2020-08-21 13:37:14.427000,6539.8,6605.8,6523.0,6540.0,nan,6563.497,83515,109630084240.0,116085,6540.0,2,6539.8,2,nan,0,nan,0,nan,0,nan,0,nan,0,nan,0,nan,0,nan,0
1597988234552612096,1597988234937999872,2020-08-21 13:37:14.938000,6540.0,6605.8,6523.0,6540.0,nan,6563.496,83517,109632700240.0,116087,6540.8,1,6540.0,1,nan,0,nan,0,nan,0,nan,0,nan,0,nan,0,nan,0,nan,0
1597988235035831040,1597988235413000192,2020-08-21 13:37:15.413000,6541.0,6605.8,6523.0,6540.0,nan,6563.495,83520,109636624600.0,116090,6541.0,4,6540.0,1,nan,0,nan,0,nan,0,nan,0,nan,0,nan,0,nan,0,nan,0
1597988235542763008,1597988235905999872,2020-08-21 13:37:15.906000,6540.8,6605.8,6523.0,6540.0,nan,6563.495,83522,109639240800.0,116091,6541.0,4,6540.0,1,nan,0,nan,0,nan,0,nan,0,nan,0,nan,0,nan,0,nan,0
1597988236046323968,1597988236432000000,2020-08-21 13:37:16.432000,6540.0,6605.8,6523.0,6540.0,nan,6563.494,83523,109640548800.0,116092,6541.0,4,6539.8,2,nan,0,nan,0,nan,0,nan,0,nan,0,nan,0,nan,0,nan,0
1597988236546405120,1597988236918999808,2020-08-21 13:37:16.919000,6540.0,6605.8,6523.0,6540.0,nan,6563.494,83523,109640548800.0,116092,6540.0,2,6539.8,2,nan,0,nan,0,nan,0,nan,0,nan,0,nan,0,nan,0,nan,0
1597988237053054976,1597988237435000064,2020-08-21 13:37:17.435000,6538.6,6605.8,6523.0,6540.0,nan,6563.493,83528,109647088000.0,116097,6538.2,3,6538.0,5,nan,0,nan,0,nan,0,nan,0,nan,0,nan,0,nan,0,nan,0
1597988237554224128,1597988237934000128,2020-08-21 13:37:17.934000,6538.0,6605.8,6523.0,6540.0,nan,6563.49,83537,109658856400.0,116099,6538.0,2,6537.8,1,nan,0,nan,0,nan,0,nan,0,nan,0,nan,0,nan,0,nan,0
1597988238048833024,1597988238430000128,2020-08-21 13:37:18.430000,6538.0,6605.8,6523.0,6540.0,nan,6563.488,83544,109668009560.0,116104,6539.6,5,6538.6,1,nan,0,nan,0,nan,0,nan,0,nan,0,nan,0,nan,0,nan,0
1597988238552946944,1597988238932000000,2020-08-21 13:37:18.932000,6538.0,6605.8,6523.0,6540.0,nan,6563.487,83547,109671932480.0,116102,6538.0,1,6537.4,3,nan,0,nan,0,nan,0,nan,0,nan,0,nan,0,nan,0,nan,0
1597988239056864000,1597988239420999936,2020-08-21 13:37:19.421000,6538.0,6605.8,6523.0,6540.0,nan,6563.487,83548,109673240080.0,116103,6538.6,1,6537.4,5,nan,0,nan,0,nan,0,nan,0,nan,0,nan,0,nan,0,nan,0
1597988239561041920,1597988239932000000,2020-08-21 13:37:19.932000,6537.8,6605.8,6523.0,6540.0,nan,6563.486,83550,109675855360.0,116105,6539.2,1,6537.6,1,nan,0,nan,0,nan,0,nan,0,nan,0,nan,0,nan,0,nan,0
1597988240067732992,1597988240416999936,2020-08-21 13:37:20.417000,6537.8,6605.8,6523.0,6540.0,nan,6563.486,83552,109678470480.0,116107,6538.6,2,6537.6,1,nan,0,nan,0,nan,0,nan,0,nan,0,nan,0,nan,0,nan,0
1597988240551619072,1597988240916000000,2020-08-21 13:37:20.916000,6537.8,6605.8,6523.0,6540.0,nan,6563.486,83552,109678470480.0,116107,6538.2,1,6537.6,1,nan,0,nan,0,nan,0,nan,0,nan,0,nan,0,nan,0,nan,0
1597988241068539904,1597988241423000064,2020-08-21 13:37:21.423000,6537.6,6605.8,6523.0,6540.0,nan,6563.483,83559,109687622960.0,116109,6538.0,1,6537.4,1,nan,0,nan,0,nan,0,nan,0,nan,0,nan,0,nan,0,nan,0
1597988241573027072,1597988241936000000,2020-08-21 13:37:21.936000,6537.0,6605.8,6523.0,6540.0,nan,6563.482,83565,109695467600.0,116113,6537.0,1,6536.6,2,nan,0,nan,0,nan,0,nan,0,nan,0,nan,0,nan,0,nan,0
1597988242076994048,1597988242423000064,2020-08-21 13:37:22.423000,6538.0,6605.8,6523.0,6540.0,nan,6563.481,83566,109696775200.0,116113,6538.0,1,6537.8,1,nan,0,nan,0,nan,0,nan,0,nan,0,nan,0,nan,0,nan,0
1597988242569765120,1597988242935000064,2020-08-21 13:37:22.935000,6536.6,6605.8,6523.0,6540.0,nan,6563.48,83569,109700697480.0,116115,6537.2,1,6536.6,1,nan,0,nan,0,nan,0,nan,0,nan,0,nan,0,nan,0,nan,0
1597988243071268096,1597988243432000000,2020-08-21 13:37:23.432000,6536.6,6605.8,6523.0,6540.0,nan,6563.48,83569,109700697480.0,116115,6537.2,2,6536.6,1,nan,0,nan,0,nan,0,nan,0,nan,0,nan,0,nan,0,nan,0
1597988243579137024,1597988243917999872,2020-08-21 13:37:23.918000,6536.6,6605.8,6523.0,6540.0,nan,6563.48,83569,109700697480.0,116115,6537.0,2,6536.6,1,nan,0,nan,0,nan,0,nan,0,nan,0,nan,0,nan,0,nan,0
1597988244070202112,1597988244433000192,2020-08-21 13:37:24.433000,6536.0,6605.8,6523.0,6540.0,nan,6563.479,83573,109705926800.0,116118,6537.2,2,6535.4,4,nan,0,nan,0,nan,0,nan,0,nan,0,nan,0,nan,0,nan,0
1597988244561904896,1597988244932000000,2020-08-21 13:37:24.932000,6537.2,6605.8,6523.0,6540.0,nan,6563.478,83576,109709848920.0,116118,6537.6,1,6536.6,4,nan,0,nan,0,nan,0,nan,0,nan,0,nan,0,nan,0,nan,0
1597988245074213888,1597988245427000064,2020-08-21 13:37:25.427000,6536.6,6605.8,6523.0,6540.0,nan,6563.477,83581,109716386200.0,116121,6537.4,1,6536.6,2,nan,0,nan,0,nan,0,nan,0,nan,0,nan,0,nan,0,nan,0
1597988245562235904,1597988245882999808,2020-08-21 13:37:25.883000,6536.6,6605.8,6523.0,6540.0,nan,6563.476,83584,109720308320.0,116123,6537.8,2,6536.0,1,nan,0,nan,0,nan,0,nan,0,nan,0,nan,0,nan,0,nan,0
1597988246100794880,1597988246423000064,2020-08-21 13:37:26.423000,6536.2,6605.8,6523.0,6540.0,nan,6563.475,83585,109721615560.0,116123,6536.4,5,6536.2,1,nan,0,nan,0,nan,0,nan,0,nan,0,nan,0,nan,0,nan,0
1597988246577867008,1597988246932000000,2020-08-21 13:37:26.932000,6536.0,6605.8,6523.0,6540.0,nan,6563.473,83592,109730766360.0,116127,6536.4,2,6535.6,2,nan,0,nan,0,nan,0,nan,0,nan,0,nan,0,nan,0,nan,0
1597988247061284096,1597988247436999936,2020-08-21 13:37:27.437000,6536.4,6605.8,6523.0,6540.0,nan,6563.472,83594,109733380920.0,116129,6536.6,1,6536.0,20,nan,0,nan,0,nan,0,nan,0,nan,0,nan,0,nan,0,nan,0
1597988247572052992,1597988247912000000,2020-08-21 13:37:27.912000,6536.6,6605.8,6523.0,6540.0,nan,6563.47,83602,109743839480.0,116133,6537.8,2,6536.8,2,nan,0,nan,0,nan,0,nan,0,nan,0,nan,0,nan,0,nan,0
1597988248070309120,1597988248420999936,2020-08-21 13:37:28.421000,6537.8,6605.8,6523.0,6540.0,nan,6563.469,83604,109746454600.0,116133,6539.2,1,6537.2,4,nan,0,nan,0,nan,0,nan,0,nan,0,nan,0,nan,0,nan,0
1597988248559194112,1597988248938999808,2020-08-21 13:37:28.939000,6537.6,6605.8,6523.0,6540.0,nan,6563.469,83605,109747762120.0,116132,6537.6,3,6537.2,2,nan,0,nan,0,nan,0,nan,0,nan,0,nan,0,nan,0,nan,0
1597988249058329088,1597988249420000000,2020-08-21 13:37:29.420000,6536.6,6605.8,6523.0,6540.0,nan,6563.468,83609,109752991760.0,116133,6539.6,2,6537.0,1,nan,0,nan,0,nan,0,nan,0,nan,0,nan,0,nan,0,nan,0
1597988249556055040,1597988249930000128,2020-08-21 13:37:29.930000,6537.0,6605.8,6523.0,6540.0,nan,6563.466,83613,109758221480.0,116132,6537.8,2,6536.6,1,nan,0,nan,0,nan,0,nan,0,nan,0,nan,0,nan,0,nan,0
1597988250071197952,1597988250435000064,2020-08-21 13:37:30.435000,6537.0,6605.8,6523.0,6540.0,nan,6563.466,83613,109758221480.0,116132,6537.6,2,6536.8,1,nan,0,nan,0,nan,0,nan,0,nan,0,nan,0,nan,0,nan,0
1597988250573805056,1597988250933000192,2020-08-21 13:37:30.933000,6536.6,6605.8,6523.0,6540.0,nan,6563.466,83615,109760836160.0,116131,6536.8,1,6536.6,1,nan,0,nan,0,nan,0,nan,0,nan,0,nan,0,nan,0,nan,0
1597988251071183104,1597988251436000000,2020-08-21 13:37:31.436000,6536.0,6605.8,6523.0,6540.0,nan,6563.464,83620,109767372600.0,116133,6536.6,1,6536.0,21,nan,0,nan,0,nan,0,nan,0,nan,0,nan,0,nan,0,nan,0
1597988251558260992,1597988251914000128,2020-08-21 13:37:31.914000,6536.6,6605.8,6523.0,6540.0,nan,6563.463,83624,109772601760.0,116134,6536.6,1,6536.0,20,nan,0,nan,0,nan,0,nan,0,nan,0,nan,0,nan,0,nan,0
1597988252576635904,1597988252933000192,2020-08-21 13:37:32.933000,6536.6,6605.8,6523.0,6540.0,nan,6563.463,83624,109772601760.0,116134,6536.2,2,6536.0,21,nan,0,nan,0,nan,0,nan,0,nan,0,nan,0,nan,0,nan,0
1597988253058383104,1597988253424000000,2020-08-21 13:37:33.424000,6536.2,6605.8,6523.0,6540.0,nan,6563.462,83627,109776523480.0,116134,6536.6,1,6536.0,20,nan,0,nan,0,nan,0,nan,0,nan,0,nan,0,nan,0,nan,0
1597988253576687104,1597988253898999808,2020-08-21 13:37:33.899000,6536.0,6605.8,6523.0,6540.0,nan,6563.459,83635,109786981080.0,116134,6536.4,1,6536.0,13,nan,0,nan,0,nan,0,nan,0,nan,0,nan,0,nan,0,nan,0
1597988254069640960,1597988254438999808,2020-08-21 13:37:34.439000,6535.0,6605.8,6523.0,6540.0,nan,6563.451,83660,109819659160.0,116142,6535.6,1,6534.6,1,nan,0,nan,0,nan,0,nan,0,nan,0,nan,0,nan,0,nan,0
1597988254571843072,1597988254935000064,2020-08-21 13:37:34.935000,6535.6,6605.8,6523.0,6540.0,nan,6563.449,83665,109826194600.0,116143,6534.4,1,6534.2,1,nan,0,nan,0,nan,0,nan,0,nan,0,nan,0,nan,0,nan,0
1597988255078095872,1597988255433000192,2020-08-21 13:37:35.433000,6536.0,6605.8,6523.0,6540.0,nan,6563.447,83670,109832730160.0,116146,6536.4,2,6536.0,11,nan,0,nan,0,nan,0,nan,0,nan,0,nan,0,nan,0,nan,0
1597988255588608000,1597988255931000064,2020-08-21 13:37:35.931000,6536.4,6605.8,6523.0,6540.0,nan,6563.446,83675,109839266560.0,116150,6536.8,3,6536.2,1,nan,0,nan,0,nan,0,nan,0,nan,0,nan,0,nan,0,nan,0
1597988256074071040,1597988256426000128,2020-08-21 13:37:36.426000,6536.8,6605.8,6523.0,6540.0,nan,6563.445,83678,109843188640.0,116152,6538.0,1,6536.8,2,nan,0,nan,0,nan,0,nan,0,nan,0,nan,0,nan,0,nan,0
1597988256587662080,1597988256924999936,2020-08-21 13:37:36.925000,6536.8,6605.8,6523.0,6540.0,nan,6563.445,83679,109844496000.0,116153,6538.0,4,6536.4,2,nan,0,nan,0,nan,0,nan,0,nan,0,nan,0,nan,0,nan,0
1597988257081701888,1597988257427000064,2020-08-21 13:37:37.427000,6537.2,6605.8,6523.0,6540.0,nan,6563.444,83680,109845803440.0,116154,6537.8,2,6536.4,3,nan,0,nan,0,nan,0,nan,0,nan,0,nan,0,nan,0,nan,0
1597988257588562944,1597988257933000192,2020-08-21 13:37:37.933000,6536.4,6605.8,6523.0,6540.0,nan,6563.444,83681,109847110720.0,116155,6537.8,4,6536.4,2,nan,0,nan,0,nan,0,nan,0,nan,0,nan,0,nan,0,nan,0
1597988258073071104,1597988258416999936,2020-08-21 13:37:38.417000,6536.4,6605.8,6523.0,6540.0,nan,6563.444,83682,109848418000.0,116156,6536.8,2,6536.6,1,nan,0,nan,0,nan,0,nan,0,nan,0,nan,0,nan,0,nan,0
1597988258574676992,1597988258935000064,2020-08-21 13:37:38.935000,6536.8,6605.8,6523.0,6540.0,nan,6563.442,83686,109853647320.0,116159,6536.8,4,6536.4,2,nan,0,nan,0,nan,0,nan,0,nan,0,nan,0,nan,0,nan,0
1597988259073620992,1597988259405999872,2020-08-21 13:37:39.406000,6536.8,6605.8,6523.0,6540.0,nan,6563.442,83686,109853647320.0,116159,6536.8,4,6536.4,2,nan,0,nan,0,nan,0,nan,0,nan,0,nan,0,nan,0,nan,0
1597988259581274880,1597988259921999872,2020-08-21 13:37:39.922000,6536.4,6605.8,6523.0,6540.0,nan,6563.442,83688,109856261880.0,116159,6536.4,1,6536.0,11,nan,0,nan,0,nan,0,nan,0,nan,0,nan,0,nan,0,nan,0
1597988260091160064,1597988260427000064,2020-08-21 13:37:40.427000,6536.0,6605.8,6523.0,6540.0,nan,6563.438,83700,109871948280.0,116168,6535.2,1,6534.8,1,nan,0,nan,0,nan,0,nan,0,nan,0,nan,0,nan,0,nan,0
1597988260573801984,1597988260932000000,2020-08-21 13:37:40.932000,6534.6,6605.8,6523.0,6540.0,nan,6563.436,83704,109877176240.0,116169,6534.6,3,6534.4,1,nan,0,nan,0,nan,0,nan,0,nan,0,nan,0,nan,0,nan,0
1597988261074021888,1597988261436000000,2020-08-21 13:37:41.436000,6534.6,6605.8,6523.0,6540.0,nan,6563.436,83704,109877176240.0,116169,6534.6,3,6534.4,1,nan,0,nan,0,nan,0,nan,0,nan,0,nan,0,nan,0,nan,0
1597988261574973952,1597988261931000064,2020-08-21 13:37:41.931000,6534.6,6605.8,6523.0,6540.0,nan,6563.435,83709,109883710840.0,116173,6535.2,2,6534.4,1,nan,0,nan,0,nan,0,nan,0,nan,0,nan,0,nan,0,nan,0
1597988262075133952,1597988262435000064,2020-08-21 13:37:42.435000,6534.6,6605.8,6523.0,6540.0,nan,6563.434,83710,109885017760.0,116173,6535.0,1,6534.4,1,nan,0,nan,0,nan,0,nan,0,nan,0,nan,0,nan,0,nan,0
1597988262579448064,1597988262910000128,2020-08-21 13:37:42.910000,6534.4,6605.8,6523.0,6540.0,nan,6563.429,83724,109903314000.0,116183,6534.4,5,6534.2,1,nan,0,nan,0,nan,0,nan,0,nan,0,nan,0,nan,0,nan,0
1597988263063223040,1597988263379000064,2020-08-21 13:37:43.379000,6534.4,6605.8,6523.0,6540.0,nan,6563.427,83731,109912461960.0,116189,6534.4,3,6534.0,32,nan,0,nan,0,nan,0,nan,0,nan,0,nan,0,nan,0,nan,0
1597988263580920064,1597988263930000128,2020-08-21 13:37:43.930000,6534.0,6605.8,6523.0,6540.0,nan,6563.425,83737,109920303000.0,116194,6535.2,2,6534.0,30,nan,0,nan,0,nan,0,nan,0,nan,0,nan,0,nan,0,nan,0
1597988264063384064,1597988264433000192,2020-08-21 13:37:44.433000,6535.0,6605.8,6523.0,6540.0,nan,6563.422,83745,109930758080.0,116199,6535.2,2,6534.0,27,nan,0,nan,0,nan,0,nan,0,nan,0,nan,0,nan,0,nan,0
1597988264561886976,1597988264935000064,2020-08-21 13:37:44.935000,6534.4,6605.8,6523.0,6540.0,nan,6563.422,83746,109932064960.0,116200,6535.2,2,6534.0,28,nan,0,nan,0,nan,0,nan,0,nan,0,nan,0,nan,0,nan,0
1597988265067956992,1597988265413000192,2020-08-21 13:37:45.413000,6535.2,6605.8,6523.0,6540.0,nan,6563.421,83748,109934679040.0,116200,6535.6,2,6535.2,5,nan,0,nan,0,nan,0,nan,0,nan,0,nan,0,nan,0,nan,0
1597988265559614976,1597988265935000064,2020-08-21 13:37:45.935000,6536.0,6605.8,6523.0,6540.0,nan,6563.418,83757,109946443120.0,116206,6536.8,1,6536.2,2,nan,0,nan,0,nan,0,nan,0,nan,0,nan,0,nan,0,nan,0
1597988266094448896,1597988266424999936,2020-08-21 13:37:46.425000,6536.8,6605.8,6523.0,6540.0,nan,6563.418,83758,109947750480.0,116207,6537.2,1,6536.2,2,nan,0,nan,0,nan,0,nan,0,nan,0,nan,0,nan,0,nan,0
1597988266564155904,1597988266924000000,2020-08-21 13:37:46.924000,6536.8,6605.8,6523.0,6540.0,nan,6563.418,83759,109949057840.0,116206,6537.2,1,6536.4,2,nan,0,nan,0,nan,0,nan,0,nan,0,nan,0,nan,0,nan,0
1597988267114533888,1597988267416999936,2020-08-21 13:37:47.417000,6536.8,6605.8,6523.0,6540.0,nan,6563.418,83759,109949057840.0,116206,6537.2,1,6536.6,1,nan,0,nan,0,nan,0,nan,0,nan,0,nan,0,nan,0,nan,0
1597988267578131968,1597988267938999808,2020-08-21 13:37:47.939000,6536.8,6605.8,6523.0,6540.0,nan,6563.418,83759,109949057840.0,116206,6537.2,1,6536.8,5,nan,0,nan,0,nan,0,nan,0,nan,0,nan,0,nan,0,nan,0
1597988268085016064,1597988268428999936,2020-08-21 13:37:48.429000,6536.8,6605.8,6523.0,6540.0,nan,6563.418,83759,109949057840.0,116206,6537.2,1,6537.0,1,nan,0,nan,0,nan,0,nan,0,nan,0,nan,0,nan,0,nan,0
1597988268588288000,1597988268924999936,2020-08-21 13:37:48.925000,6537.0,6605.8,6523.0,6540.0,nan,6563.417,83761,109951672680.0,116207,6537.4,1,6537.0,1,nan,0,nan,0,nan,0,nan,0,nan,0,nan,0,nan,0,nan,0
1597988269084677888,1597988269407000064,2020-08-21 13:37:49.407000,6536.8,6605.8,6523.0,6540.0,nan,6563.416,83763,109954287440.0,116209,6537.0,1,6536.8,4,nan,0,nan,0,nan,0,nan,0,nan,0,nan,0,nan,0,nan,0
1597988269580388096,1597988269923000064,2020-08-21 13:37:49.923000,6536.8,6605.8,6523.0,6540.0,nan,6563.415,83767,109959516880.0,116213,6537.0,1,6536.4,1,nan,0,nan,0,nan,0,nan,0,nan,0,nan,0,nan,0,nan,0
1597988270080520960,1597988270424000000,2020-08-21 13:37:50.424000,6536.4,6605.8,6523.0,6540.0,nan,6563.414,83769,109962131440.0,116214,6536.8,2,6536.2,2,nan,0,nan,0,nan,0,nan,0,nan,0,nan,0,nan,0,nan,0
1597988270569917952,1597988270935000064,2020-08-21 13:37:50.935000,6536.4,6605.8,6523.0,6540.0,nan,6563.414,83769,109962131440.0,116214,6536.6,1,6536.4,2,nan,0,nan,0,nan,0,nan,0,nan,0,nan,0,nan,0,nan,0
1597988271072006912,1597988271434000128,2020-08-21 13:37:51.434000,6536.8,6605.8,6523.0,6540.0,nan,6563.413,83772,109966053480.0,116216,6537.0,1,6536.4,2,nan,0,nan,0,nan,0,nan,0,nan,0,nan,0,nan,0,nan,0
1597988271568158976,1597988271913000192,2020-08-21 13:37:51.913000,6536.8,6605.8,6523.0,6540.0,nan,6563.413,83772,109966053480.0,116216,6537.0,1,6536.4,2,nan,0,nan,0,nan,0,nan,0,nan,0,nan,0,nan,0,nan,0
1597988272070033920,1597988272432000000,2020-08-21 13:37:52.432000,6536.8,6605.8,6523.0,6540.0,nan,6563.413,83772,109966053480.0,116216,6537.0,1,6536.4,2,nan,0,nan,0,nan,0,nan,0,nan,0,nan,0,nan,0,nan,0
1597988272570467072,1597988272932000000,2020-08-21 13:37:52.932000,6536.8,6605.8,6523.0,6540.0,nan,6563.413,83772,109966053480.0,116216,6537.0,2,6536.6,1,nan,0,nan,0,nan,0,nan,0,nan,0,nan,0,nan,0,nan,0
1597988273080724992,1597988273434000128,2020-08-21 13:37:53.434000,6536.6,6605.8,6523.0,6540.0,nan,6563.413,83773,109967360800.0,116217,6537.0,2,6536.8,2,nan,0,nan,0,nan,0,nan,0,nan,0,nan,0,nan,0,nan,0
1597988273566931968,1597988273932000000,2020-08-21 13:37:53.932000,6536.6,6605.8,6523.0,6540.0,nan,6563.413,83773,109967360800.0,116217,6537.0,2,6536.8,2,nan,0,nan,0,nan,0,nan,0,nan,0,nan,0,nan,0,nan,0
1597988274070639104,1597988274432000000,2020-08-21 13:37:54.432000,6536.6,6605.8,6523.0,6540.0,nan,6563.413,83774,109968668120.0,116218,6537.0,2,6536.8,1,nan,0,nan,0,nan,0,nan,0,nan,0,nan,0,nan,0,nan,0
1597988274568186112,1597988274931000064,2020-08-21 13:37:54.931000,6537.0,6605.8,6523.0,6540.0,nan,6563.411,83778,109973897680.0,116220,6537.2,1,6537.0,3,nan,0,nan,0,nan,0,nan,0,nan,0,nan,0,nan,0,nan,0
1597988275066014976,1597988275411000064,2020-08-21 13:37:55.411000,6537.2,6605.8,6523.0,6540.0,nan,6563.411,83780,109976512560.0,116221,6537.4,1,6537.2,1,nan,0,nan,0,nan,0,nan,0,nan,0,nan,0,nan,0,nan,0
1597988275569904896,1597988275917999872,2020-08-21 13:37:55.918000,6537.4,6605.8,6523.0,6540.0,nan,6563.411,83781,109977820040.0,116222,6538.0,1,6537.4,3,nan,0,nan,0,nan,0,nan,0,nan,0,nan,0,nan,0,nan,0
1597988276088790016,1597988276423000064,2020-08-21 13:37:56.423000,6537.4,6605.8,6523.0,6540.0,nan,6563.411,83781,109977820040.0,116222,6538.0,1,6537.6,2,nan,0,nan,0,nan,0,nan,0,nan,0,nan,0,nan,0,nan,0
1597988276578757120,1597988276926000128,2020-08-21 13:37:56.926000,6538.8,6605.8,6523.0,6540.0,nan,6563.41,83784,109981743040.0,116223,6538.8,1,6537.6,2,nan,0,nan,0,nan,0,nan,0,nan,0,nan,0,nan,0,nan,0
1597988277092167936,1597988277428999936,2020-08-21 13:37:57.429000,6538.8,6605.8,6523.0,6540.0,nan,6563.41,83784,109981743040.0,116223,6538.8,1,6538.0,2,nan,0,nan,0,nan,0,nan,0,nan,0,nan,0,nan,0,nan,0
1597988277580918016,1597988277920000000,2020-08-21 13:37:57.920000,6538.8,6605.8,6523.0,6540.0,nan,6563.41,83784,109981743040.0,116223,6538.8,1,6538.0,3,nan,0,nan,0,nan,0,nan,0,nan,0,nan,0,nan,0,nan,0
1597988278075243008,1597988278436000000,2020-08-21 13:37:58.436000,6538.0,6605.8,6523.0,6540.0,nan,6563.409,83785,109983050640.0,116224,6538.6,1,6538.0,2,nan,0,nan,0,nan,0,nan,0,nan,0,nan,0,nan,0,nan,0
1597988278569913088,1597988278937999872,2020-08-21 13:37:58.938000,6538.6,6605.8,6523.0,6540.0,nan,6563.409,83786,109984358360.0,116225,6538.8,1,6538.6,1,nan,0,nan,0,nan,0,nan,0,nan,0,nan,0,nan,0,nan,0
1597988279068544000,1597988279436000000,2020-08-21 13:37:59.436000,6538.6,6605.8,6523.0,6540.0,nan,6563.409,83786,109984358360.0,116225,6538.8,1,6538.6,1,nan,0,nan,0,nan,0,nan,0,nan,0,nan,0,nan,0,nan,0
1597988279574970112,1597988279936999936,2020-08-21 13:37:59.937000,6538.6,6605.8,6523.0,6540.0,nan,6563.409,83787,109985666080.0,116226,6538.8,1,6538.2,1,nan,0,nan,0,nan,0,nan,0,nan,0,nan,0,nan,0,nan,0
1597988280078947072,1597988280436000000,2020-08-21 13:38:00.436000,6538.8,6605.8,6523.0,6540.0,nan,6563.408,83788,109986973840.0,116225,6539.0,1,6538.4,1,nan,0,nan,0,nan,0,nan,0,nan,0,nan,0,nan,0,nan,0
1597988280573545984,1597988280933000192,2020-08-21 13:38:00.933000,6539.0,6605.8,6523.0,6540.0,nan,6563.408,83790,109989589440.0,116227,6538.6,1,6538.4,1,nan,0,nan,0,nan,0,nan,0,nan,0,nan,0,nan,0,nan,0
1597988281075045888,1597988281405999872,2020-08-21 13:38:01.406000,6538.4,6605.8,6523.0,6540.0,nan,6563.407,83792,109992204840.0,116227,6539.6,1,6538.2,1,nan,0,nan,0,nan,0,nan,0,nan,0,nan,0,nan,0,nan,0
1597988281586198016,1597988281924999936,2020-08-21 13:38:01.925000,6538.4,6605.8,6523.0,6540.0,nan,6563.407,83792,109992204840.0,116227,6539.4,3,6538.2,1,nan,0,nan,0,nan,0,nan,0,nan,0,nan,0,nan,0,nan,0
1597988282067708928,1597988282423000064,2020-08-21 13:38:02.423000,6538.4,6605.8,6523.0,6540.0,nan,6563.407,83792,109992204840.0,116227,6538.6,1,6538.2,1,nan,0,nan,0,nan,0,nan,0,nan,0,nan,0,nan,0,nan,0
1597988282570228992,1597988282935000064,2020-08-21 13:38:02.935000,6538.6,6605.8,6523.0,6540.0,nan,6563.407,83794,109994820200.0,116229,6538.8,1,6538.0,1,nan,0,nan,0,nan,0,nan,0,nan,0,nan,0,nan,0,nan,0
1597988283069564928,1597988283430000128,2020-08-21 13:38:03.430000,6538.0,6605.8,6523.0,6540.0,nan,6563.406,83798,110000051160.0,116232,6538.0,4,6537.8,1,nan,0,nan,0,nan,0,nan,0,nan,0,nan,0,nan,0,nan,0
1597988283572531968,1597988283913000192,2020-08-21 13:38:03.913000,6538.0,6605.8,6523.0,6540.0,nan,6563.406,83798,110000051160.0,116232,6538.0,5,6537.8,2,nan,0,nan,0,nan,0,nan,0,nan,0,nan,0,nan,0,nan,0
1597988284073687040,1597988284435000064,2020-08-21 13:38:04.435000,6537.8,6605.8,6523.0,6540.0,nan,6563.405,83800,110002666280.0,116233,6538.0,5,6537.4,6,nan,0,nan,0,nan,0,nan,0,nan,0,nan,0,nan,0,nan,0
1597988284568880896,1597988284932000000,2020-08-21 13:38:04.932000,6537.6,6605.8,6523.0,6540.0,nan,6563.404,83803,110006588760.0,116235,6538.0,5,6537.4,4,nan,0,nan,0,nan,0,nan,0,nan,0,nan,0,nan,0,nan,0
1597988285087045888,1597988285413000192,2020-08-21 13:38:05.413000,6537.4,6605.8,6523.0,6540.0,nan,6563.404,83804,110007896240.0,116235,6538.0,6,6537.6,1,nan,0,nan,0,nan,0,nan,0,nan,0,nan,0,nan,0,nan,0
1597988285582831104,1597988285937999872,2020-08-21 13:38:05.938000,6537.6,6605.8,6523.0,6540.0,nan,6563.403,83807,110011818800.0,116237,6537.6,2,6537.4,3,nan,0,nan,0,nan,0,nan,0,nan,0,nan,0,nan,0,nan,0
1597988286083334912,1597988286428000000,2020-08-21 13:38:06.428000,6537.0,6605.8,6523.0,6540.0,nan,6563.401,83813,110019663440.0,116239,6537.0,2,6536.4,1,nan,0,nan,0,nan,0,nan,0,nan,0,nan,0,nan,0,nan,0
1597988286586574080,1597988286936000000,2020-08-21 13:38:06.936000,6536.4,6605.8,6523.0,6540.0,nan,6563.4,83816,110023585280.0,116238,6536.4,2,6535.8,1,nan,0,nan,0,nan,0,nan,0,nan,0,nan,0,nan,0,nan,0
1597988287107426048,1597988287435000064,2020-08-21 13:38:07.435000,6535.8,6605.8,6523.0,6540.0,nan,6563.399,83819,110027506760.0,116240,6536.2,4,6535.6,1,nan,0,nan,0,nan,0,nan,0,nan,0,nan,0,nan,0,nan,0
1597988287589698048,1597988287937999872,2020-08-21 13:38:07.938000,6535.8,6605.8,6523.0,6540.0,nan,6563.398,83821,110030121040.0,116240,6536.2,4,6535.2,4,nan,0,nan,0,nan,0,nan,0,nan,0,nan,0,nan,0,nan,0
1597988288095461120,1597988288436999936,2020-08-21 13:38:08.437000,6535.8,6605.8,6523.0,6540.0,nan,6563.398,83821,110030121040.0,116240,6536.2,4,6535.2,4,nan,0,nan,0,nan,0,nan,0,nan,0,nan,0,nan,0,nan,0
1597988289090019072,1597988289432000000,2020-08-21 13:38:09.432000,6535.8,6605.8,6523.0,6540.0,nan,6563.398,83821,110030121040.0,116240,6536.2,4,6535.2,5,nan,0,nan,0,nan,0,nan,0,nan,0,nan,0,nan,0,nan,0
1597988289581003008,1597988289911000064,2020-08-21 13:38:09.911000,6535.8,6605.8,6523.0,6540.0,nan,6563.398,83821,110030121040.0,116240,6536.2,3,6535.2,5,nan,0,nan,0,nan,0,nan,0,nan,0,nan,0,nan,0,nan,0
1597988290078373888,1597988290417999872,2020-08-21 13:38:10.418000,6536.2,6605.8,6523.0,6540.0,nan,6563.397,83824,110034042760.0,116240,6536.4,1,6535.4,2,nan,0,nan,0,nan,0,nan,0,nan,0,nan,0,nan,0,nan,0
1597988290590917120,1597988290931000064,2020-08-21 13:38:10.931000,6537.6,6605.8,6523.0,6540.0,nan,6563.397,83826,110036657560.0,116239,6537.6,1,6537.0,1,nan,0,nan,0,nan,0,nan,0,nan,0,nan,0,nan,0,nan,0
1597988291080745984,1597988291432000000,2020-08-21 13:38:11.432000,6537.6,6605.8,6523.0,6540.0,nan,6563.397,83826,110036657560.0,116239,6537.6,1,6537.0,1,nan,0,nan,0,nan,0,nan,0,nan,0,nan,0,nan,0,nan,0
1597988291582528000,1597988291936000000,2020-08-21 13:38:11.936000,6537.0,6605.8,6523.0,6540.0,nan,6563.396,83827,110037964960.0,116240,6537.6,1,6536.4,2,nan,0,nan,0,nan,0,nan,0,nan,0,nan,0,nan,0,nan,0
1597988292073146880,1597988292436999936,2020-08-21 13:38:12.437000,6537.6,6605.8,6523.0,6540.0,nan,6563.395,83830,110041887080.0,116243,6538.0,5,6536.4,1,nan,0,nan,0,nan,0,nan,0,nan,0,nan,0,nan,0,nan,0
1597988292576517120,1597988292936000000,2020-08-21 13:38:12.936000,6537.6,6605.8,6523.0,6540.0,nan,6563.395,83830,110041887080.0,116243,6537.8,2,6537.6,20,nan,0,nan,0,nan,0,nan,0,nan,0,nan,0,nan,0,nan,0
1597988293084325120,1597988293428000000,2020-08-21 13:38:13.428000,6537.8,6605.8,6523.0,6540.0,nan,6563.393,83837,110051040200.0,116249,6538.4,1,6538.0,4,nan,0,nan,0,nan,0,nan,0,nan,0,nan,0,nan,0,nan,0
1597988293585901056,1597988293931000064,2020-08-21 13:38:13.931000,6539.6,6605.8,6523.0,6540.0,nan,6563.392,83840,110054963560.0,116251,6539.6,4,6538.8,3,nan,0,nan,0,nan,0,nan,0,nan,0,nan,0,nan,0,nan,0
1597988294079830016,1597988294430000128,2020-08-21 13:38:14.430000,6539.0,6605.8,6523.0,6540.0,nan,6563.391,83846,110062810720.0,116252,6539.6,1,6538.2,1,nan,0,nan,0,nan,0,nan,0,nan,0,nan,0,nan,0,nan,0
1597988294595282944,1597988294933000192,2020-08-21 13:38:14.933000,6538.2,6605.8,6523.0,6540.0,nan,6563.39,83849,110066733760.0,116253,6539.6,1,6537.8,3,nan,0,nan,0,nan,0,nan,0,nan,0,nan,0,nan,0,nan,0
1597988295101242112,1597988295438999808,2020-08-21 13:38:15.439000,6537.8,6605.8,6523.0,6540.0,nan,6563.389,83852,110070656440.0,116256,6539.2,1,6537.6,20,nan,0,nan,0,nan,0,nan,0,nan,0,nan,0,nan,0,nan,0
1597988295589933056,1597988295937999872,2020-08-21 13:38:15.938000,6537.6,6605.8,6523.0,6540.0,nan,6563.386,83860,110081116600.0,116258,6537.8,2,6537.6,12,nan,0,nan,0,nan,0,nan,0,nan,0,nan,0,nan,0,nan,0
1597988296080964096,1597988296431000064,2020-08-21 13:38:16.431000,6537.6,6605.8,6523.0,6540.0,nan,6563.383,83872,110096806840.0,116264,6536.6,1,6535.4,2,nan,0,nan,0,nan,0,nan,0,nan,0,nan,0,nan,0,nan,0
1597988296595794944,1597988296903000064,2020-08-21 13:38:16.903000,6535.4,6605.8,6523.0,6540.0,nan,6563.382,83873,110098113920.0,116264,6536.0,1,6535.4,1,nan,0,nan,0,nan,0,nan,0,nan,0,nan,0,nan,0,nan,0
1597988297084632064,1597988297424999936,2020-08-21 13:38:17.425000,6536.0,6605.8,6523.0,6540.0,nan,6563.382,83875,110100728320.0,116266,6536.2,1,6535.4,1,nan,0,nan,0,nan,0,nan,0,nan,0,nan,0,nan,0,nan,0
1597988297589330944,1597988297937999872,2020-08-21 13:38:17.938000,6537.6,6605.8,6523.0,6540.0,nan,6563.38,83881,110108572520.0,116272,6537.6,4,6535.6,2,nan,0,nan,0,nan,0,nan,0,nan,0,nan,0,nan,0,nan,0
1597988298095836928,1597988298433000192,2020-08-21 13:38:18.433000,6537.6,6605.8,6523.0,6540.0,nan,6563.38,83881,110108572520.0,116272,6537.4,2,6536.6,1,nan,0,nan,0,nan,0,nan,0,nan,0,nan,0,nan,0,nan,0
1597988298584624128,1597988298876000000,2020-08-21 13:38:18.876000,6537.6,6605.8,6523.0,6540.0,nan,6563.38,83882,110109880040.0,116271,6537.6,5,6536.6,1,nan,0,nan,0,nan,0,nan,0,nan,0,nan,0,nan,0,nan,0
1597988299082025984,1597988299417999872,2020-08-21 13:38:19.418000,6536.8,6605.8,6523.0,6540.0,nan,6563.379,83883,110111187400.0,116270,6537.6,4,6536.6,1,nan,0,nan,0,nan,0,nan,0,nan,0,nan,0,nan,0,nan,0
1597988300079101952,1597988300418999808,2020-08-21 13:38:20.419000,6536.8,6605.8,6523.0,6540.0,nan,6563.379,83883,110111187400.0,116270,6537.6,4,6536.8,1,nan,0,nan,0,nan,0,nan,0,nan,0,nan,0,nan,0,nan,0
1597988300580896000,1597988300936999936,2020-08-21 13:38:20.937000,6537.6,6605.8,6523.0,6540.0,nan,6563.379,83884,110112494920.0,116270,6537.6,3,6536.8,1,nan,0,nan,0,nan,0,nan,0,nan,0,nan,0,nan,0,nan,0
1597988301316404992,1597988301433000192,2020-08-21 13:38:21.433000,6536.8,6605.8,6523.0,6540.0,nan,6563.379,83885,110113802280.0,116271,6537.6,3,6536.6,2,nan,0,nan,0,nan,0,nan,0,nan,0,nan,0,nan,0,nan,0
1597988301581073920,1597988301933000192,2020-08-21 13:38:21.933000,6536.8,6605.8,6523.0,6540.0,nan,6563.379,83885,110113802280.0,116271,6536.8,1,6536.6,2,nan,0,nan,0,nan,0,nan,0,nan,0,nan,0,nan,0,nan,0
1597988302087410944,1597988302412000000,2020-08-21 13:38:22.412000,6536.8,6605.8,6523.0,6540.0,nan,6563.379,83885,110113802280.0,116271,6536.8,1,6536.6,1,nan,0,nan,0,nan,0,nan,0,nan,0,nan,0,nan,0,nan,0
1597988302591628032,1597988302926000128,2020-08-21 13:38:22.926000,6536.8,6605.8,6523.0,6540.0,nan,6563.379,83885,110113802280.0,116271,6536.8,1,6536.6,1,nan,0,nan,0,nan,0,nan,0,nan,0,nan,0,nan,0,nan,0
1597988303078048000,1597988303428000000,2020-08-21 13:38:23.428000,6536.8,6605.8,6523.0,6540.0,nan,6563.378,83886,110115109640.0,116272,6537.6,3,6536.6,1,nan,0,nan,0,nan,0,nan,0,nan,0,nan,0,nan,0,nan,0
1597988303806107904,1597988303917999872,2020-08-21 13:38:23.918000,6536.6,6605.8,6523.0,6540.0,nan,6563.378,83887,110116416960.0,116272,6537.6,3,6536.0,2,nan,0,nan,0,nan,0,nan,0,nan,0,nan,0,nan,0,nan,0
1597988304083596032,1597988304435000064,2020-08-21 13:38:24.435000,6536.4,6605.8,6523.0,6540.0,nan,6563.378,83888,110117724240.0,116272,6537.6,1,6536.2,1,nan,0,nan,0,nan,0,nan,0,nan,0,nan,0,nan,0,nan,0
1597988304582481920,1597988304928999936,2020-08-21 13:38:24.929000,6536.4,6605.8,6523.0,6540.0,nan,6563.376,83894,110125568400.0,116275,6539.6,2,6536.2,1,nan,0,nan,0,nan,0,nan,0,nan,0,nan,0,nan,0,nan,0
1597988305085504000,1597988305433000192,2020-08-21 13:38:25.433000,6538.6,6605.8,6523.0,6540.0,nan,6563.375,83896,110128183800.0,116277,6538.6,2,6537.0,1,nan,0,nan,0,nan,0,nan,0,nan,0,nan,0,nan,0,nan,0
1597988305593094912,1597988305936999936,2020-08-21 13:38:25.937000,6538.6,6605.8,6523.0,6540.0,nan,6563.375,83896,110128183800.0,116277,6538.4,3,6537.2,1,nan,0,nan,0,nan,0,nan,0,nan,0,nan,0,nan,0,nan,0
1597988306089587968,1597988306417999872,2020-08-21 13:38:26.418000,6538.6,6605.8,6523.0,6540.0,nan,6563.375,83896,110128183800.0,116277,6538.4,1,6537.2,1,nan,0,nan,0,nan,0,nan,0,nan,0,nan,0,nan,0,nan,0
1597988306597619968,1597988306932000000,2020-08-21 13:38:26.932000,6538.6,6605.8,6523.0,6540.0,nan,6563.375,83897,110129491520.0,116276,6538.4,1,6537.2,1,nan,0,nan,0,nan,0,nan,0,nan,0,nan,0,nan,0,nan,0
1597988307080060928,1597988307413000192,2020-08-21 13:38:27.413000,6538.6,6605.8,6523.0,6540.0,nan,6563.375,83897,110129491520.0,116276,6538.4,1,6537.4,1,nan,0,nan,0,nan,0,nan,0,nan,0,nan,0,nan,0,nan,0
1597988307584966912,1597988307923000064,2020-08-21 13:38:27.923000,6537.6,6605.8,6523.0,6540.0,nan,6563.375,83898,110130799040.0,116277,6538.4,1,6537.4,1,nan,0,nan,0,nan,0,nan,0,nan,0,nan,0,nan,0,nan,0
1597988308084848128,1597988308432000000,2020-08-21 13:38:28.432000,6537.6,6605.8,6523.0,6540.0,nan,6563.375,83898,110130799040.0,116277,6538.4,1,6537.4,1,nan,0,nan,0,nan,0,nan,0,nan,0,nan,0,nan,0,nan,0
1597988308601256960,1597988308936999936,2020-08-21 13:38:28.937000,6537.2,6605.8,6523.0,6540.0,nan,6563.374,83900,110133413960.0,116279,6538.4,1,6536.2,6,nan,0,nan,0,nan,0,nan,0,nan,0,nan,0,nan,0,nan,0
1597988309096143104,1597988309437999872,2020-08-21 13:38:29.438000,6537.2,6605.8,6523.0,6540.0,nan,6563.374,83900,110133413960.0,116279,6538.0,1,6536.8,2,nan,0,nan,0,nan,0,nan,0,nan,0,nan,0,nan,0,nan,0
1597988309699836928,1597988309937999872,2020-08-21 13:38:29.938000,6537.2,6605.8,6523.0,6540.0,nan,6563.374,83900,110133413960.0,116279,6538.2,1,6536.8,2,nan,0,nan,0,nan,0,nan,0,nan,0,nan,0,nan,0,nan,0
1597988310091335936,1597988310433000192,2020-08-21 13:38:30.433000,6537.4,6605.8,6523.0,6540.0,nan,6563.374,83901,110134721440.0,116279,6538.4,1,6536.8,2,nan,0,nan,0,nan,0,nan,0,nan,0,nan,0,nan,0,nan,0
1597988310583941888,1597988310916000000,2020-08-21 13:38:30.916000,6538.4,6605.8,6523.0,6540.0,nan,6563.373,83902,110136029120.0,116280,6538.6,2,6537.2,1,nan,0,nan,0,nan,0,nan,0,nan,0,nan,0,nan,0,nan,0
1597988311088302080,1597988311407000064,2020-08-21 13:38:31.407000,6538.6,6605.8,6523.0,6540.0,nan,6563.373,83904,110138644560.0,116282,6539.4,3,6537.2,2,nan,0,nan,0,nan,0,nan,0,nan,0,nan,0,nan,0,nan,0
1597988311600432896,1597988311936000000,2020-08-21 13:38:31.936000,6538.6,6605.8,6523.0,6540.0,nan,6563.373,83904,110138644560.0,116282,6539.0,4,6538.2,1,nan,0,nan,0,nan,0,nan,0,nan,0,nan,0,nan,0,nan,0
1597988312088752896,1597988312436999936,2020-08-21 13:38:32.437000,6537.8,6605.8,6523.0,6540.0,nan,6563.372,83906,110141259760.0,116283,6538.6,1,6537.6,3,nan,0,nan,0,nan,0,nan,0,nan,0,nan,0,nan,0,nan,0
1597988312608390912,1597988312916999936,2020-08-21 13:38:32.917000,6537.8,6605.8,6523.0,6540.0,nan,6563.372,83906,110141259760.0,116283,6538.6,1,6537.4,1,nan,0,nan,0,nan,0,nan,0,nan,0,nan,0,nan,0,nan,0
1597988313082959872,1597988313424000000,2020-08-21 13:38:33.424000,6538.6,6605.8,6523.0,6540.0,nan,6563.372,83907,110142567480.0,116283,6539.4,1,6539.0,4,nan,0,nan,0,nan,0,nan,0,nan,0,nan,0,nan,0,nan,0
1597988313593690880,1597988313927000064,2020-08-21 13:38:33.927000,6538.6,6605.8,6523.0,6540.0,nan,6563.37,83913,110150414200.0,116285,6539.0,2,6538.6,1,nan,0,nan,0,nan,0,nan,0,nan,0,nan,0,nan,0,nan,0
1597988314086116096,1597988314420999936,2020-08-21 13:38:34.421000,6538.6,6605.8,6523.0,6540.0,nan,6563.37,83913,110150414200.0,116285,6539.0,2,6538.8,1,nan,0,nan,0,nan,0,nan,0,nan,0,nan,0,nan,0,nan,0
1597988314588843008,1597988314897000192,2020-08-21 13:38:34.897000,6538.6,6605.8,6523.0,6540.0,nan,6563.37,83913,110150414200.0,116285,6539.0,1,6538.8,1,nan,0,nan,0,nan,0,nan,0,nan,0,nan,0,nan,0,nan,0
1597988315086821120,1597988315403000064,2020-08-21 13:38:35.403000,6539.0,6605.8,6523.0,6540.0,nan,6563.37,83914,110151722000.0,116285,6539.6,2,6539.0,2,nan,0,nan,0,nan,0,nan,0,nan,0,nan,0,nan,0,nan,0
1597988315610326016,1597988315878000128,2020-08-21 13:38:35.878000,6539.0,6605.8,6523.0,6540.0,nan,6563.37,83914,110151722000.0,116285,6539.6,2,6539.2,1,nan,0,nan,0,nan,0,nan,0,nan,0,nan,0,nan,0,nan,0
1597988316087357952,1597988316420000000,2020-08-21 13:38:36.420000,6539.0,6605.8,6523.0,6540.0,nan,6563.369,83915,110153029800.0,116285,6539.6,2,6539.0,2,nan,0,nan,0,nan,0,nan,0,nan,0,nan,0,nan,0,nan,0
1597988317092624896,1597988317431000064,2020-08-21 13:38:37.431000,6539.6,6605.8,6523.0,6540.0,nan,6563.367,83923,110163492520.0,116290,6539.6,6,6538.8,1,nan,0,nan,0,nan,0,nan,0,nan,0,nan,0,nan,0,nan,0
1597988317589148928,1597988317900999936,2020-08-21 13:38:37.901000,6538.8,6605.8,6523.0,6540.0,nan,6563.367,83924,110164800280.0,116291,6539.6,6,6539.0,1,nan,0,nan,0,nan,0,nan,0,nan,0,nan,0,nan,0,nan,0
1597988318592483072,1597988318931000064,2020-08-21 13:38:38.931000,6538.8,6605.8,6523.0,6540.0,nan,6563.367,83924,110164800280.0,116291,6539.6,6,6539.0,1,nan,0,nan,0,nan,0,nan,0,nan,0,nan,0,nan,0,nan,0
1597988319095988992,1597988319404000000,2020-08-21 13:38:39.404000,6538.8,6605.8,6523.0,6540.0,nan,6563.367,83924,110164800280.0,116291,6539.6,6,6539.0,2,nan,0,nan,0,nan,0,nan,0,nan,0,nan,0,nan,0,nan,0
1597988319606071040,1597988319927000064,2020-08-21 13:38:39.927000,6538.8,6605.8,6523.0,6540.0,nan,6563.367,83924,110164800280.0,116291,6539.6,6,6539.0,2,nan,0,nan,0,nan,0,nan,0,nan,0,nan,0,nan,0,nan,0
1597988320088151040,1597988320428999936,2020-08-21 13:38:40.429000,6538.8,6605.8,6523.0,6540.0,nan,6563.366,83926,110167415800.0,116293,6539.6,7,6538.6,1,nan,0,nan,0,nan,0,nan,0,nan,0,nan,0,nan,0,nan,0
1597988320617015040,1597988320934000128,2020-08-21 13:38:40.934000,6538.6,6605.8,6523.0,6540.0,nan,6563.366,83927,110168723520.0,116292,6538.6,2,6537.6,6,nan,0,nan,0,nan,0,nan,0,nan,0,nan,0,nan,0,nan,0
1597988321090546944,1597988321436999936,2020-08-21 13:38:41.437000,6538.6,6605.8,6523.0,6540.0,nan,6563.366,83927,110168723520.0,116292,6538.6,1,6537.6,6,nan,0,nan,0,nan,0,nan,0,nan,0,nan,0,nan,0,nan,0
1597988321609574912,1597988321938999808,2020-08-21 13:38:41.939000,6538.6,6605.8,6523.0,6540.0,nan,6563.366,83927,110168723520.0,116292,6538.6,1,6537.6,6,nan,0,nan,0,nan,0,nan,0,nan,0,nan,0,nan,0,nan,0
1597988322092808960,1597988322426000128,2020-08-21 13:38:42.426000,6538.6,6605.8,6523.0,6540.0,nan,6563.366,83927,110168723520.0,116292,6538.6,1,6537.6,6,nan,0,nan,0,nan,0,nan,0,nan,0,nan,0,nan,0,nan,0
1597988322602412032,1597988322928999936,2020-08-21 13:38:42.929000,6538.6,6605.8,6523.0,6540.0,nan,6563.366,83927,110168723520.0,116292,6538.6,1,6537.6,6,nan,0,nan,0,nan,0,nan,0,nan,0,nan,0,nan,0,nan,0
1597988323091214080,1597988323428999936,2020-08-21 13:38:43.429000,6538.6,6605.8,6523.0,6540.0,nan,6563.366,83927,110168723520.0,116292,6538.6,1,6537.6,6,nan,0,nan,0,nan,0,nan,0,nan,0,nan,0,nan,0,nan,0
1597988323591663104,1597988323924999936,2020-08-21 13:38:43.925000,6538.6,6605.8,6523.0,6540.0,nan,6563.366,83927,110168723520.0,116292,6538.6,1,6537.6,6,nan,0,nan,0,nan,0,nan,0,nan,0,nan,0,nan,0,nan,0
1597988324090934016,1597988324424999936,2020-08-21 13:38:44.425000,6538.6,6605.8,6523.0,6540.0,nan,6563.366,83927,110168723520.0,116292,6538.6,2,6537.6,6,nan,0,nan,0,nan,0,nan,0,nan,0,nan,0,nan,0,nan,0
1597988324598646016,1597988324895000064,2020-08-21 13:38:44.895000,6538.6,6605.8,6523.0,6540.0,nan,6563.366,83927,110168723520.0,116292,6538.6,2,6537.6,6,nan,0,nan,0,nan,0,nan,0,nan,0,nan,0,nan,0,nan,0
1597988325107709952,1597988325424000000,2020-08-21 13:38:45.424000,6538.6,6605.8,6523.0,6540.0,nan,6563.366,83927,110168723520.0,116292,6538.6,2,6538.4,6,nan,0,nan,0,nan,0,nan,0,nan,0,nan,0,nan,0,nan,0
1597988325608476928,1597988325935000064,2020-08-21 13:38:45.935000,6538.6,6605.8,6523.0,6540.0,nan,6563.366,83927,110168723520.0,116292,6538.6,3,6538.4,7,nan,0,nan,0,nan,0,nan,0,nan,0,nan,0,nan,0,nan,0
1597988326104474112,1597988326413000192,2020-08-21 13:38:46.413000,6538.6,6605.8,6523.0,6540.0,nan,6563.366,83927,110168723520.0,116292,6538.6,3,6538.4,7,nan,0,nan,0,nan,0,nan,0,nan,0,nan,0,nan,0,nan,0
1597988326597213952,1597988326921999872,2020-08-21 13:38:46.922000,6538.6,6605.8,6523.0,6540.0,nan,6563.366,83927,110168723520.0,116292,6538.6,3,6538.4,7,nan,0,nan,0,nan,0,nan,0,nan,0,nan,0,nan,0,nan,0
1597988327087091968,1597988327434000128,2020-08-21 13:38:47.434000,6538.6,6605.8,6523.0,6540.0,nan,6563.365,83931,110173954280.0,116293,6538.6,2,6538.4,4,nan,0,nan,0,nan,0,nan,0,nan,0,nan,0,nan,0,nan,0
1597988327604848896,1597988327936999936,2020-08-21 13:38:47.937000,6538.4,6605.8,6523.0,6540.0,nan,6563.364,83935,110179185000.0,116294,6538.4,1,6538.0,1,nan,0,nan,0,nan,0,nan,0,nan,0,nan,0,nan,0,nan,0
1597988328097835008,1597988328431000064,2020-08-21 13:38:48.431000,6538.0,6605.8,6523.0,6540.0,nan,6563.363,83936,110180492600.0,116294,6538.4,1,6537.6,6,nan,0,nan,0,nan,0,nan,0,nan,0,nan,0,nan,0,nan,0
1597988328606669056,1597988328881999872,2020-08-21 13:38:48.882000,6537.6,6605.8,6523.0,6540.0,nan,6563.362,83941,110187030200.0,116294,6538.4,1,6537.6,1,nan,0,nan,0,nan,0,nan,0,nan,0,nan,0,nan,0,nan,0
1597988329127834112,1597988329400000000,2020-08-21 13:38:49.400000,6537.6,6605.8,6523.0,6540.0,nan,6563.362,83941,110187030200.0,116294,6538.2,2,6537.6,1,nan,0,nan,0,nan,0,nan,0,nan,0,nan,0,nan,0,nan,0
1597988329607119872,1597988329930000128,2020-08-21 13:38:49.930000,6537.6,6605.8,6523.0,6540.0,nan,6563.361,83942,110188337720.0,116294,6537.6,4,6537.2,1,nan,0,nan,0,nan,0,nan,0,nan,0,nan,0,nan,0,nan,0
1597988330097286912,1597988330434000128,2020-08-21 13:38:50.434000,6537.6,6605.8,6523.0,6540.0,nan,6563.361,83942,110188337720.0,116294,6537.6,4,6537.2,1,nan,0,nan,0,nan,0,nan,0,nan,0,nan,0,nan,0,nan,0
1597988330593764096,1597988330931000064,2020-08-21 13:38:50.931000,6537.6,6605.8,6523.0,6540.0,nan,6563.361,83942,110188337720.0,116294,6537.6,4,6537.2,1,nan,0,nan,0,nan,0,nan,0,nan,0,nan,0,nan,0,nan,0
1597988331102193920,1597988331408000000,2020-08-21 13:38:51.408000,6537.6,6605.8,6523.0,6540.0,nan,6563.361,83942,110188337720.0,116294,6537.6,4,6537.2,1,nan,0,nan,0,nan,0,nan,0,nan,0,nan,0,nan,0,nan,0
1597988331599131904,1597988331923000064,2020-08-21 13:38:51.923000,6537.6,6605.8,6523.0,6540.0,nan,6563.361,83943,110189645240.0,116294,6537.6,3,6537.2,1,nan,0,nan,0,nan,0,nan,0,nan,0,nan,0,nan,0,nan,0
1597988333111084032,1597988333436000000,2020-08-21 13:38:53.436000,6537.6,6605.8,6523.0,6540.0,nan,6563.361,83944,110190952760.0,116295,6537.6,3,6537.2,1,nan,0,nan,0,nan,0,nan,0,nan,0,nan,0,nan,0,nan,0
1597988333640453120,1597988333913000192,2020-08-21 13:38:53.913000,6537.2,6605.8,6523.0,6540.0,nan,6563.359,83949,110197490040.0,116295,6537.6,2,6537.4,1,nan,0,nan,0,nan,0,nan,0,nan,0,nan,0,nan,0,nan,0
1597988334112920064,1597988334436000000,2020-08-21 13:38:54.436000,6537.6,6605.8,6523.0,6540.0,nan,6563.359,83951,110200105080.0,116296,6537.6,1,6537.4,1,nan,0,nan,0,nan,0,nan,0,nan,0,nan,0,nan,0,nan,0
1597988334599787008,1597988334927000064,2020-08-21 13:38:54.927000,6537.6,6605.8,6523.0,6540.0,nan,6563.358,83953,110202720120.0,116298,6538.6,1,6537.6,1,nan,0,nan,0,nan,0,nan,0,nan,0,nan,0,nan,0,nan,0
1597988335094204928,1597988335376000000,2020-08-21 13:38:55.376000,6537.6,6605.8,6523.0,6540.0,nan,6563.357,83955,110205335320.0,116299,6538.0,2,6537.4,1,nan,0,nan,0,nan,0,nan,0,nan,0,nan,0,nan,0,nan,0
1597988335622595072,1597988335924999936,2020-08-21 13:38:55.925000,6537.6,6605.8,6523.0,6540.0,nan,6563.357,83955,110205335320.0,116299,6537.6,7,6537.4,1,nan,0,nan,0,nan,0,nan,0,nan,0,nan,0,nan,0,nan,0
1597988336108179968,1597988336403000064,2020-08-21 13:38:56.403000,6537.4,6605.8,6523.0,6540.0,nan,6563.357,83956,110206642800.0,116300,6537.4,7,6537.0,1,nan,0,nan,0,nan,0,nan,0,nan,0,nan,0,nan,0,nan,0
1597988336597489920,1597988336936999936,2020-08-21 13:38:56.937000,6537.0,6605.8,6523.0,6540.0,nan,6563.357,83957,110207950200.0,116300,6537.4,5,6536.8,1,nan,0,nan,0,nan,0,nan,0,nan,0,nan,0,nan,0,nan,0
1597988337110808064,1597988337416999936,2020-08-21 13:38:57.417000,6537.4,6605.8,6523.0,6540.0,nan,6563.357,83958,110209257680.0,116301,6537.4,4,6536.8,1,nan,0,nan,0,nan,0,nan,0,nan,0,nan,0,nan,0,nan,0
1597988337600109056,1597988337934000128,2020-08-21 13:38:57.934000,6536.2,6605.8,6523.0,6540.0,nan,6563.356,83961,110213179680.0,116303,6536.8,3,6536.2,5,nan,0,nan,0,nan,0,nan,0,nan,0,nan,0,nan,0,nan,0
1597988338102304000,1597988338428000000,2020-08-21 13:38:58.428000,6536.2,6605.8,6523.0,6540.0,nan,6563.354,83966,110219715880.0,116308,6536.8,3,6536.0,1,nan,0,nan,0,nan,0,nan,0,nan,0,nan,0,nan,0,nan,0
1597988339181755904,1597988339424000000,2020-08-21 13:38:59.424000,6536.0,6605.8,6523.0,6540.0,nan,6563.354,83967,110221023080.0,116308,6536.8,3,6535.6,2,nan,0,nan,0,nan,0,nan,0,nan,0,nan,0,nan,0,nan,0
1597988339609897984,1597988339934000128,2020-08-21 13:38:59.934000,6536.0,6605.8,6523.0,6540.0,nan,6563.354,83967,110221023080.0,116308,6537.4,4,6535.6,2,nan,0,nan,0,nan,0,nan,0,nan,0,nan,0,nan,0,nan,0
1597988340099318016,1597988340432000000,2020-08-21 13:39:00.432000,6536.0,6605.8,6523.0,6540.0,nan,6563.354,83967,110221023080.0,116308,6537.4,4,6536.8,1,nan,0,nan,0,nan,0,nan,0,nan,0,nan,0,nan,0,nan,0
1597988340610841088,1597988340924000000,2020-08-21 13:39:00.924000,6536.8,6605.8,6523.0,6540.0,nan,6563.353,83968,110222330440.0,116308,6537.4,4,6536.8,1,nan,0,nan,0,nan,0,nan,0,nan,0,nan,0,nan,0,nan,0
1597988341139120128,1597988341415000064,2020-08-21 13:39:01.415000,6536.8,6605.8,6523.0,6540.0,nan,6563.353,83970,110224945280.0,116307,6535.8,1,6535.6,3,nan,0,nan,0,nan,0,nan,0,nan,0,nan,0,nan,0,nan,0
1597988341617712128,1597988341936999936,2020-08-21 13:39:01.937000,6537.4,6605.8,6523.0,6540.0,nan,6563.351,83974,110230174240.0,116306,6537.4,2,6536.8,1,nan,0,nan,0,nan,0,nan,0,nan,0,nan,0,nan,0,nan,0
1597988342115896064,1597988342410000128,2020-08-21 13:39:02.410000,6536.8,6605.8,6523.0,6540.0,nan,6563.351,83976,110232788960.0,116307,6536.8,1,6535.8,3,nan,0,nan,0,nan,0,nan,0,nan,0,nan,0,nan,0,nan,0
1597988342605116928,1597988342924999936,2020-08-21 13:39:02.925000,6536.0,6605.8,6523.0,6540.0,nan,6563.35,83979,110236710520.0,116308,6536.0,1,6535.8,1,nan,0,nan,0,nan,0,nan,0,nan,0,nan,0,nan,0,nan,0
1597988343104947968,1597988343435000064,2020-08-21 13:39:03.435000,6536.0,6605.8,6523.0,6540.0,nan,6563.349,83981,110239324920.0,116310,6537.4,2,6536.2,1,nan,0,nan,0,nan,0,nan,0,nan,0,nan,0,nan,0,nan,0
1597988343637771008,1597988343936999936,2020-08-21 13:39:03.937000,6536.2,6605.8,6523.0,6540.0,nan,6563.349,83982,110240632160.0,116311,6537.2,1,6536.0,1,nan,0,nan,0,nan,0,nan,0,nan,0,nan,0,nan,0,nan,0
1597988344102640896,1597988344374000128,2020-08-21 13:39:04.374000,6536.0,6605.8,6523.0,6540.0,nan,6563.348,83983,110241939360.0,116311,6537.0,1,6535.8,1,nan,0,nan,0,nan,0,nan,0,nan,0,nan,0,nan,0,nan,0
1597988344634490880,1597988344918999808,2020-08-21 13:39:04.919000,6535.8,6605.8,6523.0,6540.0,nan,6563.348,83986,110245860880.0,116312,6535.8,2,6535.6,2,nan,0,nan,0,nan,0,nan,0,nan,0,nan,0,nan,0,nan,0
1597988345106768896,1597988345416999936,2020-08-21 13:39:05.417000,6535.8,6605.8,6523.0,6540.0,nan,6563.347,83989,110249782320.0,116315,6536.8,1,6535.6,1,nan,0,nan,0,nan,0,nan,0,nan,0,nan,0,nan,0,nan,0
1597988345610713088,1597988345923000064,2020-08-21 13:39:05.923000,6535.8,6605.8,6523.0,6540.0,nan,6563.347,83989,110249782320.0,116315,6536.6,1,6535.6,2,nan,0,nan,0,nan,0,nan,0,nan,0,nan,0,nan,0,nan,0
1597988346121284096,1597988346420999936,2020-08-21 13:39:06.421000,6535.8,6605.8,6523.0,6540.0,nan,6563.347,83989,110249782320.0,116315,6536.6,1,6535.6,2,nan,0,nan,0,nan,0,nan,0,nan,0,nan,0,nan,0,nan,0
1597988346611941120,1597988346920000000,2020-08-21 13:39:06.920000,6535.6,6605.8,6523.0,6540.0,nan,6563.346,83991,110252396600.0,116316,6536.6,1,6535.8,1,nan,0,nan,0,nan,0,nan,0,nan,0,nan,0,nan,0,nan,0
1597988347374211072,1597988347420999936,2020-08-21 13:39:07.421000,6536.6,6605.8,6523.0,6540.0,nan,6563.345,83994,110256318400.0,116318,6537.0,1,6535.8,1,nan,0,nan,0,nan,0,nan,0,nan,0,nan,0,nan,0,nan,0
1597988347613743104,1597988347923000064,2020-08-21 13:39:07.923000,6536.4,6605.8,6523.0,6540.0,nan,6563.344,83996,110258932840.0,116319,6537.0,1,6535.6,2,nan,0,nan,0,nan,0,nan,0,nan,0,nan,0,nan,0,nan,0
1597988348140954880,1597988348430000128,2020-08-21 13:39:08.430000,6535.6,6605.8,6523.0,6540.0,nan,6563.344,83997,110260239960.0,116320,6537.0,1,6535.6,1,nan,0,nan,0,nan,0,nan,0,nan,0,nan,0,nan,0,nan,0
1597988348608331008,1597988348932000000,2020-08-21 13:39:08.932000,6535.6,6605.8,6523.0,6540.0,nan,6563.344,83997,110260239960.0,116320,6536.8,1,6536.6,1,nan,0,nan,0,nan,0,nan,0,nan,0,nan,0,nan,0,nan,0
1597988349121211904,1597988349437999872,2020-08-21 13:39:09.438000,6535.6,6605.8,6523.0,6540.0,nan,6563.343,84000,110264161520.0,116322,6535.6,1,6535.4,2,nan,0,nan,0,nan,0,nan,0,nan,0,nan,0,nan,0,nan,0
1597988349622103040,1597988349898000128,2020-08-21 13:39:09.898000,6535.6,6605.8,6523.0,6540.0,nan,6563.343,84001,110265468640.0,116322,6537.0,2,6535.6,6,nan,0,nan,0,nan,0,nan,0,nan,0,nan,0,nan,0,nan,0
1597988350096323072,1597988350412000000,2020-08-21 13:39:10.412000,6535.6,6605.8,6523.0,6540.0,nan,6563.343,84001,110265468640.0,116322,6537.0,1,6535.8,1,nan,0,nan,0,nan,0,nan,0,nan,0,nan,0,nan,0,nan,0
1597988350618039040,1597988350888000000,2020-08-21 13:39:10.888000,6537.0,6605.8,6523.0,6540.0,nan,6563.342,84002,110266776040.0,116322,6537.0,1,6535.8,2,nan,0,nan,0,nan,0,nan,0,nan,0,nan,0,nan,0,nan,0
1597988351116547072,1597988351423000064,2020-08-21 13:39:11.423000,6537.0,6605.8,6523.0,6540.0,nan,6563.342,84004,110269390840.0,116324,6537.4,2,6536.0,3,nan,0,nan,0,nan,0,nan,0,nan,0,nan,0,nan,0,nan,0
1597988351652327936,1597988351935000064,2020-08-21 13:39:11.935000,6537.0,6605.8,6523.0,6540.0,nan,6563.342,84004,110269390840.0,116324,6537.4,2,6536.2,1,nan,0,nan,0,nan,0,nan,0,nan,0,nan,0,nan,0,nan,0
1597988352106110976,1597988352436999936,2020-08-21 13:39:12.437000,6537.0,6605.8,6523.0,6540.0,nan,6563.342,84004,110269390840.0,116324,6537.0,1,6536.2,1,nan,0,nan,0,nan,0,nan,0,nan,0,nan,0,nan,0,nan,0
1597988352610722048,1597988352927000064,2020-08-21 13:39:12.927000,6537.0,6605.8,6523.0,6540.0,nan,6563.342,84004,110269390840.0,116324,6537.0,1,6536.0,3,nan,0,nan,0,nan,0,nan,0,nan,0,nan,0,nan,0,nan,0
1597988353127681024,1597988353404999936,2020-08-21 13:39:13.405000,6537.0,6605.8,6523.0,6540.0,nan,6563.342,84004,110269390840.0,116324,6537.0,1,6536.0,3,nan,0,nan,0,nan,0,nan,0,nan,0,nan,0,nan,0,nan,0
1597988353630052096,1597988353924999936,2020-08-21 13:39:13.925000,6537.0,6605.8,6523.0,6540.0,nan,6563.342,84004,110269390840.0,116324,6537.0,2,6536.2,1,nan,0,nan,0,nan,0,nan,0,nan,0,nan,0,nan,0,nan,0
1597988354104571904,1597988354382999808,2020-08-21 13:39:14.383000,6537.0,6605.8,6523.0,6540.0,nan,6563.342,84004,110269390840.0,116324,6537.0,2,6536.2,1,nan,0,nan,0,nan,0,nan,0,nan,0,nan,0,nan,0,nan,0
1597988354606409984,1597988354903000064,2020-08-21 13:39:14.903000,6536.0,6605.8,6523.0,6540.0,nan,6563.34,84009,110275926960.0,116326,6536.6,2,6535.8,1,nan,0,nan,0,nan,0,nan,0,nan,0,nan,0,nan,0,nan,0
1597988355110924032,1597988355434000128,2020-08-21 13:39:15.434000,6536.4,6605.8,6523.0,6540.0,nan,6563.34,84010,110277234240.0,116327,6537.0,2,6536.0,1,nan,0,nan,0,nan,0,nan,0,nan,0,nan,0,nan,0,nan,0
1597988355611627008,1597988355934000128,2020-08-21 13:39:15.934000,6536.6,6605.8,6523.0,6540.0,nan,6563.339,84013,110281156120.0,116326,6536.8,2,6536.6,1,nan,0,nan,0,nan,0,nan,0,nan,0,nan,0,nan,0,nan,0
1597988356122671104,1597988356436000000,2020-08-21 13:39:16.436000,6536.6,6605.8,6523.0,6540.0,nan,6563.338,84017,110286385400.0,116329,6536.6,3,6536.0,1,nan,0,nan,0,nan,0,nan,0,nan,0,nan,0,nan,0,nan,0
1597988356628612096,1597988356924999936,2020-08-21 13:39:16.925000,6536.0,6605.8,6523.0,6540.0,nan,6563.337,84018,110287692600.0,116330,6536.4,2,6535.8,1,nan,0,nan,0,nan,0,nan,0,nan,0,nan,0,nan,0,nan,0
1597988357114774016,1597988357430000128,2020-08-21 13:39:17.430000,6536.0,6605.8,6523.0,6540.0,nan,6563.337,84019,110288999800.0,116331,6536.0,1,6535.8,1,nan,0,nan,0,nan,0,nan,0,nan,0,nan,0,nan,0,nan,0
1597988357627854080,1597988357931000064,2020-08-21 13:39:17.931000,6536.0,6605.8,6523.0,6540.0,nan,6563.337,84020,110290307000.0,116332,6536.4,2,6535.8,1,nan,0,nan,0,nan,0,nan,0,nan,0,nan,0,nan,0,nan,0
1597988358111579904,1597988358344000000,2020-08-21 13:39:18.344000,6535.8,6605.8,6523.0,6540.0,nan,6563.336,84021,110291614160.0,116331,6536.0,2,6535.6,4,nan,0,nan,0,nan,0,nan,0,nan,0,nan,0,nan,0,nan,0
1597988358612955904,1597988358920000000,2020-08-21 13:39:18.920000,6535.8,6605.8,6523.0,6540.0,nan,6563.336,84021,110291614160.0,116331,6536.4,2,6535.6,4,nan,0,nan,0,nan,0,nan,0,nan,0,nan,0,nan,0,nan,0
1597988359125605120,1597988359424999936,2020-08-21 13:39:19.425000,6535.8,6605.8,6523.0,6540.0,nan,6563.336,84021,110291614160.0,116331,6536.0,2,6535.6,4,nan,0,nan,0,nan,0,nan,0,nan,0,nan,0,nan,0,nan,0
1597988359636214016,1597988359923000064,2020-08-21 13:39:19.923000,6535.8,6605.8,6523.0,6540.0,nan,6563.336,84022,110292921320.0,116332,6535.8,1,6535.6,4,nan,0,nan,0,nan,0,nan,0,nan,0,nan,0,nan,0,nan,0
1597988360106155008,1597988360408999936,2020-08-21 13:39:20.409000,6535.8,6605.8,6523.0,6540.0,nan,6563.336,84023,110294228480.0,116333,6536.4,2,6535.8,1,nan,0,nan,0,nan,0,nan,0,nan,0,nan,0,nan,0,nan,0
1597988360617635072,1597988360845999872,2020-08-21 13:39:20.846000,6535.8,6605.8,6523.0,6540.0,nan,6563.336,84023,110294228480.0,116333,6536.0,2,6535.8,1,nan,0,nan,0,nan,0,nan,0,nan,0,nan,0,nan,0,nan,0
1597988361110821888,1597988361430000128,2020-08-21 13:39:21.430000,6535.8,6605.8,6523.0,6540.0,nan,6563.335,84024,110295535640.0,116334,6535.8,1,6535.6,4,nan,0,nan,0,nan,0,nan,0,nan,0,nan,0,nan,0,nan,0
1597988361608144896,1597988361904000000,2020-08-21 13:39:21.904000,6536.4,6605.8,6523.0,6540.0,nan,6563.334,84027,110299457200.0,116334,6536.6,2,6535.6,3,nan,0,nan,0,nan,0,nan,0,nan,0,nan,0,nan,0,nan,0
1597988362110661120,1597988362424999936,2020-08-21 13:39:22.425000,6535.6,6605.8,6523.0,6540.0,nan,6563.334,84028,110300764320.0,116334,6536.6,2,6535.6,2,nan,0,nan,0,nan,0,nan,0,nan,0,nan,0,nan,0,nan,0
1597988362619675904,1597988362903000064,2020-08-21 13:39:22.903000,6535.6,6605.8,6523.0,6540.0,nan,6563.334,84028,110300764320.0,116334,6536.0,2,6535.6,2,nan,0,nan,0,nan,0,nan,0,nan,0,nan,0,nan,0,nan,0
1597988363123911936,1597988363433000192,2020-08-21 13:39:23.433000,6535.6,6605.8,6523.0,6540.0,nan,6563.334,84028,110300764320.0,116334,6536.6,2,6536.0,1,nan,0,nan,0,nan,0,nan,0,nan,0,nan,0,nan,0,nan,0
1597988363644922112,1597988363923000064,2020-08-21 13:39:23.923000,6536.2,6605.8,6523.0,6540.0,nan,6563.334,84029,110302071560.0,116335,6536.2,1,6535.6,2,nan,0,nan,0,nan,0,nan,0,nan,0,nan,0,nan,0,nan,0
1597988364131396096,1597988364416000000,2020-08-21 13:39:24.416000,6536.6,6605.8,6523.0,6540.0,nan,6563.333,84031,110304686000.0,116337,6536.6,1,6535.6,1,nan,0,nan,0,nan,0,nan,0,nan,0,nan,0,nan,0,nan,0
1597988364636173056,1597988364924999936,2020-08-21 13:39:24.925000,6536.6,6605.8,6523.0,6540.0,nan,6563.333,84032,110305993320.0,116338,6537.0,3,6536.0,1,nan,0,nan,0,nan,0,nan,0,nan,0,nan,0,nan,0,nan,0
1597988365119187968,1597988365427000064,2020-08-21 13:39:25.427000,6536.6,6605.8,6523.0,6540.0,nan,6563.333,84032,110305993320.0,116338,6536.4,2,6536.0,1,nan,0,nan,0,nan,0,nan,0,nan,0,nan,0,nan,0,nan,0
1597988365629784064,1597988365927000064,2020-08-21 13:39:25.927000,6537.0,6605.8,6523.0,6540.0,nan,6563.332,84035,110309915520.0,116339,6537.4,3,6536.0,1,nan,0,nan,0,nan,0,nan,0,nan,0,nan,0,nan,0,nan,0
1597988366193602048,1597988366421999872,2020-08-21 13:39:26.422000,6537.0,6605.8,6523.0,6540.0,nan,6563.332,84035,110309915520.0,116339,6536.6,2,6536.0,1,nan,0,nan,0,nan,0,nan,0,nan,0,nan,0,nan,0,nan,0
1597988366649544960,1597988366920000000,2020-08-21 13:39:26.920000,6537.0,6605.8,6523.0,6540.0,nan,6563.332,84035,110309915520.0,116339,6537.4,3,6536.2,2,nan,0,nan,0,nan,0,nan,0,nan,0,nan,0,nan,0,nan,0
1597988367132886016,1597988367416000000,2020-08-21 13:39:27.416000,6536.2,6605.8,6523.0,6540.0,nan,6563.331,84036,110311222760.0,116338,6536.8,2,6536.6,1,nan,0,nan,0,nan,0,nan,0,nan,0,nan,0,nan,0,nan,0
1597988367664207872,1597988367901999872,2020-08-21 13:39:27.902000,6536.6,6605.8,6523.0,6540.0,nan,6563.331,84037,110312530080.0,116338,6536.4,1,6536.2,1,nan,0,nan,0,nan,0,nan,0,nan,0,nan,0,nan,0,nan,0
1597988368110350080,1597988368420999936,2020-08-21 13:39:28.421000,6536.2,6605.8,6523.0,6540.0,nan,6563.331,84038,110313837320.0,116338,6536.4,1,6536.0,1,nan,0,nan,0,nan,0,nan,0,nan,0,nan,0,nan,0,nan,0
1597988368618063104,1597988368928999936,2020-08-21 13:39:28.929000,6536.4,6605.8,6523.0,6540.0,nan,6563.33,84039,110315144600.0,116338,6536.6,1,6536.0,1,nan,0,nan,0,nan,0,nan,0,nan,0,nan,0,nan,0,nan,0
1597988369132743936,1597988369394000128,2020-08-21 13:39:29.394000,6536.0,6605.8,6523.0,6540.0,nan,6563.33,84040,110316451800.0,116338,6536.6,1,6535.8,1,nan,0,nan,0,nan,0,nan,0,nan,0,nan,0,nan,0,nan,0
1597988369624311040,1597988369829999872,2020-08-21 13:39:29.830000,6536.0,6605.8,6523.0,6540.0,nan,6563.33,84040,110316451800.0,116338,6536.6,1,6536.0,1,nan,0,nan,0,nan,0,nan,0,nan,0,nan,0,nan,0,nan,0
1597988370123374080,1597988370428999936,2020-08-21 13:39:30.429000,6536.0,6605.8,6523.0,6540.0,nan,6563.33,84040,110316451800.0,116338,6536.2,2,6536.0,1,nan,0,nan,0,nan,0,nan,0,nan,0,nan,0,nan,0,nan,0
1597988370647831040,1597988370926000128,2020-08-21 13:39:30.926000,6536.2,6605.8,6523.0,6540.0,nan,6563.329,84042,110319066280.0,116340,6536.6,1,6536.2,1,nan,0,nan,0,nan,0,nan,0,nan,0,nan,0,nan,0,nan,0
1597988371115186944,1597988371364000000,2020-08-21 13:39:31.364000,6536.2,6605.8,6523.0,6540.0,nan,6563.329,84042,110319066280.0,116340,6536.4,1,6536.2,1,nan,0,nan,0,nan,0,nan,0,nan,0,nan,0,nan,0,nan,0
1597988371660947968,1597988371914000128,2020-08-21 13:39:31.914000,6535.8,6605.8,6523.0,6540.0,nan,6563.329,84044,110321680680.0,116341,6535.8,1,6535.6,2,nan,0,nan,0,nan,0,nan,0,nan,0,nan,0,nan,0,nan,0
1597988372128536064,1597988372426000128,2020-08-21 13:39:32.426000,6535.8,6605.8,6523.0,6540.0,nan,6563.329,84044,110321680680.0,116341,6535.8,1,6535.6,3,nan,0,nan,0,nan,0,nan,0,nan,0,nan,0,nan,0,nan,0
1597988372617326080,1597988372927000064,2020-08-21 13:39:32.927000,6535.8,6605.8,6523.0,6540.0,nan,6563.328,84045,110322987840.0,116342,6536.2,1,6535.8,1,nan,0,nan,0,nan,0,nan,0,nan,0,nan,0,nan,0,nan,0
1597988373114397952,1597988373426000128,2020-08-21 13:39:33.426000,6535.8,6605.8,6523.0,6540.0,nan,6563.328,84045,110322987840.0,116342,6536.2,1,6535.8,1,nan,0,nan,0,nan,0,nan,0,nan,0,nan,0,nan,0,nan,0
1597988373628174080,1597988373934000128,2020-08-21 13:39:33.934000,6536.2,6605.8,6523.0,6540.0,nan,6563.328,84046,110324295080.0,116341,6536.6,1,6536.0,1,nan,0,nan,0,nan,0,nan,0,nan,0,nan,0,nan,0,nan,0
1597988374133915904,1597988374433000192,2020-08-21 13:39:34.433000,6536.6,6605.8,6523.0,6540.0,nan,6563.327,84049,110328216800.0,116344,6537.4,3,6535.8,1,nan,0,nan,0,nan,0,nan,0,nan,0,nan,0,nan,0,nan,0
1597988374689413888,1597988374936999936,2020-08-21 13:39:34.937000,6536.6,6605.8,6523.0,6540.0,nan,6563.327,84049,110328216800.0,116344,6536.6,2,6536.4,1,nan,0,nan,0,nan,0,nan,0,nan,0,nan,0,nan,0,nan,0
1597988375129704960,1597988375430000128,2020-08-21 13:39:35.430000,6536.4,6605.8,6523.0,6540.0,nan,6563.327,84050,110329524080.0,116345,6536.6,2,6536.2,1,nan,0,nan,0,nan,0,nan,0,nan,0,nan,0,nan,0,nan,0
1597988375646667008,1597988375897000192,2020-08-21 13:39:35.897000,6536.4,6605.8,6523.0,6540.0,nan,6563.327,84050,110329524080.0,116345,6537.4,3,6536.2,1,nan,0,nan,0,nan,0,nan,0,nan,0,nan,0,nan,0,nan,0
1597988376124985088,1597988376411000064,2020-08-21 13:39:36.411000,6536.4,6605.8,6523.0,6540.0,nan,6563.327,84050,110329524080.0,116345,6536.8,2,6536.2,2,nan,0,nan,0,nan,0,nan,0,nan,0,nan,0,nan,0,nan,0
1597988376642376960,1597988376935000064,2020-08-21 13:39:36.935000,6536.2,6605.8,6523.0,6540.0,nan,6563.327,84051,110330831320.0,116345,6537.4,3,6536.2,1,nan,0,nan,0,nan,0,nan,0,nan,0,nan,0,nan,0,nan,0
1597988377149409024,1597988377420999936,2020-08-21 13:39:37.421000,6536.8,6605.8,6523.0,6540.0,nan,6563.326,84052,110332138680.0,116346,6536.8,3,6536.2,1,nan,0,nan,0,nan,0,nan,0,nan,0,nan,0,nan,0,nan,0
1597988377641978112,1597988377936000000,2020-08-21 13:39:37.936000,6536.2,6605.8,6523.0,6540.0,nan,6563.326,84053,110333445920.0,116346,6536.2,1,6535.8,1,nan,0,nan,0,nan,0,nan,0,nan,0,nan,0,nan,0,nan,0
1597988378140540928,1597988378437999872,2020-08-21 13:39:38.438000,6536.2,6605.8,6523.0,6540.0,nan,6563.326,84053,110333445920.0,116346,6536.2,1,6535.8,1,nan,0,nan,0,nan,0,nan,0,nan,0,nan,0,nan,0,nan,0
1597988379130174976,1597988379394000128,2020-08-21 13:39:39.394000,6536.2,6605.8,6523.0,6540.0,nan,6563.326,84054,110334753160.0,116346,6536.8,3,6535.8,2,nan,0,nan,0,nan,0,nan,0,nan,0,nan,0,nan,0,nan,0
1597988379635452928,1597988379928000000,2020-08-21 13:39:39.928000,6536.2,6605.8,6523.0,6540.0,nan,6563.326,84054,110334753160.0,116346,6536.8,2,6536.0,2,nan,0,nan,0,nan,0,nan,0,nan,0,nan,0,nan,0,nan,0
1597988380147200000,1597988380382999808,2020-08-21 13:39:40.383000,6536.2,6605.8,6523.0,6540.0,nan,6563.326,84054,110334753160.0,116346,6536.4,2,6536.0,2,nan,0,nan,0,nan,0,nan,0,nan,0,nan,0,nan,0,nan,0
1597988380656570880,1597988380934000128,2020-08-21 13:39:40.934000,6536.2,6605.8,6523.0,6540.0,nan,6563.325,84057,110338674800.0,116349,6536.2,1,6535.8,2,nan,0,nan,0,nan,0,nan,0,nan,0,nan,0,nan,0,nan,0
1597988381164976896,1597988381719000064,2020-08-21 13:39:41.719000,6536.2,6605.8,6523.0,6540.0,nan,6563.324,84058,110339982040.0,116350,6536.0,2,6535.8,2,nan,0,nan,0,nan,0,nan,0,nan,0,nan,0,nan,0,nan,0
1597988381647569920,1597988382240999936,2020-08-21 13:39:42.241000,6536.0,6605.8,6523.0,6540.0,nan,6563.324,84060,110342596440.0,116350,6536.8,2,6535.8,2,nan,0,nan,0,nan,0,nan,0,nan,0,nan,0,nan,0,nan,0
1597988382152239104,1597988382732000000,2020-08-21 13:39:42.732000,6536.8,6605.8,6523.0,6540.0,nan,6563.323,84061,110343903800.0,116350,6536.8,1,6535.8,2,nan,0,nan,0,nan,0,nan,0,nan,0,nan,0,nan,0,nan,0
1597988382642435072,1597988382921999872,2020-08-21 13:39:42.922000,6536.8,6605.8,6523.0,6540.0,nan,6563.323,84061,110343903800.0,116350,6536.6,2,6535.8,3,nan,0,nan,0,nan,0,nan,0,nan,0,nan,0,nan,0,nan,0
1597988383131582976,1597988383423000064,2020-08-21 13:39:43.423000,6536.8,6605.8,6523.0,6540.0,nan,6563.323,84061,110343903800.0,116350,6536.6,2,6535.8,2,nan,0,nan,0,nan,0,nan,0,nan,0,nan,0,nan,0,nan,0
1597988383637742080,1597988383916000000,2020-08-21 13:39:43.916000,6536.8,6605.8,6523.0,6540.0,nan,6563.323,84061,110343903800.0,116350,6536.6,10,6535.8,2,nan,0,nan,0,nan,0,nan,0,nan,0,nan,0,nan,0,nan,0
1597988384142804992,1597988384434000128,2020-08-21 13:39:44.434000,6536.8,6605.8,6523.0,6540.0,nan,6563.323,84061,110343903800.0,116350,6536.6,12,6535.8,1,nan,0,nan,0,nan,0,nan,0,nan,0,nan,0,nan,0,nan,0
1597988384633380096,1597988384924000000,2020-08-21 13:39:44.924000,6536.8,6605.8,6523.0,6540.0,nan,6563.323,84061,110343903800.0,116350,6536.6,18,6535.8,1,nan,0,nan,0,nan,0,nan,0,nan,0,nan,0,nan,0,nan,0
1597988385136556032,1597988385400999936,2020-08-21 13:39:45.401000,6536.8,6605.8,6523.0,6540.0,nan,6563.323,84061,110343903800.0,116350,6536.6,18,6535.8,1,nan,0,nan,0,nan,0,nan,0,nan,0,nan,0,nan,0,nan,0
1597988385642412032,1597988386194000128,2020-08-21 13:39:46.194000,6535.8,6605.8,6523.0,6540.0,nan,6563.323,84062,110345210960.0,116351,6536.6,18,6535.6,6,nan,0,nan,0,nan,0,nan,0,nan,0,nan,0,nan,0,nan,0
1597988386149786112,1597988386428999936,2020-08-21 13:39:46.429000,6535.6,6605.8,6523.0,6540.0,nan,6563.322,84065,110349132520.0,116353,6536.6,19,6535.6,4,nan,0,nan,0,nan,0,nan,0,nan,0,nan,0,nan,0,nan,0
1597988386641883904,1597988386927000064,2020-08-21 13:39:46.927000,6535.6,6605.8,6523.0,6540.0,nan,6563.322,84066,110350439640.0,116354,6536.6,20,6535.6,3,nan,0,nan,0,nan,0,nan,0,nan,0,nan,0,nan,0,nan,0
1597988387137658880,1597988387426000128,2020-08-21 13:39:47.426000,6535.6,6605.8,6523.0,6540.0,nan,6563.322,84066,110350439640.0,116354,6536.6,20,6535.6,3,nan,0,nan,0,nan,0,nan,0,nan,0,nan,0,nan,0,nan,0
1597988387648549120,1597988387872000000,2020-08-21 13:39:47.872000,6535.6,6605.8,6523.0,6540.0,nan,6563.322,84066,110350439640.0,116354,6536.6,21,6535.6,3,nan,0,nan,0,nan,0,nan,0,nan,0,nan,0,nan,0,nan,0
1597988388142109952,1597988388436999936,2020-08-21 13:39:48.437000,6535.6,6605.8,6523.0,6540.0,nan,6563.321,84068,110353053880.0,116356,6536.0,2,6535.8,1,nan,0,nan,0,nan,0,nan,0,nan,0,nan,0,nan,0,nan,0
1597988388647014912,1597988389175000064,2020-08-21 13:39:49.175000,6535.8,6605.8,6523.0,6540.0,nan,6563.32,84072,110358282400.0,116360,6536.0,5,6535.8,2,nan,0,nan,0,nan,0,nan,0,nan,0,nan,0,nan,0,nan,0
1597988389133762048,1597988389374000128,2020-08-21 13:39:49.374000,6535.4,6605.8,6523.0,6540.0,nan,6563.319,84075,110362203800.0,116360,6536.0,5,6535.2,2,nan,0,nan,0,nan,0,nan,0,nan,0,nan,0,nan,0,nan,0
1597988389638891008,1597988389934000128,2020-08-21 13:39:49.934000,6536.0,6605.8,6523.0,6540.0,nan,6563.318,84076,110363511000.0,116360,6536.0,4,6535.8,2,nan,0,nan,0,nan,0,nan,0,nan,0,nan,0,nan,0,nan,0
1597988390159508992,1597988390432000000,2020-08-21 13:39:50.432000,6536.0,6605.8,6523.0,6540.0,nan,6563.318,84078,110366125400.0,116360,6536.0,2,6535.8,2,nan,0,nan,0,nan,0,nan,0,nan,0,nan,0,nan,0,nan,0
1597988390632182016,1597988390937999872,2020-08-21 13:39:50.938000,6535.8,6605.8,6523.0,6540.0,nan,6563.317,84081,110370046960.0,116363,6536.6,19,6535.8,1,nan,0,nan,0,nan,0,nan,0,nan,0,nan,0,nan,0,nan,0
1597988391140371968,1597988391348000000,2020-08-21 13:39:51.348000,6535.8,6605.8,6523.0,6540.0,nan,6563.316,84082,110371354120.0,116364,6535.6,1,6535.2,2,nan,0,nan,0,nan,0,nan,0,nan,0,nan,0,nan,0,nan,0
1597988391629184000,1597988391932000000,2020-08-21 13:39:51.932000,6535.6,6605.8,6523.0,6540.0,nan,6563.316,84083,110372661240.0,116364,6536.6,19,6535.8,1,nan,0,nan,0,nan,0,nan,0,nan,0,nan,0,nan,0,nan,0
1597988392130752000,1597988392435000064,2020-08-21 13:39:52.435000,6535.6,6605.8,6523.0,6540.0,nan,6563.316,84083,110372661240.0,116364,6536.6,19,6535.8,1,nan,0,nan,0,nan,0,nan,0,nan,0,nan,0,nan,0,nan,0
1597988392627486976,1597988392937999872,2020-08-21 13:39:52.938000,6536.6,6605.8,6523.0,6540.0,nan,6563.315,84085,110375275880.0,116365,6536.2,2,6535.8,1,nan,0,nan,0,nan,0,nan,0,nan,0,nan,0,nan,0,nan,0
1597988393162861056,1597988393432000000,2020-08-21 13:39:53.432000,6536.6,6605.8,6523.0,6540.0,nan,6563.314,84088,110379197680.0,116368,6536.0,2,6535.8,1,nan,0,nan,0,nan,0,nan,0,nan,0,nan,0,nan,0,nan,0
1597988393636818944,1597988393904999936,2020-08-21 13:39:53.905000,6535.8,6605.8,6523.0,6540.0,nan,6563.314,84090,110381812040.0,116369,6536.6,16,6535.2,3,nan,0,nan,0,nan,0,nan,0,nan,0,nan,0,nan,0,nan,0
1597988394133052928,1597988394424999936,2020-08-21 13:39:54.425000,6535.8,6605.8,6523.0,6540.0,nan,6563.314,84090,110381812040.0,116369,6536.4,1,6535.2,3,nan,0,nan,0,nan,0,nan,0,nan,0,nan,0,nan,0,nan,0
1597988394648775936,1597988394903000064,2020-08-21 13:39:54.903000,6535.2,6605.8,6523.0,6540.0,nan,6563.313,84091,110383119080.0,116369,6535.8,2,6535.2,2,nan,0,nan,0,nan,0,nan,0,nan,0,nan,0,nan,0,nan,0
1597988395150905088,1597988395680999936,2020-08-21 13:39:55.681000,6535.2,6605.8,6523.0,6540.0,nan,6563.313,84091,110383119080.0,116369,6536.4,1,6535.2,2,nan,0,nan,0,nan,0,nan,0,nan,0,nan,0,nan,0,nan,0
1597988395631627008,1597988395937999872,2020-08-21 13:39:55.938000,6535.0,6605.8,6523.0,6540.0,nan,6563.31,84100,110394882160.0,116376,6536.4,1,6535.0,3,nan,0,nan,0,nan,0,nan,0,nan,0,nan,0,nan,0,nan,0
1597988396134998016,1597988396436000000,2020-08-21 13:39:56.436000,6536.4,6605.8,6523.0,6540.0,nan,6563.309,84104,110400110440.0,116377,6536.4,1,6535.0,2,nan,0,nan,0,nan,0,nan,0,nan,0,nan,0,nan,0,nan,0
1597988396679604992,1597988396937999872,2020-08-21 13:39:56.938000,6534.2,6605.8,6523.0,6540.0,nan,6563.306,84112,110410565880.0,116374,6534.8,1,6534.2,4,nan,0,nan,0,nan,0,nan,0,nan,0,nan,0,nan,0,nan,0
1597988397133720064,1597988397437999872,2020-08-21 13:39:57.438000,6534.8,6605.8,6523.0,6540.0,nan,6563.306,84114,110413179800.0,116375,6536.2,1,6534.8,1,nan,0,nan,0,nan,0,nan,0,nan,0,nan,0,nan,0,nan,0
1597988397647294976,1597988397901999872,2020-08-21 13:39:57.902000,6534.8,6605.8,6523.0,6540.0,nan,6563.306,84114,110413179800.0,116375,6536.0,1,6535.0,1,nan,0,nan,0,nan,0,nan,0,nan,0,nan,0,nan,0,nan,0
1597988398148876032,1597988398421999872,2020-08-21 13:39:58.422000,6534.2,6605.8,6523.0,6540.0,nan,6563.305,84116,110415793480.0,116376,6536.0,1,6534.2,2,nan,0,nan,0,nan,0,nan,0,nan,0,nan,0,nan,0,nan,0
1597988398648221952,1597988398860999936,2020-08-21 13:39:58.861000,6534.2,6605.8,6523.0,6540.0,nan,6563.304,84118,110418407160.0,116378,6535.8,2,6534.4,3,nan,0,nan,0,nan,0,nan,0,nan,0,nan,0,nan,0,nan,0
1597988399146011904,1597988399408999936,2020-08-21 13:39:59.409000,6534.4,6605.8,6523.0,6540.0,nan,6563.304,84119,110419714040.0,116378,6535.4,1,6534.4,2,nan,0,nan,0,nan,0,nan,0,nan,0,nan,0,nan,0,nan,0
1597988399632722944,1597988399924999936,2020-08-21 13:39:59.925000,6534.4,6605.8,6523.0,6540.0,nan,6563.304,84119,110419714040.0,116378,6535.2,2,6534.4,1,nan,0,nan,0,nan,0,nan,0,nan,0,nan,0,nan,0,nan,0
1597988400138113024,1597988400420999936,2020-08-21 13:40:00.421000,6534.4,6605.8,6523.0,6540.0,nan,6563.304,84119,110419714040.0,116378,6535.2,2,6534.6,1,nan,0,nan,0,nan,0,nan,0,nan,0,nan,0,nan,0,nan,0
1597988400642821888,1597988400937999872,2020-08-21 13:40:00.938000,6534.4,6605.8,6523.0,6540.0,nan,6563.303,84123,110424941880.0,116378,6534.4,3,6534.2,2,nan,0,nan,0,nan,0,nan,0,nan,0,nan,0,nan,0,nan,0
1597988401146256896,1597988401428999936,2020-08-21 13:40:01.429000,6534.4,6605.8,6523.0,6540.0,nan,6563.299,84133,110438010680.0,116379,6536.0,2,6534.4,8,nan,0,nan,0,nan,0,nan,0,nan,0,nan,0,nan,0,nan,0
1597988401654646016,1597988402216999936,2020-08-21 13:40:02.217000,6536.0,6605.8,6523.0,6540.0,nan,6563.299,84134,110439317880.0,116380,6536.0,3,6534.8,1,nan,0,nan,0,nan,0,nan,0,nan,0,nan,0,nan,0,nan,0
1597988402150947072,1597988402413000192,2020-08-21 13:40:02.413000,6536.0,6605.8,6523.0,6540.0,nan,6563.297,84139,110445853640.0,116383,6536.6,1,6536.0,8,nan,0,nan,0,nan,0,nan,0,nan,0,nan,0,nan,0,nan,0
1597988402647334912,1597988402918999808,2020-08-21 13:40:02.919000,6536.0,6605.8,6523.0,6540.0,nan,6563.297,84140,110447160840.0,116383,6536.2,2,6536.0,7,nan,0,nan,0,nan,0,nan,0,nan,0,nan,0,nan,0,nan,0
1597988403133268992,1597988403432000000,2020-08-21 13:40:03.432000,6536.0,6605.8,6523.0,6540.0,nan,6563.294,84149,110458925680.0,116386,6537.4,3,6535.2,11,nan,0,nan,0,nan,0,nan,0,nan,0,nan,0,nan,0,nan,0
1597988403653849088,1597988403924000000,2020-08-21 13:40:03.924000,6536.2,6605.8,6523.0,6540.0,nan,6563.294,84150,110460232920.0,116386,6536.0,1,6535.2,11,nan,0,nan,0,nan,0,nan,0,nan,0,nan,0,nan,0,nan,0
1597988404034910976,1597988404411000064,2020-08-21 13:40:04.411000,6536.2,6605.8,6523.0,6540.0,nan,6563.294,84150,110460232920.0,116386,6536.0,1,6535.2,11,nan,0,nan,0,nan,0,nan,0,nan,0,nan,0,nan,0,nan,0
1597988404542366976,1597988404903000064,2020-08-21 13:40:04.903000,6535.2,6605.8,6523.0,6540.0,nan,6563.293,84153,110464154040.0,116389,6536.0,2,6535.2,8,nan,0,nan,0,nan,0,nan,0,nan,0,nan,0,nan,0,nan,0
1597988405039749888,1597988405420000000,2020-08-21 13:40:05.420000,6535.8,6605.8,6523.0,6540.0,nan,6563.29,84160,110473303440.0,116395,6536.0,3,6535.2,7,nan,0,nan,0,nan,0,nan,0,nan,0,nan,0,nan,0,nan,0
1597988405546601984,1597988405897000192,2020-08-21 13:40:05.897000,6535.2,6605.8,6523.0,6540.0,nan,6563.289,84164,110478531600.0,116399,6536.0,4,6535.2,8,nan,0,nan,0,nan,0,nan,0,nan,0,nan,0,nan,0,nan,0
1597988406049086976,1597988406427000064,2020-08-21 13:40:06.427000,6535.8,6605.8,6523.0,6540.0,nan,6563.288,84166,110481145800.0,116401,6536.0,3,6535.2,12,nan,0,nan,0,nan,0,nan,0,nan,0,nan,0,nan,0,nan,0
1597988406549600000,1597988406927000064,2020-08-21 13:40:06.927000,6535.2,6605.8,6523.0,6540.0,nan,6563.287,84170,110486374120.0,116403,6535.6,2,6535.2,9,nan,0,nan,0,nan,0,nan,0,nan,0,nan,0,nan,0,nan,0
1597988407078030080,1597988407437999872,2020-08-21 13:40:07.438000,6535.2,6605.8,6523.0,6540.0,nan,6563.284,84178,110496830520.0,116408,6536.0,2,6535.2,2,nan,0,nan,0,nan,0,nan,0,nan,0,nan,0,nan,0,nan,0
1597988407581741056,1597988407897000192,2020-08-21 13:40:07.897000,6535.8,6605.8,6523.0,6540.0,nan,6563.28,84192,110515130280.0,116415,6535.8,1,6535.2,3,nan,0,nan,0,nan,0,nan,0,nan,0,nan,0,nan,0,nan,0
1597988408085733120,1597988408431000064,2020-08-21 13:40:08.431000,6535.2,6605.8,6523.0,6540.0,nan,6563.278,84198,110522972680.0,116416,6535.4,3,6535.0,1,nan,0,nan,0,nan,0,nan,0,nan,0,nan,0,nan,0,nan,0
1597988408561897984,1597988408918999808,2020-08-21 13:40:08.919000,6535.4,6605.8,6523.0,6540.0,nan,6563.277,84201,110526893800.0,116417,6535.0,2,6534.6,2,nan,0,nan,0,nan,0,nan,0,nan,0,nan,0,nan,0,nan,0
1597988409080144896,1597988409415000064,2020-08-21 13:40:09.415000,6535.2,6605.8,6523.0,6540.0,nan,6563.276,84204,110530814560.0,116418,6535.4,2,6534.2,1,nan,0,nan,0,nan,0,nan,0,nan,0,nan,0,nan,0,nan,0
1597988409565636096,1597988409904999936,2020-08-21 13:40:09.905000,6534.4,6605.8,6523.0,6540.0,nan,6563.275,84205,110532121440.0,116417,6535.4,2,6535.0,1,nan,0,nan,0,nan,0,nan,0,nan,0,nan,0,nan,0,nan,0
1597988410082123008,1597988410403000064,2020-08-21 13:40:10.403000,6535.0,6605.8,6523.0,6540.0,nan,6563.275,84206,110533428440.0,116417,6534.8,1,6534.2,1,nan,0,nan,0,nan,0,nan,0,nan,0,nan,0,nan,0,nan,0
1597988410580473088,1597988410931000064,2020-08-21 13:40:10.931000,6534.2,6605.8,6523.0,6540.0,nan,6563.275,84207,110534735280.0,116418,6534.4,1,6534.0,27,nan,0,nan,0,nan,0,nan,0,nan,0,nan,0,nan,0,nan,0
1597988411061308928,1597988411436000000,2020-08-21 13:40:11.436000,6534.0,6605.8,6523.0,6540.0,nan,6563.274,84210,110538655680.0,116419,6534.4,1,6534.0,24,nan,0,nan,0,nan,0,nan,0,nan,0,nan,0,nan,0,nan,0
1597988411560615936,1597988411924999936,2020-08-21 13:40:11.925000,6534.0,6605.8,6523.0,6540.0,nan,6563.272,84215,110545189760.0,116419,6534.4,1,6534.0,20,nan,0,nan,0,nan,0,nan,0,nan,0,nan,0,nan,0,nan,0
1597988412064822016,1597988412411000064,2020-08-21 13:40:12.411000,6534.8,6605.8,6523.0,6540.0,nan,6563.27,84220,110551724160.0,116422,6535.0,4,6534.8,3,nan,0,nan,0,nan,0,nan,0,nan,0,nan,0,nan,0,nan,0
1597988412609457920,1597988412930000128,2020-08-21 13:40:12.930000,6534.0,6605.8,6523.0,6540.0,nan,6563.268,84228,110562179640.0,116428,6534.8,1,6534.4,1,nan,0,nan,0,nan,0,nan,0,nan,0,nan,0,nan,0,nan,0
1597988413074697984,1597988413426000128,2020-08-21 13:40:13.426000,6534.8,6605.8,6523.0,6540.0,nan,6563.267,84230,110564793480.0,116429,6535.0,1,6534.0,17,nan,0,nan,0,nan,0,nan,0,nan,0,nan,0,nan,0,nan,0
1597988413565115904,1597988413916000000,2020-08-21 13:40:13.916000,6535.0,6605.8,6523.0,6540.0,nan,6563.266,84232,110567407480.0,116429,6535.4,2,6535.0,1,nan,0,nan,0,nan,0,nan,0,nan,0,nan,0,nan,0,nan,0
1597988414099662080,1597988414356000000,2020-08-21 13:40:14.356000,6535.2,6605.8,6523.0,6540.0,nan,6563.264,84238,110575249920.0,116433,6536.0,1,6535.4,2,nan,0,nan,0,nan,0,nan,0,nan,0,nan,0,nan,0,nan,0
1597988414557950976,1597988414920999936,2020-08-21 13:40:14.921000,6534.8,6605.8,6523.0,6540.0,nan,6563.261,84247,110587013280.0,116442,6536.0,1,6534.8,5,nan,0,nan,0,nan,0,nan,0,nan,0,nan,0,nan,0,nan,0
1597988415067111936,1597988415437999872,2020-08-21 13:40:15.438000,6535.4,6605.8,6523.0,6540.0,nan,6563.261,84249,110589627320.0,116443,6535.4,2,6534.8,4,nan,0,nan,0,nan,0,nan,0,nan,0,nan,0,nan,0,nan,0
1597988415560322048,1597988415935000064,2020-08-21 13:40:15.935000,6534.0,6605.8,6523.0,6540.0,nan,6563.258,84257,110600082720.0,116449,6534.8,1,6534.0,16,nan,0,nan,0,nan,0,nan,0,nan,0,nan,0,nan,0,nan,0
1597988416083898112,1597988416325999872,2020-08-21 13:40:16.326000,6534.0,6605.8,6523.0,6540.0,nan,6563.257,84258,110601389520.0,116450,6534.4,2,6534.0,15,nan,0,nan,0,nan,0,nan,0,nan,0,nan,0,nan,0,nan,0
1597988416580968960,1597988416935000064,2020-08-21 13:40:16.935000,6534.4,6605.8,6523.0,6540.0,nan,6563.251,84278,110627525520.0,116465,6534.8,1,6534.4,9,nan,0,nan,0,nan,0,nan,0,nan,0,nan,0,nan,0,nan,0
1597988417074439936,1597988417420999936,2020-08-21 13:40:17.421000,6534.4,6605.8,6523.0,6540.0,nan,6563.249,84282,110632753040.0,116468,6534.6,1,6534.4,5,nan,0,nan,0,nan,0,nan,0,nan,0,nan,0,nan,0,nan,0
1597988417599877888,1597988417892999936,2020-08-21 13:40:17.893000,6534.4,6605.8,6523.0,6540.0,nan,6563.247,84287,110639287440.0,116472,6534.4,5,6533.2,5,nan,0,nan,0,nan,0,nan,0,nan,0,nan,0,nan,0,nan,0
1597988418076380928,1597988418427000064,2020-08-21 13:40:18.427000,6533.4,6605.8,6523.0,6540.0,nan,6563.247,84289,110641901000.0,116472,6534.2,1,6533.2,5,nan,0,nan,0,nan,0,nan,0,nan,0,nan,0,nan,0,nan,0
1597988418566221056,1597988418931000064,2020-08-21 13:40:18.931000,6533.2,6605.8,6523.0,6540.0,nan,6563.246,84292,110645820920.0,116473,6534.2,1,6533.2,2,nan,0,nan,0,nan,0,nan,0,nan,0,nan,0,nan,0,nan,0
1597988419081132032,1597988419430000128,2020-08-21 13:40:19.430000,6534.2,6605.8,6523.0,6540.0,nan,6563.245,84294,110648434400.0,116474,6534.2,1,6533.2,1,nan,0,nan,0,nan,0,nan,0,nan,0,nan,0,nan,0,nan,0
1597988419571356928,1597988419924999936,2020-08-21 13:40:19.925000,6533.2,6605.8,6523.0,6540.0,nan,6563.245,84295,110649741040.0,116473,6533.2,6,6533.0,11,nan,0,nan,0,nan,0,nan,0,nan,0,nan,0,nan,0,nan,0
1597988420073694976,1597988420433000192,2020-08-21 13:40:20.433000,6533.0,6605.8,6523.0,6540.0,nan,6563.242,84301,110657580680.0,116476,6533.2,5,6533.0,6,nan,0,nan,0,nan,0,nan,0,nan,0,nan,0,nan,0,nan,0
1597988420682341120,1597988420932000000,2020-08-21 13:40:20.932000,6533.0,6605.8,6523.0,6540.0,nan,6563.239,84311,110670646440.0,116480,6533.0,2,6532.6,13,nan,0,nan,0,nan,0,nan,0,nan,0,nan,0,nan,0,nan,0
1597988421080758016,1597988421390000128,2020-08-21 13:40:21.390000,6532.6,6605.8,6523.0,6540.0,nan,6563.238,84314,110674566000.0,116479,6533.0,1,6532.6,10,nan,0,nan,0,nan,0,nan,0,nan,0,nan,0,nan,0,nan,0
1597988421591241984,1597988421928000000,2020-08-21 13:40:21.928000,6532.6,6605.8,6523.0,6540.0,nan,6563.236,84319,110681098680.0,116479,6533.2,6,6532.6,6,nan,0,nan,0,nan,0,nan,0,nan,0,nan,0,nan,0,nan,0
1597988422076047104,1597988422401999872,2020-08-21 13:40:22.402000,6532.6,6605.8,6523.0,6540.0,nan,6563.235,84321,110683711840.0,116479,6533.0,1,6532.6,6,nan,0,nan,0,nan,0,nan,0,nan,0,nan,0,nan,0,nan,0
1597988422582633984,1597988422921999872,2020-08-21 13:40:22.922000,6532.6,6605.8,6523.0,6540.0,nan,6563.234,84324,110687631480.0,116479,6533.2,5,6533.0,1,nan,0,nan,0,nan,0,nan,0,nan,0,nan,0,nan,0,nan,0
1597988423080357888,1597988423430000128,2020-08-21 13:40:23.430000,6533.2,6605.8,6523.0,6540.0,nan,6563.233,84326,110690244760.0,116478,6533.2,3,6533.0,1,nan,0,nan,0,nan,0,nan,0,nan,0,nan,0,nan,0,nan,0
1597988423559833088,1597988423857000192,2020-08-21 13:40:23.857000,6533.2,6605.8,6523.0,6540.0,nan,6563.232,84330,110695471320.0,116479,6534.4,9,6533.0,1,nan,0,nan,0,nan,0,nan,0,nan,0,nan,0,nan,0,nan,0
1597988424125180928,1597988424434000128,2020-08-21 13:40:24.434000,6533.2,6605.8,6523.0,6540.0,nan,6563.232,84331,110696777960.0,116479,6534.2,1,6533.0,1,nan,0,nan,0,nan,0,nan,0,nan,0,nan,0,nan,0,nan,0
1597988424564293120,1597988424924000000,2020-08-21 13:40:24.924000,6534.2,6605.8,6523.0,6540.0,nan,6563.231,84333,110699391600.0,116479,6534.4,9,6534.2,8,nan,0,nan,0,nan,0,nan,0,nan,0,nan,0,nan,0,nan,0
1597988425065838080,1597988425424999936,2020-08-21 13:40:25.425000,6534.2,6605.8,6523.0,6540.0,nan,6563.228,84341,110709846360.0,116485,6534.4,7,6534.2,1,nan,0,nan,0,nan,0,nan,0,nan,0,nan,0,nan,0,nan,0
1597988425576441088,1597988425930000128,2020-08-21 13:40:25.930000,6534.2,6605.8,6523.0,6540.0,nan,6563.228,84343,110712460040.0,116486,6534.2,3,6533.0,1,nan,0,nan,0,nan,0,nan,0,nan,0,nan,0,nan,0,nan,0
1597988426060664064,1597988426431000064,2020-08-21 13:40:26.431000,6533.4,6605.8,6523.0,6540.0,nan,6563.227,84345,110715073560.0,116486,6534.4,7,6533.2,2,nan,0,nan,0,nan,0,nan,0,nan,0,nan,0,nan,0,nan,0
1597988426570638080,1597988426934000128,2020-08-21 13:40:26.934000,6534.4,6605.8,6523.0,6540.0,nan,6563.224,84352,110724221160.0,116485,6534.4,4,6533.0,1,nan,0,nan,0,nan,0,nan,0,nan,0,nan,0,nan,0,nan,0
1597988427092871936,1597988427434000128,2020-08-21 13:40:27.434000,6534.2,6605.8,6523.0,6540.0,nan,6563.224,84354,110726834880.0,116485,6534.4,4,6534.2,1,nan,0,nan,0,nan,0,nan,0,nan,0,nan,0,nan,0,nan,0
1597988427559576064,1597988427918999808,2020-08-21 13:40:27.919000,6534.4,6605.8,6523.0,6540.0,nan,6563.223,84355,110728141760.0,116485,6534.4,4,6533.8,1,nan,0,nan,0,nan,0,nan,0,nan,0,nan,0,nan,0,nan,0
1597988428064773888,1597988428412000000,2020-08-21 13:40:28.412000,6534.0,6605.8,6523.0,6540.0,nan,6563.223,84357,110730755440.0,116485,6534.2,2,6533.8,1,nan,0,nan,0,nan,0,nan,0,nan,0,nan,0,nan,0,nan,0
1597988428568846080,1597988428924999936,2020-08-21 13:40:28.925000,6533.8,6605.8,6523.0,6540.0,nan,6563.221,84361,110735982760.0,116486,6534.4,2,6534.2,1,nan,0,nan,0,nan,0,nan,0,nan,0,nan,0,nan,0,nan,0
1597988429069658880,1597988429424999936,2020-08-21 13:40:29.425000,6534.2,6605.8,6523.0,6540.0,nan,6563.221,84362,110737289600.0,116487,6534.4,3,6533.2,3,nan,0,nan,0,nan,0,nan,0,nan,0,nan,0,nan,0,nan,0
1597988429562726912,1597988429936999936,2020-08-21 13:40:29.937000,6535.0,6605.8,6523.0,6540.0,nan,6563.219,84369,110746437760.0,116489,6535.2,1,6533.6,1,nan,0,nan,0,nan,0,nan,0,nan,0,nan,0,nan,0,nan,0
1597988430054571008,1597988430434000128,2020-08-21 13:40:30.434000,6535.2,6605.8,6523.0,6540.0,nan,6563.218,84372,110750358600.0,116490,6536.4,1,6535.2,9,nan,0,nan,0,nan,0,nan,0,nan,0,nan,0,nan,0,nan,0
1597988430563396096,1597988430927000064,2020-08-21 13:40:30.927000,6535.2,6605.8,6523.0,6540.0,nan,6563.215,84379,110759507880.0,116494,6536.2,5,6535.2,2,nan,0,nan,0,nan,0,nan,0,nan,0,nan,0,nan,0,nan,0
1597988431062081024,1597988431431000064,2020-08-21 13:40:31.431000,6535.2,6605.8,6523.0,6540.0,nan,6563.215,84379,110759507880.0,116494,6535.8,2,6535.2,16,nan,0,nan,0,nan,0,nan,0,nan,0,nan,0,nan,0,nan,0
1597988431567697920,1597988431912000000,2020-08-21 13:40:31.912000,6535.8,6605.8,6523.0,6540.0,nan,6563.214,84382,110763429240.0,116496,6535.6,1,6535.2,22,nan,0,nan,0,nan,0,nan,0,nan,0,nan,0,nan,0,nan,0
1597988432064905984,1597988432428000000,2020-08-21 13:40:32.428000,6535.6,6605.8,6523.0,6540.0,nan,6563.213,84386,110768657800.0,116499,6536.2,2,6535.6,10,nan,0,nan,0,nan,0,nan,0,nan,0,nan,0,nan,0,nan,0
1597988432566306048,1597988432936999936,2020-08-21 13:40:32.937000,6536.2,6605.8,6523.0,6540.0,nan,6563.212,84389,110772579520.0,116502,6536.8,1,6535.6,10,nan,0,nan,0,nan,0,nan,0,nan,0,nan,0,nan,0,nan,0
1597988433085668096,1597988433437999872,2020-08-21 13:40:33.438000,6535.8,6605.8,6523.0,6540.0,nan,6563.211,84391,110775193840.0,116502,6536.6,1,6535.8,1,nan,0,nan,0,nan,0,nan,0,nan,0,nan,0,nan,0,nan,0
1597988433574755072,1597988433934000128,2020-08-21 13:40:33.934000,6536.6,6605.8,6523.0,6540.0,nan,6563.211,84393,110777808480.0,116503,6536.8,1,6535.8,9,nan,0,nan,0,nan,0,nan,0,nan,0,nan,0,nan,0,nan,0
1597988434080539904,1597988434405999872,2020-08-21 13:40:34.406000,6537.4,6605.8,6523.0,6540.0,nan,6563.21,84396,110781730760.0,116503,6537.4,2,6537.0,1,nan,0,nan,0,nan,0,nan,0,nan,0,nan,0,nan,0,nan,0
1597988434589989120,1597988434923000064,2020-08-21 13:40:34.923000,6537.0,6605.8,6523.0,6540.0,nan,6563.209,84400,110786960600.0,116506,6537.6,1,6536.8,2,nan,0,nan,0,nan,0,nan,0,nan,0,nan,0,nan,0,nan,0
1597988435080504064,1597988435428999936,2020-08-21 13:40:35.429000,6537.2,6605.8,6523.0,6540.0,nan,6563.208,84402,110789575440.0,116508,6537.2,1,6537.0,1,nan,0,nan,0,nan,0,nan,0,nan,0,nan,0,nan,0,nan,0
1597988435573481984,1597988435910000128,2020-08-21 13:40:35.910000,6537.0,6605.8,6523.0,6540.0,nan,6563.206,84407,110796112640.0,116511,6538.0,1,6536.8,7,nan,0,nan,0,nan,0,nan,0,nan,0,nan,0,nan,0,nan,0
1597988436104116992,1597988436435000064,2020-08-21 13:40:36.435000,6537.0,6605.8,6523.0,6540.0,nan,6563.206,84407,110796112640.0,116511,6537.4,2,6537.0,1,nan,0,nan,0,nan,0,nan,0,nan,0,nan,0,nan,0,nan,0
1597988436587476992,1597988436894000128,2020-08-21 13:40:36.894000,6537.8,6605.8,6523.0,6540.0,nan,6563.204,84414,110805265240.0,116516,6538.0,1,6537.8,4,nan,0,nan,0,nan,0,nan,0,nan,0,nan,0,nan,0,nan,0
1597988437082619904,1597988437357000192,2020-08-21 13:40:37.357000,6537.8,6605.8,6523.0,6540.0,nan,6563.202,84420,110813110960.0,116518,6538.4,4,6537.8,7,nan,0,nan,0,nan,0,nan,0,nan,0,nan,0,nan,0,nan,0
1597988437583979008,1597988437937999872,2020-08-21 13:40:37.938000,6538.4,6605.8,6523.0,6540.0,nan,6563.201,84426,110820957040.0,116524,6538.6,3,6538.0,1,nan,0,nan,0,nan,0,nan,0,nan,0,nan,0,nan,0,nan,0
1597988438083595008,1597988438430000128,2020-08-21 13:40:38.430000,6538.6,6605.8,6523.0,6540.0,nan,6563.198,84436,110834034440.0,116528,6538.8,1,6538.2,1,nan,0,nan,0,nan,0,nan,0,nan,0,nan,0,nan,0,nan,0
1597988438592375040,1597988438938999808,2020-08-21 13:40:38.939000,6538.8,6605.8,6523.0,6540.0,nan,6563.196,84444,110844497000.0,116529,6539.0,1,6538.6,4,nan,0,nan,0,nan,0,nan,0,nan,0,nan,0,nan,0,nan,0
1597988439095410944,1597988439433000192,2020-08-21 13:40:39.433000,6539.0,6605.8,6523.0,6540.0,nan,6563.193,84454,110857576560.0,116531,6541.8,6,6539.0,6,nan,0,nan,0,nan,0,nan,0,nan,0,nan,0,nan,0,nan,0
1597988439594936064,1597988439926000128,2020-08-21 13:40:39.926000,6539.0,6605.8,6523.0,6540.0,nan,6563.193,84454,110857576560.0,116531,6539.6,1,6539.2,1,nan,0,nan,0,nan,0,nan,0,nan,0,nan,0,nan,0,nan,0
1597988440084275968,1597988440408000000,2020-08-21 13:40:40.408000,6539.4,6605.8,6523.0,6540.0,nan,6563.192,84457,110861500160.0,116533,6540.4,1,6539.0,11,nan,0,nan,0,nan,0,nan,0,nan,0,nan,0,nan,0,nan,0
1597988440596916992,1597988440938999808,2020-08-21 13:40:40.939000,6539.0,6605.8,6523.0,6540.0,nan,6563.191,84459,110864115760.0,116533,6540.2,2,6539.0,10,nan,0,nan,0,nan,0,nan,0,nan,0,nan,0,nan,0,nan,0
1597988441081600000,1597988441420999936,2020-08-21 13:40:41.421000,6539.0,6605.8,6523.0,6540.0,nan,6563.19,84463,110869346960.0,116536,6539.2,1,6539.0,6,nan,0,nan,0,nan,0,nan,0,nan,0,nan,0,nan,0,nan,0
1597988441587650048,1597988441924000000,2020-08-21 13:40:41.924000,6539.0,6605.8,6523.0,6540.0,nan,6563.186,84478,110888963880.0,116546,6539.0,2,6538.8,1,nan,0,nan,0,nan,0,nan,0,nan,0,nan,0,nan,0,nan,0
1597988442073440000,1597988442428000000,2020-08-21 13:40:42.428000,6537.8,6605.8,6523.0,6540.0,nan,6563.184,84485,110898117480.0,116551,6538.8,2,6537.0,5,nan,0,nan,0,nan,0,nan,0,nan,0,nan,0,nan,0,nan,0
1597988442579641088,1597988442924000000,2020-08-21 13:40:42.924000,6538.8,6605.8,6523.0,6540.0,nan,6563.181,84494,110909887000.0,116554,6539.2,1,6538.8,2,nan,0,nan,0,nan,0,nan,0,nan,0,nan,0,nan,0,nan,0
1597988443093470976,1597988443434000128,2020-08-21 13:40:43.434000,6538.8,6605.8,6523.0,6540.0,nan,6563.18,84499,110916426320.0,116557,6538.8,7,6538.0,1,nan,0,nan,0,nan,0,nan,0,nan,0,nan,0,nan,0,nan,0
1597988443572688896,1597988443938999808,2020-08-21 13:40:43.939000,6541.6,6605.8,6523.0,6540.0,nan,6563.176,84511,110932120440.0,116560,6541.6,3,6538.8,1,nan,0,nan,0,nan,0,nan,0,nan,0,nan,0,nan,0,nan,0
1597988444069841920,1597988444435000064,2020-08-21 13:40:44.435000,6541.6,6605.8,6523.0,6540.0,nan,6563.176,84511,110932120440.0,116560,6540.2,3,6539.0,2,nan,0,nan,0,nan,0,nan,0,nan,0,nan,0,nan,0,nan,0
1597988444578486016,1597988444905999872,2020-08-21 13:40:44.906000,6540.2,6605.8,6523.0,6540.0,nan,6563.175,84515,110937352400.0,116563,6539.6,2,6539.4,1,nan,0,nan,0,nan,0,nan,0,nan,0,nan,0,nan,0,nan,0
1597988445093246976,1597988445427000064,2020-08-21 13:40:45.427000,6539.6,6605.8,6523.0,6540.0,nan,6563.174,84520,110943892000.0,116565,6540.6,1,6540.2,1,nan,0,nan,0,nan,0,nan,0,nan,0,nan,0,nan,0,nan,0
1597988445600068096,1597988445926000128,2020-08-21 13:40:45.926000,6540.2,6605.8,6523.0,6540.0,nan,6563.173,84522,110946508080.0,116566,6540.2,1,6539.6,1,nan,0,nan,0,nan,0,nan,0,nan,0,nan,0,nan,0,nan,0
1597988446111760896,1597988446435000064,2020-08-21 13:40:46.435000,6539.8,6605.8,6523.0,6540.0,nan,6563.172,84527,110953048520.0,116567,6539.8,1,6539.6,1,nan,0,nan,0,nan,0,nan,0,nan,0,nan,0,nan,0,nan,0
1597988446575418112,1597988446924999936,2020-08-21 13:40:46.925000,6540.0,6605.8,6523.0,6540.0,nan,6563.171,84531,110958280560.0,116567,6541.6,4,6539.8,6,nan,0,nan,0,nan,0,nan,0,nan,0,nan,0,nan,0,nan,0
1597988447069486080,1597988447360999936,2020-08-21 13:40:47.361000,6540.0,6605.8,6523.0,6540.0,nan,6563.169,84538,110967438200.0,116572,6540.6,2,6540.0,2,nan,0,nan,0,nan,0,nan,0,nan,0,nan,0,nan,0,nan,0
1597988447584975104,1597988447936999936,2020-08-21 13:40:47.937000,6540.2,6605.8,6523.0,6540.0,nan,6563.168,84541,110971362480.0,116573,6540.2,1,6540.0,1,nan,0,nan,0,nan,0,nan,0,nan,0,nan,0,nan,0,nan,0
1597988448087150080,1597988448424999936,2020-08-21 13:40:48.425000,6540.8,6605.8,6523.0,6540.0,nan,6563.167,84546,110977902720.0,116576,6541.4,3,6540.2,1,nan,0,nan,0,nan,0,nan,0,nan,0,nan,0,nan,0,nan,0
1597988448569328128,1597988448924999936,2020-08-21 13:40:48.925000,6540.6,6605.8,6523.0,6540.0,nan,6563.167,84547,110979210840.0,116577,6540.8,2,6540.2,1,nan,0,nan,0,nan,0,nan,0,nan,0,nan,0,nan,0,nan,0
1597988449071379968,1597988449431000064,2020-08-21 13:40:49.431000,6540.6,6605.8,6523.0,6540.0,nan,6563.166,84551,110984443080.0,116581,6540.8,2,6540.6,2,nan,0,nan,0,nan,0,nan,0,nan,0,nan,0,nan,0,nan,0
1597988449574345984,1597988449894000128,2020-08-21 13:40:49.894000,6540.6,6605.8,6523.0,6540.0,nan,6563.165,84554,110988367440.0,116583,6540.6,3,6539.8,1,nan,0,nan,0,nan,0,nan,0,nan,0,nan,0,nan,0,nan,0
1597988450084481024,1597988450418999808,2020-08-21 13:40:50.419000,6539.8,6605.8,6523.0,6540.0,nan,6563.164,84556,110990983520.0,116585,6539.8,5,6539.4,2,nan,0,nan,0,nan,0,nan,0,nan,0,nan,0,nan,0,nan,0
1597988450568552960,1597988450928000000,2020-08-21 13:40:50.928000,6539.6,6605.8,6523.0,6540.0,nan,6563.164,84558,110993599320.0,116586,6539.6,1,6539.4,1,nan,0,nan,0,nan,0,nan,0,nan,0,nan,0,nan,0,nan,0
1597988451084111104,1597988451423000064,2020-08-21 13:40:51.423000,6539.6,6605.8,6523.0,6540.0,nan,6563.161,84567,111005370480.0,116591,6539.8,5,6539.6,3,nan,0,nan,0,nan,0,nan,0,nan,0,nan,0,nan,0,nan,0
1597988451591887872,1597988451933000192,2020-08-21 13:40:51.933000,6539.8,6605.8,6523.0,6540.0,nan,6563.16,84570,111009294360.0,116594,6539.8,2,6539.6,3,nan,0,nan,0,nan,0,nan,0,nan,0,nan,0,nan,0,nan,0
1597988452088580096,1597988452424999936,2020-08-21 13:40:52.425000,6539.6,6605.8,6523.0,6540.0,nan,6563.159,84576,111017141960.0,116599,6539.4,1,6539.2,1,nan,0,nan,0,nan,0,nan,0,nan,0,nan,0,nan,0,nan,0
1597988452572066048,1597988452930000128,2020-08-21 13:40:52.930000,6539.2,6605.8,6523.0,6540.0,nan,6563.158,84577,111018449800.0,116600,6539.4,1,6538.8,2,nan,0,nan,0,nan,0,nan,0,nan,0,nan,0,nan,0,nan,0
1597988453070974976,1597988453424999936,2020-08-21 13:40:53.425000,6539.2,6605.8,6523.0,6540.0,nan,6563.158,84577,111018449800.0,116600,6539.4,1,6539.2,1,nan,0,nan,0,nan,0,nan,0,nan,0,nan,0,nan,0,nan,0
1597988453575557120,1597988453932000000,2020-08-21 13:40:53.932000,6539.2,6605.8,6523.0,6540.0,nan,6563.158,84578,111019757640.0,116601,6539.2,5,6538.8,2,nan,0,nan,0,nan,0,nan,0,nan,0,nan,0,nan,0,nan,0
1597988454071243008,1597988454428000000,2020-08-21 13:40:54.428000,6539.2,6605.8,6523.0,6540.0,nan,6563.158,84578,111019757640.0,116601,6539.2,5,6538.8,2,nan,0,nan,0,nan,0,nan,0,nan,0,nan,0,nan,0,nan,0
1597988454570802944,1597988454931000064,2020-08-21 13:40:54.931000,6538.8,6605.8,6523.0,6540.0,nan,6563.157,84581,111023680920.0,116603,6538.8,2,6538.2,1,nan,0,nan,0,nan,0,nan,0,nan,0,nan,0,nan,0,nan,0
1597988455069350912,1597988455435000064,2020-08-21 13:40:55.435000,6538.2,6605.8,6523.0,6540.0,nan,6563.156,84586,111030219360.0,116607,6538.2,2,6538.0,1,nan,0,nan,0,nan,0,nan,0,nan,0,nan,0,nan,0,nan,0
1597988455567485952,1597988455936999936,2020-08-21 13:40:55.937000,6538.2,6605.8,6523.0,6540.0,nan,6563.155,84589,111034142280.0,116608,6539.2,5,6538.0,1,nan,0,nan,0,nan,0,nan,0,nan,0,nan,0,nan,0,nan,0
1597988456075938048,1597988456432000000,2020-08-21 13:40:56.432000,6538.4,6605.8,6523.0,6540.0,nan,6563.154,84592,111038065240.0,116608,6539.0,2,6538.0,1,nan,0,nan,0,nan,0,nan,0,nan,0,nan,0,nan,0,nan,0
1597988456574172928,1597988456905999872,2020-08-21 13:40:56.906000,6538.0,6605.8,6523.0,6540.0,nan,6563.153,84595,111041988080.0,116611,6538.0,1,6537.2,1,nan,0,nan,0,nan,0,nan,0,nan,0,nan,0,nan,0,nan,0
1597988457074287104,1597988457434000128,2020-08-21 13:40:57.434000,6538.0,6605.8,6523.0,6540.0,nan,6563.153,84595,111041988080.0,116611,6537.8,1,6537.4,3,nan,0,nan,0,nan,0,nan,0,nan,0,nan,0,nan,0,nan,0
1597988457582560000,1597988457931000064,2020-08-21 13:40:57.931000,6537.8,6605.8,6523.0,6540.0,nan,6563.153,84596,111043295640.0,116611,6538.0,1,6537.4,3,nan,0,nan,0,nan,0,nan,0,nan,0,nan,0,nan,0,nan,0
1597988458067045120,1597988458434000128,2020-08-21 13:40:58.434000,6537.8,6605.8,6523.0,6540.0,nan,6563.153,84596,111043295640.0,116611,6538.0,1,6537.4,2,nan,0,nan,0,nan,0,nan,0,nan,0,nan,0,nan,0,nan,0
1597988458565862912,1597988458926000128,2020-08-21 13:40:58.926000,6537.4,6605.8,6523.0,6540.0,nan,6563.153,84597,111044603120.0,116612,6538.0,1,6537.4,1,nan,0,nan,0,nan,0,nan,0,nan,0,nan,0,nan,0,nan,0
1597988459067393024,1597988459404000000,2020-08-21 13:40:59.404000,6537.4,6605.8,6523.0,6540.0,nan,6563.152,84598,111045910600.0,116611,6538.0,1,6537.8,1,nan,0,nan,0,nan,0,nan,0,nan,0,nan,0,nan,0,nan,0
1597988459568912896,1597988459904000000,2020-08-21 13:40:59.904000,6537.6,6605.8,6523.0,6540.0,nan,6563.152,84599,111047218120.0,116612,6538.0,1,6537.2,1,nan,0,nan,0,nan,0,nan,0,nan,0,nan,0,nan,0,nan,0
1597988460072377088,1597988460424999936,2020-08-21 13:41:00.425000,6538.0,6605.8,6523.0,6540.0,nan,6563.151,84601,111049833160.0,116612,6539.0,2,6537.6,1,nan,0,nan,0,nan,0,nan,0,nan,0,nan,0,nan,0,nan,0
1597988460573861888,1597988460937999872,2020-08-21 13:41:00.938000,6539.0,6605.8,6523.0,6540.0,nan,6563.15,84605,111055063840.0,116614,6539.2,7,6537.0,5,nan,0,nan,0,nan,0,nan,0,nan,0,nan,0,nan,0,nan,0
1597988461094115072,1597988461427000064,2020-08-21 13:41:01.427000,6539.0,6605.8,6523.0,6540.0,nan,6563.15,84605,111055063840.0,116614,6538.8,1,6537.8,1,nan,0,nan,0,nan,0,nan,0,nan,0,nan,0,nan,0,nan,0
1597988461578362112,1597988461891000064,2020-08-21 13:41:01.891000,6538.8,6605.8,6523.0,6540.0,nan,6563.149,84608,111058987120.0,116615,6539.2,7,6539.0,1,nan,0,nan,0,nan,0,nan,0,nan,0,nan,0,nan,0,nan,0
1597988462078110976,1597988462420999936,2020-08-21 13:41:02.421000,6539.2,6605.8,6523.0,6540.0,nan,6563.148,84611,111062910560.0,116616,6539.2,6,6537.8,1,nan,0,nan,0,nan,0,nan,0,nan,0,nan,0,nan,0,nan,0
1597988462585324032,1597988462911000064,2020-08-21 13:41:02.911000,6539.0,6605.8,6523.0,6540.0,nan,6563.147,84615,111068141840.0,116617,6539.0,3,6538.0,6,nan,0,nan,0,nan,0,nan,0,nan,0,nan,0,nan,0,nan,0
1597988463081376000,1597988463430000128,2020-08-21 13:41:03.430000,6539.0,6605.8,6523.0,6540.0,nan,6563.146,84618,111072065240.0,116617,6539.2,4,6539.0,4,nan,0,nan,0,nan,0,nan,0,nan,0,nan,0,nan,0,nan,0
1597988463580933888,1597988463935000064,2020-08-21 13:41:03.935000,6539.4,6605.8,6523.0,6540.0,nan,6563.145,84623,111078604480.0,116616,6539.4,1,6539.2,9,nan,0,nan,0,nan,0,nan,0,nan,0,nan,0,nan,0,nan,0
1597988464100528896,1597988464432000000,2020-08-21 13:41:04.432000,6539.6,6605.8,6523.0,6540.0,nan,6563.143,84630,111087759880.0,116623,6540.0,1,6539.6,3,nan,0,nan,0,nan,0,nan,0,nan,0,nan,0,nan,0,nan,0
1597988464571770880,1597988464926000128,2020-08-21 13:41:04.926000,6540.0,6605.8,6523.0,6540.0,nan,6563.143,84632,111090375880.0,116624,6541.0,1,6540.0,1,nan,0,nan,0,nan,0,nan,0,nan,0,nan,0,nan,0,nan,0
1597988465088941056,1597988465426000128,2020-08-21 13:41:05.426000,6539.4,6605.8,6523.0,6540.0,nan,6563.141,84638,111098223640.0,116623,6540.4,1,6540.0,1,nan,0,nan,0,nan,0,nan,0,nan,0,nan,0,nan,0,nan,0
1597988465581690880,1597988465921999872,2020-08-21 13:41:05.922000,6540.0,6605.8,6523.0,6540.0,nan,6563.141,84639,111099531640.0,116623,6539.6,1,6539.4,2,nan,0,nan,0,nan,0,nan,0,nan,0,nan,0,nan,0,nan,0
1597988466083361024,1597988466433000192,2020-08-21 13:41:06.433000,6539.4,6605.8,6523.0,6540.0,nan,6563.139,84644,111106071040.0,116621,6539.6,1,6539.2,1,nan,0,nan,0,nan,0,nan,0,nan,0,nan,0,nan,0,nan,0
1597988466574757888,1597988466938999808,2020-08-21 13:41:06.939000,6539.0,6605.8,6523.0,6540.0,nan,6563.139,84646,111108686680.0,116623,6539.6,1,6538.2,2,nan,0,nan,0,nan,0,nan,0,nan,0,nan,0,nan,0,nan,0
1597988467094052096,1597988467434000128,2020-08-21 13:41:07.434000,6540.0,6605.8,6523.0,6540.0,nan,6563.138,84648,111111302600.0,116625,6539.8,1,6538.4,1,nan,0,nan,0,nan,0,nan,0,nan,0,nan,0,nan,0,nan,0
1597988467576600064,1597988467888999936,2020-08-21 13:41:07.889000,6539.8,6605.8,6523.0,6540.0,nan,6563.138,84650,111113918280.0,116624,6539.8,1,6538.6,2,nan,0,nan,0,nan,0,nan,0,nan,0,nan,0,nan,0,nan,0
1597988468081222912,1597988468428000000,2020-08-21 13:41:08.428000,6539.8,6605.8,6523.0,6540.0,nan,6563.137,84651,111115226240.0,116624,6540.0,3,6539.6,1,nan,0,nan,0,nan,0,nan,0,nan,0,nan,0,nan,0,nan,0
1597988468578627072,1597988468913000192,2020-08-21 13:41:08.913000,6539.8,6605.8,6523.0,6540.0,nan,6563.137,84651,111115226240.0,116624,6540.0,3,6539.6,3,nan,0,nan,0,nan,0,nan,0,nan,0,nan,0,nan,0,nan,0
1597988469099429120,1597988469435000064,2020-08-21 13:41:09.435000,6539.8,6605.8,6523.0,6540.0,nan,6563.136,84655,111120458200.0,116628,6540.4,1,6539.6,3,nan,0,nan,0,nan,0,nan,0,nan,0,nan,0,nan,0,nan,0
1597988469582341888,1597988469934000128,2020-08-21 13:41:09.934000,6539.8,6605.8,6523.0,6540.0,nan,6563.136,84655,111120458200.0,116628,6540.4,1,6539.6,3,nan,0,nan,0,nan,0,nan,0,nan,0,nan,0,nan,0,nan,0
1597988470080784896,1597988470438999808,2020-08-21 13:41:10.439000,6539.8,6605.8,6523.0,6540.0,nan,6563.136,84655,111120458200.0,116628,6540.4,1,6539.8,2,nan,0,nan,0,nan,0,nan,0,nan,0,nan,0,nan,0,nan,0
1597988471087271936,1597988471436000000,2020-08-21 13:41:11.436000,6539.8,6605.8,6523.0,6540.0,nan,6563.136,84655,111120458200.0,116628,6540.4,1,6540.0,2,nan,0,nan,0,nan,0,nan,0,nan,0,nan,0,nan,0,nan,0
1597988471593901056,1597988471927000064,2020-08-21 13:41:11.927000,6540.0,6605.8,6523.0,6540.0,nan,6563.136,84657,111123074280.0,116628,6541.0,1,6540.0,1,nan,0,nan,0,nan,0,nan,0,nan,0,nan,0,nan,0,nan,0
1597988472081468928,1597988472436999936,2020-08-21 13:41:12.437000,6540.0,6605.8,6523.0,6540.0,nan,6563.136,84657,111123074280.0,116628,6540.8,1,6540.2,1,nan,0,nan,0,nan,0,nan,0,nan,0,nan,0,nan,0,nan,0
1597988472583595008,1597988472932000000,2020-08-21 13:41:12.932000,6540.2,6605.8,6523.0,6540.0,nan,6563.135,84658,111124382320.0,116629,6540.8,1,6540.4,1,nan,0,nan,0,nan,0,nan,0,nan,0,nan,0,nan,0,nan,0
1597988473077167104,1597988473436000000,2020-08-21 13:41:13.436000,6540.0,6605.8,6523.0,6540.0,nan,6563.135,84661,111128306560.0,116632,6541.0,1,6540.0,3,nan,0,nan,0,nan,0,nan,0,nan,0,nan,0,nan,0,nan,0
1597988473585123072,1597988473928999936,2020-08-21 13:41:13.929000,6541.0,6605.8,6523.0,6540.0,nan,6563.133,84666,111134846960.0,116636,6540.8,3,6539.8,2,nan,0,nan,0,nan,0,nan,0,nan,0,nan,0,nan,0,nan,0
1597988474081249024,1597988474404000000,2020-08-21 13:41:14.404000,6539.8,6605.8,6523.0,6540.0,nan,6563.133,84668,111137462880.0,116638,6539.8,2,6539.6,2,nan,0,nan,0,nan,0,nan,0,nan,0,nan,0,nan,0,nan,0
1597988474686134016,1597988474933000192,2020-08-21 13:41:14.933000,6539.6,6605.8,6523.0,6540.0,nan,6563.132,84671,111141386640.0,116639,6539.6,2,6538.6,1,nan,0,nan,0,nan,0,nan,0,nan,0,nan,0,nan,0,nan,0
1597988475078951936,1597988475437999872,2020-08-21 13:41:15.438000,6539.6,6605.8,6523.0,6540.0,nan,6563.132,84671,111141386640.0,116639,6539.6,2,6538.2,1,nan,0,nan,0,nan,0,nan,0,nan,0,nan,0,nan,0,nan,0
1597988475599047936,1597988475930000128,2020-08-21 13:41:15.930000,6539.6,6605.8,6523.0,6540.0,nan,6563.132,84672,111142694560.0,116640,6539.4,2,6538.4,2,nan,0,nan,0,nan,0,nan,0,nan,0,nan,0,nan,0,nan,0
1597988476093681920,1597988476435000064,2020-08-21 13:41:16.435000,6538.4,6605.8,6523.0,6540.0,nan,6563.131,84673,111144002240.0,116641,6539.4,2,6538.2,2,nan,0,nan,0,nan,0,nan,0,nan,0,nan,0,nan,0,nan,0
