local_nano_time,quote_nano_time,datetime,last_price,highest,lowest,open,close,average,volume,amount,open_interest,ask_price1,ask_volume1,bid_price1,bid_volume1,ask_price2,ask_volume2,bid_price2,bid_volume2,ask_price3,ask_volume3,bid_price3,bid_volume3,ask_price4,ask_volume4,bid_price4,bid_volume4,ask_price5,ask_volume5,bid_price5,bid_volume5
1597988230153300992,1597988230432000000,2020-08-21 13:37:10.432000,3787.0,3800.0,3764.0,3765.0,nan,3781.307384,434161,16416961950.0,793684,3787.0,211,3786.0,260,3788.0,579,3785.0,695,3789.0,400,3784.0,263,3790.0,595,3783.0,358,3791.0,483,3782.0,682
1597988230622646016,1597988230935000064,2020-08-21 13:37:10.935000,3787.0,3800.0,3764.0,3765.0,nan,3781.307384,434161,16416961950.0,793684,3787.0,211,3786.0,261,3788.0,579,3785.0,695,3789.0,400,3784.0,263,3790.0,595,3783.0,358,3791.0,483,3782.0,682
1597988231154703104,1597988231436999936,2020-08-21 13:37:11.437000,3787.0,3800.0,3764.0,3765.0,nan,3781.307384,434161,16416961950.0,793684,3787.0,211,3786.0,262,3788.0,579,3785.0,695,3789.0,400,3784.0,263,3790.0,595,3783.0,358,3791.0,483,3782.0,682
1597988231630064896,1597988231910000128,2020-08-21 13:37:11.910000,3787.0,3800.0,3764.0,3765.0,nan,3781.307384,434161,16416961950.0,793684,3787.0,212,3786.0,262,3788.0,579,3785.0,695,3789.0,400,3784.0,253,3790.0,595,3783.0,358,3791.0,483,3782.0,682
1597988232138411008,1597988232423000064,2020-08-21 13:37:12.423000,3787.0,3800.0,3764.0,3765.0,nan,3781.307384,434161,16416961950.0,793684,3787.0,212,3786.0,262,3788.0,580,3785.0,695,3789.0,400,3784.0,253,3790.0,595,3783.0,366,3791.0,483,3782.0,682
1597988232623289088,1597988232932000000,2020-08-21 13:37:12.932000,3786.0,3800.0,3764.0,3765.0,nan,3781.307416,434164,16417075530.0,793681,3787.0,213,3786.0,259,3788.0,580,3785.0,695,3789.0,400,3784.0,253,3790.0,595,3783.0,366,3791.0,483,3782.0,682
1597988233118999040,1597988233405999872,2020-08-21 13:37:13.406000,3786.0,3800.0,3764.0,3765.0,nan,3781.307416,434164,16417075530.0,793681,3787.0,215,3786.0,259,3788.0,580,3785.0,695,3789.0,400,3784.0,253,3790.0,594,3783.0,366,3791.0,483,3782.0,682
1597988233630480896,1597988233912000000,2020-08-21 13:37:13.912000,3786.0,3800.0,3764.0,3765.0,nan,3781.307416,434164,16417075530.0,793681,3787.0,215,3786.0,260,3788.0,580,3785.0,695,3789.0,400,3784.0,253,3790.0,594,3783.0,366,3791.0,483,3782.0,682
1597988234132150016,1597988234427000064,2020-08-21 13:37:14.427000,3786.0,3800.0,3764.0,3765.0,nan,3781.307416,434164,16417075530.0,793681,3787.0,214,3786.0,261,3788.0,580,3785.0,695,3789.0,400,3784.0,253,3790.0,594,3783.0,366,3791.0,483,3782.0,682
1597988234632508928,1597988234937999872,2020-08-21 13:37:14.938000,3786.0,3800.0,3764.0,3765.0,nan,3781.307416,434164,16417075530.0,793681,3787.0,265,3786.0,261,3788.0,581,3785.0,695,3789.0,400,3784.0,253,3790.0,594,3783.0,366,3791.0,483,3782.0,682
1597988235132707072,1597988235413000192,2020-08-21 13:37:15.413000,3786.0,3800.0,3764.0,3765.0,nan,3781.30744,434166,16417151260.0,793679,3787.0,265,3786.0,241,3788.0,581,3785.0,695,3789.0,400,3784.0,253,3790.0,594,3783.0,366,3791.0,483,3782.0,682
1597988236117179904,1597988236432000000,2020-08-21 13:37:16.432000,3786.0,3800.0,3764.0,3765.0,nan,3781.30744,434166,16417151260.0,793679,3787.0,265,3786.0,241,3788.0,581,3785.0,694,3789.0,400,3784.0,253,3790.0,594,3783.0,366,3791.0,483,3782.0,682
1597988236615136000,1597988236918999808,2020-08-21 13:37:16.919000,3786.0,3800.0,3764.0,3765.0,nan,3781.30744,434166,16417151260.0,793679,3787.0,265,3786.0,241,3788.0,581,3785.0,694,3789.0,400,3784.0,253,3790.0,594,3783.0,371,3791.0,483,3782.0,682
1597988237138213120,1597988237435000064,2020-08-21 13:37:17.435000,3786.0,3800.0,3764.0,3765.0,nan,3781.30744,434166,16417151260.0,793679,3787.0,265,3786.0,182,3788.0,581,3785.0,694,3789.0,400,3784.0,253,3790.0,594,3783.0,371,3791.0,483,3782.0,682
1597988237624225024,1597988237934000128,2020-08-21 13:37:17.934000,3786.0,3800.0,3764.0,3765.0,nan,3781.30744,434166,16417151260.0,793679,3787.0,265,3786.0,182,3788.0,581,3785.0,694,3789.0,399,3784.0,253,3790.0,594,3783.0,371,3791.0,483,3782.0,682
1597988238146164992,1597988238430000128,2020-08-21 13:37:18.430000,3786.0,3800.0,3764.0,3765.0,nan,3781.30744,434166,16417151260.0,793679,3787.0,265,3786.0,183,3788.0,581,3785.0,696,3789.0,399,3784.0,253,3790.0,595,3783.0,371,3791.0,483,3782.0,682
1597988239129336064,1597988239420999936,2020-08-21 13:37:19.421000,3786.0,3800.0,3764.0,3765.0,nan,3781.30744,434166,16417151260.0,793679,3787.0,371,3786.0,183,3788.0,582,3785.0,696,3789.0,399,3784.0,253,3790.0,595,3783.0,371,3791.0,483,3782.0,682
1597988239622388992,1597988239932000000,2020-08-21 13:37:19.932000,3786.0,3800.0,3764.0,3765.0,nan,3781.30744,434166,16417151260.0,793679,3787.0,401,3786.0,127,3788.0,582,3785.0,694,3789.0,399,3784.0,254,3790.0,595,3783.0,371,3791.0,483,3782.0,682
1597988240156313088,1597988240416999936,2020-08-21 13:37:20.417000,3786.0,3800.0,3764.0,3765.0,nan,3781.30744,434166,16417151260.0,793679,3787.0,401,3786.0,83,3788.0,582,3785.0,694,3789.0,402,3784.0,254,3790.0,595,3783.0,371,3791.0,483,3782.0,682
1597988240630918912,1597988240916000000,2020-08-21 13:37:20.916000,3786.0,3800.0,3764.0,3765.0,nan,3781.30744,434166,16417151260.0,793679,3787.0,401,3786.0,75,3788.0,582,3785.0,694,3789.0,402,3784.0,254,3790.0,595,3783.0,371,3791.0,483,3782.0,682
1597988241150629120,1597988241423000064,2020-08-21 13:37:21.423000,3787.0,3800.0,3764.0,3765.0,nan,3781.307453,434167,16417189130.0,793678,3787.0,400,3786.0,75,3788.0,582,3785.0,694,3789.0,402,3784.0,254,3790.0,595,3783.0,371,3791.0,483,3782.0,682
1597988241631877888,1597988241936000000,2020-08-21 13:37:21.936000,3786.0,3800.0,3764.0,3765.0,nan,3781.307475,434169,16417264850.0,793676,3787.0,400,3786.0,73,3788.0,582,3785.0,694,3789.0,402,3784.0,262,3790.0,595,3783.0,371,3791.0,483,3782.0,682
1597988242127796992,1597988242423000064,2020-08-21 13:37:22.423000,3786.0,3800.0,3764.0,3765.0,nan,3781.307486,434170,16417302710.0,793676,3787.0,401,3786.0,72,3788.0,572,3785.0,694,3789.0,402,3784.0,262,3790.0,595,3783.0,371,3791.0,483,3782.0,682
1597988243120410880,1597988243432000000,2020-08-21 13:37:23.432000,3786.0,3800.0,3764.0,3765.0,nan,3781.307486,434170,16417302710.0,793676,3787.0,401,3786.0,75,3788.0,572,3785.0,694,3789.0,402,3784.0,262,3790.0,595,3783.0,371,3791.0,483,3782.0,682
1597988243629993984,1597988243917999872,2020-08-21 13:37:23.918000,3786.0,3800.0,3764.0,3765.0,nan,3781.307486,434170,16417302710.0,793676,3787.0,407,3786.0,76,3788.0,572,3785.0,694,3789.0,402,3784.0,262,3790.0,595,3783.0,371,3791.0,483,3782.0,682
1597988244626055936,1597988244932000000,2020-08-21 13:37:24.932000,3786.0,3800.0,3764.0,3765.0,nan,3781.307486,434170,16417302710.0,793676,3787.0,407,3786.0,76,3788.0,573,3785.0,694,3789.0,402,3784.0,262,3790.0,595,3783.0,371,3791.0,483,3782.0,682
1597988245123715072,1597988245427000064,2020-08-21 13:37:25.427000,3786.0,3800.0,3764.0,3765.0,nan,3781.307507,434172,16417378430.0,793676,3787.0,409,3786.0,72,3788.0,557,3785.0,694,3789.0,402,3784.0,262,3790.0,595,3783.0,371,3791.0,483,3782.0,682
1597988245625157120,1597988245882999808,2020-08-21 13:37:25.883000,3786.0,3800.0,3764.0,3765.0,nan,3781.307507,434172,16417378430.0,793676,3787.0,426,3786.0,78,3788.0,557,3785.0,682,3789.0,402,3784.0,262,3790.0,595,3783.0,371,3791.0,483,3782.0,682
1597988246157440000,1597988246423000064,2020-08-21 13:37:26.423000,3786.0,3800.0,3764.0,3765.0,nan,3781.307518,434173,16417416290.0,793675,3787.0,426,3786.0,77,3788.0,557,3785.0,682,3789.0,402,3784.0,262,3790.0,595,3783.0,371,3791.0,483,3782.0,682
1597988246644745984,1597988246932000000,2020-08-21 13:37:26.932000,3786.0,3800.0,3764.0,3765.0,nan,3781.307518,434173,16417416290.0,793675,3787.0,436,3786.0,79,3788.0,557,3785.0,682,3789.0,402,3784.0,262,3790.0,595,3783.0,371,3791.0,483,3782.0,682
1597988247133509888,1597988247436999936,2020-08-21 13:37:27.437000,3786.0,3800.0,3764.0,3765.0,nan,3781.307529,434174,16417454150.0,793675,3787.0,437,3786.0,94,3788.0,557,3785.0,682,3789.0,402,3784.0,262,3790.0,595,3783.0,371,3791.0,483,3782.0,682
1597988247618482944,1597988247912000000,2020-08-21 13:37:27.912000,3786.0,3800.0,3764.0,3765.0,nan,3781.30755,434176,16417529870.0,793675,3787.0,437,3786.0,92,3788.0,557,3785.0,682,3789.0,402,3784.0,262,3790.0,595,3783.0,371,3791.0,483,3782.0,682
1597988248147283968,1597988248420999936,2020-08-21 13:37:28.421000,3786.0,3800.0,3764.0,3765.0,nan,3781.307561,434177,16417567730.0,793675,3787.0,438,3786.0,91,3788.0,556,3785.0,682,3789.0,402,3784.0,262,3790.0,595,3783.0,371,3791.0,483,3782.0,682
1597988248630429952,1597988248938999808,2020-08-21 13:37:28.939000,3786.0,3800.0,3764.0,3765.0,nan,3781.307561,434177,16417567730.0,793675,3787.0,439,3786.0,91,3788.0,556,3785.0,682,3789.0,402,3784.0,262,3790.0,595,3783.0,371,3791.0,483,3782.0,682
1597988249634085120,1597988249930000128,2020-08-21 13:37:29.930000,3786.0,3800.0,3764.0,3765.0,nan,3781.307561,434177,16417567730.0,793675,3787.0,440,3786.0,91,3788.0,556,3785.0,687,3789.0,402,3784.0,262,3790.0,595,3783.0,371,3791.0,483,3782.0,682
1597988250159448064,1597988250435000064,2020-08-21 13:37:30.435000,3786.0,3800.0,3764.0,3765.0,nan,3781.307572,434178,16417605590.0,793674,3787.0,440,3786.0,88,3788.0,556,3785.0,687,3789.0,402,3784.0,262,3790.0,595,3783.0,371,3791.0,483,3782.0,682
1597988250624574976,1597988250933000192,2020-08-21 13:37:30.933000,3786.0,3800.0,3764.0,3765.0,nan,3781.307594,434180,16417681310.0,793672,3787.0,438,3786.0,86,3788.0,556,3785.0,687,3789.0,402,3784.0,262,3790.0,595,3783.0,371,3791.0,483,3782.0,682
1597988251144457984,1597988251436000000,2020-08-21 13:37:31.436000,3786.0,3800.0,3764.0,3765.0,nan,3781.307615,434182,16417757030.0,793670,3787.0,438,3786.0,84,3788.0,556,3785.0,687,3789.0,402,3784.0,262,3790.0,595,3783.0,371,3791.0,483,3782.0,682
1597988251640473088,1597988251914000128,2020-08-21 13:37:31.914000,3786.0,3800.0,3764.0,3765.0,nan,3781.307637,434184,16417832750.0,793670,3787.0,440,3786.0,82,3788.0,556,3785.0,687,3789.0,403,3784.0,262,3790.0,595,3783.0,371,3791.0,483,3782.0,682
1597988252638135040,1597988252933000192,2020-08-21 13:37:32.933000,3786.0,3800.0,3764.0,3765.0,nan,3781.307648,434185,16417870610.0,793670,3787.0,440,3786.0,88,3788.0,557,3785.0,687,3789.0,403,3784.0,261,3790.0,595,3783.0,371,3791.0,483,3782.0,682
1597988253624610048,1597988253898999808,2020-08-21 13:37:33.899000,3786.0,3800.0,3764.0,3765.0,nan,3781.307702,434190,16418059910.0,793665,3787.0,440,3786.0,83,3788.0,557,3785.0,687,3789.0,403,3784.0,261,3790.0,595,3783.0,371,3791.0,483,3782.0,682
1597988254122253056,1597988254438999808,2020-08-21 13:37:34.439000,3786.0,3800.0,3764.0,3765.0,nan,3781.307702,434190,16418059910.0,793665,3787.0,440,3786.0,83,3788.0,562,3785.0,687,3789.0,403,3784.0,261,3790.0,595,3783.0,371,3791.0,483,3782.0,682
1597988254621271040,1597988254935000064,2020-08-21 13:37:34.935000,3786.0,3800.0,3764.0,3765.0,nan,3781.307723,434192,16418135630.0,793664,3787.0,440,3786.0,81,3788.0,562,3785.0,687,3789.0,403,3784.0,261,3790.0,595,3783.0,371,3791.0,483,3782.0,682
1597988255110507008,1597988255433000192,2020-08-21 13:37:35.433000,3786.0,3800.0,3764.0,3765.0,nan,3781.307723,434192,16418135630.0,793664,3787.0,440,3786.0,82,3788.0,557,3785.0,687,3789.0,403,3784.0,261,3790.0,595,3783.0,371,3791.0,483,3782.0,682
1597988255615756032,1597988255931000064,2020-08-21 13:37:35.931000,3786.0,3800.0,3764.0,3765.0,nan,3781.307734,434193,16418173490.0,793663,3787.0,450,3786.0,81,3788.0,557,3785.0,687,3789.0,403,3784.0,261,3790.0,595,3783.0,371,3791.0,484,3782.0,682
1597988256146040064,1597988256426000128,2020-08-21 13:37:36.426000,3787.0,3800.0,3764.0,3765.0,nan,3781.307747,434194,16418211360.0,793662,3787.0,449,3786.0,79,3788.0,557,3785.0,687,3789.0,403,3784.0,261,3790.0,595,3783.0,371,3791.0,484,3782.0,682
1597988256641928960,1597988256924999936,2020-08-21 13:37:36.925000,3787.0,3800.0,3764.0,3765.0,nan,3781.307747,434194,16418211360.0,793662,3787.0,450,3786.0,79,3788.0,557,3785.0,687,3789.0,403,3784.0,261,3790.0,594,3783.0,371,3791.0,484,3782.0,682
1597988257138942976,1597988257427000064,2020-08-21 13:37:37.427000,3787.0,3800.0,3764.0,3765.0,nan,3781.307747,434194,16418211360.0,793662,3787.0,450,3786.0,79,3788.0,557,3785.0,692,3789.0,403,3784.0,261,3790.0,594,3783.0,371,3791.0,484,3782.0,682
1597988257615857920,1597988257933000192,2020-08-21 13:37:37.933000,3787.0,3800.0,3764.0,3765.0,nan,3781.307747,434194,16418211360.0,793662,3787.0,450,3786.0,88,3788.0,557,3785.0,692,3789.0,403,3784.0,261,3790.0,596,3783.0,371,3791.0,484,3782.0,682
1597988258113750016,1597988258416999936,2020-08-21 13:37:38.417000,3786.0,3800.0,3764.0,3765.0,nan,3781.307758,434195,16418249220.0,793662,3787.0,450,3786.0,89,3788.0,557,3785.0,690,3789.0,403,3784.0,261,3790.0,596,3783.0,371,3791.0,484,3782.0,682
1597988258603994112,1597988258935000064,2020-08-21 13:37:38.935000,3786.0,3800.0,3764.0,3765.0,nan,3781.307812,434200,16418438520.0,793657,3787.0,450,3786.0,84,3788.0,559,3785.0,690,3789.0,403,3784.0,261,3790.0,596,3783.0,371,3791.0,484,3782.0,682
1597988259138475008,1597988259405999872,2020-08-21 13:37:39.406000,3786.0,3800.0,3764.0,3765.0,nan,3781.307866,434205,16418627820.0,793654,3787.0,450,3786.0,79,3788.0,559,3785.0,690,3789.0,403,3784.0,261,3790.0,596,3783.0,371,3791.0,484,3782.0,682
1597988259644485120,1597988259921999872,2020-08-21 13:37:39.922000,3787.0,3800.0,3764.0,3765.0,nan,3781.307879,434206,16418665690.0,793654,3787.0,448,3786.0,79,3788.0,558,3785.0,691,3789.0,403,3784.0,261,3790.0,596,3783.0,371,3791.0,484,3782.0,682
1597988260120839936,1597988260427000064,2020-08-21 13:37:40.427000,3786.0,3800.0,3764.0,3765.0,nan,3781.308063,434223,16419309310.0,793658,3787.0,448,3786.0,62,3788.0,558,3785.0,691,3789.0,403,3784.0,261,3790.0,596,3783.0,371,3791.0,484,3782.0,682
1597988260623971072,1597988260932000000,2020-08-21 13:37:40.932000,3786.0,3800.0,3764.0,3765.0,nan,3781.308063,434223,16419309310.0,793658,3787.0,449,3786.0,65,3788.0,558,3785.0,691,3789.0,403,3784.0,261,3790.0,596,3783.0,371,3791.0,479,3782.0,682
1597988261149764096,1597988261723000064,2020-08-21 13:37:41.723000,3786.0,3800.0,3764.0,3765.0,nan,3781.308063,434223,16419309310.0,793658,3787.0,449,3786.0,71,3788.0,559,3785.0,691,3789.0,403,3784.0,261,3790.0,596,3783.0,371,3791.0,479,3782.0,682
1597988262124542976,1597988262435000064,2020-08-21 13:37:42.435000,3786.0,3800.0,3764.0,3765.0,nan,3781.308063,434223,16419309310.0,793658,3787.0,450,3786.0,71,3788.0,559,3785.0,691,3789.0,403,3784.0,261,3790.0,596,3783.0,371,3791.0,479,3782.0,682
1597988262646404096,1597988263232999936,2020-08-21 13:37:43.233000,3786.0,3800.0,3764.0,3765.0,nan,3781.308063,434223,16419309310.0,793658,3787.0,450,3786.0,70,3788.0,559,3785.0,691,3789.0,403,3784.0,261,3790.0,596,3783.0,371,3791.0,479,3782.0,682
1597988263110266880,1597988263379000064,2020-08-21 13:37:43.379000,3786.0,3800.0,3764.0,3765.0,nan,3781.308063,434223,16419309310.0,793658,3787.0,450,3786.0,71,3788.0,555,3785.0,691,3789.0,403,3784.0,261,3790.0,594,3783.0,371,3791.0,479,3782.0,682
1597988263619037952,1597988263930000128,2020-08-21 13:37:43.930000,3786.0,3800.0,3764.0,3765.0,nan,3781.308063,434223,16419309310.0,793658,3787.0,450,3786.0,72,3788.0,555,3785.0,691,3789.0,401,3784.0,261,3790.0,594,3783.0,371,3791.0,479,3782.0,682
1597988264125052928,1597988264433000192,2020-08-21 13:37:44.433000,3786.0,3800.0,3764.0,3765.0,nan,3781.308085,434225,16419385030.0,793656,3787.0,450,3786.0,71,3788.0,555,3785.0,691,3789.0,401,3784.0,261,3790.0,594,3783.0,371,3791.0,459,3782.0,682
1597988265140869888,1597988265413000192,2020-08-21 13:37:45.413000,3786.0,3800.0,3764.0,3765.0,nan,3781.308139,434230,16419574330.0,793656,3787.0,450,3786.0,66,3788.0,555,3785.0,691,3789.0,400,3784.0,261,3790.0,594,3783.0,371,3791.0,459,3782.0,682
1597988265615841024,1597988265935000064,2020-08-21 13:37:45.935000,3786.0,3800.0,3764.0,3765.0,nan,3781.308149,434231,16419612190.0,793656,3787.0,447,3786.0,65,3788.0,555,3785.0,691,3789.0,400,3784.0,261,3790.0,595,3783.0,371,3791.0,459,3782.0,682
1597988266145039104,1597988266424999936,2020-08-21 13:37:46.425000,3786.0,3800.0,3764.0,3765.0,nan,3781.308149,434231,16419612190.0,793656,3787.0,448,3786.0,65,3788.0,555,3785.0,691,3789.0,400,3784.0,261,3790.0,595,3783.0,371,3791.0,459,3782.0,682
1597988266618166016,1597988266924000000,2020-08-21 13:37:46.924000,3786.0,3800.0,3764.0,3765.0,nan,3781.308149,434231,16419612190.0,793656,3787.0,448,3786.0,65,3788.0,555,3785.0,691,3789.0,400,3784.0,262,3790.0,595,3783.0,371,3791.0,459,3782.0,682
1597988267144145920,1597988267416999936,2020-08-21 13:37:47.417000,3787.0,3800.0,3764.0,3765.0,nan,3781.308162,434232,16419650060.0,793656,3787.0,447,3786.0,65,3788.0,555,3785.0,692,3789.0,400,3784.0,262,3790.0,595,3783.0,371,3791.0,459,3782.0,682
1597988268622121984,1597988268924999936,2020-08-21 13:37:48.925000,3787.0,3800.0,3764.0,3765.0,nan,3781.308176,434233,16419687930.0,793655,3787.0,446,3786.0,65,3788.0,560,3785.0,692,3789.0,400,3784.0,262,3790.0,595,3783.0,371,3791.0,459,3782.0,682
1597988269118553088,1597988269407000064,2020-08-21 13:37:49.407000,3787.0,3800.0,3764.0,3765.0,nan,3781.308277,434242,16420028690.0,793652,3787.0,444,3786.0,58,3788.0,560,3785.0,692,3789.0,400,3784.0,262,3790.0,595,3783.0,371,3791.0,459,3782.0,682
1597988269655537920,1597988269923000064,2020-08-21 13:37:49.923000,3787.0,3800.0,3764.0,3765.0,nan,3781.308291,434243,16420066560.0,793652,3787.0,453,3786.0,59,3788.0,560,3785.0,694,3789.0,400,3784.0,262,3790.0,595,3783.0,371,3791.0,459,3782.0,682
1597988270149937920,1597988270424000000,2020-08-21 13:37:50.424000,3787.0,3800.0,3764.0,3765.0,nan,3781.308317,434245,16420142300.0,793652,3787.0,451,3786.0,59,3788.0,560,3785.0,694,3789.0,400,3784.0,262,3790.0,595,3783.0,371,3791.0,459,3782.0,682
1597988271148187904,1597988271434000128,2020-08-21 13:37:51.434000,3787.0,3800.0,3764.0,3765.0,nan,3781.308317,434245,16420142300.0,793652,3787.0,451,3786.0,58,3788.0,560,3785.0,694,3789.0,400,3784.0,262,3790.0,595,3783.0,371,3791.0,459,3782.0,682
1597988271606404096,1597988271913000192,2020-08-21 13:37:51.913000,3787.0,3800.0,3764.0,3765.0,nan,3781.30833,434246,16420180170.0,793651,3787.0,450,3786.0,58,3788.0,560,3785.0,694,3789.0,400,3784.0,262,3790.0,595,3783.0,371,3791.0,459,3782.0,682
1597988273615923968,1597988273932000000,2020-08-21 13:37:53.932000,3786.0,3800.0,3764.0,3765.0,nan,3781.308341,434247,16420218030.0,793652,3787.0,450,3786.0,57,3788.0,560,3785.0,694,3789.0,400,3784.0,263,3790.0,595,3783.0,371,3791.0,459,3782.0,682
1597988274659439104,1597988275239000064,2020-08-21 13:37:55.239000,3786.0,3800.0,3764.0,3765.0,nan,3781.308341,434247,16420218030.0,793652,3787.0,450,3786.0,58,3788.0,560,3785.0,694,3789.0,400,3784.0,263,3790.0,595,3783.0,371,3791.0,459,3782.0,682
1597988275146738944,1597988275411000064,2020-08-21 13:37:55.411000,3786.0,3800.0,3764.0,3765.0,nan,3781.308341,434247,16420218030.0,793652,3787.0,450,3786.0,58,3788.0,559,3785.0,694,3789.0,400,3784.0,262,3790.0,595,3783.0,371,3791.0,459,3782.0,682
1597988275713299968,1597988275917999872,2020-08-21 13:37:55.918000,3786.0,3800.0,3764.0,3765.0,nan,3781.308341,434247,16420218030.0,793652,3787.0,451,3786.0,58,3788.0,559,3785.0,694,3789.0,400,3784.0,262,3790.0,595,3783.0,371,3791.0,459,3782.0,682
1597988276145976064,1597988276423000064,2020-08-21 13:37:56.423000,3786.0,3800.0,3764.0,3765.0,nan,3781.308351,434248,16420255890.0,793651,3787.0,451,3786.0,57,3788.0,559,3785.0,694,3789.0,400,3784.0,262,3790.0,595,3783.0,371,3791.0,459,3782.0,682
1597988276814885888,1597988277226000128,2020-08-21 13:37:57.226000,3787.0,3800.0,3764.0,3765.0,nan,3781.308667,434277,16421353840.0,793648,3787.0,450,3786.0,28,3788.0,559,3785.0,690,3789.0,400,3784.0,262,3790.0,595,3783.0,371,3791.0,459,3782.0,682
1597988277233361920,1597988277428999936,2020-08-21 13:37:57.429000,3786.0,3800.0,3764.0,3765.0,nan,3781.309013,434309,16422565360.0,793634,3786.0,61,3785.0,690,3787.0,451,3784.0,262,3788.0,559,3783.0,371,3789.0,390,3782.0,682,3790.0,595,3781.0,435
1597988277626676992,1597988277920000000,2020-08-21 13:37:57.920000,3786.0,3800.0,3764.0,3765.0,nan,3781.309024,434310,16422603220.0,793635,3786.0,121,3785.0,687,3787.0,412,3784.0,262,3788.0,569,3783.0,373,3789.0,389,3782.0,693,3790.0,595,3781.0,335
1597988278134608896,1597988278436000000,2020-08-21 13:37:58.436000,3786.0,3800.0,3764.0,3765.0,nan,3781.309024,434310,16422603220.0,793635,3786.0,131,3785.0,684,3787.0,428,3784.0,262,3788.0,569,3783.0,373,3789.0,389,3782.0,693,3790.0,595,3781.0,335
1597988278622721024,1597988278937999872,2020-08-21 13:37:58.938000,3786.0,3800.0,3764.0,3765.0,nan,3781.309024,434310,16422603220.0,793635,3786.0,123,3785.0,684,3787.0,429,3784.0,262,3788.0,569,3783.0,373,3789.0,389,3782.0,693,3790.0,595,3781.0,335
1597988279155795968,1597988279436000000,2020-08-21 13:37:59.436000,3786.0,3800.0,3764.0,3765.0,nan,3781.309034,434311,16422641080.0,793634,3786.0,122,3785.0,684,3787.0,429,3784.0,262,3788.0,569,3783.0,373,3789.0,389,3782.0,693,3790.0,595,3781.0,335
1597988280167753984,1597988280742000128,2020-08-21 13:38:00.742000,3786.0,3800.0,3764.0,3765.0,nan,3781.309045,434312,16422678940.0,793633,3786.0,122,3785.0,684,3787.0,429,3784.0,262,3788.0,569,3783.0,373,3789.0,389,3782.0,693,3790.0,595,3781.0,335
1597988280620259072,1597988280933000192,2020-08-21 13:38:00.933000,3786.0,3800.0,3764.0,3765.0,nan,3781.309098,434318,16422906050.0,793630,3786.0,124,3785.0,679,3787.0,429,3784.0,262,3788.0,569,3783.0,373,3789.0,389,3782.0,693,3790.0,595,3781.0,335
1597988281134292992,1597988281405999872,2020-08-21 13:38:01.406000,3786.0,3800.0,3764.0,3765.0,nan,3781.309098,434318,16422906050.0,793630,3786.0,177,3785.0,672,3787.0,429,3784.0,262,3788.0,569,3783.0,373,3789.0,389,3782.0,693,3790.0,595,3781.0,335
1597988281618401024,1597988281924999936,2020-08-21 13:38:01.925000,3786.0,3800.0,3764.0,3765.0,nan,3781.309109,434319,16422943910.0,793630,3786.0,176,3785.0,673,3787.0,429,3784.0,262,3788.0,569,3783.0,373,3789.0,389,3782.0,693,3790.0,595,3781.0,335
1597988282153152000,1597988282423000064,2020-08-21 13:38:02.423000,3786.0,3800.0,3764.0,3765.0,nan,3781.30912,434320,16422981770.0,793630,3786.0,149,3785.0,673,3787.0,429,3784.0,262,3788.0,569,3783.0,373,3789.0,389,3782.0,693,3790.0,595,3781.0,335
1597988283124601088,1597988283430000128,2020-08-21 13:38:03.430000,3786.0,3800.0,3764.0,3765.0,nan,3781.30912,434320,16422981770.0,793630,3786.0,150,3785.0,673,3787.0,428,3784.0,262,3788.0,569,3783.0,373,3789.0,389,3782.0,693,3790.0,595,3781.0,335
1597988283634270976,1597988283913000192,2020-08-21 13:38:03.913000,3785.0,3800.0,3764.0,3765.0,nan,3781.309162,434325,16423171020.0,793630,3786.0,156,3785.0,668,3787.0,378,3784.0,262,3788.0,570,3783.0,373,3789.0,389,3782.0,693,3790.0,595,3781.0,335
1597988284145832960,1597988284694999808,2020-08-21 13:38:04.695000,3786.0,3800.0,3764.0,3765.0,nan,3781.309206,434329,16423322460.0,793627,3786.0,147,3785.0,668,3787.0,378,3784.0,262,3788.0,570,3783.0,373,3789.0,389,3782.0,693,3790.0,595,3781.0,335
1597988284619694080,1597988284932000000,2020-08-21 13:38:04.932000,3786.0,3800.0,3764.0,3765.0,nan,3781.309206,434329,16423322460.0,793627,3786.0,148,3785.0,670,3787.0,378,3784.0,262,3788.0,570,3783.0,373,3789.0,389,3782.0,693,3790.0,595,3781.0,335
1597988285126752000,1597988285413000192,2020-08-21 13:38:05.413000,3786.0,3800.0,3764.0,3765.0,nan,3781.309206,434329,16423322460.0,793627,3786.0,148,3785.0,671,3787.0,378,3784.0,262,3788.0,570,3783.0,373,3789.0,389,3782.0,693,3790.0,595,3781.0,335
1597988285625487872,1597988285937999872,2020-08-21 13:38:05.938000,3786.0,3800.0,3764.0,3765.0,nan,3781.309216,434330,16423360320.0,793626,3786.0,147,3785.0,671,3787.0,378,3784.0,262,3788.0,570,3783.0,373,3789.0,389,3782.0,711,3790.0,595,3781.0,335
1597988286148487936,1597988286428000000,2020-08-21 13:38:06.428000,3786.0,3800.0,3764.0,3765.0,nan,3781.309227,434331,16423398180.0,793626,3786.0,146,3785.0,671,3787.0,378,3784.0,262,3788.0,570,3783.0,373,3789.0,389,3782.0,711,3790.0,595,3781.0,335
1597988286633219072,1597988286936000000,2020-08-21 13:38:06.936000,3786.0,3800.0,3764.0,3765.0,nan,3781.309227,434331,16423398180.0,793626,3786.0,148,3785.0,671,3787.0,378,3784.0,262,3788.0,570,3783.0,373,3789.0,389,3782.0,711,3790.0,600,3781.0,335
1597988287622810880,1597988287937999872,2020-08-21 13:38:07.938000,3786.0,3800.0,3764.0,3765.0,nan,3781.309238,434332,16423436040.0,793625,3786.0,150,3785.0,676,3787.0,378,3784.0,262,3788.0,570,3783.0,373,3789.0,389,3782.0,711,3790.0,600,3781.0,335
1597988288151388928,1597988288436999936,2020-08-21 13:38:08.437000,3786.0,3800.0,3764.0,3765.0,nan,3781.309238,434332,16423436040.0,793625,3786.0,148,3785.0,676,3787.0,378,3784.0,263,3788.0,570,3783.0,373,3789.0,389,3782.0,711,3790.0,600,3781.0,335
1597988288618672896,1597988288913000192,2020-08-21 13:38:08.913000,3786.0,3800.0,3764.0,3765.0,nan,3781.309351,434345,16423928100.0,793612,3786.0,144,3785.0,665,3787.0,378,3784.0,264,3788.0,570,3783.0,373,3789.0,389,3782.0,711,3790.0,600,3781.0,335
1597988289132489984,1597988289432000000,2020-08-21 13:38:09.432000,3785.0,3800.0,3764.0,3765.0,nan,3781.309359,434346,16423965950.0,793612,3786.0,148,3785.0,664,3787.0,378,3784.0,264,3788.0,570,3783.0,373,3789.0,388,3782.0,708,3790.0,600,3781.0,335
1597988289635870976,1597988289911000064,2020-08-21 13:38:09.911000,3786.0,3800.0,3764.0,3765.0,nan,3781.309381,434348,16424041670.0,793612,3786.0,146,3785.0,664,3787.0,378,3784.0,264,3788.0,570,3783.0,376,3789.0,388,3782.0,708,3790.0,600,3781.0,335
1597988290119467008,1597988290417999872,2020-08-21 13:38:10.418000,3786.0,3800.0,3764.0,3765.0,nan,3781.309392,434349,16424079530.0,793612,3786.0,145,3785.0,664,3787.0,378,3784.0,264,3788.0,570,3783.0,376,3789.0,388,3782.0,708,3790.0,600,3781.0,335
1597988290615653888,1597988290931000064,2020-08-21 13:38:10.931000,3786.0,3800.0,3764.0,3765.0,nan,3781.309392,434349,16424079530.0,793612,3786.0,121,3785.0,664,3787.0,378,3784.0,264,3788.0,570,3783.0,376,3789.0,388,3782.0,708,3790.0,600,3781.0,335
1597988291123188992,1597988291432000000,2020-08-21 13:38:11.432000,3786.0,3800.0,3764.0,3765.0,nan,3781.309392,434349,16424079530.0,793612,3786.0,123,3785.0,664,3787.0,378,3784.0,264,3788.0,570,3783.0,376,3789.0,388,3782.0,708,3790.0,600,3781.0,335
1597988291625093888,1597988291936000000,2020-08-21 13:38:11.936000,3786.0,3800.0,3764.0,3765.0,nan,3781.309392,434349,16424079530.0,793612,3786.0,126,3785.0,664,3787.0,374,3784.0,264,3788.0,570,3783.0,376,3789.0,388,3782.0,707,3790.0,600,3781.0,335
1597988292626012928,1597988292936000000,2020-08-21 13:38:12.936000,3785.0,3800.0,3764.0,3765.0,nan,3781.3094,434350,16424117380.0,793612,3786.0,128,3785.0,663,3787.0,374,3784.0,264,3788.0,570,3783.0,376,3789.0,388,3782.0,707,3790.0,600,3781.0,335
1597988293126543872,1597988293428000000,2020-08-21 13:38:13.428000,3786.0,3800.0,3764.0,3765.0,nan,3781.309411,434351,16424155240.0,793611,3786.0,127,3785.0,663,3787.0,374,3784.0,264,3788.0,570,3783.0,376,3789.0,388,3782.0,707,3790.0,600,3781.0,335
1597988293615226112,1597988293931000064,2020-08-21 13:38:13.931000,3786.0,3800.0,3764.0,3765.0,nan,3781.309476,434357,16424382400.0,793605,3786.0,120,3785.0,663,3787.0,374,3784.0,264,3788.0,570,3783.0,376,3789.0,388,3782.0,707,3790.0,600,3781.0,335
1597988294146210048,1597988294430000128,2020-08-21 13:38:14.430000,3786.0,3800.0,3764.0,3765.0,nan,3781.309476,434357,16424382400.0,793605,3786.0,120,3785.0,663,3787.0,374,3784.0,264,3788.0,570,3783.0,376,3789.0,388,3782.0,708,3790.0,600,3781.0,335
1597988294624474880,1597988294933000192,2020-08-21 13:38:14.933000,3785.0,3800.0,3764.0,3765.0,nan,3781.309484,434358,16424420250.0,793604,3786.0,120,3785.0,662,3787.0,374,3784.0,264,3788.0,570,3783.0,376,3789.0,388,3782.0,708,3790.0,600,3781.0,335
1597988295175705088,1597988295438999808,2020-08-21 13:38:15.439000,3785.0,3800.0,3764.0,3765.0,nan,3781.309484,434358,16424420250.0,793604,3786.0,120,3785.0,665,3787.0,374,3784.0,264,3788.0,570,3783.0,376,3789.0,388,3782.0,708,3790.0,605,3781.0,335
1597988295621437952,1597988295937999872,2020-08-21 13:38:15.938000,3785.0,3800.0,3764.0,3765.0,nan,3781.309484,434358,16424420250.0,793604,3786.0,120,3785.0,665,3787.0,374,3784.0,264,3788.0,569,3783.0,376,3789.0,388,3782.0,708,3790.0,605,3781.0,335
1597988296129897984,1597988296431000064,2020-08-21 13:38:16.431000,3785.0,3800.0,3764.0,3765.0,nan,3781.309484,434358,16424420250.0,793604,3786.0,121,3785.0,666,3787.0,374,3784.0,263,3788.0,569,3783.0,376,3789.0,387,3782.0,708,3790.0,605,3781.0,335
1597988296652847104,1597988296903000064,2020-08-21 13:38:16.903000,3785.0,3800.0,3764.0,3765.0,nan,3781.309484,434358,16424420250.0,793604,3786.0,121,3785.0,666,3787.0,374,3784.0,263,3788.0,569,3783.0,376,3789.0,397,3782.0,708,3790.0,604,3781.0,335
1597988297160313088,1597988297424999936,2020-08-21 13:38:17.425000,3786.0,3800.0,3764.0,3765.0,nan,3781.309495,434359,16424458110.0,793603,3786.0,120,3785.0,666,3787.0,374,3784.0,263,3788.0,569,3783.0,376,3789.0,397,3782.0,708,3790.0,604,3781.0,335
1597988297627680000,1597988297937999872,2020-08-21 13:38:17.938000,3786.0,3800.0,3764.0,3765.0,nan,3781.309506,434360,16424495970.0,793602,3786.0,119,3785.0,666,3787.0,374,3784.0,263,3788.0,569,3783.0,376,3789.0,397,3782.0,708,3790.0,604,3781.0,335
1597988298627439104,1597988298876000000,2020-08-21 13:38:18.876000,3786.0,3800.0,3764.0,3765.0,nan,3781.30956,434365,16424685270.0,793597,3786.0,115,3785.0,666,3787.0,374,3784.0,263,3788.0,569,3783.0,376,3789.0,397,3782.0,708,3790.0,604,3781.0,335
1597988299135953920,1597988299417999872,2020-08-21 13:38:19.418000,3786.0,3800.0,3764.0,3765.0,nan,3781.309592,434368,16424798850.0,793597,3786.0,105,3785.0,666,3787.0,374,3784.0,263,3788.0,569,3783.0,376,3789.0,397,3782.0,708,3790.0,604,3781.0,335
1597988299627425024,1597988299933000192,2020-08-21 13:38:19.933000,3786.0,3800.0,3764.0,3765.0,nan,3781.309603,434369,16424836710.0,793597,3786.0,105,3785.0,667,3787.0,374,3784.0,263,3788.0,569,3783.0,376,3789.0,397,3782.0,708,3790.0,605,3781.0,335
1597988300160908032,1597988300418999808,2020-08-21 13:38:20.419000,3785.0,3800.0,3764.0,3765.0,nan,3781.309629,434372,16424950260.0,793596,3786.0,105,3785.0,664,3787.0,374,3784.0,263,3788.0,569,3783.0,376,3789.0,397,3782.0,708,3790.0,605,3781.0,335
1597988300622361088,1597988300936999936,2020-08-21 13:38:20.937000,3786.0,3800.0,3764.0,3765.0,nan,3781.309639,434373,16424988120.0,793597,3786.0,104,3785.0,664,3787.0,374,3784.0,263,3788.0,569,3783.0,376,3789.0,397,3782.0,708,3790.0,605,3781.0,335
1597988301696965120,1597988301433000192,2020-08-21 13:38:21.433000,3786.0,3800.0,3764.0,3765.0,nan,3781.30965,434374,16425025980.0,793597,3786.0,103,3785.0,664,3787.0,374,3784.0,263,3788.0,569,3783.0,376,3789.0,397,3782.0,708,3790.0,605,3781.0,335
1597988302030177024,1597988301933000192,2020-08-21 13:38:21.933000,3785.0,3800.0,3764.0,3765.0,nan,3781.309667,434376,16425101680.0,793595,3786.0,103,3785.0,662,3787.0,374,3784.0,263,3788.0,569,3783.0,376,3789.0,397,3782.0,708,3790.0,605,3781.0,335
1597988302636111872,1597988302926000128,2020-08-21 13:38:22.926000,3786.0,3800.0,3764.0,3765.0,nan,3781.309678,434377,16425139540.0,793595,3786.0,102,3785.0,662,3787.0,374,3784.0,263,3788.0,569,3783.0,376,3789.0,397,3782.0,708,3790.0,605,3781.0,335
1597988303124026880,1597988303428000000,2020-08-21 13:38:23.428000,3786.0,3800.0,3764.0,3765.0,nan,3781.309851,434393,16425745300.0,793595,3786.0,86,3785.0,662,3787.0,374,3784.0,263,3788.0,569,3783.0,376,3789.0,397,3782.0,708,3790.0,610,3781.0,335
1597988303622542080,1597988303917999872,2020-08-21 13:38:23.918000,3786.0,3800.0,3764.0,3765.0,nan,3781.309926,434400,16426010320.0,793595,3786.0,79,3785.0,662,3787.0,374,3784.0,263,3788.0,569,3783.0,376,3789.0,397,3782.0,708,3790.0,610,3781.0,335
1597988304166309888,1597988304435000064,2020-08-21 13:38:24.435000,3786.0,3800.0,3764.0,3765.0,nan,3781.309926,434400,16426010320.0,793595,3786.0,79,3785.0,662,3787.0,368,3784.0,263,3788.0,567,3783.0,376,3789.0,397,3782.0,708,3790.0,610,3781.0,335
1597988304632131072,1597988304928999936,2020-08-21 13:38:24.929000,3785.0,3800.0,3764.0,3765.0,nan,3781.309954,434403,16426123880.0,793593,3786.0,78,3785.0,660,3787.0,262,3784.0,263,3788.0,534,3783.0,376,3789.0,397,3782.0,708,3790.0,610,3781.0,335
1597988305115845120,1597988305433000192,2020-08-21 13:38:25.433000,3786.0,3800.0,3764.0,3765.0,nan,3781.310796,434481,16429076960.0,793545,3787.0,262,3785.0,660,3788.0,534,3784.0,263,3789.0,430,3783.0,376,3790.0,610,3782.0,708,3791.0,460,3781.0,335
1597988305637118976,1597988305936999936,2020-08-21 13:38:25.937000,3786.0,3800.0,3764.0,3765.0,nan,3781.310872,434488,16429341980.0,793550,3787.0,231,3786.0,63,3788.0,534,3785.0,662,3789.0,430,3784.0,263,3790.0,610,3783.0,376,3791.0,460,3782.0,708
1597988306150764032,1597988306417999872,2020-08-21 13:38:26.418000,3786.0,3800.0,3764.0,3765.0,nan,3781.311357,434533,16431045680.0,793584,3787.0,243,3786.0,75,3788.0,534,3785.0,660,3789.0,430,3784.0,263,3790.0,610,3783.0,376,3791.0,460,3782.0,708
1597988306618031104,1597988306932000000,2020-08-21 13:38:26.932000,3786.0,3800.0,3764.0,3765.0,nan,3781.31139,434536,16431159260.0,793585,3787.0,251,3786.0,73,3788.0,534,3785.0,659,3789.0,430,3784.0,262,3790.0,610,3783.0,375,3791.0,460,3782.0,708
1597988307116237056,1597988307413000192,2020-08-21 13:38:27.413000,3786.0,3800.0,3764.0,3765.0,nan,3781.31139,434536,16431159260.0,793585,3787.0,272,3786.0,151,3788.0,534,3785.0,659,3789.0,430,3784.0,262,3790.0,610,3783.0,375,3791.0,460,3782.0,708
1597988307625601024,1597988307923000064,2020-08-21 13:38:27.923000,3786.0,3800.0,3764.0,3765.0,nan,3781.311562,434552,16431765020.0,793600,3787.0,217,3786.0,186,3788.0,534,3785.0,659,3789.0,430,3784.0,262,3790.0,610,3783.0,375,3791.0,460,3782.0,708
1597988308125416960,1597988308432000000,2020-08-21 13:38:28.432000,3786.0,3800.0,3764.0,3765.0,nan,3781.311562,434552,16431765020.0,793600,3787.0,200,3786.0,198,3788.0,534,3785.0,662,3789.0,430,3784.0,262,3790.0,610,3783.0,375,3791.0,460,3782.0,708
1597988308635151872,1597988308936999936,2020-08-21 13:38:28.937000,3786.0,3800.0,3764.0,3765.0,nan,3781.311586,434554,16431840750.0,793599,3787.0,198,3786.0,199,3788.0,534,3785.0,668,3789.0,430,3784.0,262,3790.0,610,3783.0,375,3791.0,460,3782.0,708
1597988309161444096,1597988309437999872,2020-08-21 13:38:29.438000,3786.0,3800.0,3764.0,3765.0,nan,3781.311597,434555,16431878610.0,793599,3787.0,202,3786.0,198,3788.0,534,3785.0,668,3789.0,430,3784.0,262,3790.0,610,3783.0,375,3791.0,460,3782.0,708
1597988309709982976,1597988309937999872,2020-08-21 13:38:29.938000,3786.0,3800.0,3764.0,3765.0,nan,3781.311813,434575,16432635810.0,793579,3787.0,202,3786.0,178,3788.0,534,3785.0,668,3789.0,430,3784.0,267,3790.0,610,3783.0,375,3791.0,460,3782.0,708
1597988310213820928,1597988310433000192,2020-08-21 13:38:30.433000,3786.0,3800.0,3764.0,3765.0,nan,3781.311813,434575,16432635810.0,793579,3787.0,211,3786.0,159,3788.0,534,3785.0,668,3789.0,430,3784.0,267,3790.0,610,3783.0,375,3791.0,460,3782.0,708
1597988310621859072,1597988310916000000,2020-08-21 13:38:30.916000,3786.0,3800.0,3764.0,3765.0,nan,3781.31185,434578,16432749410.0,793581,3787.0,209,3786.0,142,3788.0,534,3785.0,668,3789.0,430,3784.0,267,3790.0,610,3783.0,375,3791.0,460,3782.0,708
1597988311114749952,1597988311407000064,2020-08-21 13:38:31.407000,3786.0,3800.0,3764.0,3765.0,nan,3781.31185,434578,16432749410.0,793581,3787.0,209,3786.0,142,3788.0,534,3785.0,667,3789.0,430,3784.0,267,3790.0,610,3783.0,375,3791.0,460,3782.0,708
1597988312629620992,1597988312916999936,2020-08-21 13:38:32.917000,3786.0,3800.0,3764.0,3765.0,nan,3781.31185,434578,16432749410.0,793581,3787.0,209,3786.0,143,3788.0,534,3785.0,667,3789.0,430,3784.0,267,3790.0,610,3783.0,375,3791.0,460,3782.0,708
1597988313128712960,1597988313424000000,2020-08-21 13:38:33.424000,3786.0,3800.0,3764.0,3765.0,nan,3781.31185,434578,16432749410.0,793581,3787.0,209,3786.0,149,3788.0,534,3785.0,667,3789.0,430,3784.0,267,3790.0,610,3783.0,375,3791.0,460,3782.0,708
1597988313622405120,1597988313927000064,2020-08-21 13:38:33.927000,3786.0,3800.0,3764.0,3765.0,nan,3781.31185,434578,16432749410.0,793581,3787.0,209,3786.0,154,3788.0,534,3785.0,667,3789.0,430,3784.0,267,3790.0,610,3783.0,375,3791.0,460,3782.0,708
1597988314139746048,1597988314420999936,2020-08-21 13:38:34.421000,3786.0,3800.0,3764.0,3765.0,nan,3781.31185,434578,16432749410.0,793581,3787.0,214,3786.0,169,3788.0,540,3785.0,667,3789.0,430,3784.0,267,3790.0,610,3783.0,375,3791.0,460,3782.0,708
1597988314625644032,1597988314897000192,2020-08-21 13:38:34.897000,3787.0,3800.0,3764.0,3765.0,nan,3781.311863,434579,16432787280.0,793582,3787.0,238,3786.0,169,3788.0,540,3785.0,667,3789.0,430,3784.0,267,3790.0,610,3783.0,375,3791.0,460,3782.0,708
1597988315162249984,1597988315403000064,2020-08-21 13:38:35.403000,3786.0,3800.0,3764.0,3765.0,nan,3781.3119,434582,16432900880.0,793582,3787.0,246,3786.0,154,3788.0,540,3785.0,667,3789.0,430,3784.0,267,3790.0,610,3783.0,375,3791.0,460,3782.0,708
1597988315707852032,1597988315878000128,2020-08-21 13:38:35.878000,3787.0,3800.0,3764.0,3765.0,nan,3781.311939,434585,16433014490.0,793580,3787.0,244,3786.0,152,3788.0,540,3785.0,667,3789.0,430,3784.0,267,3790.0,610,3783.0,375,3791.0,460,3782.0,708
1597988316170787072,1597988316420000000,2020-08-21 13:38:36.420000,3787.0,3800.0,3764.0,3765.0,nan,3781.311952,434586,16433052360.0,793579,3787.0,243,3786.0,152,3788.0,540,3785.0,667,3789.0,430,3784.0,267,3790.0,610,3783.0,375,3791.0,460,3782.0,708
1597988316621940992,1597988316920999936,2020-08-21 13:38:36.921000,3786.0,3800.0,3764.0,3765.0,nan,3781.311987,434589,16433165950.0,793576,3787.0,242,3786.0,173,3788.0,540,3785.0,664,3789.0,431,3784.0,267,3790.0,610,3783.0,375,3791.0,460,3782.0,708
1597988317644540928,1597988317900999936,2020-08-21 13:38:37.901000,3786.0,3800.0,3764.0,3765.0,nan,3781.311987,434589,16433165950.0,793576,3787.0,242,3786.0,173,3788.0,540,3785.0,663,3789.0,431,3784.0,267,3790.0,610,3783.0,375,3791.0,460,3782.0,708
1597988318185894912,1597988318716000000,2020-08-21 13:38:38.716000,3786.0,3800.0,3764.0,3765.0,nan,3781.311987,434589,16433165950.0,793576,3787.0,247,3786.0,174,3788.0,540,3785.0,663,3789.0,431,3784.0,267,3790.0,610,3783.0,375,3791.0,460,3782.0,708
1597988318614978048,1597988318931000064,2020-08-21 13:38:38.931000,3786.0,3800.0,3764.0,3765.0,nan,3781.311987,434589,16433165950.0,793576,3787.0,254,3786.0,197,3788.0,540,3785.0,663,3789.0,431,3784.0,267,3790.0,610,3783.0,375,3791.0,460,3782.0,708
1597988319627625984,1597988319927000064,2020-08-21 13:38:39.927000,3786.0,3800.0,3764.0,3765.0,nan,3781.311987,434589,16433165950.0,793576,3787.0,254,3786.0,197,3788.0,540,3785.0,663,3789.0,431,3784.0,292,3790.0,610,3783.0,375,3791.0,460,3782.0,708
1597988320139705088,1597988320428999936,2020-08-21 13:38:40.429000,3786.0,3800.0,3764.0,3765.0,nan,3781.311987,434589,16433165950.0,793576,3787.0,254,3786.0,197,3788.0,545,3785.0,664,3789.0,431,3784.0,292,3790.0,610,3783.0,375,3791.0,460,3782.0,708
1597988320611841024,1597988320934000128,2020-08-21 13:38:40.934000,3786.0,3800.0,3764.0,3765.0,nan,3781.311987,434589,16433165950.0,793576,3787.0,248,3786.0,205,3788.0,545,3785.0,664,3789.0,431,3784.0,292,3790.0,610,3783.0,375,3791.0,460,3782.0,708
1597988321624585984,1597988321938999808,2020-08-21 13:38:41.939000,3786.0,3800.0,3764.0,3765.0,nan,3781.311998,434590,16433203810.0,793575,3787.0,248,3786.0,204,3788.0,545,3785.0,664,3789.0,431,3784.0,292,3790.0,610,3783.0,375,3791.0,460,3782.0,708
1597988322165661952,1597988322426000128,2020-08-21 13:38:42.426000,3786.0,3800.0,3764.0,3765.0,nan,3781.312008,434591,16433241670.0,793574,3787.0,248,3786.0,204,3788.0,555,3785.0,664,3789.0,431,3784.0,292,3790.0,610,3783.0,375,3791.0,460,3782.0,708
1597988322621966080,1597988322928999936,2020-08-21 13:38:42.929000,3786.0,3800.0,3764.0,3765.0,nan,3781.312019,434592,16433279530.0,793574,3787.0,248,3786.0,203,3788.0,555,3785.0,664,3789.0,431,3784.0,292,3790.0,610,3783.0,375,3791.0,460,3782.0,708
1597988323139696896,1597988323428999936,2020-08-21 13:38:43.429000,3786.0,3800.0,3764.0,3765.0,nan,3781.312019,434592,16433279530.0,793574,3787.0,248,3786.0,204,3788.0,556,3785.0,664,3789.0,431,3784.0,292,3790.0,610,3783.0,375,3791.0,460,3782.0,708
1597988323626648064,1597988323924999936,2020-08-21 13:38:43.925000,3786.0,3800.0,3764.0,3765.0,nan,3781.312019,434592,16433279530.0,793574,3787.0,248,3786.0,224,3788.0,555,3785.0,664,3789.0,431,3784.0,292,3790.0,610,3783.0,375,3791.0,460,3782.0,708
1597988324627576064,1597988324895000064,2020-08-21 13:38:44.895000,3786.0,3800.0,3764.0,3765.0,nan,3781.312019,434592,16433279530.0,793574,3787.0,248,3786.0,226,3788.0,555,3785.0,664,3789.0,431,3784.0,292,3790.0,610,3783.0,375,3791.0,460,3782.0,708
1597988325142691072,1597988325424000000,2020-08-21 13:38:45.424000,3786.0,3800.0,3764.0,3765.0,nan,3781.312019,434592,16433279530.0,793574,3787.0,248,3786.0,226,3788.0,555,3785.0,665,3789.0,431,3784.0,292,3790.0,610,3783.0,375,3791.0,460,3782.0,708
1597988325681743872,1597988326224000000,2020-08-21 13:38:46.224000,3786.0,3800.0,3764.0,3765.0,nan,3781.312019,434592,16433279530.0,793574,3787.0,250,3786.0,226,3788.0,555,3785.0,665,3789.0,431,3784.0,292,3790.0,610,3783.0,375,3791.0,460,3782.0,708
1597988326154322944,1597988326413000192,2020-08-21 13:38:46.413000,3786.0,3800.0,3764.0,3765.0,nan,3781.312019,434592,16433279530.0,793574,3787.0,250,3786.0,236,3788.0,555,3785.0,665,3789.0,431,3784.0,292,3790.0,610,3783.0,375,3791.0,460,3782.0,708
1597988326741680896,1597988326921999872,2020-08-21 13:38:46.922000,3786.0,3800.0,3764.0,3765.0,nan,3781.31203,434593,16433317390.0,793574,3787.0,250,3786.0,237,3788.0,555,3785.0,665,3789.0,432,3784.0,292,3790.0,610,3783.0,375,3791.0,460,3782.0,708
1597988327305896960,1597988327434000128,2020-08-21 13:38:47.434000,3786.0,3800.0,3764.0,3765.0,nan,3781.312051,434595,16433393110.0,793572,3787.0,250,3786.0,235,3788.0,555,3785.0,665,3789.0,432,3784.0,292,3790.0,610,3783.0,375,3791.0,460,3782.0,708
1597988327637835008,1597988327936999936,2020-08-21 13:38:47.937000,3786.0,3800.0,3764.0,3765.0,nan,3781.312051,434595,16433393110.0,793572,3787.0,250,3786.0,235,3788.0,555,3785.0,665,3789.0,427,3784.0,292,3790.0,610,3783.0,375,3791.0,460,3782.0,708
1597988328196593920,1597988328431000064,2020-08-21 13:38:48.431000,3786.0,3800.0,3764.0,3765.0,nan,3781.312051,434595,16433393110.0,793572,3787.0,250,3786.0,236,3788.0,555,3785.0,665,3789.0,427,3784.0,292,3790.0,610,3783.0,375,3791.0,460,3782.0,708
1597988328684622080,1597988328881999872,2020-08-21 13:38:48.882000,3786.0,3800.0,3764.0,3765.0,nan,3781.312062,434596,16433430970.0,793572,3787.0,250,3786.0,236,3788.0,555,3785.0,665,3789.0,427,3784.0,292,3790.0,610,3783.0,375,3791.0,460,3782.0,708
1597988329170580992,1597988329400000000,2020-08-21 13:38:49.400000,3786.0,3800.0,3764.0,3765.0,nan,3781.312062,434596,16433430970.0,793572,3787.0,250,3786.0,237,3788.0,555,3785.0,665,3789.0,427,3784.0,292,3790.0,610,3783.0,375,3791.0,460,3782.0,708
1597988329640514048,1597988329930000128,2020-08-21 13:38:49.930000,3787.0,3800.0,3764.0,3765.0,nan,3781.312128,434601,16433620320.0,793572,3787.0,245,3786.0,237,3788.0,555,3785.0,665,3789.0,427,3784.0,292,3790.0,610,3783.0,375,3791.0,460,3782.0,708
1597988330138936064,1597988330434000128,2020-08-21 13:38:50.434000,3787.0,3800.0,3764.0,3765.0,nan,3781.312338,434619,16434301870.0,793577,3787.0,238,3786.0,228,3788.0,555,3785.0,665,3789.0,427,3784.0,292,3790.0,612,3783.0,375,3791.0,460,3782.0,708
1597988330652349952,1597988330931000064,2020-08-21 13:38:50.931000,3787.0,3800.0,3764.0,3765.0,nan,3781.31239,434623,16434453350.0,793573,3787.0,234,3786.0,228,3788.0,555,3785.0,665,3789.0,427,3784.0,292,3790.0,612,3783.0,375,3791.0,460,3782.0,708
1597988331134268928,1597988331408000000,2020-08-21 13:38:51.408000,3787.0,3800.0,3764.0,3765.0,nan,3781.31239,434623,16434453350.0,793573,3787.0,234,3786.0,227,3788.0,555,3785.0,665,3789.0,427,3784.0,292,3790.0,612,3783.0,376,3791.0,460,3782.0,708
1597988331644944896,1597988331923000064,2020-08-21 13:38:51.923000,3787.0,3800.0,3764.0,3765.0,nan,3781.312456,434628,16434642700.0,793568,3787.0,229,3786.0,227,3788.0,555,3785.0,665,3789.0,427,3784.0,292,3790.0,612,3783.0,376,3791.0,460,3782.0,708
1597988332190748928,1597988332427000064,2020-08-21 13:38:52.427000,3787.0,3800.0,3764.0,3765.0,nan,3781.312469,434629,16434680570.0,793568,3787.0,228,3786.0,227,3788.0,555,3785.0,665,3789.0,427,3784.0,292,3790.0,612,3783.0,376,3791.0,460,3782.0,708
1597988333162661120,1597988333436000000,2020-08-21 13:38:53.436000,3787.0,3800.0,3764.0,3765.0,nan,3781.312469,434629,16434680570.0,793568,3787.0,229,3786.0,227,3788.0,555,3785.0,665,3789.0,427,3784.0,292,3790.0,612,3783.0,376,3791.0,460,3782.0,708
1597988333673287936,1597988333913000192,2020-08-21 13:38:53.913000,3787.0,3800.0,3764.0,3765.0,nan,3781.312469,434629,16434680570.0,793568,3787.0,230,3786.0,227,3788.0,557,3785.0,665,3789.0,427,3784.0,292,3790.0,612,3783.0,376,3791.0,460,3782.0,708
1597988334142332928,1597988334436000000,2020-08-21 13:38:54.436000,3787.0,3800.0,3764.0,3765.0,nan,3781.312469,434629,16434680570.0,793568,3787.0,230,3786.0,227,3788.0,558,3785.0,665,3789.0,427,3784.0,292,3790.0,612,3783.0,376,3791.0,460,3782.0,708
1597988334633030912,1597988334927000064,2020-08-21 13:38:54.927000,3787.0,3800.0,3764.0,3765.0,nan,3781.312534,434634,16434869920.0,793568,3787.0,237,3786.0,227,3788.0,558,3785.0,665,3789.0,427,3784.0,292,3790.0,612,3783.0,376,3791.0,460,3782.0,708
1597988335140621056,1597988335376000000,2020-08-21 13:38:55.376000,3787.0,3800.0,3764.0,3765.0,nan,3781.31256,434636,16434945660.0,793568,3787.0,235,3786.0,228,3788.0,558,3785.0,664,3789.0,427,3784.0,292,3790.0,612,3783.0,376,3791.0,460,3782.0,708
1597988335679792128,1597988335924999936,2020-08-21 13:38:55.925000,3787.0,3800.0,3764.0,3765.0,nan,3781.312869,434664,16436005770.0,793568,3787.0,233,3786.0,199,3788.0,558,3785.0,664,3789.0,427,3784.0,292,3790.0,612,3783.0,376,3791.0,460,3782.0,708
1597988336196303104,1597988336403000064,2020-08-21 13:38:56.403000,3787.0,3800.0,3764.0,3765.0,nan,3781.312869,434664,16436005770.0,793568,3787.0,277,3786.0,165,3788.0,558,3785.0,664,3789.0,428,3784.0,292,3790.0,612,3783.0,376,3791.0,460,3782.0,708
1597988336615800064,1597988336936999936,2020-08-21 13:38:56.937000,3787.0,3800.0,3764.0,3765.0,nan,3781.312869,434664,16436005770.0,793568,3787.0,299,3786.0,144,3788.0,558,3785.0,662,3789.0,428,3784.0,292,3790.0,612,3783.0,376,3791.0,460,3782.0,708
1597988337171437056,1597988337416999936,2020-08-21 13:38:57.417000,3786.0,3800.0,3764.0,3765.0,nan,3781.31288,434665,16436043630.0,793569,3787.0,299,3786.0,104,3788.0,558,3785.0,662,3789.0,428,3784.0,292,3790.0,612,3783.0,376,3791.0,460,3782.0,708
1597988337653296128,1597988338239000064,2020-08-21 13:38:58.239000,3786.0,3800.0,3764.0,3765.0,nan,3781.31288,434665,16436043630.0,793569,3787.0,299,3786.0,113,3788.0,558,3785.0,662,3789.0,428,3784.0,292,3790.0,612,3783.0,376,3791.0,460,3782.0,708
1597988338140292096,1597988338428000000,2020-08-21 13:38:58.428000,3786.0,3800.0,3764.0,3765.0,nan,3781.312891,434666,16436081490.0,793569,3787.0,258,3786.0,131,3788.0,558,3785.0,662,3789.0,428,3784.0,292,3790.0,612,3783.0,376,3791.0,460,3782.0,708
1597988338624184064,1597988338928999936,2020-08-21 13:38:58.929000,3786.0,3800.0,3764.0,3765.0,nan,3781.312891,434666,16436081490.0,793569,3787.0,258,3786.0,133,3788.0,558,3785.0,662,3789.0,428,3784.0,292,3790.0,612,3783.0,316,3791.0,460,3782.0,708
1597988339295920896,1597988339424000000,2020-08-21 13:38:59.424000,3786.0,3800.0,3764.0,3765.0,nan,3781.312902,434667,16436119350.0,793568,3787.0,258,3786.0,132,3788.0,558,3785.0,662,3789.0,428,3784.0,292,3790.0,612,3783.0,316,3791.0,460,3782.0,708
1597988339630885888,1597988339934000128,2020-08-21 13:38:59.934000,3787.0,3800.0,3764.0,3765.0,nan,3781.312941,434670,16436232960.0,793565,3787.0,310,3786.0,112,3788.0,556,3785.0,662,3789.0,428,3784.0,292,3790.0,612,3783.0,316,3791.0,460,3782.0,708
1597988340151909120,1597988340432000000,2020-08-21 13:39:00.432000,3787.0,3800.0,3764.0,3765.0,nan,3781.312941,434670,16436232960.0,793565,3787.0,309,3786.0,116,3788.0,556,3785.0,662,3789.0,428,3784.0,292,3790.0,615,3783.0,316,3791.0,460,3782.0,708
1597988340665369088,1597988340924000000,2020-08-21 13:39:00.924000,3787.0,3800.0,3764.0,3765.0,nan,3781.313017,434676,16436460170.0,793563,3787.0,304,3786.0,151,3788.0,556,3785.0,662,3789.0,428,3784.0,292,3790.0,615,3783.0,316,3791.0,460,3782.0,708
1597988341126640896,1597988341415000064,2020-08-21 13:39:01.415000,3787.0,3800.0,3764.0,3765.0,nan,3781.313017,434676,16436460170.0,793563,3787.0,304,3786.0,151,3788.0,561,3785.0,662,3789.0,428,3784.0,292,3790.0,615,3783.0,316,3791.0,460,3782.0,708
1597988341650027008,1597988341936999936,2020-08-21 13:39:01.937000,3787.0,3800.0,3764.0,3765.0,nan,3781.313017,434676,16436460170.0,793563,3787.0,295,3786.0,159,3788.0,561,3785.0,660,3789.0,428,3784.0,291,3790.0,615,3783.0,316,3791.0,461,3782.0,708
1597988342165078016,1597988342734999808,2020-08-21 13:39:02.735000,3787.0,3800.0,3764.0,3765.0,nan,3781.313017,434676,16436460170.0,793563,3787.0,295,3786.0,160,3788.0,561,3785.0,660,3789.0,433,3784.0,290,3790.0,615,3783.0,316,3791.0,461,3782.0,708
1597988342713187072,1597988342924999936,2020-08-21 13:39:02.925000,3787.0,3800.0,3764.0,3765.0,nan,3781.313017,434676,16436460170.0,793563,3787.0,295,3786.0,162,3788.0,561,3785.0,660,3789.0,433,3784.0,290,3790.0,621,3783.0,316,3791.0,461,3782.0,708
1597988343164514048,1597988343668999936,2020-08-21 13:39:03.669000,3787.0,3800.0,3764.0,3765.0,nan,3781.313017,434676,16436460170.0,793563,3787.0,295,3786.0,242,3788.0,576,3785.0,660,3789.0,433,3784.0,290,3790.0,621,3783.0,316,3791.0,461,3782.0,708
1597988343659394048,1597988343936999936,2020-08-21 13:39:03.937000,3787.0,3800.0,3764.0,3765.0,nan,3781.313017,434676,16436460170.0,793563,3787.0,280,3786.0,244,3788.0,576,3785.0,660,3789.0,433,3784.0,290,3790.0,621,3783.0,316,3791.0,461,3782.0,708
1597988344134304000,1597988344374000128,2020-08-21 13:39:04.374000,3787.0,3800.0,3764.0,3765.0,nan,3781.313017,434676,16436460170.0,793563,3787.0,283,3786.0,245,3788.0,576,3785.0,660,3789.0,436,3784.0,290,3790.0,621,3783.0,316,3791.0,461,3782.0,708
1597988344618921984,1597988344918999808,2020-08-21 13:39:04.919000,3787.0,3800.0,3764.0,3765.0,nan,3781.313017,434676,16436460170.0,793563,3787.0,283,3786.0,246,3788.0,576,3785.0,660,3789.0,436,3784.0,290,3790.0,621,3783.0,316,3791.0,461,3782.0,708
1597988345633445888,1597988345923000064,2020-08-21 13:39:05.923000,3787.0,3800.0,3764.0,3765.0,nan,3781.313318,434699,16437331180.0,793553,3787.0,260,3786.0,223,3788.0,576,3785.0,660,3789.0,436,3784.0,290,3790.0,621,3783.0,316,3791.0,461,3782.0,708
1597988346157022976,1597988346420999936,2020-08-21 13:39:06.421000,3787.0,3800.0,3764.0,3765.0,nan,3781.313383,434704,16437520530.0,793553,3787.0,254,3786.0,223,3788.0,576,3785.0,660,3789.0,436,3784.0,290,3790.0,621,3783.0,316,3791.0,461,3782.0,708
1597988347196932096,1597988347420999936,2020-08-21 13:39:07.421000,3787.0,3800.0,3764.0,3765.0,nan,3781.313383,434704,16437520530.0,793553,3787.0,253,3786.0,223,3788.0,576,3785.0,660,3789.0,436,3784.0,290,3790.0,621,3783.0,317,3791.0,461,3782.0,708
1597988347633601024,1597988347923000064,2020-08-21 13:39:07.923000,3787.0,3800.0,3764.0,3765.0,nan,3781.313383,434704,16437520530.0,793553,3787.0,254,3786.0,226,3788.0,576,3785.0,660,3789.0,436,3784.0,290,3790.0,621,3783.0,317,3791.0,461,3782.0,708
1597988348163936000,1597988348707000064,2020-08-21 13:39:08.707000,3787.0,3800.0,3764.0,3765.0,nan,3781.313383,434704,16437520530.0,793553,3787.0,254,3786.0,246,3788.0,576,3785.0,660,3789.0,436,3784.0,290,3790.0,621,3783.0,317,3791.0,461,3782.0,708
1597988348630334976,1597988348932000000,2020-08-21 13:39:08.932000,3787.0,3800.0,3764.0,3765.0,nan,3781.313854,434741,16438921660.0,793560,3787.0,227,3786.0,217,3788.0,576,3785.0,660,3789.0,436,3784.0,290,3790.0,621,3783.0,317,3791.0,461,3782.0,708
1597988349180809984,1597988349437999872,2020-08-21 13:39:09.438000,3787.0,3800.0,3764.0,3765.0,nan,3781.313867,434742,16438959530.0,793560,3787.0,226,3786.0,217,3788.0,576,3785.0,660,3789.0,436,3784.0,290,3790.0,580,3783.0,317,3791.0,461,3782.0,708
1597988349615224064,1597988349898000128,2020-08-21 13:39:09.898000,3787.0,3800.0,3764.0,3765.0,nan,3781.31388,434743,16438997400.0,793560,3787.0,225,3786.0,212,3788.0,576,3785.0,660,3789.0,436,3784.0,290,3790.0,580,3783.0,317,3791.0,461,3782.0,708
1597988350112283904,1597988350412000000,2020-08-21 13:39:10.412000,3787.0,3800.0,3764.0,3765.0,nan,3781.313943,434748,16439186740.0,793557,3787.0,221,3786.0,211,3788.0,576,3785.0,660,3789.0,436,3784.0,290,3790.0,580,3783.0,317,3791.0,461,3782.0,708
1597988350664036096,1597988350888000000,2020-08-21 13:39:10.888000,3787.0,3800.0,3764.0,3765.0,nan,3781.313943,434748,16439186740.0,793557,3787.0,221,3786.0,211,3788.0,576,3785.0,662,3789.0,436,3784.0,290,3790.0,580,3783.0,317,3791.0,461,3782.0,708
1597988351168588032,1597988351423000064,2020-08-21 13:39:11.423000,3787.0,3800.0,3764.0,3765.0,nan,3781.314204,434768,16439944140.0,793537,3787.0,198,3786.0,212,3788.0,576,3785.0,662,3789.0,436,3784.0,292,3790.0,580,3783.0,317,3791.0,461,3782.0,708
1597988352689413888,1597988352927000064,2020-08-21 13:39:12.927000,3786.0,3800.0,3764.0,3765.0,nan,3781.31442,434788,16440701340.0,793535,3787.0,198,3786.0,192,3788.0,576,3785.0,662,3789.0,436,3784.0,292,3790.0,580,3783.0,317,3791.0,461,3782.0,708
1597988353159245056,1597988353404999936,2020-08-21 13:39:13.405000,3786.0,3800.0,3764.0,3765.0,nan,3781.31442,434788,16440701340.0,793535,3787.0,198,3786.0,194,3788.0,576,3785.0,662,3789.0,436,3784.0,292,3790.0,580,3783.0,317,3791.0,461,3782.0,708
1597988353619549952,1597988353924999936,2020-08-21 13:39:13.925000,3786.0,3800.0,3764.0,3765.0,nan,3781.314431,434789,16440739200.0,793535,3787.0,198,3786.0,193,3788.0,576,3785.0,662,3789.0,436,3784.0,292,3790.0,580,3783.0,317,3791.0,461,3782.0,708
1597988354145480960,1597988354382999808,2020-08-21 13:39:14.383000,3786.0,3800.0,3764.0,3765.0,nan,3781.314431,434789,16440739200.0,793535,3787.0,198,3786.0,193,3788.0,576,3785.0,662,3789.0,436,3784.0,292,3790.0,578,3783.0,317,3791.0,461,3782.0,708
1597988354628185088,1597988354903000064,2020-08-21 13:39:14.903000,3786.0,3800.0,3764.0,3765.0,nan,3781.314431,434789,16440739200.0,793535,3787.0,198,3786.0,202,3788.0,576,3785.0,662,3789.0,436,3784.0,292,3790.0,578,3783.0,317,3791.0,461,3782.0,708
1597988355135432960,1597988355434000128,2020-08-21 13:39:15.434000,3786.0,3800.0,3764.0,3765.0,nan,3781.314528,434797,16441042130.0,793536,3787.0,193,3786.0,199,3788.0,576,3785.0,662,3789.0,436,3784.0,292,3790.0,578,3783.0,317,3791.0,461,3782.0,708
1597988355617716992,1597988355934000128,2020-08-21 13:39:15.934000,3786.0,3800.0,3764.0,3765.0,nan,3781.314528,434797,16441042130.0,793536,3787.0,193,3786.0,201,3788.0,576,3785.0,662,3789.0,436,3784.0,292,3790.0,578,3783.0,317,3791.0,461,3782.0,708
1597988356141542912,1597988356436000000,2020-08-21 13:39:16.436000,3786.0,3800.0,3764.0,3765.0,nan,3781.314528,434797,16441042130.0,793536,3787.0,193,3786.0,201,3788.0,576,3785.0,663,3789.0,436,3784.0,292,3790.0,578,3783.0,288,3791.0,461,3782.0,708
1597988356625850112,1597988356924999936,2020-08-21 13:39:16.925000,3787.0,3800.0,3764.0,3765.0,nan,3781.314594,434802,16441231480.0,793534,3787.0,188,3786.0,201,3788.0,576,3785.0,663,3789.0,436,3784.0,292,3790.0,578,3783.0,288,3791.0,461,3782.0,708
1597988357136689920,1597988357430000128,2020-08-21 13:39:17.430000,3786.0,3800.0,3764.0,3765.0,nan,3781.314605,434803,16441269340.0,793535,3787.0,188,3786.0,200,3788.0,576,3785.0,663,3789.0,436,3784.0,292,3790.0,578,3783.0,288,3791.0,459,3782.0,708
1597988357609687040,1597988357931000064,2020-08-21 13:39:17.931000,3786.0,3800.0,3764.0,3765.0,nan,3781.31482,434823,16442026540.0,793523,3787.0,188,3786.0,180,3788.0,576,3785.0,663,3789.0,436,3784.0,292,3790.0,578,3783.0,288,3791.0,459,3782.0,708
1597988358146532096,1597988358344000000,2020-08-21 13:39:18.344000,3786.0,3800.0,3764.0,3765.0,nan,3781.31482,434823,16442026540.0,793523,3787.0,212,3786.0,172,3788.0,576,3785.0,663,3789.0,436,3784.0,292,3790.0,578,3783.0,288,3791.0,459,3782.0,708
1597988358619697920,1597988358920000000,2020-08-21 13:39:18.920000,3786.0,3800.0,3764.0,3765.0,nan,3781.31482,434823,16442026540.0,793523,3787.0,215,3786.0,172,3788.0,576,3785.0,663,3789.0,436,3784.0,292,3790.0,578,3783.0,288,3791.0,459,3782.0,708
1597988359125230080,1597988359424999936,2020-08-21 13:39:19.425000,3786.0,3800.0,3764.0,3765.0,nan,3781.314831,434824,16442064400.0,793523,3787.0,215,3786.0,171,3788.0,576,3785.0,663,3789.0,436,3784.0,292,3790.0,578,3783.0,288,3791.0,459,3782.0,708
1597988359621656064,1597988359923000064,2020-08-21 13:39:19.923000,3786.0,3800.0,3764.0,3765.0,nan,3781.314831,434824,16442064400.0,793523,3787.0,215,3786.0,170,3788.0,576,3785.0,663,3789.0,436,3784.0,292,3790.0,578,3783.0,288,3791.0,459,3782.0,708
1597988360146594048,1597988360408999936,2020-08-21 13:39:20.409000,3787.0,3800.0,3764.0,3765.0,nan,3781.315171,434850,16443049020.0,793517,3787.0,191,3786.0,170,3788.0,576,3785.0,663,3789.0,436,3784.0,292,3790.0,578,3783.0,288,3791.0,459,3782.0,708
1597988360619492096,1597988360845999872,2020-08-21 13:39:20.846000,3786.0,3800.0,3764.0,3765.0,nan,3781.315182,434851,16443086880.0,793517,3787.0,191,3786.0,169,3788.0,576,3785.0,663,3789.0,436,3784.0,292,3790.0,578,3783.0,288,3791.0,459,3782.0,708
1597988361132422912,1597988361430000128,2020-08-21 13:39:21.430000,3786.0,3800.0,3764.0,3765.0,nan,3781.315182,434851,16443086880.0,793517,3787.0,191,3786.0,169,3788.0,576,3785.0,664,3789.0,435,3784.0,292,3790.0,578,3783.0,288,3791.0,459,3782.0,708
1597988362135001088,1597988362424999936,2020-08-21 13:39:22.425000,3786.0,3800.0,3764.0,3765.0,nan,3781.315397,434871,16443844080.0,793537,3787.0,192,3786.0,149,3788.0,576,3785.0,664,3789.0,435,3784.0,292,3790.0,578,3783.0,288,3791.0,459,3782.0,708
1597988362622937088,1597988362903000064,2020-08-21 13:39:22.903000,3786.0,3800.0,3764.0,3765.0,nan,3781.315397,434871,16443844080.0,793537,3787.0,192,3786.0,149,3788.0,576,3785.0,665,3789.0,435,3784.0,292,3790.0,578,3783.0,288,3791.0,459,3782.0,708
1597988363629363968,1597988363923000064,2020-08-21 13:39:23.923000,3786.0,3800.0,3764.0,3765.0,nan,3781.315397,434871,16443844080.0,793537,3787.0,192,3786.0,149,3788.0,576,3785.0,664,3789.0,435,3784.0,290,3790.0,578,3783.0,287,3791.0,479,3782.0,708
1597988364618067968,1597988364924999936,2020-08-21 13:39:24.925000,3786.0,3800.0,3764.0,3765.0,nan,3781.315397,434871,16443844080.0,793537,3787.0,192,3786.0,150,3788.0,576,3785.0,665,3789.0,435,3784.0,300,3790.0,578,3783.0,288,3791.0,479,3782.0,708
1597988365118092032,1597988365427000064,2020-08-21 13:39:25.427000,3786.0,3800.0,3764.0,3765.0,nan,3781.315408,434872,16443881940.0,793537,3787.0,192,3786.0,150,3788.0,576,3785.0,666,3789.0,435,3784.0,300,3790.0,578,3783.0,288,3791.0,479,3782.0,708
1597988365617196032,1597988365927000064,2020-08-21 13:39:25.927000,3786.0,3800.0,3764.0,3765.0,nan,3781.315408,434872,16443881940.0,793537,3787.0,202,3786.0,150,3788.0,576,3785.0,666,3789.0,435,3784.0,300,3790.0,578,3783.0,288,3791.0,479,3782.0,708
1597988367142181888,1597988367416000000,2020-08-21 13:39:27.416000,3786.0,3800.0,3764.0,3765.0,nan,3781.315408,434872,16443881940.0,793537,3787.0,202,3786.0,146,3788.0,576,3785.0,666,3789.0,435,3784.0,300,3790.0,578,3783.0,288,3791.0,479,3782.0,708
1597988367629157120,1597988367901999872,2020-08-21 13:39:27.902000,3786.0,3800.0,3764.0,3765.0,nan,3781.315429,434874,16443957660.0,793539,3787.0,202,3786.0,145,3788.0,576,3785.0,666,3789.0,435,3784.0,300,3790.0,578,3783.0,288,3791.0,479,3782.0,708
1597988368125498112,1597988368420999936,2020-08-21 13:39:28.421000,3786.0,3800.0,3764.0,3765.0,nan,3781.315429,434874,16443957660.0,793539,3787.0,204,3786.0,145,3788.0,576,3785.0,666,3789.0,435,3784.0,300,3790.0,578,3783.0,288,3791.0,479,3782.0,708
1597988368623549952,1597988368928999936,2020-08-21 13:39:28.929000,3786.0,3800.0,3764.0,3765.0,nan,3781.31544,434875,16443995520.0,793540,3787.0,204,3786.0,144,3788.0,576,3785.0,666,3789.0,435,3784.0,300,3790.0,578,3783.0,288,3791.0,479,3782.0,708
1597988369142137088,1597988369394000128,2020-08-21 13:39:29.394000,3787.0,3800.0,3764.0,3765.0,nan,3781.315464,434877,16444071250.0,793540,3787.0,203,3786.0,143,3788.0,576,3785.0,666,3789.0,435,3784.0,300,3790.0,578,3783.0,288,3791.0,479,3782.0,708
1597988369608665088,1597988369829999872,2020-08-21 13:39:29.830000,3786.0,3800.0,3764.0,3765.0,nan,3781.315507,434881,16444222690.0,793538,3787.0,201,3786.0,139,3788.0,576,3785.0,666,3789.0,435,3784.0,300,3790.0,578,3783.0,288,3791.0,479,3782.0,708
1597988370163804928,1597988370428999936,2020-08-21 13:39:30.429000,3786.0,3800.0,3764.0,3765.0,nan,3781.315507,434881,16444222690.0,793538,3787.0,201,3786.0,144,3788.0,576,3785.0,666,3789.0,435,3784.0,300,3790.0,578,3783.0,288,3791.0,479,3782.0,708
1597988370642447872,1597988370926000128,2020-08-21 13:39:30.926000,3786.0,3800.0,3764.0,3765.0,nan,3781.315552,434885,16444374140.0,793534,3787.0,200,3786.0,141,3788.0,576,3785.0,667,3789.0,435,3784.0,300,3790.0,578,3783.0,288,3791.0,479,3782.0,708
1597988371135283968,1597988371364000000,2020-08-21 13:39:31.364000,3786.0,3800.0,3764.0,3765.0,nan,3781.315552,434885,16444374140.0,793534,3787.0,200,3786.0,141,3788.0,576,3785.0,667,3789.0,435,3784.0,300,3790.0,579,3783.0,288,3791.0,479,3782.0,708
1597988371665947904,1597988371914000128,2020-08-21 13:39:31.914000,3786.0,3800.0,3764.0,3765.0,nan,3781.315552,434885,16444374140.0,793534,3787.0,201,3786.0,141,3788.0,576,3785.0,668,3789.0,435,3784.0,300,3790.0,579,3783.0,288,3791.0,479,3782.0,708
1597988372155198976,1597988372426000128,2020-08-21 13:39:32.426000,3786.0,3800.0,3764.0,3765.0,nan,3781.315552,434885,16444374140.0,793534,3787.0,203,3786.0,151,3788.0,576,3785.0,668,3789.0,435,3784.0,300,3790.0,579,3783.0,288,3791.0,479,3782.0,708
1597988372634148096,1597988372927000064,2020-08-21 13:39:32.927000,3786.0,3800.0,3764.0,3765.0,nan,3781.315552,434885,16444374140.0,793534,3787.0,203,3786.0,152,3788.0,576,3785.0,668,3789.0,435,3784.0,300,3790.0,579,3783.0,288,3791.0,479,3782.0,708
1597988373165362944,1597988373426000128,2020-08-21 13:39:33.426000,3786.0,3800.0,3764.0,3765.0,nan,3781.315552,434885,16444374140.0,793534,3787.0,263,3786.0,152,3788.0,576,3785.0,668,3789.0,435,3784.0,301,3790.0,579,3783.0,288,3791.0,479,3782.0,708
1597988373613123072,1597988373934000128,2020-08-21 13:39:33.934000,3786.0,3800.0,3764.0,3765.0,nan,3781.315552,434885,16444374140.0,793534,3787.0,305,3786.0,139,3788.0,576,3785.0,668,3789.0,435,3784.0,301,3790.0,579,3783.0,288,3791.0,479,3782.0,708
1597988374130883072,1597988374433000192,2020-08-21 13:39:34.433000,3786.0,3800.0,3764.0,3765.0,nan,3781.316435,434967,16447478660.0,793475,3787.0,305,3786.0,57,3788.0,576,3785.0,668,3789.0,435,3784.0,301,3790.0,579,3783.0,288,3791.0,479,3782.0,708
1597988374679190016,1597988374936999936,2020-08-21 13:39:34.937000,3786.0,3800.0,3764.0,3765.0,nan,3781.317049,435024,16449636680.0,793497,3786.0,228,3785.0,668,3787.0,325,3784.0,301,3788.0,576,3783.0,288,3789.0,435,3782.0,708,3790.0,579,3781.0,402
1597988375130337024,1597988375430000128,2020-08-21 13:39:35.430000,3786.0,3800.0,3764.0,3765.0,nan,3781.318018,435114,16453044080.0,793407,3786.0,154,3785.0,648,3787.0,322,3784.0,301,3788.0,576,3783.0,288,3789.0,435,3782.0,708,3790.0,579,3781.0,402
1597988375623213056,1597988375897000192,2020-08-21 13:39:35.897000,3786.0,3800.0,3764.0,3765.0,nan,3781.318018,435114,16453044080.0,793407,3786.0,149,3785.0,649,3787.0,322,3784.0,301,3788.0,576,3783.0,288,3789.0,435,3782.0,708,3790.0,579,3781.0,402
1597988376130523904,1597988376411000064,2020-08-21 13:39:36.411000,3786.0,3800.0,3764.0,3765.0,nan,3781.318061,435118,16453195520.0,793403,3786.0,145,3785.0,649,3787.0,337,3784.0,301,3788.0,576,3783.0,288,3789.0,435,3782.0,708,3790.0,579,3781.0,402
1597988376648803072,1597988377236999936,2020-08-21 13:39:37.237000,3786.0,3800.0,3764.0,3765.0,nan,3781.318061,435118,16453195520.0,793403,3786.0,114,3785.0,649,3787.0,337,3784.0,301,3788.0,576,3783.0,289,3789.0,435,3782.0,708,3790.0,579,3781.0,402
1597988377122976000,1597988377420999936,2020-08-21 13:39:37.421000,3786.0,3800.0,3764.0,3765.0,nan,3781.3189,435196,16456148600.0,793408,3786.0,36,3785.0,649,3787.0,339,3784.0,301,3788.0,576,3783.0,289,3789.0,435,3782.0,708,3790.0,579,3781.0,402
1597988377638976000,1597988377936000000,2020-08-21 13:39:37.936000,3786.0,3800.0,3764.0,3765.0,nan,3781.318986,435204,16456451480.0,793409,3786.0,22,3785.0,650,3787.0,289,3784.0,301,3788.0,576,3783.0,289,3789.0,435,3782.0,708,3790.0,579,3781.0,402
1597988378159911936,1597988378437999872,2020-08-21 13:39:38.438000,3786.0,3800.0,3764.0,3765.0,nan,3781.318986,435204,16456451480.0,793409,3786.0,22,3785.0,650,3787.0,289,3784.0,301,3788.0,576,3783.0,290,3789.0,435,3782.0,708,3790.0,579,3781.0,402
1597988379138319104,1597988379394000128,2020-08-21 13:39:39.394000,3786.0,3800.0,3764.0,3765.0,nan,3781.319005,435206,16456527190.0,793409,3786.0,21,3785.0,649,3787.0,289,3784.0,301,3788.0,576,3783.0,290,3789.0,435,3782.0,708,3790.0,579,3781.0,402
1597988380145861120,1597988380382999808,2020-08-21 13:39:40.383000,3786.0,3800.0,3764.0,3765.0,nan,3781.319016,435207,16456565050.0,793409,3786.0,20,3785.0,649,3787.0,289,3784.0,301,3788.0,576,3783.0,290,3789.0,435,3782.0,708,3790.0,579,3781.0,402
1597988380630486016,1597988380934000128,2020-08-21 13:39:40.934000,3786.0,3800.0,3764.0,3765.0,nan,3781.319016,435207,16456565050.0,793409,3786.0,20,3785.0,649,3787.0,289,3784.0,301,3788.0,577,3783.0,290,3789.0,435,3782.0,708,3790.0,579,3781.0,402
1597988381635170048,1597988381904999936,2020-08-21 13:39:41.905000,3786.0,3800.0,3764.0,3765.0,nan,3781.319048,435210,16456678630.0,793409,3786.0,17,3785.0,649,3787.0,288,3784.0,301,3788.0,577,3783.0,290,3789.0,435,3782.0,708,3790.0,579,3781.0,402
1597988382151610880,1597988382435000064,2020-08-21 13:39:42.435000,3786.0,3800.0,3764.0,3765.0,nan,3781.319059,435211,16456716490.0,793409,3786.0,16,3785.0,649,3787.0,288,3784.0,301,3788.0,577,3783.0,290,3789.0,435,3782.0,708,3790.0,579,3781.0,402
1597988383112591104,1597988383423000064,2020-08-21 13:39:43.423000,3786.0,3800.0,3764.0,3765.0,nan,3781.319113,435216,16456905790.0,793414,3786.0,11,3785.0,649,3787.0,289,3784.0,301,3788.0,577,3783.0,290,3789.0,435,3782.0,708,3790.0,581,3781.0,402
1597988383636252928,1597988383916000000,2020-08-21 13:39:43.916000,3786.0,3800.0,3764.0,3765.0,nan,3781.319113,435216,16456905790.0,793414,3786.0,11,3785.0,652,3787.0,289,3784.0,301,3788.0,577,3783.0,290,3789.0,435,3782.0,708,3790.0,581,3781.0,402
1597988384142579968,1597988384434000128,2020-08-21 13:39:44.434000,3786.0,3800.0,3764.0,3765.0,nan,3781.319285,435232,16457511550.0,793406,3787.0,289,3786.0,45,3788.0,577,3785.0,653,3789.0,435,3784.0,301,3790.0,581,3783.0,290,3791.0,479,3782.0,708
1597988384616590080,1597988384924000000,2020-08-21 13:39:44.924000,3786.0,3800.0,3764.0,3765.0,nan,3781.319285,435232,16457511550.0,793406,3787.0,289,3786.0,53,3788.0,577,3785.0,654,3789.0,435,3784.0,301,3790.0,581,3783.0,290,3791.0,479,3782.0,708
1597988385139403008,1597988385400999936,2020-08-21 13:39:45.401000,3786.0,3800.0,3764.0,3765.0,nan,3781.319306,435234,16457587270.0,793404,3787.0,273,3786.0,53,3788.0,577,3785.0,654,3789.0,435,3784.0,301,3790.0,581,3783.0,290,3791.0,479,3782.0,708
1597988386131447040,1597988386428999936,2020-08-21 13:39:46.429000,3786.0,3800.0,3764.0,3765.0,nan,3781.319317,435235,16457625130.0,793404,3787.0,273,3786.0,52,3788.0,627,3785.0,654,3789.0,435,3784.0,301,3790.0,581,3783.0,290,3791.0,479,3782.0,708
1597988386615247104,1597988386927000064,2020-08-21 13:39:46.927000,3786.0,3800.0,3764.0,3765.0,nan,3781.319328,435236,16457662990.0,793403,3787.0,273,3786.0,51,3788.0,627,3785.0,654,3789.0,435,3784.0,301,3790.0,581,3783.0,290,3791.0,479,3782.0,708
1597988387154481920,1597988387426000128,2020-08-21 13:39:47.426000,3786.0,3800.0,3764.0,3765.0,nan,3781.319339,435237,16457700850.0,793403,3787.0,273,3786.0,50,3788.0,627,3785.0,654,3789.0,435,3784.0,301,3790.0,581,3783.0,290,3791.0,479,3782.0,708
1597988387643917056,1597988387872000000,2020-08-21 13:39:47.872000,3787.0,3800.0,3764.0,3765.0,nan,3781.319454,435246,16458041670.0,793399,3787.0,265,3786.0,49,3788.0,627,3785.0,654,3789.0,435,3784.0,301,3790.0,581,3783.0,290,3791.0,479,3782.0,708
1597988388154192896,1597988388436999936,2020-08-21 13:39:48.437000,3786.0,3800.0,3764.0,3765.0,nan,3781.319508,435251,16458230970.0,793399,3787.0,265,3786.0,45,3788.0,627,3785.0,654,3789.0,435,3784.0,301,3790.0,581,3783.0,290,3791.0,479,3782.0,708
1597988388628573952,1597988388936000000,2020-08-21 13:39:48.936000,3786.0,3800.0,3764.0,3765.0,nan,3781.319508,435251,16458230970.0,793399,3787.0,265,3786.0,95,3788.0,627,3785.0,654,3789.0,435,3784.0,301,3790.0,581,3783.0,290,3791.0,479,3782.0,708
1597988389119895040,1597988389374000128,2020-08-21 13:39:49.374000,3786.0,3800.0,3764.0,3765.0,nan,3781.319518,435252,16458268830.0,793399,3787.0,245,3786.0,185,3788.0,627,3785.0,653,3789.0,435,3784.0,301,3790.0,581,3783.0,290,3791.0,479,3782.0,708
1597988389614722048,1597988389934000128,2020-08-21 13:39:49.934000,3786.0,3800.0,3764.0,3765.0,nan,3781.319594,435258,16458496040.0,793403,3787.0,195,3786.0,152,3788.0,627,3785.0,653,3789.0,435,3784.0,301,3790.0,581,3783.0,290,3791.0,479,3782.0,708
1597988390634352128,1597988390937999872,2020-08-21 13:39:50.938000,3786.0,3800.0,3764.0,3765.0,nan,3781.319594,435258,16458496040.0,793403,3787.0,205,3786.0,152,3788.0,627,3785.0,653,3789.0,435,3784.0,301,3790.0,581,3783.0,290,3791.0,479,3782.0,708
1597988391135126016,1597988391348000000,2020-08-21 13:39:51.348000,3786.0,3800.0,3764.0,3765.0,nan,3781.31967,435265,16458761060.0,793397,3787.0,207,3786.0,145,3788.0,627,3785.0,653,3789.0,435,3784.0,301,3790.0,581,3783.0,290,3791.0,479,3782.0,708
1597988391614542080,1597988391932000000,2020-08-21 13:39:51.932000,3786.0,3800.0,3764.0,3765.0,nan,3781.319723,435270,16458950360.0,793392,3787.0,207,3786.0,132,3788.0,637,3785.0,653,3789.0,435,3784.0,301,3790.0,581,3783.0,290,3791.0,479,3782.0,708
1597988392113624064,1597988392435000064,2020-08-21 13:39:52.435000,3786.0,3800.0,3764.0,3765.0,nan,3781.319723,435270,16458950360.0,793392,3787.0,201,3786.0,105,3788.0,637,3785.0,653,3789.0,435,3784.0,301,3790.0,581,3783.0,290,3791.0,479,3782.0,708
1597988392610084096,1597988392937999872,2020-08-21 13:39:52.938000,3786.0,3800.0,3764.0,3765.0,nan,3781.319777,435275,16459139660.0,793392,3787.0,212,3786.0,92,3788.0,637,3785.0,653,3789.0,435,3784.0,300,3790.0,581,3783.0,290,3791.0,479,3782.0,708
1597988393161096960,1597988393668999936,2020-08-21 13:39:53.669000,3786.0,3800.0,3764.0,3765.0,nan,3781.319777,435275,16459139660.0,793392,3787.0,248,3786.0,92,3788.0,657,3785.0,653,3789.0,435,3784.0,300,3790.0,581,3783.0,290,3791.0,479,3782.0,708
1597988393626530048,1597988393904999936,2020-08-21 13:39:53.905000,3786.0,3800.0,3764.0,3765.0,nan,3781.319777,435275,16459139660.0,793392,3787.0,254,3786.0,72,3788.0,658,3785.0,652,3789.0,435,3784.0,300,3790.0,581,3783.0,290,3791.0,479,3782.0,708
1597988394114744064,1597988394424999936,2020-08-21 13:39:54.425000,3787.0,3800.0,3764.0,3765.0,nan,3781.319842,435280,16459329010.0,793391,3787.0,269,3786.0,72,3788.0,658,3785.0,654,3789.0,435,3784.0,300,3790.0,581,3783.0,290,3791.0,479,3782.0,708
1597988394622476032,1597988394903000064,2020-08-21 13:39:54.903000,3786.0,3800.0,3764.0,3765.0,nan,3781.319875,435283,16459442590.0,793391,3787.0,269,3786.0,70,3788.0,658,3785.0,654,3789.0,435,3784.0,300,3790.0,581,3783.0,290,3791.0,479,3782.0,708
1597988395146252032,1597988395416000000,2020-08-21 13:39:55.416000,3786.0,3800.0,3764.0,3765.0,nan,3781.319875,435283,16459442590.0,793391,3787.0,269,3786.0,70,3788.0,658,3785.0,654,3789.0,435,3784.0,300,3790.0,583,3783.0,290,3791.0,479,3782.0,708
1597988395629100032,1597988395937999872,2020-08-21 13:39:55.938000,3786.0,3800.0,3764.0,3765.0,nan,3781.319982,435293,16459821190.0,793383,3787.0,269,3786.0,60,3788.0,658,3785.0,654,3789.0,440,3784.0,300,3790.0,583,3783.0,290,3791.0,479,3782.0,708
1597988396163646976,1597988396436000000,2020-08-21 13:39:56.436000,3787.0,3800.0,3764.0,3765.0,nan,3781.320008,435295,16459896930.0,793382,3787.0,267,3786.0,60,3788.0,658,3785.0,654,3789.0,440,3784.0,299,3790.0,583,3783.0,290,3791.0,479,3782.0,708
1597988396652584960,1597988396937999872,2020-08-21 13:39:56.938000,3787.0,3800.0,3764.0,3765.0,nan,3781.320008,435295,16459896930.0,793382,3787.0,267,3786.0,62,3788.0,658,3785.0,654,3789.0,440,3784.0,299,3790.0,583,3783.0,290,3791.0,479,3782.0,708
1597988397176958976,1597988397437999872,2020-08-21 13:39:57.438000,3786.0,3800.0,3764.0,3765.0,nan,3781.32003,435297,16459972650.0,793380,3787.0,272,3786.0,73,3788.0,658,3785.0,654,3789.0,440,3784.0,299,3790.0,583,3783.0,290,3791.0,479,3782.0,708
1597988397655932928,1597988397901999872,2020-08-21 13:39:57.902000,3786.0,3800.0,3764.0,3765.0,nan,3781.32003,435297,16459972650.0,793380,3787.0,272,3786.0,31,3788.0,658,3785.0,654,3789.0,440,3784.0,299,3790.0,583,3783.0,290,3791.0,479,3782.0,708
1597988398172545024,1597988398421999872,2020-08-21 13:39:58.422000,3787.0,3800.0,3764.0,3765.0,nan,3781.320278,435316,16460692180.0,793367,3787.0,253,3786.0,39,3788.0,658,3785.0,654,3789.0,440,3784.0,299,3790.0,583,3783.0,290,3791.0,479,3782.0,708
1597988398621510912,1597988398860999936,2020-08-21 13:39:58.861000,3787.0,3800.0,3764.0,3765.0,nan,3781.320369,435323,16460957270.0,793367,3787.0,249,3786.0,31,3788.0,658,3785.0,654,3789.0,440,3784.0,299,3790.0,583,3783.0,290,3791.0,479,3782.0,708
1597988399154680064,1597988399408999936,2020-08-21 13:39:59.409000,3787.0,3800.0,3764.0,3765.0,nan,3781.320369,435323,16460957270.0,793367,3787.0,249,3786.0,39,3788.0,658,3785.0,654,3789.0,440,3784.0,299,3790.0,583,3783.0,290,3791.0,479,3782.0,708
1597988400151333120,1597988400420999936,2020-08-21 13:40:00.421000,3786.0,3800.0,3764.0,3765.0,nan,3781.320391,435325,16461032990.0,793369,3787.0,249,3786.0,37,3788.0,658,3785.0,654,3789.0,440,3784.0,299,3790.0,583,3783.0,290,3791.0,479,3782.0,708
1597988400637675008,1597988400937999872,2020-08-21 13:40:00.938000,3786.0,3800.0,3764.0,3765.0,nan,3781.320414,435327,16461108720.0,793369,3787.0,249,3786.0,91,3788.0,638,3785.0,654,3789.0,440,3784.0,299,3790.0,583,3783.0,290,3791.0,479,3782.0,709
1597988401110371072,1597988401428999936,2020-08-21 13:40:01.429000,3786.0,3800.0,3764.0,3765.0,nan,3781.320414,435327,16461108720.0,793369,3787.0,199,3786.0,178,3788.0,638,3785.0,654,3789.0,440,3784.0,299,3790.0,583,3783.0,290,3791.0,479,3782.0,709
1597988401612488960,1597988401930000128,2020-08-21 13:40:01.930000,3787.0,3800.0,3764.0,3765.0,nan,3781.320571,435339,16461563160.0,793357,3787.0,168,3786.0,218,3788.0,638,3785.0,654,3789.0,440,3784.0,299,3790.0,583,3783.0,290,3791.0,479,3782.0,709
1597988402161165056,1597988402413000192,2020-08-21 13:40:02.413000,3787.0,3800.0,3764.0,3765.0,nan,3781.320571,435339,16461563160.0,793357,3787.0,169,3786.0,220,3788.0,638,3785.0,655,3789.0,440,3784.0,299,3790.0,583,3783.0,290,3791.0,479,3782.0,709
1597988402616595968,1597988402918999808,2020-08-21 13:40:02.919000,3787.0,3800.0,3764.0,3765.0,nan,3781.320571,435339,16461563160.0,793357,3787.0,193,3786.0,220,3788.0,638,3785.0,655,3789.0,440,3784.0,299,3790.0,583,3783.0,290,3791.0,479,3782.0,709
1597988403151598080,1597988403432000000,2020-08-21 13:40:03.432000,3787.0,3800.0,3764.0,3765.0,nan,3781.320571,435339,16461563160.0,793357,3787.0,193,3786.0,221,3788.0,638,3785.0,655,3789.0,440,3784.0,299,3790.0,583,3783.0,290,3791.0,479,3782.0,709
1597988403650637056,1597988403924000000,2020-08-21 13:40:03.924000,3787.0,3800.0,3764.0,3765.0,nan,3781.320571,435339,16461563160.0,793357,3787.0,193,3786.0,219,3788.0,643,3785.0,655,3789.0,440,3784.0,299,3790.0,583,3783.0,290,3791.0,479,3782.0,709
1597988404169262080,1597988404694999808,2020-08-21 13:40:04.695000,3786.0,3800.0,3764.0,3765.0,nan,3781.320635,435345,16461790320.0,793362,3787.0,194,3786.0,212,3788.0,643,3785.0,655,3789.0,440,3784.0,299,3790.0,583,3783.0,290,3791.0,479,3782.0,709
1597988404653166080,1597988404903000064,2020-08-21 13:40:04.903000,3786.0,3800.0,3764.0,3765.0,nan,3781.320635,435345,16461790320.0,793362,3787.0,191,3786.0,137,3788.0,643,3785.0,655,3789.0,445,3784.0,299,3790.0,583,3783.0,290,3791.0,479,3782.0,709
1597988405165748992,1597988405420000000,2020-08-21 13:40:05.420000,3786.0,3800.0,3764.0,3765.0,nan,3781.320635,435345,16461790320.0,793362,3787.0,237,3786.0,105,3788.0,643,3785.0,656,3789.0,445,3784.0,299,3790.0,583,3783.0,290,3791.0,479,3782.0,709
1597988405633841920,1597988405897000192,2020-08-21 13:40:05.897000,3786.0,3800.0,3764.0,3765.0,nan,3781.320635,435345,16461790320.0,793362,3787.0,255,3786.0,105,3788.0,643,3785.0,656,3789.0,445,3784.0,299,3790.0,583,3783.0,290,3791.0,479,3782.0,709
1597988406157848064,1597988406427000064,2020-08-21 13:40:06.427000,3786.0,3800.0,3764.0,3765.0,nan,3781.320635,435345,16461790320.0,793362,3787.0,414,3786.0,86,3788.0,642,3785.0,656,3789.0,445,3784.0,299,3790.0,583,3783.0,290,3791.0,479,3782.0,709
1597988406623264000,1597988406927000064,2020-08-21 13:40:06.927000,3786.0,3800.0,3764.0,3765.0,nan,3781.320646,435346,16461828180.0,793362,3787.0,415,3786.0,85,3788.0,647,3785.0,656,3789.0,445,3784.0,299,3790.0,583,3783.0,290,3791.0,479,3782.0,709
1597988407131947008,1597988407437999872,2020-08-21 13:40:07.438000,3787.0,3800.0,3764.0,3765.0,nan,3781.320918,435370,16462736880.0,793374,3787.0,409,3786.0,68,3788.0,647,3785.0,656,3789.0,445,3784.0,299,3790.0,583,3783.0,290,3791.0,479,3782.0,709
1597988407633565952,1597988407897000192,2020-08-21 13:40:07.897000,3787.0,3800.0,3764.0,3765.0,nan,3781.320918,435370,16462736880.0,793374,3787.0,408,3786.0,68,3788.0,647,3785.0,656,3789.0,445,3784.0,299,3790.0,582,3783.0,290,3791.0,479,3782.0,709
1597988408188295936,1597988408431000064,2020-08-21 13:40:08.431000,3787.0,3800.0,3764.0,3765.0,nan,3781.320918,435370,16462736880.0,793374,3787.0,408,3786.0,68,3788.0,647,3785.0,656,3789.0,445,3784.0,294,3790.0,582,3783.0,290,3791.0,479,3782.0,709
1597988409635424000,1597988409904999936,2020-08-21 13:40:09.905000,3787.0,3800.0,3764.0,3765.0,nan,3781.320918,435370,16462736880.0,793374,3787.0,408,3786.0,69,3788.0,647,3785.0,656,3789.0,455,3784.0,294,3790.0,582,3783.0,290,3791.0,479,3782.0,709
1597988410115608064,1597988410403000064,2020-08-21 13:40:10.403000,3786.0,3800.0,3764.0,3765.0,nan,3781.320929,435371,16462774740.0,793374,3787.0,409,3786.0,67,3788.0,647,3785.0,656,3789.0,455,3784.0,294,3790.0,582,3783.0,290,3791.0,479,3782.0,709
1597988411634668032,1597988411924999936,2020-08-21 13:40:11.925000,3787.0,3800.0,3764.0,3765.0,nan,3781.32102,435378,16463039830.0,793374,3787.0,402,3786.0,67,3788.0,645,3785.0,656,3789.0,455,3784.0,294,3790.0,582,3783.0,290,3791.0,479,3782.0,709
1597988412138831872,1597988412411000064,2020-08-21 13:40:12.411000,3787.0,3800.0,3764.0,3765.0,nan,3781.32102,435378,16463039830.0,793374,3787.0,403,3786.0,68,3788.0,645,3785.0,656,3789.0,455,3784.0,294,3790.0,582,3783.0,290,3791.0,479,3782.0,709
1597988412670305024,1597988412930000128,2020-08-21 13:40:12.930000,3786.0,3800.0,3764.0,3765.0,nan,3781.321761,435447,16465652170.0,793431,3786.0,18,3785.0,656,3787.0,403,3784.0,295,3788.0,645,3783.0,290,3789.0,455,3782.0,709,3790.0,582,3781.0,441
1597988413146242048,1597988413426000128,2020-08-21 13:40:13.426000,3786.0,3800.0,3764.0,3765.0,nan,3781.321783,435449,16465727890.0,793432,3786.0,303,3785.0,657,3787.0,250,3784.0,296,3788.0,645,3783.0,290,3789.0,455,3782.0,709,3790.0,582,3781.0,441
1597988413674605056,1597988413916000000,2020-08-21 13:40:13.916000,3786.0,3800.0,3764.0,3765.0,nan,3781.321783,435449,16465727890.0,793432,3786.0,329,3785.0,655,3787.0,253,3784.0,296,3788.0,645,3783.0,290,3789.0,455,3782.0,709,3790.0,582,3781.0,441
1597988414159365120,1597988414356000000,2020-08-21 13:40:14.356000,3786.0,3800.0,3764.0,3765.0,nan,3781.321834,435454,16465917180.0,793436,3786.0,309,3785.0,654,3787.0,253,3784.0,296,3788.0,645,3783.0,290,3789.0,455,3782.0,709,3790.0,582,3781.0,441
1597988414650718976,1597988414920999936,2020-08-21 13:40:14.921000,3786.0,3800.0,3764.0,3765.0,nan,3781.321845,435455,16465955040.0,793436,3786.0,308,3785.0,654,3787.0,253,3784.0,296,3788.0,645,3783.0,290,3789.0,455,3782.0,709,3790.0,582,3781.0,441
1597988415142427904,1597988415437999872,2020-08-21 13:40:15.438000,3785.0,3800.0,3764.0,3765.0,nan,3781.321862,435457,16466030740.0,793436,3786.0,309,3785.0,652,3787.0,253,3784.0,296,3788.0,645,3783.0,290,3789.0,455,3782.0,709,3790.0,582,3781.0,441
1597988415704773888,1597988415935000064,2020-08-21 13:40:15.935000,3785.0,3800.0,3764.0,3765.0,nan,3781.321862,435457,16466030740.0,793436,3786.0,309,3785.0,654,3787.0,253,3784.0,296,3788.0,644,3783.0,290,3789.0,455,3782.0,709,3790.0,582,3781.0,441
1597988416132965120,1597988416325999872,2020-08-21 13:40:16.326000,3785.0,3800.0,3764.0,3765.0,nan,3781.32187,435458,16466068590.0,793436,3786.0,309,3785.0,652,3787.0,253,3784.0,296,3788.0,644,3783.0,290,3789.0,455,3782.0,709,3790.0,582,3781.0,441
1597988416628048896,1597988416935000064,2020-08-21 13:40:16.935000,3785.0,3800.0,3764.0,3765.0,nan,3781.32187,435458,16466068590.0,793436,3786.0,309,3785.0,653,3787.0,253,3784.0,296,3788.0,644,3783.0,290,3789.0,455,3782.0,709,3790.0,582,3781.0,441
1597988417649510912,1597988417892999936,2020-08-21 13:40:17.893000,3785.0,3800.0,3764.0,3765.0,nan,3781.321889,435460,16466144300.0,793437,3786.0,308,3785.0,652,3787.0,253,3784.0,296,3788.0,644,3783.0,290,3789.0,455,3782.0,709,3790.0,592,3781.0,441
1597988418155264000,1597988418427000064,2020-08-21 13:40:18.427000,3786.0,3800.0,3764.0,3765.0,nan,3781.321909,435462,16466220010.0,793437,3786.0,307,3785.0,651,3787.0,253,3784.0,296,3788.0,644,3783.0,290,3789.0,455,3782.0,709,3790.0,592,3781.0,441
1597988418632340992,1597988418917999872,2020-08-21 13:40:18.918000,3786.0,3800.0,3764.0,3765.0,nan,3781.321995,435470,16466522890.0,793437,3786.0,299,3785.0,651,3787.0,253,3784.0,296,3788.0,644,3783.0,290,3789.0,455,3782.0,709,3790.0,592,3781.0,441
1597988420135734016,1597988420433000192,2020-08-21 13:40:20.433000,3786.0,3800.0,3764.0,3765.0,nan,3781.321995,435470,16466522890.0,793437,3786.0,300,3785.0,651,3787.0,253,3784.0,297,3788.0,644,3783.0,290,3789.0,455,3782.0,709,3790.0,591,3781.0,441
1597988420618579968,1597988420932000000,2020-08-21 13:40:20.932000,3786.0,3800.0,3764.0,3765.0,nan,3781.322014,435472,16466598600.0,793436,3786.0,299,3785.0,650,3787.0,253,3784.0,297,3788.0,644,3783.0,290,3789.0,455,3782.0,709,3790.0,591,3781.0,441
1597988421632604928,1597988421928000000,2020-08-21 13:40:21.928000,3786.0,3800.0,3764.0,3765.0,nan,3781.322033,435474,16466674310.0,793437,3786.0,298,3785.0,649,3787.0,253,3784.0,297,3788.0,645,3783.0,290,3789.0,455,3782.0,709,3790.0,591,3781.0,441
1597988422119096064,1597988422401999872,2020-08-21 13:40:22.402000,3786.0,3800.0,3764.0,3765.0,nan,3781.322033,435474,16466674310.0,793437,3786.0,298,3785.0,648,3787.0,253,3784.0,297,3788.0,645,3783.0,290,3789.0,455,3782.0,709,3790.0,591,3781.0,441
1597988422674086912,1597988422921999872,2020-08-21 13:40:22.922000,3786.0,3800.0,3764.0,3765.0,nan,3781.322044,435475,16466712170.0,793438,3786.0,300,3785.0,648,3787.0,253,3784.0,297,3788.0,630,3783.0,287,3789.0,455,3782.0,709,3790.0,591,3781.0,441
1597988423146164992,1597988423430000128,2020-08-21 13:40:23.430000,3785.0,3800.0,3764.0,3765.0,nan,3781.322063,435477,16466787880.0,793437,3786.0,299,3785.0,647,3787.0,253,3784.0,297,3788.0,630,3783.0,287,3789.0,455,3782.0,709,3790.0,591,3781.0,441
1597988424219778048,1597988424434000128,2020-08-21 13:40:24.434000,3785.0,3800.0,3764.0,3765.0,nan,3781.32208,435479,16466863580.0,793437,3786.0,299,3785.0,647,3787.0,253,3784.0,297,3788.0,630,3783.0,287,3789.0,455,3782.0,709,3790.0,591,3781.0,441
1597988424650905088,1597988424924000000,2020-08-21 13:40:24.924000,3785.0,3800.0,3764.0,3765.0,nan,3781.322122,435484,16467052830.0,793432,3786.0,299,3785.0,642,3787.0,253,3784.0,297,3788.0,630,3783.0,287,3789.0,455,3782.0,709,3790.0,591,3781.0,441
1597988425142550016,1597988425424999936,2020-08-21 13:40:25.425000,3785.0,3800.0,3764.0,3765.0,nan,3781.322232,435497,16467544880.0,793424,3786.0,303,3785.0,629,3787.0,253,3784.0,297,3788.0,630,3783.0,287,3789.0,455,3782.0,709,3790.0,591,3781.0,441
1597988425621199872,1597988425930000128,2020-08-21 13:40:25.930000,3786.0,3800.0,3764.0,3765.0,nan,3781.322339,435507,16467923480.0,793420,3786.0,293,3785.0,629,3787.0,253,3784.0,304,3788.0,630,3783.0,287,3789.0,455,3782.0,709,3790.0,591,3781.0,441
1597988426267066112,1597988426431000064,2020-08-21 13:40:26.431000,3786.0,3800.0,3764.0,3765.0,nan,3781.322393,435512,16468112780.0,793415,3786.0,288,3785.0,629,3787.0,253,3784.0,304,3788.0,630,3783.0,287,3789.0,455,3782.0,709,3790.0,591,3781.0,441
1597988426754630912,1597988426934000128,2020-08-21 13:40:26.934000,3785.0,3800.0,3764.0,3765.0,nan,3781.322401,435513,16468150630.0,793414,3786.0,269,3785.0,628,3787.0,253,3784.0,304,3788.0,615,3783.0,288,3789.0,455,3782.0,709,3790.0,591,3781.0,441
1597988427142116096,1597988427434000128,2020-08-21 13:40:27.434000,3785.0,3800.0,3764.0,3765.0,nan,3781.32241,435514,16468188480.0,793414,3786.0,269,3785.0,627,3787.0,253,3784.0,304,3788.0,615,3783.0,288,3789.0,455,3782.0,709,3790.0,591,3781.0,441
1597988427622336000,1597988427918999808,2020-08-21 13:40:27.919000,3785.0,3800.0,3764.0,3765.0,nan,3781.32241,435514,16468188480.0,793414,3786.0,269,3785.0,628,3787.0,257,3784.0,304,3788.0,615,3783.0,388,3789.0,455,3782.0,709,3790.0,591,3781.0,441
1597988428122616064,1597988428412000000,2020-08-21 13:40:28.412000,3785.0,3800.0,3764.0,3765.0,nan,3781.322579,435530,16468794230.0,793414,3786.0,254,3785.0,627,3787.0,257,3784.0,304,3788.0,616,3783.0,388,3789.0,455,3782.0,709,3790.0,591,3781.0,441
1597988428613246976,1597988428924999936,2020-08-21 13:40:28.925000,3785.0,3800.0,3764.0,3765.0,nan,3781.322579,435530,16468794230.0,793414,3786.0,230,3785.0,634,3787.0,257,3784.0,306,3788.0,616,3783.0,388,3789.0,455,3782.0,710,3790.0,591,3781.0,441
1597988429132076032,1597988429424999936,2020-08-21 13:40:29.425000,3785.0,3800.0,3764.0,3765.0,nan,3781.322605,435533,16468907780.0,793411,3786.0,229,3785.0,632,3787.0,257,3784.0,306,3788.0,616,3783.0,388,3789.0,455,3782.0,710,3790.0,591,3781.0,441
1597988429607694080,1597988429936999936,2020-08-21 13:40:29.937000,3785.0,3800.0,3764.0,3765.0,nan,3781.322605,435533,16468907780.0,793411,3786.0,229,3785.0,632,3787.0,255,3784.0,306,3788.0,616,3783.0,388,3789.0,455,3782.0,710,3790.0,591,3781.0,441
1597988430132947968,1597988430434000128,2020-08-21 13:40:30.434000,3785.0,3800.0,3764.0,3765.0,nan,3781.322605,435533,16468907780.0,793411,3786.0,230,3785.0,638,3787.0,255,3784.0,306,3788.0,616,3783.0,388,3789.0,456,3782.0,710,3790.0,591,3781.0,441
1597988431114511872,1597988431431000064,2020-08-21 13:40:31.431000,3785.0,3800.0,3764.0,3765.0,nan,3781.322622,435535,16468983480.0,793409,3786.0,231,3785.0,636,3787.0,255,3784.0,306,3788.0,616,3783.0,388,3789.0,456,3782.0,710,3790.0,591,3781.0,442
1597988431637486080,1597988431912000000,2020-08-21 13:40:31.912000,3785.0,3800.0,3764.0,3765.0,nan,3781.322622,435535,16468983480.0,793409,3786.0,238,3785.0,636,3787.0,255,3784.0,306,3788.0,616,3783.0,387,3789.0,456,3782.0,710,3790.0,591,3781.0,442
1597988432136744960,1597988432428000000,2020-08-21 13:40:32.428000,3785.0,3800.0,3764.0,3765.0,nan,3781.322622,435535,16468983480.0,793409,3786.0,238,3785.0,636,3787.0,255,3784.0,306,3788.0,611,3783.0,387,3789.0,456,3782.0,710,3790.0,591,3781.0,442
1597988432622660096,1597988432936999936,2020-08-21 13:40:32.937000,3786.0,3800.0,3764.0,3765.0,nan,3781.322632,435536,16469021340.0,793410,3786.0,238,3785.0,636,3787.0,255,3784.0,306,3788.0,611,3783.0,387,3789.0,456,3782.0,710,3790.0,591,3781.0,442
1597988433136706048,1597988433437999872,2020-08-21 13:40:33.438000,3785.0,3800.0,3764.0,3765.0,nan,3781.323748,435641,16472996590.0,793435,3786.0,138,3785.0,631,3787.0,255,3784.0,306,3788.0,611,3783.0,387,3789.0,456,3782.0,710,3790.0,591,3781.0,442
1597988433618381056,1597988433934000128,2020-08-21 13:40:33.934000,3785.0,3800.0,3764.0,3765.0,nan,3781.323748,435641,16472996590.0,793435,3786.0,129,3785.0,632,3787.0,255,3784.0,306,3788.0,611,3783.0,387,3789.0,456,3782.0,710,3790.0,591,3781.0,442
1597988434125030912,1597988434405999872,2020-08-21 13:40:34.406000,3785.0,3800.0,3764.0,3765.0,nan,3781.323757,435642,16473034440.0,793436,3786.0,129,3785.0,632,3787.0,255,3784.0,306,3788.0,611,3783.0,387,3789.0,456,3782.0,710,3790.0,591,3781.0,442
1597988434623612928,1597988434923000064,2020-08-21 13:40:34.923000,3786.0,3800.0,3764.0,3765.0,nan,3781.323767,435643,16473072300.0,793436,3786.0,129,3785.0,632,3787.0,255,3784.0,306,3788.0,611,3783.0,387,3789.0,456,3782.0,710,3790.0,591,3781.0,442
1597988435129611008,1597988435428999936,2020-08-21 13:40:35.429000,3785.0,3800.0,3764.0,3765.0,nan,3781.32386,435654,16473488650.0,793441,3786.0,135,3785.0,621,3787.0,256,3784.0,306,3788.0,611,3783.0,387,3789.0,456,3782.0,710,3790.0,591,3781.0,442
1597988435617896960,1597988435910000128,2020-08-21 13:40:35.910000,3785.0,3800.0,3764.0,3765.0,nan,3781.32386,435654,16473488650.0,793441,3786.0,146,3785.0,619,3787.0,256,3784.0,306,3788.0,611,3783.0,387,3789.0,456,3782.0,710,3790.0,591,3781.0,442
1597988436171031040,1597988436435000064,2020-08-21 13:40:36.435000,3785.0,3800.0,3764.0,3765.0,nan,3781.32386,435654,16473488650.0,793441,3786.0,152,3785.0,619,3787.0,256,3784.0,306,3788.0,611,3783.0,387,3789.0,456,3782.0,710,3790.0,591,3781.0,447
1597988436621018112,1597988436894000128,2020-08-21 13:40:36.894000,3785.0,3800.0,3764.0,3765.0,nan,3781.32386,435654,16473488650.0,793441,3786.0,145,3785.0,619,3787.0,255,3784.0,306,3788.0,611,3783.0,387,3789.0,456,3782.0,710,3790.0,591,3781.0,447
1597988437113095936,1597988437357000192,2020-08-21 13:40:37.357000,3786.0,3800.0,3764.0,3765.0,nan,3781.325427,435800,16479016210.0,793308,3787.0,255,3786.0,289,3788.0,611,3785.0,620,3789.0,457,3784.0,306,3790.0,591,3783.0,387,3791.0,484,3782.0,710
1597988437619954944,1597988437937999872,2020-08-21 13:40:37.938000,3786.0,3800.0,3764.0,3765.0,nan,3781.325427,435800,16479016210.0,793308,3787.0,210,3786.0,303,3788.0,611,3785.0,619,3789.0,462,3784.0,311,3790.0,586,3783.0,387,3791.0,484,3782.0,710
1597988438153456128,1597988438430000128,2020-08-21 13:40:38.430000,3786.0,3800.0,3764.0,3765.0,nan,3781.325427,435800,16479016210.0,793308,3787.0,193,3786.0,303,3788.0,611,3785.0,619,3789.0,462,3784.0,311,3790.0,586,3783.0,387,3791.0,484,3782.0,710
1597988438615809024,1597988438938999808,2020-08-21 13:40:38.939000,3786.0,3800.0,3764.0,3765.0,nan,3781.325427,435800,16479016210.0,793308,3787.0,189,3786.0,303,3788.0,611,3785.0,619,3789.0,462,3784.0,311,3790.0,586,3783.0,587,3791.0,484,3782.0,710
1597988439140496896,1597988439433000192,2020-08-21 13:40:39.433000,3786.0,3800.0,3764.0,3765.0,nan,3781.325448,435802,16479091930.0,793306,3787.0,189,3786.0,301,3788.0,611,3785.0,619,3789.0,463,3784.0,311,3790.0,586,3783.0,588,3791.0,484,3782.0,710
1597988439625913088,1597988439926000128,2020-08-21 13:40:39.926000,3786.0,3800.0,3764.0,3765.0,nan,3781.325448,435802,16479091930.0,793306,3787.0,185,3786.0,301,3788.0,611,3785.0,619,3789.0,463,3784.0,311,3790.0,586,3783.0,588,3791.0,484,3782.0,710
1597988440638898944,1597988440938999808,2020-08-21 13:40:40.939000,3786.0,3800.0,3764.0,3765.0,nan,3781.325459,435803,16479129790.0,793305,3787.0,185,3786.0,300,3788.0,611,3785.0,623,3789.0,463,3784.0,311,3790.0,587,3783.0,588,3791.0,484,3782.0,710
1597988441627801088,1597988441924000000,2020-08-21 13:40:41.924000,3786.0,3800.0,3764.0,3765.0,nan,3781.325523,435809,16479356950.0,793305,3787.0,186,3786.0,294,3788.0,611,3785.0,623,3789.0,463,3784.0,311,3790.0,587,3783.0,588,3791.0,484,3782.0,710
1597988442151403008,1597988442428000000,2020-08-21 13:40:42.428000,3786.0,3800.0,3764.0,3765.0,nan,3781.325608,435816,16479622010.0,793305,3787.0,182,3786.0,291,3788.0,611,3785.0,622,3789.0,463,3784.0,311,3790.0,587,3783.0,588,3791.0,484,3782.0,710
1597988442629967872,1597988442924000000,2020-08-21 13:40:42.924000,3786.0,3800.0,3764.0,3765.0,nan,3781.325608,435816,16479622010.0,793305,3787.0,183,3786.0,292,3788.0,611,3785.0,622,3789.0,463,3784.0,311,3790.0,587,3783.0,588,3791.0,484,3782.0,710
1597988443643780096,1597988443938999808,2020-08-21 13:40:43.939000,3786.0,3800.0,3764.0,3765.0,nan,3781.325608,435816,16479622010.0,793305,3787.0,183,3786.0,293,3788.0,611,3785.0,622,3789.0,463,3784.0,311,3790.0,587,3783.0,588,3791.0,484,3782.0,710
1597988444160902912,1597988444435000064,2020-08-21 13:40:44.435000,3786.0,3800.0,3764.0,3765.0,nan,3781.325618,435817,16479659870.0,793305,3787.0,183,3786.0,292,3788.0,611,3785.0,622,3789.0,463,3784.0,311,3790.0,587,3783.0,588,3791.0,484,3782.0,710
1597988445142032896,1597988445427000064,2020-08-21 13:40:45.427000,3786.0,3800.0,3764.0,3765.0,nan,3781.325618,435817,16479659870.0,793305,3787.0,182,3786.0,292,3788.0,612,3785.0,622,3789.0,463,3784.0,311,3790.0,585,3783.0,588,3791.0,484,3782.0,710
1597988445619685120,1597988445926000128,2020-08-21 13:40:45.926000,3786.0,3800.0,3764.0,3765.0,nan,3781.325618,435817,16479659870.0,793305,3787.0,183,3786.0,294,3788.0,612,3785.0,622,3789.0,463,3784.0,311,3790.0,585,3783.0,588,3791.0,484,3782.0,709
1597988446616907008,1597988446924999936,2020-08-21 13:40:46.925000,3786.0,3800.0,3764.0,3765.0,nan,3781.32576,435830,16480152060.0,793306,3787.0,182,3786.0,282,3788.0,612,3785.0,622,3789.0,463,3784.0,311,3790.0,585,3783.0,588,3791.0,484,3782.0,709
1597988447113671936,1597988447360999936,2020-08-21 13:40:47.361000,3787.0,3800.0,3764.0,3765.0,nan,3781.325773,435831,16480189930.0,793307,3787.0,181,3786.0,283,3788.0,612,3785.0,622,3789.0,463,3784.0,311,3790.0,585,3783.0,588,3791.0,484,3782.0,709
1597988448121868032,1597988448424999936,2020-08-21 13:40:48.425000,3786.0,3800.0,3764.0,3765.0,nan,3781.325784,435832,16480227790.0,793306,3787.0,181,3786.0,282,3788.0,612,3785.0,622,3789.0,463,3784.0,311,3790.0,585,3783.0,588,3791.0,484,3782.0,709
1597988448637990912,1597988448924999936,2020-08-21 13:40:48.925000,3786.0,3800.0,3764.0,3765.0,nan,3781.325795,435833,16480265650.0,793306,3787.0,181,3786.0,281,3788.0,612,3785.0,622,3789.0,463,3784.0,311,3790.0,585,3783.0,588,3791.0,484,3782.0,709
1597988449618423040,1597988449894000128,2020-08-21 13:40:49.894000,3787.0,3800.0,3764.0,3765.0,nan,3781.326055,435853,16481023050.0,793320,3787.0,161,3786.0,281,3788.0,612,3785.0,622,3789.0,463,3784.0,311,3790.0,585,3783.0,588,3791.0,484,3782.0,709
1597988450149212928,1597988450418999808,2020-08-21 13:40:50.419000,3787.0,3800.0,3764.0,3765.0,nan,3781.326055,435853,16481023050.0,793320,3787.0,202,3786.0,289,3788.0,612,3785.0,622,3789.0,463,3784.0,311,3790.0,585,3783.0,588,3791.0,484,3782.0,709
1597988450604151040,1597988450928000000,2020-08-21 13:40:50.928000,3787.0,3800.0,3764.0,3765.0,nan,3781.326055,435853,16481023050.0,793320,3787.0,218,3786.0,289,3788.0,612,3785.0,622,3789.0,463,3784.0,311,3790.0,585,3783.0,588,3791.0,484,3782.0,709
1597988451614688000,1597988451933000192,2020-08-21 13:40:51.933000,3786.0,3800.0,3764.0,3765.0,nan,3781.326066,435854,16481060910.0,793320,3787.0,218,3786.0,288,3788.0,612,3785.0,619,3789.0,463,3784.0,310,3790.0,585,3783.0,588,3791.0,484,3782.0,709
1597988452625881088,1597988452930000128,2020-08-21 13:40:52.930000,3786.0,3800.0,3764.0,3765.0,nan,3781.32613,435860,16481288070.0,793314,3787.0,203,3786.0,282,3788.0,612,3785.0,619,3789.0,463,3784.0,310,3790.0,585,3783.0,588,3791.0,484,3782.0,709
1597988453151493888,1597988453424999936,2020-08-21 13:40:53.425000,3786.0,3800.0,3764.0,3765.0,nan,3781.32613,435860,16481288070.0,793314,3787.0,211,3786.0,282,3788.0,612,3785.0,619,3789.0,463,3784.0,310,3790.0,585,3783.0,588,3791.0,484,3782.0,709
1597988453636438016,1597988453932000000,2020-08-21 13:40:53.932000,3786.0,3800.0,3764.0,3765.0,nan,3781.32613,435860,16481288070.0,793314,3787.0,220,3786.0,274,3788.0,612,3785.0,619,3789.0,463,3784.0,310,3790.0,585,3783.0,588,3791.0,484,3782.0,709
1597988454126816000,1597988454428000000,2020-08-21 13:40:54.428000,3786.0,3800.0,3764.0,3765.0,nan,3781.326141,435861,16481325930.0,793314,3787.0,224,3786.0,273,3788.0,612,3785.0,619,3789.0,463,3784.0,310,3790.0,582,3783.0,588,3791.0,484,3782.0,709
1597988454645476096,1597988454931000064,2020-08-21 13:40:54.931000,3786.0,3800.0,3764.0,3765.0,nan,3781.326141,435861,16481325930.0,793314,3787.0,224,3786.0,278,3788.0,612,3785.0,619,3789.0,463,3784.0,310,3790.0,582,3783.0,588,3791.0,484,3782.0,709
1597988455138512896,1597988455435000064,2020-08-21 13:40:55.435000,3787.0,3800.0,3764.0,3765.0,nan,3781.326154,435862,16481363800.0,793313,3787.0,223,3786.0,278,3788.0,612,3785.0,619,3789.0,463,3784.0,310,3790.0,582,3783.0,588,3791.0,484,3782.0,709
1597988455615547904,1597988455936999936,2020-08-21 13:40:55.937000,3786.0,3800.0,3764.0,3765.0,nan,3781.326164,435863,16481401660.0,793312,3787.0,224,3786.0,278,3788.0,612,3785.0,619,3789.0,463,3784.0,310,3790.0,582,3783.0,588,3791.0,484,3782.0,709
1597988457125012992,1597988457434000128,2020-08-21 13:40:57.434000,3786.0,3800.0,3764.0,3765.0,nan,3781.326175,435864,16481439520.0,793312,3787.0,234,3786.0,277,3788.0,612,3785.0,619,3789.0,463,3784.0,310,3790.0,582,3783.0,588,3791.0,484,3782.0,709
1597988457605079040,1597988457931000064,2020-08-21 13:40:57.931000,3786.0,3800.0,3764.0,3765.0,nan,3781.326443,435889,16482386020.0,793312,3787.0,249,3786.0,252,3788.0,612,3785.0,619,3789.0,463,3784.0,310,3790.0,582,3783.0,588,3791.0,484,3782.0,709
1597988458114267904,1597988458434000128,2020-08-21 13:40:58.434000,3786.0,3800.0,3764.0,3765.0,nan,3781.326454,435890,16482423880.0,793311,3787.0,257,3786.0,251,3788.0,612,3785.0,619,3789.0,463,3784.0,310,3790.0,582,3783.0,588,3791.0,484,3782.0,709
1597988458625326080,1597988458926000128,2020-08-21 13:40:58.926000,3786.0,3800.0,3764.0,3765.0,nan,3781.326454,435890,16482423880.0,793311,3787.0,249,3786.0,251,3788.0,612,3785.0,619,3789.0,463,3784.0,310,3790.0,582,3783.0,588,3791.0,484,3782.0,709
1597988459620602880,1597988459904000000,2020-08-21 13:40:59.904000,3786.0,3800.0,3764.0,3765.0,nan,3781.326454,435890,16482423880.0,793311,3787.0,249,3786.0,251,3788.0,612,3785.0,619,3789.0,463,3784.0,310,3790.0,577,3783.0,588,3791.0,484,3782.0,709
1597988460145264896,1597988460424999936,2020-08-21 13:41:00.425000,3786.0,3800.0,3764.0,3765.0,nan,3781.326454,435890,16482423880.0,793311,3787.0,252,3786.0,251,3788.0,612,3785.0,619,3789.0,463,3784.0,310,3790.0,577,3783.0,588,3791.0,484,3782.0,709
1597988461114289920,1597988461427000064,2020-08-21 13:41:01.427000,3786.0,3800.0,3764.0,3765.0,nan,3781.326486,435893,16482537460.0,793308,3787.0,252,3786.0,248,3788.0,612,3785.0,619,3789.0,463,3784.0,310,3790.0,577,3783.0,588,3791.0,484,3782.0,709
1597988461626212096,1597988461891000064,2020-08-21 13:41:01.891000,3787.0,3800.0,3764.0,3765.0,nan,3781.327905,436004,16486740920.0,793323,3787.0,162,3786.0,237,3788.0,612,3785.0,619,3789.0,463,3784.0,310,3790.0,577,3783.0,588,3791.0,484,3782.0,714
1597988462170605056,1597988462420999936,2020-08-21 13:41:02.421000,3786.0,3800.0,3764.0,3765.0,nan,3781.327929,436006,16486816650.0,793323,3787.0,167,3786.0,244,3788.0,612,3785.0,619,3789.0,463,3784.0,310,3790.0,577,3783.0,588,3791.0,484,3782.0,714
1597988462630985984,1597988462911000064,2020-08-21 13:41:02.911000,3786.0,3800.0,3764.0,3765.0,nan,3781.327961,436009,16486930230.0,793321,3787.0,167,3786.0,241,3788.0,612,3785.0,619,3789.0,463,3784.0,310,3790.0,577,3783.0,588,3791.0,484,3782.0,714
1597988463130115072,1597988463430000128,2020-08-21 13:41:03.430000,3786.0,3800.0,3764.0,3765.0,nan,3781.327993,436012,16487043810.0,793321,3787.0,167,3786.0,238,3788.0,612,3785.0,619,3789.0,463,3784.0,310,3790.0,577,3783.0,588,3791.0,484,3782.0,714
