local_nano_time,quote_nano_time,datetime,last_price,highest,lowest,open,close,average,volume,amount,open_interest,ask_price1,ask_volume1,bid_price1,bid_volume1,ask_price2,ask_volume2,bid_price2,bid_volume2,ask_price3,ask_volume3,bid_price3,bid_volume3,ask_price4,ask_volume4,bid_price4,bid_volume4,ask_price5,ask_volume5,bid_price5,bid_volume5
1597988226224166912,1597988226000001024,2020-08-21 13:37:06.000001,3730.0,3750.0,3716.0,3728.0,nan,3730.0,451986,8429538900.0,1262352,3732.0,659,3730.0,920,nan,0,nan,0,nan,0,nan,0,nan,0,nan,0,nan,0,nan,0
1597988226695358976,1597988227000000000,2020-08-21 13:37:07.000000,3730.0,3750.0,3716.0,3728.0,nan,3730.0,451986,8429538900.0,1262352,3732.0,659,3730.0,924,nan,0,nan,0,nan,0,nan,0,nan,0,nan,0,nan,0,nan,0
1597988227201100032,1597988227000001024,2020-08-21 13:37:07.000001,3730.0,3750.0,3716.0,3728.0,nan,3730.0,451986,8429538900.0,1262352,3732.0,659,3730.0,925,nan,0,nan,0,nan,0,nan,0,nan,0,nan,0,nan,0,nan,0
1597988227700066048,1597988228000000000,2020-08-21 13:37:08.000000,3732.0,3750.0,3716.0,3728.0,nan,3730.0,451987,8429557550.0,1262352,3732.0,659,3730.0,925,nan,0,nan,0,nan,0,nan,0,nan,0,nan,0,nan,0,nan,0
1597988228201594112,1597988228000001024,2020-08-21 13:37:08.000001,3732.0,3750.0,3716.0,3728.0,nan,3730.0,451987,8429557550.0,1262352,3732.0,675,3730.0,930,nan,0,nan,0,nan,0,nan,0,nan,0,nan,0,nan,0,nan,0
1597988229201783040,1597988229000001024,2020-08-21 13:37:09.000001,3732.0,3750.0,3716.0,3728.0,nan,3730.0,451989,8429594850.0,1262353,3732.0,674,3730.0,929,nan,0,nan,0,nan,0,nan,0,nan,0,nan,0,nan,0,nan,0
1597988229707453952,1597988230000000000,2020-08-21 13:37:10.000000,3732.0,3750.0,3716.0,3728.0,nan,3730.0,451989,8429594850.0,1262353,3732.0,677,3730.0,932,nan,0,nan,0,nan,0,nan,0,nan,0,nan,0,nan,0,nan,0
1597988230240115968,1597988230000001024,2020-08-21 13:37:10.000001,3730.0,3750.0,3716.0,3728.0,nan,3730.0,451993,8429669450.0,1262355,3732.0,677,3730.0,929,nan,0,nan,0,nan,0,nan,0,nan,0,nan,0,nan,0,nan,0
1597988230709720064,1597988231000000000,2020-08-21 13:37:11.000000,3730.0,3750.0,3716.0,3728.0,nan,3730.0,451993,8429669450.0,1262355,3732.0,684,3730.0,929,nan,0,nan,0,nan,0,nan,0,nan,0,nan,0,nan,0,nan,0
1597988231203774976,1597988231000001024,2020-08-21 13:37:11.000001,3730.0,3750.0,3716.0,3728.0,nan,3730.0,451993,8429669450.0,1262355,3732.0,684,3730.0,932,nan,0,nan,0,nan,0,nan,0,nan,0,nan,0,nan,0,nan,0
1597988231710543872,1597988232000000000,2020-08-21 13:37:12.000000,3730.0,3750.0,3716.0,3728.0,nan,3730.0,451993,8429669450.0,1262355,3732.0,685,3730.0,932,nan,0,nan,0,nan,0,nan,0,nan,0,nan,0,nan,0,nan,0
1597988232211766016,1597988232000001024,2020-08-21 13:37:12.000001,3732.0,3750.0,3716.0,3728.0,nan,3730.0,451995,8429706750.0,1262356,3732.0,692,3730.0,913,nan,0,nan,0,nan,0,nan,0,nan,0,nan,0,nan,0,nan,0
1597988232703077888,1597988233000000000,2020-08-21 13:37:13.000000,3732.0,3750.0,3716.0,3728.0,nan,3730.0,451995,8429706750.0,1262356,3732.0,702,3730.0,954,nan,0,nan,0,nan,0,nan,0,nan,0,nan,0,nan,0,nan,0
1597988233201519104,1597988233000001024,2020-08-21 13:37:13.000001,3730.0,3750.0,3716.0,3728.0,nan,3730.0,451997,8429744050.0,1262356,3732.0,711,3730.0,953,nan,0,nan,0,nan,0,nan,0,nan,0,nan,0,nan,0,nan,0
1597988234708080896,1597988235000000000,2020-08-21 13:37:15.000000,3730.0,3750.0,3716.0,3728.0,nan,3730.0,451997,8429744050.0,1262356,3732.0,714,3730.0,954,nan,0,nan,0,nan,0,nan,0,nan,0,nan,0,nan,0,nan,0
1597988235212160000,1597988235000001024,2020-08-21 13:37:15.000001,3730.0,3750.0,3716.0,3728.0,nan,3730.0,451999,8429781350.0,1262356,3732.0,716,3730.0,952,nan,0,nan,0,nan,0,nan,0,nan,0,nan,0,nan,0,nan,0
1597988235857760000,1597988236000000000,2020-08-21 13:37:16.000000,3730.0,3750.0,3716.0,3728.0,nan,3730.0,451999,8429781350.0,1262356,3732.0,722,3730.0,952,nan,0,nan,0,nan,0,nan,0,nan,0,nan,0,nan,0,nan,0
1597988236717426944,1597988237000000000,2020-08-21 13:37:17.000000,3730.0,3750.0,3716.0,3728.0,nan,3730.0,451999,8429781350.0,1262356,3732.0,731,3730.0,952,nan,0,nan,0,nan,0,nan,0,nan,0,nan,0,nan,0,nan,0
1597988237214161920,1597988237000001024,2020-08-21 13:37:17.000001,3732.0,3750.0,3716.0,3728.0,nan,3730.0,452001,8429818650.0,1262358,3732.0,729,3730.0,952,nan,0,nan,0,nan,0,nan,0,nan,0,nan,0,nan,0,nan,0
1597988237713830912,1597988238000000000,2020-08-21 13:37:18.000000,3732.0,3750.0,3716.0,3728.0,nan,3730.0,452001,8429818650.0,1262358,3732.0,744,3730.0,952,nan,0,nan,0,nan,0,nan,0,nan,0,nan,0,nan,0,nan,0
1597988238233655040,1597988238000001024,2020-08-21 13:37:18.000001,3732.0,3750.0,3716.0,3728.0,nan,3730.0,452001,8429818650.0,1262358,3732.0,744,3730.0,953,nan,0,nan,0,nan,0,nan,0,nan,0,nan,0,nan,0,nan,0
1597988238707522048,1597988239000000000,2020-08-21 13:37:19.000000,3732.0,3750.0,3716.0,3728.0,nan,3730.0,452005,8429893250.0,1262360,3732.0,744,3730.0,956,nan,0,nan,0,nan,0,nan,0,nan,0,nan,0,nan,0,nan,0
1597988239198415872,1597988239000001024,2020-08-21 13:37:19.000001,3732.0,3750.0,3716.0,3728.0,nan,3730.0,452006,8429911900.0,1262361,3732.0,786,3730.0,956,nan,0,nan,0,nan,0,nan,0,nan,0,nan,0,nan,0,nan,0
1597988239704092928,1597988240000000000,2020-08-21 13:37:20.000000,3732.0,3750.0,3716.0,3728.0,nan,3730.0,452007,8429930550.0,1262362,3732.0,785,3730.0,965,nan,0,nan,0,nan,0,nan,0,nan,0,nan,0,nan,0,nan,0
1597988240197554944,1597988240000001024,2020-08-21 13:37:20.000001,3732.0,3750.0,3716.0,3728.0,nan,3730.0,452008,8429949200.0,1262362,3732.0,788,3730.0,966,nan,0,nan,0,nan,0,nan,0,nan,0,nan,0,nan,0,nan,0
1597988240706768896,1597988241000000000,2020-08-21 13:37:21.000000,3732.0,3750.0,3716.0,3728.0,nan,3730.0,452008,8429949200.0,1262362,3732.0,789,3730.0,986,nan,0,nan,0,nan,0,nan,0,nan,0,nan,0,nan,0,nan,0
1597988241203984896,1597988241000001024,2020-08-21 13:37:21.000001,3732.0,3750.0,3716.0,3728.0,nan,3730.0,452008,8429949200.0,1262362,3732.0,811,3730.0,986,nan,0,nan,0,nan,0,nan,0,nan,0,nan,0,nan,0,nan,0
1597988242208083968,1597988242000001024,2020-08-21 13:37:22.000001,3732.0,3750.0,3716.0,3728.0,nan,3730.0,452008,8429949200.0,1262362,3732.0,812,3730.0,986,nan,0,nan,0,nan,0,nan,0,nan,0,nan,0,nan,0,nan,0
1597988242700698112,1597988243000000000,2020-08-21 13:37:23.000000,3732.0,3750.0,3716.0,3728.0,nan,3730.0,452009,8429967850.0,1262363,3732.0,811,3730.0,986,nan,0,nan,0,nan,0,nan,0,nan,0,nan,0,nan,0,nan,0
1597988243203406080,1597988243000001024,2020-08-21 13:37:23.000001,3732.0,3750.0,3716.0,3728.0,nan,3730.0,452009,8429967850.0,1262363,3732.0,811,3730.0,987,nan,0,nan,0,nan,0,nan,0,nan,0,nan,0,nan,0,nan,0
1597988243705602048,1597988244000000000,2020-08-21 13:37:24.000000,3732.0,3750.0,3716.0,3728.0,nan,3730.0,452009,8429967850.0,1262363,3732.0,811,3730.0,1001,nan,0,nan,0,nan,0,nan,0,nan,0,nan,0,nan,0,nan,0
1597988244214332928,1597988244000001024,2020-08-21 13:37:24.000001,3732.0,3750.0,3716.0,3728.0,nan,3730.0,452013,8430042450.0,1262367,3732.0,805,3730.0,1001,nan,0,nan,0,nan,0,nan,0,nan,0,nan,0,nan,0,nan,0
1597988244719879936,1597988245000000000,2020-08-21 13:37:25.000000,3730.0,3750.0,3716.0,3728.0,nan,3730.0,452015,8430079750.0,1262369,3732.0,803,3730.0,999,nan,0,nan,0,nan,0,nan,0,nan,0,nan,0,nan,0,nan,0
1597988245242405888,1597988245000001024,2020-08-21 13:37:25.000001,3732.0,3750.0,3716.0,3728.0,nan,3730.0,452016,8430098400.0,1262370,3732.0,802,3730.0,999,nan,0,nan,0,nan,0,nan,0,nan,0,nan,0,nan,0,nan,0
1597988245710895104,1597988246000000000,2020-08-21 13:37:26.000000,3732.0,3750.0,3716.0,3728.0,nan,3730.0,452018,8430135700.0,1262372,3732.0,803,3730.0,1007,nan,0,nan,0,nan,0,nan,0,nan,0,nan,0,nan,0,nan,0
1597988246227025920,1597988246000001024,2020-08-21 13:37:26.000001,3732.0,3750.0,3716.0,3728.0,nan,3730.0,452019,8430154350.0,1262373,3732.0,813,3730.0,1008,nan,0,nan,0,nan,0,nan,0,nan,0,nan,0,nan,0,nan,0
1597988246738632960,1597988247000000000,2020-08-21 13:37:27.000000,3732.0,3750.0,3716.0,3728.0,nan,3730.0,452019,8430154350.0,1262373,3732.0,823,3730.0,1008,nan,0,nan,0,nan,0,nan,0,nan,0,nan,0,nan,0,nan,0
1597988247207156992,1597988247000001024,2020-08-21 13:37:27.000001,3730.0,3750.0,3716.0,3728.0,nan,3730.0,452020,8430173000.0,1262374,3732.0,823,3730.0,1007,nan,0,nan,0,nan,0,nan,0,nan,0,nan,0,nan,0,nan,0
1597988247710354944,1597988248000000000,2020-08-21 13:37:28.000000,3730.0,3750.0,3716.0,3728.0,nan,3730.0,452020,8430173000.0,1262374,3732.0,839,3730.0,1007,nan,0,nan,0,nan,0,nan,0,nan,0,nan,0,nan,0,nan,0
1597988248222629120,1597988248000001024,2020-08-21 13:37:28.000001,3730.0,3750.0,3716.0,3728.0,nan,3730.0,452028,8430322200.0,1262376,3732.0,833,3730.0,999,nan,0,nan,0,nan,0,nan,0,nan,0,nan,0,nan,0,nan,0
1597988248709042944,1597988249000000000,2020-08-21 13:37:29.000000,3730.0,3750.0,3716.0,3728.0,nan,3730.0,452029,8430340850.0,1262377,3732.0,833,3730.0,999,nan,0,nan,0,nan,0,nan,0,nan,0,nan,0,nan,0,nan,0
1597988249334398976,1597988249000001024,2020-08-21 13:37:29.000001,3732.0,3750.0,3716.0,3728.0,nan,3730.0,452031,8430378150.0,1262379,3732.0,831,3730.0,999,nan,0,nan,0,nan,0,nan,0,nan,0,nan,0,nan,0,nan,0
1597988249718974976,1597988250000000000,2020-08-21 13:37:30.000000,3732.0,3750.0,3716.0,3728.0,nan,3730.0,452039,8430527350.0,1262385,3732.0,824,3730.0,998,nan,0,nan,0,nan,0,nan,0,nan,0,nan,0,nan,0,nan,0
1597988250231066880,1597988250000001024,2020-08-21 13:37:30.000001,3732.0,3750.0,3716.0,3728.0,nan,3730.0,452039,8430527350.0,1262385,3732.0,825,3730.0,1198,nan,0,nan,0,nan,0,nan,0,nan,0,nan,0,nan,0,nan,0
1597988250726411008,1597988251000000000,2020-08-21 13:37:31.000000,3732.0,3750.0,3716.0,3728.0,nan,3730.0,452039,8430527350.0,1262385,3732.0,819,3730.0,1203,nan,0,nan,0,nan,0,nan,0,nan,0,nan,0,nan,0,nan,0
1597988251213329920,1597988251000001024,2020-08-21 13:37:31.000001,3730.0,3750.0,3716.0,3728.0,nan,3730.0,452040,8430546000.0,1262386,3732.0,818,3730.0,1202,nan,0,nan,0,nan,0,nan,0,nan,0,nan,0,nan,0,nan,0
1597988251720162048,1597988252000000000,2020-08-21 13:37:32.000000,3730.0,3750.0,3716.0,3728.0,nan,3730.0,452041,8430564650.0,1262387,3732.0,832,3730.0,1203,nan,0,nan,0,nan,0,nan,0,nan,0,nan,0,nan,0,nan,0
1597988252216882944,1597988252000001024,2020-08-21 13:37:32.000001,3730.0,3750.0,3716.0,3728.0,nan,3730.0,452041,8430564650.0,1262387,3732.0,834,3730.0,1207,nan,0,nan,0,nan,0,nan,0,nan,0,nan,0,nan,0,nan,0
1597988252715374080,1597988253000000000,2020-08-21 13:37:33.000000,3730.0,3750.0,3716.0,3728.0,nan,3730.0,452041,8430564650.0,1262387,3732.0,831,3730.0,1208,nan,0,nan,0,nan,0,nan,0,nan,0,nan,0,nan,0,nan,0
1597988253201677056,1597988253000001024,2020-08-21 13:37:33.000001,3730.0,3750.0,3716.0,3728.0,nan,3730.0,452041,8430564650.0,1262387,3732.0,831,3730.0,1218,nan,0,nan,0,nan,0,nan,0,nan,0,nan,0,nan,0,nan,0
1597988253713977088,1597988254000000000,2020-08-21 13:37:34.000000,3730.0,3750.0,3716.0,3728.0,nan,3730.0,452042,8430583300.0,1262388,3732.0,832,3730.0,1216,nan,0,nan,0,nan,0,nan,0,nan,0,nan,0,nan,0,nan,0
1597988254204859904,1597988254000001024,2020-08-21 13:37:34.000001,3732.0,3750.0,3716.0,3728.0,nan,3730.0,452047,8430676550.0,1262393,3732.0,829,3730.0,1216,nan,0,nan,0,nan,0,nan,0,nan,0,nan,0,nan,0,nan,0
1597988254730098944,1597988255000000000,2020-08-21 13:37:35.000000,3732.0,3750.0,3716.0,3728.0,nan,3730.0,452047,8430676550.0,1262393,3732.0,917,3730.0,1220,nan,0,nan,0,nan,0,nan,0,nan,0,nan,0,nan,0,nan,0
1597988255218957056,1597988255000001024,2020-08-21 13:37:35.000001,3732.0,3750.0,3716.0,3728.0,nan,3730.0,452051,8430751150.0,1262397,3732.0,914,3730.0,1220,nan,0,nan,0,nan,0,nan,0,nan,0,nan,0,nan,0,nan,0
1597988255715124992,1597988256000000000,2020-08-21 13:37:36.000000,3732.0,3750.0,3716.0,3728.0,nan,3730.0,452051,8430751150.0,1262397,3732.0,911,3730.0,1222,nan,0,nan,0,nan,0,nan,0,nan,0,nan,0,nan,0,nan,0
1597988256207539968,1597988256000001024,2020-08-21 13:37:36.000001,3730.0,3750.0,3716.0,3728.0,nan,3730.0,452054,8430807100.0,1262400,3732.0,907,3730.0,1221,nan,0,nan,0,nan,0,nan,0,nan,0,nan,0,nan,0,nan,0
1597988256714624000,1597988257000000000,2020-08-21 13:37:37.000000,3730.0,3750.0,3716.0,3728.0,nan,3730.0,452054,8430807100.0,1262400,3732.0,907,3730.0,1231,nan,0,nan,0,nan,0,nan,0,nan,0,nan,0,nan,0,nan,0
1597988257220193024,1597988257000001024,2020-08-21 13:37:37.000001,3730.0,3750.0,3716.0,3728.0,nan,3730.0,452054,8430807100.0,1262400,3732.0,912,3730.0,1231,nan,0,nan,0,nan,0,nan,0,nan,0,nan,0,nan,0,nan,0
1597988257715837952,1597988258000000000,2020-08-21 13:37:38.000000,3732.0,3750.0,3716.0,3728.0,nan,3730.0,452057,8430863050.0,1262403,3732.0,906,3730.0,1231,nan,0,nan,0,nan,0,nan,0,nan,0,nan,0,nan,0,nan,0
1597988258216869120,1597988258000001024,2020-08-21 13:37:38.000001,3732.0,3750.0,3716.0,3728.0,nan,3730.0,452058,8430881700.0,1262404,3732.0,926,3730.0,1254,nan,0,nan,0,nan,0,nan,0,nan,0,nan,0,nan,0,nan,0
1597988258720230912,1597988259000000000,2020-08-21 13:37:39.000000,3730.0,3750.0,3716.0,3728.0,nan,3730.0,452059,8430900350.0,1262405,3732.0,926,3730.0,1253,nan,0,nan,0,nan,0,nan,0,nan,0,nan,0,nan,0,nan,0
1597988259732663040,1597988260000000000,2020-08-21 13:37:40.000000,3730.0,3750.0,3716.0,3728.0,nan,3730.0,452059,8430900350.0,1262405,3732.0,928,3730.0,1253,nan,0,nan,0,nan,0,nan,0,nan,0,nan,0,nan,0,nan,0
1597988260228946944,1597988260000001024,2020-08-21 13:37:40.000001,3732.0,3750.0,3716.0,3728.0,nan,3730.0,452099,8431646350.0,1262445,3732.0,934,3730.0,1244,nan,0,nan,0,nan,0,nan,0,nan,0,nan,0,nan,0,nan,0
1597988260717764096,1597988261000000000,2020-08-21 13:37:41.000000,3730.0,3750.0,3716.0,3728.0,nan,3730.0,452101,8431683650.0,1262447,3732.0,933,3730.0,1243,nan,0,nan,0,nan,0,nan,0,nan,0,nan,0,nan,0,nan,0
1597988261207188992,1597988261000001024,2020-08-21 13:37:41.000001,3730.0,3750.0,3716.0,3728.0,nan,3730.0,452101,8431683650.0,1262447,3732.0,934,3730.0,1243,nan,0,nan,0,nan,0,nan,0,nan,0,nan,0,nan,0,nan,0
1597988261712032000,1597988262000000000,2020-08-21 13:37:42.000000,3732.0,3750.0,3716.0,3728.0,nan,3730.0,452102,8431702300.0,1262448,3732.0,937,3730.0,1242,nan,0,nan,0,nan,0,nan,0,nan,0,nan,0,nan,0,nan,0
1597988262210576896,1597988262000001024,2020-08-21 13:37:42.000001,3732.0,3750.0,3716.0,3728.0,nan,3730.0,452111,8431870150.0,1262455,3732.0,910,3730.0,1242,nan,0,nan,0,nan,0,nan,0,nan,0,nan,0,nan,0,nan,0
1597988262739023104,1597988263000000000,2020-08-21 13:37:43.000000,3732.0,3750.0,3716.0,3728.0,nan,3730.0,452113,8431907450.0,1262456,3732.0,908,3730.0,1243,nan,0,nan,0,nan,0,nan,0,nan,0,nan,0,nan,0,nan,0
1597988263213029888,1597988263000001024,2020-08-21 13:37:43.000001,3730.0,3750.0,3716.0,3728.0,nan,3730.0,452114,8431926100.0,1262456,3732.0,908,3730.0,1244,nan,0,nan,0,nan,0,nan,0,nan,0,nan,0,nan,0,nan,0
1597988263710784000,1597988264000000000,2020-08-21 13:37:44.000000,3730.0,3750.0,3716.0,3728.0,nan,3730.0,452114,8431926100.0,1262456,3732.0,909,3730.0,1243,nan,0,nan,0,nan,0,nan,0,nan,0,nan,0,nan,0,nan,0
1597988264202044928,1597988264000001024,2020-08-21 13:37:44.000001,3730.0,3750.0,3716.0,3728.0,nan,3730.0,452163,8432839950.0,1262505,3732.0,909,3730.0,1194,nan,0,nan,0,nan,0,nan,0,nan,0,nan,0,nan,0,nan,0
1597988265227757056,1597988265000001024,2020-08-21 13:37:45.000001,3730.0,3750.0,3716.0,3728.0,nan,3730.0,452163,8432839950.0,1262505,3732.0,914,3730.0,1200,nan,0,nan,0,nan,0,nan,0,nan,0,nan,0,nan,0,nan,0
1597988265715840000,1597988266000000000,2020-08-21 13:37:46.000000,3730.0,3750.0,3716.0,3728.0,nan,3730.0,452164,8432858600.0,1262506,3732.0,914,3730.0,1199,nan,0,nan,0,nan,0,nan,0,nan,0,nan,0,nan,0,nan,0
1597988266222804992,1597988266000001024,2020-08-21 13:37:46.000001,3730.0,3750.0,3716.0,3728.0,nan,3730.0,452186,8433268900.0,1262528,3732.0,914,3730.0,1177,nan,0,nan,0,nan,0,nan,0,nan,0,nan,0,nan,0,nan,0
1597988266714126080,1597988267000000000,2020-08-21 13:37:47.000000,3730.0,3750.0,3716.0,3728.0,nan,3730.0,452207,8433660550.0,1262529,3732.0,914,3730.0,1157,nan,0,nan,0,nan,0,nan,0,nan,0,nan,0,nan,0,nan,0
1597988267225466880,1597988267000001024,2020-08-21 13:37:47.000001,3730.0,3750.0,3716.0,3728.0,nan,3730.0,452207,8433660550.0,1262529,3732.0,930,3730.0,1156,nan,0,nan,0,nan,0,nan,0,nan,0,nan,0,nan,0,nan,0
1597988267723716096,1597988268000000000,2020-08-21 13:37:48.000000,3730.0,3750.0,3716.0,3728.0,nan,3730.0,452229,8434070850.0,1262544,3732.0,930,3730.0,1222,nan,0,nan,0,nan,0,nan,0,nan,0,nan,0,nan,0,nan,0
1597988269220247040,1597988269000001024,2020-08-21 13:37:49.000001,3732.0,3750.0,3716.0,3728.0,nan,3730.0,452230,8434089500.0,1262545,3732.0,929,3730.0,1227,nan,0,nan,0,nan,0,nan,0,nan,0,nan,0,nan,0,nan,0
1597988269715604992,1597988270000000000,2020-08-21 13:37:50.000000,3730.0,3750.0,3716.0,3728.0,nan,3730.0,452241,8434294650.0,1262546,3732.0,929,3730.0,1216,nan,0,nan,0,nan,0,nan,0,nan,0,nan,0,nan,0,nan,0
1597988270218953984,1597988270000001024,2020-08-21 13:37:50.000001,3732.0,3750.0,3716.0,3728.0,nan,3730.0,452246,8434387900.0,1262551,3732.0,924,3730.0,1216,nan,0,nan,0,nan,0,nan,0,nan,0,nan,0,nan,0,nan,0
1597988270721384960,1597988271000000000,2020-08-21 13:37:51.000000,3732.0,3750.0,3716.0,3728.0,nan,3730.0,452247,8434406550.0,1262552,3732.0,922,3730.0,1216,nan,0,nan,0,nan,0,nan,0,nan,0,nan,0,nan,0,nan,0
1597988271220480000,1597988271000001024,2020-08-21 13:37:51.000001,3732.0,3750.0,3716.0,3728.0,nan,3730.0,452248,8434425200.0,1262553,3732.0,929,3730.0,1216,nan,0,nan,0,nan,0,nan,0,nan,0,nan,0,nan,0,nan,0
1597988272221372928,1597988272000001024,2020-08-21 13:37:52.000001,3732.0,3750.0,3716.0,3728.0,nan,3730.0,452248,8434425200.0,1262553,3732.0,926,3730.0,1216,nan,0,nan,0,nan,0,nan,0,nan,0,nan,0,nan,0,nan,0
1597988272740406016,1597988273000000000,2020-08-21 13:37:53.000000,3732.0,3750.0,3716.0,3728.0,nan,3730.0,452569,8440411850.0,1262576,3732.0,711,3730.0,1255,nan,0,nan,0,nan,0,nan,0,nan,0,nan,0,nan,0,nan,0
1597988273220060928,1597988273000001024,2020-08-21 13:37:53.000001,3730.0,3750.0,3716.0,3728.0,nan,3730.0,452572,8440467800.0,1262578,3732.0,679,3730.0,1249,nan,0,nan,0,nan,0,nan,0,nan,0,nan,0,nan,0,nan,0
1597988273731415040,1597988274000000000,2020-08-21 13:37:54.000000,3730.0,3750.0,3716.0,3728.0,nan,3730.0,452572,8440467800.0,1262578,3732.0,677,3730.0,1249,nan,0,nan,0,nan,0,nan,0,nan,0,nan,0,nan,0,nan,0
1597988274220869888,1597988274000001024,2020-08-21 13:37:54.000001,3732.0,3750.0,3716.0,3728.0,nan,3730.0,452574,8440505100.0,1262578,3732.0,676,3730.0,1249,nan,0,nan,0,nan,0,nan,0,nan,0,nan,0,nan,0,nan,0
1597988274721104896,1597988275000000000,2020-08-21 13:37:55.000000,3732.0,3750.0,3716.0,3728.0,nan,3730.0,452574,8440505100.0,1262578,3732.0,678,3730.0,1249,nan,0,nan,0,nan,0,nan,0,nan,0,nan,0,nan,0,nan,0
1597988275229110016,1597988275000001024,2020-08-21 13:37:55.000001,3730.0,3750.0,3716.0,3728.0,nan,3730.0,452594,8440878100.0,1262584,3732.0,679,3730.0,1229,nan,0,nan,0,nan,0,nan,0,nan,0,nan,0,nan,0,nan,0
1597988275722246912,1597988276000000000,2020-08-21 13:37:56.000000,3730.0,3750.0,3716.0,3728.0,nan,3730.0,452594,8440878100.0,1262584,3732.0,674,3730.0,1229,nan,0,nan,0,nan,0,nan,0,nan,0,nan,0,nan,0,nan,0
1597988276226483968,1597988276000001024,2020-08-21 13:37:56.000001,3732.0,3750.0,3716.0,3728.0,nan,3730.0,452605,8441083250.0,1262573,3732.0,664,3730.0,1229,nan,0,nan,0,nan,0,nan,0,nan,0,nan,0,nan,0,nan,0
1597988276841782016,1597988277000000000,2020-08-21 13:37:57.000000,3730.0,3750.0,3716.0,3728.0,nan,3730.0,452725,8443321250.0,1262551,3732.0,641,3730.0,1200,nan,0,nan,0,nan,0,nan,0,nan,0,nan,0,nan,0,nan,0
1597988277255746048,1597988277000001024,2020-08-21 13:37:57.000001,3732.0,3750.0,3716.0,3728.0,nan,3730.0,452743,8443656950.0,1262536,3732.0,721,3730.0,1195,nan,0,nan,0,nan,0,nan,0,nan,0,nan,0,nan,0,nan,0
1597988277731102976,1597988278000000000,2020-08-21 13:37:58.000000,3730.0,3750.0,3716.0,3728.0,nan,3730.0,452748,8443750200.0,1262536,3732.0,759,3730.0,1193,nan,0,nan,0,nan,0,nan,0,nan,0,nan,0,nan,0,nan,0
1597988278226985984,1597988278000001024,2020-08-21 13:37:58.000001,3730.0,3750.0,3716.0,3728.0,nan,3730.0,452763,8444029950.0,1262551,3732.0,789,3730.0,1178,nan,0,nan,0,nan,0,nan,0,nan,0,nan,0,nan,0,nan,0
1597988278729281024,1597988279000000000,2020-08-21 13:37:59.000000,3732.0,3750.0,3716.0,3728.0,nan,3730.0,452765,8444067250.0,1262551,3732.0,798,3730.0,1177,nan,0,nan,0,nan,0,nan,0,nan,0,nan,0,nan,0,nan,0
1597988279226291968,1597988279000001024,2020-08-21 13:37:59.000001,3732.0,3750.0,3716.0,3728.0,nan,3730.0,452765,8444067250.0,1262551,3732.0,799,3730.0,1177,nan,0,nan,0,nan,0,nan,0,nan,0,nan,0,nan,0,nan,0
1597988279726299904,1597988280000000000,2020-08-21 13:38:00.000000,3732.0,3750.0,3716.0,3728.0,nan,3730.0,452765,8444067250.0,1262551,3732.0,800,3730.0,1177,nan,0,nan,0,nan,0,nan,0,nan,0,nan,0,nan,0,nan,0
1597988280238489088,1597988280000001024,2020-08-21 13:38:00.000001,3730.0,3750.0,3716.0,3728.0,nan,3730.0,452797,8444664050.0,1262573,3732.0,798,3730.0,1162,nan,0,nan,0,nan,0,nan,0,nan,0,nan,0,nan,0,nan,0
1597988280725213952,1597988281000000000,2020-08-21 13:38:01.000000,3730.0,3750.0,3716.0,3728.0,nan,3730.0,452802,8444757300.0,1262578,3732.0,810,3730.0,1159,nan,0,nan,0,nan,0,nan,0,nan,0,nan,0,nan,0,nan,0
1597988281220385024,1597988281000001024,2020-08-21 13:38:01.000001,3732.0,3750.0,3716.0,3728.0,nan,3730.0,452804,8444794600.0,1262578,3732.0,808,3730.0,1159,nan,0,nan,0,nan,0,nan,0,nan,0,nan,0,nan,0,nan,0
1597988282228299008,1597988282000001024,2020-08-21 13:38:02.000001,3732.0,3750.0,3716.0,3728.0,nan,3730.0,452805,8444813250.0,1262577,3732.0,807,3730.0,1161,nan,0,nan,0,nan,0,nan,0,nan,0,nan,0,nan,0,nan,0
1597988282728973056,1597988283000000000,2020-08-21 13:38:03.000000,3732.0,3750.0,3716.0,3728.0,nan,3730.0,452805,8444813250.0,1262577,3732.0,807,3730.0,1166,nan,0,nan,0,nan,0,nan,0,nan,0,nan,0,nan,0,nan,0
1597988283726876928,1597988284000000000,2020-08-21 13:38:04.000000,3732.0,3750.0,3716.0,3728.0,nan,3730.0,452805,8444813250.0,1262577,3732.0,817,3730.0,1166,nan,0,nan,0,nan,0,nan,0,nan,0,nan,0,nan,0,nan,0
1597988284226776064,1597988284000001024,2020-08-21 13:38:04.000001,3732.0,3750.0,3716.0,3728.0,nan,3730.0,452808,8444869200.0,1262577,3732.0,828,3730.0,1167,nan,0,nan,0,nan,0,nan,0,nan,0,nan,0,nan,0,nan,0
1597988284725009920,1597988285000000000,2020-08-21 13:38:05.000000,3732.0,3750.0,3716.0,3728.0,nan,3730.0,452809,8444887850.0,1262577,3732.0,829,3730.0,1167,nan,0,nan,0,nan,0,nan,0,nan,0,nan,0,nan,0,nan,0
1597988285223161088,1597988285000001024,2020-08-21 13:38:05.000001,3732.0,3750.0,3716.0,3728.0,nan,3730.0,452810,8444906500.0,1262577,3732.0,828,3730.0,1178,nan,0,nan,0,nan,0,nan,0,nan,0,nan,0,nan,0,nan,0
1597988285727525120,1597988286000000000,2020-08-21 13:38:06.000000,3730.0,3750.0,3716.0,3728.0,nan,3730.0,452811,8444925150.0,1262578,3732.0,828,3730.0,1178,nan,0,nan,0,nan,0,nan,0,nan,0,nan,0,nan,0,nan,0
1597988286213029120,1597988286000001024,2020-08-21 13:38:06.000001,3730.0,3750.0,3716.0,3728.0,nan,3730.0,452814,8444981100.0,1262579,3732.0,828,3730.0,1176,nan,0,nan,0,nan,0,nan,0,nan,0,nan,0,nan,0,nan,0
1597988287737939968,1597988288000000000,2020-08-21 13:38:08.000000,3732.0,3750.0,3716.0,3728.0,nan,3730.0,452815,8444999750.0,1262579,3732.0,831,3730.0,1180,nan,0,nan,0,nan,0,nan,0,nan,0,nan,0,nan,0,nan,0
1597988288230661120,1597988288000001024,2020-08-21 13:38:08.000001,3730.0,3750.0,3716.0,3728.0,nan,3730.0,452816,8445018400.0,1262579,3732.0,846,3730.0,1146,nan,0,nan,0,nan,0,nan,0,nan,0,nan,0,nan,0,nan,0
1597988288741147904,1597988289000000000,2020-08-21 13:38:09.000000,3730.0,3750.0,3716.0,3728.0,nan,3730.0,452817,8445037050.0,1262579,3732.0,846,3730.0,1188,nan,0,nan,0,nan,0,nan,0,nan,0,nan,0,nan,0,nan,0
1597988289218225920,1597988289000001024,2020-08-21 13:38:09.000001,3730.0,3750.0,3716.0,3728.0,nan,3730.0,452836,8445391400.0,1262598,3732.0,847,3730.0,1169,nan,0,nan,0,nan,0,nan,0,nan,0,nan,0,nan,0,nan,0
1597988289797402112,1597988290000000000,2020-08-21 13:38:10.000000,3732.0,3750.0,3716.0,3728.0,nan,3730.0,452837,8445410050.0,1262598,3732.0,847,3730.0,1169,nan,0,nan,0,nan,0,nan,0,nan,0,nan,0,nan,0,nan,0
1597988290238885120,1597988290000001024,2020-08-21 13:38:10.000001,3732.0,3750.0,3716.0,3728.0,nan,3730.0,452837,8445410050.0,1262598,3732.0,848,3730.0,1169,nan,0,nan,0,nan,0,nan,0,nan,0,nan,0,nan,0,nan,0
1597988290728477952,1597988291000000000,2020-08-21 13:38:11.000000,3732.0,3750.0,3716.0,3728.0,nan,3730.0,452837,8445410050.0,1262598,3732.0,851,3730.0,1169,nan,0,nan,0,nan,0,nan,0,nan,0,nan,0,nan,0,nan,0
1597988291226194944,1597988291000001024,2020-08-21 13:38:11.000001,3730.0,3750.0,3716.0,3728.0,nan,3730.0,452838,8445428700.0,1262598,3732.0,852,3730.0,1168,nan,0,nan,0,nan,0,nan,0,nan,0,nan,0,nan,0,nan,0
1597988291734021888,1597988292000000000,2020-08-21 13:38:12.000000,3732.0,3750.0,3716.0,3728.0,nan,3730.0,452856,8445764400.0,1262589,3732.0,836,3730.0,1168,nan,0,nan,0,nan,0,nan,0,nan,0,nan,0,nan,0,nan,0
1597988292240195072,1597988292000001024,2020-08-21 13:38:12.000001,3730.0,3750.0,3716.0,3728.0,nan,3730.0,452858,8445801700.0,1262591,3732.0,836,3730.0,1166,nan,0,nan,0,nan,0,nan,0,nan,0,nan,0,nan,0,nan,0
1597988292728100096,1597988293000000000,2020-08-21 13:38:13.000000,3730.0,3750.0,3716.0,3728.0,nan,3730.0,452864,8445913600.0,1262592,3732.0,836,3730.0,1160,nan,0,nan,0,nan,0,nan,0,nan,0,nan,0,nan,0,nan,0
1597988293231566080,1597988293000001024,2020-08-21 13:38:13.000001,3730.0,3750.0,3716.0,3728.0,nan,3730.0,452866,8445950900.0,1262591,3732.0,842,3730.0,1159,nan,0,nan,0,nan,0,nan,0,nan,0,nan,0,nan,0,nan,0
1597988293732704000,1597988294000000000,2020-08-21 13:38:14.000000,3730.0,3750.0,3716.0,3728.0,nan,3730.0,452866,8445950900.0,1262591,3732.0,843,3730.0,1158,nan,0,nan,0,nan,0,nan,0,nan,0,nan,0,nan,0,nan,0
1597988294733884928,1597988295000000000,2020-08-21 13:38:15.000000,3730.0,3750.0,3716.0,3728.0,nan,3730.0,452866,8445950900.0,1262591,3732.0,853,3730.0,1158,nan,0,nan,0,nan,0,nan,0,nan,0,nan,0,nan,0,nan,0
1597988295235531008,1597988295000001024,2020-08-21 13:38:15.000001,3732.0,3750.0,3716.0,3728.0,nan,3730.0,452878,8446174700.0,1262590,3732.0,851,3730.0,1152,nan,0,nan,0,nan,0,nan,0,nan,0,nan,0,nan,0,nan,0
1597988295738152960,1597988296000000000,2020-08-21 13:38:16.000000,3732.0,3750.0,3716.0,3728.0,nan,3730.0,452879,8446193350.0,1262590,3732.0,850,3730.0,1152,nan,0,nan,0,nan,0,nan,0,nan,0,nan,0,nan,0,nan,0
1597988296231446016,1597988296000001024,2020-08-21 13:38:16.000001,3730.0,3750.0,3716.0,3728.0,nan,3730.0,452883,8446267950.0,1262586,3732.0,850,3730.0,1248,nan,0,nan,0,nan,0,nan,0,nan,0,nan,0,nan,0,nan,0
1597988296744741120,1597988297000000000,2020-08-21 13:38:17.000000,3732.0,3750.0,3716.0,3728.0,nan,3730.0,452884,8446286600.0,1262586,3732.0,851,3730.0,1250,nan,0,nan,0,nan,0,nan,0,nan,0,nan,0,nan,0,nan,0
1597988297233944064,1597988297000001024,2020-08-21 13:38:17.000001,3732.0,3750.0,3716.0,3728.0,nan,3730.0,452885,8446305250.0,1262586,3732.0,862,3730.0,1255,nan,0,nan,0,nan,0,nan,0,nan,0,nan,0,nan,0,nan,0
1597988297731970048,1597988298000000000,2020-08-21 13:38:18.000000,3732.0,3750.0,3716.0,3728.0,nan,3730.0,452885,8446305250.0,1262586,3732.0,874,3730.0,1256,nan,0,nan,0,nan,0,nan,0,nan,0,nan,0,nan,0,nan,0
1597988298237357056,1597988298000001024,2020-08-21 13:38:18.000001,3732.0,3750.0,3716.0,3728.0,nan,3730.0,452885,8446305250.0,1262586,3732.0,875,3730.0,1257,nan,0,nan,0,nan,0,nan,0,nan,0,nan,0,nan,0,nan,0
1597988298726264064,1597988299000000000,2020-08-21 13:38:19.000000,3730.0,3750.0,3716.0,3728.0,nan,3730.0,454142,8469748300.0,1262891,3730.0,150,3728.0,1328,nan,0,nan,0,nan,0,nan,0,nan,0,nan,0,nan,0,nan,0
1597988299234992896,1597988299000001024,2020-08-21 13:38:19.000001,3730.0,3750.0,3716.0,3728.0,nan,3730.0,454142,8469748300.0,1262891,3730.0,283,3728.0,1239,nan,0,nan,0,nan,0,nan,0,nan,0,nan,0,nan,0,nan,0
1597988299754509056,1597988300000000000,2020-08-21 13:38:20.000000,3730.0,3750.0,3716.0,3728.0,nan,3730.0,454142,8469748300.0,1262891,3730.0,298,3728.0,1229,nan,0,nan,0,nan,0,nan,0,nan,0,nan,0,nan,0,nan,0
1597988300237009920,1597988300000001024,2020-08-21 13:38:20.000001,3730.0,3750.0,3716.0,3728.0,nan,3730.0,454143,8469766950.0,1262891,3730.0,300,3728.0,1240,nan,0,nan,0,nan,0,nan,0,nan,0,nan,0,nan,0,nan,0
1597988300755303936,1597988301000000000,2020-08-21 13:38:21.000000,3730.0,3750.0,3716.0,3728.0,nan,3730.0,454143,8469766950.0,1262891,3730.0,433,3728.0,1209,nan,0,nan,0,nan,0,nan,0,nan,0,nan,0,nan,0,nan,0
1597988301516036096,1597988301000001024,2020-08-21 13:38:21.000001,3730.0,3750.0,3716.0,3728.0,nan,3730.0,454145,8469804250.0,1262891,3730.0,432,3728.0,1209,nan,0,nan,0,nan,0,nan,0,nan,0,nan,0,nan,0,nan,0
1597988303844210944,1597988304000000000,2020-08-21 13:38:24.000000,3730.0,3750.0,3716.0,3728.0,nan,3730.0,454147,8469841550.0,1262891,3730.0,481,3728.0,1209,nan,0,nan,0,nan,0,nan,0,nan,0,nan,0,nan,0,nan,0
1597988304253177088,1597988304000001024,2020-08-21 13:38:24.000001,3730.0,3750.0,3716.0,3728.0,nan,3730.0,454147,8469841550.0,1262891,3730.0,481,3728.0,1199,nan,0,nan,0,nan,0,nan,0,nan,0,nan,0,nan,0,nan,0
1597988304736803072,1597988305000000000,2020-08-21 13:38:25.000000,3728.0,3750.0,3716.0,3728.0,nan,3730.0,454150,8469897500.0,1262894,3730.0,482,3728.0,1201,nan,0,nan,0,nan,0,nan,0,nan,0,nan,0,nan,0,nan,0
1597988305230604032,1597988305000001024,2020-08-21 13:38:25.000001,3730.0,3750.0,3716.0,3728.0,nan,3730.0,454251,8471781150.0,1262844,3730.0,381,3728.0,1211,nan,0,nan,0,nan,0,nan,0,nan,0,nan,0,nan,0,nan,0
1597988306231869952,1597988306000001024,2020-08-21 13:38:26.000001,3728.0,3750.0,3716.0,3728.0,nan,3730.0,454260,8471949000.0,1262838,3730.0,381,3728.0,1202,nan,0,nan,0,nan,0,nan,0,nan,0,nan,0,nan,0,nan,0
1597988306731200000,1597988307000000000,2020-08-21 13:38:27.000000,3728.0,3750.0,3716.0,3728.0,nan,3730.0,454260,8471949000.0,1262838,3730.0,383,3728.0,1204,nan,0,nan,0,nan,0,nan,0,nan,0,nan,0,nan,0,nan,0
1597988307237745920,1597988307000001024,2020-08-21 13:38:27.000001,3728.0,3750.0,3716.0,3728.0,nan,3730.0,454261,8471967650.0,1262838,3730.0,384,3728.0,1203,nan,0,nan,0,nan,0,nan,0,nan,0,nan,0,nan,0,nan,0
1597988307735160064,1597988308000000000,2020-08-21 13:38:28.000000,3728.0,3750.0,3716.0,3728.0,nan,3730.0,454262,8471986300.0,1262837,3730.0,384,3728.0,1202,nan,0,nan,0,nan,0,nan,0,nan,0,nan,0,nan,0,nan,0
1597988308239292928,1597988308000001024,2020-08-21 13:38:28.000001,3730.0,3750.0,3716.0,3728.0,nan,3730.0,454264,8472023600.0,1262837,3730.0,382,3728.0,1204,nan,0,nan,0,nan,0,nan,0,nan,0,nan,0,nan,0,nan,0
1597988308767962112,1597988309000000000,2020-08-21 13:38:29.000000,3730.0,3750.0,3716.0,3728.0,nan,3730.0,454265,8472042250.0,1262837,3730.0,382,3728.0,1223,nan,0,nan,0,nan,0,nan,0,nan,0,nan,0,nan,0,nan,0
1597988309244903936,1597988309000001024,2020-08-21 13:38:29.000001,3728.0,3750.0,3716.0,3728.0,nan,3730.0,454315,8472974750.0,1262791,3730.0,383,3728.0,1134,nan,0,nan,0,nan,0,nan,0,nan,0,nan,0,nan,0,nan,0
1597988309966146048,1597988310000000000,2020-08-21 13:38:30.000000,3730.0,3750.0,3716.0,3728.0,nan,3730.0,454319,8473049350.0,1262787,3730.0,380,3728.0,1164,nan,0,nan,0,nan,0,nan,0,nan,0,nan,0,nan,0,nan,0
1597988310245893120,1597988310000001024,2020-08-21 13:38:30.000001,3730.0,3750.0,3716.0,3728.0,nan,3730.0,454319,8473049350.0,1262787,3730.0,381,3728.0,1214,nan,0,nan,0,nan,0,nan,0,nan,0,nan,0,nan,0,nan,0
1597988310744517120,1597988311000000000,2020-08-21 13:38:31.000000,3730.0,3750.0,3716.0,3728.0,nan,3730.0,454319,8473049350.0,1262787,3730.0,381,3728.0,1225,nan,0,nan,0,nan,0,nan,0,nan,0,nan,0,nan,0,nan,0
1597988311738891008,1597988312000000000,2020-08-21 13:38:32.000000,3728.0,3750.0,3716.0,3728.0,nan,3730.0,454346,8473552900.0,1262787,3730.0,294,3728.0,1210,nan,0,nan,0,nan,0,nan,0,nan,0,nan,0,nan,0,nan,0
1597988312235863040,1597988312000001024,2020-08-21 13:38:32.000001,3730.0,3750.0,3716.0,3728.0,nan,3730.0,454351,8473646150.0,1262787,3730.0,294,3728.0,1211,nan,0,nan,0,nan,0,nan,0,nan,0,nan,0,nan,0,nan,0
1597988312757168896,1597988313000000000,2020-08-21 13:38:33.000000,3730.0,3750.0,3716.0,3728.0,nan,3730.0,454352,8473664800.0,1262787,3730.0,293,3728.0,1211,nan,0,nan,0,nan,0,nan,0,nan,0,nan,0,nan,0,nan,0
1597988313247241984,1597988313000001024,2020-08-21 13:38:33.000001,3730.0,3750.0,3716.0,3728.0,nan,3730.0,454352,8473664800.0,1262787,3730.0,295,3728.0,1201,nan,0,nan,0,nan,0,nan,0,nan,0,nan,0,nan,0,nan,0
1597988313737897984,1597988314000000000,2020-08-21 13:38:34.000000,3728.0,3750.0,3716.0,3728.0,nan,3730.0,454359,8473795350.0,1262787,3730.0,295,3728.0,1184,nan,0,nan,0,nan,0,nan,0,nan,0,nan,0,nan,0,nan,0
1597988314238982912,1597988314000001024,2020-08-21 13:38:34.000001,3730.0,3750.0,3716.0,3728.0,nan,3730.0,454362,8473851300.0,1262787,3730.0,294,3728.0,1186,nan,0,nan,0,nan,0,nan,0,nan,0,nan,0,nan,0,nan,0
1597988314738774016,1597988315000000000,2020-08-21 13:38:35.000000,3730.0,3750.0,3716.0,3728.0,nan,3730.0,454362,8473851300.0,1262787,3730.0,292,3728.0,1192,nan,0,nan,0,nan,0,nan,0,nan,0,nan,0,nan,0,nan,0
1597988315244396032,1597988315000001024,2020-08-21 13:38:35.000001,3728.0,3750.0,3716.0,3728.0,nan,3730.0,454364,8473888600.0,1262787,3730.0,297,3728.0,1160,nan,0,nan,0,nan,0,nan,0,nan,0,nan,0,nan,0,nan,0
1597988315761436928,1597988316000000000,2020-08-21 13:38:36.000000,3728.0,3750.0,3716.0,3728.0,nan,3730.0,454378,8474149700.0,1262773,3730.0,304,3728.0,1177,nan,0,nan,0,nan,0,nan,0,nan,0,nan,0,nan,0,nan,0
1597988316240435968,1597988316000001024,2020-08-21 13:38:36.000001,3728.0,3750.0,3716.0,3728.0,nan,3730.0,454384,8474261600.0,1262773,3730.0,304,3728.0,1141,nan,0,nan,0,nan,0,nan,0,nan,0,nan,0,nan,0,nan,0
1597988316745696000,1597988317000000000,2020-08-21 13:38:37.000000,3728.0,3750.0,3716.0,3728.0,nan,3730.0,454384,8474261600.0,1262773,3730.0,305,3728.0,1141,nan,0,nan,0,nan,0,nan,0,nan,0,nan,0,nan,0,nan,0
1597988317252208128,1597988317000001024,2020-08-21 13:38:37.000001,3728.0,3750.0,3716.0,3728.0,nan,3730.0,454387,8474317550.0,1262773,3730.0,310,3728.0,1168,nan,0,nan,0,nan,0,nan,0,nan,0,nan,0,nan,0,nan,0
1597988317743851008,1597988318000000000,2020-08-21 13:38:38.000000,3730.0,3750.0,3716.0,3728.0,nan,3730.0,454437,8475250050.0,1262773,3730.0,291,3728.0,1168,nan,0,nan,0,nan,0,nan,0,nan,0,nan,0,nan,0,nan,0
1597988318242392064,1597988318000001024,2020-08-21 13:38:38.000001,3730.0,3750.0,3716.0,3728.0,nan,3730.0,454437,8475250050.0,1262773,3730.0,375,3728.0,1168,nan,0,nan,0,nan,0,nan,0,nan,0,nan,0,nan,0,nan,0
1597988318748568064,1597988319000000000,2020-08-21 13:38:39.000000,3730.0,3750.0,3716.0,3728.0,nan,3730.0,454437,8475250050.0,1262773,3730.0,376,3728.0,1168,nan,0,nan,0,nan,0,nan,0,nan,0,nan,0,nan,0,nan,0
1597988319246368000,1597988319000001024,2020-08-21 13:38:39.000001,3728.0,3750.0,3716.0,3728.0,nan,3730.0,454444,8475380600.0,1262773,3730.0,376,3728.0,1112,nan,0,nan,0,nan,0,nan,0,nan,0,nan,0,nan,0,nan,0
1597988319749766912,1597988320000000000,2020-08-21 13:38:40.000000,3728.0,3750.0,3716.0,3728.0,nan,3730.0,454444,8475380600.0,1262773,3730.0,376,3728.0,1121,nan,0,nan,0,nan,0,nan,0,nan,0,nan,0,nan,0,nan,0
1597988320244412928,1597988320000001024,2020-08-21 13:38:40.000001,3728.0,3750.0,3716.0,3728.0,nan,3730.0,454444,8475380600.0,1262773,3730.0,377,3728.0,1150,nan,0,nan,0,nan,0,nan,0,nan,0,nan,0,nan,0,nan,0
1597988320739147008,1597988321000000000,2020-08-21 13:38:41.000000,3728.0,3750.0,3716.0,3728.0,nan,3730.0,454444,8475380600.0,1262773,3730.0,377,3728.0,1160,nan,0,nan,0,nan,0,nan,0,nan,0,nan,0,nan,0,nan,0
1597988321762728960,1597988322000000000,2020-08-21 13:38:42.000000,3728.0,3750.0,3716.0,3728.0,nan,3730.0,454444,8475380600.0,1262773,3730.0,398,3728.0,1165,nan,0,nan,0,nan,0,nan,0,nan,0,nan,0,nan,0,nan,0
1597988322247429120,1597988322000001024,2020-08-21 13:38:42.000001,3728.0,3750.0,3716.0,3728.0,nan,3730.0,454455,8475585750.0,1262762,3730.0,399,3728.0,1144,nan,0,nan,0,nan,0,nan,0,nan,0,nan,0,nan,0,nan,0
1597988322745667072,1597988323000000000,2020-08-21 13:38:43.000000,3728.0,3750.0,3716.0,3728.0,nan,3730.0,454455,8475585750.0,1262762,3730.0,411,3728.0,1116,nan,0,nan,0,nan,0,nan,0,nan,0,nan,0,nan,0,nan,0
1597988323237094912,1597988323000001024,2020-08-21 13:38:43.000001,3728.0,3750.0,3716.0,3728.0,nan,3730.0,454455,8475585750.0,1262762,3730.0,452,3728.0,1116,nan,0,nan,0,nan,0,nan,0,nan,0,nan,0,nan,0,nan,0
1597988323738396928,1597988324000000000,2020-08-21 13:38:44.000000,3728.0,3750.0,3716.0,3728.0,nan,3730.0,454455,8475585750.0,1262762,3730.0,477,3728.0,1125,nan,0,nan,0,nan,0,nan,0,nan,0,nan,0,nan,0,nan,0
1597988324251360000,1597988324000001024,2020-08-21 13:38:44.000001,3728.0,3750.0,3716.0,3728.0,nan,3730.0,454455,8475585750.0,1262762,3730.0,501,3728.0,1125,nan,0,nan,0,nan,0,nan,0,nan,0,nan,0,nan,0,nan,0
1597988324741742080,1597988325000000000,2020-08-21 13:38:45.000000,3730.0,3750.0,3716.0,3728.0,nan,3730.0,454456,8475604400.0,1262761,3730.0,501,3728.0,1125,nan,0,nan,0,nan,0,nan,0,nan,0,nan,0,nan,0,nan,0
1597988325791454976,1597988326000000000,2020-08-21 13:38:46.000000,3730.0,3750.0,3716.0,3728.0,nan,3730.0,454458,8475641700.0,1262761,3730.0,500,3728.0,1125,nan,0,nan,0,nan,0,nan,0,nan,0,nan,0,nan,0,nan,0
1597988326288282112,1597988326000001024,2020-08-21 13:38:46.000001,3730.0,3750.0,3716.0,3728.0,nan,3730.0,454458,8475641700.0,1262761,3730.0,419,3728.0,1125,nan,0,nan,0,nan,0,nan,0,nan,0,nan,0,nan,0,nan,0
1597988326773421056,1597988327000000000,2020-08-21 13:38:47.000000,3728.0,3750.0,3716.0,3728.0,nan,3730.0,454459,8475660350.0,1262761,3730.0,420,3728.0,1124,nan,0,nan,0,nan,0,nan,0,nan,0,nan,0,nan,0,nan,0
1597988327298294016,1597988327000001024,2020-08-21 13:38:47.000001,3728.0,3750.0,3716.0,3728.0,nan,3730.0,454459,8475660350.0,1262761,3730.0,422,3728.0,1124,nan,0,nan,0,nan,0,nan,0,nan,0,nan,0,nan,0,nan,0
1597988327759085056,1597988328000000000,2020-08-21 13:38:48.000000,3730.0,3750.0,3716.0,3728.0,nan,3730.0,454460,8475679000.0,1262762,3730.0,472,3728.0,1124,nan,0,nan,0,nan,0,nan,0,nan,0,nan,0,nan,0,nan,0
1597988328319304960,1597988328000001024,2020-08-21 13:38:48.000001,3730.0,3750.0,3716.0,3728.0,nan,3730.0,454460,8475679000.0,1262762,3730.0,480,3728.0,1124,nan,0,nan,0,nan,0,nan,0,nan,0,nan,0,nan,0,nan,0
1597988328821659904,1597988329000000000,2020-08-21 13:38:49.000000,3730.0,3750.0,3716.0,3728.0,nan,3730.0,454461,8475697650.0,1262763,3730.0,481,3728.0,1124,nan,0,nan,0,nan,0,nan,0,nan,0,nan,0,nan,0,nan,0
1597988329294223872,1597988329000001024,2020-08-21 13:38:49.000001,3730.0,3750.0,3716.0,3728.0,nan,3730.0,454461,8475697650.0,1262763,3730.0,480,3728.0,1125,nan,0,nan,0,nan,0,nan,0,nan,0,nan,0,nan,0,nan,0
1597988329751561984,1597988330000000000,2020-08-21 13:38:50.000000,3730.0,3750.0,3716.0,3728.0,nan,3730.0,454462,8475716300.0,1262764,3730.0,479,3728.0,1125,nan,0,nan,0,nan,0,nan,0,nan,0,nan,0,nan,0,nan,0
1597988330273586944,1597988330000001024,2020-08-21 13:38:50.000001,3730.0,3750.0,3716.0,3728.0,nan,3730.0,454478,8476014700.0,1262777,3730.0,465,3728.0,1126,nan,0,nan,0,nan,0,nan,0,nan,0,nan,0,nan,0,nan,0
1597988330801972992,1597988331000000000,2020-08-21 13:38:51.000000,3730.0,3750.0,3716.0,3728.0,nan,3730.0,454478,8476014700.0,1262777,3730.0,476,3728.0,1126,nan,0,nan,0,nan,0,nan,0,nan,0,nan,0,nan,0,nan,0
1597988331752816128,1597988332000000000,2020-08-21 13:38:52.000000,3730.0,3750.0,3716.0,3728.0,nan,3730.0,454478,8476014700.0,1262777,3730.0,476,3728.0,1127,nan,0,nan,0,nan,0,nan,0,nan,0,nan,0,nan,0,nan,0
1597988332285658880,1597988332000001024,2020-08-21 13:38:52.000001,3730.0,3750.0,3716.0,3728.0,nan,3730.0,454478,8476014700.0,1262777,3730.0,478,3728.0,1128,nan,0,nan,0,nan,0,nan,0,nan,0,nan,0,nan,0,nan,0
1597988332744432896,1597988333000000000,2020-08-21 13:38:53.000000,3730.0,3750.0,3716.0,3728.0,nan,3730.0,454478,8476014700.0,1262777,3730.0,479,3728.0,1128,nan,0,nan,0,nan,0,nan,0,nan,0,nan,0,nan,0,nan,0
1597988333264151040,1597988333000001024,2020-08-21 13:38:53.000001,3730.0,3750.0,3716.0,3728.0,nan,3730.0,454478,8476014700.0,1262777,3730.0,483,3728.0,1128,nan,0,nan,0,nan,0,nan,0,nan,0,nan,0,nan,0,nan,0
1597988333815366912,1597988334000000000,2020-08-21 13:38:54.000000,3730.0,3750.0,3716.0,3728.0,nan,3730.0,454479,8476033350.0,1262777,3730.0,482,3728.0,1128,nan,0,nan,0,nan,0,nan,0,nan,0,nan,0,nan,0,nan,0
1597988334267483904,1597988334000001024,2020-08-21 13:38:54.000001,3730.0,3750.0,3716.0,3728.0,nan,3730.0,454479,8476033350.0,1262777,3730.0,483,3728.0,1129,nan,0,nan,0,nan,0,nan,0,nan,0,nan,0,nan,0,nan,0
1597988334809955072,1597988335000000000,2020-08-21 13:38:55.000000,3730.0,3750.0,3716.0,3728.0,nan,3730.0,454480,8476052000.0,1262778,3730.0,482,3728.0,1129,nan,0,nan,0,nan,0,nan,0,nan,0,nan,0,nan,0,nan,0
1597988335253287936,1597988335000001024,2020-08-21 13:38:55.000001,3730.0,3750.0,3716.0,3728.0,nan,3730.0,454480,8476052000.0,1262778,3730.0,483,3728.0,1179,nan,0,nan,0,nan,0,nan,0,nan,0,nan,0,nan,0,nan,0
1597988336259717888,1597988336000001024,2020-08-21 13:38:56.000001,3730.0,3750.0,3716.0,3728.0,nan,3730.0,454480,8476052000.0,1262778,3730.0,545,3728.0,1178,nan,0,nan,0,nan,0,nan,0,nan,0,nan,0,nan,0,nan,0
1597988336763801088,1597988337000000000,2020-08-21 13:38:57.000000,3730.0,3750.0,3716.0,3728.0,nan,3730.0,454480,8476052000.0,1262778,3730.0,545,3728.0,1177,nan,0,nan,0,nan,0,nan,0,nan,0,nan,0,nan,0,nan,0
1597988337292268032,1597988337000001024,2020-08-21 13:38:57.000001,3728.0,3750.0,3716.0,3728.0,nan,3730.0,454482,8476089300.0,1262777,3730.0,546,3728.0,1175,nan,0,nan,0,nan,0,nan,0,nan,0,nan,0,nan,0,nan,0
1597988337872092928,1597988338000000000,2020-08-21 13:38:58.000000,3728.0,3750.0,3716.0,3728.0,nan,3730.0,454482,8476089300.0,1262777,3730.0,547,3728.0,1175,nan,0,nan,0,nan,0,nan,0,nan,0,nan,0,nan,0,nan,0
1597988338766617088,1597988339000000000,2020-08-21 13:38:59.000000,3728.0,3750.0,3716.0,3728.0,nan,3730.0,454489,8476219850.0,1262770,3730.0,547,3728.0,1168,nan,0,nan,0,nan,0,nan,0,nan,0,nan,0,nan,0,nan,0
1597988339347729920,1597988339000001024,2020-08-21 13:38:59.000001,3730.0,3750.0,3716.0,3728.0,nan,3730.0,454491,8476257150.0,1262772,3730.0,545,3728.0,1169,nan,0,nan,0,nan,0,nan,0,nan,0,nan,0,nan,0,nan,0
1597988339761093888,1597988340000000000,2020-08-21 13:39:00.000000,3730.0,3750.0,3716.0,3728.0,nan,3730.0,454591,8478122150.0,1262781,3730.0,445,3728.0,1169,nan,0,nan,0,nan,0,nan,0,nan,0,nan,0,nan,0,nan,0
1597988340256996096,1597988340000001024,2020-08-21 13:39:00.000001,3728.0,3750.0,3716.0,3728.0,nan,3730.0,454594,8478178100.0,1262781,3730.0,467,3728.0,1167,nan,0,nan,0,nan,0,nan,0,nan,0,nan,0,nan,0,nan,0
1597988340762787072,1597988341000000000,2020-08-21 13:39:01.000000,3728.0,3750.0,3716.0,3728.0,nan,3730.0,454597,8478234050.0,1262781,3730.0,520,3728.0,1164,nan,0,nan,0,nan,0,nan,0,nan,0,nan,0,nan,0,nan,0
1597988341266902016,1597988341000001024,2020-08-21 13:39:01.000001,3728.0,3750.0,3716.0,3728.0,nan,3730.0,454597,8478234050.0,1262781,3730.0,530,3728.0,1143,nan,0,nan,0,nan,0,nan,0,nan,0,nan,0,nan,0,nan,0
1597988341781505024,1597988342000000000,2020-08-21 13:39:02.000000,3728.0,3750.0,3716.0,3728.0,nan,3730.0,454597,8478234050.0,1262781,3730.0,540,3728.0,1144,nan,0,nan,0,nan,0,nan,0,nan,0,nan,0,nan,0,nan,0
1597988342762605056,1597988343000000000,2020-08-21 13:39:03.000000,3728.0,3750.0,3716.0,3728.0,nan,3730.0,454597,8478234050.0,1262781,3730.0,540,3728.0,1145,nan,0,nan,0,nan,0,nan,0,nan,0,nan,0,nan,0,nan,0
1597988343246164992,1597988343000001024,2020-08-21 13:39:03.000001,3728.0,3750.0,3716.0,3728.0,nan,3730.0,454597,8478234050.0,1262781,3730.0,540,3728.0,1147,nan,0,nan,0,nan,0,nan,0,nan,0,nan,0,nan,0,nan,0
1597988344252486912,1597988344000001024,2020-08-21 13:39:04.000001,3728.0,3750.0,3716.0,3728.0,nan,3730.0,454597,8478234050.0,1262781,3730.0,541,3728.0,1147,nan,0,nan,0,nan,0,nan,0,nan,0,nan,0,nan,0,nan,0
1597988344761526016,1597988345000000000,2020-08-21 13:39:05.000000,3728.0,3750.0,3716.0,3728.0,nan,3730.0,454597,8478234050.0,1262781,3730.0,541,3728.0,1148,nan,0,nan,0,nan,0,nan,0,nan,0,nan,0,nan,0,nan,0
1597988345783707904,1597988346000000000,2020-08-21 13:39:06.000000,3730.0,3750.0,3716.0,3728.0,nan,3730.0,454598,8478252700.0,1262781,3730.0,540,3728.0,1148,nan,0,nan,0,nan,0,nan,0,nan,0,nan,0,nan,0,nan,0
1597988346381920000,1597988346000001024,2020-08-21 13:39:06.000001,3730.0,3750.0,3716.0,3728.0,nan,3730.0,454599,8478271350.0,1262781,3730.0,540,3728.0,1148,nan,0,nan,0,nan,0,nan,0,nan,0,nan,0,nan,0,nan,0
1597988346861187072,1597988347000000000,2020-08-21 13:39:07.000000,3730.0,3750.0,3716.0,3728.0,nan,3730.0,454599,8478271350.0,1262781,3730.0,542,3728.0,1147,nan,0,nan,0,nan,0,nan,0,nan,0,nan,0,nan,0,nan,0
1597988347454746880,1597988347000001024,2020-08-21 13:39:07.000001,3730.0,3750.0,3716.0,3728.0,nan,3730.0,454602,8478327300.0,1262781,3730.0,539,3728.0,1148,nan,0,nan,0,nan,0,nan,0,nan,0,nan,0,nan,0,nan,0
1597988348262149888,1597988348000001024,2020-08-21 13:39:08.000001,3728.0,3750.0,3716.0,3728.0,nan,3730.0,454611,8478495150.0,1262773,3730.0,554,3728.0,1104,nan,0,nan,0,nan,0,nan,0,nan,0,nan,0,nan,0,nan,0
1597988348754414080,1597988349000000000,2020-08-21 13:39:09.000000,3728.0,3750.0,3716.0,3728.0,nan,3730.0,454611,8478495150.0,1262773,3730.0,584,3728.0,1094,nan,0,nan,0,nan,0,nan,0,nan,0,nan,0,nan,0,nan,0
1597988349268563968,1597988349000001024,2020-08-21 13:39:09.000001,3730.0,3750.0,3716.0,3728.0,nan,3730.0,454613,8478532450.0,1262772,3730.0,583,3728.0,1094,nan,0,nan,0,nan,0,nan,0,nan,0,nan,0,nan,0,nan,0
1597988350794801920,1597988351000000000,2020-08-21 13:39:11.000000,3730.0,3750.0,3716.0,3728.0,nan,3730.0,454613,8478532450.0,1262772,3730.0,585,3728.0,1095,nan,0,nan,0,nan,0,nan,0,nan,0,nan,0,nan,0,nan,0
1597988351265704960,1597988351000001024,2020-08-21 13:39:11.000001,3730.0,3750.0,3716.0,3728.0,nan,3730.0,454613,8478532450.0,1262772,3730.0,586,3728.0,1106,nan,0,nan,0,nan,0,nan,0,nan,0,nan,0,nan,0,nan,0
1597988351783467008,1597988352000000000,2020-08-21 13:39:12.000000,3730.0,3750.0,3716.0,3728.0,nan,3730.0,454613,8478532450.0,1262772,3730.0,587,3728.0,1107,nan,0,nan,0,nan,0,nan,0,nan,0,nan,0,nan,0,nan,0
1597988352401195008,1597988352000001024,2020-08-21 13:39:12.000001,3728.0,3750.0,3716.0,3728.0,nan,3730.0,454614,8478551100.0,1262772,3730.0,587,3728.0,1107,nan,0,nan,0,nan,0,nan,0,nan,0,nan,0,nan,0,nan,0
1597988352860271104,1597988353000000000,2020-08-21 13:39:13.000000,3728.0,3750.0,3716.0,3728.0,nan,3730.0,454614,8478551100.0,1262772,3730.0,588,3728.0,1107,nan,0,nan,0,nan,0,nan,0,nan,0,nan,0,nan,0,nan,0
1597988353264951040,1597988353000001024,2020-08-21 13:39:13.000001,3728.0,3750.0,3716.0,3728.0,nan,3730.0,454617,8478607050.0,1262774,3730.0,580,3728.0,1203,nan,0,nan,0,nan,0,nan,0,nan,0,nan,0,nan,0,nan,0
1597988353772683008,1597988354000000000,2020-08-21 13:39:14.000000,3728.0,3750.0,3716.0,3728.0,nan,3730.0,454617,8478607050.0,1262774,3730.0,575,3728.0,1205,nan,0,nan,0,nan,0,nan,0,nan,0,nan,0,nan,0,nan,0
1597988354256355072,1597988354000001024,2020-08-21 13:39:14.000001,3730.0,3750.0,3716.0,3728.0,nan,3730.0,454620,8478663000.0,1262774,3730.0,572,3728.0,1205,nan,0,nan,0,nan,0,nan,0,nan,0,nan,0,nan,0,nan,0
1597988354751982080,1597988355000000000,2020-08-21 13:39:15.000000,3730.0,3750.0,3716.0,3728.0,nan,3730.0,454620,8478663000.0,1262774,3730.0,573,3728.0,1207,nan,0,nan,0,nan,0,nan,0,nan,0,nan,0,nan,0,nan,0
1597988355751420928,1597988356000000000,2020-08-21 13:39:16.000000,3730.0,3750.0,3716.0,3728.0,nan,3730.0,454620,8478663000.0,1262774,3730.0,573,3728.0,1201,nan,0,nan,0,nan,0,nan,0,nan,0,nan,0,nan,0,nan,0
1597988356253052928,1597988356000001024,2020-08-21 13:39:16.000001,3730.0,3750.0,3716.0,3728.0,nan,3730.0,454633,8478905450.0,1262774,3730.0,560,3728.0,1201,nan,0,nan,0,nan,0,nan,0,nan,0,nan,0,nan,0,nan,0
1597988356753431040,1597988357000000000,2020-08-21 13:39:17.000000,3730.0,3750.0,3716.0,3728.0,nan,3730.0,454633,8478905450.0,1262774,3730.0,561,3728.0,1202,nan,0,nan,0,nan,0,nan,0,nan,0,nan,0,nan,0,nan,0
1597988357256733952,1597988357000001024,2020-08-21 13:39:17.000001,3730.0,3750.0,3716.0,3728.0,nan,3730.0,454633,8478905450.0,1262774,3730.0,560,3728.0,1202,nan,0,nan,0,nan,0,nan,0,nan,0,nan,0,nan,0,nan,0
1597988357757701888,1597988358000000000,2020-08-21 13:39:18.000000,3730.0,3750.0,3716.0,3728.0,nan,3730.0,454633,8478905450.0,1262774,3730.0,558,3728.0,1202,nan,0,nan,0,nan,0,nan,0,nan,0,nan,0,nan,0,nan,0
1597988358258546944,1597988358000001024,2020-08-21 13:39:18.000001,3728.0,3750.0,3716.0,3728.0,nan,3730.0,454635,8478942750.0,1262775,3730.0,628,3728.0,1200,nan,0,nan,0,nan,0,nan,0,nan,0,nan,0,nan,0,nan,0
1597988358752979968,1597988359000000000,2020-08-21 13:39:19.000000,3728.0,3750.0,3716.0,3728.0,nan,3730.0,454635,8478942750.0,1262775,3730.0,630,3728.0,1201,nan,0,nan,0,nan,0,nan,0,nan,0,nan,0,nan,0,nan,0
1597988359264481024,1597988359000001024,2020-08-21 13:39:19.000001,3728.0,3750.0,3716.0,3728.0,nan,3730.0,454635,8478942750.0,1262775,3730.0,640,3728.0,1201,nan,0,nan,0,nan,0,nan,0,nan,0,nan,0,nan,0,nan,0
1597988359753108992,1597988360000000000,2020-08-21 13:39:20.000000,3728.0,3750.0,3716.0,3728.0,nan,3730.0,454635,8478942750.0,1262775,3730.0,650,3728.0,1201,nan,0,nan,0,nan,0,nan,0,nan,0,nan,0,nan,0,nan,0
1597988360257225984,1597988360000001024,2020-08-21 13:39:20.000001,3728.0,3750.0,3716.0,3728.0,nan,3730.0,454635,8478942750.0,1262775,3730.0,670,3728.0,1204,nan,0,nan,0,nan,0,nan,0,nan,0,nan,0,nan,0,nan,0
1597988361759574016,1597988362000000000,2020-08-21 13:39:22.000000,3728.0,3750.0,3716.0,3728.0,nan,3730.0,454635,8478942750.0,1262775,3730.0,671,3728.0,1204,nan,0,nan,0,nan,0,nan,0,nan,0,nan,0,nan,0,nan,0
1597988362263323904,1597988362000001024,2020-08-21 13:39:22.000001,3728.0,3750.0,3716.0,3728.0,nan,3730.0,454635,8478942750.0,1262775,3730.0,671,3728.0,1209,nan,0,nan,0,nan,0,nan,0,nan,0,nan,0,nan,0,nan,0
1597988363760580096,1597988364000000000,2020-08-21 13:39:24.000000,3728.0,3750.0,3716.0,3728.0,nan,3730.0,454636,8478961400.0,1262775,3730.0,671,3728.0,1212,nan,0,nan,0,nan,0,nan,0,nan,0,nan,0,nan,0,nan,0
1597988364263834880,1597988364000001024,2020-08-21 13:39:24.000001,3730.0,3750.0,3716.0,3728.0,nan,3730.0,454642,8479073300.0,1262769,3730.0,665,3728.0,1215,nan,0,nan,0,nan,0,nan,0,nan,0,nan,0,nan,0,nan,0
1597988364764146944,1597988365000000000,2020-08-21 13:39:25.000000,3730.0,3750.0,3716.0,3728.0,nan,3730.0,454642,8479073300.0,1262769,3730.0,695,3728.0,1215,nan,0,nan,0,nan,0,nan,0,nan,0,nan,0,nan,0,nan,0
1597988366263031040,1597988366000001024,2020-08-21 13:39:26.000001,3728.0,3750.0,3716.0,3728.0,nan,3730.0,454644,8479110600.0,1262771,3730.0,699,3728.0,1213,nan,0,nan,0,nan,0,nan,0,nan,0,nan,0,nan,0,nan,0
1597988366783899904,1597988367000000000,2020-08-21 13:39:27.000000,3728.0,3750.0,3716.0,3728.0,nan,3730.0,454645,8479129250.0,1262771,3730.0,699,3728.0,1212,nan,0,nan,0,nan,0,nan,0,nan,0,nan,0,nan,0,nan,0
1597988367762910976,1597988368000000000,2020-08-21 13:39:28.000000,3728.0,3750.0,3716.0,3728.0,nan,3730.0,454646,8479147900.0,1262772,3730.0,699,3728.0,1211,nan,0,nan,0,nan,0,nan,0,nan,0,nan,0,nan,0,nan,0
1597988368761804032,1597988369000000000,2020-08-21 13:39:29.000000,3728.0,3750.0,3716.0,3728.0,nan,3730.0,454648,8479185200.0,1262774,3730.0,699,3728.0,1209,nan,0,nan,0,nan,0,nan,0,nan,0,nan,0,nan,0,nan,0
1597988369268274944,1597988369000001024,2020-08-21 13:39:29.000001,3728.0,3750.0,3716.0,3728.0,nan,3730.0,454648,8479185200.0,1262774,3730.0,691,3728.0,1209,nan,0,nan,0,nan,0,nan,0,nan,0,nan,0,nan,0,nan,0
1597988369770455040,1597988370000000000,2020-08-21 13:39:30.000000,3728.0,3750.0,3716.0,3728.0,nan,3730.0,454648,8479185200.0,1262774,3730.0,701,3728.0,1210,nan,0,nan,0,nan,0,nan,0,nan,0,nan,0,nan,0,nan,0
1597988370299909888,1597988370000001024,2020-08-21 13:39:30.000001,3730.0,3750.0,3716.0,3728.0,nan,3730.0,454649,8479203850.0,1262773,3730.0,700,3728.0,1210,nan,0,nan,0,nan,0,nan,0,nan,0,nan,0,nan,0,nan,0
1597988370770817024,1597988371000000000,2020-08-21 13:39:31.000000,3728.0,3750.0,3716.0,3728.0,nan,3730.0,454650,8479222500.0,1262774,3730.0,700,3728.0,1210,nan,0,nan,0,nan,0,nan,0,nan,0,nan,0,nan,0,nan,0
1597988371273096960,1597988371000001024,2020-08-21 13:39:31.000001,3728.0,3750.0,3716.0,3728.0,nan,3730.0,454651,8479241150.0,1262775,3730.0,700,3728.0,1208,nan,0,nan,0,nan,0,nan,0,nan,0,nan,0,nan,0,nan,0
1597988372809155072,1597988373000000000,2020-08-21 13:39:33.000000,3728.0,3750.0,3716.0,3728.0,nan,3730.0,454651,8479241150.0,1262775,3730.0,700,3728.0,1209,nan,0,nan,0,nan,0,nan,0,nan,0,nan,0,nan,0,nan,0
1597988373264366080,1597988373000001024,2020-08-21 13:39:33.000001,3728.0,3750.0,3716.0,3728.0,nan,3730.0,454713,8480397450.0,1262777,3730.0,586,3728.0,1207,nan,0,nan,0,nan,0,nan,0,nan,0,nan,0,nan,0,nan,0
1597988373772898048,1597988374000000000,2020-08-21 13:39:34.000000,3728.0,3750.0,3716.0,3728.0,nan,3730.0,454714,8480416100.0,1262778,3730.0,525,3728.0,1216,nan,0,nan,0,nan,0,nan,0,nan,0,nan,0,nan,0,nan,0
1597988374271011072,1597988374000001024,2020-08-21 13:39:34.000001,3730.0,3750.0,3716.0,3728.0,nan,3730.0,454716,8480453400.0,1262778,3730.0,559,3728.0,1215,nan,0,nan,0,nan,0,nan,0,nan,0,nan,0,nan,0,nan,0
1597988374793937920,1597988375000000000,2020-08-21 13:39:35.000000,3730.0,3750.0,3716.0,3728.0,nan,3730.0,454723,8480583950.0,1262778,3730.0,552,3728.0,1206,nan,0,nan,0,nan,0,nan,0,nan,0,nan,0,nan,0,nan,0
1597988375266041088,1597988375000001024,2020-08-21 13:39:35.000001,3730.0,3750.0,3716.0,3728.0,nan,3730.0,454724,8480602600.0,1262778,3730.0,651,3728.0,1206,nan,0,nan,0,nan,0,nan,0,nan,0,nan,0,nan,0,nan,0
1597988375769975040,1597988376000000000,2020-08-21 13:39:36.000000,3730.0,3750.0,3716.0,3728.0,nan,3730.0,454724,8480602600.0,1262778,3730.0,651,3728.0,1211,nan,0,nan,0,nan,0,nan,0,nan,0,nan,0,nan,0,nan,0
1597988377275318016,1597988377000001024,2020-08-21 13:39:37.000001,3728.0,3750.0,3716.0,3728.0,nan,3730.0,454734,8480789100.0,1262777,3730.0,651,3728.0,1199,nan,0,nan,0,nan,0,nan,0,nan,0,nan,0,nan,0,nan,0
1597988377776608000,1597988378000000000,2020-08-21 13:39:38.000000,3730.0,3750.0,3716.0,3728.0,nan,3730.0,454735,8480807750.0,1262777,3730.0,650,3728.0,1201,nan,0,nan,0,nan,0,nan,0,nan,0,nan,0,nan,0,nan,0
1597988379267942912,1597988379000001024,2020-08-21 13:39:39.000001,3730.0,3750.0,3716.0,3728.0,nan,3730.0,454735,8480807750.0,1262777,3730.0,650,3728.0,1202,nan,0,nan,0,nan,0,nan,0,nan,0,nan,0,nan,0,nan,0
1597988379761946880,1597988380000000000,2020-08-21 13:39:40.000000,3730.0,3750.0,3716.0,3728.0,nan,3730.0,454736,8480826400.0,1262777,3730.0,649,3728.0,1203,nan,0,nan,0,nan,0,nan,0,nan,0,nan,0,nan,0,nan,0
1597988380269661952,1597988380000001024,2020-08-21 13:39:40.000001,3728.0,3750.0,3716.0,3728.0,nan,3730.0,454737,8480845050.0,1262778,3730.0,650,3728.0,1203,nan,0,nan,0,nan,0,nan,0,nan,0,nan,0,nan,0,nan,0
1597988380772242944,1597988381000000000,2020-08-21 13:39:41.000000,3730.0,3750.0,3716.0,3728.0,nan,3730.0,454742,8480938300.0,1262778,3730.0,674,3728.0,1201,nan,0,nan,0,nan,0,nan,0,nan,0,nan,0,nan,0,nan,0
1597988381262902016,1597988381000001024,2020-08-21 13:39:41.000001,3730.0,3750.0,3716.0,3728.0,nan,3730.0,454742,8480938300.0,1262778,3730.0,676,3728.0,1201,nan,0,nan,0,nan,0,nan,0,nan,0,nan,0,nan,0,nan,0
1597988381753972992,1597988382000000000,2020-08-21 13:39:42.000000,3728.0,3750.0,3716.0,3728.0,nan,3730.0,454743,8480956950.0,1262778,3730.0,676,3728.0,1200,nan,0,nan,0,nan,0,nan,0,nan,0,nan,0,nan,0,nan,0
1597988382768860928,1597988383000000000,2020-08-21 13:39:43.000000,3728.0,3750.0,3716.0,3728.0,nan,3730.0,454743,8480956950.0,1262778,3730.0,718,3728.0,1200,nan,0,nan,0,nan,0,nan,0,nan,0,nan,0,nan,0,nan,0
1597988383266949120,1597988383000001024,2020-08-21 13:39:43.000001,3730.0,3750.0,3716.0,3728.0,nan,3730.0,454748,8481050200.0,1262779,3730.0,716,3728.0,1199,nan,0,nan,0,nan,0,nan,0,nan,0,nan,0,nan,0,nan,0
1597988383767962112,1597988384000000000,2020-08-21 13:39:44.000000,3730.0,3750.0,3716.0,3728.0,nan,3730.0,454748,8481050200.0,1262779,3730.0,752,3728.0,1200,nan,0,nan,0,nan,0,nan,0,nan,0,nan,0,nan,0,nan,0
1597988384269097984,1597988384000001024,2020-08-21 13:39:44.000001,3730.0,3750.0,3716.0,3728.0,nan,3730.0,454749,8481068850.0,1262778,3730.0,851,3728.0,1200,nan,0,nan,0,nan,0,nan,0,nan,0,nan,0,nan,0,nan,0
1597988384766105088,1597988385000000000,2020-08-21 13:39:45.000000,3730.0,3750.0,3716.0,3728.0,nan,3730.0,454749,8481068850.0,1262778,3730.0,852,3728.0,1200,nan,0,nan,0,nan,0,nan,0,nan,0,nan,0,nan,0,nan,0
1597988385274980096,1597988385000001024,2020-08-21 13:39:45.000001,3730.0,3750.0,3716.0,3728.0,nan,3730.0,454749,8481068850.0,1262778,3730.0,912,3728.0,1200,nan,0,nan,0,nan,0,nan,0,nan,0,nan,0,nan,0,nan,0
1597988385767968000,1597988386000000000,2020-08-21 13:39:46.000000,3730.0,3750.0,3716.0,3728.0,nan,3730.0,454749,8481068850.0,1262778,3730.0,912,3728.0,1198,nan,0,nan,0,nan,0,nan,0,nan,0,nan,0,nan,0,nan,0
1597988386271766016,1597988386000001024,2020-08-21 13:39:46.000001,3730.0,3750.0,3716.0,3728.0,nan,3730.0,454749,8481068850.0,1262778,3730.0,912,3728.0,1193,nan,0,nan,0,nan,0,nan,0,nan,0,nan,0,nan,0,nan,0
1597988389270025984,1597988389000001024,2020-08-21 13:39:49.000001,3730.0,3750.0,3716.0,3728.0,nan,3730.0,454752,8481124800.0,1262778,3730.0,909,3728.0,1193,nan,0,nan,0,nan,0,nan,0,nan,0,nan,0,nan,0,nan,0
1597988389765491968,1597988390000000000,2020-08-21 13:39:50.000000,3730.0,3750.0,3716.0,3728.0,nan,3730.0,454753,8481143450.0,1262778,3730.0,908,3728.0,1193,nan,0,nan,0,nan,0,nan,0,nan,0,nan,0,nan,0,nan,0
1597988390269020928,1597988390000001024,2020-08-21 13:39:50.000001,3730.0,3750.0,3716.0,3728.0,nan,3730.0,454753,8481143450.0,1262778,3730.0,912,3728.0,1193,nan,0,nan,0,nan,0,nan,0,nan,0,nan,0,nan,0,nan,0
1597988390778714880,1597988391000000000,2020-08-21 13:39:51.000000,3728.0,3750.0,3716.0,3728.0,nan,3730.0,454754,8481162100.0,1262779,3730.0,932,3728.0,1192,nan,0,nan,0,nan,0,nan,0,nan,0,nan,0,nan,0,nan,0
1597988391279260928,1597988391000001024,2020-08-21 13:39:51.000001,3730.0,3750.0,3716.0,3728.0,nan,3730.0,455211,8489685150.0,1263228,3730.0,930,3728.0,741,nan,0,nan,0,nan,0,nan,0,nan,0,nan,0,nan,0,nan,0
1597988391770579968,1597988392000000000,2020-08-21 13:39:52.000000,3730.0,3750.0,3716.0,3728.0,nan,3730.0,455211,8489685150.0,1263228,3730.0,930,3728.0,742,nan,0,nan,0,nan,0,nan,0,nan,0,nan,0,nan,0,nan,0
1597988392275917056,1597988392000001024,2020-08-21 13:39:52.000001,3730.0,3750.0,3716.0,3728.0,nan,3730.0,455211,8489685150.0,1263228,3730.0,932,3728.0,742,nan,0,nan,0,nan,0,nan,0,nan,0,nan,0,nan,0,nan,0
1597988392772068096,1597988393000000000,2020-08-21 13:39:53.000000,3728.0,3750.0,3716.0,3728.0,nan,3730.0,455227,8489983550.0,1263228,3730.0,937,3728.0,726,nan,0,nan,0,nan,0,nan,0,nan,0,nan,0,nan,0,nan,0
1597988393276069120,1597988393000001024,2020-08-21 13:39:53.000001,3730.0,3750.0,3716.0,3728.0,nan,3730.0,455229,8490020850.0,1263229,3730.0,936,3728.0,720,nan,0,nan,0,nan,0,nan,0,nan,0,nan,0,nan,0,nan,0
1597988393772006912,1597988394000000000,2020-08-21 13:39:54.000000,3728.0,3750.0,3716.0,3728.0,nan,3730.0,455234,8490114100.0,1263229,3730.0,966,3728.0,715,nan,0,nan,0,nan,0,nan,0,nan,0,nan,0,nan,0,nan,0
1597988395271983104,1597988395000001024,2020-08-21 13:39:55.000001,3728.0,3750.0,3716.0,3728.0,nan,3730.0,455234,8490114100.0,1263229,3730.0,968,3728.0,717,nan,0,nan,0,nan,0,nan,0,nan,0,nan,0,nan,0,nan,0
1597988395773455104,1597988396000000000,2020-08-21 13:39:56.000000,3728.0,3750.0,3716.0,3728.0,nan,3730.0,455234,8490114100.0,1263229,3730.0,965,3728.0,717,nan,0,nan,0,nan,0,nan,0,nan,0,nan,0,nan,0,nan,0
1597988396282266880,1597988396000001024,2020-08-21 13:39:56.000001,3728.0,3750.0,3716.0,3728.0,nan,3730.0,455237,8490170050.0,1263232,3730.0,966,3728.0,714,nan,0,nan,0,nan,0,nan,0,nan,0,nan,0,nan,0,nan,0
1597988396767695872,1597988397000000000,2020-08-21 13:39:57.000000,3728.0,3750.0,3716.0,3728.0,nan,3730.0,455239,8490207350.0,1263232,3730.0,972,3728.0,713,nan,0,nan,0,nan,0,nan,0,nan,0,nan,0,nan,0,nan,0
1597988397272758016,1597988397000001024,2020-08-21 13:39:57.000001,3730.0,3750.0,3716.0,3728.0,nan,3730.0,455242,8490263300.0,1263233,3730.0,970,3728.0,712,nan,0,nan,0,nan,0,nan,0,nan,0,nan,0,nan,0,nan,0
1597988397788144128,1597988398000000000,2020-08-21 13:39:58.000000,3728.0,3750.0,3716.0,3728.0,nan,3730.0,455248,8490375200.0,1263233,3730.0,969,3728.0,706,nan,0,nan,0,nan,0,nan,0,nan,0,nan,0,nan,0,nan,0
1597988398269206016,1597988398000001024,2020-08-21 13:39:58.000001,3728.0,3750.0,3716.0,3728.0,nan,3730.0,455248,8490375200.0,1263233,3730.0,972,3728.0,718,nan,0,nan,0,nan,0,nan,0,nan,0,nan,0,nan,0,nan,0
1597988398784371968,1597988399000000000,2020-08-21 13:39:59.000000,3730.0,3750.0,3716.0,3728.0,nan,3730.0,455250,8490412500.0,1263233,3730.0,971,3728.0,717,nan,0,nan,0,nan,0,nan,0,nan,0,nan,0,nan,0,nan,0
1597988399286180096,1597988399000001024,2020-08-21 13:39:59.000001,3730.0,3750.0,3716.0,3728.0,nan,3730.0,455250,8490412500.0,1263233,3730.0,986,3728.0,717,nan,0,nan,0,nan,0,nan,0,nan,0,nan,0,nan,0,nan,0
1597988399831621120,1597988400000000000,2020-08-21 13:40:00.000000,3730.0,3750.0,3716.0,3728.0,nan,3730.0,455250,8490412500.0,1263233,3730.0,1016,3728.0,717,nan,0,nan,0,nan,0,nan,0,nan,0,nan,0,nan,0,nan,0
1597988400279028992,1597988400000001024,2020-08-21 13:40:00.000001,3730.0,3750.0,3716.0,3728.0,nan,3730.0,455250,8490412500.0,1263233,3730.0,1027,3728.0,717,nan,0,nan,0,nan,0,nan,0,nan,0,nan,0,nan,0,nan,0
1597988400780345088,1597988401000000000,2020-08-21 13:40:01.000000,3728.0,3750.0,3716.0,3728.0,nan,3730.0,455256,8490524400.0,1263237,3730.0,1027,3728.0,730,nan,0,nan,0,nan,0,nan,0,nan,0,nan,0,nan,0,nan,0
1597988401268968960,1597988401000001024,2020-08-21 13:40:01.000001,3728.0,3750.0,3716.0,3728.0,nan,3730.0,455256,8490524400.0,1263237,3730.0,1038,3728.0,730,nan,0,nan,0,nan,0,nan,0,nan,0,nan,0,nan,0,nan,0
1597988401783878912,1597988402000000000,2020-08-21 13:40:02.000000,3728.0,3750.0,3716.0,3728.0,nan,3730.0,455258,8490561700.0,1263236,3730.0,1038,3728.0,728,nan,0,nan,0,nan,0,nan,0,nan,0,nan,0,nan,0,nan,0
1597988402284702976,1597988402000001024,2020-08-21 13:40:02.000001,3728.0,3750.0,3716.0,3728.0,nan,3730.0,455259,8490580350.0,1263237,3730.0,1053,3728.0,727,nan,0,nan,0,nan,0,nan,0,nan,0,nan,0,nan,0,nan,0
1597988402782237952,1597988403000000000,2020-08-21 13:40:03.000000,3728.0,3750.0,3716.0,3728.0,nan,3730.0,455264,8490673600.0,1263237,3730.0,1054,3728.0,722,nan,0,nan,0,nan,0,nan,0,nan,0,nan,0,nan,0,nan,0
1597988403287098112,1597988403000001024,2020-08-21 13:40:03.000001,3728.0,3750.0,3716.0,3728.0,nan,3730.0,455264,8490673600.0,1263237,3730.0,1054,3728.0,729,nan,0,nan,0,nan,0,nan,0,nan,0,nan,0,nan,0,nan,0
1597988403778029056,1597988404000000000,2020-08-21 13:40:04.000000,3730.0,3750.0,3716.0,3728.0,nan,3730.0,455269,8490766850.0,1263232,3730.0,1049,3728.0,729,nan,0,nan,0,nan,0,nan,0,nan,0,nan,0,nan,0,nan,0
1597988404289636096,1597988404000001024,2020-08-21 13:40:04.000001,3730.0,3750.0,3716.0,3728.0,nan,3730.0,455269,8490766850.0,1263232,3730.0,1106,3728.0,729,nan,0,nan,0,nan,0,nan,0,nan,0,nan,0,nan,0,nan,0
1597988404773229056,1597988405000000000,2020-08-21 13:40:05.000000,3730.0,3750.0,3716.0,3728.0,nan,3730.0,455269,8490766850.0,1263232,3730.0,1157,3728.0,724,nan,0,nan,0,nan,0,nan,0,nan,0,nan,0,nan,0,nan,0
1597988405279752960,1597988405000001024,2020-08-21 13:40:05.000001,3730.0,3750.0,3716.0,3728.0,nan,3730.0,455269,8490766850.0,1263232,3730.0,1177,3728.0,727,nan,0,nan,0,nan,0,nan,0,nan,0,nan,0,nan,0,nan,0
1597988405776942080,1597988406000000000,2020-08-21 13:40:06.000000,3730.0,3750.0,3716.0,3728.0,nan,3730.0,455269,8490766850.0,1263232,3730.0,1182,3728.0,717,nan,0,nan,0,nan,0,nan,0,nan,0,nan,0,nan,0,nan,0
1597988406285582080,1597988406000001024,2020-08-21 13:40:06.000001,3730.0,3750.0,3716.0,3728.0,nan,3730.0,455269,8490766850.0,1263232,3730.0,1225,3728.0,717,nan,0,nan,0,nan,0,nan,0,nan,0,nan,0,nan,0,nan,0
1597988406790444032,1597988407000000000,2020-08-21 13:40:07.000000,3730.0,3750.0,3716.0,3728.0,nan,3730.0,455272,8490822800.0,1263232,3730.0,1232,3728.0,718,nan,0,nan,0,nan,0,nan,0,nan,0,nan,0,nan,0,nan,0
1597988407779757056,1597988408000000000,2020-08-21 13:40:08.000000,3730.0,3750.0,3716.0,3728.0,nan,3730.0,455272,8490822800.0,1263232,3730.0,1235,3728.0,718,nan,0,nan,0,nan,0,nan,0,nan,0,nan,0,nan,0,nan,0
1597988408281974016,1597988408000001024,2020-08-21 13:40:08.000001,3730.0,3750.0,3716.0,3728.0,nan,3730.0,455272,8490822800.0,1263232,3730.0,1238,3728.0,718,nan,0,nan,0,nan,0,nan,0,nan,0,nan,0,nan,0,nan,0
1597988408869880064,1597988409000000000,2020-08-21 13:40:09.000000,3728.0,3750.0,3716.0,3728.0,nan,3730.0,455275,8490878750.0,1263235,3730.0,1238,3728.0,715,nan,0,nan,0,nan,0,nan,0,nan,0,nan,0,nan,0,nan,0
1597988409273786112,1597988409000001024,2020-08-21 13:40:09.000001,3728.0,3750.0,3716.0,3728.0,nan,3730.0,455275,8490878750.0,1263235,3730.0,1252,3728.0,715,nan,0,nan,0,nan,0,nan,0,nan,0,nan,0,nan,0,nan,0
1597988409767212032,1597988410000000000,2020-08-21 13:40:10.000000,3728.0,3750.0,3716.0,3728.0,nan,3730.0,455275,8490878750.0,1263235,3730.0,1253,3728.0,715,nan,0,nan,0,nan,0,nan,0,nan,0,nan,0,nan,0,nan,0
1597988410280131072,1597988410000001024,2020-08-21 13:40:10.000001,3728.0,3750.0,3716.0,3728.0,nan,3730.0,455275,8490878750.0,1263235,3730.0,1255,3728.0,715,nan,0,nan,0,nan,0,nan,0,nan,0,nan,0,nan,0,nan,0
1597988410778176000,1597988411000000000,2020-08-21 13:40:11.000000,3728.0,3750.0,3716.0,3728.0,nan,3730.0,455275,8490878750.0,1263235,3730.0,1265,3728.0,720,nan,0,nan,0,nan,0,nan,0,nan,0,nan,0,nan,0,nan,0
1597988411283557888,1597988411000001024,2020-08-21 13:40:11.000001,3728.0,3750.0,3716.0,3728.0,nan,3730.0,455277,8490916050.0,1263237,3730.0,1266,3728.0,719,nan,0,nan,0,nan,0,nan,0,nan,0,nan,0,nan,0,nan,0
1597988411793743104,1597988412000000000,2020-08-21 13:40:12.000000,3728.0,3750.0,3716.0,3728.0,nan,3730.0,455279,8490953350.0,1263238,3730.0,1265,3728.0,720,nan,0,nan,0,nan,0,nan,0,nan,0,nan,0,nan,0,nan,0
1597988412287789056,1597988412000001024,2020-08-21 13:40:12.000001,3728.0,3750.0,3716.0,3728.0,nan,3730.0,455279,8490953350.0,1263238,3730.0,1268,3728.0,720,nan,0,nan,0,nan,0,nan,0,nan,0,nan,0,nan,0,nan,0
1597988412789931008,1597988413000000000,2020-08-21 13:40:13.000000,3730.0,3750.0,3716.0,3728.0,nan,3730.0,455281,8490990650.0,1263239,3730.0,1318,3728.0,719,nan,0,nan,0,nan,0,nan,0,nan,0,nan,0,nan,0,nan,0
1597988413281339904,1597988413000001024,2020-08-21 13:40:13.000001,3728.0,3750.0,3716.0,3728.0,nan,3730.0,455282,8491009300.0,1263240,3730.0,1385,3728.0,718,nan,0,nan,0,nan,0,nan,0,nan,0,nan,0,nan,0,nan,0
1597988413786742016,1597988414000000000,2020-08-21 13:40:14.000000,3730.0,3750.0,3716.0,3728.0,nan,3730.0,455286,8491083900.0,1263236,3730.0,1411,3728.0,718,nan,0,nan,0,nan,0,nan,0,nan,0,nan,0,nan,0,nan,0
1597988414280773120,1597988414000001024,2020-08-21 13:40:14.000001,3728.0,3750.0,3716.0,3728.0,nan,3730.0,455292,8491195800.0,1263242,3730.0,1426,3728.0,712,nan,0,nan,0,nan,0,nan,0,nan,0,nan,0,nan,0,nan,0
1597988414794360064,1597988415000000000,2020-08-21 13:40:15.000000,3728.0,3750.0,3716.0,3728.0,nan,3730.0,455294,8491233100.0,1263243,3730.0,1426,3728.0,710,nan,0,nan,0,nan,0,nan,0,nan,0,nan,0,nan,0,nan,0
1597988415788442880,1597988416000000000,2020-08-21 13:40:16.000000,3728.0,3750.0,3716.0,3728.0,nan,3730.0,455318,8491680700.0,1263255,3730.0,1424,3728.0,686,nan,0,nan,0,nan,0,nan,0,nan,0,nan,0,nan,0,nan,0
1597988416301412096,1597988416000001024,2020-08-21 13:40:16.000001,3728.0,3750.0,3716.0,3728.0,nan,3730.0,455320,8491718000.0,1263254,3730.0,1426,3728.0,625,nan,0,nan,0,nan,0,nan,0,nan,0,nan,0,nan,0,nan,0
1597988416792839936,1597988417000000000,2020-08-21 13:40:17.000000,3728.0,3750.0,3716.0,3728.0,nan,3730.0,455946,8503392900.0,1263682,3728.0,266,3726.0,833,nan,0,nan,0,nan,0,nan,0,nan,0,nan,0,nan,0,nan,0
1597988417284901888,1597988417000001024,2020-08-21 13:40:17.000001,3726.0,3750.0,3716.0,3728.0,nan,3730.0,455954,8503542100.0,1263688,3728.0,539,3726.0,625,nan,0,nan,0,nan,0,nan,0,nan,0,nan,0,nan,0,nan,0
1597988417801017088,1597988418000000000,2020-08-21 13:40:18.000000,3726.0,3750.0,3716.0,3728.0,nan,3730.0,455958,8503616700.0,1263689,3728.0,619,3726.0,616,nan,0,nan,0,nan,0,nan,0,nan,0,nan,0,nan,0,nan,0
1597988418285722880,1597988418000001024,2020-08-21 13:40:18.000001,3726.0,3750.0,3716.0,3728.0,nan,3730.0,455959,8503635350.0,1263690,3728.0,652,3726.0,613,nan,0,nan,0,nan,0,nan,0,nan,0,nan,0,nan,0,nan,0
1597988418792369920,1597988419000000000,2020-08-21 13:40:19.000000,3726.0,3750.0,3716.0,3728.0,nan,3730.0,455964,8503728600.0,1263690,3728.0,687,3726.0,608,nan,0,nan,0,nan,0,nan,0,nan,0,nan,0,nan,0,nan,0
1597988419289841920,1597988419000001024,2020-08-21 13:40:19.000001,3728.0,3750.0,3716.0,3728.0,nan,3730.0,455966,8503765900.0,1263690,3728.0,688,3726.0,608,nan,0,nan,0,nan,0,nan,0,nan,0,nan,0,nan,0,nan,0
1597988419790888960,1597988420000000000,2020-08-21 13:40:20.000000,3728.0,3750.0,3716.0,3728.0,nan,3730.0,455968,8503803200.0,1263692,3728.0,686,3726.0,608,nan,0,nan,0,nan,0,nan,0,nan,0,nan,0,nan,0,nan,0
1597988420285918976,1597988420000001024,2020-08-21 13:40:20.000001,3726.0,3750.0,3716.0,3728.0,nan,3730.0,456063,8505574950.0,1263784,3728.0,690,3726.0,543,nan,0,nan,0,nan,0,nan,0,nan,0,nan,0,nan,0,nan,0
1597988420795504128,1597988421000000000,2020-08-21 13:40:21.000000,3726.0,3750.0,3716.0,3728.0,nan,3730.0,456071,8505724150.0,1263786,3728.0,695,3726.0,529,nan,0,nan,0,nan,0,nan,0,nan,0,nan,0,nan,0,nan,0
1597988421286371072,1597988421000001024,2020-08-21 13:40:21.000001,3726.0,3750.0,3716.0,3728.0,nan,3730.0,456073,8505761450.0,1263787,3728.0,721,3726.0,530,nan,0,nan,0,nan,0,nan,0,nan,0,nan,0,nan,0,nan,0
1597988421781026048,1597988422000000000,2020-08-21 13:40:22.000000,3726.0,3750.0,3716.0,3728.0,nan,3730.0,456082,8505929300.0,1263794,3728.0,751,3726.0,529,nan,0,nan,0,nan,0,nan,0,nan,0,nan,0,nan,0,nan,0
1597988422283915008,1597988422000001024,2020-08-21 13:40:22.000001,3726.0,3750.0,3716.0,3728.0,nan,3730.0,456103,8506320950.0,1263809,3728.0,762,3726.0,531,nan,0,nan,0,nan,0,nan,0,nan,0,nan,0,nan,0,nan,0
1597988422783005952,1597988423000000000,2020-08-21 13:40:23.000000,3728.0,3750.0,3716.0,3728.0,nan,3730.0,456107,8506395550.0,1263810,3728.0,773,3726.0,555,nan,0,nan,0,nan,0,nan,0,nan,0,nan,0,nan,0,nan,0
1597988423292875008,1597988423000001024,2020-08-21 13:40:23.000001,3726.0,3750.0,3716.0,3728.0,nan,3730.0,456115,8506544750.0,1263818,3728.0,773,3726.0,547,nan,0,nan,0,nan,0,nan,0,nan,0,nan,0,nan,0,nan,0
1597988423795884032,1597988424000000000,2020-08-21 13:40:24.000000,3728.0,3750.0,3716.0,3728.0,nan,3730.0,456119,8506619350.0,1263818,3728.0,769,3726.0,547,nan,0,nan,0,nan,0,nan,0,nan,0,nan,0,nan,0,nan,0
1597988424304910080,1597988424000001024,2020-08-21 13:40:24.000001,3728.0,3750.0,3716.0,3728.0,nan,3730.0,456119,8506619350.0,1263818,3728.0,776,3726.0,498,nan,0,nan,0,nan,0,nan,0,nan,0,nan,0,nan,0,nan,0
1597988424785399040,1597988425000000000,2020-08-21 13:40:25.000000,3726.0,3750.0,3716.0,3728.0,nan,3730.0,456120,8506638000.0,1263818,3728.0,789,3726.0,497,nan,0,nan,0,nan,0,nan,0,nan,0,nan,0,nan,0,nan,0
1597988425287144960,1597988425000001024,2020-08-21 13:40:25.000001,3728.0,3750.0,3716.0,3728.0,nan,3730.0,456121,8506656650.0,1263819,3728.0,788,3726.0,497,nan,0,nan,0,nan,0,nan,0,nan,0,nan,0,nan,0,nan,0
1597988425788312064,1597988426000000000,2020-08-21 13:40:26.000000,3728.0,3750.0,3716.0,3728.0,nan,3730.0,456121,8506656650.0,1263819,3728.0,788,3726.0,598,nan,0,nan,0,nan,0,nan,0,nan,0,nan,0,nan,0,nan,0
1597988426313596928,1597988426000001024,2020-08-21 13:40:26.000001,3726.0,3750.0,3716.0,3728.0,nan,3730.0,456124,8506712600.0,1263821,3728.0,790,3726.0,591,nan,0,nan,0,nan,0,nan,0,nan,0,nan,0,nan,0,nan,0
1597988426838903040,1597988427000000000,2020-08-21 13:40:27.000000,3726.0,3750.0,3716.0,3728.0,nan,3730.0,456124,8506712600.0,1263821,3728.0,791,3726.0,591,nan,0,nan,0,nan,0,nan,0,nan,0,nan,0,nan,0,nan,0
1597988427290984960,1597988427000001024,2020-08-21 13:40:27.000001,3726.0,3750.0,3716.0,3728.0,nan,3730.0,456124,8506712600.0,1263821,3728.0,791,3726.0,591,nan,0,nan,0,nan,0,nan,0,nan,0,nan,0,nan,0,nan,0
1597988427780436992,1597988428000000000,2020-08-21 13:40:28.000000,3726.0,3750.0,3716.0,3728.0,nan,3730.0,456125,8506731250.0,1263822,3728.0,792,3726.0,590,nan,0,nan,0,nan,0,nan,0,nan,0,nan,0,nan,0,nan,0
1597988428276408064,1597988428000001024,2020-08-21 13:40:28.000001,3726.0,3750.0,3716.0,3728.0,nan,3730.0,456125,8506731250.0,1263822,3728.0,801,3726.0,605,nan,0,nan,0,nan,0,nan,0,nan,0,nan,0,nan,0,nan,0
1597988428790084096,1597988429000000000,2020-08-21 13:40:29.000000,3728.0,3750.0,3716.0,3728.0,nan,3730.0,456126,8506749900.0,1263823,3728.0,800,3726.0,605,nan,0,nan,0,nan,0,nan,0,nan,0,nan,0,nan,0,nan,0
1597988429296752128,1597988429000001024,2020-08-21 13:40:29.000001,3728.0,3750.0,3716.0,3728.0,nan,3730.0,456126,8506749900.0,1263823,3728.0,801,3726.0,605,nan,0,nan,0,nan,0,nan,0,nan,0,nan,0,nan,0,nan,0
1597988429797293056,1597988430000000000,2020-08-21 13:40:30.000000,3728.0,3750.0,3716.0,3728.0,nan,3730.0,456127,8506768550.0,1263824,3728.0,801,3726.0,614,nan,0,nan,0,nan,0,nan,0,nan,0,nan,0,nan,0,nan,0
1597988430373416960,1597988430000001024,2020-08-21 13:40:30.000001,3728.0,3750.0,3716.0,3728.0,nan,3730.0,456128,8506787200.0,1263825,3728.0,802,3726.0,615,nan,0,nan,0,nan,0,nan,0,nan,0,nan,0,nan,0,nan,0
1597988430800005888,1597988431000000000,2020-08-21 13:40:31.000000,3726.0,3750.0,3716.0,3728.0,nan,3730.0,456129,8506805850.0,1263826,3728.0,803,3726.0,614,nan,0,nan,0,nan,0,nan,0,nan,0,nan,0,nan,0,nan,0
1597988431364473088,1597988431000001024,2020-08-21 13:40:31.000001,3726.0,3750.0,3716.0,3728.0,nan,3730.0,456129,8506805850.0,1263826,3728.0,806,3726.0,614,nan,0,nan,0,nan,0,nan,0,nan,0,nan,0,nan,0,nan,0
1597988431810450944,1597988432000000000,2020-08-21 13:40:32.000000,3726.0,3750.0,3716.0,3728.0,nan,3730.0,456143,8507066950.0,1263840,3728.0,871,3726.0,600,nan,0,nan,0,nan,0,nan,0,nan,0,nan,0,nan,0,nan,0
1597988432289945088,1597988432000001024,2020-08-21 13:40:32.000001,3726.0,3750.0,3716.0,3728.0,nan,3730.0,456143,8507066950.0,1263840,3728.0,896,3726.0,601,nan,0,nan,0,nan,0,nan,0,nan,0,nan,0,nan,0,nan,0
1597988432799851008,1597988433000000000,2020-08-21 13:40:33.000000,3726.0,3750.0,3716.0,3728.0,nan,3730.0,456144,8507085600.0,1263841,3728.0,896,3726.0,601,nan,0,nan,0,nan,0,nan,0,nan,0,nan,0,nan,0,nan,0
1597988433293146112,1597988433000001024,2020-08-21 13:40:33.000001,3726.0,3750.0,3716.0,3728.0,nan,3730.0,456147,8507141550.0,1263842,3728.0,896,3726.0,599,nan,0,nan,0,nan,0,nan,0,nan,0,nan,0,nan,0,nan,0
1597988433833344000,1597988434000000000,2020-08-21 13:40:34.000000,3728.0,3750.0,3716.0,3728.0,nan,3730.0,456152,8507234800.0,1263843,3728.0,907,3726.0,598,nan,0,nan,0,nan,0,nan,0,nan,0,nan,0,nan,0,nan,0
1597988434297224960,1597988434000001024,2020-08-21 13:40:34.000001,3728.0,3750.0,3716.0,3728.0,nan,3730.0,456152,8507234800.0,1263843,3728.0,909,3726.0,598,nan,0,nan,0,nan,0,nan,0,nan,0,nan,0,nan,0,nan,0
1597988434799698944,1597988435000000000,2020-08-21 13:40:35.000000,3726.0,3750.0,3716.0,3728.0,nan,3730.0,456155,8507290750.0,1263844,3728.0,909,3726.0,597,nan,0,nan,0,nan,0,nan,0,nan,0,nan,0,nan,0,nan,0
1597988435297335040,1597988435000001024,2020-08-21 13:40:35.000001,3726.0,3750.0,3716.0,3728.0,nan,3730.0,456157,8507328050.0,1263846,3728.0,909,3726.0,595,nan,0,nan,0,nan,0,nan,0,nan,0,nan,0,nan,0,nan,0
1597988435802569984,1597988436000000000,2020-08-21 13:40:36.000000,3726.0,3750.0,3716.0,3728.0,nan,3730.0,456157,8507328050.0,1263846,3728.0,909,3726.0,596,nan,0,nan,0,nan,0,nan,0,nan,0,nan,0,nan,0,nan,0
1597988436314704896,1597988436000001024,2020-08-21 13:40:36.000001,3726.0,3750.0,3716.0,3728.0,nan,3730.0,456158,8507346700.0,1263846,3728.0,912,3726.0,596,nan,0,nan,0,nan,0,nan,0,nan,0,nan,0,nan,0,nan,0
1597988436793583104,1597988437000000000,2020-08-21 13:40:37.000000,3726.0,3750.0,3716.0,3728.0,nan,3730.0,456158,8507346700.0,1263846,3728.0,912,3726.0,597,nan,0,nan,0,nan,0,nan,0,nan,0,nan,0,nan,0,nan,0
1597988437301981952,1597988437000001024,2020-08-21 13:40:37.000001,3726.0,3750.0,3716.0,3728.0,nan,3730.0,456158,8507346700.0,1263846,3728.0,913,3726.0,597,nan,0,nan,0,nan,0,nan,0,nan,0,nan,0,nan,0,nan,0
1597988437799191040,1597988438000000000,2020-08-21 13:40:38.000000,3728.0,3750.0,3716.0,3728.0,nan,3730.0,456172,8507607800.0,1263860,3728.0,895,3726.0,597,nan,0,nan,0,nan,0,nan,0,nan,0,nan,0,nan,0,nan,0
1597988438287064064,1597988438000001024,2020-08-21 13:40:38.000001,3728.0,3750.0,3716.0,3728.0,nan,3730.0,456172,8507607800.0,1263860,3728.0,897,3726.0,605,nan,0,nan,0,nan,0,nan,0,nan,0,nan,0,nan,0,nan,0
1597988438811537920,1597988439000000000,2020-08-21 13:40:39.000000,3728.0,3750.0,3716.0,3728.0,nan,3730.0,456172,8507607800.0,1263860,3728.0,896,3726.0,611,nan,0,nan,0,nan,0,nan,0,nan,0,nan,0,nan,0,nan,0
1597988439302436096,1597988439000001024,2020-08-21 13:40:39.000001,3728.0,3750.0,3716.0,3728.0,nan,3730.0,456172,8507607800.0,1263860,3728.0,896,3726.0,619,nan,0,nan,0,nan,0,nan,0,nan,0,nan,0,nan,0,nan,0
1597988440302881024,1597988440000001024,2020-08-21 13:40:40.000001,3728.0,3750.0,3716.0,3728.0,nan,3730.0,456172,8507607800.0,1263860,3728.0,900,3726.0,624,nan,0,nan,0,nan,0,nan,0,nan,0,nan,0,nan,0,nan,0
1597988440808317952,1597988441000000000,2020-08-21 13:40:41.000000,3726.0,3750.0,3716.0,3728.0,nan,3730.0,456173,8507626450.0,1263861,3728.0,900,3726.0,623,nan,0,nan,0,nan,0,nan,0,nan,0,nan,0,nan,0,nan,0
1597988441305562880,1597988441000001024,2020-08-21 13:40:41.000001,3726.0,3750.0,3716.0,3728.0,nan,3730.0,456178,8507719700.0,1263863,3728.0,900,3726.0,617,nan,0,nan,0,nan,0,nan,0,nan,0,nan,0,nan,0,nan,0
1597988441801317888,1597988442000000000,2020-08-21 13:40:42.000000,3726.0,3750.0,3716.0,3728.0,nan,3730.0,456181,8507775650.0,1263863,3728.0,912,3726.0,614,nan,0,nan,0,nan,0,nan,0,nan,0,nan,0,nan,0,nan,0
1597988442319087104,1597988442000001024,2020-08-21 13:40:42.000001,3726.0,3750.0,3716.0,3728.0,nan,3730.0,456181,8507775650.0,1263863,3728.0,832,3726.0,615,nan,0,nan,0,nan,0,nan,0,nan,0,nan,0,nan,0,nan,0
1597988442788684032,1597988443000000000,2020-08-21 13:40:43.000000,3726.0,3750.0,3716.0,3728.0,nan,3730.0,456181,8507775650.0,1263863,3728.0,812,3726.0,615,nan,0,nan,0,nan,0,nan,0,nan,0,nan,0,nan,0,nan,0
1597988443308660992,1597988443000001024,2020-08-21 13:40:43.000001,3726.0,3750.0,3716.0,3728.0,nan,3730.0,456181,8507775650.0,1263863,3728.0,812,3726.0,624,nan,0,nan,0,nan,0,nan,0,nan,0,nan,0,nan,0,nan,0
1597988443793371904,1597988444000000000,2020-08-21 13:40:44.000000,3728.0,3750.0,3716.0,3728.0,nan,3730.0,456185,8507850250.0,1263863,3728.0,787,3726.0,624,nan,0,nan,0,nan,0,nan,0,nan,0,nan,0,nan,0,nan,0
1597988444357028096,1597988444000001024,2020-08-21 13:40:44.000001,3726.0,3750.0,3716.0,3728.0,nan,3730.0,456189,8507924850.0,1263867,3728.0,802,3726.0,620,nan,0,nan,0,nan,0,nan,0,nan,0,nan,0,nan,0,nan,0
1597988444793972992,1597988445000000000,2020-08-21 13:40:45.000000,3726.0,3750.0,3716.0,3728.0,nan,3730.0,456189,8507924850.0,1263867,3728.0,803,3726.0,621,nan,0,nan,0,nan,0,nan,0,nan,0,nan,0,nan,0,nan,0
1597988445293349120,1597988445000001024,2020-08-21 13:40:45.000001,3726.0,3750.0,3716.0,3728.0,nan,3730.0,456190,8507943500.0,1263867,3728.0,804,3726.0,621,nan,0,nan,0,nan,0,nan,0,nan,0,nan,0,nan,0,nan,0
1597988445793262080,1597988446000000000,2020-08-21 13:40:46.000000,3726.0,3750.0,3716.0,3728.0,nan,3730.0,456190,8507943500.0,1263867,3728.0,804,3726.0,623,nan,0,nan,0,nan,0,nan,0,nan,0,nan,0,nan,0,nan,0
1597988446287034112,1597988446000001024,2020-08-21 13:40:46.000001,3726.0,3750.0,3716.0,3728.0,nan,3730.0,456190,8507943500.0,1263867,3728.0,806,3726.0,623,nan,0,nan,0,nan,0,nan,0,nan,0,nan,0,nan,0,nan,0
1597988446800556032,1597988447000000000,2020-08-21 13:40:47.000000,3726.0,3750.0,3716.0,3728.0,nan,3730.0,456191,8507962150.0,1263868,3728.0,806,3726.0,622,nan,0,nan,0,nan,0,nan,0,nan,0,nan,0,nan,0,nan,0
1597988448293860096,1597988448000001024,2020-08-21 13:40:48.000001,3726.0,3750.0,3716.0,3728.0,nan,3730.0,456192,8507980800.0,1263868,3728.0,809,3726.0,621,nan,0,nan,0,nan,0,nan,0,nan,0,nan,0,nan,0,nan,0
1597988448804167936,1597988449000000000,2020-08-21 13:40:49.000000,3726.0,3750.0,3716.0,3728.0,nan,3730.0,456193,8507999450.0,1263869,3728.0,810,3726.0,530,nan,0,nan,0,nan,0,nan,0,nan,0,nan,0,nan,0,nan,0
1597988449296359936,1597988449000001024,2020-08-21 13:40:49.000001,3728.0,3750.0,3716.0,3728.0,nan,3730.0,456194,8508018100.0,1263870,3728.0,809,3726.0,531,nan,0,nan,0,nan,0,nan,0,nan,0,nan,0,nan,0,nan,0
1597988450301214976,1597988450000001024,2020-08-21 13:40:50.000001,3728.0,3750.0,3716.0,3728.0,nan,3730.0,456194,8508018100.0,1263870,3728.0,811,3726.0,531,nan,0,nan,0,nan,0,nan,0,nan,0,nan,0,nan,0,nan,0
1597988450797644032,1597988451000000000,2020-08-21 13:40:51.000000,3728.0,3750.0,3716.0,3728.0,nan,3730.0,456194,8508018100.0,1263870,3728.0,812,3726.0,531,nan,0,nan,0,nan,0,nan,0,nan,0,nan,0,nan,0,nan,0
1597988451302320896,1597988451000001024,2020-08-21 13:40:51.000001,3728.0,3750.0,3716.0,3728.0,nan,3730.0,456194,8508018100.0,1263870,3728.0,813,3726.0,578,nan,0,nan,0,nan,0,nan,0,nan,0,nan,0,nan,0,nan,0
1597988451804271104,1597988452000000000,2020-08-21 13:40:52.000000,3726.0,3750.0,3716.0,3728.0,nan,3730.0,456195,8508036750.0,1263871,3728.0,866,3726.0,577,nan,0,nan,0,nan,0,nan,0,nan,0,nan,0,nan,0,nan,0
1597988452302064896,1597988452000001024,2020-08-21 13:40:52.000001,3728.0,3750.0,3716.0,3728.0,nan,3730.0,456196,8508055400.0,1263871,3728.0,868,3726.0,577,nan,0,nan,0,nan,0,nan,0,nan,0,nan,0,nan,0,nan,0
1597988452803239936,1597988453000000000,2020-08-21 13:40:53.000000,3728.0,3750.0,3716.0,3728.0,nan,3730.0,456196,8508055400.0,1263871,3728.0,983,3726.0,577,nan,0,nan,0,nan,0,nan,0,nan,0,nan,0,nan,0,nan,0
1597988453301769984,1597988453000001024,2020-08-21 13:40:53.000001,3728.0,3750.0,3716.0,3728.0,nan,3730.0,456199,8508111350.0,1263872,3728.0,1008,3726.0,570,nan,0,nan,0,nan,0,nan,0,nan,0,nan,0,nan,0,nan,0
1597988453814053888,1597988454000000000,2020-08-21 13:40:54.000000,3728.0,3750.0,3716.0,3728.0,nan,3730.0,456206,8508241900.0,1263873,3728.0,1002,3726.0,569,nan,0,nan,0,nan,0,nan,0,nan,0,nan,0,nan,0,nan,0
1597988454295588096,1597988454000001024,2020-08-21 13:40:54.000001,3726.0,3750.0,3716.0,3728.0,nan,3730.0,456207,8508260550.0,1263873,3728.0,1004,3726.0,568,nan,0,nan,0,nan,0,nan,0,nan,0,nan,0,nan,0,nan,0
1597988454794608128,1597988455000000000,2020-08-21 13:40:55.000000,3728.0,3750.0,3716.0,3728.0,nan,3730.0,456232,8508726800.0,1263898,3728.0,984,3726.0,563,nan,0,nan,0,nan,0,nan,0,nan,0,nan,0,nan,0,nan,0
1597988455294892032,1597988455000001024,2020-08-21 13:40:55.000001,3726.0,3750.0,3716.0,3728.0,nan,3730.0,456234,8508764100.0,1263898,3728.0,984,3726.0,561,nan,0,nan,0,nan,0,nan,0,nan,0,nan,0,nan,0,nan,0
1597988455793605888,1597988456000000000,2020-08-21 13:40:56.000000,3726.0,3750.0,3716.0,3728.0,nan,3730.0,456234,8508764100.0,1263898,3728.0,984,3726.0,602,nan,0,nan,0,nan,0,nan,0,nan,0,nan,0,nan,0,nan,0
1597988456300925952,1597988456000001024,2020-08-21 13:40:56.000001,3726.0,3750.0,3716.0,3728.0,nan,3730.0,456236,8508801400.0,1263898,3728.0,978,3726.0,601,nan,0,nan,0,nan,0,nan,0,nan,0,nan,0,nan,0,nan,0
1597988456804135936,1597988457000000000,2020-08-21 13:40:57.000000,3726.0,3750.0,3716.0,3728.0,nan,3730.0,456238,8508838700.0,1263900,3728.0,977,3726.0,601,nan,0,nan,0,nan,0,nan,0,nan,0,nan,0,nan,0,nan,0
1597988457295860992,1597988457000001024,2020-08-21 13:40:57.000001,3726.0,3750.0,3716.0,3728.0,nan,3730.0,456241,8508894650.0,1263901,3728.0,967,3726.0,598,nan,0,nan,0,nan,0,nan,0,nan,0,nan,0,nan,0,nan,0
1597988457799621120,1597988458000000000,2020-08-21 13:40:58.000000,3726.0,3750.0,3716.0,3728.0,nan,3730.0,456266,8509360900.0,1263924,3728.0,978,3726.0,573,nan,0,nan,0,nan,0,nan,0,nan,0,nan,0,nan,0,nan,0
1597988458286946048,1597988458000001024,2020-08-21 13:40:58.000001,3726.0,3750.0,3716.0,3728.0,nan,3730.0,456271,8509454150.0,1263929,3728.0,990,3726.0,568,nan,0,nan,0,nan,0,nan,0,nan,0,nan,0,nan,0,nan,0
1597988458801319936,1597988459000000000,2020-08-21 13:40:59.000000,3726.0,3750.0,3716.0,3728.0,nan,3730.0,456271,8509454150.0,1263929,3728.0,990,3726.0,569,nan,0,nan,0,nan,0,nan,0,nan,0,nan,0,nan,0,nan,0
1597988459295631872,1597988459000001024,2020-08-21 13:40:59.000001,3728.0,3750.0,3716.0,3728.0,nan,3730.0,456273,8509491450.0,1263931,3728.0,988,3726.0,570,nan,0,nan,0,nan,0,nan,0,nan,0,nan,0,nan,0,nan,0
1597988459794785024,1597988460000000000,2020-08-21 13:41:00.000000,3726.0,3750.0,3716.0,3728.0,nan,3730.0,456274,8509510100.0,1263932,3728.0,935,3726.0,569,nan,0,nan,0,nan,0,nan,0,nan,0,nan,0,nan,0,nan,0
1597988460306060032,1597988460000001024,2020-08-21 13:41:00.000001,3726.0,3750.0,3716.0,3728.0,nan,3730.0,456277,8509566050.0,1263935,3728.0,953,3726.0,566,nan,0,nan,0,nan,0,nan,0,nan,0,nan,0,nan,0,nan,0
1597988460799287040,1597988461000000000,2020-08-21 13:41:01.000000,3726.0,3750.0,3716.0,3728.0,nan,3730.0,456289,8509789850.0,1263947,3728.0,952,3726.0,563,nan,0,nan,0,nan,0,nan,0,nan,0,nan,0,nan,0,nan,0
1597988461382981120,1597988461000001024,2020-08-21 13:41:01.000001,3726.0,3750.0,3716.0,3728.0,nan,3730.0,456291,8509827150.0,1263949,3728.0,952,3726.0,561,nan,0,nan,0,nan,0,nan,0,nan,0,nan,0,nan,0,nan,0
1597988461794099968,1597988462000000000,2020-08-21 13:41:02.000000,3728.0,3750.0,3716.0,3728.0,nan,3730.0,456292,8509845800.0,1263949,3728.0,950,3726.0,561,nan,0,nan,0,nan,0,nan,0,nan,0,nan,0,nan,0,nan,0
1597988462316697088,1597988462000001024,2020-08-21 13:41:02.000001,3728.0,3750.0,3716.0,3728.0,nan,3730.0,456292,8509845800.0,1263949,3728.0,952,3726.0,561,nan,0,nan,0,nan,0,nan,0,nan,0,nan,0,nan,0,nan,0
1597988462816675072,1597988463000000000,2020-08-21 13:41:03.000000,3728.0,3750.0,3716.0,3728.0,nan,3730.0,456292,8509845800.0,1263949,3728.0,1004,3726.0,561,nan,0,nan,0,nan,0,nan,0,nan,0,nan,0,nan,0,nan,0
1597988463292475904,1597988463000001024,2020-08-21 13:41:03.000001,3728.0,3750.0,3716.0,3728.0,nan,3730.0,456292,8509845800.0,1263949,3728.0,1005,3726.0,561,nan,0,nan,0,nan,0,nan,0,nan,0,nan,0,nan,0,nan,0
1597988463813014016,1597988464000000000,2020-08-21 13:41:04.000000,3728.0,3750.0,3716.0,3728.0,nan,3730.0,456296,8509920400.0,1263949,3728.0,1001,3726.0,562,nan,0,nan,0,nan,0,nan,0,nan,0,nan,0,nan,0,nan,0
1597988464302804992,1597988464000001024,2020-08-21 13:41:04.000001,3728.0,3750.0,3716.0,3728.0,nan,3730.0,456296,8509920400.0,1263949,3728.0,1006,3726.0,564,nan,0,nan,0,nan,0,nan,0,nan,0,nan,0,nan,0,nan,0
1597988465302863872,1597988465000001024,2020-08-21 13:41:05.000001,3728.0,3750.0,3716.0,3728.0,nan,3730.0,456296,8509920400.0,1263949,3728.0,1007,3726.0,566,nan,0,nan,0,nan,0,nan,0,nan,0,nan,0,nan,0,nan,0
1597988465806174976,1597988466000000000,2020-08-21 13:41:06.000000,3726.0,3750.0,3716.0,3728.0,nan,3730.0,456298,8509957700.0,1263949,3728.0,1006,3726.0,564,nan,0,nan,0,nan,0,nan,0,nan,0,nan,0,nan,0,nan,0
1597988466314970112,1597988466000001024,2020-08-21 13:41:06.000001,3726.0,3750.0,3716.0,3728.0,nan,3730.0,456301,8510013650.0,1263952,3728.0,1008,3726.0,561,nan,0,nan,0,nan,0,nan,0,nan,0,nan,0,nan,0,nan,0
1597988466802642944,1597988467000000000,2020-08-21 13:41:07.000000,3726.0,3750.0,3716.0,3728.0,nan,3730.0,456302,8510032300.0,1263953,3728.0,1008,3726.0,560,nan,0,nan,0,nan,0,nan,0,nan,0,nan,0,nan,0,nan,0
1597988467306564096,1597988467000001024,2020-08-21 13:41:07.000001,3726.0,3750.0,3716.0,3728.0,nan,3730.0,456306,8510106900.0,1263953,3728.0,1009,3726.0,556,nan,0,nan,0,nan,0,nan,0,nan,0,nan,0,nan,0,nan,0
1597988467803329024,1597988468000000000,2020-08-21 13:41:08.000000,3726.0,3750.0,3716.0,3728.0,nan,3730.0,456306,8510106900.0,1263953,3728.0,1009,3726.0,555,nan,0,nan,0,nan,0,nan,0,nan,0,nan,0,nan,0,nan,0
1597988468305203968,1597988468000001024,2020-08-21 13:41:08.000001,3726.0,3750.0,3716.0,3728.0,nan,3730.0,456646,8516447900.0,1263914,3728.0,1012,3726.0,223,nan,0,nan,0,nan,0,nan,0,nan,0,nan,0,nan,0,nan,0
1597988468810115072,1597988469000000000,2020-08-21 13:41:09.000000,3726.0,3750.0,3716.0,3728.0,nan,3730.0,456891,8521017150.0,1264063,3726.0,439,3724.0,1179,nan,0,nan,0,nan,0,nan,0,nan,0,nan,0,nan,0,nan,0
1597988469309897984,1597988469000001024,2020-08-21 13:41:09.000001,3724.0,3750.0,3716.0,3728.0,nan,3730.0,456892,8521035800.0,1264064,3726.0,606,3724.0,1175,nan,0,nan,0,nan,0,nan,0,nan,0,nan,0,nan,0,nan,0
1597988469814009088,1597988470000000000,2020-08-21 13:41:10.000000,3724.0,3750.0,3716.0,3728.0,nan,3730.0,456893,8521054450.0,1264064,3726.0,669,3724.0,1176,nan,0,nan,0,nan,0,nan,0,nan,0,nan,0,nan,0,nan,0
1597988470307578880,1597988470000001024,2020-08-21 13:41:10.000001,3724.0,3750.0,3716.0,3728.0,nan,3730.0,456972,8522527800.0,1264088,3726.0,710,3724.0,1115,nan,0,nan,0,nan,0,nan,0,nan,0,nan,0,nan,0,nan,0
1597988470807003904,1597988471000000000,2020-08-21 13:41:11.000000,3724.0,3750.0,3716.0,3728.0,nan,3730.0,456978,8522639700.0,1264088,3726.0,737,3724.0,1109,nan,0,nan,0,nan,0,nan,0,nan,0,nan,0,nan,0,nan,0
1597988471316530944,1597988471000001024,2020-08-21 13:41:11.000001,3724.0,3750.0,3716.0,3728.0,nan,3730.0,456979,8522658350.0,1264089,3726.0,737,3724.0,1108,nan,0,nan,0,nan,0,nan,0,nan,0,nan,0,nan,0,nan,0
1597988472314820096,1597988472000001024,2020-08-21 13:41:12.000001,3724.0,3750.0,3716.0,3728.0,nan,3730.0,456979,8522658350.0,1264089,3726.0,740,3724.0,1108,nan,0,nan,0,nan,0,nan,0,nan,0,nan,0,nan,0,nan,0
1597988472814789120,1597988473000000000,2020-08-21 13:41:13.000000,3726.0,3750.0,3716.0,3728.0,nan,3730.0,457006,8523161900.0,1264091,3726.0,715,3724.0,1106,nan,0,nan,0,nan,0,nan,0,nan,0,nan,0,nan,0,nan,0
1597988473309278976,1597988473000001024,2020-08-21 13:41:13.000001,3726.0,3750.0,3716.0,3728.0,nan,3730.0,457012,8523273800.0,1264094,3726.0,719,3724.0,1103,nan,0,nan,0,nan,0,nan,0,nan,0,nan,0,nan,0,nan,0
1597988473808795904,1597988474000000000,2020-08-21 13:41:14.000000,3726.0,3750.0,3716.0,3728.0,nan,3730.0,457020,8523423000.0,1264093,3726.0,704,3724.0,1100,nan,0,nan,0,nan,0,nan,0,nan,0,nan,0,nan,0,nan,0
1597988474304915968,1597988474000001024,2020-08-21 13:41:14.000001,3726.0,3750.0,3716.0,3728.0,nan,3730.0,457020,8523423000.0,1264093,3726.0,717,3724.0,1100,nan,0,nan,0,nan,0,nan,0,nan,0,nan,0,nan,0,nan,0
1597988474802539008,1597988475000000000,2020-08-21 13:41:15.000000,3726.0,3750.0,3716.0,3728.0,nan,3730.0,457020,8523423000.0,1264093,3726.0,717,3724.0,1101,nan,0,nan,0,nan,0,nan,0,nan,0,nan,0,nan,0,nan,0
1597988475317410048,1597988475000001024,2020-08-21 13:41:15.000001,3724.0,3750.0,3716.0,3728.0,nan,3730.0,457021,8523441650.0,1264094,3726.0,717,3724.0,1100,nan,0,nan,0,nan,0,nan,0,nan,0,nan,0,nan,0,nan,0
1597988475802444032,1597988476000000000,2020-08-21 13:41:16.000000,3724.0,3750.0,3716.0,3728.0,nan,3730.0,457103,8524970950.0,1264140,3726.0,705,3724.0,1020,nan,0,nan,0,nan,0,nan,0,nan,0,nan,0,nan,0,nan,0
1597988476307126016,1597988476000001024,2020-08-21 13:41:16.000001,3726.0,3750.0,3716.0,3728.0,nan,3730.0,457118,8525250700.0,1264153,3726.0,770,3724.0,1006,nan,0,nan,0,nan,0,nan,0,nan,0,nan,0,nan,0,nan,0
1597988476810102016,1597988477000000000,2020-08-21 13:41:17.000000,3726.0,3750.0,3716.0,3728.0,nan,3730.0,457118,8525250700.0,1264153,3726.0,774,3724.0,977,nan,0,nan,0,nan,0,nan,0,nan,0,nan,0,nan,0,nan,0
1597988477809218048,1597988478000000000,2020-08-21 13:41:18.000000,3724.0,3750.0,3716.0,3728.0,nan,3730.0,457119,8525269350.0,1264153,3726.0,764,3724.0,976,nan,0,nan,0,nan,0,nan,0,nan,0,nan,0,nan,0,nan,0
1597988478338889984,1597988478000001024,2020-08-21 13:41:18.000001,3724.0,3750.0,3716.0,3728.0,nan,3730.0,457119,8525269350.0,1264153,3726.0,777,3724.0,976,nan,0,nan,0,nan,0,nan,0,nan,0,nan,0,nan,0,nan,0
1597988478805790976,1597988479000000000,2020-08-21 13:41:19.000000,3724.0,3750.0,3716.0,3728.0,nan,3730.0,457119,8525269350.0,1264153,3726.0,777,3724.0,1012,nan,0,nan,0,nan,0,nan,0,nan,0,nan,0,nan,0,nan,0
1597988479312625920,1597988479000001024,2020-08-21 13:41:19.000001,3724.0,3750.0,3716.0,3728.0,nan,3730.0,457120,8525288000.0,1264154,3726.0,777,3724.0,1011,nan,0,nan,0,nan,0,nan,0,nan,0,nan,0,nan,0,nan,0
1597988479805948928,1597988480000000000,2020-08-21 13:41:20.000000,3724.0,3750.0,3716.0,3728.0,nan,3730.0,457120,8525288000.0,1264154,3726.0,766,3724.0,1011,nan,0,nan,0,nan,0,nan,0,nan,0,nan,0,nan,0,nan,0
1597988480325568000,1597988480000001024,2020-08-21 13:41:20.000001,3726.0,3750.0,3716.0,3728.0,nan,3730.0,457122,8525325300.0,1264154,3726.0,858,3724.0,1011,nan,0,nan,0,nan,0,nan,0,nan,0,nan,0,nan,0,nan,0
1597988480814853120,1597988481000000000,2020-08-21 13:41:21.000000,3726.0,3750.0,3716.0,3728.0,nan,3730.0,457223,8527208950.0,1264154,3726.0,715,3724.0,1011,nan,0,nan,0,nan,0,nan,0,nan,0,nan,0,nan,0,nan,0
1597988481308820992,1597988481000001024,2020-08-21 13:41:21.000001,3726.0,3750.0,3716.0,3728.0,nan,3730.0,457223,8527208950.0,1264154,3726.0,708,3724.0,1018,nan,0,nan,0,nan,0,nan,0,nan,0,nan,0,nan,0,nan,0
1597988481819589888,1597988482000000000,2020-08-21 13:41:22.000000,3724.0,3750.0,3716.0,3728.0,nan,3730.0,457224,8527227600.0,1264155,3726.0,755,3724.0,1018,nan,0,nan,0,nan,0,nan,0,nan,0,nan,0,nan,0,nan,0
1597988482309394944,1597988482000001024,2020-08-21 13:41:22.000001,3726.0,3750.0,3716.0,3728.0,nan,3730.0,457225,8527246250.0,1264155,3726.0,790,3724.0,1018,nan,0,nan,0,nan,0,nan,0,nan,0,nan,0,nan,0,nan,0
1597988482816371968,1597988483000000000,2020-08-21 13:41:23.000000,3726.0,3750.0,3716.0,3728.0,nan,3730.0,457229,8527320850.0,1264151,3726.0,807,3724.0,1018,nan,0,nan,0,nan,0,nan,0,nan,0,nan,0,nan,0,nan,0
1597988483311153920,1597988483000001024,2020-08-21 13:41:23.000001,3726.0,3750.0,3716.0,3728.0,nan,3730.0,457231,8527358150.0,1264149,3726.0,815,3724.0,1017,nan,0,nan,0,nan,0,nan,0,nan,0,nan,0,nan,0,nan,0
1597988483814714880,1597988484000000000,2020-08-21 13:41:24.000000,3726.0,3750.0,3716.0,3728.0,nan,3730.0,457235,8527432750.0,1264145,3726.0,801,3724.0,1017,nan,0,nan,0,nan,0,nan,0,nan,0,nan,0,nan,0,nan,0
1597988484316396032,1597988484000001024,2020-08-21 13:41:24.000001,3724.0,3750.0,3716.0,3728.0,nan,3730.0,457244,8527600600.0,1264145,3726.0,815,3724.0,1008,nan,0,nan,0,nan,0,nan,0,nan,0,nan,0,nan,0,nan,0
1597988484821782016,1597988485000000000,2020-08-21 13:41:25.000000,3724.0,3750.0,3716.0,3728.0,nan,3730.0,457244,8527600600.0,1264145,3726.0,805,3724.0,1008,nan,0,nan,0,nan,0,nan,0,nan,0,nan,0,nan,0,nan,0
1597988485314063872,1597988485000001024,2020-08-21 13:41:25.000001,3724.0,3750.0,3716.0,3728.0,nan,3730.0,457244,8527600600.0,1264145,3726.0,809,3724.0,1008,nan,0,nan,0,nan,0,nan,0,nan,0,nan,0,nan,0,nan,0
1597988485808986112,1597988486000000000,2020-08-21 13:41:26.000000,3724.0,3750.0,3716.0,3728.0,nan,3730.0,457246,8527637900.0,1264146,3726.0,803,3724.0,1006,nan,0,nan,0,nan,0,nan,0,nan,0,nan,0,nan,0,nan,0
1597988486300891904,1597988486000001024,2020-08-21 13:41:26.000001,3724.0,3750.0,3716.0,3728.0,nan,3730.0,457246,8527637900.0,1264146,3726.0,815,3724.0,1006,nan,0,nan,0,nan,0,nan,0,nan,0,nan,0,nan,0,nan,0
1597988486813913088,1597988487000000000,2020-08-21 13:41:27.000000,3724.0,3750.0,3716.0,3728.0,nan,3730.0,457347,8529521550.0,1264147,3726.0,712,3724.0,1019,nan,0,nan,0,nan,0,nan,0,nan,0,nan,0,nan,0,nan,0
1597988487316688896,1597988487000001024,2020-08-21 13:41:27.000001,3726.0,3750.0,3716.0,3728.0,nan,3730.0,457348,8529540200.0,1264147,3726.0,677,3724.0,1019,nan,0,nan,0,nan,0,nan,0,nan,0,nan,0,nan,0,nan,0
1597988487803629056,1597988488000000000,2020-08-21 13:41:28.000000,3724.0,3750.0,3716.0,3728.0,nan,3730.0,457350,8529577500.0,1264147,3726.0,729,3724.0,1017,nan,0,nan,0,nan,0,nan,0,nan,0,nan,0,nan,0,nan,0
1597988488311774976,1597988488000001024,2020-08-21 13:41:28.000001,3724.0,3750.0,3716.0,3728.0,nan,3730.0,457377,8530081050.0,1264174,3726.0,751,3724.0,990,nan,0,nan,0,nan,0,nan,0,nan,0,nan,0,nan,0,nan,0
1597988488895426048,1597988489000000000,2020-08-21 13:41:29.000000,3724.0,3750.0,3716.0,3728.0,nan,3730.0,457429,8531050850.0,1264201,3726.0,752,3724.0,937,nan,0,nan,0,nan,0,nan,0,nan,0,nan,0,nan,0,nan,0
1597988489319723008,1597988489000001024,2020-08-21 13:41:29.000001,3724.0,3750.0,3716.0,3728.0,nan,3730.0,457432,8531106800.0,1264204,3726.0,752,3724.0,934,nan,0,nan,0,nan,0,nan,0,nan,0,nan,0,nan,0,nan,0
1597988489811642880,1597988490000000000,2020-08-21 13:41:30.000000,3726.0,3750.0,3716.0,3728.0,nan,3730.0,457434,8531144100.0,1264204,3726.0,750,3724.0,936,nan,0,nan,0,nan,0,nan,0,nan,0,nan,0,nan,0,nan,0
1597988490327910912,1597988490000001024,2020-08-21 13:41:30.000001,3724.0,3750.0,3716.0,3728.0,nan,3730.0,457436,8531181400.0,1264206,3726.0,752,3724.0,934,nan,0,nan,0,nan,0,nan,0,nan,0,nan,0,nan,0,nan,0
1597988491319600128,1597988491000001024,2020-08-21 13:41:31.000001,3724.0,3750.0,3716.0,3728.0,nan,3730.0,457449,8531423850.0,1264195,3726.0,754,3724.0,922,nan,0,nan,0,nan,0,nan,0,nan,0,nan,0,nan,0,nan,0
1597988491819183104,1597988492000000000,2020-08-21 13:41:32.000000,3724.0,3750.0,3716.0,3728.0,nan,3730.0,457450,8531442500.0,1264195,3726.0,757,3724.0,922,nan,0,nan,0,nan,0,nan,0,nan,0,nan,0,nan,0,nan,0
1597988492313106944,1597988492000001024,2020-08-21 13:41:32.000001,3724.0,3750.0,3716.0,3728.0,nan,3730.0,457451,8531461150.0,1264195,3726.0,774,3724.0,921,nan,0,nan,0,nan,0,nan,0,nan,0,nan,0,nan,0,nan,0
1597988492819576064,1597988493000000000,2020-08-21 13:41:33.000000,3724.0,3750.0,3716.0,3728.0,nan,3730.0,457453,8531498450.0,1264197,3726.0,774,3724.0,919,nan,0,nan,0,nan,0,nan,0,nan,0,nan,0,nan,0,nan,0
1597988493313229056,1597988493000001024,2020-08-21 13:41:33.000001,3724.0,3750.0,3716.0,3728.0,nan,3730.0,457458,8531591700.0,1264197,3726.0,774,3724.0,924,nan,0,nan,0,nan,0,nan,0,nan,0,nan,0,nan,0,nan,0
1597988493821646080,1597988494000000000,2020-08-21 13:41:34.000000,3726.0,3750.0,3716.0,3728.0,nan,3730.0,457463,8531684950.0,1264193,3726.0,783,3724.0,923,nan,0,nan,0,nan,0,nan,0,nan,0,nan,0,nan,0,nan,0
1597988494307463936,1597988494000001024,2020-08-21 13:41:34.000001,3724.0,3750.0,3716.0,3728.0,nan,3730.0,457464,8531703600.0,1264193,3726.0,785,3724.0,923,nan,0,nan,0,nan,0,nan,0,nan,0,nan,0,nan,0,nan,0
1597988494807703040,1597988495000000000,2020-08-21 13:41:35.000000,3726.0,3750.0,3716.0,3728.0,nan,3730.0,457470,8531815500.0,1264193,3726.0,784,3724.0,920,nan,0,nan,0,nan,0,nan,0,nan,0,nan,0,nan,0,nan,0
1597988495306740992,1597988495000001024,2020-08-21 13:41:35.000001,3726.0,3750.0,3716.0,3728.0,nan,3730.0,457470,8531815500.0,1264193,3726.0,786,3724.0,921,nan,0,nan,0,nan,0,nan,0,nan,0,nan,0,nan,0,nan,0
1597988496315812096,1597988496000001024,2020-08-21 13:41:36.000001,3724.0,3750.0,3716.0,3728.0,nan,3730.0,457474,8531890100.0,1264189,3726.0,789,3724.0,918,nan,0,nan,0,nan,0,nan,0,nan,0,nan,0,nan,0,nan,0
1597988496812099072,1597988497000000000,2020-08-21 13:41:37.000000,3724.0,3750.0,3716.0,3728.0,nan,3730.0,457474,8531890100.0,1264189,3726.0,789,3724.0,919,nan,0,nan,0,nan,0,nan,0,nan,0,nan,0,nan,0,nan,0
1597988497314542080,1597988497000001024,2020-08-21 13:41:37.000001,3724.0,3750.0,3716.0,3728.0,nan,3730.0,457474,8531890100.0,1264189,3726.0,818,3724.0,919,nan,0,nan,0,nan,0,nan,0,nan,0,nan,0,nan,0,nan,0
1597988497821730048,1597988498000000000,2020-08-21 13:41:38.000000,3726.0,3750.0,3716.0,3728.0,nan,3730.0,457475,8531908750.0,1264189,3726.0,817,3724.0,919,nan,0,nan,0,nan,0,nan,0,nan,0,nan,0,nan,0,nan,0
1597988498314541056,1597988498000001024,2020-08-21 13:41:38.000001,3726.0,3750.0,3716.0,3728.0,nan,3730.0,457476,8531927400.0,1264188,3726.0,818,3724.0,919,nan,0,nan,0,nan,0,nan,0,nan,0,nan,0,nan,0,nan,0
1597988498808591104,1597988499000000000,2020-08-21 13:41:39.000000,3724.0,3750.0,3716.0,3728.0,nan,3730.0,457477,8531946050.0,1264188,3726.0,818,3724.0,922,nan,0,nan,0,nan,0,nan,0,nan,0,nan,0,nan,0,nan,0
1597988499311226880,1597988499000001024,2020-08-21 13:41:39.000001,3724.0,3750.0,3716.0,3728.0,nan,3730.0,457480,8532002000.0,1264188,3726.0,833,3724.0,919,nan,0,nan,0,nan,0,nan,0,nan,0,nan,0,nan,0,nan,0
1597988499816717056,1597988500000000000,2020-08-21 13:41:40.000000,3724.0,3750.0,3716.0,3728.0,nan,3730.0,457480,8532002000.0,1264188,3726.0,833,3724.0,920,nan,0,nan,0,nan,0,nan,0,nan,0,nan,0,nan,0,nan,0
1597988500316122880,1597988500000001024,2020-08-21 13:41:40.000001,3724.0,3750.0,3716.0,3728.0,nan,3730.0,457517,8532692050.0,1264224,3726.0,839,3724.0,883,nan,0,nan,0,nan,0,nan,0,nan,0,nan,0,nan,0,nan,0
1597988500821484032,1597988501000000000,2020-08-21 13:41:41.000000,3724.0,3750.0,3716.0,3728.0,nan,3730.0,457557,8533438050.0,1264263,3726.0,843,3724.0,843,nan,0,nan,0,nan,0,nan,0,nan,0,nan,0,nan,0,nan,0
