local_nano_time,quote_nano_time,datetime,last_price,highest,lowest,open,close,average,volume,amount,open_interest,ask_price1,ask_volume1,bid_price1,bid_volume1,ask_price2,ask_volume2,bid_price2,bid_volume2,ask_price3,ask_volume3,bid_price3,bid_volume3,ask_price4,ask_volume4,bid_price4,bid_volume4,ask_price5,ask_volume5,bid_price5,bid_volume5
1597988226565952000,1597988226500000000,2020-08-21 13:37:06.500000,4694.6,4719.6,4680.0,4691.6,nan,4699.53,71038,100153558740.0,112507,4694.6,6,4694.2,2,nan,0,nan,0,nan,0,nan,0,nan,0,nan,0,nan,0,nan,0
1597988227072737024,1597988227000000000,2020-08-21 13:37:07.000000,4694.6,4719.6,4680.0,4691.6,nan,4699.53,71038,100153558740.0,112507,4694.4,2,4694.2,2,nan,0,nan,0,nan,0,nan,0,nan,0,nan,0,nan,0,nan,0
1597988227560293120,1597988227500000000,2020-08-21 13:37:07.500000,4694.2,4719.6,4680.0,4691.6,nan,4699.53,71041,100157783640.0,112509,4694.4,6,4694.2,2,nan,0,nan,0,nan,0,nan,0,nan,0,nan,0,nan,0,nan,0
1597988228077050880,1597988228000000000,2020-08-21 13:37:08.000000,4694.2,4719.6,4680.0,4691.6,nan,4699.529,71042,100159191900.0,112508,4694.4,7,4694.2,1,nan,0,nan,0,nan,0,nan,0,nan,0,nan,0,nan,0,nan,0
1597988228557359104,1597988228500000000,2020-08-21 13:37:08.500000,4694.2,4719.6,4680.0,4691.6,nan,4699.529,71043,100160600160.0,112508,4694.2,5,4694.0,2,nan,0,nan,0,nan,0,nan,0,nan,0,nan,0,nan,0,nan,0
1597988229079197952,1597988229000000000,2020-08-21 13:37:09.000000,4694.4,4719.6,4680.0,4691.6,nan,4699.529,71050,100170458100.0,112507,4694.6,1,4694.2,2,nan,0,nan,0,nan,0,nan,0,nan,0,nan,0,nan,0,nan,0
1597988229560484096,1597988229500000000,2020-08-21 13:37:09.500000,4694.2,4719.6,4680.0,4691.6,nan,4699.528,71059,100183132980.0,112511,4694.6,1,4694.4,1,nan,0,nan,0,nan,0,nan,0,nan,0,nan,0,nan,0,nan,0
1597988230050476032,1597988230000000000,2020-08-21 13:37:10.000000,4694.6,4719.6,4680.0,4691.6,nan,4699.528,71060,100184541360.0,112512,4695.0,1,4694.4,2,nan,0,nan,0,nan,0,nan,0,nan,0,nan,0,nan,0,nan,0
1597988230549174016,1597988230500000000,2020-08-21 13:37:10.500000,4694.6,4719.6,4680.0,4691.6,nan,4699.528,71064,100190175060.0,112513,4695.2,3,4694.4,3,nan,0,nan,0,nan,0,nan,0,nan,0,nan,0,nan,0,nan,0
1597988231045740032,1597988231000000000,2020-08-21 13:37:11.000000,4694.6,4719.6,4680.0,4691.6,nan,4699.528,71064,100190175060.0,112513,4695.0,1,4694.4,3,nan,0,nan,0,nan,0,nan,0,nan,0,nan,0,nan,0,nan,0
1597988231554050048,1597988231500000000,2020-08-21 13:37:11.500000,4695.0,4719.6,4680.0,4691.6,nan,4699.528,71065,100191583560.0,112513,4695.2,3,4694.4,3,nan,0,nan,0,nan,0,nan,0,nan,0,nan,0,nan,0,nan,0
1597988232041416960,1597988232000000000,2020-08-21 13:37:12.000000,4695.0,4719.6,4680.0,4691.6,nan,4699.528,71065,100191583560.0,112513,4695.2,3,4694.4,3,nan,0,nan,0,nan,0,nan,0,nan,0,nan,0,nan,0,nan,0
1597988232538065920,1597988232500000000,2020-08-21 13:37:12.500000,4694.4,4719.6,4680.0,4691.6,nan,4699.528,71067,100194400380.0,112514,4695.2,3,4694.4,2,nan,0,nan,0,nan,0,nan,0,nan,0,nan,0,nan,0,nan,0
1597988233039820032,1597988233000000000,2020-08-21 13:37:13.000000,4694.4,4719.6,4680.0,4691.6,nan,4699.528,71068,100195808700.0,112515,4695.2,4,4694.6,1,nan,0,nan,0,nan,0,nan,0,nan,0,nan,0,nan,0,nan,0
1597988233542339072,1597988233500000000,2020-08-21 13:37:13.500000,4694.4,4719.6,4680.0,4691.6,nan,4699.528,71069,100197217020.0,112515,4695.2,4,4694.4,2,nan,0,nan,0,nan,0,nan,0,nan,0,nan,0,nan,0,nan,0
1597988234045159936,1597988234000000000,2020-08-21 13:37:14.000000,4694.4,4719.6,4680.0,4691.6,nan,4699.528,71069,100197217020.0,112515,4695.2,4,4694.4,3,nan,0,nan,0,nan,0,nan,0,nan,0,nan,0,nan,0,nan,0
1597988234550065920,1597988234500000000,2020-08-21 13:37:14.500000,4694.4,4719.6,4680.0,4691.6,nan,4699.527,71070,100198625340.0,112516,4695.0,1,4694.4,3,nan,0,nan,0,nan,0,nan,0,nan,0,nan,0,nan,0,nan,0
1597988235540305920,1597988235500000000,2020-08-21 13:37:15.500000,4695.0,4719.6,4680.0,4691.6,nan,4699.527,71071,100200033840.0,112517,4695.2,4,4694.6,1,nan,0,nan,0,nan,0,nan,0,nan,0,nan,0,nan,0,nan,0
1597988236044102912,1597988236000000000,2020-08-21 13:37:16.000000,4695.0,4719.6,4680.0,4691.6,nan,4699.527,71072,100201442340.0,112517,4695.0,4,4694.6,2,nan,0,nan,0,nan,0,nan,0,nan,0,nan,0,nan,0,nan,0
1597988236543222016,1597988236500000000,2020-08-21 13:37:16.500000,4695.0,4719.6,4680.0,4691.6,nan,4699.527,71074,100204259340.0,112519,4695.0,2,4694.6,1,nan,0,nan,0,nan,0,nan,0,nan,0,nan,0,nan,0,nan,0
1597988237040892928,1597988237000000000,2020-08-21 13:37:17.000000,4694.2,4719.6,4680.0,4691.6,nan,4699.527,71081,100214117520.0,112519,4694.4,3,4694.0,4,nan,0,nan,0,nan,0,nan,0,nan,0,nan,0,nan,0,nan,0
1597988237551185920,1597988237500000000,2020-08-21 13:37:17.500000,4694.2,4719.6,4680.0,4691.6,nan,4699.527,71081,100214117520.0,112519,4694.4,1,4694.0,5,nan,0,nan,0,nan,0,nan,0,nan,0,nan,0,nan,0,nan,0
1597988238058109952,1597988238000000000,2020-08-21 13:37:18.000000,4694.0,4719.6,4680.0,4691.6,nan,4699.527,71083,100216933920.0,112521,4694.4,1,4694.0,2,nan,0,nan,0,nan,0,nan,0,nan,0,nan,0,nan,0,nan,0
1597988238550362880,1597988238500000000,2020-08-21 13:37:18.500000,4693.4,4719.6,4680.0,4691.6,nan,4699.526,71089,100225382760.0,112521,4694.8,2,4693.4,4,nan,0,nan,0,nan,0,nan,0,nan,0,nan,0,nan,0,nan,0
1597988239053644032,1597988239000000000,2020-08-21 13:37:19.000000,4693.4,4719.6,4680.0,4691.6,nan,4699.526,71092,100229606820.0,112522,4694.0,1,4693.4,2,nan,0,nan,0,nan,0,nan,0,nan,0,nan,0,nan,0,nan,0
1597988239557869056,1597988239500000000,2020-08-21 13:37:19.500000,4693.8,4719.6,4680.0,4691.6,nan,4699.526,71094,100232422980.0,112522,4694.0,1,4693.4,1,nan,0,nan,0,nan,0,nan,0,nan,0,nan,0,nan,0,nan,0
1597988240065068032,1597988240000000000,2020-08-21 13:37:20.000000,4693.8,4719.6,4680.0,4691.6,nan,4699.526,71095,100233831120.0,112523,4694.0,2,4693.4,1,nan,0,nan,0,nan,0,nan,0,nan,0,nan,0,nan,0,nan,0
1597988240549018112,1597988240500000000,2020-08-21 13:37:20.500000,4693.2,4719.6,4680.0,4691.6,nan,4699.525,71097,100236647100.0,112525,4693.4,1,4693.2,4,nan,0,nan,0,nan,0,nan,0,nan,0,nan,0,nan,0,nan,0
1597988241065379072,1597988241000000000,2020-08-21 13:37:21.000000,4693.8,4719.6,4680.0,4691.6,nan,4699.525,71101,100242279420.0,112527,4694.0,3,4693.8,1,nan,0,nan,0,nan,0,nan,0,nan,0,nan,0,nan,0,nan,0
1597988241565584896,1597988241500000000,2020-08-21 13:37:21.500000,4693.8,4719.6,4680.0,4691.6,nan,4699.524,71111,100256359620.0,112536,4693.8,5,4693.0,11,nan,0,nan,0,nan,0,nan,0,nan,0,nan,0,nan,0,nan,0
1597988242074237952,1597988242000000000,2020-08-21 13:37:22.000000,4693.0,4719.6,4680.0,4691.6,nan,4699.523,71123,100273254420.0,112544,4693.0,1,4692.8,2,nan,0,nan,0,nan,0,nan,0,nan,0,nan,0,nan,0,nan,0
1597988242564261120,1597988242500000000,2020-08-21 13:37:22.500000,4693.0,4719.6,4680.0,4691.6,nan,4699.523,71128,100280293800.0,112542,4693.4,1,4692.6,12,nan,0,nan,0,nan,0,nan,0,nan,0,nan,0,nan,0,nan,0
1597988243067977984,1597988243000000000,2020-08-21 13:37:23.000000,4692.8,4719.6,4680.0,4691.6,nan,4699.522,71131,100284517200.0,112545,4692.8,2,4692.6,10,nan,0,nan,0,nan,0,nan,0,nan,0,nan,0,nan,0,nan,0
1597988243575736064,1597988243500000000,2020-08-21 13:37:23.500000,4692.8,4719.6,4680.0,4691.6,nan,4699.522,71136,100291556160.0,112542,4693.2,3,4692.6,6,nan,0,nan,0,nan,0,nan,0,nan,0,nan,0,nan,0,nan,0
1597988244067446016,1597988244000000000,2020-08-21 13:37:24.000000,4692.6,4719.6,4680.0,4691.6,nan,4699.522,71139,100295779500.0,112541,4693.2,3,4692.8,1,nan,0,nan,0,nan,0,nan,0,nan,0,nan,0,nan,0,nan,0
1597988244558260992,1597988244500000000,2020-08-21 13:37:24.500000,4693.0,4719.6,4680.0,4691.6,nan,4699.521,71141,100298595180.0,112543,4692.8,4,4692.6,6,nan,0,nan,0,nan,0,nan,0,nan,0,nan,0,nan,0,nan,0
1597988245071664896,1597988245000000000,2020-08-21 13:37:25.000000,4692.8,4719.6,4680.0,4691.6,nan,4699.521,71143,100301410860.0,112545,4692.8,3,4692.6,6,nan,0,nan,0,nan,0,nan,0,nan,0,nan,0,nan,0,nan,0
1597988245559054080,1597988245500000000,2020-08-21 13:37:25.500000,4692.6,4719.6,4680.0,4691.6,nan,4699.521,71146,100305634320.0,112545,4692.8,1,4692.6,5,nan,0,nan,0,nan,0,nan,0,nan,0,nan,0,nan,0,nan,0
1597988246093199104,1597988246000000000,2020-08-21 13:37:26.000000,4692.6,4719.6,4680.0,4691.6,nan,4699.52,71152,100314081000.0,112549,4692.6,1,4692.2,11,nan,0,nan,0,nan,0,nan,0,nan,0,nan,0,nan,0,nan,0
1597988246566166016,1597988246500000000,2020-08-21 13:37:26.500000,4692.6,4719.6,4680.0,4691.6,nan,4699.52,71158,100322527320.0,112553,4692.4,2,4692.2,8,nan,0,nan,0,nan,0,nan,0,nan,0,nan,0,nan,0,nan,0
1597988247059420928,1597988247000000000,2020-08-21 13:37:27.000000,4692.2,4719.6,4680.0,4691.6,nan,4699.519,71167,100335196500.0,112553,4692.6,1,4692.4,2,nan,0,nan,0,nan,0,nan,0,nan,0,nan,0,nan,0,nan,0
1597988247569719040,1597988247500000000,2020-08-21 13:37:27.500000,4692.2,4719.6,4680.0,4691.6,nan,4699.518,71175,100346458500.0,112557,4693.0,1,4692.0,10,nan,0,nan,0,nan,0,nan,0,nan,0,nan,0,nan,0,nan,0
1597988248062081024,1597988248000000000,2020-08-21 13:37:28.000000,4692.2,4719.6,4680.0,4691.6,nan,4699.517,71181,100354905120.0,112557,4692.8,1,4692.2,1,nan,0,nan,0,nan,0,nan,0,nan,0,nan,0,nan,0,nan,0
1597988248556556032,1597988248500000000,2020-08-21 13:37:28.500000,4692.2,4719.6,4680.0,4691.6,nan,4699.517,71181,100354905120.0,112557,4692.8,2,4692.6,2,nan,0,nan,0,nan,0,nan,0,nan,0,nan,0,nan,0,nan,0
1597988249054725120,1597988249000000000,2020-08-21 13:37:29.000000,4692.6,4719.6,4680.0,4691.6,nan,4699.517,71184,100359128580.0,112559,4693.0,1,4692.6,1,nan,0,nan,0,nan,0,nan,0,nan,0,nan,0,nan,0,nan,0
1597988249552891904,1597988249500000000,2020-08-21 13:37:29.500000,4692.6,4719.6,4680.0,4691.6,nan,4699.517,71189,100366167600.0,112562,4692.6,22,4692.4,1,nan,0,nan,0,nan,0,nan,0,nan,0,nan,0,nan,0,nan,0
1597988250067418880,1597988250000000000,2020-08-21 13:37:30.000000,4692.4,4719.6,4680.0,4691.6,nan,4699.516,71192,100370390700.0,112564,4692.4,6,4692.2,1,nan,0,nan,0,nan,0,nan,0,nan,0,nan,0,nan,0,nan,0
1597988250563279104,1597988250500000000,2020-08-21 13:37:30.500000,4692.2,4719.6,4680.0,4691.6,nan,4699.516,71193,100371798360.0,112565,4692.2,1,4692.0,9,nan,0,nan,0,nan,0,nan,0,nan,0,nan,0,nan,0,nan,0
1597988251064969984,1597988251000000000,2020-08-21 13:37:31.000000,4692.2,4719.6,4680.0,4691.6,nan,4699.515,71201,100383059400.0,112567,4692.2,1,4692.0,5,nan,0,nan,0,nan,0,nan,0,nan,0,nan,0,nan,0,nan,0
1597988251553483008,1597988251500000000,2020-08-21 13:37:31.500000,4692.2,4719.6,4680.0,4691.6,nan,4699.515,71206,100390097460.0,112568,4692.4,6,4692.0,1,nan,0,nan,0,nan,0,nan,0,nan,0,nan,0,nan,0,nan,0
1597988252052357120,1597988252000000000,2020-08-21 13:37:32.000000,4692.0,4719.6,4680.0,4691.6,nan,4699.515,71207,100391505060.0,112569,4692.0,3,4691.8,4,nan,0,nan,0,nan,0,nan,0,nan,0,nan,0,nan,0,nan,0
1597988252571970048,1597988252500000000,2020-08-21 13:37:32.500000,4691.8,4719.6,4680.0,4691.6,nan,4699.514,71212,100398542880.0,112571,4692.0,1,4691.8,1,nan,0,nan,0,nan,0,nan,0,nan,0,nan,0,nan,0,nan,0
1597988253055734016,1597988253000000000,2020-08-21 13:37:33.000000,4691.4,4719.6,4680.0,4691.6,nan,4699.514,71215,100402765440.0,112573,4692.2,2,4691.2,4,nan,0,nan,0,nan,0,nan,0,nan,0,nan,0,nan,0,nan,0
1597988253573456896,1597988253500000000,2020-08-21 13:37:33.500000,4691.2,4719.6,4680.0,4691.6,nan,4699.513,71225,100416839880.0,112569,4692.2,2,4691.8,1,nan,0,nan,0,nan,0,nan,0,nan,0,nan,0,nan,0,nan,0
1597988254066874880,1597988254000000000,2020-08-21 13:37:34.000000,4692.0,4719.6,4680.0,4691.6,nan,4699.512,71233,100428100320.0,112565,4692.2,2,4692.0,1,nan,0,nan,0,nan,0,nan,0,nan,0,nan,0,nan,0,nan,0
1597988254568656896,1597988254500000000,2020-08-21 13:37:34.500000,4691.0,4719.6,4680.0,4691.6,nan,4699.511,71239,100436544600.0,112570,4691.8,2,4691.0,14,nan,0,nan,0,nan,0,nan,0,nan,0,nan,0,nan,0,nan,0
1597988255075200000,1597988255000000000,2020-08-21 13:37:35.000000,4691.8,4719.6,4680.0,4691.6,nan,4699.51,71249,100450618980.0,112574,4692.0,4,4691.4,1,nan,0,nan,0,nan,0,nan,0,nan,0,nan,0,nan,0,nan,0
1597988255585838080,1597988255500000000,2020-08-21 13:37:35.500000,4691.6,4719.6,4680.0,4691.6,nan,4699.509,71256,100460471880.0,112576,4691.8,1,4691.6,1,nan,0,nan,0,nan,0,nan,0,nan,0,nan,0,nan,0,nan,0
1597988256072507904,1597988256000000000,2020-08-21 13:37:36.000000,4692.0,4719.6,4680.0,4691.6,nan,4699.509,71263,100470325020.0,112578,4692.2,4,4692.0,5,nan,0,nan,0,nan,0,nan,0,nan,0,nan,0,nan,0,nan,0
1597988256583994880,1597988256500000000,2020-08-21 13:37:36.500000,4692.2,4719.6,4680.0,4691.6,nan,4699.507,71278,100491440280.0,112589,4692.6,20,4692.2,5,nan,0,nan,0,nan,0,nan,0,nan,0,nan,0,nan,0,nan,0
1597988257078520064,1597988257000000000,2020-08-21 13:37:37.000000,4692.4,4719.6,4680.0,4691.6,nan,4699.505,71299,100521003600.0,112595,4692.6,1,4692.2,3,nan,0,nan,0,nan,0,nan,0,nan,0,nan,0,nan,0,nan,0
1597988257585697024,1597988257500000000,2020-08-21 13:37:37.500000,4693.0,4719.6,4680.0,4691.6,nan,4699.505,71303,100526635020.0,112598,4693.0,1,4692.8,4,nan,0,nan,0,nan,0,nan,0,nan,0,nan,0,nan,0,nan,0
1597988258069958912,1597988258000000000,2020-08-21 13:37:38.000000,4692.8,4719.6,4680.0,4691.6,nan,4699.505,71305,100529450700.0,112599,4693.6,1,4692.6,2,nan,0,nan,0,nan,0,nan,0,nan,0,nan,0,nan,0,nan,0
1597988258571504128,1597988258500000000,2020-08-21 13:37:38.500000,4692.8,4719.6,4680.0,4691.6,nan,4699.504,71308,100533674100.0,112599,4692.8,1,4692.6,1,nan,0,nan,0,nan,0,nan,0,nan,0,nan,0,nan,0,nan,0
1597988259070355968,1597988259000000000,2020-08-21 13:37:39.000000,4692.4,4719.6,4680.0,4691.6,nan,4699.504,71310,100536489600.0,112601,4692.6,4,4692.4,1,nan,0,nan,0,nan,0,nan,0,nan,0,nan,0,nan,0,nan,0
1597988259573863936,1597988259500000000,2020-08-21 13:37:39.500000,4692.0,4719.6,4680.0,4691.6,nan,4699.503,71316,100544935620.0,112604,4692.0,1,4691.8,3,nan,0,nan,0,nan,0,nan,0,nan,0,nan,0,nan,0,nan,0
1597988260084129024,1597988260000000000,2020-08-21 13:37:40.000000,4692.4,4719.6,4680.0,4691.6,nan,4699.503,71320,100550566200.0,112606,4692.6,9,4692.2,1,nan,0,nan,0,nan,0,nan,0,nan,0,nan,0,nan,0,nan,0
1597988260570706944,1597988260500000000,2020-08-21 13:37:40.500000,4692.0,4719.6,4680.0,4691.6,nan,4699.502,71326,100559011740.0,112607,4692.0,7,4691.6,2,nan,0,nan,0,nan,0,nan,0,nan,0,nan,0,nan,0,nan,0
1597988261070738944,1597988261000000000,2020-08-21 13:37:41.000000,4691.6,4719.6,4680.0,4691.6,nan,4699.502,71328,100561826700.0,112607,4691.8,1,4691.4,4,nan,0,nan,0,nan,0,nan,0,nan,0,nan,0,nan,0,nan,0
1597988261571670016,1597988261500000000,2020-08-21 13:37:41.500000,4691.6,4719.6,4680.0,4691.6,nan,4699.502,71332,100567456740.0,112609,4691.6,1,4691.4,6,nan,0,nan,0,nan,0,nan,0,nan,0,nan,0,nan,0,nan,0
1597988262068372992,1597988262000000000,2020-08-21 13:37:42.000000,4691.6,4719.6,4680.0,4691.6,nan,4699.501,71334,100570271700.0,112610,4692.6,11,4691.8,2,nan,0,nan,0,nan,0,nan,0,nan,0,nan,0,nan,0,nan,0
1597988262577220096,1597988262500000000,2020-08-21 13:37:42.500000,4691.6,4719.6,4680.0,4691.6,nan,4699.501,71335,100571679180.0,112611,4692.4,1,4691.6,3,nan,0,nan,0,nan,0,nan,0,nan,0,nan,0,nan,0,nan,0
1597988263060376064,1597988263000000000,2020-08-21 13:37:43.000000,4692.2,4719.6,4680.0,4691.6,nan,4699.501,71337,100574494320.0,112613,4692.2,2,4691.6,3,nan,0,nan,0,nan,0,nan,0,nan,0,nan,0,nan,0,nan,0
1597988263578368000,1597988263500000000,2020-08-21 13:37:43.500000,4691.4,4719.6,4680.0,4691.6,nan,4699.501,71342,100581531600.0,112609,4692.2,4,4691.8,1,nan,0,nan,0,nan,0,nan,0,nan,0,nan,0,nan,0,nan,0
1597988264060645120,1597988264000000000,2020-08-21 13:37:44.000000,4691.8,4719.6,4680.0,4691.6,nan,4699.5,71343,100582939140.0,112609,4692.2,3,4691.8,3,nan,0,nan,0,nan,0,nan,0,nan,0,nan,0,nan,0,nan,0
1597988264560006912,1597988264500000000,2020-08-21 13:37:44.500000,4691.8,4719.6,4680.0,4691.6,nan,4699.5,71346,100587161760.0,112612,4692.2,3,4691.4,4,nan,0,nan,0,nan,0,nan,0,nan,0,nan,0,nan,0,nan,0
1597988265065352960,1597988265000000000,2020-08-21 13:37:45.000000,4691.8,4719.6,4680.0,4691.6,nan,4699.5,71346,100587161760.0,112612,4692.2,3,4691.6,1,nan,0,nan,0,nan,0,nan,0,nan,0,nan,0,nan,0,nan,0
1597988265556524032,1597988265500000000,2020-08-21 13:37:45.500000,4692.6,4719.6,4680.0,4691.6,nan,4699.5,71351,100594200060.0,112616,4692.6,9,4691.6,1,nan,0,nan,0,nan,0,nan,0,nan,0,nan,0,nan,0,nan,0
1597988266082748928,1597988266000000000,2020-08-21 13:37:46.000000,4692.2,4719.6,4680.0,4691.6,nan,4699.499,71359,100605462180.0,112621,4692.6,2,4692.2,2,nan,0,nan,0,nan,0,nan,0,nan,0,nan,0,nan,0,nan,0
1597988266559928064,1597988266500000000,2020-08-21 13:37:46.500000,4692.6,4719.6,4680.0,4691.6,nan,4699.498,71363,100611093300.0,112620,4693.6,2,4692.8,3,nan,0,nan,0,nan,0,nan,0,nan,0,nan,0,nan,0,nan,0
1597988267097841920,1597988267000000000,2020-08-21 13:37:47.000000,4692.8,4719.6,4680.0,4691.6,nan,4699.498,71365,100613908980.0,112620,4692.6,1,4692.4,2,nan,0,nan,0,nan,0,nan,0,nan,0,nan,0,nan,0,nan,0
1597988267574503936,1597988267500000000,2020-08-21 13:37:47.500000,4692.8,4719.6,4680.0,4691.6,nan,4699.498,71367,100616724600.0,112620,4694.4,6,4692.8,4,nan,0,nan,0,nan,0,nan,0,nan,0,nan,0,nan,0,nan,0
1597988268080592896,1597988268000000000,2020-08-21 13:37:48.000000,4692.8,4719.6,4680.0,4691.6,nan,4699.498,71368,100618132440.0,112620,4694.0,2,4692.8,4,nan,0,nan,0,nan,0,nan,0,nan,0,nan,0,nan,0,nan,0
1597988268585649920,1597988268500000000,2020-08-21 13:37:48.500000,4693.6,4719.6,4680.0,4691.6,nan,4699.498,71371,100622356200.0,112620,4693.6,5,4692.8,2,nan,0,nan,0,nan,0,nan,0,nan,0,nan,0,nan,0,nan,0
1597988269078956032,1597988269000000000,2020-08-21 13:37:49.000000,4692.8,4719.6,4680.0,4691.6,nan,4699.497,71382,100637844840.0,112618,4693.4,1,4692.8,1,nan,0,nan,0,nan,0,nan,0,nan,0,nan,0,nan,0,nan,0
1597988269576432896,1597988269500000000,2020-08-21 13:37:49.500000,4692.8,4719.6,4680.0,4691.6,nan,4699.497,71383,100639252680.0,112619,4693.4,2,4692.4,1,nan,0,nan,0,nan,0,nan,0,nan,0,nan,0,nan,0,nan,0
1597988270076850944,1597988270000000000,2020-08-21 13:37:50.000000,4692.8,4719.6,4680.0,4691.6,nan,4699.497,71383,100639252680.0,112619,4693.4,1,4692.4,2,nan,0,nan,0,nan,0,nan,0,nan,0,nan,0,nan,0,nan,0
1597988270566671104,1597988270500000000,2020-08-21 13:37:50.500000,4692.8,4719.6,4680.0,4691.6,nan,4699.497,71383,100639252680.0,112619,4693.0,1,4692.6,1,nan,0,nan,0,nan,0,nan,0,nan,0,nan,0,nan,0,nan,0
1597988271068915968,1597988271000000000,2020-08-21 13:37:51.000000,4692.8,4719.6,4680.0,4691.6,nan,4699.497,71383,100639252680.0,112619,4693.0,1,4692.6,1,nan,0,nan,0,nan,0,nan,0,nan,0,nan,0,nan,0,nan,0
1597988271565947904,1597988271500000000,2020-08-21 13:37:51.500000,4693.0,4719.6,4680.0,4691.6,nan,4699.497,71384,100640660580.0,112620,4693.4,2,4692.6,1,nan,0,nan,0,nan,0,nan,0,nan,0,nan,0,nan,0,nan,0
1597988272067830016,1597988272000000000,2020-08-21 13:37:52.000000,4693.0,4719.6,4680.0,4691.6,nan,4699.497,71384,100640660580.0,112620,4693.4,2,4692.6,1,nan,0,nan,0,nan,0,nan,0,nan,0,nan,0,nan,0,nan,0
1597988272567991040,1597988272500000000,2020-08-21 13:37:52.500000,4692.6,4719.6,4680.0,4691.6,nan,4699.496,71386,100643476200.0,112620,4693.4,2,4692.4,1,nan,0,nan,0,nan,0,nan,0,nan,0,nan,0,nan,0,nan,0
1597988273076952064,1597988273000000000,2020-08-21 13:37:53.000000,4692.6,4719.6,4680.0,4691.6,nan,4699.496,71386,100643476200.0,112620,4693.4,3,4692.4,1,nan,0,nan,0,nan,0,nan,0,nan,0,nan,0,nan,0,nan,0
1597988273562703104,1597988273500000000,2020-08-21 13:37:53.500000,4692.6,4719.6,4680.0,4691.6,nan,4699.496,71386,100643476200.0,112620,4693.4,2,4692.4,1,nan,0,nan,0,nan,0,nan,0,nan,0,nan,0,nan,0,nan,0
1597988274067319040,1597988274000000000,2020-08-21 13:37:54.000000,4692.6,4719.6,4680.0,4691.6,nan,4699.496,71386,100643476200.0,112620,4692.8,1,4692.6,1,nan,0,nan,0,nan,0,nan,0,nan,0,nan,0,nan,0,nan,0
1597988274565369088,1597988274500000000,2020-08-21 13:37:54.500000,4693.4,4719.6,4680.0,4691.6,nan,4699.496,71389,100647699780.0,112621,4693.4,1,4692.2,8,nan,0,nan,0,nan,0,nan,0,nan,0,nan,0,nan,0,nan,0
1597988275062769920,1597988275000000000,2020-08-21 13:37:55.000000,4694.2,4719.6,4680.0,4691.6,nan,4699.495,71399,100661780940.0,112621,4693.4,1,4692.6,1,nan,0,nan,0,nan,0,nan,0,nan,0,nan,0,nan,0,nan,0
1597988275566732032,1597988275500000000,2020-08-21 13:37:55.500000,4693.4,4719.6,4680.0,4691.6,nan,4699.495,71402,100666005000.0,112624,4694.2,2,4693.4,1,nan,0,nan,0,nan,0,nan,0,nan,0,nan,0,nan,0,nan,0
1597988276085359104,1597988276000000000,2020-08-21 13:37:56.000000,4693.4,4719.6,4680.0,4691.6,nan,4699.495,71402,100666005000.0,112624,4694.4,1,4692.8,4,nan,0,nan,0,nan,0,nan,0,nan,0,nan,0,nan,0,nan,0
1597988276576058112,1597988276500000000,2020-08-21 13:37:56.500000,4693.4,4719.6,4680.0,4691.6,nan,4699.495,71402,100666005000.0,112624,4694.4,2,4693.6,1,nan,0,nan,0,nan,0,nan,0,nan,0,nan,0,nan,0,nan,0
1597988277089827072,1597988277000000000,2020-08-21 13:37:57.000000,4693.6,4719.6,4680.0,4691.6,nan,4699.495,71403,100667413080.0,112625,4694.4,1,4693.0,5,nan,0,nan,0,nan,0,nan,0,nan,0,nan,0,nan,0,nan,0
1597988277577719040,1597988277500000000,2020-08-21 13:37:57.500000,4693.2,4719.6,4680.0,4691.6,nan,4699.495,71405,100670229000.0,112627,4694.4,2,4693.0,8,nan,0,nan,0,nan,0,nan,0,nan,0,nan,0,nan,0,nan,0
1597988278072393984,1597988278000000000,2020-08-21 13:37:58.000000,4694.2,4719.6,4680.0,4691.6,nan,4699.495,71409,100675861860.0,112629,4694.2,1,4693.0,7,nan,0,nan,0,nan,0,nan,0,nan,0,nan,0,nan,0,nan,0
1597988278566948096,1597988278500000000,2020-08-21 13:37:58.500000,4693.0,4719.6,4680.0,4691.6,nan,4699.494,71411,100678677900.0,112628,4694.2,1,4693.0,9,nan,0,nan,0,nan,0,nan,0,nan,0,nan,0,nan,0,nan,0
1597988279066198016,1597988279000000000,2020-08-21 13:37:59.000000,4694.0,4719.6,4680.0,4691.6,nan,4699.494,71413,100681494000.0,112627,4694.2,1,4693.2,1,nan,0,nan,0,nan,0,nan,0,nan,0,nan,0,nan,0,nan,0
1597988279571960064,1597988279500000000,2020-08-21 13:37:59.500000,4693.2,4719.6,4680.0,4691.6,nan,4699.494,71414,100682901960.0,112627,4694.2,1,4693.2,3,nan,0,nan,0,nan,0,nan,0,nan,0,nan,0,nan,0,nan,0
1597988280076464896,1597988280000000000,2020-08-21 13:38:00.000000,4693.2,4719.6,4680.0,4691.6,nan,4699.494,71417,100687125840.0,112629,4694.2,1,4693.4,1,nan,0,nan,0,nan,0,nan,0,nan,0,nan,0,nan,0,nan,0
1597988280570151936,1597988280500000000,2020-08-21 13:38:00.500000,4693.2,4719.6,4680.0,4691.6,nan,4699.494,71418,100688533800.0,112630,4694.2,1,4693.4,1,nan,0,nan,0,nan,0,nan,0,nan,0,nan,0,nan,0,nan,0
1597988281073391104,1597988281000000000,2020-08-21 13:38:01.000000,4693.2,4719.6,4680.0,4691.6,nan,4699.494,71418,100688533800.0,112630,4693.6,1,4693.4,1,nan,0,nan,0,nan,0,nan,0,nan,0,nan,0,nan,0,nan,0
1597988281582235904,1597988281500000000,2020-08-21 13:38:01.500000,4693.6,4719.6,4680.0,4691.6,nan,4699.494,71419,100689941880.0,112631,4693.6,2,4693.4,2,nan,0,nan,0,nan,0,nan,0,nan,0,nan,0,nan,0,nan,0
1597988282063219968,1597988282000000000,2020-08-21 13:38:02.000000,4693.4,4719.6,4680.0,4691.6,nan,4699.494,71421,100692757920.0,112632,4693.4,2,4693.2,3,nan,0,nan,0,nan,0,nan,0,nan,0,nan,0,nan,0,nan,0
1597988282567450880,1597988282500000000,2020-08-21 13:38:02.500000,4693.4,4719.6,4680.0,4691.6,nan,4699.493,71425,100698389880.0,112635,4693.6,2,4693.4,1,nan,0,nan,0,nan,0,nan,0,nan,0,nan,0,nan,0,nan,0
1597988283064980992,1597988283000000000,2020-08-21 13:38:03.000000,4693.2,4719.6,4680.0,4691.6,nan,4699.493,71427,100701205860.0,112636,4693.4,1,4693.0,7,nan,0,nan,0,nan,0,nan,0,nan,0,nan,0,nan,0,nan,0
1597988283569711104,1597988283500000000,2020-08-21 13:38:03.500000,4693.2,4719.6,4680.0,4691.6,nan,4699.493,71427,100701205860.0,112636,4693.2,1,4693.0,7,nan,0,nan,0,nan,0,nan,0,nan,0,nan,0,nan,0,nan,0
1597988284071668992,1597988284000000000,2020-08-21 13:38:04.000000,4693.0,4719.6,4680.0,4691.6,nan,4699.493,71428,100702613760.0,112636,4693.2,1,4693.0,5,nan,0,nan,0,nan,0,nan,0,nan,0,nan,0,nan,0,nan,0
1597988284566106112,1597988284500000000,2020-08-21 13:38:04.500000,4693.0,4719.6,4680.0,4691.6,nan,4699.492,71433,100709653800.0,112637,4694.4,4,4693.0,3,nan,0,nan,0,nan,0,nan,0,nan,0,nan,0,nan,0,nan,0
1597988285083226880,1597988285000000000,2020-08-21 13:38:05.000000,4693.0,4719.6,4680.0,4691.6,nan,4699.492,71433,100709653800.0,112637,4694.0,5,4693.8,1,nan,0,nan,0,nan,0,nan,0,nan,0,nan,0,nan,0,nan,0
1597988285579137024,1597988285500000000,2020-08-21 13:38:05.500000,4693.4,4719.6,4680.0,4691.6,nan,4699.492,71438,100716693660.0,112642,4693.4,5,4693.2,1,nan,0,nan,0,nan,0,nan,0,nan,0,nan,0,nan,0,nan,0
1597988286079417088,1597988286000000000,2020-08-21 13:38:06.000000,4692.4,4719.6,4680.0,4691.6,nan,4699.492,71443,100723732800.0,112643,4692.8,1,4692.4,3,nan,0,nan,0,nan,0,nan,0,nan,0,nan,0,nan,0,nan,0
1597988286584028928,1597988286500000000,2020-08-21 13:38:06.500000,4692.4,4719.6,4680.0,4691.6,nan,4699.491,71446,100727955960.0,112642,4692.4,1,4692.2,7,nan,0,nan,0,nan,0,nan,0,nan,0,nan,0,nan,0,nan,0
1597988287102924032,1597988287000000000,2020-08-21 13:38:07.000000,4692.2,4719.6,4680.0,4691.6,nan,4699.491,71453,100737809580.0,112644,4692.2,2,4692.0,3,nan,0,nan,0,nan,0,nan,0,nan,0,nan,0,nan,0,nan,0
1597988287587078912,1597988287500000000,2020-08-21 13:38:07.500000,4691.8,4719.6,4680.0,4691.6,nan,4699.49,71457,100743439920.0,112647,4692.0,2,4691.6,4,nan,0,nan,0,nan,0,nan,0,nan,0,nan,0,nan,0,nan,0
1597988288092794880,1597988288000000000,2020-08-21 13:38:08.000000,4691.6,4719.6,4680.0,4691.6,nan,4699.489,71463,100751885040.0,112649,4692.0,1,4691.8,1,nan,0,nan,0,nan,0,nan,0,nan,0,nan,0,nan,0,nan,0
1597988288595926016,1597988288500000000,2020-08-21 13:38:08.500000,4692.2,4719.6,4680.0,4691.6,nan,4699.489,71466,100756107900.0,112652,4692.2,2,4691.8,1,nan,0,nan,0,nan,0,nan,0,nan,0,nan,0,nan,0,nan,0
1597988289085325056,1597988289000000000,2020-08-21 13:38:09.000000,4692.2,4719.6,4680.0,4691.6,nan,4699.489,71466,100756107900.0,112652,4692.2,2,4692.0,1,nan,0,nan,0,nan,0,nan,0,nan,0,nan,0,nan,0,nan,0
1597988289577714944,1597988289500000000,2020-08-21 13:38:09.500000,4692.2,4719.6,4680.0,4691.6,nan,4699.489,71469,100760330820.0,112654,4692.4,1,4692.0,3,nan,0,nan,0,nan,0,nan,0,nan,0,nan,0,nan,0,nan,0
1597988290076148992,1597988290000000000,2020-08-21 13:38:10.000000,4692.6,4719.6,4680.0,4691.6,nan,4699.489,71472,100764553980.0,112656,4692.8,1,4692.2,1,nan,0,nan,0,nan,0,nan,0,nan,0,nan,0,nan,0,nan,0
1597988290588049920,1597988290500000000,2020-08-21 13:38:10.500000,4692.2,4719.6,4680.0,4691.6,nan,4699.488,71473,100765961640.0,112656,4692.6,4,4692.0,4,nan,0,nan,0,nan,0,nan,0,nan,0,nan,0,nan,0,nan,0
1597988291076835072,1597988291000000000,2020-08-21 13:38:11.000000,4692.2,4719.6,4680.0,4691.6,nan,4699.488,71474,100767369300.0,112657,4692.6,4,4692.0,6,nan,0,nan,0,nan,0,nan,0,nan,0,nan,0,nan,0,nan,0
1597988291579348992,1597988291500000000,2020-08-21 13:38:11.500000,4692.2,4719.6,4680.0,4691.6,nan,4699.488,71474,100767369300.0,112657,4692.6,4,4692.2,1,nan,0,nan,0,nan,0,nan,0,nan,0,nan,0,nan,0,nan,0
1597988292070736896,1597988292000000000,2020-08-21 13:38:12.000000,4692.6,4719.6,4680.0,4691.6,nan,4699.488,71475,100768777080.0,112658,4692.6,3,4692.2,2,nan,0,nan,0,nan,0,nan,0,nan,0,nan,0,nan,0,nan,0
1597988292573538048,1597988292500000000,2020-08-21 13:38:12.500000,4693.0,4719.6,4680.0,4691.6,nan,4699.488,71480,100775816160.0,112660,4693.0,2,4692.6,2,nan,0,nan,0,nan,0,nan,0,nan,0,nan,0,nan,0,nan,0
1597988293081091072,1597988293000000000,2020-08-21 13:38:13.000000,4692.8,4719.6,4680.0,4691.6,nan,4699.487,71484,100781447700.0,112659,4693.2,1,4692.6,4,nan,0,nan,0,nan,0,nan,0,nan,0,nan,0,nan,0,nan,0
1597988293583068928,1597988293500000000,2020-08-21 13:38:13.500000,4692.8,4719.6,4680.0,4691.6,nan,4699.487,71488,100787079180.0,112663,4693.0,1,4692.6,5,nan,0,nan,0,nan,0,nan,0,nan,0,nan,0,nan,0,nan,0
1597988294077594880,1597988294000000000,2020-08-21 13:38:14.000000,4693.0,4719.6,4680.0,4691.6,nan,4699.487,71489,100788487080.0,112663,4693.8,6,4693.6,1,nan,0,nan,0,nan,0,nan,0,nan,0,nan,0,nan,0,nan,0
1597988294593431040,1597988294500000000,2020-08-21 13:38:14.500000,4693.6,4719.6,4680.0,4691.6,nan,4699.487,71490,100789895160.0,112664,4693.2,3,4692.6,5,nan,0,nan,0,nan,0,nan,0,nan,0,nan,0,nan,0,nan,0
1597988295094578944,1597988295000000000,2020-08-21 13:38:15.000000,4692.6,4719.6,4680.0,4691.6,nan,4699.487,71491,100791302940.0,112665,4693.0,1,4692.6,3,nan,0,nan,0,nan,0,nan,0,nan,0,nan,0,nan,0,nan,0
1597988295584947968,1597988295500000000,2020-08-21 13:38:15.500000,4692.8,4719.6,4680.0,4691.6,nan,4699.486,71495,100796934120.0,112669,4693.0,1,4692.6,2,nan,0,nan,0,nan,0,nan,0,nan,0,nan,0,nan,0,nan,0
1597988296077536000,1597988296000000000,2020-08-21 13:38:16.000000,4692.6,4719.6,4680.0,4691.6,nan,4699.486,71498,100801157460.0,112668,4692.8,1,4692.2,4,nan,0,nan,0,nan,0,nan,0,nan,0,nan,0,nan,0,nan,0
1597988296590291968,1597988296500000000,2020-08-21 13:38:16.500000,4692.0,4719.6,4680.0,4691.6,nan,4699.485,71504,100809603300.0,112669,4692.8,1,4692.0,3,nan,0,nan,0,nan,0,nan,0,nan,0,nan,0,nan,0,nan,0
1597988297082326016,1597988297000000000,2020-08-21 13:38:17.000000,4692.0,4719.6,4680.0,4691.6,nan,4699.485,71504,100809603300.0,112669,4692.2,2,4692.0,3,nan,0,nan,0,nan,0,nan,0,nan,0,nan,0,nan,0,nan,0
1597988297586084096,1597988297500000000,2020-08-21 13:38:17.500000,4692.2,4719.6,4680.0,4691.6,nan,4699.485,71507,100813826280.0,112670,4692.6,6,4692.0,3,nan,0,nan,0,nan,0,nan,0,nan,0,nan,0,nan,0,nan,0
1597988298091638016,1597988298000000000,2020-08-21 13:38:18.000000,4692.2,4719.6,4680.0,4691.6,nan,4699.485,71507,100813826280.0,112670,4692.6,5,4692.0,4,nan,0,nan,0,nan,0,nan,0,nan,0,nan,0,nan,0,nan,0
1597988298582396928,1597988298500000000,2020-08-21 13:38:18.500000,4692.2,4719.6,4680.0,4691.6,nan,4699.485,71513,100822272600.0,112670,4692.6,3,4692.0,4,nan,0,nan,0,nan,0,nan,0,nan,0,nan,0,nan,0,nan,0
1597988299079496960,1597988299000000000,2020-08-21 13:38:19.000000,4692.2,4719.6,4680.0,4691.6,nan,4699.484,71515,100825088040.0,112672,4692.6,2,4692.0,5,nan,0,nan,0,nan,0,nan,0,nan,0,nan,0,nan,0,nan,0
1597988299576237056,1597988299500000000,2020-08-21 13:38:19.500000,4692.2,4719.6,4680.0,4691.6,nan,4699.484,71515,100825088040.0,112672,4692.6,2,4692.2,2,nan,0,nan,0,nan,0,nan,0,nan,0,nan,0,nan,0,nan,0
1597988300075674880,1597988300000000000,2020-08-21 13:38:20.000000,4692.2,4719.6,4680.0,4691.6,nan,4699.484,71515,100825088040.0,112672,4692.6,2,4692.2,2,nan,0,nan,0,nan,0,nan,0,nan,0,nan,0,nan,0,nan,0
1597988300577965056,1597988300500000000,2020-08-21 13:38:20.500000,4692.4,4719.6,4680.0,4691.6,nan,4699.484,71516,100826495760.0,112673,4692.4,2,4692.2,2,nan,0,nan,0,nan,0,nan,0,nan,0,nan,0,nan,0,nan,0
1597988301220523008,1597988301000000000,2020-08-21 13:38:21.000000,4692.2,4719.6,4680.0,4691.6,nan,4699.484,71519,100830718800.0,112674,4692.4,1,4692.0,4,nan,0,nan,0,nan,0,nan,0,nan,0,nan,0,nan,0,nan,0
1597988301578262016,1597988301500000000,2020-08-21 13:38:21.500000,4692.2,4719.6,4680.0,4691.6,nan,4699.484,71521,100833534120.0,112676,4692.4,1,4692.2,1,nan,0,nan,0,nan,0,nan,0,nan,0,nan,0,nan,0,nan,0
1597988302084500992,1597988302000000000,2020-08-21 13:38:22.000000,4692.0,4719.6,4680.0,4691.6,nan,4699.483,71524,100837757040.0,112677,4692.4,1,4692.0,3,nan,0,nan,0,nan,0,nan,0,nan,0,nan,0,nan,0,nan,0
1597988302585192960,1597988302500000000,2020-08-21 13:38:22.500000,4692.0,4719.6,4680.0,4691.6,nan,4699.483,71524,100837757040.0,112677,4692.4,1,4692.0,3,nan,0,nan,0,nan,0,nan,0,nan,0,nan,0,nan,0,nan,0
1597988303076638976,1597988303000000000,2020-08-21 13:38:23.000000,4692.2,4719.6,4680.0,4691.6,nan,4699.483,71525,100839164700.0,112677,4692.4,1,4692.0,3,nan,0,nan,0,nan,0,nan,0,nan,0,nan,0,nan,0,nan,0
1597988303788239872,1597988303500000000,2020-08-21 13:38:23.500000,4692.2,4719.6,4680.0,4691.6,nan,4699.483,71525,100839164700.0,112677,4692.4,1,4692.2,1,nan,0,nan,0,nan,0,nan,0,nan,0,nan,0,nan,0,nan,0
1597988304080572928,1597988304000000000,2020-08-21 13:38:24.000000,4692.2,4719.6,4680.0,4691.6,nan,4699.483,71526,100840572360.0,112678,4692.4,1,4692.0,3,nan,0,nan,0,nan,0,nan,0,nan,0,nan,0,nan,0,nan,0
1597988304579523072,1597988304500000000,2020-08-21 13:38:24.500000,4692.0,4719.6,4680.0,4691.6,nan,4699.483,71530,100846202880.0,112680,4692.6,2,4691.8,3,nan,0,nan,0,nan,0,nan,0,nan,0,nan,0,nan,0,nan,0
1597988305082598912,1597988305000000000,2020-08-21 13:38:25.000000,4692.0,4719.6,4680.0,4691.6,nan,4699.483,71530,100846202880.0,112680,4692.6,2,4692.4,20,nan,0,nan,0,nan,0,nan,0,nan,0,nan,0,nan,0,nan,0
1597988305585105920,1597988305500000000,2020-08-21 13:38:25.500000,4692.4,4719.6,4680.0,4691.6,nan,4699.482,71538,100857464760.0,112682,4693.0,2,4692.6,1,nan,0,nan,0,nan,0,nan,0,nan,0,nan,0,nan,0,nan,0
1597988306087389952,1597988306000000000,2020-08-21 13:38:26.000000,4693.0,4719.6,4680.0,4691.6,nan,4699.482,71540,100860280440.0,112683,4692.6,2,4692.4,14,nan,0,nan,0,nan,0,nan,0,nan,0,nan,0,nan,0,nan,0
1597988306594369024,1597988306500000000,2020-08-21 13:38:26.500000,4692.6,4719.6,4680.0,4691.6,nan,4699.482,71543,100864503660.0,112682,4692.6,1,4692.4,12,nan,0,nan,0,nan,0,nan,0,nan,0,nan,0,nan,0,nan,0
1597988307076413952,1597988307000000000,2020-08-21 13:38:27.000000,4692.4,4719.6,4680.0,4691.6,nan,4699.481,71550,100874357760.0,112680,4693.0,1,4692.4,7,nan,0,nan,0,nan,0,nan,0,nan,0,nan,0,nan,0,nan,0
1597988307582414080,1597988307500000000,2020-08-21 13:38:27.500000,4692.4,4719.6,4680.0,4691.6,nan,4699.481,71550,100874357760.0,112680,4692.6,1,4692.4,7,nan,0,nan,0,nan,0,nan,0,nan,0,nan,0,nan,0,nan,0
1597988308082520064,1597988308000000000,2020-08-21 13:38:28.000000,4692.6,4719.6,4680.0,4691.6,nan,4699.481,71551,100875765540.0,112680,4692.8,2,4692.4,7,nan,0,nan,0,nan,0,nan,0,nan,0,nan,0,nan,0,nan,0
1597988308597872128,1597988308500000000,2020-08-21 13:38:28.500000,4692.6,4719.6,4680.0,4691.6,nan,4699.481,71551,100875765540.0,112680,4692.8,3,4692.4,7,nan,0,nan,0,nan,0,nan,0,nan,0,nan,0,nan,0,nan,0
1597988309091237888,1597988309000000000,2020-08-21 13:38:29.000000,4692.8,4719.6,4680.0,4691.6,nan,4699.481,71553,100878581220.0,112680,4692.8,1,4692.4,7,nan,0,nan,0,nan,0,nan,0,nan,0,nan,0,nan,0,nan,0
1597988309694971904,1597988309500000000,2020-08-21 13:38:29.500000,4692.6,4719.6,4680.0,4691.6,nan,4699.48,71555,100881396780.0,112681,4692.8,1,4692.4,7,nan,0,nan,0,nan,0,nan,0,nan,0,nan,0,nan,0,nan,0
1597988310088638976,1597988310000000000,2020-08-21 13:38:30.000000,4692.8,4719.6,4680.0,4691.6,nan,4699.48,71558,100885620060.0,112683,4693.0,3,4692.4,5,nan,0,nan,0,nan,0,nan,0,nan,0,nan,0,nan,0,nan,0
1597988310581199104,1597988310500000000,2020-08-21 13:38:30.500000,4692.8,4719.6,4680.0,4691.6,nan,4699.48,71558,100885620060.0,112683,4693.0,3,4692.4,6,nan,0,nan,0,nan,0,nan,0,nan,0,nan,0,nan,0,nan,0
1597988311086106880,1597988311000000000,2020-08-21 13:38:31.000000,4693.2,4719.6,4680.0,4691.6,nan,4699.48,71565,100895475600.0,112688,4693.4,4,4693.2,3,nan,0,nan,0,nan,0,nan,0,nan,0,nan,0,nan,0,nan,0
1597988311597829120,1597988311500000000,2020-08-21 13:38:31.500000,4693.2,4719.6,4680.0,4691.6,nan,4699.479,71566,100896883560.0,112689,4693.4,5,4693.2,2,nan,0,nan,0,nan,0,nan,0,nan,0,nan,0,nan,0,nan,0
1597988312087324928,1597988312000000000,2020-08-21 13:38:32.000000,4693.2,4719.6,4680.0,4691.6,nan,4699.479,71568,100899699480.0,112690,4693.4,5,4692.4,6,nan,0,nan,0,nan,0,nan,0,nan,0,nan,0,nan,0,nan,0
1597988312604508928,1597988312500000000,2020-08-21 13:38:32.500000,4693.2,4719.6,4680.0,4691.6,nan,4699.479,71568,100899699480.0,112690,4693.4,5,4692.4,7,nan,0,nan,0,nan,0,nan,0,nan,0,nan,0,nan,0,nan,0
1597988313080726016,1597988313000000000,2020-08-21 13:38:33.000000,4692.4,4719.6,4680.0,4691.6,nan,4699.479,71569,100901107200.0,112690,4693.4,5,4692.4,7,nan,0,nan,0,nan,0,nan,0,nan,0,nan,0,nan,0,nan,0
1597988313591062016,1597988313500000000,2020-08-21 13:38:33.500000,4692.4,4719.6,4680.0,4691.6,nan,4699.479,71569,100901107200.0,112690,4693.4,5,4692.6,2,nan,0,nan,0,nan,0,nan,0,nan,0,nan,0,nan,0,nan,0
1597988314083420928,1597988314000000000,2020-08-21 13:38:34.000000,4692.4,4719.6,4680.0,4691.6,nan,4699.479,71569,100901107200.0,112690,4693.4,5,4692.6,3,nan,0,nan,0,nan,0,nan,0,nan,0,nan,0,nan,0,nan,0
1597988314586628096,1597988314500000000,2020-08-21 13:38:34.500000,4692.4,4719.6,4680.0,4691.6,nan,4699.479,71569,100901107200.0,112690,4693.2,1,4692.6,4,nan,0,nan,0,nan,0,nan,0,nan,0,nan,0,nan,0,nan,0
1597988315084900096,1597988315000000000,2020-08-21 13:38:35.000000,4692.4,4719.6,4680.0,4691.6,nan,4699.479,71569,100901107200.0,112690,4693.2,3,4692.8,1,nan,0,nan,0,nan,0,nan,0,nan,0,nan,0,nan,0,nan,0
1597988315607512064,1597988315500000000,2020-08-21 13:38:35.500000,4693.0,4719.6,4680.0,4691.6,nan,4699.479,71571,100903922820.0,112691,4693.2,3,4692.6,4,nan,0,nan,0,nan,0,nan,0,nan,0,nan,0,nan,0,nan,0
1597988316084335104,1597988316000000000,2020-08-21 13:38:36.000000,4693.0,4719.6,4680.0,4691.6,nan,4699.479,71571,100903922820.0,112691,4693.2,3,4693.0,1,nan,0,nan,0,nan,0,nan,0,nan,0,nan,0,nan,0,nan,0
1597988316587196928,1597988316500000000,2020-08-21 13:38:36.500000,4693.0,4719.6,4680.0,4691.6,nan,4699.479,71571,100903922820.0,112691,4693.2,3,4693.0,1,nan,0,nan,0,nan,0,nan,0,nan,0,nan,0,nan,0,nan,0
1597988317089908992,1597988317000000000,2020-08-21 13:38:37.000000,4693.0,4719.6,4680.0,4691.6,nan,4699.479,71571,100903922820.0,112691,4693.2,3,4693.0,1,nan,0,nan,0,nan,0,nan,0,nan,0,nan,0,nan,0,nan,0
1597988317585829888,1597988317500000000,2020-08-21 13:38:37.500000,4693.0,4719.6,4680.0,4691.6,nan,4699.479,71571,100903922820.0,112691,4693.2,3,4693.0,2,nan,0,nan,0,nan,0,nan,0,nan,0,nan,0,nan,0,nan,0
1597988318095207936,1597988318000000000,2020-08-21 13:38:38.000000,4693.2,4719.6,4680.0,4691.6,nan,4699.479,71573,100906738740.0,112692,4693.2,1,4693.0,3,nan,0,nan,0,nan,0,nan,0,nan,0,nan,0,nan,0,nan,0
1597988318589595904,1597988318500000000,2020-08-21 13:38:38.500000,4693.0,4719.6,4680.0,4691.6,nan,4699.479,71575,100909554600.0,112693,4693.4,5,4693.0,2,nan,0,nan,0,nan,0,nan,0,nan,0,nan,0,nan,0,nan,0
1597988319093003008,1597988319000000000,2020-08-21 13:38:39.000000,4693.0,4719.6,4680.0,4691.6,nan,4699.478,71577,100912370400.0,112695,4693.4,5,4692.6,5,nan,0,nan,0,nan,0,nan,0,nan,0,nan,0,nan,0,nan,0
1597988319598184960,1597988319500000000,2020-08-21 13:38:39.500000,4692.6,4719.6,4680.0,4691.6,nan,4699.478,71578,100913778180.0,112694,4693.4,5,4692.6,4,nan,0,nan,0,nan,0,nan,0,nan,0,nan,0,nan,0,nan,0
1597988320086201088,1597988320000000000,2020-08-21 13:38:40.000000,4692.6,4719.6,4680.0,4691.6,nan,4699.478,71579,100915185960.0,112695,4693.2,1,4692.6,3,nan,0,nan,0,nan,0,nan,0,nan,0,nan,0,nan,0,nan,0
1597988320608751104,1597988320500000000,2020-08-21 13:38:40.500000,4692.6,4719.6,4680.0,4691.6,nan,4699.478,71579,100915185960.0,112695,4693.2,1,4692.6,2,nan,0,nan,0,nan,0,nan,0,nan,0,nan,0,nan,0,nan,0
1597988321088591872,1597988321000000000,2020-08-21 13:38:41.000000,4692.6,4719.6,4680.0,4691.6,nan,4699.478,71581,100918001520.0,112696,4693.2,1,4692.4,10,nan,0,nan,0,nan,0,nan,0,nan,0,nan,0,nan,0,nan,0
1597988321606260992,1597988321500000000,2020-08-21 13:38:41.500000,4692.6,4719.6,4680.0,4691.6,nan,4699.478,71581,100918001520.0,112696,4693.0,1,4692.4,10,nan,0,nan,0,nan,0,nan,0,nan,0,nan,0,nan,0,nan,0
1597988322090223104,1597988322000000000,2020-08-21 13:38:42.000000,4693.0,4719.6,4680.0,4691.6,nan,4699.478,71582,100919409420.0,112697,4693.2,1,4692.4,10,nan,0,nan,0,nan,0,nan,0,nan,0,nan,0,nan,0,nan,0
1597988322599130112,1597988322500000000,2020-08-21 13:38:42.500000,4693.2,4719.6,4680.0,4691.6,nan,4699.478,71583,100920817380.0,112696,4693.4,5,4692.4,10,nan,0,nan,0,nan,0,nan,0,nan,0,nan,0,nan,0,nan,0
1597988323088527872,1597988323000000000,2020-08-21 13:38:43.000000,4693.2,4719.6,4680.0,4691.6,nan,4699.478,71583,100920817380.0,112696,4693.4,5,4692.4,10,nan,0,nan,0,nan,0,nan,0,nan,0,nan,0,nan,0,nan,0
1597988323589374976,1597988323500000000,2020-08-21 13:38:43.500000,4693.2,4719.6,4680.0,4691.6,nan,4699.478,71583,100920817380.0,112696,4693.4,5,4692.4,10,nan,0,nan,0,nan,0,nan,0,nan,0,nan,0,nan,0,nan,0
1597988324088291072,1597988324000000000,2020-08-21 13:38:44.000000,4693.2,4719.6,4680.0,4691.6,nan,4699.478,71583,100920817380.0,112696,4693.4,5,4692.6,1,nan,0,nan,0,nan,0,nan,0,nan,0,nan,0,nan,0,nan,0
1597988324595383040,1597988324500000000,2020-08-21 13:38:44.500000,4692.6,4719.6,4680.0,4691.6,nan,4699.478,71584,100922225160.0,112697,4692.6,1,4692.4,10,nan,0,nan,0,nan,0,nan,0,nan,0,nan,0,nan,0,nan,0
1597988325103909888,1597988325000000000,2020-08-21 13:38:45.000000,4692.4,4719.6,4680.0,4691.6,nan,4699.477,71587,100926448560.0,112697,4693.4,5,4692.4,9,nan,0,nan,0,nan,0,nan,0,nan,0,nan,0,nan,0,nan,0
1597988325605654016,1597988325500000000,2020-08-21 13:38:45.500000,4693.2,4719.6,4680.0,4691.6,nan,4699.477,71588,100927856520.0,112697,4693.2,1,4692.4,9,nan,0,nan,0,nan,0,nan,0,nan,0,nan,0,nan,0,nan,0
1597988326101893120,1597988326000000000,2020-08-21 13:38:46.000000,4692.6,4719.6,4680.0,4691.6,nan,4699.477,71589,100929264300.0,112697,4693.0,1,4692.4,9,nan,0,nan,0,nan,0,nan,0,nan,0,nan,0,nan,0,nan,0
1597988326594193920,1597988326500000000,2020-08-21 13:38:46.500000,4692.6,4719.6,4680.0,4691.6,nan,4699.477,71589,100929264300.0,112697,4692.8,1,4692.4,9,nan,0,nan,0,nan,0,nan,0,nan,0,nan,0,nan,0,nan,0
1597988327085046016,1597988327000000000,2020-08-21 13:38:47.000000,4692.6,4719.6,4680.0,4691.6,nan,4699.477,71589,100929264300.0,112697,4692.8,1,4692.6,1,nan,0,nan,0,nan,0,nan,0,nan,0,nan,0,nan,0,nan,0
1597988327599622912,1597988327500000000,2020-08-21 13:38:47.500000,4692.6,4719.6,4680.0,4691.6,nan,4699.477,71589,100929264300.0,112697,4692.8,2,4692.6,1,nan,0,nan,0,nan,0,nan,0,nan,0,nan,0,nan,0,nan,0
1597988328091760128,1597988328000000000,2020-08-21 13:38:48.000000,4692.6,4719.6,4680.0,4691.6,nan,4699.477,71590,100930672080.0,112698,4692.8,2,4692.4,9,nan,0,nan,0,nan,0,nan,0,nan,0,nan,0,nan,0,nan,0
1597988328603497984,1597988328500000000,2020-08-21 13:38:48.500000,4692.8,4719.6,4680.0,4691.6,nan,4699.477,71591,100932079920.0,112698,4692.8,1,4692.4,9,nan,0,nan,0,nan,0,nan,0,nan,0,nan,0,nan,0,nan,0
1597988329123375104,1597988329000000000,2020-08-21 13:38:49.000000,4692.8,4719.6,4680.0,4691.6,nan,4699.477,71591,100932079920.0,112698,4692.8,1,4692.4,9,nan,0,nan,0,nan,0,nan,0,nan,0,nan,0,nan,0,nan,0
1597988329601443072,1597988329500000000,2020-08-21 13:38:49.500000,4692.8,4719.6,4680.0,4691.6,nan,4699.477,71592,100933487760.0,112699,4693.0,1,4692.4,9,nan,0,nan,0,nan,0,nan,0,nan,0,nan,0,nan,0,nan,0
1597988330094401024,1597988330000000000,2020-08-21 13:38:50.000000,4692.4,4719.6,4680.0,4691.6,nan,4699.477,71593,100934895480.0,112700,4693.0,1,4692.4,8,nan,0,nan,0,nan,0,nan,0,nan,0,nan,0,nan,0,nan,0
1597988330590905088,1597988330500000000,2020-08-21 13:38:50.500000,4692.4,4719.6,4680.0,4691.6,nan,4699.477,71593,100934895480.0,112700,4692.8,1,4692.6,1,nan,0,nan,0,nan,0,nan,0,nan,0,nan,0,nan,0,nan,0
1597988331098763008,1597988331000000000,2020-08-21 13:38:51.000000,4692.4,4719.6,4680.0,4691.6,nan,4699.477,71595,100937710980.0,112701,4693.0,1,4692.4,7,nan,0,nan,0,nan,0,nan,0,nan,0,nan,0,nan,0,nan,0
1597988331595693056,1597988331500000000,2020-08-21 13:38:51.500000,4692.4,4719.6,4680.0,4691.6,nan,4699.476,71601,100946157300.0,112702,4692.8,1,4692.4,1,nan,0,nan,0,nan,0,nan,0,nan,0,nan,0,nan,0,nan,0
1597988332098201088,1597988332000000000,2020-08-21 13:38:52.000000,4692.4,4719.6,4680.0,4691.6,nan,4699.476,71602,100947565020.0,112702,4692.8,1,4692.0,5,nan,0,nan,0,nan,0,nan,0,nan,0,nan,0,nan,0,nan,0
1597988332650060032,1597988332500000000,2020-08-21 13:38:52.500000,4692.4,4719.6,4680.0,4691.6,nan,4699.476,71603,100948972740.0,112702,4693.0,1,4692.8,1,nan,0,nan,0,nan,0,nan,0,nan,0,nan,0,nan,0,nan,0
1597988333102653952,1597988333000000000,2020-08-21 13:38:53.000000,4692.8,4719.6,4680.0,4691.6,nan,4699.476,71604,100950380580.0,112703,4692.6,5,4692.0,5,nan,0,nan,0,nan,0,nan,0,nan,0,nan,0,nan,0,nan,0
1597988333636165120,1597988333500000000,2020-08-21 13:38:53.500000,4692.8,4719.6,4680.0,4691.6,nan,4699.476,71604,100950380580.0,112703,4692.8,2,4692.0,5,nan,0,nan,0,nan,0,nan,0,nan,0,nan,0,nan,0,nan,0
1597988334109541888,1597988334000000000,2020-08-21 13:38:54.000000,4692.0,4719.6,4680.0,4691.6,nan,4699.476,71605,100951788180.0,112702,4692.8,2,4692.0,4,nan,0,nan,0,nan,0,nan,0,nan,0,nan,0,nan,0,nan,0
1597988334597107968,1597988334500000000,2020-08-21 13:38:54.500000,4692.0,4719.6,4680.0,4691.6,nan,4699.476,71605,100951788180.0,112702,4692.8,2,4692.0,4,nan,0,nan,0,nan,0,nan,0,nan,0,nan,0,nan,0,nan,0
1597988335088332032,1597988335000000000,2020-08-21 13:38:55.000000,4692.0,4719.6,4680.0,4691.6,nan,4699.476,71605,100951788180.0,112702,4692.8,2,4692.0,4,nan,0,nan,0,nan,0,nan,0,nan,0,nan,0,nan,0,nan,0
1597988335618981120,1597988335500000000,2020-08-21 13:38:55.500000,4692.0,4719.6,4680.0,4691.6,nan,4699.476,71606,100953195780.0,112702,4692.6,1,4692.0,5,nan,0,nan,0,nan,0,nan,0,nan,0,nan,0,nan,0,nan,0
1597988336104466944,1597988336000000000,2020-08-21 13:38:56.000000,4692.0,4719.6,4680.0,4691.6,nan,4699.476,71606,100953195780.0,112702,4692.6,1,4692.2,1,nan,0,nan,0,nan,0,nan,0,nan,0,nan,0,nan,0,nan,0
1597988336592190976,1597988336500000000,2020-08-21 13:38:56.500000,4692.0,4719.6,4680.0,4691.6,nan,4699.476,71606,100953195780.0,112702,4692.4,1,4692.2,2,nan,0,nan,0,nan,0,nan,0,nan,0,nan,0,nan,0,nan,0
1597988337105445120,1597988337000000000,2020-08-21 13:38:57.000000,4692.0,4719.6,4680.0,4691.6,nan,4699.476,71607,100954603380.0,112702,4692.4,1,4692.2,1,nan,0,nan,0,nan,0,nan,0,nan,0,nan,0,nan,0,nan,0
1597988337598074880,1597988337500000000,2020-08-21 13:38:57.500000,4692.4,4719.6,4680.0,4691.6,nan,4699.475,71608,100956011100.0,112701,4692.8,1,4692.2,1,nan,0,nan,0,nan,0,nan,0,nan,0,nan,0,nan,0,nan,0
1597988338096570112,1597988338000000000,2020-08-21 13:38:58.000000,4692.4,4719.6,4680.0,4691.6,nan,4699.475,71608,100956011100.0,112701,4692.8,1,4692.6,1,nan,0,nan,0,nan,0,nan,0,nan,0,nan,0,nan,0,nan,0
1597988338603567104,1597988338500000000,2020-08-21 13:38:58.500000,4692.6,4719.6,4680.0,4691.6,nan,4699.475,71609,100957418880.0,112702,4692.4,2,4692.2,2,nan,0,nan,0,nan,0,nan,0,nan,0,nan,0,nan,0,nan,0
1597988339164716032,1597988339000000000,2020-08-21 13:38:59.000000,4692.2,4719.6,4680.0,4691.6,nan,4699.475,71611,100960234200.0,112702,4692.6,1,4692.2,1,nan,0,nan,0,nan,0,nan,0,nan,0,nan,0,nan,0,nan,0
1597988339601570048,1597988339500000000,2020-08-21 13:38:59.500000,4692.2,4719.6,4680.0,4691.6,nan,4699.475,71611,100960234200.0,112702,4692.6,1,4692.2,1,nan,0,nan,0,nan,0,nan,0,nan,0,nan,0,nan,0,nan,0
1597988340097445888,1597988340000000000,2020-08-21 13:39:00.000000,4692.2,4719.6,4680.0,4691.6,nan,4699.475,71612,100961641860.0,112702,4692.8,1,4692.6,1,nan,0,nan,0,nan,0,nan,0,nan,0,nan,0,nan,0,nan,0
1597988340606686976,1597988340500000000,2020-08-21 13:39:00.500000,4692.0,4719.6,4680.0,4691.6,nan,4699.475,71615,100965864780.0,112703,4692.8,2,4692.0,3,nan,0,nan,0,nan,0,nan,0,nan,0,nan,0,nan,0,nan,0
1597988341133810944,1597988341000000000,2020-08-21 13:39:01.000000,4692.0,4719.6,4680.0,4691.6,nan,4699.475,71617,100968679980.0,112703,4692.8,2,4692.6,1,nan,0,nan,0,nan,0,nan,0,nan,0,nan,0,nan,0,nan,0
1597988341604517888,1597988341500000000,2020-08-21 13:39:01.500000,4692.6,4719.6,4680.0,4691.6,nan,4699.474,71619,100971495540.0,112703,4692.8,3,4692.0,14,nan,0,nan,0,nan,0,nan,0,nan,0,nan,0,nan,0,nan,0
1597988342102714112,1597988342000000000,2020-08-21 13:39:02.000000,4692.6,4719.6,4680.0,4691.6,nan,4699.474,71619,100971495540.0,112703,4692.4,1,4692.2,2,nan,0,nan,0,nan,0,nan,0,nan,0,nan,0,nan,0,nan,0
1597988342600951040,1597988342500000000,2020-08-21 13:39:02.500000,4692.2,4719.6,4680.0,4691.6,nan,4699.474,71620,100972903200.0,112703,4692.4,1,4692.0,14,nan,0,nan,0,nan,0,nan,0,nan,0,nan,0,nan,0,nan,0
1597988343101758976,1597988343000000000,2020-08-21 13:39:03.000000,4692.2,4719.6,4680.0,4691.6,nan,4699.474,71625,100979941260.0,112705,4692.4,3,4692.2,2,nan,0,nan,0,nan,0,nan,0,nan,0,nan,0,nan,0,nan,0
1597988343628313088,1597988343500000000,2020-08-21 13:39:03.500000,4692.4,4719.6,4680.0,4691.6,nan,4699.473,71629,100985571900.0,112706,4692.4,4,4692.0,1,nan,0,nan,0,nan,0,nan,0,nan,0,nan,0,nan,0,nan,0
1597988344098726912,1597988344000000000,2020-08-21 13:39:04.000000,4692.4,4719.6,4680.0,4691.6,nan,4699.472,71640,101001055860.0,112716,4692.4,3,4691.8,5,nan,0,nan,0,nan,0,nan,0,nan,0,nan,0,nan,0,nan,0
1597988344630850048,1597988344500000000,2020-08-21 13:39:04.500000,4692.4,4719.6,4680.0,4691.6,nan,4699.472,71644,101006686740.0,112719,4692.4,1,4691.8,5,nan,0,nan,0,nan,0,nan,0,nan,0,nan,0,nan,0,nan,0
1597988345101949952,1597988345000000000,2020-08-21 13:39:05.000000,4692.4,4719.6,4680.0,4691.6,nan,4699.472,71644,101006686740.0,112719,4692.2,1,4692.0,2,nan,0,nan,0,nan,0,nan,0,nan,0,nan,0,nan,0,nan,0
1597988345606528000,1597988345500000000,2020-08-21 13:39:05.500000,4692.0,4719.6,4680.0,4691.6,nan,4699.471,71647,101010909660.0,112719,4692.2,1,4691.8,7,nan,0,nan,0,nan,0,nan,0,nan,0,nan,0,nan,0,nan,0
1597988346112610048,1597988346000000000,2020-08-21 13:39:06.000000,4692.2,4719.6,4680.0,4691.6,nan,4699.471,71648,101012317320.0,112720,4692.6,2,4691.8,7,nan,0,nan,0,nan,0,nan,0,nan,0,nan,0,nan,0,nan,0
1597988346608337920,1597988346500000000,2020-08-21 13:39:06.500000,4692.0,4719.6,4680.0,4691.6,nan,4699.471,71650,101015132520.0,112721,4692.0,1,4691.8,7,nan,0,nan,0,nan,0,nan,0,nan,0,nan,0,nan,0,nan,0
1597988347341799936,1597988347000000000,2020-08-21 13:39:07.000000,4692.0,4719.6,4680.0,4691.6,nan,4699.471,71651,101016540120.0,112721,4692.2,1,4691.8,7,nan,0,nan,0,nan,0,nan,0,nan,0,nan,0,nan,0,nan,0
1597988347608472064,1597988347500000000,2020-08-21 13:39:07.500000,4692.2,4719.6,4680.0,4691.6,nan,4699.471,71652,101017947780.0,112722,4692.2,1,4691.8,8,nan,0,nan,0,nan,0,nan,0,nan,0,nan,0,nan,0,nan,0
1597988348135292928,1597988348000000000,2020-08-21 13:39:08.000000,4691.8,4719.6,4680.0,4691.6,nan,4699.471,71653,101019355320.0,112723,4692.2,1,4691.8,7,nan,0,nan,0,nan,0,nan,0,nan,0,nan,0,nan,0,nan,0
1597988348604082944,1597988348500000000,2020-08-21 13:39:08.500000,4692.2,4719.6,4680.0,4691.6,nan,4699.471,71655,101022170520.0,112724,4692.4,1,4691.8,6,nan,0,nan,0,nan,0,nan,0,nan,0,nan,0,nan,0,nan,0
1597988349112582912,1597988349000000000,2020-08-21 13:39:09.000000,4692.2,4719.6,4680.0,4691.6,nan,4699.471,71655,101022170520.0,112724,4692.4,1,4691.8,6,nan,0,nan,0,nan,0,nan,0,nan,0,nan,0,nan,0,nan,0
1597988350093850112,1597988350000000000,2020-08-21 13:39:10.000000,4692.2,4719.6,4680.0,4691.6,nan,4699.471,71655,101022170520.0,112724,4692.4,1,4692.2,4,nan,0,nan,0,nan,0,nan,0,nan,0,nan,0,nan,0,nan,0
1597988350612315904,1597988350500000000,2020-08-21 13:39:10.500000,4692.2,4719.6,4680.0,4691.6,nan,4699.47,71657,101024985900.0,112725,4692.6,2,4692.2,3,nan,0,nan,0,nan,0,nan,0,nan,0,nan,0,nan,0,nan,0
1597988351110263040,1597988351000000000,2020-08-21 13:39:11.000000,4692.6,4719.6,4680.0,4691.6,nan,4699.47,71659,101027801340.0,112727,4692.6,1,4692.2,2,nan,0,nan,0,nan,0,nan,0,nan,0,nan,0,nan,0,nan,0
1597988351637149952,1597988351500000000,2020-08-21 13:39:11.500000,4692.6,4719.6,4680.0,4691.6,nan,4699.47,71660,101029209120.0,112728,4692.8,1,4692.2,2,nan,0,nan,0,nan,0,nan,0,nan,0,nan,0,nan,0,nan,0
1597988352103290112,1597988352000000000,2020-08-21 13:39:12.000000,4692.2,4719.6,4680.0,4691.6,nan,4699.47,71664,101034839700.0,112731,4692.8,1,4691.8,7,nan,0,nan,0,nan,0,nan,0,nan,0,nan,0,nan,0,nan,0
1597988352606797056,1597988352500000000,2020-08-21 13:39:12.500000,4692.2,4719.6,4680.0,4691.6,nan,4699.47,71664,101034839700.0,112731,4692.8,1,4691.8,7,nan,0,nan,0,nan,0,nan,0,nan,0,nan,0,nan,0,nan,0
1597988353115144960,1597988353000000000,2020-08-21 13:39:13.000000,4692.2,4719.6,4680.0,4691.6,nan,4699.469,71667,101039062920.0,112734,4692.8,1,4691.8,7,nan,0,nan,0,nan,0,nan,0,nan,0,nan,0,nan,0,nan,0
1597988353625522944,1597988353500000000,2020-08-21 13:39:13.500000,4692.2,4719.6,4680.0,4691.6,nan,4699.469,71667,101039062920.0,112734,4692.8,1,4691.8,7,nan,0,nan,0,nan,0,nan,0,nan,0,nan,0,nan,0,nan,0
1597988354100751104,1597988354000000000,2020-08-21 13:39:14.000000,4692.0,4719.6,4680.0,4691.6,nan,4699.469,71670,101043285720.0,112735,4692.8,1,4691.8,7,nan,0,nan,0,nan,0,nan,0,nan,0,nan,0,nan,0,nan,0
1597988354603763968,1597988354500000000,2020-08-21 13:39:14.500000,4692.0,4719.6,4680.0,4691.6,nan,4699.469,71670,101043285720.0,112735,4692.8,2,4691.8,7,nan,0,nan,0,nan,0,nan,0,nan,0,nan,0,nan,0,nan,0
1597988355105889024,1597988355000000000,2020-08-21 13:39:15.000000,4692.0,4719.6,4680.0,4691.6,nan,4699.469,71670,101043285720.0,112735,4692.6,1,4691.8,7,nan,0,nan,0,nan,0,nan,0,nan,0,nan,0,nan,0,nan,0
1597988355607653120,1597988355500000000,2020-08-21 13:39:15.500000,4691.8,4719.6,4680.0,4691.6,nan,4699.469,71671,101044693260.0,112735,4692.2,1,4691.8,6,nan,0,nan,0,nan,0,nan,0,nan,0,nan,0,nan,0,nan,0
1597988356114804992,1597988356000000000,2020-08-21 13:39:16.000000,4691.8,4719.6,4680.0,4691.6,nan,4699.469,71671,101044693260.0,112735,4692.0,1,4691.8,6,nan,0,nan,0,nan,0,nan,0,nan,0,nan,0,nan,0,nan,0
1597988356623366912,1597988356500000000,2020-08-21 13:39:16.500000,4692.2,4719.6,4680.0,4691.6,nan,4699.469,71675,101050323600.0,112736,4692.8,2,4692.6,1,nan,0,nan,0,nan,0,nan,0,nan,0,nan,0,nan,0,nan,0
1597988357111214080,1597988357000000000,2020-08-21 13:39:17.000000,4691.8,4719.6,4680.0,4691.6,nan,4699.468,71678,101054546700.0,112737,4692.4,7,4691.8,5,nan,0,nan,0,nan,0,nan,0,nan,0,nan,0,nan,0,nan,0
1597988357624932096,1597988357500000000,2020-08-21 13:39:17.500000,4691.8,4719.6,4680.0,4691.6,nan,4699.468,71678,101054546700.0,112737,4692.2,1,4692.0,1,nan,0,nan,0,nan,0,nan,0,nan,0,nan,0,nan,0,nan,0
1597988358107653888,1597988358000000000,2020-08-21 13:39:18.000000,4692.0,4719.6,4680.0,4691.6,nan,4699.468,71680,101057361960.0,112736,4692.6,7,4691.8,5,nan,0,nan,0,nan,0,nan,0,nan,0,nan,0,nan,0,nan,0
1597988358609772032,1597988358500000000,2020-08-21 13:39:18.500000,4691.8,4719.6,4680.0,4691.6,nan,4699.468,71681,101058769500.0,112736,4692.4,1,4691.8,4,nan,0,nan,0,nan,0,nan,0,nan,0,nan,0,nan,0,nan,0
1597988359115557120,1597988359000000000,2020-08-21 13:39:19.000000,4691.8,4719.6,4680.0,4691.6,nan,4699.468,71681,101058769500.0,112736,4692.6,5,4692.0,2,nan,0,nan,0,nan,0,nan,0,nan,0,nan,0,nan,0,nan,0
1597988359632335872,1597988359500000000,2020-08-21 13:39:19.500000,4691.8,4719.6,4680.0,4691.6,nan,4699.468,71681,101058769500.0,112736,4692.4,1,4692.0,2,nan,0,nan,0,nan,0,nan,0,nan,0,nan,0,nan,0,nan,0
1597988360103510016,1597988360000000000,2020-08-21 13:39:20.000000,4691.8,4719.6,4680.0,4691.6,nan,4699.468,71682,101060177040.0,112737,4692.4,1,4692.0,1,nan,0,nan,0,nan,0,nan,0,nan,0,nan,0,nan,0,nan,0
1597988361106851072,1597988361000000000,2020-08-21 13:39:21.000000,4692.0,4719.6,4680.0,4691.6,nan,4699.468,71683,101061584640.0,112737,4692.4,1,4691.8,4,nan,0,nan,0,nan,0,nan,0,nan,0,nan,0,nan,0,nan,0
1597988362107476992,1597988362000000000,2020-08-21 13:39:22.000000,4692.4,4719.6,4680.0,4691.6,nan,4699.468,71684,101062992360.0,112738,4692.6,1,4692.4,4,nan,0,nan,0,nan,0,nan,0,nan,0,nan,0,nan,0,nan,0
1597988362615461120,1597988362500000000,2020-08-21 13:39:22.500000,4692.6,4719.6,4680.0,4691.6,nan,4699.467,71686,101065807860.0,112738,4692.8,2,4692.4,3,nan,0,nan,0,nan,0,nan,0,nan,0,nan,0,nan,0,nan,0
1597988363121943040,1597988363000000000,2020-08-21 13:39:23.000000,4692.4,4719.6,4680.0,4691.6,nan,4699.467,71689,101070031020.0,112737,4692.8,2,4692.0,1,nan,0,nan,0,nan,0,nan,0,nan,0,nan,0,nan,0,nan,0
1597988363641349888,1597988363500000000,2020-08-21 13:39:23.500000,4692.0,4719.6,4680.0,4691.6,nan,4699.467,71690,101071438620.0,112738,4692.8,2,4692.2,1,nan,0,nan,0,nan,0,nan,0,nan,0,nan,0,nan,0,nan,0
1597988364127298048,1597988364000000000,2020-08-21 13:39:24.000000,4692.0,4719.6,4680.0,4691.6,nan,4699.467,71690,101071438620.0,112738,4692.8,2,4691.8,7,nan,0,nan,0,nan,0,nan,0,nan,0,nan,0,nan,0,nan,0
1597988364630778112,1597988364500000000,2020-08-21 13:39:24.500000,4692.8,4719.6,4680.0,4691.6,nan,4699.466,71696,101079884160.0,112742,4692.8,1,4691.8,2,nan,0,nan,0,nan,0,nan,0,nan,0,nan,0,nan,0,nan,0
1597988365113648128,1597988365000000000,2020-08-21 13:39:25.000000,4692.0,4719.6,4680.0,4691.6,nan,4699.466,71697,101081291760.0,112742,4692.8,1,4692.0,1,nan,0,nan,0,nan,0,nan,0,nan,0,nan,0,nan,0,nan,0
1597988365621594112,1597988365500000000,2020-08-21 13:39:25.500000,4691.8,4719.6,4680.0,4691.6,nan,4699.466,71699,101084106900.0,112742,4692.8,1,4691.8,1,nan,0,nan,0,nan,0,nan,0,nan,0,nan,0,nan,0,nan,0
1597988366168284928,1597988366000000000,2020-08-21 13:39:26.000000,4691.8,4719.6,4680.0,4691.6,nan,4699.466,71699,101084106900.0,112742,4692.8,1,4691.8,2,nan,0,nan,0,nan,0,nan,0,nan,0,nan,0,nan,0,nan,0
1597988366623152128,1597988366500000000,2020-08-21 13:39:26.500000,4692.6,4719.6,4680.0,4691.6,nan,4699.466,71700,101085514680.0,112743,4692.6,2,4691.8,2,nan,0,nan,0,nan,0,nan,0,nan,0,nan,0,nan,0,nan,0
1597988367120765952,1597988367000000000,2020-08-21 13:39:27.000000,4691.8,4719.6,4680.0,4691.6,nan,4699.466,71701,101086922220.0,112743,4692.6,2,4691.8,2,nan,0,nan,0,nan,0,nan,0,nan,0,nan,0,nan,0,nan,0
1597988367645469952,1597988367500000000,2020-08-21 13:39:27.500000,4691.8,4719.6,4680.0,4691.6,nan,4699.466,71701,101086922220.0,112743,4692.6,2,4691.8,2,nan,0,nan,0,nan,0,nan,0,nan,0,nan,0,nan,0,nan,0
1597988368107675904,1597988368000000000,2020-08-21 13:39:28.000000,4691.8,4719.6,4680.0,4691.6,nan,4699.466,71701,101086922220.0,112743,4692.6,2,4691.8,2,nan,0,nan,0,nan,0,nan,0,nan,0,nan,0,nan,0,nan,0
1597988368612598016,1597988368500000000,2020-08-21 13:39:28.500000,4691.8,4719.6,4680.0,4691.6,nan,4699.466,71701,101086922220.0,112743,4692.6,2,4691.8,3,nan,0,nan,0,nan,0,nan,0,nan,0,nan,0,nan,0,nan,0
1597988369129637888,1597988369000000000,2020-08-21 13:39:29.000000,4691.8,4719.6,4680.0,4691.6,nan,4699.466,71703,101089737300.0,112744,4692.6,2,4691.8,2,nan,0,nan,0,nan,0,nan,0,nan,0,nan,0,nan,0,nan,0
1597988369621060096,1597988369500000000,2020-08-21 13:39:29.500000,4691.8,4719.6,4680.0,4691.6,nan,4699.466,71703,101089737300.0,112744,4692.6,2,4691.8,2,nan,0,nan,0,nan,0,nan,0,nan,0,nan,0,nan,0,nan,0
1597988370119714048,1597988370000000000,2020-08-21 13:39:30.000000,4691.8,4719.6,4680.0,4691.6,nan,4699.466,71703,101089737300.0,112744,4692.6,2,4691.8,2,nan,0,nan,0,nan,0,nan,0,nan,0,nan,0,nan,0,nan,0
1597988370643815936,1597988370500000000,2020-08-21 13:39:30.500000,4691.8,4719.6,4680.0,4691.6,nan,4699.466,71704,101091144840.0,112745,4692.4,1,4691.8,1,nan,0,nan,0,nan,0,nan,0,nan,0,nan,0,nan,0,nan,0
1597988371112904960,1597988371000000000,2020-08-21 13:39:31.000000,4691.8,4719.6,4680.0,4691.6,nan,4699.466,71705,101092552380.0,112746,4692.4,1,4691.6,1,nan,0,nan,0,nan,0,nan,0,nan,0,nan,0,nan,0,nan,0
1597988371653243904,1597988371500000000,2020-08-21 13:39:31.500000,4691.8,4719.6,4680.0,4691.6,nan,4699.466,71705,101092552380.0,112746,4692.4,1,4691.6,1,nan,0,nan,0,nan,0,nan,0,nan,0,nan,0,nan,0,nan,0
1597988372123134976,1597988372000000000,2020-08-21 13:39:32.000000,4691.8,4719.6,4680.0,4691.6,nan,4699.466,71705,101092552380.0,112746,4692.4,1,4691.6,1,nan,0,nan,0,nan,0,nan,0,nan,0,nan,0,nan,0,nan,0
1597988372612873984,1597988372500000000,2020-08-21 13:39:32.500000,4692.4,4719.6,4680.0,4691.6,nan,4699.465,71707,101095367760.0,112748,4692.6,2,4691.6,1,nan,0,nan,0,nan,0,nan,0,nan,0,nan,0,nan,0,nan,0
1597988373111707904,1597988373000000000,2020-08-21 13:39:33.000000,4692.6,4719.6,4680.0,4691.6,nan,4699.465,71709,101098183080.0,112750,4692.6,2,4691.8,1,nan,0,nan,0,nan,0,nan,0,nan,0,nan,0,nan,0,nan,0
1597988373623620096,1597988373500000000,2020-08-21 13:39:33.500000,4692.6,4719.6,4680.0,4691.6,nan,4699.465,71710,101099590860.0,112751,4692.6,1,4692.4,1,nan,0,nan,0,nan,0,nan,0,nan,0,nan,0,nan,0,nan,0
1597988374129945088,1597988374000000000,2020-08-21 13:39:34.000000,4691.8,4719.6,4680.0,4691.6,nan,4699.465,71712,101102406120.0,112752,4692.6,2,4691.8,1,nan,0,nan,0,nan,0,nan,0,nan,0,nan,0,nan,0,nan,0
1597988374666109952,1597988374500000000,2020-08-21 13:39:34.500000,4692.0,4719.6,4680.0,4691.6,nan,4699.465,71714,101105221500.0,112753,4692.6,1,4691.6,1,nan,0,nan,0,nan,0,nan,0,nan,0,nan,0,nan,0,nan,0
1597988375124704000,1597988375000000000,2020-08-21 13:39:35.000000,4692.4,4719.6,4680.0,4691.6,nan,4699.464,71716,101108036700.0,112755,4692.6,2,4691.6,3,nan,0,nan,0,nan,0,nan,0,nan,0,nan,0,nan,0,nan,0
1597988375641186048,1597988375500000000,2020-08-21 13:39:35.500000,4691.6,4719.6,4680.0,4691.6,nan,4699.464,71717,101109444180.0,112756,4692.4,1,4691.8,1,nan,0,nan,0,nan,0,nan,0,nan,0,nan,0,nan,0,nan,0
1597988376119550976,1597988376000000000,2020-08-21 13:39:36.000000,4691.6,4719.6,4680.0,4691.6,nan,4699.464,71718,101110851660.0,112756,4692.4,1,4691.6,1,nan,0,nan,0,nan,0,nan,0,nan,0,nan,0,nan,0,nan,0
1597988376633326080,1597988376500000000,2020-08-21 13:39:36.500000,4691.6,4719.6,4680.0,4691.6,nan,4699.464,71718,101110851660.0,112756,4691.8,1,4691.6,2,nan,0,nan,0,nan,0,nan,0,nan,0,nan,0,nan,0,nan,0
1597988377145459968,1597988377000000000,2020-08-21 13:39:37.000000,4691.8,4719.6,4680.0,4691.6,nan,4699.464,71719,101112259200.0,112756,4692.4,1,4692.0,1,nan,0,nan,0,nan,0,nan,0,nan,0,nan,0,nan,0,nan,0
1597988377636407040,1597988377500000000,2020-08-21 13:39:37.500000,4692.0,4719.6,4680.0,4691.6,nan,4699.464,71723,101117889540.0,112757,4692.6,3,4691.6,1,nan,0,nan,0,nan,0,nan,0,nan,0,nan,0,nan,0,nan,0
1597988378134476032,1597988378000000000,2020-08-21 13:39:38.000000,4692.2,4719.6,4680.0,4691.6,nan,4699.463,71725,101120704680.0,112757,4692.4,2,4691.6,1,nan,0,nan,0,nan,0,nan,0,nan,0,nan,0,nan,0,nan,0
1597988378633223936,1597988378500000000,2020-08-21 13:39:38.500000,4692.2,4719.6,4680.0,4691.6,nan,4699.463,71725,101120704680.0,112757,4692.4,2,4691.8,10,nan,0,nan,0,nan,0,nan,0,nan,0,nan,0,nan,0,nan,0
1597988379127901952,1597988379000000000,2020-08-21 13:39:39.000000,4692.0,4719.6,4680.0,4691.6,nan,4699.463,71727,101123520000.0,112758,4692.6,3,4691.8,10,nan,0,nan,0,nan,0,nan,0,nan,0,nan,0,nan,0,nan,0
1597988379631389952,1597988379500000000,2020-08-21 13:39:39.500000,4692.0,4719.6,4680.0,4691.6,nan,4699.463,71727,101123520000.0,112758,4692.6,3,4691.8,10,nan,0,nan,0,nan,0,nan,0,nan,0,nan,0,nan,0,nan,0
1597988380142846976,1597988380000000000,2020-08-21 13:39:40.000000,4692.0,4719.6,4680.0,4691.6,nan,4699.463,71727,101123520000.0,112758,4692.0,1,4691.8,11,nan,0,nan,0,nan,0,nan,0,nan,0,nan,0,nan,0,nan,0
1597988380643949056,1597988380500000000,2020-08-21 13:39:40.500000,4692.2,4719.6,4680.0,4691.6,nan,4699.462,71739,101140414440.0,112755,4693.8,6,4692.0,3,nan,0,nan,0,nan,0,nan,0,nan,0,nan,0,nan,0,nan,0
1597988381162114048,1597988381000000000,2020-08-21 13:39:41.000000,4692.2,4719.6,4680.0,4691.6,nan,4699.462,71739,101140414440.0,112755,4692.8,2,4692.4,2,nan,0,nan,0,nan,0,nan,0,nan,0,nan,0,nan,0,nan,0
1597988381643694080,1597988381500000000,2020-08-21 13:39:41.500000,4692.0,4719.6,4680.0,4691.6,nan,4699.462,71742,101144637360.0,112757,4693.0,1,4692.0,4,nan,0,nan,0,nan,0,nan,0,nan,0,nan,0,nan,0,nan,0
1597988382135417088,1597988382000000000,2020-08-21 13:39:42.000000,4692.8,4719.6,4680.0,4691.6,nan,4699.462,71743,101146045200.0,112758,4693.0,2,4692.0,6,nan,0,nan,0,nan,0,nan,0,nan,0,nan,0,nan,0,nan,0
1597988382637142016,1597988382500000000,2020-08-21 13:39:42.500000,4692.8,4719.6,4680.0,4691.6,nan,4699.462,71743,101146045200.0,112758,4692.4,1,4692.2,1,nan,0,nan,0,nan,0,nan,0,nan,0,nan,0,nan,0,nan,0
1597988383128766976,1597988383000000000,2020-08-21 13:39:43.000000,4692.2,4719.6,4680.0,4691.6,nan,4699.461,71747,101151675780.0,112759,4693.0,1,4692.0,4,nan,0,nan,0,nan,0,nan,0,nan,0,nan,0,nan,0,nan,0
1597988383634125056,1597988383500000000,2020-08-21 13:39:43.500000,4693.0,4719.6,4680.0,4691.6,nan,4699.461,71750,101155899420.0,112761,4693.0,1,4692.0,7,nan,0,nan,0,nan,0,nan,0,nan,0,nan,0,nan,0,nan,0
1597988384138802944,1597988384000000000,2020-08-21 13:39:44.000000,4693.0,4719.6,4680.0,4691.6,nan,4699.461,71750,101155899420.0,112761,4693.0,1,4692.2,1,nan,0,nan,0,nan,0,nan,0,nan,0,nan,0,nan,0,nan,0
1597988384631201024,1597988384500000000,2020-08-21 13:39:44.500000,4692.2,4719.6,4680.0,4691.6,nan,4699.461,71751,101157307080.0,112762,4693.0,1,4692.2,2,nan,0,nan,0,nan,0,nan,0,nan,0,nan,0,nan,0,nan,0
1597988385133242880,1597988385000000000,2020-08-21 13:39:45.000000,4692.2,4719.6,4680.0,4691.6,nan,4699.461,71751,101157307080.0,112762,4693.0,1,4692.0,9,nan,0,nan,0,nan,0,nan,0,nan,0,nan,0,nan,0,nan,0
1597988385638819072,1597988385500000000,2020-08-21 13:39:45.500000,4693.4,4719.6,4680.0,4691.6,nan,4699.461,71753,101160123000.0,112763,4693.0,1,4692.2,1,nan,0,nan,0,nan,0,nan,0,nan,0,nan,0,nan,0,nan,0
1597988386141879040,1597988386000000000,2020-08-21 13:39:46.000000,4693.4,4719.6,4680.0,4691.6,nan,4699.461,71753,101160123000.0,112763,4693.0,1,4692.2,2,nan,0,nan,0,nan,0,nan,0,nan,0,nan,0,nan,0,nan,0
1597988386637374976,1597988386500000000,2020-08-21 13:39:46.500000,4692.2,4719.6,4680.0,4691.6,nan,4699.461,71755,101162938680.0,112764,4693.6,5,4692.0,9,nan,0,nan,0,nan,0,nan,0,nan,0,nan,0,nan,0,nan,0
1597988387133319936,1597988387000000000,2020-08-21 13:39:47.000000,4692.2,4719.6,4680.0,4691.6,nan,4699.461,71755,101162938680.0,112764,4693.2,1,4692.4,2,nan,0,nan,0,nan,0,nan,0,nan,0,nan,0,nan,0,nan,0
1597988387643791104,1597988387500000000,2020-08-21 13:39:47.500000,4692.2,4719.6,4680.0,4691.6,nan,4699.461,71755,101162938680.0,112764,4692.4,1,4692.0,9,nan,0,nan,0,nan,0,nan,0,nan,0,nan,0,nan,0,nan,0
1597988388137451008,1597988388000000000,2020-08-21 13:39:48.000000,4692.2,4719.6,4680.0,4691.6,nan,4699.461,71755,101162938680.0,112764,4693.2,2,4692.0,10,nan,0,nan,0,nan,0,nan,0,nan,0,nan,0,nan,0,nan,0
1597988388644131072,1597988388500000000,2020-08-21 13:39:48.500000,4692.2,4719.6,4680.0,4691.6,nan,4699.461,71756,101164346340.0,112765,4693.0,1,4692.0,10,nan,0,nan,0,nan,0,nan,0,nan,0,nan,0,nan,0,nan,0
1597988389130089984,1597988389000000000,2020-08-21 13:39:49.000000,4692.2,4719.6,4680.0,4691.6,nan,4699.461,71756,101164346340.0,112765,4693.0,1,4692.2,1,nan,0,nan,0,nan,0,nan,0,nan,0,nan,0,nan,0,nan,0
1597988389634703104,1597988389500000000,2020-08-21 13:39:49.500000,4692.8,4719.6,4680.0,4691.6,nan,4699.46,71757,101165754180.0,112766,4692.8,2,4692.2,1,nan,0,nan,0,nan,0,nan,0,nan,0,nan,0,nan,0,nan,0
1597988390139729920,1597988390000000000,2020-08-21 13:39:50.000000,4692.8,4719.6,4680.0,4691.6,nan,4699.46,71757,101165754180.0,112766,4692.8,2,4692.2,4,nan,0,nan,0,nan,0,nan,0,nan,0,nan,0,nan,0,nan,0
1597988390627460096,1597988390500000000,2020-08-21 13:39:50.500000,4692.8,4719.6,4680.0,4691.6,nan,4699.46,71758,101167162020.0,112767,4692.8,1,4692.2,4,nan,0,nan,0,nan,0,nan,0,nan,0,nan,0,nan,0,nan,0
1597988391123726080,1597988391000000000,2020-08-21 13:39:51.000000,4692.8,4719.6,4680.0,4691.6,nan,4699.46,71758,101167162020.0,112767,4692.8,4,4692.2,4,nan,0,nan,0,nan,0,nan,0,nan,0,nan,0,nan,0,nan,0
1597988391626184960,1597988391500000000,2020-08-21 13:39:51.500000,4692.8,4719.6,4680.0,4691.6,nan,4699.46,71759,101168569860.0,112767,4692.8,3,4692.2,4,nan,0,nan,0,nan,0,nan,0,nan,0,nan,0,nan,0,nan,0
1597988392128348928,1597988392000000000,2020-08-21 13:39:52.000000,4692.8,4719.6,4680.0,4691.6,nan,4699.46,71761,101171385420.0,112769,4692.8,2,4692.4,2,nan,0,nan,0,nan,0,nan,0,nan,0,nan,0,nan,0,nan,0
1597988392625559040,1597988392500000000,2020-08-21 13:39:52.500000,4692.4,4719.6,4680.0,4691.6,nan,4699.46,71763,101174200860.0,112771,4692.6,1,4692.2,5,nan,0,nan,0,nan,0,nan,0,nan,0,nan,0,nan,0,nan,0
1597988393156939008,1597988393000000000,2020-08-21 13:39:53.000000,4692.2,4719.6,4680.0,4691.6,nan,4699.46,71764,101175608520.0,112772,4692.6,1,4692.2,4,nan,0,nan,0,nan,0,nan,0,nan,0,nan,0,nan,0,nan,0
1597988393633330944,1597988393500000000,2020-08-21 13:39:53.500000,4692.2,4719.6,4680.0,4691.6,nan,4699.46,71764,101175608520.0,112772,4692.4,1,4692.2,4,nan,0,nan,0,nan,0,nan,0,nan,0,nan,0,nan,0,nan,0
1597988394129220096,1597988394000000000,2020-08-21 13:39:54.000000,4692.2,4719.6,4680.0,4691.6,nan,4699.46,71764,101175608520.0,112772,4692.4,1,4692.2,4,nan,0,nan,0,nan,0,nan,0,nan,0,nan,0,nan,0,nan,0
1597988394640261120,1597988394500000000,2020-08-21 13:39:54.500000,4692.4,4719.6,4680.0,4691.6,nan,4699.46,71766,101178423900.0,112773,4692.6,1,4692.2,3,nan,0,nan,0,nan,0,nan,0,nan,0,nan,0,nan,0,nan,0
1597988395146244096,1597988395000000000,2020-08-21 13:39:55.000000,4692.6,4719.6,4680.0,4691.6,nan,4699.459,71767,101179831680.0,112774,4692.8,2,4692.2,3,nan,0,nan,0,nan,0,nan,0,nan,0,nan,0,nan,0,nan,0
1597988395628899072,1597988395500000000,2020-08-21 13:39:55.500000,4692.6,4719.6,4680.0,4691.6,nan,4699.459,71767,101179831680.0,112774,4692.6,1,4692.2,3,nan,0,nan,0,nan,0,nan,0,nan,0,nan,0,nan,0,nan,0
1597988396128178944,1597988396000000000,2020-08-21 13:39:56.000000,4692.6,4719.6,4680.0,4691.6,nan,4699.459,71767,101179831680.0,112774,4692.6,1,4692.2,3,nan,0,nan,0,nan,0,nan,0,nan,0,nan,0,nan,0,nan,0
1597988396654285056,1597988396500000000,2020-08-21 13:39:56.500000,4692.2,4719.6,4680.0,4691.6,nan,4699.459,71769,101182647120.0,112774,4692.6,1,4692.2,2,nan,0,nan,0,nan,0,nan,0,nan,0,nan,0,nan,0,nan,0
1597988397130759936,1597988397000000000,2020-08-21 13:39:57.000000,4692.2,4719.6,4680.0,4691.6,nan,4699.459,71772,101186870100.0,112774,4692.2,1,4692.0,9,nan,0,nan,0,nan,0,nan,0,nan,0,nan,0,nan,0,nan,0
1597988397643490048,1597988397500000000,2020-08-21 13:39:57.500000,4692.0,4719.6,4680.0,4691.6,nan,4699.459,71773,101188277700.0,112774,4692.2,1,4692.0,8,nan,0,nan,0,nan,0,nan,0,nan,0,nan,0,nan,0,nan,0
1597988398134284032,1597988398000000000,2020-08-21 13:39:58.000000,4692.2,4719.6,4680.0,4691.6,nan,4699.458,71777,101193908160.0,112774,4692.6,1,4692.0,5,nan,0,nan,0,nan,0,nan,0,nan,0,nan,0,nan,0,nan,0
1597988398644069120,1597988398500000000,2020-08-21 13:39:58.500000,4692.0,4719.6,4680.0,4691.6,nan,4699.458,71781,101199538560.0,112775,4692.2,1,4692.0,1,nan,0,nan,0,nan,0,nan,0,nan,0,nan,0,nan,0,nan,0
1597988399142110976,1597988399000000000,2020-08-21 13:39:59.000000,4692.0,4719.6,4680.0,4691.6,nan,4699.458,71785,101205168840.0,112775,4692.2,1,4691.8,15,nan,0,nan,0,nan,0,nan,0,nan,0,nan,0,nan,0,nan,0
1597988399630697984,1597988399500000000,2020-08-21 13:39:59.500000,4691.8,4719.6,4680.0,4691.6,nan,4699.457,71786,101206576380.0,112774,4692.2,1,4691.8,14,nan,0,nan,0,nan,0,nan,0,nan,0,nan,0,nan,0,nan,0
1597988400131385088,1597988400000000000,2020-08-21 13:40:00.000000,4691.8,4719.6,4680.0,4691.6,nan,4699.457,71786,101206576380.0,112774,4692.2,1,4691.8,14,nan,0,nan,0,nan,0,nan,0,nan,0,nan,0,nan,0,nan,0
1597988400636880896,1597988400500000000,2020-08-21 13:40:00.500000,4691.8,4719.6,4680.0,4691.6,nan,4699.457,71787,101207983920.0,112775,4692.0,1,4691.8,14,nan,0,nan,0,nan,0,nan,0,nan,0,nan,0,nan,0,nan,0
1597988401136681984,1597988401000000000,2020-08-21 13:40:01.000000,4691.8,4719.6,4680.0,4691.6,nan,4699.457,71793,101216429340.0,112772,4692.6,2,4691.8,10,nan,0,nan,0,nan,0,nan,0,nan,0,nan,0,nan,0,nan,0
1597988401647737088,1597988401500000000,2020-08-21 13:40:01.500000,4691.8,4719.6,4680.0,4691.6,nan,4699.456,71798,101223467040.0,112773,4692.6,2,4691.8,6,nan,0,nan,0,nan,0,nan,0,nan,0,nan,0,nan,0,nan,0
1597988402141231104,1597988402000000000,2020-08-21 13:40:02.000000,4691.8,4719.6,4680.0,4691.6,nan,4699.456,71799,101224874580.0,112774,4692.6,2,4691.8,5,nan,0,nan,0,nan,0,nan,0,nan,0,nan,0,nan,0,nan,0
1597988402639002112,1597988402500000000,2020-08-21 13:40:02.500000,4691.8,4719.6,4680.0,4691.6,nan,4699.456,71801,101227689660.0,112774,4692.6,2,4691.8,5,nan,0,nan,0,nan,0,nan,0,nan,0,nan,0,nan,0,nan,0
1597988403127520000,1597988403000000000,2020-08-21 13:40:03.000000,4691.8,4719.6,4680.0,4691.6,nan,4699.456,71801,101227689660.0,112774,4692.6,2,4691.8,5,nan,0,nan,0,nan,0,nan,0,nan,0,nan,0,nan,0,nan,0
1597988403648377088,1597988403500000000,2020-08-21 13:40:03.500000,4691.8,4719.6,4680.0,4691.6,nan,4699.456,71801,101227689660.0,112774,4692.6,3,4691.8,5,nan,0,nan,0,nan,0,nan,0,nan,0,nan,0,nan,0,nan,0
1597988404031943936,1597988404000000000,2020-08-21 13:40:04.000000,4691.8,4719.6,4680.0,4691.6,nan,4699.456,71803,101230504740.0,112774,4692.4,5,4691.8,3,nan,0,nan,0,nan,0,nan,0,nan,0,nan,0,nan,0,nan,0
1597988404539060992,1597988404500000000,2020-08-21 13:40:04.500000,4691.6,4719.6,4680.0,4691.6,nan,4699.454,71815,101247396300.0,112775,4692.4,1,4691.6,3,nan,0,nan,0,nan,0,nan,0,nan,0,nan,0,nan,0,nan,0
1597988405036227072,1597988405000000000,2020-08-21 13:40:05.000000,4692.4,4719.6,4680.0,4691.6,nan,4699.454,71818,101251618980.0,112776,4692.6,2,4691.6,3,nan,0,nan,0,nan,0,nan,0,nan,0,nan,0,nan,0,nan,0
1597988405543334912,1597988405500000000,2020-08-21 13:40:05.500000,4691.6,4719.6,4680.0,4691.6,nan,4699.453,71825,101261471760.0,112774,4692.4,2,4691.4,6,nan,0,nan,0,nan,0,nan,0,nan,0,nan,0,nan,0,nan,0
1597988406046887936,1597988406000000000,2020-08-21 13:40:06.000000,4691.2,4719.6,4680.0,4691.6,nan,4699.452,71834,101274138420.0,112771,4691.4,8,4691.0,18,nan,0,nan,0,nan,0,nan,0,nan,0,nan,0,nan,0,nan,0
1597988406547110912,1597988406500000000,2020-08-21 13:40:06.500000,4691.0,4719.6,4680.0,4691.6,nan,4699.45,71857,101306506200.0,112784,4691.0,1,4690.8,1,nan,0,nan,0,nan,0,nan,0,nan,0,nan,0,nan,0,nan,0
1597988407075501056,1597988407000000000,2020-08-21 13:40:07.000000,4690.6,4719.6,4680.0,4691.6,nan,4699.449,71866,101319171240.0,112790,4691.0,3,4690.6,1,nan,0,nan,0,nan,0,nan,0,nan,0,nan,0,nan,0,nan,0
1597988407569538048,1597988407500000000,2020-08-21 13:40:07.500000,4690.4,4719.6,4680.0,4691.6,nan,4699.448,71868,101321985540.0,112790,4690.6,5,4690.2,8,nan,0,nan,0,nan,0,nan,0,nan,0,nan,0,nan,0,nan,0
1597988408077824000,1597988408000000000,2020-08-21 13:40:08.000000,4690.2,4719.6,4680.0,4691.6,nan,4699.448,71872,101327613840.0,112792,4690.6,7,4690.2,5,nan,0,nan,0,nan,0,nan,0,nan,0,nan,0,nan,0,nan,0
1597988408558950912,1597988408500000000,2020-08-21 13:40:08.500000,4690.0,4719.6,4680.0,4691.6,nan,4699.447,71879,101337463200.0,112790,4690.2,1,4690.0,45,nan,0,nan,0,nan,0,nan,0,nan,0,nan,0,nan,0,nan,0
1597988409077143040,1597988409000000000,2020-08-21 13:40:09.000000,4690.0,4719.6,4680.0,4691.6,nan,4699.442,71917,101390929560.0,112806,4690.2,2,4690.0,13,nan,0,nan,0,nan,0,nan,0,nan,0,nan,0,nan,0,nan,0
1597988409562336000,1597988409500000000,2020-08-21 13:40:09.500000,4690.2,4719.6,4680.0,4691.6,nan,4699.44,71934,101414848740.0,112813,4690.2,2,4690.0,2,nan,0,nan,0,nan,0,nan,0,nan,0,nan,0,nan,0,nan,0
1597988410074640896,1597988410000000000,2020-08-21 13:40:10.000000,4690.0,4719.6,4680.0,4691.6,nan,4699.439,71940,101423290740.0,112815,4690.0,3,4689.6,22,nan,0,nan,0,nan,0,nan,0,nan,0,nan,0,nan,0,nan,0
1597988410574821888,1597988410500000000,2020-08-21 13:40:10.500000,4689.8,4719.6,4680.0,4691.6,nan,4699.439,71943,101427511500.0,112813,4690.0,6,4689.6,21,nan,0,nan,0,nan,0,nan,0,nan,0,nan,0,nan,0,nan,0
1597988411057426944,1597988411000000000,2020-08-21 13:40:11.000000,4689.8,4719.6,4680.0,4691.6,nan,4699.437,71952,101440173840.0,112813,4690.0,2,4689.6,16,nan,0,nan,0,nan,0,nan,0,nan,0,nan,0,nan,0,nan,0
1597988411557287936,1597988411500000000,2020-08-21 13:40:11.500000,4690.0,4719.6,4680.0,4691.6,nan,4699.437,71953,101441580840.0,112814,4690.0,3,4689.6,16,nan,0,nan,0,nan,0,nan,0,nan,0,nan,0,nan,0,nan,0
1597988412062107904,1597988412000000000,2020-08-21 13:40:12.000000,4690.0,4719.6,4680.0,4691.6,nan,4699.436,71959,101450022540.0,112812,4690.0,2,4689.6,17,nan,0,nan,0,nan,0,nan,0,nan,0,nan,0,nan,0,nan,0
1597988412605513984,1597988412500000000,2020-08-21 13:40:12.500000,4690.0,4719.6,4680.0,4691.6,nan,4699.436,71964,101457057540.0,112813,4690.2,3,4690.0,3,nan,0,nan,0,nan,0,nan,0,nan,0,nan,0,nan,0,nan,0
1597988413072101888,1597988413000000000,2020-08-21 13:40:13.000000,4689.6,4719.6,4680.0,4691.6,nan,4699.435,71972,101468313540.0,112812,4690.6,4,4689.6,15,nan,0,nan,0,nan,0,nan,0,nan,0,nan,0,nan,0,nan,0
1597988413562545920,1597988413500000000,2020-08-21 13:40:13.500000,4689.6,4719.6,4680.0,4691.6,nan,4699.434,71979,101478161700.0,112812,4690.6,4,4690.2,1,nan,0,nan,0,nan,0,nan,0,nan,0,nan,0,nan,0,nan,0
1597988414092935936,1597988414000000000,2020-08-21 13:40:14.000000,4690.4,4719.6,4680.0,4691.6,nan,4699.433,71982,101482382940.0,112812,4690.6,4,4690.0,1,nan,0,nan,0,nan,0,nan,0,nan,0,nan,0,nan,0,nan,0
1597988414554272000,1597988414500000000,2020-08-21 13:40:14.500000,4689.6,4719.6,4680.0,4691.6,nan,4699.433,71988,101490824820.0,112815,4689.8,3,4689.6,15,nan,0,nan,0,nan,0,nan,0,nan,0,nan,0,nan,0,nan,0
1597988415064704000,1597988415000000000,2020-08-21 13:40:15.000000,4689.6,4719.6,4680.0,4691.6,nan,4699.431,72002,101510521140.0,112818,4690.0,6,4689.4,1,nan,0,nan,0,nan,0,nan,0,nan,0,nan,0,nan,0,nan,0
1597988415556936960,1597988415500000000,2020-08-21 13:40:15.500000,4689.0,4719.6,4680.0,4691.6,nan,4699.429,72011,101523181980.0,112824,4689.6,5,4689.0,11,nan,0,nan,0,nan,0,nan,0,nan,0,nan,0,nan,0,nan,0
1597988416081679104,1597988416000000000,2020-08-21 13:40:16.000000,4689.0,4719.6,4680.0,4691.6,nan,4699.427,72030,101549908740.0,112836,4689.0,7,4688.6,6,nan,0,nan,0,nan,0,nan,0,nan,0,nan,0,nan,0,nan,0
1597988416578752000,1597988416500000000,2020-08-21 13:40:16.500000,4688.8,4719.6,4680.0,4691.6,nan,4699.425,72043,101568194580.0,112841,4688.6,4,4688.2,4,nan,0,nan,0,nan,0,nan,0,nan,0,nan,0,nan,0,nan,0
1597988417071746048,1597988417000000000,2020-08-21 13:40:17.000000,4688.4,4719.6,4680.0,4691.6,nan,4699.422,72061,101593512720.0,112840,4688.6,6,4688.2,1,nan,0,nan,0,nan,0,nan,0,nan,0,nan,0,nan,0,nan,0
1597988417593345024,1597988417500000000,2020-08-21 13:40:17.500000,4688.2,4719.6,4680.0,4691.6,nan,4699.421,72065,101599138740.0,112842,4688.2,6,4688.0,21,nan,0,nan,0,nan,0,nan,0,nan,0,nan,0,nan,0,nan,0
1597988418073689088,1597988418000000000,2020-08-21 13:40:18.000000,4688.2,4719.6,4680.0,4691.6,nan,4699.42,72073,101610390240.0,112845,4688.2,10,4688.0,18,nan,0,nan,0,nan,0,nan,0,nan,0,nan,0,nan,0,nan,0
1597988418563424000,1597988418500000000,2020-08-21 13:40:18.500000,4688.0,4719.6,4680.0,4691.6,nan,4699.418,72088,101631486360.0,112854,4688.2,10,4688.0,5,nan,0,nan,0,nan,0,nan,0,nan,0,nan,0,nan,0,nan,0
1597988419078872064,1597988419000000000,2020-08-21 13:40:19.000000,4688.0,4719.6,4680.0,4691.6,nan,4699.414,72113,101666645940.0,112857,4688.0,2,4687.6,7,nan,0,nan,0,nan,0,nan,0,nan,0,nan,0,nan,0,nan,0
1597988419568043008,1597988419500000000,2020-08-21 13:40:19.500000,4687.6,4719.6,4680.0,4691.6,nan,4699.413,72120,101676490560.0,112863,4688.0,2,4687.6,6,nan,0,nan,0,nan,0,nan,0,nan,0,nan,0,nan,0,nan,0
1597988420071491072,1597988420000000000,2020-08-21 13:40:20.000000,4687.2,4719.6,4680.0,4691.6,nan,4699.41,72138,101701802520.0,112878,4687.2,4,4687.0,11,nan,0,nan,0,nan,0,nan,0,nan,0,nan,0,nan,0,nan,0
1597988420675898112,1597988420500000000,2020-08-21 13:40:20.500000,4687.0,4719.6,4680.0,4691.6,nan,4699.406,72159,101731331580.0,112888,4687.4,1,4687.0,7,nan,0,nan,0,nan,0,nan,0,nan,0,nan,0,nan,0,nan,0
1597988421077306112,1597988421000000000,2020-08-21 13:40:21.000000,4687.0,4719.6,4680.0,4691.6,nan,4699.404,72174,101752424520.0,112895,4688.0,2,4687.0,3,nan,0,nan,0,nan,0,nan,0,nan,0,nan,0,nan,0,nan,0
1597988421588066048,1597988421500000000,2020-08-21 13:40:21.500000,4688.0,4719.6,4680.0,4691.6,nan,4699.402,72184,101766487200.0,112900,4688.2,13,4688.0,1,nan,0,nan,0,nan,0,nan,0,nan,0,nan,0,nan,0,nan,0
1597988422072986880,1597988422000000000,2020-08-21 13:40:22.000000,4688.0,4719.6,4680.0,4691.6,nan,4699.401,72191,101776332060.0,112902,4687.8,1,4687.4,6,nan,0,nan,0,nan,0,nan,0,nan,0,nan,0,nan,0,nan,0
1597988422579500032,1597988422500000000,2020-08-21 13:40:22.500000,4687.4,4719.6,4680.0,4691.6,nan,4699.4,72197,101784769500.0,112903,4688.0,11,4687.8,2,nan,0,nan,0,nan,0,nan,0,nan,0,nan,0,nan,0,nan,0
1597988423078025984,1597988423000000000,2020-08-21 13:40:23.000000,4688.0,4719.6,4680.0,4691.6,nan,4699.399,72204,101794614060.0,112909,4687.6,1,4687.4,1,nan,0,nan,0,nan,0,nan,0,nan,0,nan,0,nan,0,nan,0
1597988423557015040,1597988423500000000,2020-08-21 13:40:23.500000,4688.0,4719.6,4680.0,4691.6,nan,4699.398,72210,101803052280.0,112912,4688.0,3,4687.8,1,nan,0,nan,0,nan,0,nan,0,nan,0,nan,0,nan,0,nan,0
1597988424115325952,1597988424000000000,2020-08-21 13:40:24.000000,4687.6,4719.6,4680.0,4691.6,nan,4699.396,72218,101814303240.0,112917,4688.2,8,4687.4,1,nan,0,nan,0,nan,0,nan,0,nan,0,nan,0,nan,0,nan,0
1597988424561417984,1597988424500000000,2020-08-21 13:40:24.500000,4687.8,4719.6,4680.0,4691.6,nan,4699.394,72231,101832584520.0,112926,4687.4,1,4687.2,3,nan,0,nan,0,nan,0,nan,0,nan,0,nan,0,nan,0,nan,0
1597988425062168064,1597988425000000000,2020-08-21 13:40:25.000000,4687.6,4719.6,4680.0,4691.6,nan,4699.394,72235,101838209580.0,112926,4688.0,1,4687.8,1,nan,0,nan,0,nan,0,nan,0,nan,0,nan,0,nan,0,nan,0
1597988425572197888,1597988425500000000,2020-08-21 13:40:25.500000,4688.2,4719.6,4680.0,4691.6,nan,4699.393,72240,101845241340.0,112926,4687.8,2,4687.6,1,nan,0,nan,0,nan,0,nan,0,nan,0,nan,0,nan,0,nan,0
1597988426055110912,1597988426000000000,2020-08-21 13:40:26.000000,4688.0,4719.6,4680.0,4691.6,nan,4699.392,72246,101853679500.0,112931,4688.2,7,4688.0,1,nan,0,nan,0,nan,0,nan,0,nan,0,nan,0,nan,0,nan,0
1597988426563181056,1597988426500000000,2020-08-21 13:40:26.500000,4688.0,4719.6,4680.0,4691.6,nan,4699.392,72247,101855085900.0,112931,4688.2,7,4687.8,2,nan,0,nan,0,nan,0,nan,0,nan,0,nan,0,nan,0,nan,0
1597988427086985984,1597988427000000000,2020-08-21 13:40:27.000000,4687.8,4719.6,4680.0,4691.6,nan,4699.391,72251,101860711260.0,112935,4687.8,1,4687.4,2,nan,0,nan,0,nan,0,nan,0,nan,0,nan,0,nan,0,nan,0
1597988427556903936,1597988427500000000,2020-08-21 13:40:27.500000,4687.8,4719.6,4680.0,4691.6,nan,4699.39,72256,101867743080.0,112935,4688.2,6,4687.8,3,nan,0,nan,0,nan,0,nan,0,nan,0,nan,0,nan,0,nan,0
1597988428061914880,1597988428000000000,2020-08-21 13:40:28.000000,4687.2,4719.6,4680.0,4691.6,nan,4699.388,72267,101883212040.0,112939,4687.2,2,4686.8,5,nan,0,nan,0,nan,0,nan,0,nan,0,nan,0,nan,0,nan,0
1597988428566259968,1597988428500000000,2020-08-21 13:40:28.500000,4687.2,4719.6,4680.0,4691.6,nan,4699.388,72271,101888836680.0,112941,4688.2,2,4687.8,1,nan,0,nan,0,nan,0,nan,0,nan,0,nan,0,nan,0,nan,0
1597988429066970112,1597988429000000000,2020-08-21 13:40:29.000000,4687.8,4719.6,4680.0,4691.6,nan,4699.387,72274,101893055940.0,112941,4688.4,1,4687.4,3,nan,0,nan,0,nan,0,nan,0,nan,0,nan,0,nan,0,nan,0
1597988429559781888,1597988429500000000,2020-08-21 13:40:29.500000,4687.4,4719.6,4680.0,4691.6,nan,4699.387,72277,101897274660.0,112942,4687.8,1,4687.4,4,nan,0,nan,0,nan,0,nan,0,nan,0,nan,0,nan,0,nan,0
1597988430051428096,1597988430000000000,2020-08-21 13:40:30.000000,4687.8,4719.6,4680.0,4691.6,nan,4699.386,72284,101907119160.0,112945,4688.4,2,4687.6,1,nan,0,nan,0,nan,0,nan,0,nan,0,nan,0,nan,0,nan,0
1597988430560854016,1597988430500000000,2020-08-21 13:40:30.500000,4688.4,4719.6,4680.0,4691.6,nan,4699.385,72286,101909932200.0,112946,4688.6,12,4687.8,3,nan,0,nan,0,nan,0,nan,0,nan,0,nan,0,nan,0,nan,0
1597988431059228928,1597988431000000000,2020-08-21 13:40:31.000000,4687.8,4719.6,4680.0,4691.6,nan,4699.385,72290,101915557860.0,112949,4688.6,12,4687.8,1,nan,0,nan,0,nan,0,nan,0,nan,0,nan,0,nan,0,nan,0
1597988431565175040,1597988431500000000,2020-08-21 13:40:31.500000,4687.8,4719.6,4680.0,4691.6,nan,4699.385,72291,101916964200.0,112949,4687.8,1,4687.6,1,nan,0,nan,0,nan,0,nan,0,nan,0,nan,0,nan,0,nan,0
1597988432061593088,1597988432000000000,2020-08-21 13:40:32.000000,4688.4,4719.6,4680.0,4691.6,nan,4699.384,72294,101921183640.0,112950,4688.6,12,4688.4,2,nan,0,nan,0,nan,0,nan,0,nan,0,nan,0,nan,0,nan,0
1597988432562978048,1597988432500000000,2020-08-21 13:40:32.500000,4688.6,4719.6,4680.0,4691.6,nan,4699.382,72307,101939469180.0,112954,4688.8,2,4688.4,3,nan,0,nan,0,nan,0,nan,0,nan,0,nan,0,nan,0,nan,0
1597988433071304960,1597988433000000000,2020-08-21 13:40:33.000000,4689.4,4719.6,4680.0,4691.6,nan,4699.38,72322,101960570160.0,112957,4689.4,1,4689.0,4,nan,0,nan,0,nan,0,nan,0,nan,0,nan,0,nan,0,nan,0
1597988433571511040,1597988433500000000,2020-08-21 13:40:33.500000,4689.0,4719.6,4680.0,4691.6,nan,4699.379,72328,101969011080.0,112960,4689.6,6,4688.6,2,nan,0,nan,0,nan,0,nan,0,nan,0,nan,0,nan,0,nan,0
1597988434077219072,1597988434000000000,2020-08-21 13:40:34.000000,4689.6,4719.6,4680.0,4691.6,nan,4699.379,72330,101971824840.0,112960,4689.6,5,4688.8,3,nan,0,nan,0,nan,0,nan,0,nan,0,nan,0,nan,0,nan,0
1597988434586488064,1597988434500000000,2020-08-21 13:40:34.500000,4689.6,4719.6,4680.0,4691.6,nan,4699.378,72339,101984486640.0,112960,4690.0,7,4689.0,3,nan,0,nan,0,nan,0,nan,0,nan,0,nan,0,nan,0,nan,0
1597988435077345024,1597988435000000000,2020-08-21 13:40:35.000000,4689.6,4719.6,4680.0,4691.6,nan,4699.377,72348,101997149400.0,112962,4689.6,1,4689.2,1,nan,0,nan,0,nan,0,nan,0,nan,0,nan,0,nan,0,nan,0
1597988435568328960,1597988435500000000,2020-08-21 13:40:35.500000,4689.6,4719.6,4680.0,4691.6,nan,4699.375,72361,102015440580.0,112969,4691.0,1,4689.6,1,nan,0,nan,0,nan,0,nan,0,nan,0,nan,0,nan,0,nan,0
1597988436097591040,1597988436000000000,2020-08-21 13:40:36.000000,4690.0,4719.6,4680.0,4691.6,nan,4699.375,72364,102019661880.0,112968,4690.8,2,4689.8,2,nan,0,nan,0,nan,0,nan,0,nan,0,nan,0,nan,0,nan,0
1597988436583586048,1597988436500000000,2020-08-21 13:40:36.500000,4690.8,4719.6,4680.0,4691.6,nan,4699.374,72369,102026697480.0,112972,4690.8,1,4690.0,1,nan,0,nan,0,nan,0,nan,0,nan,0,nan,0,nan,0,nan,0
1597988437080045056,1597988437000000000,2020-08-21 13:40:37.000000,4690.4,4719.6,4680.0,4691.6,nan,4699.373,72376,102036548820.0,112976,4691.0,1,4690.0,1,nan,0,nan,0,nan,0,nan,0,nan,0,nan,0,nan,0,nan,0
1597988437580585984,1597988437500000000,2020-08-21 13:40:37.500000,4691.0,4719.6,4680.0,4691.6,nan,4699.373,72378,102039363420.0,112977,4691.4,1,4691.0,6,nan,0,nan,0,nan,0,nan,0,nan,0,nan,0,nan,0,nan,0
1597988438080585984,1597988438000000000,2020-08-21 13:40:38.000000,4691.2,4719.6,4680.0,4691.6,nan,4699.372,72383,102046400400.0,112980,4691.8,2,4691.0,7,nan,0,nan,0,nan,0,nan,0,nan,0,nan,0,nan,0,nan,0
1597988438589040896,1597988438500000000,2020-08-21 13:40:38.500000,4692.4,4719.6,4680.0,4691.6,nan,4699.372,72389,102054845940.0,112985,4691.6,1,4691.2,1,nan,0,nan,0,nan,0,nan,0,nan,0,nan,0,nan,0,nan,0
1597988439091237120,1597988439000000000,2020-08-21 13:40:39.000000,4692.2,4719.6,4680.0,4691.6,nan,4699.372,72391,102057661140.0,112985,4692.2,1,4691.6,1,nan,0,nan,0,nan,0,nan,0,nan,0,nan,0,nan,0,nan,0
1597988439592070912,1597988439500000000,2020-08-21 13:40:39.500000,4692.2,4719.6,4680.0,4691.6,nan,4699.371,72392,102059068800.0,112986,4692.2,2,4691.8,1,nan,0,nan,0,nan,0,nan,0,nan,0,nan,0,nan,0,nan,0
1597988440081710080,1597988440000000000,2020-08-21 13:40:40.000000,4691.6,4719.6,4680.0,4691.6,nan,4699.371,72396,102064699140.0,112987,4692.4,1,4691.6,1,nan,0,nan,0,nan,0,nan,0,nan,0,nan,0,nan,0,nan,0
1597988440586571008,1597988440500000000,2020-08-21 13:40:40.500000,4691.6,4719.6,4680.0,4691.6,nan,4699.371,72396,102064699140.0,112987,4692.0,1,4691.6,2,nan,0,nan,0,nan,0,nan,0,nan,0,nan,0,nan,0,nan,0
1597988441078697984,1597988441000000000,2020-08-21 13:40:41.000000,4691.6,4719.6,4680.0,4691.6,nan,4699.371,72400,102070329120.0,112988,4691.8,1,4691.6,4,nan,0,nan,0,nan,0,nan,0,nan,0,nan,0,nan,0,nan,0
1597988441584732928,1597988441500000000,2020-08-21 13:40:41.500000,4691.6,4719.6,4680.0,4691.6,nan,4699.37,72406,102078774000.0,112989,4691.6,3,4691.0,8,nan,0,nan,0,nan,0,nan,0,nan,0,nan,0,nan,0,nan,0
1597988442070373120,1597988442000000000,2020-08-21 13:40:42.000000,4691.6,4719.6,4680.0,4691.6,nan,4699.37,72407,102080181480.0,112990,4691.4,2,4691.0,7,nan,0,nan,0,nan,0,nan,0,nan,0,nan,0,nan,0,nan,0
1597988442575439872,1597988442500000000,2020-08-21 13:40:42.500000,4691.6,4719.6,4680.0,4691.6,nan,4699.37,72408,102081588960.0,112991,4691.2,1,4691.0,8,nan,0,nan,0,nan,0,nan,0,nan,0,nan,0,nan,0,nan,0
1597988443086302976,1597988443000000000,2020-08-21 13:40:43.000000,4691.2,4719.6,4680.0,4691.6,nan,4699.37,72409,102082996320.0,112992,4691.4,1,4691.0,11,nan,0,nan,0,nan,0,nan,0,nan,0,nan,0,nan,0,nan,0
1597988443568327936,1597988443500000000,2020-08-21 13:40:43.500000,4691.4,4719.6,4680.0,4691.6,nan,4699.369,72411,102085811160.0,112993,4691.6,10,4691.2,6,nan,0,nan,0,nan,0,nan,0,nan,0,nan,0,nan,0,nan,0
1597988444066896896,1597988444000000000,2020-08-21 13:40:44.000000,4692.0,4719.6,4680.0,4691.6,nan,4699.368,72427,102108331440.0,112999,4692.4,1,4692.0,6,nan,0,nan,0,nan,0,nan,0,nan,0,nan,0,nan,0,nan,0
1597988444575232000,1597988444500000000,2020-08-21 13:40:44.500000,4692.2,4719.6,4680.0,4691.6,nan,4699.367,72430,102112554480.0,113001,4692.4,1,4692.0,7,nan,0,nan,0,nan,0,nan,0,nan,0,nan,0,nan,0,nan,0
1597988445087449088,1597988445000000000,2020-08-21 13:40:45.000000,4692.6,4719.6,4680.0,4691.6,nan,4699.367,72432,102115370040.0,113002,4692.8,2,4692.4,1,nan,0,nan,0,nan,0,nan,0,nan,0,nan,0,nan,0,nan,0
1597988445592542976,1597988445500000000,2020-08-21 13:40:45.500000,4692.2,4719.6,4680.0,4691.6,nan,4699.367,72435,102119593260.0,113004,4692.8,1,4692.2,4,nan,0,nan,0,nan,0,nan,0,nan,0,nan,0,nan,0,nan,0
1597988446107578880,1597988446000000000,2020-08-21 13:40:46.000000,4693.0,4719.6,4680.0,4691.6,nan,4699.366,72441,102128040240.0,113008,4692.6,1,4692.4,1,nan,0,nan,0,nan,0,nan,0,nan,0,nan,0,nan,0,nan,0
1597988446572105984,1597988446500000000,2020-08-21 13:40:46.500000,4692.2,4719.6,4680.0,4691.6,nan,4699.366,72446,102135078840.0,113007,4692.4,6,4692.2,2,nan,0,nan,0,nan,0,nan,0,nan,0,nan,0,nan,0,nan,0
1597988447066586880,1597988447000000000,2020-08-21 13:40:47.000000,4693.0,4719.6,4680.0,4691.6,nan,4699.365,72460,102154787460.0,113013,4693.0,2,4692.8,1,nan,0,nan,0,nan,0,nan,0,nan,0,nan,0,nan,0,nan,0
1597988447580189952,1597988447500000000,2020-08-21 13:40:47.500000,4692.2,4719.6,4680.0,4691.6,nan,4699.364,72464,102160418520.0,113014,4692.8,4,4692.2,1,nan,0,nan,0,nan,0,nan,0,nan,0,nan,0,nan,0,nan,0
1597988448084808960,1597988448000000000,2020-08-21 13:40:48.000000,4692.2,4719.6,4680.0,4691.6,nan,4699.364,72465,102161826180.0,113014,4692.8,5,4692.2,3,nan,0,nan,0,nan,0,nan,0,nan,0,nan,0,nan,0,nan,0
1597988448566394112,1597988448500000000,2020-08-21 13:40:48.500000,4692.2,4719.6,4680.0,4691.6,nan,4699.364,72466,102163233840.0,113015,4692.4,1,4692.2,2,nan,0,nan,0,nan,0,nan,0,nan,0,nan,0,nan,0,nan,0
1597988449068424960,1597988449000000000,2020-08-21 13:40:49.000000,4692.4,4719.6,4680.0,4691.6,nan,4699.364,72470,102168864540.0,113016,4692.4,1,4692.0,8,nan,0,nan,0,nan,0,nan,0,nan,0,nan,0,nan,0,nan,0
1597988449571159040,1597988449500000000,2020-08-21 13:40:49.500000,4692.0,4719.6,4680.0,4691.6,nan,4699.363,72473,102173087460.0,113017,4692.2,2,4692.0,6,nan,0,nan,0,nan,0,nan,0,nan,0,nan,0,nan,0,nan,0
1597988450080867072,1597988450000000000,2020-08-21 13:40:50.000000,4692.2,4719.6,4680.0,4691.6,nan,4699.363,72477,102178717920.0,113021,4692.2,1,4692.0,3,nan,0,nan,0,nan,0,nan,0,nan,0,nan,0,nan,0,nan,0
1597988450566162944,1597988450500000000,2020-08-21 13:40:50.500000,4692.2,4719.6,4680.0,4691.6,nan,4699.363,72481,102184348380.0,113024,4691.6,1,4691.4,4,nan,0,nan,0,nan,0,nan,0,nan,0,nan,0,nan,0,nan,0
1597988451081430016,1597988451000000000,2020-08-21 13:40:51.000000,4691.4,4719.6,4680.0,4691.6,nan,4699.362,72483,102187163280.0,113026,4692.4,1,4692.2,2,nan,0,nan,0,nan,0,nan,0,nan,0,nan,0,nan,0,nan,0
1597988451588295936,1597988451500000000,2020-08-21 13:40:51.500000,4692.2,4719.6,4680.0,4691.6,nan,4699.362,72486,102191386260.0,113028,4692.2,10,4691.4,3,nan,0,nan,0,nan,0,nan,0,nan,0,nan,0,nan,0,nan,0
1597988452085357056,1597988452000000000,2020-08-21 13:40:52.000000,4691.4,4719.6,4680.0,4691.6,nan,4699.362,72489,102195608520.0,113031,4692.2,5,4691.2,6,nan,0,nan,0,nan,0,nan,0,nan,0,nan,0,nan,0,nan,0
1597988452567258880,1597988452500000000,2020-08-21 13:40:52.500000,4691.4,4719.6,4680.0,4691.6,nan,4699.362,72490,102197015940.0,113032,4692.0,1,4691.2,6,nan,0,nan,0,nan,0,nan,0,nan,0,nan,0,nan,0,nan,0
1597988453067830016,1597988453000000000,2020-08-21 13:40:53.000000,4691.6,4719.6,4680.0,4691.6,nan,4699.361,72494,102202646160.0,113034,4692.0,1,4691.4,1,nan,0,nan,0,nan,0,nan,0,nan,0,nan,0,nan,0,nan,0
1597988453572839936,1597988453500000000,2020-08-21 13:40:53.500000,4692.2,4719.6,4680.0,4691.6,nan,4699.361,72498,102208276020.0,113036,4692.0,1,4691.2,5,nan,0,nan,0,nan,0,nan,0,nan,0,nan,0,nan,0,nan,0
1597988454067905024,1597988454000000000,2020-08-21 13:40:54.000000,4692.2,4719.6,4680.0,4691.6,nan,4699.361,72498,102208276020.0,113036,4692.0,6,4691.2,5,nan,0,nan,0,nan,0,nan,0,nan,0,nan,0,nan,0,nan,0
1597988454567933952,1597988454500000000,2020-08-21 13:40:54.500000,4691.4,4719.6,4680.0,4691.6,nan,4699.36,72501,102212498160.0,113036,4691.4,1,4691.2,3,nan,0,nan,0,nan,0,nan,0,nan,0,nan,0,nan,0,nan,0
1597988455066359040,1597988455000000000,2020-08-21 13:40:55.000000,4691.8,4719.6,4680.0,4691.6,nan,4699.36,72509,102223757580.0,113044,4691.8,1,4691.0,4,nan,0,nan,0,nan,0,nan,0,nan,0,nan,0,nan,0,nan,0
1597988455564252928,1597988455500000000,2020-08-21 13:40:55.500000,4691.6,4719.6,4680.0,4691.6,nan,4699.359,72517,102235016700.0,113050,4691.8,2,4690.8,1,nan,0,nan,0,nan,0,nan,0,nan,0,nan,0,nan,0,nan,0
1597988456072707072,1597988456000000000,2020-08-21 13:40:56.000000,4691.6,4719.6,4680.0,4691.6,nan,4699.359,72517,102235016700.0,113050,4691.6,2,4690.8,1,nan,0,nan,0,nan,0,nan,0,nan,0,nan,0,nan,0,nan,0
1597988456572079104,1597988456500000000,2020-08-21 13:40:56.500000,4691.6,4719.6,4680.0,4691.6,nan,4699.359,72517,102235016700.0,113050,4691.6,2,4690.8,2,nan,0,nan,0,nan,0,nan,0,nan,0,nan,0,nan,0,nan,0
1597988457070735104,1597988457000000000,2020-08-21 13:40:57.000000,4691.6,4719.6,4680.0,4691.6,nan,4699.358,72521,102240646200.0,113054,4691.6,1,4691.0,1,nan,0,nan,0,nan,0,nan,0,nan,0,nan,0,nan,0,nan,0
1597988457579493888,1597988457500000000,2020-08-21 13:40:57.500000,4691.0,4719.6,4680.0,4691.6,nan,4699.358,72522,102242053500.0,113054,4691.6,2,4690.8,3,nan,0,nan,0,nan,0,nan,0,nan,0,nan,0,nan,0,nan,0
1597988458064392960,1597988458000000000,2020-08-21 13:40:58.000000,4691.0,4719.6,4680.0,4691.6,nan,4699.358,72522,102242053500.0,113054,4691.6,1,4690.8,3,nan,0,nan,0,nan,0,nan,0,nan,0,nan,0,nan,0,nan,0
1597988458562491904,1597988458500000000,2020-08-21 13:40:58.500000,4691.6,4719.6,4680.0,4691.6,nan,4699.358,72523,102243460980.0,113055,4691.6,4,4691.0,1,nan,0,nan,0,nan,0,nan,0,nan,0,nan,0,nan,0,nan,0
1597988459064861952,1597988459000000000,2020-08-21 13:40:59.000000,4691.6,4719.6,4680.0,4691.6,nan,4699.358,72525,102246275940.0,113057,4691.6,2,4691.0,1,nan,0,nan,0,nan,0,nan,0,nan,0,nan,0,nan,0,nan,0
1597988459565146880,1597988459500000000,2020-08-21 13:40:59.500000,4691.2,4719.6,4680.0,4691.6,nan,4699.358,72526,102247683300.0,113058,4691.6,2,4691.2,1,nan,0,nan,0,nan,0,nan,0,nan,0,nan,0,nan,0,nan,0
1597988460069592064,1597988460000000000,2020-08-21 13:41:00.000000,4691.6,4719.6,4680.0,4691.6,nan,4699.357,72531,102254720700.0,113063,4691.8,1,4691.6,16,nan,0,nan,0,nan,0,nan,0,nan,0,nan,0,nan,0,nan,0
1597988460570455040,1597988460500000000,2020-08-21 13:41:00.500000,4691.8,4719.6,4680.0,4691.6,nan,4699.357,72534,102258943320.0,113066,4692.0,7,4691.6,17,nan,0,nan,0,nan,0,nan,0,nan,0,nan,0,nan,0,nan,0
1597988461088136960,1597988461000000000,2020-08-21 13:41:01.000000,4692.0,4719.6,4680.0,4691.6,nan,4699.356,72538,102264573540.0,113067,4692.0,6,4691.6,16,nan,0,nan,0,nan,0,nan,0,nan,0,nan,0,nan,0,nan,0
1597988461576822016,1597988461500000000,2020-08-21 13:41:01.500000,4692.0,4719.6,4680.0,4691.6,nan,4699.356,72540,102267388740.0,113068,4692.0,4,4691.8,3,nan,0,nan,0,nan,0,nan,0,nan,0,nan,0,nan,0,nan,0
1597988462073263104,1597988462000000000,2020-08-21 13:41:02.000000,4692.4,4719.6,4680.0,4691.6,nan,4699.355,72549,102280057320.0,113075,4692.6,1,4692.0,3,nan,0,nan,0,nan,0,nan,0,nan,0,nan,0,nan,0,nan,0
1597988462579783936,1597988462500000000,2020-08-21 13:41:02.500000,4692.4,4719.6,4680.0,4691.6,nan,4699.355,72551,102282872640.0,113076,4692.4,1,4692.2,1,nan,0,nan,0,nan,0,nan,0,nan,0,nan,0,nan,0,nan,0
1597988463078576128,1597988463000000000,2020-08-21 13:41:03.000000,4692.6,4719.6,4680.0,4691.6,nan,4699.355,72554,102287095860.0,113079,4692.8,6,4692.4,3,nan,0,nan,0,nan,0,nan,0,nan,0,nan,0,nan,0,nan,0
1597988463578158080,1597988463500000000,2020-08-21 13:41:03.500000,4692.6,4719.6,4680.0,4691.6,nan,4699.355,72556,102289911420.0,113080,4692.8,6,4692.4,5,nan,0,nan,0,nan,0,nan,0,nan,0,nan,0,nan,0,nan,0
1597988464093283072,1597988464000000000,2020-08-21 13:41:04.000000,4692.8,4719.6,4680.0,4691.6,nan,4699.354,72559,102294134880.0,113083,4692.8,6,4692.4,6,nan,0,nan,0,nan,0,nan,0,nan,0,nan,0,nan,0,nan,0
1597988464568133120,1597988464500000000,2020-08-21 13:41:04.500000,4692.8,4719.6,4680.0,4691.6,nan,4699.354,72561,102296950560.0,113083,4692.6,1,4692.4,6,nan,0,nan,0,nan,0,nan,0,nan,0,nan,0,nan,0,nan,0
1597988465085284096,1597988465000000000,2020-08-21 13:41:05.000000,4692.6,4719.6,4680.0,4691.6,nan,4699.354,72564,102301173780.0,113086,4692.8,5,4692.6,4,nan,0,nan,0,nan,0,nan,0,nan,0,nan,0,nan,0,nan,0
1597988465579107072,1597988465500000000,2020-08-21 13:41:05.500000,4692.6,4719.6,4680.0,4691.6,nan,4699.352,72579,102322290240.0,113096,4692.6,3,4692.2,2,nan,0,nan,0,nan,0,nan,0,nan,0,nan,0,nan,0,nan,0
1597988466078796032,1597988466000000000,2020-08-21 13:41:06.000000,4692.2,4719.6,4680.0,4691.6,nan,4699.352,72585,102330736140.0,113100,4692.2,1,4692.0,5,nan,0,nan,0,nan,0,nan,0,nan,0,nan,0,nan,0,nan,0
1597988466572418048,1597988466500000000,2020-08-21 13:41:06.500000,4692.2,4719.6,4680.0,4691.6,nan,4699.351,72591,102339181800.0,113105,4692.4,1,4691.8,2,nan,0,nan,0,nan,0,nan,0,nan,0,nan,0,nan,0,nan,0
1597988467085264896,1597988467000000000,2020-08-21 13:41:07.000000,4692.4,4719.6,4680.0,4691.6,nan,4699.351,72594,102343404600.0,113107,4692.2,1,4691.6,16,nan,0,nan,0,nan,0,nan,0,nan,0,nan,0,nan,0,nan,0
1597988467573950976,1597988467500000000,2020-08-21 13:41:07.500000,4692.2,4719.6,4680.0,4691.6,nan,4699.351,72596,102346219800.0,113107,4692.2,4,4692.0,1,nan,0,nan,0,nan,0,nan,0,nan,0,nan,0,nan,0,nan,0
1597988468078135040,1597988468000000000,2020-08-21 13:41:08.000000,4692.2,4719.6,4680.0,4691.6,nan,4699.35,72600,102351850440.0,113111,4692.6,3,4692.4,1,nan,0,nan,0,nan,0,nan,0,nan,0,nan,0,nan,0,nan,0
1597988468572939008,1597988468500000000,2020-08-21 13:41:08.500000,4692.0,4719.6,4680.0,4691.6,nan,4699.35,72602,102354665700.0,113111,4692.6,6,4691.6,16,nan,0,nan,0,nan,0,nan,0,nan,0,nan,0,nan,0,nan,0
1597988469096743936,1597988469000000000,2020-08-21 13:41:09.000000,4692.0,4719.6,4680.0,4691.6,nan,4699.35,72602,102354665700.0,113111,4692.6,6,4691.8,1,nan,0,nan,0,nan,0,nan,0,nan,0,nan,0,nan,0,nan,0
1597988470076835072,1597988470000000000,2020-08-21 13:41:10.000000,4692.6,4719.6,4680.0,4691.6,nan,4699.35,72603,102356073480.0,113112,4692.6,5,4691.8,1,nan,0,nan,0,nan,0,nan,0,nan,0,nan,0,nan,0,nan,0
1597988470581524992,1597988470500000000,2020-08-21 13:41:10.500000,4692.6,4719.6,4680.0,4691.6,nan,4699.35,72604,102357481260.0,113113,4692.4,1,4691.8,2,nan,0,nan,0,nan,0,nan,0,nan,0,nan,0,nan,0,nan,0
1597988471084727040,1597988471000000000,2020-08-21 13:41:11.000000,4692.0,4719.6,4680.0,4691.6,nan,4699.35,72605,102358888860.0,113114,4692.2,1,4692.0,1,nan,0,nan,0,nan,0,nan,0,nan,0,nan,0,nan,0,nan,0
1597988472075298048,1597988472000000000,2020-08-21 13:41:12.000000,4692.0,4719.6,4680.0,4691.6,nan,4699.35,72606,102360296460.0,113114,4692.0,2,4691.8,2,nan,0,nan,0,nan,0,nan,0,nan,0,nan,0,nan,0,nan,0
1597988472580971008,1597988472500000000,2020-08-21 13:41:12.500000,4692.0,4719.6,4680.0,4691.6,nan,4699.35,72606,102360296460.0,113114,4692.0,2,4691.8,2,nan,0,nan,0,nan,0,nan,0,nan,0,nan,0,nan,0,nan,0
1597988473074941952,1597988473000000000,2020-08-21 13:41:13.000000,4691.8,4719.6,4680.0,4691.6,nan,4699.35,72607,102361704000.0,113113,4692.0,6,4691.8,1,nan,0,nan,0,nan,0,nan,0,nan,0,nan,0,nan,0,nan,0
1597988473576368128,1597988473500000000,2020-08-21 13:41:13.500000,4691.6,4719.6,4680.0,4691.6,nan,4699.349,72610,102365926500.0,113113,4692.0,6,4691.6,14,nan,0,nan,0,nan,0,nan,0,nan,0,nan,0,nan,0,nan,0
1597988474078896896,1597988474000000000,2020-08-21 13:41:14.000000,4691.6,4719.6,4680.0,4691.6,nan,4699.349,72612,102368741460.0,113113,4692.0,8,4691.6,12,nan,0,nan,0,nan,0,nan,0,nan,0,nan,0,nan,0,nan,0
