local_nano_time,quote_nano_time,datetime,last_price,highest,lowest,open,close,average,volume,amount,open_interest,ask_price1,ask_volume1,bid_price1,bid_volume1,ask_price2,ask_volume2,bid_price2,bid_volume2,ask_price3,ask_volume3,bid_price3,bid_volume3,ask_price4,ask_volume4,bid_price4,bid_volume4,ask_price5,ask_volume5,bid_price5,bid_volume5
1597988239828111104,1597988240324000000,2020-08-21 13:37:20.324000,1241.0,1251.0,1233.0,1238.5,nan,1242.0,246,3055505.0,828,1242.5,1,1239.5,2,nan,0,nan,0,nan,0,nan,0,nan,0,nan,0,nan,0,nan,0
1597988240328930048,1597988240916000000,2020-08-21 13:37:20.916000,1241.0,1251.0,1233.0,1238.5,nan,1242.0,246,3055505.0,828,1242.5,1,1240.0,1,nan,0,nan,0,nan,0,nan,0,nan,0,nan,0,nan,0,nan,0
1597988244350254080,1597988244924000000,2020-08-21 13:37:24.924000,1241.0,1251.0,1233.0,1238.5,nan,1242.0,246,3055505.0,828,1242.5,1,1240.5,1,nan,0,nan,0,nan,0,nan,0,nan,0,nan,0,nan,0,nan,0
1597988244842285056,1597988245427000064,2020-08-21 13:37:25.427000,1241.0,1251.0,1233.0,1238.5,nan,1242.0,246,3055505.0,828,1242.0,1,1240.5,1,nan,0,nan,0,nan,0,nan,0,nan,0,nan,0,nan,0,nan,0
1597988256340858112,1597988256924999936,2020-08-21 13:37:36.925000,1241.0,1251.0,1233.0,1238.5,nan,1242.0,246,3055505.0,828,1242.0,1,1239.0,1,nan,0,nan,0,nan,0,nan,0,nan,0,nan,0,nan,0,nan,0
1597988256835560960,1597988257415000064,2020-08-21 13:37:37.415000,1241.0,1251.0,1233.0,1238.5,nan,1242.0,246,3055505.0,828,1242.0,1,1240.0,1,nan,0,nan,0,nan,0,nan,0,nan,0,nan,0,nan,0,nan,0
1597988257356073984,1597988257882999808,2020-08-21 13:37:37.883000,1241.0,1251.0,1233.0,1238.5,nan,1242.0,246,3055505.0,828,1242.0,1,1240.0,2,nan,0,nan,0,nan,0,nan,0,nan,0,nan,0,nan,0,nan,0
1597988259329662976,1597988259869999872,2020-08-21 13:37:39.870000,1241.0,1251.0,1233.0,1238.5,nan,1242.0,246,3055505.0,828,1244.5,1,1240.0,2,nan,0,nan,0,nan,0,nan,0,nan,0,nan,0,nan,0,nan,0
1597988262349906944,1597988262901999872,2020-08-21 13:37:42.902000,1241.0,1251.0,1233.0,1238.5,nan,1242.0,246,3055505.0,828,1243.5,1,1240.0,2,nan,0,nan,0,nan,0,nan,0,nan,0,nan,0,nan,0,nan,0
1597988262838423040,1597988263379000064,2020-08-21 13:37:43.379000,1241.0,1251.0,1233.0,1238.5,nan,1242.0,246,3055505.0,828,1243.0,1,1240.0,2,nan,0,nan,0,nan,0,nan,0,nan,0,nan,0,nan,0,nan,0
1597988268845950976,1597988269407000064,2020-08-21 13:37:49.407000,1241.0,1251.0,1233.0,1238.5,nan,1242.0,246,3055505.0,828,1242.5,1,1240.0,2,nan,0,nan,0,nan,0,nan,0,nan,0,nan,0,nan,0,nan,0
1597988269355630080,1597988269892999936,2020-08-21 13:37:49.893000,1241.0,1251.0,1233.0,1238.5,nan,1242.0,246,3055505.0,828,1242.0,1,1240.0,2,nan,0,nan,0,nan,0,nan,0,nan,0,nan,0,nan,0,nan,0
1597988272340022016,1597988272920000000,2020-08-21 13:37:52.920000,1241.0,1251.0,1233.0,1238.5,nan,1242.0,246,3055505.0,828,1242.0,1,1240.0,1,nan,0,nan,0,nan,0,nan,0,nan,0,nan,0,nan,0,nan,0
1597988273351678976,1597988273932000000,2020-08-21 13:37:53.932000,1241.0,1251.0,1233.0,1238.5,nan,1242.0,246,3055505.0,828,1242.0,1,1240.5,1,nan,0,nan,0,nan,0,nan,0,nan,0,nan,0,nan,0,nan,0
1597988282338245888,1597988282935000064,2020-08-21 13:38:02.935000,1241.0,1251.0,1233.0,1238.5,nan,1242.0,246,3055505.0,828,1242.0,1,1237.5,1,nan,0,nan,0,nan,0,nan,0,nan,0,nan,0,nan,0,nan,0
1597988282835427072,1597988283423000064,2020-08-21 13:38:03.423000,1241.0,1251.0,1233.0,1238.5,nan,1242.0,246,3055505.0,828,1242.0,1,1238.5,1,nan,0,nan,0,nan,0,nan,0,nan,0,nan,0,nan,0,nan,0
1597988283325534976,1597988283894000128,2020-08-21 13:38:03.894000,1242.0,1251.0,1233.0,1238.5,nan,1242.0,247,3067925.0,829,1243.5,2,1239.5,1,nan,0,nan,0,nan,0,nan,0,nan,0,nan,0,nan,0,nan,0
1597988283829192960,1597988284420999936,2020-08-21 13:38:04.421000,1242.0,1251.0,1233.0,1238.5,nan,1242.0,247,3067925.0,829,1243.5,2,1240.0,1,nan,0,nan,0,nan,0,nan,0,nan,0,nan,0,nan,0,nan,0
1597988284357537024,1597988284900000000,2020-08-21 13:38:04.900000,1242.0,1251.0,1233.0,1238.5,nan,1242.0,247,3067925.0,829,1243.5,2,1241.0,1,nan,0,nan,0,nan,0,nan,0,nan,0,nan,0,nan,0,nan,0
1597988288835959040,1597988289397000192,2020-08-21 13:38:09.397000,1242.0,1251.0,1233.0,1238.5,nan,1242.0,247,3067925.0,829,1243.5,2,1241.0,2,nan,0,nan,0,nan,0,nan,0,nan,0,nan,0,nan,0,nan,0
1597988289330072064,1597988289903000064,2020-08-21 13:38:09.903000,1242.0,1251.0,1233.0,1238.5,nan,1242.0,247,3067925.0,829,1243.5,2,1241.5,2,nan,0,nan,0,nan,0,nan,0,nan,0,nan,0,nan,0,nan,0
1597988290838020096,1597988291432000000,2020-08-21 13:38:11.432000,1242.0,1251.0,1233.0,1238.5,nan,1242.0,247,3067925.0,829,1243.0,1,1241.5,2,nan,0,nan,0,nan,0,nan,0,nan,0,nan,0,nan,0,nan,0
1597988293837390080,1597988294430000128,2020-08-21 13:38:14.430000,1242.0,1251.0,1233.0,1238.5,nan,1242.0,247,3067925.0,829,1243.0,1,1241.5,3,nan,0,nan,0,nan,0,nan,0,nan,0,nan,0,nan,0,nan,0
1597988304339222016,1597988304887000064,2020-08-21 13:38:24.887000,1242.0,1251.0,1233.0,1238.5,nan,1242.0,247,3067925.0,829,1243.0,1,1242.0,1,nan,0,nan,0,nan,0,nan,0,nan,0,nan,0,nan,0,nan,0
1597988306337168896,1597988306842000128,2020-08-21 13:38:26.842000,1242.0,1251.0,1233.0,1238.5,nan,1242.0,247,3067925.0,829,1243.5,1,1242.0,1,nan,0,nan,0,nan,0,nan,0,nan,0,nan,0,nan,0,nan,0
1597988345884643072,1597988346420999936,2020-08-21 13:39:06.421000,1242.0,1251.0,1233.0,1238.5,nan,1242.0,247,3067925.0,829,1243.0,1,1242.0,1,nan,0,nan,0,nan,0,nan,0,nan,0,nan,0,nan,0,nan,0
1597988378829001984,1597988379339000064,2020-08-21 13:39:39.339000,1242.0,1251.0,1233.0,1238.5,nan,1242.0,248,3080345.0,829,1243.0,1,1241.5,1,nan,0,nan,0,nan,0,nan,0,nan,0,nan,0,nan,0,nan,0
1597988388327688960,1597988388908999936,2020-08-21 13:39:48.909000,1242.0,1251.0,1233.0,1238.5,nan,1242.0,248,3080345.0,829,1243.0,1,1242.0,1,nan,0,nan,0,nan,0,nan,0,nan,0,nan,0,nan,0,nan,0
1597988407347879936,1597988407859000064,2020-08-21 13:40:07.859000,1242.0,1251.0,1233.0,1238.5,nan,1242.0,248,3080345.0,829,1243.0,2,1242.0,1,nan,0,nan,0,nan,0,nan,0,nan,0,nan,0,nan,0,nan,0
1597988409326075904,1597988409839000064,2020-08-21 13:40:09.839000,1242.0,1251.0,1233.0,1238.5,nan,1242.0,249,3092765.0,829,1243.0,2,1241.5,1,nan,0,nan,0,nan,0,nan,0,nan,0,nan,0,nan,0,nan,0
1597988438326969088,1597988438908000000,2020-08-21 13:40:38.908000,1242.0,1251.0,1233.0,1238.5,nan,1242.0,249,3092765.0,829,1243.0,12,1241.5,1,nan,0,nan,0,nan,0,nan,0,nan,0,nan,0,nan,0,nan,0
1597988476848496128,1597988477436000000,2020-08-21 13:41:17.436000,1241.5,1251.0,1233.0,1238.5,nan,1242.0,250,3105180.0,829,1243.0,12,1241.0,1,nan,0,nan,0,nan,0,nan,0,nan,0,nan,0,nan,0,nan,0
1597988486331756032,1597988486904000000,2020-08-21 13:41:26.904000,1241.5,1251.0,1233.0,1238.5,nan,1242.0,250,3105180.0,829,1242.5,1,1241.0,1,nan,0,nan,0,nan,0,nan,0,nan,0,nan,0,nan,0,nan,0
1597988512348512000,1597988512914000128,2020-08-21 13:41:52.914000,1241.5,1251.0,1233.0,1238.5,nan,1242.0,250,3105180.0,829,1242.0,1,1241.0,1,nan,0,nan,0,nan,0,nan,0,nan,0,nan,0,nan,0,nan,0
1597988521354450944,1597988521908000000,2020-08-21 13:42:01.908000,1241.5,1251.0,1233.0,1238.5,nan,1242.0,250,3105180.0,829,1242.0,2,1241.0,1,nan,0,nan,0,nan,0,nan,0,nan,0,nan,0,nan,0,nan,0
1597988522859958016,1597988523381999872,2020-08-21 13:42:03.382000,1241.5,1251.0,1233.0,1238.5,nan,1242.0,250,3105180.0,829,1242.0,3,1241.0,1,nan,0,nan,0,nan,0,nan,0,nan,0,nan,0,nan,0,nan,0
1597988534862604032,1597988535426000128,2020-08-21 13:42:15.426000,1241.0,1251.0,1233.0,1238.5,nan,1242.0,251,3117590.0,829,1242.0,3,1239.0,2,nan,0,nan,0,nan,0,nan,0,nan,0,nan,0,nan,0,nan,0
1597988536353821952,1597988536931000064,2020-08-21 13:42:16.931000,1241.0,1251.0,1233.0,1238.5,nan,1242.0,251,3117590.0,829,1242.0,13,1239.5,2,nan,0,nan,0,nan,0,nan,0,nan,0,nan,0,nan,0,nan,0
1597988547383492096,1597988547834000128,2020-08-21 13:42:27.834000,1241.0,1251.0,1233.0,1238.5,nan,1242.0,251,3117590.0,829,1242.0,13,1240.0,1,nan,0,nan,0,nan,0,nan,0,nan,0,nan,0,nan,0,nan,0
1597988547863802112,1597988548418999808,2020-08-21 13:42:28.419000,1241.0,1251.0,1233.0,1238.5,nan,1242.0,251,3117590.0,829,1242.0,12,1240.0,1,nan,0,nan,0,nan,0,nan,0,nan,0,nan,0,nan,0,nan,0
1597988553862807040,1597988554434000128,2020-08-21 13:42:34.434000,1241.0,1251.0,1233.0,1238.5,nan,1242.0,251,3117590.0,829,1241.5,1,1240.0,1,nan,0,nan,0,nan,0,nan,0,nan,0,nan,0,nan,0,nan,0
1597988554867868928,1597988555436000000,2020-08-21 13:42:35.436000,1240.0,1251.0,1233.0,1238.5,nan,1242.0,252,3129990.0,829,1241.5,1,1238.0,3,nan,0,nan,0,nan,0,nan,0,nan,0,nan,0,nan,0,nan,0
1597988559853511936,1597988560430000128,2020-08-21 13:42:40.430000,1240.0,1251.0,1233.0,1238.5,nan,1242.0,252,3129990.0,829,1241.0,1,1238.0,3,nan,0,nan,0,nan,0,nan,0,nan,0,nan,0,nan,0,nan,0
1597988566360809984,1597988566917999872,2020-08-21 13:42:46.918000,1240.0,1251.0,1233.0,1238.5,nan,1242.0,252,3129990.0,829,1241.0,1,1238.5,1,nan,0,nan,0,nan,0,nan,0,nan,0,nan,0,nan,0,nan,0
1597988566851737088,1597988567382999808,2020-08-21 13:42:47.383000,1240.0,1251.0,1233.0,1238.5,nan,1242.0,252,3129990.0,829,1241.0,1,1239.0,1,nan,0,nan,0,nan,0,nan,0,nan,0,nan,0,nan,0,nan,0
1597988600330856960,1597988600936999936,2020-08-21 13:43:20.937000,1240.0,1251.0,1233.0,1238.5,nan,1242.0,252,3129990.0,829,1240.0,1,1239.0,1,nan,0,nan,0,nan,0,nan,0,nan,0,nan,0,nan,0,nan,0
1597988661832435968,1597988662428999936,2020-08-21 13:44:22.429000,1240.0,1251.0,1233.0,1238.5,nan,1242.0,252,3129990.0,829,1240.0,1,1239.0,2,nan,0,nan,0,nan,0,nan,0,nan,0,nan,0,nan,0,nan,0
1597988675835578880,1597988676407000064,2020-08-21 13:44:36.407000,1240.0,1251.0,1233.0,1238.5,nan,1242.0,252,3129990.0,829,1240.0,1,1239.0,1,nan,0,nan,0,nan,0,nan,0,nan,0,nan,0,nan,0,nan,0
1597988797352670976,1597988797854000128,2020-08-21 13:46:37.854000,1240.0,1251.0,1233.0,1238.5,nan,1242.0,252,3129990.0,829,1240.0,2,1239.0,1,nan,0,nan,0,nan,0,nan,0,nan,0,nan,0,nan,0,nan,0
1597988802820003072,1597988803423000064,2020-08-21 13:46:43.423000,1239.0,1251.0,1233.0,1238.5,nan,1242.0,253,3142380.0,828,1240.0,2,1238.0,4,nan,0,nan,0,nan,0,nan,0,nan,0,nan,0,nan,0,nan,0
1597988822820459008,1597988823395000064,2020-08-21 13:47:03.395000,1239.0,1251.0,1233.0,1238.5,nan,1242.0,253,3142380.0,828,1239.5,1,1238.0,4,nan,0,nan,0,nan,0,nan,0,nan,0,nan,0,nan,0,nan,0
1597988828346505984,1597988828927000064,2020-08-21 13:47:08.927000,1238.0,1251.0,1233.0,1238.5,nan,1241.5,257,3191900.0,828,1239.5,1,1237.5,2,nan,0,nan,0,nan,0,nan,0,nan,0,nan,0,nan,0,nan,0
1597988847325861888,1597988847836000000,2020-08-21 13:47:27.836000,1238.0,1251.0,1233.0,1238.5,nan,1241.5,257,3191900.0,828,1239.0,1,1237.5,2,nan,0,nan,0,nan,0,nan,0,nan,0,nan,0,nan,0,nan,0
1597988860827048960,1597988861426000128,2020-08-21 13:47:41.426000,1238.0,1251.0,1233.0,1238.5,nan,1241.5,257,3191900.0,828,1239.0,1,1238.0,1,nan,0,nan,0,nan,0,nan,0,nan,0,nan,0,nan,0,nan,0
1597988894329732096,1597988894867000064,2020-08-21 13:48:14.867000,1238.0,1251.0,1233.0,1238.5,nan,1241.5,257,3191900.0,828,1239.0,1,1237.5,2,nan,0,nan,0,nan,0,nan,0,nan,0,nan,0,nan,0,nan,0
1597988907822586880,1597988908358000128,2020-08-21 13:48:28.358000,1238.0,1251.0,1233.0,1238.5,nan,1241.5,257,3191900.0,828,1239.0,1,1237.5,3,nan,0,nan,0,nan,0,nan,0,nan,0,nan,0,nan,0,nan,0
1597988923331267072,1597988923928999936,2020-08-21 13:48:43.929000,1238.0,1251.0,1233.0,1238.5,nan,1241.5,257,3191900.0,828,1238.5,1,1237.5,3,nan,0,nan,0,nan,0,nan,0,nan,0,nan,0,nan,0,nan,0
1597988929349602048,1597988929924000000,2020-08-21 13:48:49.924000,1238.0,1251.0,1233.0,1238.5,nan,1241.5,257,3191900.0,828,1238.5,2,1237.5,3,nan,0,nan,0,nan,0,nan,0,nan,0,nan,0,nan,0,nan,0
1597988930324995072,1597988930921999872,2020-08-21 13:48:50.922000,1238.0,1251.0,1233.0,1238.5,nan,1241.5,257,3191900.0,828,1238.5,2,1238.0,1,nan,0,nan,0,nan,0,nan,0,nan,0,nan,0,nan,0,nan,0
1597988933861762048,1597988934428999936,2020-08-21 13:48:54.429000,1238.0,1251.0,1233.0,1238.5,nan,1241.5,258,3204280.0,828,1238.5,2,1237.5,3,nan,0,nan,0,nan,0,nan,0,nan,0,nan,0,nan,0,nan,0
1597988944824344064,1597988945415000064,2020-08-21 13:49:05.415000,1238.0,1251.0,1233.0,1238.5,nan,1241.5,258,3204280.0,828,1238.5,2,1238.0,1,nan,0,nan,0,nan,0,nan,0,nan,0,nan,0,nan,0,nan,0
1597988971363034112,1597988971872000000,2020-08-21 13:49:31.872000,1238.0,1251.0,1233.0,1238.5,nan,1241.5,259,3216660.0,828,1238.0,3,1237.5,3,nan,0,nan,0,nan,0,nan,0,nan,0,nan,0,nan,0,nan,0
1597989027321345024,1597989027905999872,2020-08-21 13:50:27.906000,1238.5,1251.0,1233.0,1238.5,nan,1241.5,264,3278570.0,830,1239.0,1,1237.5,3,nan,0,nan,0,nan,0,nan,0,nan,0,nan,0,nan,0,nan,0
1597989060821747968,1597989061404999936,2020-08-21 13:51:01.405000,1238.5,1251.0,1233.0,1238.5,nan,1241.5,264,3278570.0,830,1239.0,1,1238.5,5,nan,0,nan,0,nan,0,nan,0,nan,0,nan,0,nan,0,nan,0
1597989065820434944,1597989066381999872,2020-08-21 13:51:06.382000,1239.0,1251.0,1233.0,1238.5,nan,1241.5,265,3290960.0,831,1239.5,1,1238.5,5,nan,0,nan,0,nan,0,nan,0,nan,0,nan,0,nan,0,nan,0
1597989087327951104,1597989087848999936,2020-08-21 13:51:27.849000,1239.0,1251.0,1233.0,1238.5,nan,1241.5,265,3290960.0,831,1240.0,11,1238.5,5,nan,0,nan,0,nan,0,nan,0,nan,0,nan,0,nan,0,nan,0
1597989087822255104,1597989088404999936,2020-08-21 13:51:28.405000,1239.0,1251.0,1233.0,1238.5,nan,1241.5,265,3290960.0,831,1240.0,11,1239.0,1,nan,0,nan,0,nan,0,nan,0,nan,0,nan,0,nan,0,nan,0
1597989097820642048,1597989098349999872,2020-08-21 13:51:38.350000,1239.0,1251.0,1233.0,1238.5,nan,1241.5,266,3303350.0,831,1239.5,1,1237.5,1,nan,0,nan,0,nan,0,nan,0,nan,0,nan,0,nan,0,nan,0
1597989109358372096,1597989109904999936,2020-08-21 13:51:49.905000,1239.0,1251.0,1233.0,1238.5,nan,1241.5,266,3303350.0,831,1239.5,1,1238.0,1,nan,0,nan,0,nan,0,nan,0,nan,0,nan,0,nan,0,nan,0
1597989114321637888,1597989114926000128,2020-08-21 13:51:54.926000,1239.0,1251.0,1233.0,1238.5,nan,1241.5,266,3303350.0,831,1239.5,1,1238.0,2,nan,0,nan,0,nan,0,nan,0,nan,0,nan,0,nan,0,nan,0
1597989121820132096,1597989122435000064,2020-08-21 13:52:02.435000,1239.0,1251.0,1233.0,1238.5,nan,1241.5,266,3303350.0,831,1239.0,1,1238.0,2,nan,0,nan,0,nan,0,nan,0,nan,0,nan,0,nan,0,nan,0
1597989126323514112,1597989126851000064,2020-08-21 13:52:06.851000,1239.0,1251.0,1233.0,1238.5,nan,1241.5,266,3303350.0,831,1239.0,1,1238.0,1,nan,0,nan,0,nan,0,nan,0,nan,0,nan,0,nan,0,nan,0
1597989135819990016,1597989136407000064,2020-08-21 13:52:16.407000,1239.0,1251.0,1233.0,1238.5,nan,1241.5,266,3303350.0,831,1239.5,1,1238.0,1,nan,0,nan,0,nan,0,nan,0,nan,0,nan,0,nan,0,nan,0
1597989153330264064,1597989153936999936,2020-08-21 13:52:33.937000,1239.0,1251.0,1233.0,1238.5,nan,1241.5,266,3303350.0,831,1238.5,1,1238.0,1,nan,0,nan,0,nan,0,nan,0,nan,0,nan,0,nan,0,nan,0
1597989160826863104,1597989161421999872,2020-08-21 13:52:41.422000,1239.0,1251.0,1233.0,1238.5,nan,1241.5,266,3303350.0,831,1239.5,1,1238.0,1,nan,0,nan,0,nan,0,nan,0,nan,0,nan,0,nan,0,nan,0
1597989173821708032,1597989174420999936,2020-08-21 13:52:54.421000,1239.0,1251.0,1233.0,1238.5,nan,1241.5,266,3303350.0,831,1238.5,1,1238.0,1,nan,0,nan,0,nan,0,nan,0,nan,0,nan,0,nan,0,nan,0
1597989176831579904,1597989177420000000,2020-08-21 13:52:57.420000,1239.0,1251.0,1233.0,1238.5,nan,1241.5,266,3303350.0,831,1239.5,1,1238.0,1,nan,0,nan,0,nan,0,nan,0,nan,0,nan,0,nan,0,nan,0
1597989197334358016,1597989197936999936,2020-08-21 13:53:17.937000,1239.0,1251.0,1233.0,1238.5,nan,1241.5,266,3303350.0,831,1238.5,1,1238.0,1,nan,0,nan,0,nan,0,nan,0,nan,0,nan,0,nan,0,nan,0
1597989217341359104,1597989217862999808,2020-08-21 13:53:37.863000,1239.0,1251.0,1233.0,1238.5,nan,1241.5,266,3303350.0,831,1239.5,1,1238.0,1,nan,0,nan,0,nan,0,nan,0,nan,0,nan,0,nan,0,nan,0
1597989250335866112,1597989250860999936,2020-08-21 13:54:10.861000,1239.5,1251.0,1233.0,1238.5,nan,1241.5,267,3315745.0,831,1240.0,11,1238.0,1,nan,0,nan,0,nan,0,nan,0,nan,0,nan,0,nan,0,nan,0
1597989252836980992,1597989253391000064,2020-08-21 13:54:13.391000,1240.0,1251.0,1233.0,1238.5,nan,1241.5,268,3328145.0,832,1240.0,10,1238.0,1,nan,0,nan,0,nan,0,nan,0,nan,0,nan,0,nan,0,nan,0
1597989255320022016,1597989255898000128,2020-08-21 13:54:15.898000,1240.0,1251.0,1233.0,1238.5,nan,1241.5,268,3328145.0,832,1239.5,1,1238.0,1,nan,0,nan,0,nan,0,nan,0,nan,0,nan,0,nan,0,nan,0
1597989257319885056,1597989257938999808,2020-08-21 13:54:17.939000,1239.5,1251.0,1233.0,1238.5,nan,1241.5,269,3340540.0,833,1240.0,10,1238.0,1,nan,0,nan,0,nan,0,nan,0,nan,0,nan,0,nan,0,nan,0
1597989259821198080,1597989260412000000,2020-08-21 13:54:20.412000,1239.5,1251.0,1233.0,1238.5,nan,1241.5,269,3340540.0,833,1239.5,1,1238.0,1,nan,0,nan,0,nan,0,nan,0,nan,0,nan,0,nan,0,nan,0
1597989263329106944,1597989263935000064,2020-08-21 13:54:23.935000,1239.5,1251.0,1233.0,1238.5,nan,1241.5,269,3340540.0,833,1239.5,1,1238.5,1,nan,0,nan,0,nan,0,nan,0,nan,0,nan,0,nan,0,nan,0
1597989267329300992,1597989267936000000,2020-08-21 13:54:27.936000,1239.5,1251.0,1233.0,1238.5,nan,1241.5,269,3340540.0,833,1239.5,1,1238.0,1,nan,0,nan,0,nan,0,nan,0,nan,0,nan,0,nan,0,nan,0
1597989271909168896,1597989272434000128,2020-08-21 13:54:32.434000,1239.5,1251.0,1233.0,1238.5,nan,1241.5,269,3340540.0,833,1239.5,1,1238.0,2,nan,0,nan,0,nan,0,nan,0,nan,0,nan,0,nan,0,nan,0
1597989291830714112,1597989292435000064,2020-08-21 13:54:52.435000,1239.5,1251.0,1233.0,1238.5,nan,1241.5,269,3340540.0,833,1240.0,10,1238.0,2,nan,0,nan,0,nan,0,nan,0,nan,0,nan,0,nan,0,nan,0
1597989335823070976,1597989336216999936,2020-08-21 13:55:36.217000,1238.0,1251.0,1233.0,1238.5,nan,1241.5,271,3365300.0,831,1238.0,1,1236.5,1,nan,0,nan,0,nan,0,nan,0,nan,0,nan,0,nan,0,nan,0
1597989342854286080,1597989343420999936,2020-08-21 13:55:43.421000,1236.5,1251.0,1233.0,1238.5,nan,1241.5,272,3377665.0,831,1238.0,1,1236.0,1,nan,0,nan,0,nan,0,nan,0,nan,0,nan,0,nan,0,nan,0
1597989352351361024,1597989352901999872,2020-08-21 13:55:52.902000,1236.5,1251.0,1233.0,1238.5,nan,1241.5,272,3377665.0,831,1238.0,1,1236.0,2,nan,0,nan,0,nan,0,nan,0,nan,0,nan,0,nan,0,nan,0
1597989356830113024,1597989357438999808,2020-08-21 13:55:57.439000,1236.5,1251.0,1233.0,1238.5,nan,1241.5,272,3377665.0,831,1238.0,1,1236.5,1,nan,0,nan,0,nan,0,nan,0,nan,0,nan,0,nan,0,nan,0
1597989383326075904,1597989383836999936,2020-08-21 13:56:23.837000,1236.5,1251.0,1233.0,1238.5,nan,1241.5,272,3377665.0,831,1237.5,1,1236.5,1,nan,0,nan,0,nan,0,nan,0,nan,0,nan,0,nan,0,nan,0
1597989389316284928,1597989389926000128,2020-08-21 13:56:29.926000,1236.5,1251.0,1233.0,1238.5,nan,1241.5,272,3377665.0,831,1237.5,3,1236.5,1,nan,0,nan,0,nan,0,nan,0,nan,0,nan,0,nan,0,nan,0
1597989395822873088,1597989396413000192,2020-08-21 13:56:36.413000,1236.5,1251.0,1233.0,1238.5,nan,1241.5,272,3377665.0,831,1237.5,1,1236.5,1,nan,0,nan,0,nan,0,nan,0,nan,0,nan,0,nan,0,nan,0
1597989409348941056,1597989409898000128,2020-08-21 13:56:49.898000,1236.5,1251.0,1233.0,1238.5,nan,1241.5,272,3377665.0,831,1237.5,1,1236.0,2,nan,0,nan,0,nan,0,nan,0,nan,0,nan,0,nan,0,nan,0
1597989414324687872,1597989414917999872,2020-08-21 13:56:54.918000,1236.0,1251.0,1233.0,1238.5,nan,1241.5,273,3390025.0,831,1237.5,1,1236.0,1,nan,0,nan,0,nan,0,nan,0,nan,0,nan,0,nan,0,nan,0
1597989419824676096,1597989420435000064,2020-08-21 13:57:00.435000,1236.0,1251.0,1233.0,1238.5,nan,1241.5,273,3390025.0,831,1237.5,3,1236.0,1,nan,0,nan,0,nan,0,nan,0,nan,0,nan,0,nan,0,nan,0
1597989421341726976,1597989421927000064,2020-08-21 13:57:01.927000,1236.0,1251.0,1233.0,1238.5,nan,1241.5,273,3390025.0,831,1237.5,1,1236.0,1,nan,0,nan,0,nan,0,nan,0,nan,0,nan,0,nan,0,nan,0
1597989428312802048,1597989428888000000,2020-08-21 13:57:08.888000,1236.0,1251.0,1233.0,1238.5,nan,1241.5,273,3390025.0,831,1237.5,1,1236.5,1,nan,0,nan,0,nan,0,nan,0,nan,0,nan,0,nan,0,nan,0
1597989434325232128,1597989434894000128,2020-08-21 13:57:14.894000,1236.5,1251.0,1233.0,1238.5,nan,1241.5,274,3402390.0,832,1237.5,1,1236.0,1,nan,0,nan,0,nan,0,nan,0,nan,0,nan,0,nan,0,nan,0
1597989436816891904,1597989437384999936,2020-08-21 13:57:17.385000,1236.0,1251.0,1233.0,1238.5,nan,1241.5,275,3414750.0,833,1237.5,1,1235.0,1,nan,0,nan,0,nan,0,nan,0,nan,0,nan,0,nan,0,nan,0
1597989439346262016,1597989439932000000,2020-08-21 13:57:19.932000,1235.0,1251.0,1233.0,1238.5,nan,1241.5,276,3427100.0,833,1237.5,1,1234.5,1,nan,0,nan,0,nan,0,nan,0,nan,0,nan,0,nan,0,nan,0
1597989441825851904,1597989442416999936,2020-08-21 13:57:22.417000,1234.5,1251.0,1233.0,1238.5,nan,1241.5,277,3439445.0,834,1237.0,2,1233.5,1,nan,0,nan,0,nan,0,nan,0,nan,0,nan,0,nan,0,nan,0
1597989442347909120,1597989442831000064,2020-08-21 13:57:22.831000,1233.5,1251.0,1233.0,1238.5,nan,1241.5,278,3451780.0,834,1237.0,2,1233.0,1,nan,0,nan,0,nan,0,nan,0,nan,0,nan,0,nan,0,nan,0
1597989444326311936,1597989444864999936,2020-08-21 13:57:24.865000,1233.0,1251.0,1233.0,1238.5,nan,1241.5,279,3464110.0,835,1237.0,2,1228.0,1,nan,0,nan,0,nan,0,nan,0,nan,0,nan,0,nan,0,nan,0
1597989444825414912,1597989445416000000,2020-08-21 13:57:25.416000,1228.0,1251.0,1228.0,1238.5,nan,1241.5,281,3488670.0,834,1237.0,2,1228.0,1,nan,0,nan,0,nan,0,nan,0,nan,0,nan,0,nan,0,nan,0
1597989445328869888,1597989445931000064,2020-08-21 13:57:25.931000,1202.0,1251.0,1202.0,1238.5,nan,1238.5,322,3989045.0,837,1237.5,2,1202.0,2,nan,0,nan,0,nan,0,nan,0,nan,0,nan,0,nan,0,nan,0
1597989445824535040,1597989446433000192,2020-08-21 13:57:26.433000,1202.0,1251.0,1201.0,1238.5,nan,1236.0,348,4301550.0,829,1220.0,2,1205.0,37,nan,0,nan,0,nan,0,nan,0,nan,0,nan,0,nan,0,nan,0
1597989446318129920,1597989446928999936,2020-08-21 13:57:26.929000,1220.0,1251.0,1201.0,1238.5,nan,1236.0,349,4313750.0,829,1220.0,1,1205.0,37,nan,0,nan,0,nan,0,nan,0,nan,0,nan,0,nan,0,nan,0
1597989448333411072,1597989448933000192,2020-08-21 13:57:28.933000,1220.0,1251.0,1201.0,1238.5,nan,1236.0,349,4313750.0,829,1220.0,1,1205.0,38,nan,0,nan,0,nan,0,nan,0,nan,0,nan,0,nan,0,nan,0
1597989449815683072,1597989450417999872,2020-08-21 13:57:30.418000,1220.0,1251.0,1201.0,1238.5,nan,1236.0,349,4313750.0,829,1220.0,1,1205.5,2,nan,0,nan,0,nan,0,nan,0,nan,0,nan,0,nan,0,nan,0
1597989450824695040,1597989451416999936,2020-08-21 13:57:31.417000,1220.0,1251.0,1201.0,1238.5,nan,1236.0,349,4313750.0,829,1220.0,1,1206.0,1,nan,0,nan,0,nan,0,nan,0,nan,0,nan,0,nan,0,nan,0
1597989451821538048,1597989452428000000,2020-08-21 13:57:32.428000,1220.0,1251.0,1201.0,1238.5,nan,1236.0,349,4313750.0,829,1220.0,1,1206.0,2,nan,0,nan,0,nan,0,nan,0,nan,0,nan,0,nan,0,nan,0
1597989452321681920,1597989452913000192,2020-08-21 13:57:32.913000,1220.0,1251.0,1201.0,1238.5,nan,1236.0,349,4313750.0,829,1220.0,1,1206.5,2,nan,0,nan,0,nan,0,nan,0,nan,0,nan,0,nan,0,nan,0
1597989453318681088,1597989453930000128,2020-08-21 13:57:33.930000,1220.0,1251.0,1201.0,1238.5,nan,1235.5,350,4325950.0,830,1237.5,2,1206.5,2,nan,0,nan,0,nan,0,nan,0,nan,0,nan,0,nan,0,nan,0
1597989455333303040,1597989455879000064,2020-08-21 13:57:35.879000,1220.0,1251.0,1201.0,1238.5,nan,1235.5,350,4325950.0,830,1218.0,1,1206.5,2,nan,0,nan,0,nan,0,nan,0,nan,0,nan,0,nan,0,nan,0
1597989455825646080,1597989456432000000,2020-08-21 13:57:36.432000,1220.0,1251.0,1201.0,1238.5,nan,1235.5,350,4325950.0,830,1218.0,1,1206.5,3,nan,0,nan,0,nan,0,nan,0,nan,0,nan,0,nan,0,nan,0
1597989457818149120,1597989458376000000,2020-08-21 13:57:38.376000,1220.0,1251.0,1201.0,1238.5,nan,1235.5,350,4325950.0,830,1214.5,4,1206.5,3,nan,0,nan,0,nan,0,nan,0,nan,0,nan,0,nan,0,nan,0
1597989458827414016,1597989459420000000,2020-08-21 13:57:39.420000,1220.0,1251.0,1201.0,1238.5,nan,1235.5,350,4325950.0,830,1214.5,4,1207.0,1,nan,0,nan,0,nan,0,nan,0,nan,0,nan,0,nan,0,nan,0
1597989460329220096,1597989460885999872,2020-08-21 13:57:40.886000,1220.0,1251.0,1201.0,1238.5,nan,1235.5,350,4325950.0,830,1214.5,4,1207.0,2,nan,0,nan,0,nan,0,nan,0,nan,0,nan,0,nan,0,nan,0
1597989461826609920,1597989462415000064,2020-08-21 13:57:42.415000,1220.0,1251.0,1201.0,1238.5,nan,1235.5,350,4325950.0,830,1214.5,4,1208.0,1,nan,0,nan,0,nan,0,nan,0,nan,0,nan,0,nan,0,nan,0
1597989463825140992,1597989464424000000,2020-08-21 13:57:44.424000,1220.0,1251.0,1201.0,1238.5,nan,1235.5,350,4325950.0,830,1214.5,4,1208.0,4,nan,0,nan,0,nan,0,nan,0,nan,0,nan,0,nan,0,nan,0
1597989465825904896,1597989466436999936,2020-08-21 13:57:46.437000,1220.0,1251.0,1201.0,1238.5,nan,1235.5,350,4325950.0,830,1214.5,4,1208.5,1,nan,0,nan,0,nan,0,nan,0,nan,0,nan,0,nan,0,nan,0
1597989466826724096,1597989467436000000,2020-08-21 13:57:47.436000,1220.0,1251.0,1201.0,1238.5,nan,1235.5,350,4325950.0,830,1213.0,1,1208.5,1,nan,0,nan,0,nan,0,nan,0,nan,0,nan,0,nan,0,nan,0
1597989467323499008,1597989467901999872,2020-08-21 13:57:47.902000,1220.0,1251.0,1201.0,1238.5,nan,1235.5,350,4325950.0,830,1212.0,1,1208.5,1,nan,0,nan,0,nan,0,nan,0,nan,0,nan,0,nan,0,nan,0
1597989468317079040,1597989468912000000,2020-08-21 13:57:48.912000,1220.0,1251.0,1201.0,1238.5,nan,1235.5,350,4325950.0,830,1212.0,1,1209.0,1,nan,0,nan,0,nan,0,nan,0,nan,0,nan,0,nan,0,nan,0
1597989468826001920,1597989469436999936,2020-08-21 13:57:49.437000,1220.0,1251.0,1201.0,1238.5,nan,1235.5,350,4325950.0,830,1212.0,1,1210.5,3,nan,0,nan,0,nan,0,nan,0,nan,0,nan,0,nan,0,nan,0
1597989469819119104,1597989470428999936,2020-08-21 13:57:50.429000,1210.5,1251.0,1201.0,1238.5,nan,1235.5,353,4362265.0,830,1210.5,6,1209.0,1,nan,0,nan,0,nan,0,nan,0,nan,0,nan,0,nan,0,nan,0
1597989470324996096,1597989470918999808,2020-08-21 13:57:50.919000,1210.5,1251.0,1201.0,1238.5,nan,1235.5,353,4362265.0,830,1210.5,6,1209.5,1,nan,0,nan,0,nan,0,nan,0,nan,0,nan,0,nan,0,nan,0
1597989470815098112,1597989471396000000,2020-08-21 13:57:51.396000,1210.5,1251.0,1201.0,1238.5,nan,1235.5,354,4374370.0,830,1210.5,5,1209.5,1,nan,0,nan,0,nan,0,nan,0,nan,0,nan,0,nan,0,nan,0
1597989473312656896,1597989473930000128,2020-08-21 13:57:53.930000,1210.5,1251.0,1201.0,1238.5,nan,1235.5,356,4398580.0,830,1210.5,3,1210.0,2,nan,0,nan,0,nan,0,nan,0,nan,0,nan,0,nan,0,nan,0
1597989473822605056,1597989474436000000,2020-08-21 13:57:54.436000,1210.5,1251.0,1201.0,1238.5,nan,1235.0,358,4422790.0,829,1210.5,1,1210.0,2,nan,0,nan,0,nan,0,nan,0,nan,0,nan,0,nan,0,nan,0
1597989474325355008,1597989474904999936,2020-08-21 13:57:54.905000,1210.0,1251.0,1201.0,1238.5,nan,1235.0,361,4459095.0,831,1213.0,1,1212.0,2,nan,0,nan,0,nan,0,nan,0,nan,0,nan,0,nan,0,nan,0
1597989474849336064,1597989475416000000,2020-08-21 13:57:55.416000,1213.0,1251.0,1201.0,1238.5,nan,1235.0,362,4471225.0,831,1214.5,4,1213.0,4,nan,0,nan,0,nan,0,nan,0,nan,0,nan,0,nan,0,nan,0
1597989477319148032,1597989477916000000,2020-08-21 13:57:57.916000,1214.5,1251.0,1201.0,1238.5,nan,1235.0,363,4483370.0,831,1214.5,3,1213.0,4,nan,0,nan,0,nan,0,nan,0,nan,0,nan,0,nan,0,nan,0
1597989477816307968,1597989478326999808,2020-08-21 13:57:58.327000,1213.0,1251.0,1201.0,1238.5,nan,1234.5,366,4519760.0,831,1214.5,3,1213.0,1,nan,0,nan,0,nan,0,nan,0,nan,0,nan,0,nan,0,nan,0
1597989479357604096,1597989479924000000,2020-08-21 13:57:59.924000,1214.5,1251.0,1201.0,1238.5,nan,1234.5,367,4531905.0,831,1214.5,2,1213.0,1,nan,0,nan,0,nan,0,nan,0,nan,0,nan,0,nan,0,nan,0
1597989480325125120,1597989480930000128,2020-08-21 13:58:00.930000,1214.5,1251.0,1201.0,1238.5,nan,1234.5,368,4544050.0,831,1214.5,1,1213.0,2,nan,0,nan,0,nan,0,nan,0,nan,0,nan,0,nan,0,nan,0
1597989483327133952,1597989483932000000,2020-08-21 13:58:03.932000,1213.0,1251.0,1201.0,1238.5,nan,1234.5,369,4556180.0,831,1214.5,1,1213.0,1,nan,0,nan,0,nan,0,nan,0,nan,0,nan,0,nan,0,nan,0
1597989484343753984,1597989484916999936,2020-08-21 13:58:04.917000,1214.5,1251.0,1201.0,1238.5,nan,1234.5,370,4568325.0,831,1215.0,1,1213.0,1,nan,0,nan,0,nan,0,nan,0,nan,0,nan,0,nan,0,nan,0
1597989484824549888,1597989485431000064,2020-08-21 13:58:05.431000,1213.0,1251.0,1201.0,1238.5,nan,1234.5,371,4580455.0,831,1214.5,1,1212.0,2,nan,0,nan,0,nan,0,nan,0,nan,0,nan,0,nan,0,nan,0
1597989485324548096,1597989485905999872,2020-08-21 13:58:05.906000,1214.5,1251.0,1201.0,1238.5,nan,1234.5,372,4592600.0,830,1215.0,1,1213.0,1,nan,0,nan,0,nan,0,nan,0,nan,0,nan,0,nan,0,nan,0
1597989485823644928,1597989486433000192,2020-08-21 13:58:06.433000,1214.5,1251.0,1201.0,1238.5,nan,1234.5,372,4592600.0,830,1215.0,1,1213.5,1,nan,0,nan,0,nan,0,nan,0,nan,0,nan,0,nan,0,nan,0
1597989486319634944,1597989486928999936,2020-08-21 13:58:06.929000,1215.0,1251.0,1201.0,1238.5,nan,1234.5,373,4604750.0,829,1216.0,1,1213.5,1,nan,0,nan,0,nan,0,nan,0,nan,0,nan,0,nan,0,nan,0
1597989488054744064,1597989488416000000,2020-08-21 13:58:08.416000,1215.0,1251.0,1201.0,1238.5,nan,1234.5,373,4604750.0,829,1230.0,2,1215.0,1,nan,0,nan,0,nan,0,nan,0,nan,0,nan,0,nan,0,nan,0
1597989490827911936,1597989491433000192,2020-08-21 13:58:11.433000,1215.0,1251.0,1201.0,1238.5,nan,1234.5,373,4604750.0,829,1229.5,1,1215.0,1,nan,0,nan,0,nan,0,nan,0,nan,0,nan,0,nan,0,nan,0
1597989491826112000,1597989492433000192,2020-08-21 13:58:12.433000,1215.0,1251.0,1201.0,1238.5,nan,1234.5,373,4604750.0,829,1229.5,4,1215.5,1,nan,0,nan,0,nan,0,nan,0,nan,0,nan,0,nan,0,nan,0
1597989492332474880,1597989492936999936,2020-08-21 13:58:12.937000,1215.0,1251.0,1201.0,1238.5,nan,1234.5,373,4604750.0,829,1225.0,1,1215.5,1,nan,0,nan,0,nan,0,nan,0,nan,0,nan,0,nan,0,nan,0
1597989492826510080,1597989493394000128,2020-08-21 13:58:13.394000,1215.0,1251.0,1201.0,1238.5,nan,1234.5,373,4604750.0,829,1225.0,2,1215.5,1,nan,0,nan,0,nan,0,nan,0,nan,0,nan,0,nan,0,nan,0
1597989493351993088,1597989493935000064,2020-08-21 13:58:13.935000,1215.0,1251.0,1201.0,1238.5,nan,1234.5,373,4604750.0,829,1224.5,1,1215.5,1,nan,0,nan,0,nan,0,nan,0,nan,0,nan,0,nan,0,nan,0
1597989498831098880,1597989499436000000,2020-08-21 13:58:19.436000,1224.5,1251.0,1201.0,1238.5,nan,1234.0,374,4616995.0,830,1225.0,1,1215.5,1,nan,0,nan,0,nan,0,nan,0,nan,0,nan,0,nan,0,nan,0
1597989501324076032,1597989501896000000,2020-08-21 13:58:21.896000,1224.5,1251.0,1201.0,1238.5,nan,1234.0,374,4616995.0,830,1225.0,1,1216.0,1,nan,0,nan,0,nan,0,nan,0,nan,0,nan,0,nan,0,nan,0
1597989502344807936,1597989502910000128,2020-08-21 13:58:22.910000,1216.0,1251.0,1201.0,1238.5,nan,1234.0,375,4629155.0,830,1222.0,1,1215.5,1,nan,0,nan,0,nan,0,nan,0,nan,0,nan,0,nan,0,nan,0
1597989502826472960,1597989503405999872,2020-08-21 13:58:23.406000,1216.0,1251.0,1201.0,1238.5,nan,1234.0,375,4629155.0,830,1222.0,1,1216.0,1,nan,0,nan,0,nan,0,nan,0,nan,0,nan,0,nan,0,nan,0
1597989506316233984,1597989506839000064,2020-08-21 13:58:26.839000,1222.0,1251.0,1201.0,1238.5,nan,1234.0,376,4641375.0,830,1224.5,2,1222.0,1,nan,0,nan,0,nan,0,nan,0,nan,0,nan,0,nan,0,nan,0
1597989507325327872,1597989507912000000,2020-08-21 13:58:27.912000,1224.5,1251.0,1201.0,1238.5,nan,1234.0,378,4665865.0,830,1224.5,2,1222.0,1,nan,0,nan,0,nan,0,nan,0,nan,0,nan,0,nan,0,nan,0
1597989508329910016,1597989508905999872,2020-08-21 13:58:28.906000,1224.5,1251.0,1201.0,1238.5,nan,1234.0,380,4690355.0,830,1225.0,1,1222.0,1,nan,0,nan,0,nan,0,nan,0,nan,0,nan,0,nan,0,nan,0
1597989508817686016,1597989509436000000,2020-08-21 13:58:29.436000,1224.5,1251.0,1201.0,1238.5,nan,1234.0,380,4690355.0,830,1224.0,1,1222.0,1,nan,0,nan,0,nan,0,nan,0,nan,0,nan,0,nan,0,nan,0
1597989510332280064,1597989510916000000,2020-08-21 13:58:30.916000,1224.5,1251.0,1201.0,1238.5,nan,1234.0,381,4702600.0,831,1224.0,1,1222.0,1,nan,0,nan,0,nan,0,nan,0,nan,0,nan,0,nan,0,nan,0
1597989510824090880,1597989511418999808,2020-08-21 13:58:31.419000,1224.5,1251.0,1201.0,1238.5,nan,1234.0,381,4702600.0,831,1223.5,1,1222.0,1,nan,0,nan,0,nan,0,nan,0,nan,0,nan,0,nan,0,nan,0
1597989511334141952,1597989511932000000,2020-08-21 13:58:31.932000,1224.5,1251.0,1201.0,1238.5,nan,1234.0,381,4702600.0,831,1223.5,1,1222.0,2,nan,0,nan,0,nan,0,nan,0,nan,0,nan,0,nan,0,nan,0
1597989519828605952,1597989520421999872,2020-08-21 13:58:40.422000,1222.0,1251.0,1201.0,1238.5,nan,1234.0,382,4714820.0,831,1223.0,1,1222.0,1,nan,0,nan,0,nan,0,nan,0,nan,0,nan,0,nan,0,nan,0
1597989520336026880,1597989520905999872,2020-08-21 13:58:40.906000,1222.0,1251.0,1201.0,1238.5,nan,1234.0,383,4727040.0,831,1223.0,1,1216.0,1,nan,0,nan,0,nan,0,nan,0,nan,0,nan,0,nan,0,nan,0
1597989522833363968,1597989523440000000,2020-08-21 13:58:43.440000,1222.0,1251.0,1201.0,1238.5,nan,1234.0,383,4727040.0,831,1222.0,1,1216.0,1,nan,0,nan,0,nan,0,nan,0,nan,0,nan,0,nan,0,nan,0
1597989527320436992,1597989527896000000,2020-08-21 13:58:47.896000,1222.0,1251.0,1201.0,1238.5,nan,1234.0,384,4739260.0,832,1223.0,1,1222.0,9,nan,0,nan,0,nan,0,nan,0,nan,0,nan,0,nan,0,nan,0
1597989529348274944,1597989529932000000,2020-08-21 13:58:49.932000,1222.0,1251.0,1201.0,1238.5,nan,1234.0,384,4739260.0,832,1224.0,1,1223.0,1,nan,0,nan,0,nan,0,nan,0,nan,0,nan,0,nan,0,nan,0
1597989530825925888,1597989531433000192,2020-08-21 13:58:51.433000,1222.0,1251.0,1201.0,1238.5,nan,1234.0,384,4739260.0,832,1224.0,1,1223.0,2,nan,0,nan,0,nan,0,nan,0,nan,0,nan,0,nan,0,nan,0
1597989532357526016,1597989532926000128,2020-08-21 13:58:52.926000,1224.0,1251.0,1201.0,1238.5,nan,1234.0,385,4751500.0,832,1227.5,2,1223.0,2,nan,0,nan,0,nan,0,nan,0,nan,0,nan,0,nan,0,nan,0
1597989533324439040,1597989533937999872,2020-08-21 13:58:53.938000,1224.0,1251.0,1201.0,1238.5,nan,1234.0,385,4751500.0,832,1227.5,2,1223.5,1,nan,0,nan,0,nan,0,nan,0,nan,0,nan,0,nan,0,nan,0
1597989536345422080,1597989536908999936,2020-08-21 13:58:56.909000,1224.0,1251.0,1201.0,1238.5,nan,1234.0,385,4751500.0,832,1227.5,3,1223.5,1,nan,0,nan,0,nan,0,nan,0,nan,0,nan,0,nan,0,nan,0
1597989539320271872,1597989539885999872,2020-08-21 13:58:59.886000,1224.0,1251.0,1201.0,1238.5,nan,1234.0,385,4751500.0,832,1227.0,1,1223.5,1,nan,0,nan,0,nan,0,nan,0,nan,0,nan,0,nan,0,nan,0
1597989539824781056,1597989540424999936,2020-08-21 13:59:00.425000,1224.0,1251.0,1201.0,1238.5,nan,1234.0,385,4751500.0,832,1226.5,2,1223.5,1,nan,0,nan,0,nan,0,nan,0,nan,0,nan,0,nan,0,nan,0
1597989542323427072,1597989542938999808,2020-08-21 13:59:02.939000,1224.0,1251.0,1201.0,1238.5,nan,1234.0,385,4751500.0,832,1226.5,2,1224.0,2,nan,0,nan,0,nan,0,nan,0,nan,0,nan,0,nan,0,nan,0
1597989544825522944,1597989545438999808,2020-08-21 13:59:05.439000,1224.0,1251.0,1201.0,1238.5,nan,1234.0,386,4763740.0,831,1226.5,2,1224.0,1,nan,0,nan,0,nan,0,nan,0,nan,0,nan,0,nan,0,nan,0
1597989546316883968,1597989546825999872,2020-08-21 13:59:06.826000,1226.5,1251.0,1201.0,1238.5,nan,1234.0,388,4788270.0,831,1227.0,2,1224.0,1,nan,0,nan,0,nan,0,nan,0,nan,0,nan,0,nan,0,nan,0
1597989547333476096,1597989547934000128,2020-08-21 13:59:07.934000,1224.0,1251.0,1201.0,1238.5,nan,1234.0,389,4800510.0,832,1227.0,2,1224.5,1,nan,0,nan,0,nan,0,nan,0,nan,0,nan,0,nan,0,nan,0
1597989549323557120,1597989549934000128,2020-08-21 13:59:09.934000,1227.0,1251.0,1201.0,1238.5,nan,1234.0,391,4825050.0,832,1227.5,1,1224.0,1,nan,0,nan,0,nan,0,nan,0,nan,0,nan,0,nan,0,nan,0
1597989549822301952,1597989550436000000,2020-08-21 13:59:10.436000,1227.0,1251.0,1201.0,1238.5,nan,1234.0,391,4825050.0,832,1227.0,1,1224.5,2,nan,0,nan,0,nan,0,nan,0,nan,0,nan,0,nan,0,nan,0
1597989550344884992,1597989550868000000,2020-08-21 13:59:10.868000,1227.0,1251.0,1201.0,1238.5,nan,1234.0,391,4825050.0,832,1227.0,1,1225.0,1,nan,0,nan,0,nan,0,nan,0,nan,0,nan,0,nan,0,nan,0
1597989554323174912,1597989554928000000,2020-08-21 13:59:14.928000,1227.0,1251.0,1201.0,1238.5,nan,1233.5,393,4849570.0,830,1227.0,1,1224.0,9,nan,0,nan,0,nan,0,nan,0,nan,0,nan,0,nan,0,nan,0
1597989555353574912,1597989555828999936,2020-08-21 13:59:15.829000,1227.0,1251.0,1201.0,1238.5,nan,1233.5,393,4849570.0,830,1227.0,1,1225.0,2,nan,0,nan,0,nan,0,nan,0,nan,0,nan,0,nan,0,nan,0
1597989558826906880,1597989559411000064,2020-08-21 13:59:19.411000,1225.0,1251.0,1201.0,1238.5,nan,1233.5,394,4861820.0,829,1227.0,1,1225.0,1,nan,0,nan,0,nan,0,nan,0,nan,0,nan,0,nan,0,nan,0
1597989563825954048,1597989564434000128,2020-08-21 13:59:24.434000,1225.0,1251.0,1201.0,1238.5,nan,1233.5,397,4898570.0,827,1227.5,1,1224.5,1,nan,0,nan,0,nan,0,nan,0,nan,0,nan,0,nan,0,nan,0
1597989564323941888,1597989564880999936,2020-08-21 13:59:24.881000,1225.0,1251.0,1201.0,1238.5,nan,1233.5,397,4898570.0,827,1227.0,1,1225.0,1,nan,0,nan,0,nan,0,nan,0,nan,0,nan,0,nan,0,nan,0
1597989571825697024,1597989572423000064,2020-08-21 13:59:32.423000,1225.0,1251.0,1201.0,1238.5,nan,1233.5,397,4898570.0,827,1227.0,1,1225.0,10,nan,0,nan,0,nan,0,nan,0,nan,0,nan,0,nan,0,nan,0
1597989573313850880,1597989573861999872,2020-08-21 13:59:33.862000,1225.0,1251.0,1201.0,1238.5,nan,1233.5,397,4898570.0,827,1227.0,1,1225.5,1,nan,0,nan,0,nan,0,nan,0,nan,0,nan,0,nan,0,nan,0
1597989583330528000,1597989583913000192,2020-08-21 13:59:43.913000,1225.0,1251.0,1201.0,1238.5,nan,1233.5,397,4898570.0,827,1227.0,1,1226.0,9,nan,0,nan,0,nan,0,nan,0,nan,0,nan,0,nan,0,nan,0
1597989584323163904,1597989584868999936,2020-08-21 13:59:44.869000,1225.0,1251.0,1201.0,1238.5,nan,1233.5,397,4898570.0,827,1227.0,1,1226.0,10,nan,0,nan,0,nan,0,nan,0,nan,0,nan,0,nan,0,nan,0
1597989585321803008,1597989585858000128,2020-08-21 13:59:45.858000,1227.0,1251.0,1201.0,1238.5,nan,1233.5,398,4910840.0,827,1227.5,1,1226.0,10,nan,0,nan,0,nan,0,nan,0,nan,0,nan,0,nan,0,nan,0
1597989589345763072,1597989589931000064,2020-08-21 13:59:49.931000,1227.0,1251.0,1201.0,1238.5,nan,1233.5,398,4910840.0,827,1227.5,1,1226.0,9,nan,0,nan,0,nan,0,nan,0,nan,0,nan,0,nan,0,nan,0
1597989589823665920,1597989590404000000,2020-08-21 13:59:50.404000,1227.5,1251.0,1201.0,1238.5,nan,1233.5,399,4923115.0,828,1228.0,1,1227.5,1,nan,0,nan,0,nan,0,nan,0,nan,0,nan,0,nan,0,nan,0
1597989592350383104,1597989592924000000,2020-08-21 13:59:52.924000,1228.0,1251.0,1201.0,1238.5,nan,1233.5,400,4935395.0,828,1230.0,2,1227.5,1,nan,0,nan,0,nan,0,nan,0,nan,0,nan,0,nan,0,nan,0
1597989594325825024,1597989594940000000,2020-08-21 13:59:54.940000,1230.0,1251.0,1201.0,1238.5,nan,1233.5,402,4959995.0,828,1235.0,2,1227.5,1,nan,0,nan,0,nan,0,nan,0,nan,0,nan,0,nan,0,nan,0
1597989595334937088,1597989595898000128,2020-08-21 13:59:55.898000,1230.0,1251.0,1201.0,1238.5,nan,1233.5,402,4959995.0,828,1234.5,2,1230.0,1,nan,0,nan,0,nan,0,nan,0,nan,0,nan,0,nan,0,nan,0
1597989596320463104,1597989596926000128,2020-08-21 13:59:56.926000,1234.5,1251.0,1201.0,1238.5,nan,1233.5,403,4972340.0,829,1234.0,1,1230.0,1,nan,0,nan,0,nan,0,nan,0,nan,0,nan,0,nan,0,nan,0
1597989598816771072,1597989599324999936,2020-08-21 13:59:59.325000,1234.0,1251.0,1201.0,1238.5,nan,1233.5,405,4997020.0,830,1234.0,1,1230.0,1,nan,0,nan,0,nan,0,nan,0,nan,0,nan,0,nan,0,nan,0
1597989599324943872,1597989599869999872,2020-08-21 13:59:59.870000,1234.0,1251.0,1201.0,1238.5,nan,1233.5,405,4997020.0,830,1234.0,3,1230.0,1,nan,0,nan,0,nan,0,nan,0,nan,0,nan,0,nan,0,nan,0
1597989600325650944,1597989600936999936,2020-08-21 14:00:00.937000,1234.0,1251.0,1201.0,1238.5,nan,1233.5,405,4997020.0,830,1234.0,3,1227.5,1,nan,0,nan,0,nan,0,nan,0,nan,0,nan,0,nan,0,nan,0
1597989601861607936,1597989602418999808,2020-08-21 14:00:02.419000,1234.0,1251.0,1201.0,1238.5,nan,1233.5,405,4997020.0,830,1233.0,1,1227.5,1,nan,0,nan,0,nan,0,nan,0,nan,0,nan,0,nan,0,nan,0
1597989602828327936,1597989603335000064,2020-08-21 14:00:03.335000,1227.5,1251.0,1201.0,1238.5,nan,1233.5,406,5009295.0,831,1233.0,1,1226.0,9,nan,0,nan,0,nan,0,nan,0,nan,0,nan,0,nan,0,nan,0
1597989604364189952,1597989604935000064,2020-08-21 14:00:04.935000,1227.5,1251.0,1201.0,1238.5,nan,1233.5,406,5009295.0,831,1233.0,1,1226.5,1,nan,0,nan,0,nan,0,nan,0,nan,0,nan,0,nan,0,nan,0
1597989608371742976,1597989608924999936,2020-08-21 14:00:08.925000,1227.5,1251.0,1201.0,1238.5,nan,1233.5,406,5009295.0,831,1233.0,3,1226.5,1,nan,0,nan,0,nan,0,nan,0,nan,0,nan,0,nan,0,nan,0
1597989608849242112,1597989609369999872,2020-08-21 14:00:09.370000,1227.5,1251.0,1201.0,1238.5,nan,1233.5,406,5009295.0,831,1232.5,1,1227.0,1,nan,0,nan,0,nan,0,nan,0,nan,0,nan,0,nan,0,nan,0
1597989614825836032,1597989615388999936,2020-08-21 14:00:15.389000,1227.5,1251.0,1201.0,1238.5,nan,1233.5,406,5009295.0,831,1231.5,1,1227.0,1,nan,0,nan,0,nan,0,nan,0,nan,0,nan,0,nan,0,nan,0
1597989618342322944,1597989618920000000,2020-08-21 14:00:18.920000,1227.5,1251.0,1201.0,1238.5,nan,1233.5,406,5009295.0,831,1231.5,1,1227.5,1,nan,0,nan,0,nan,0,nan,0,nan,0,nan,0,nan,0,nan,0
1597989619342470912,1597989619918999808,2020-08-21 14:00:19.919000,1231.5,1251.0,1201.0,1238.5,nan,1233.5,407,5021610.0,831,1232.0,2,1228.5,2,nan,0,nan,0,nan,0,nan,0,nan,0,nan,0,nan,0,nan,0
1597989622490362880,1597989622938999808,2020-08-21 14:00:22.939000,1231.5,1251.0,1201.0,1238.5,nan,1233.5,407,5021610.0,831,1232.5,1,1228.5,2,nan,0,nan,0,nan,0,nan,0,nan,0,nan,0,nan,0,nan,0
1597989622901212928,1597989623329999872,2020-08-21 14:00:23.330000,1231.5,1251.0,1201.0,1238.5,nan,1233.5,407,5021610.0,831,1232.5,1,1229.0,2,nan,0,nan,0,nan,0,nan,0,nan,0,nan,0,nan,0,nan,0
1597989623347719936,1597989623932000000,2020-08-21 14:00:23.932000,1232.0,1251.0,1201.0,1238.5,nan,1233.5,408,5033930.0,831,1232.5,1,1229.5,2,nan,0,nan,0,nan,0,nan,0,nan,0,nan,0,nan,0,nan,0
1597989623828050944,1597989624427000064,2020-08-21 14:00:24.427000,1232.0,1251.0,1201.0,1238.5,nan,1233.5,408,5033930.0,831,1232.5,1,1230.0,1,nan,0,nan,0,nan,0,nan,0,nan,0,nan,0,nan,0,nan,0
1597989625339054080,1597989625892000000,2020-08-21 14:00:25.892000,1232.5,1251.0,1201.0,1238.5,nan,1233.5,409,5046255.0,830,1234.0,1,1230.0,1,nan,0,nan,0,nan,0,nan,0,nan,0,nan,0,nan,0,nan,0
1597989626325268992,1597989626918999808,2020-08-21 14:00:26.919000,1232.5,1251.0,1201.0,1238.5,nan,1233.5,409,5046255.0,830,1234.0,1,1230.5,1,nan,0,nan,0,nan,0,nan,0,nan,0,nan,0,nan,0,nan,0
1597989626823398912,1597989627434000128,2020-08-21 14:00:27.434000,1232.5,1251.0,1201.0,1238.5,nan,1233.5,409,5046255.0,830,1232.5,1,1230.5,1,nan,0,nan,0,nan,0,nan,0,nan,0,nan,0,nan,0,nan,0
1597989628826425088,1597989629430000128,2020-08-21 14:00:29.430000,1230.5,1251.0,1201.0,1238.5,nan,1233.5,410,5058560.0,829,1232.5,1,1227.0,1,nan,0,nan,0,nan,0,nan,0,nan,0,nan,0,nan,0,nan,0
1597989629315280896,1597989629914000128,2020-08-21 14:00:29.914000,1232.5,1251.0,1201.0,1238.5,nan,1233.5,411,5070885.0,828,1234.0,1,1227.0,1,nan,0,nan,0,nan,0,nan,0,nan,0,nan,0,nan,0,nan,0
1597989630326365952,1597989630928000000,2020-08-21 14:00:30.928000,1232.5,1251.0,1201.0,1238.5,nan,1233.5,411,5070885.0,828,1230.5,1,1227.5,4,nan,0,nan,0,nan,0,nan,0,nan,0,nan,0,nan,0,nan,0
1597989633823187968,1597989634428999936,2020-08-21 14:00:34.429000,1230.5,1251.0,1201.0,1238.5,nan,1233.5,412,5083190.0,828,1233.0,1,1227.5,4,nan,0,nan,0,nan,0,nan,0,nan,0,nan,0,nan,0,nan,0
1597989634333911040,1597989634921999872,2020-08-21 14:00:34.922000,1230.5,1251.0,1201.0,1238.5,nan,1233.5,412,5083190.0,828,1233.0,1,1230.5,1,nan,0,nan,0,nan,0,nan,0,nan,0,nan,0,nan,0,nan,0
1597989639320369920,1597989639875000064,2020-08-21 14:00:39.875000,1233.0,1251.0,1201.0,1238.5,nan,1233.5,413,5095520.0,827,1233.5,2,1230.5,1,nan,0,nan,0,nan,0,nan,0,nan,0,nan,0,nan,0,nan,0
1597989639824112128,1597989640424999936,2020-08-21 14:00:40.425000,1230.5,1251.0,1201.0,1238.5,nan,1233.5,414,5107825.0,827,1230.5,1,1228.0,1,nan,0,nan,0,nan,0,nan,0,nan,0,nan,0,nan,0,nan,0
1597989640338107904,1597989640932000000,2020-08-21 14:00:40.932000,1230.5,1251.0,1201.0,1238.5,nan,1233.5,414,5107825.0,827,1230.5,1,1229.0,1,nan,0,nan,0,nan,0,nan,0,nan,0,nan,0,nan,0,nan,0
1597989641321709056,1597989641877000192,2020-08-21 14:00:41.877000,1230.5,1251.0,1201.0,1238.5,nan,1233.5,414,5107825.0,827,1230.5,1,1229.5,1,nan,0,nan,0,nan,0,nan,0,nan,0,nan,0,nan,0,nan,0
1597989641824208896,1597989642420999936,2020-08-21 14:00:42.421000,1230.5,1251.0,1201.0,1238.5,nan,1233.5,415,5120130.0,826,1233.5,4,1229.5,1,nan,0,nan,0,nan,0,nan,0,nan,0,nan,0,nan,0,nan,0
1597989643330554112,1597989643836000000,2020-08-21 14:00:43.836000,1229.5,1251.0,1201.0,1238.5,nan,1233.5,416,5132425.0,825,1233.5,4,1228.0,1,nan,0,nan,0,nan,0,nan,0,nan,0,nan,0,nan,0,nan,0
1597989645825477888,1597989646431000064,2020-08-21 14:00:46.431000,1229.5,1251.0,1201.0,1238.5,nan,1233.5,416,5132425.0,825,1233.0,1,1228.0,1,nan,0,nan,0,nan,0,nan,0,nan,0,nan,0,nan,0,nan,0
1597989646344229120,1597989646846999808,2020-08-21 14:00:46.847000,1229.5,1251.0,1201.0,1238.5,nan,1233.5,416,5132425.0,825,1232.5,1,1228.0,1,nan,0,nan,0,nan,0,nan,0,nan,0,nan,0,nan,0,nan,0
1597989650820028928,1597989651407000064,2020-08-21 14:00:51.407000,1229.5,1251.0,1201.0,1238.5,nan,1233.5,416,5132425.0,825,1232.0,1,1228.0,1,nan,0,nan,0,nan,0,nan,0,nan,0,nan,0,nan,0,nan,0
1597989651322221056,1597989651935000064,2020-08-21 14:00:51.935000,1229.5,1251.0,1201.0,1238.5,nan,1233.5,416,5132425.0,825,1231.5,1,1229.0,2,nan,0,nan,0,nan,0,nan,0,nan,0,nan,0,nan,0,nan,0
1597989655321797120,1597989655932000000,2020-08-21 14:00:55.932000,1229.5,1251.0,1201.0,1238.5,nan,1233.5,416,5132425.0,825,1231.5,1,1229.5,1,nan,0,nan,0,nan,0,nan,0,nan,0,nan,0,nan,0,nan,0
1597989657822081024,1597989658423000064,2020-08-21 14:00:58.423000,1229.5,1251.0,1201.0,1238.5,nan,1233.5,416,5132425.0,825,1230.0,2,1229.5,1,nan,0,nan,0,nan,0,nan,0,nan,0,nan,0,nan,0,nan,0
1597989658328717056,1597989658877000192,2020-08-21 14:00:58.877000,1230.0,1251.0,1201.0,1238.5,nan,1233.5,418,5157025.0,825,1232.5,2,1230.0,1,nan,0,nan,0,nan,0,nan,0,nan,0,nan,0,nan,0,nan,0
1597989660317202944,1597989660880000000,2020-08-21 14:01:00.880000,1230.0,1251.0,1201.0,1238.5,nan,1233.5,418,5157025.0,825,1232.5,2,1230.0,2,nan,0,nan,0,nan,0,nan,0,nan,0,nan,0,nan,0,nan,0
1597989667814089984,1597989668428000000,2020-08-21 14:01:08.428000,1230.0,1251.0,1201.0,1238.5,nan,1233.5,419,5169325.0,824,1232.5,2,1230.0,1,nan,0,nan,0,nan,0,nan,0,nan,0,nan,0,nan,0,nan,0
1597989670817865984,1597989671344000000,2020-08-21 14:01:11.344000,1230.0,1251.0,1201.0,1238.5,nan,1233.5,420,5181625.0,824,1232.5,2,1228.5,1,nan,0,nan,0,nan,0,nan,0,nan,0,nan,0,nan,0,nan,0
1597989675819034880,1597989676380999936,2020-08-21 14:01:16.381000,1230.0,1251.0,1201.0,1238.5,nan,1233.5,420,5181625.0,824,1232.0,1,1228.5,1,nan,0,nan,0,nan,0,nan,0,nan,0,nan,0,nan,0,nan,0
1597989676342023936,1597989676933000192,2020-08-21 14:01:16.933000,1230.0,1251.0,1201.0,1238.5,nan,1233.5,420,5181625.0,824,1231.5,2,1228.5,1,nan,0,nan,0,nan,0,nan,0,nan,0,nan,0,nan,0,nan,0
1597989678331774976,1597989678920000000,2020-08-21 14:01:18.920000,1230.0,1251.0,1201.0,1238.5,nan,1233.5,420,5181625.0,824,1231.5,2,1229.0,1,nan,0,nan,0,nan,0,nan,0,nan,0,nan,0,nan,0,nan,0
1597989684824615936,1597989685371000064,2020-08-21 14:01:25.371000,1230.0,1251.0,1201.0,1238.5,nan,1233.5,420,5181625.0,824,1231.5,2,1230.0,1,nan,0,nan,0,nan,0,nan,0,nan,0,nan,0,nan,0,nan,0
1597989689840911872,1597989690372999936,2020-08-21 14:01:30.373000,1230.0,1251.0,1201.0,1238.5,nan,1233.5,421,5193925.0,825,1231.5,2,1229.0,1,nan,0,nan,0,nan,0,nan,0,nan,0,nan,0,nan,0,nan,0
1597989692820623872,1597989693434000128,2020-08-21 14:01:33.434000,1230.0,1251.0,1201.0,1238.5,nan,1233.5,421,5193925.0,825,1231.0,1,1229.0,1,nan,0,nan,0,nan,0,nan,0,nan,0,nan,0,nan,0,nan,0
1597989696371880960,1597989696871000064,2020-08-21 14:01:36.871000,1230.0,1251.0,1201.0,1238.5,nan,1233.5,421,5193925.0,825,1231.0,1,1227.5,2,nan,0,nan,0,nan,0,nan,0,nan,0,nan,0,nan,0,nan,0
1597989699826352128,1597989700367000064,2020-08-21 14:01:40.367000,1230.0,1251.0,1201.0,1238.5,nan,1233.5,421,5193925.0,825,1230.5,1,1227.5,2,nan,0,nan,0,nan,0,nan,0,nan,0,nan,0,nan,0,nan,0
1597989702835104000,1597989703411000064,2020-08-21 14:01:43.411000,1230.0,1251.0,1201.0,1238.5,nan,1233.5,421,5193925.0,825,1230.5,1,1228.5,2,nan,0,nan,0,nan,0,nan,0,nan,0,nan,0,nan,0,nan,0
1597989704841914880,1597989705440000000,2020-08-21 14:01:45.440000,1228.5,1251.0,1201.0,1238.5,nan,1233.5,422,5206210.0,824,1230.5,1,1228.5,1,nan,0,nan,0,nan,0,nan,0,nan,0,nan,0,nan,0,nan,0
1597989705331805952,1597989705841000192,2020-08-21 14:01:45.841000,1228.5,1251.0,1201.0,1238.5,nan,1233.5,422,5206210.0,824,1230.0,1,1228.5,1,nan,0,nan,0,nan,0,nan,0,nan,0,nan,0,nan,0,nan,0
1597989705830892032,1597989706418999808,2020-08-21 14:01:46.419000,1228.5,1251.0,1201.0,1238.5,nan,1233.5,422,5206210.0,824,1230.0,2,1228.5,1,nan,0,nan,0,nan,0,nan,0,nan,0,nan,0,nan,0,nan,0
1597989711362212096,1597989711936999936,2020-08-21 14:01:51.937000,1228.5,1251.0,1201.0,1238.5,nan,1233.5,422,5206210.0,824,1230.0,1,1228.5,1,nan,0,nan,0,nan,0,nan,0,nan,0,nan,0,nan,0,nan,0
1597989712319065088,1597989712855000064,2020-08-21 14:01:52.855000,1228.5,1251.0,1201.0,1238.5,nan,1233.5,422,5206210.0,824,1230.0,1,1229.5,1,nan,0,nan,0,nan,0,nan,0,nan,0,nan,0,nan,0,nan,0
1597989712844713984,1597989713394000128,2020-08-21 14:01:53.394000,1229.5,1251.0,1201.0,1238.5,nan,1233.5,423,5218505.0,825,1230.0,1,1228.0,1,nan,0,nan,0,nan,0,nan,0,nan,0,nan,0,nan,0,nan,0
1597989717328974080,1597989717938999808,2020-08-21 14:01:57.939000,1228.0,1251.0,1201.0,1238.5,nan,1233.5,424,5230785.0,825,1229.5,1,1227.0,3,nan,0,nan,0,nan,0,nan,0,nan,0,nan,0,nan,0,nan,0
1597989717831045120,1597989718408000000,2020-08-21 14:01:58.408000,1228.0,1251.0,1201.0,1238.5,nan,1233.5,424,5230785.0,825,1229.0,1,1227.0,3,nan,0,nan,0,nan,0,nan,0,nan,0,nan,0,nan,0,nan,0
1597989719318196992,1597989719928999936,2020-08-21 14:01:59.929000,1228.0,1251.0,1201.0,1238.5,nan,1233.5,424,5230785.0,825,1228.5,1,1227.0,3,nan,0,nan,0,nan,0,nan,0,nan,0,nan,0,nan,0,nan,0
1597989722853798912,1597989723336999936,2020-08-21 14:02:03.337000,1228.5,1251.0,1201.0,1238.5,nan,1233.5,425,5243070.0,826,1230.0,2,1227.0,3,nan,0,nan,0,nan,0,nan,0,nan,0,nan,0,nan,0,nan,0
1597989725827974912,1597989726364999936,2020-08-21 14:02:06.365000,1228.5,1251.0,1201.0,1238.5,nan,1233.5,425,5243070.0,826,1229.5,1,1227.0,3,nan,0,nan,0,nan,0,nan,0,nan,0,nan,0,nan,0,nan,0
1597989727319684096,1597989727861999872,2020-08-21 14:02:07.862000,1228.5,1251.0,1201.0,1238.5,nan,1233.5,425,5243070.0,826,1229.5,1,1228.0,2,nan,0,nan,0,nan,0,nan,0,nan,0,nan,0,nan,0,nan,0
1597989731335405056,1597989731897000192,2020-08-21 14:02:11.897000,1228.0,1251.0,1201.0,1238.5,nan,1233.5,427,5267630.0,826,1229.0,2,1227.0,3,nan,0,nan,0,nan,0,nan,0,nan,0,nan,0,nan,0,nan,0
1597989732839676928,1597989733401999872,2020-08-21 14:02:13.402000,1228.0,1251.0,1201.0,1238.5,nan,1233.5,427,5267630.0,826,1229.0,2,1227.0,2,nan,0,nan,0,nan,0,nan,0,nan,0,nan,0,nan,0,nan,0
1597989754322700032,1597989754860999936,2020-08-21 14:02:34.861000,1227.0,1251.0,1201.0,1238.5,nan,1233.5,429,5292170.0,828,1227.0,5,1225.5,2,nan,0,nan,0,nan,0,nan,0,nan,0,nan,0,nan,0,nan,0
1597989769833732096,1597989770410000128,2020-08-21 14:02:50.410000,1227.0,1251.0,1201.0,1238.5,nan,1233.5,429,5292170.0,828,1226.5,1,1225.5,2,nan,0,nan,0,nan,0,nan,0,nan,0,nan,0,nan,0,nan,0
1597989776319378944,1597989776910000128,2020-08-21 14:02:56.910000,1226.5,1251.0,1201.0,1238.5,nan,1233.5,430,5304435.0,829,1227.0,5,1225.5,2,nan,0,nan,0,nan,0,nan,0,nan,0,nan,0,nan,0,nan,0
1597989786353550080,1597989787000000000,2020-08-21 14:03:07.000000,1225.5,1251.0,1201.0,1238.5,nan,1233.5,432,5328945.0,830,1225.5,1,1224.5,5,nan,0,nan,0,nan,0,nan,0,nan,0,nan,0,nan,0,nan,0
1597989791849408000,1597989792395000064,2020-08-21 14:03:12.395000,1225.5,1251.0,1201.0,1238.5,nan,1233.5,433,5341200.0,831,1227.0,5,1225.0,3,nan,0,nan,0,nan,0,nan,0,nan,0,nan,0,nan,0,nan,0
1597989792345594880,1597989792916000000,2020-08-21 14:03:12.916000,1225.5,1251.0,1201.0,1238.5,nan,1233.5,433,5341200.0,831,1227.0,5,1225.5,1,nan,0,nan,0,nan,0,nan,0,nan,0,nan,0,nan,0,nan,0
1597989793361716992,1597989793897000192,2020-08-21 14:03:13.897000,1225.5,1251.0,1201.0,1238.5,nan,1233.5,433,5341200.0,831,1227.0,5,1225.5,2,nan,0,nan,0,nan,0,nan,0,nan,0,nan,0,nan,0,nan,0
1597989796370961920,1597989796938999808,2020-08-21 14:03:16.939000,1225.5,1251.0,1201.0,1238.5,nan,1233.5,433,5341200.0,831,1227.0,5,1225.5,3,nan,0,nan,0,nan,0,nan,0,nan,0,nan,0,nan,0,nan,0
1597989796821457920,1597989797421999872,2020-08-21 14:03:17.422000,1225.5,1251.0,1201.0,1238.5,nan,1233.0,436,5377965.0,830,1225.5,1,1225.0,3,nan,0,nan,0,nan,0,nan,0,nan,0,nan,0,nan,0,nan,0
1597989797321922048,1597989797911000064,2020-08-21 14:03:17.911000,1225.5,1251.0,1201.0,1238.5,nan,1233.0,438,5402475.0,831,1227.0,5,1225.5,1,nan,0,nan,0,nan,0,nan,0,nan,0,nan,0,nan,0,nan,0
1597989800328048128,1597989801000000000,2020-08-21 14:03:21.000000,1225.5,1251.0,1201.0,1238.5,nan,1233.0,439,5414730.0,832,1227.0,5,1225.0,3,nan,0,nan,0,nan,0,nan,0,nan,0,nan,0,nan,0,nan,0
1597989802330425088,1597989802916999936,2020-08-21 14:03:22.917000,1225.5,1251.0,1201.0,1238.5,nan,1233.0,439,5414730.0,832,1227.0,5,1225.5,1,nan,0,nan,0,nan,0,nan,0,nan,0,nan,0,nan,0,nan,0
1597989806816787968,1597989807434000128,2020-08-21 14:03:27.434000,1225.5,1251.0,1201.0,1238.5,nan,1233.0,439,5414730.0,832,1227.0,5,1225.5,2,nan,0,nan,0,nan,0,nan,0,nan,0,nan,0,nan,0,nan,0
1597989811816585984,1597989812430000128,2020-08-21 14:03:32.430000,1225.5,1251.0,1201.0,1238.5,nan,1233.0,439,5414730.0,832,1227.0,6,1225.5,2,nan,0,nan,0,nan,0,nan,0,nan,0,nan,0,nan,0,nan,0
1597989821313547008,1597989821824999936,2020-08-21 14:03:41.825000,1225.5,1251.0,1201.0,1238.5,nan,1233.0,440,5426985.0,832,1227.0,6,1225.5,1,nan,0,nan,0,nan,0,nan,0,nan,0,nan,0,nan,0,nan,0
1597989822318070016,1597989822924999936,2020-08-21 14:03:42.925000,1225.5,1251.0,1201.0,1238.5,nan,1233.0,441,5439240.0,832,1227.0,6,1224.5,6,nan,0,nan,0,nan,0,nan,0,nan,0,nan,0,nan,0,nan,0
1597989822815302912,1597989823436000000,2020-08-21 14:03:43.436000,1225.5,1251.0,1201.0,1238.5,nan,1233.0,441,5439240.0,832,1226.5,6,1224.5,6,nan,0,nan,0,nan,0,nan,0,nan,0,nan,0,nan,0,nan,0
1597989823823600896,1597989824407000064,2020-08-21 14:03:44.407000,1225.5,1251.0,1201.0,1238.5,nan,1233.0,441,5439240.0,832,1226.5,6,1226.0,1,nan,0,nan,0,nan,0,nan,0,nan,0,nan,0,nan,0,nan,0
1597989824315847936,1597989824921999872,2020-08-21 14:03:44.922000,1226.0,1251.0,1201.0,1238.5,nan,1233.0,442,5451500.0,832,1226.5,6,1224.5,6,nan,0,nan,0,nan,0,nan,0,nan,0,nan,0,nan,0,nan,0
1597989831312171008,1597989831887000064,2020-08-21 14:03:51.887000,1224.5,1251.0,1201.0,1238.5,nan,1233.0,444,5475990.0,833,1226.0,1,1224.5,4,nan,0,nan,0,nan,0,nan,0,nan,0,nan,0,nan,0,nan,0
1597989838812732928,1597989839410000128,2020-08-21 14:03:59.410000,1226.0,1251.0,1201.0,1238.5,nan,1233.0,445,5488250.0,834,1227.0,6,1225.0,1,nan,0,nan,0,nan,0,nan,0,nan,0,nan,0,nan,0,nan,0
1597989842822365952,1597989843403000064,2020-08-21 14:04:03.403000,1226.0,1251.0,1201.0,1238.5,nan,1233.0,445,5488250.0,834,1227.0,6,1225.0,3,nan,0,nan,0,nan,0,nan,0,nan,0,nan,0,nan,0,nan,0
1597989848816316928,1597989849436999936,2020-08-21 14:04:09.437000,1226.0,1251.0,1201.0,1238.5,nan,1233.0,445,5488250.0,834,1227.0,5,1225.0,3,nan,0,nan,0,nan,0,nan,0,nan,0,nan,0,nan,0,nan,0
1597989852321925120,1597989852856000000,2020-08-21 14:04:12.856000,1226.0,1251.0,1201.0,1238.5,nan,1233.0,445,5488250.0,834,1227.0,5,1225.0,13,nan,0,nan,0,nan,0,nan,0,nan,0,nan,0,nan,0,nan,0
1597989860813350912,1597989861342999808,2020-08-21 14:04:21.343000,1226.0,1251.0,1201.0,1238.5,nan,1233.0,445,5488250.0,834,1227.0,5,1225.5,1,nan,0,nan,0,nan,0,nan,0,nan,0,nan,0,nan,0,nan,0
1597989861312392960,1597989861913000192,2020-08-21 14:04:21.913000,1226.0,1251.0,1201.0,1238.5,nan,1233.0,445,5488250.0,834,1227.0,5,1225.5,4,nan,0,nan,0,nan,0,nan,0,nan,0,nan,0,nan,0,nan,0
1597989866315614976,1597989866934000128,2020-08-21 14:04:26.934000,1226.0,1251.0,1201.0,1238.5,nan,1233.0,445,5488250.0,834,1227.0,5,1225.5,1,nan,0,nan,0,nan,0,nan,0,nan,0,nan,0,nan,0,nan,0
1597989866815984896,1597989867357000192,2020-08-21 14:04:27.357000,1225.5,1251.0,1201.0,1238.5,nan,1233.0,446,5500505.0,834,1227.0,5,1225.5,1,nan,0,nan,0,nan,0,nan,0,nan,0,nan,0,nan,0,nan,0
1597989867321611008,1597989867928000000,2020-08-21 14:04:27.928000,1225.5,1251.0,1201.0,1238.5,nan,1233.0,446,5500505.0,834,1227.0,5,1225.5,2,nan,0,nan,0,nan,0,nan,0,nan,0,nan,0,nan,0,nan,0
1597989871816325120,1597989872338000128,2020-08-21 14:04:32.338000,1225.5,1251.0,1201.0,1238.5,nan,1233.0,446,5500505.0,834,1227.0,5,1225.5,3,nan,0,nan,0,nan,0,nan,0,nan,0,nan,0,nan,0,nan,0
1597989874326899968,1597989874930000128,2020-08-21 14:04:34.930000,1227.0,1251.0,1201.0,1238.5,nan,1233.0,450,5549585.0,838,1227.0,1,1225.5,3,nan,0,nan,0,nan,0,nan,0,nan,0,nan,0,nan,0,nan,0
1597989884310909952,1597989884848999936,2020-08-21 14:04:44.849000,1227.0,1251.0,1201.0,1238.5,nan,1233.0,450,5549585.0,838,1227.0,2,1225.5,3,nan,0,nan,0,nan,0,nan,0,nan,0,nan,0,nan,0,nan,0
1597989887813867008,1597989888438999808,2020-08-21 14:04:48.439000,1227.0,1251.0,1201.0,1238.5,nan,1233.0,451,5561855.0,838,1227.0,1,1225.5,3,nan,0,nan,0,nan,0,nan,0,nan,0,nan,0,nan,0,nan,0
1597989891821940992,1597989892416999936,2020-08-21 14:04:52.417000,1227.0,1251.0,1201.0,1238.5,nan,1233.0,451,5561855.0,838,1227.0,1,1226.0,1,nan,0,nan,0,nan,0,nan,0,nan,0,nan,0,nan,0,nan,0
1597989896315945984,1597989896920000000,2020-08-21 14:04:56.920000,1227.0,1251.0,1201.0,1238.5,nan,1233.0,451,5561855.0,838,1229.5,1,1226.5,1,nan,0,nan,0,nan,0,nan,0,nan,0,nan,0,nan,0,nan,0
1597989900322619904,1597989900903000064,2020-08-21 14:05:00.903000,1227.0,1251.0,1201.0,1238.5,nan,1233.0,451,5561855.0,838,1227.0,2,1226.5,1,nan,0,nan,0,nan,0,nan,0,nan,0,nan,0,nan,0,nan,0
1597989905319708928,1597989905881999872,2020-08-21 14:05:05.882000,1227.0,1251.0,1201.0,1238.5,nan,1233.0,451,5561855.0,838,1227.0,2,1226.5,2,nan,0,nan,0,nan,0,nan,0,nan,0,nan,0,nan,0,nan,0
1597989907813132032,1597989908388000000,2020-08-21 14:05:08.388000,1227.0,1251.0,1201.0,1238.5,nan,1233.0,452,5574125.0,838,1227.0,1,1226.5,2,nan,0,nan,0,nan,0,nan,0,nan,0,nan,0,nan,0,nan,0
1597989908814375936,1597989909435000064,2020-08-21 14:05:09.435000,1227.0,1251.0,1201.0,1238.5,nan,1233.0,453,5586395.0,838,1229.5,1,1226.5,2,nan,0,nan,0,nan,0,nan,0,nan,0,nan,0,nan,0,nan,0
1597989957316491008,1597989957898999808,2020-08-21 14:05:57.899000,1227.0,1251.0,1201.0,1238.5,nan,1233.0,453,5586395.0,838,1229.5,1,1226.5,3,nan,0,nan,0,nan,0,nan,0,nan,0,nan,0,nan,0,nan,0
1597989959813573888,1597989960280000000,2020-08-21 14:06:00.280000,1229.5,1251.0,1201.0,1238.5,nan,1233.0,454,5598690.0,839,1231.0,1,1226.5,3,nan,0,nan,0,nan,0,nan,0,nan,0,nan,0,nan,0,nan,0
1597989961822224896,1597989962432000000,2020-08-21 14:06:02.432000,1229.5,1251.0,1201.0,1238.5,nan,1233.0,454,5598690.0,839,1230.5,1,1227.0,1,nan,0,nan,0,nan,0,nan,0,nan,0,nan,0,nan,0,nan,0
1597989962319287040,1597989962890000128,2020-08-21 14:06:02.890000,1229.5,1251.0,1201.0,1238.5,nan,1233.0,454,5598690.0,839,1230.5,1,1227.5,1,nan,0,nan,0,nan,0,nan,0,nan,0,nan,0,nan,0,nan,0
1597989966313423104,1597989966920000000,2020-08-21 14:06:06.920000,1229.5,1251.0,1201.0,1238.5,nan,1233.0,454,5598690.0,839,1230.0,2,1228.0,1,nan,0,nan,0,nan,0,nan,0,nan,0,nan,0,nan,0,nan,0
1597989967327485952,1597989967904000000,2020-08-21 14:06:07.904000,1230.0,1251.0,1201.0,1238.5,nan,1233.0,455,5610990.0,839,1230.0,1,1228.0,1,nan,0,nan,0,nan,0,nan,0,nan,0,nan,0,nan,0,nan,0
1597989967826131968,1597989968334000128,2020-08-21 14:06:08.334000,1230.0,1251.0,1201.0,1238.5,nan,1233.0,456,5623290.0,839,1230.5,1,1228.5,2,nan,0,nan,0,nan,0,nan,0,nan,0,nan,0,nan,0,nan,0
1597989970356012032,1597989970937999872,2020-08-21 14:06:10.938000,1231.0,1251.0,1201.0,1238.5,nan,1233.0,458,5647905.0,841,1232.0,1,1229.0,1,nan,0,nan,0,nan,0,nan,0,nan,0,nan,0,nan,0,nan,0
1597989970814435072,1597989971400000000,2020-08-21 14:06:11.400000,1231.0,1251.0,1201.0,1238.5,nan,1233.0,458,5647905.0,841,1231.5,1,1229.5,1,nan,0,nan,0,nan,0,nan,0,nan,0,nan,0,nan,0,nan,0
1597989974314682112,1597989974890000128,2020-08-21 14:06:14.890000,1231.0,1251.0,1201.0,1238.5,nan,1233.0,458,5647905.0,841,1231.0,1,1229.5,1,nan,0,nan,0,nan,0,nan,0,nan,0,nan,0,nan,0,nan,0
1597989975813257984,1597989976417999872,2020-08-21 14:06:16.418000,1231.0,1251.0,1201.0,1238.5,nan,1233.0,459,5660215.0,841,1231.5,1,1229.5,1,nan,0,nan,0,nan,0,nan,0,nan,0,nan,0,nan,0,nan,0
1597989977822680064,1597989978435000064,2020-08-21 14:06:18.435000,1231.5,1251.0,1201.0,1238.5,nan,1233.0,460,5672530.0,840,1231.5,1,1229.5,1,nan,0,nan,0,nan,0,nan,0,nan,0,nan,0,nan,0,nan,0
1597989979322364928,1597989979903000064,2020-08-21 14:06:19.903000,1231.5,1251.0,1201.0,1238.5,nan,1233.0,461,5684845.0,839,1232.0,1,1230.0,1,nan,0,nan,0,nan,0,nan,0,nan,0,nan,0,nan,0,nan,0
1597989981321915904,1597989981916000000,2020-08-21 14:06:21.916000,1232.0,1251.0,1201.0,1238.5,nan,1233.0,462,5697165.0,839,1232.5,2,1230.5,1,nan,0,nan,0,nan,0,nan,0,nan,0,nan,0,nan,0,nan,0
1597989982825588992,1597989983433000192,2020-08-21 14:06:23.433000,1232.5,1251.0,1201.0,1238.5,nan,1233.0,463,5709490.0,839,1232.5,1,1230.5,1,nan,0,nan,0,nan,0,nan,0,nan,0,nan,0,nan,0,nan,0
1597989984334395904,1597989984914000128,2020-08-21 14:06:24.914000,1232.5,1251.0,1201.0,1238.5,nan,1233.0,464,5721815.0,838,1233.5,1,1231.5,1,nan,0,nan,0,nan,0,nan,0,nan,0,nan,0,nan,0,nan,0
1597989986316704000,1597989986891000064,2020-08-21 14:06:26.891000,1233.5,1251.0,1201.0,1238.5,nan,1233.0,465,5734150.0,838,1234.0,3,1231.5,1,nan,0,nan,0,nan,0,nan,0,nan,0,nan,0,nan,0,nan,0
1597989986814095104,1597989987398999808,2020-08-21 14:06:27.399000,1234.0,1251.0,1201.0,1238.5,nan,1233.0,467,5758830.0,838,1234.0,1,1232.0,1,nan,0,nan,0,nan,0,nan,0,nan,0,nan,0,nan,0,nan,0
1597989987321330944,1597989987907000064,2020-08-21 14:06:27.907000,1234.0,1251.0,1201.0,1238.5,nan,1233.0,467,5758830.0,838,1234.0,1,1232.5,1,nan,0,nan,0,nan,0,nan,0,nan,0,nan,0,nan,0,nan,0
1597989988342976000,1597989988940000000,2020-08-21 14:06:28.940000,1234.0,1251.0,1201.0,1238.5,nan,1233.0,468,5771170.0,837,1235.5,1,1232.5,1,nan,0,nan,0,nan,0,nan,0,nan,0,nan,0,nan,0,nan,0
1597989988824975104,1597989989411000064,2020-08-21 14:06:29.411000,1234.0,1251.0,1201.0,1238.5,nan,1233.0,468,5771170.0,837,1235.5,1,1234.0,7,nan,0,nan,0,nan,0,nan,0,nan,0,nan,0,nan,0,nan,0
1597989990315398912,1597989990940999936,2020-08-21 14:06:30.941000,1234.0,1251.0,1201.0,1238.5,nan,1233.0,469,5783510.0,836,1235.5,1,1234.0,6,nan,0,nan,0,nan,0,nan,0,nan,0,nan,0,nan,0,nan,0
1597989995310004992,1597989995783000064,2020-08-21 14:06:35.783000,1234.0,1251.0,1201.0,1238.5,nan,1233.0,470,5795850.0,836,1235.5,1,1234.0,5,nan,0,nan,0,nan,0,nan,0,nan,0,nan,0,nan,0,nan,0
1597990002812887040,1597990003391000064,2020-08-21 14:06:43.391000,1234.0,1251.0,1201.0,1238.5,nan,1233.0,470,5795850.0,836,1235.5,2,1234.0,5,nan,0,nan,0,nan,0,nan,0,nan,0,nan,0,nan,0,nan,0
1597990005810812928,1597990006401999872,2020-08-21 14:06:46.402000,1234.0,1251.0,1201.0,1238.5,nan,1233.0,471,5808190.0,835,1235.5,2,1234.0,4,nan,0,nan,0,nan,0,nan,0,nan,0,nan,0,nan,0,nan,0
1597990006343110912,1597990006897000192,2020-08-21 14:06:46.897000,1234.0,1251.0,1201.0,1238.5,nan,1233.0,476,5869890.0,831,1235.5,2,1230.5,1,nan,0,nan,0,nan,0,nan,0,nan,0,nan,0,nan,0,nan,0
1597990006812723968,1597990007428000000,2020-08-21 14:06:47.428000,1234.0,1251.0,1201.0,1238.5,nan,1233.0,476,5869890.0,831,1234.5,1,1230.5,1,nan,0,nan,0,nan,0,nan,0,nan,0,nan,0,nan,0,nan,0
1597990007809742080,1597990008404999936,2020-08-21 14:06:48.405000,1230.5,1251.0,1201.0,1238.5,nan,1233.0,477,5882195.0,830,1233.5,1,1229.0,1,nan,0,nan,0,nan,0,nan,0,nan,0,nan,0,nan,0,nan,0
1597990008311586048,1597990008747000064,2020-08-21 14:06:48.747000,1229.0,1251.0,1201.0,1238.5,nan,1233.0,478,5894485.0,829,1233.5,1,1228.0,1,nan,0,nan,0,nan,0,nan,0,nan,0,nan,0,nan,0,nan,0
1597990009324523008,1597990009860000000,2020-08-21 14:06:49.860000,1229.0,1251.0,1201.0,1238.5,nan,1233.0,478,5894485.0,829,1232.5,1,1228.0,1,nan,0,nan,0,nan,0,nan,0,nan,0,nan,0,nan,0,nan,0
1597990016309782016,1597990016842000128,2020-08-21 14:06:56.842000,1229.0,1251.0,1201.0,1238.5,nan,1233.0,478,5894485.0,829,1232.0,1,1228.0,1,nan,0,nan,0,nan,0,nan,0,nan,0,nan,0,nan,0,nan,0
1597990016811580928,1597990017433000192,2020-08-21 14:06:57.433000,1229.0,1251.0,1201.0,1238.5,nan,1233.0,478,5894485.0,829,1232.0,1,1229.0,1,nan,0,nan,0,nan,0,nan,0,nan,0,nan,0,nan,0,nan,0
1597990021814082048,1597990022290999808,2020-08-21 14:07:02.291000,1229.0,1251.0,1201.0,1238.5,nan,1233.0,478,5894485.0,829,1231.5,1,1229.0,1,nan,0,nan,0,nan,0,nan,0,nan,0,nan,0,nan,0,nan,0
1597990027810878976,1597990028407000064,2020-08-21 14:07:08.407000,1229.0,1251.0,1201.0,1238.5,nan,1233.0,478,5894485.0,829,1231.5,1,1229.5,1,nan,0,nan,0,nan,0,nan,0,nan,0,nan,0,nan,0,nan,0
1597990042822004992,1597990043424999936,2020-08-21 14:07:23.425000,1229.5,1251.0,1201.0,1238.5,nan,1233.0,479,5906780.0,828,1229.5,1,1227.0,2,nan,0,nan,0,nan,0,nan,0,nan,0,nan,0,nan,0,nan,0
1597990043313427968,1597990043916999936,2020-08-21 14:07:23.917000,1229.5,1251.0,1201.0,1238.5,nan,1233.0,479,5906780.0,828,1229.5,1,1227.5,1,nan,0,nan,0,nan,0,nan,0,nan,0,nan,0,nan,0,nan,0
1597990043838967040,1597990044336000000,2020-08-21 14:07:24.336000,1229.5,1251.0,1201.0,1238.5,nan,1233.0,479,5906780.0,828,1229.5,1,1228.0,1,nan,0,nan,0,nan,0,nan,0,nan,0,nan,0,nan,0,nan,0
1597990062312101888,1597990062907000064,2020-08-21 14:07:42.907000,1229.5,1251.0,1201.0,1238.5,nan,1233.0,479,5906780.0,828,1232.0,1,1228.0,1,nan,0,nan,0,nan,0,nan,0,nan,0,nan,0,nan,0,nan,0
1597990062819895040,1597990063436999936,2020-08-21 14:07:43.437000,1229.5,1251.0,1201.0,1238.5,nan,1233.0,479,5906780.0,828,1231.5,1,1228.0,1,nan,0,nan,0,nan,0,nan,0,nan,0,nan,0,nan,0,nan,0
1597990076811886080,1597990077420999936,2020-08-21 14:07:57.421000,1229.5,1251.0,1201.0,1238.5,nan,1233.0,479,5906780.0,828,1231.0,1,1228.0,1,nan,0,nan,0,nan,0,nan,0,nan,0,nan,0,nan,0,nan,0
1597990077322582016,1597990077848000000,2020-08-21 14:07:57.848000,1229.5,1251.0,1201.0,1238.5,nan,1233.0,479,5906780.0,828,1230.5,1,1228.5,1,nan,0,nan,0,nan,0,nan,0,nan,0,nan,0,nan,0,nan,0
1597990086817989888,1597990087436999936,2020-08-21 14:08:07.437000,1228.5,1251.0,1201.0,1238.5,nan,1233.0,480,5919065.0,827,1228.5,1,1225.0,13,nan,0,nan,0,nan,0,nan,0,nan,0,nan,0,nan,0,nan,0
1597990087350958080,1597990087904999936,2020-08-21 14:08:07.905000,1228.5,1251.0,1201.0,1238.5,nan,1233.0,480,5919065.0,827,1228.5,1,1226.0,1,nan,0,nan,0,nan,0,nan,0,nan,0,nan,0,nan,0,nan,0
1597990093993565952,1597990094438999808,2020-08-21 14:08:14.439000,1228.5,1251.0,1201.0,1238.5,nan,1233.0,481,5931350.0,826,1231.0,1,1226.0,1,nan,0,nan,0,nan,0,nan,0,nan,0,nan,0,nan,0,nan,0
1597990094333906944,1597990094888999936,2020-08-21 14:08:14.889000,1228.5,1251.0,1201.0,1238.5,nan,1233.0,481,5931350.0,826,1231.0,1,1226.5,1,nan,0,nan,0,nan,0,nan,0,nan,0,nan,0,nan,0,nan,0
1597990094824115968,1597990095436000000,2020-08-21 14:08:15.436000,1228.5,1251.0,1201.0,1238.5,nan,1233.0,481,5931350.0,826,1231.0,1,1227.0,1,nan,0,nan,0,nan,0,nan,0,nan,0,nan,0,nan,0,nan,0
1597990095320294912,1597990095898000128,2020-08-21 14:08:15.898000,1228.5,1251.0,1201.0,1238.5,nan,1233.0,481,5931350.0,826,1231.0,1,1227.5,1,nan,0,nan,0,nan,0,nan,0,nan,0,nan,0,nan,0,nan,0
1597990095811810048,1597990096436999936,2020-08-21 14:08:16.437000,1228.5,1251.0,1201.0,1238.5,nan,1233.0,481,5931350.0,826,1230.5,2,1227.5,1,nan,0,nan,0,nan,0,nan,0,nan,0,nan,0,nan,0,nan,0
1597990100320997120,1597990100838000128,2020-08-21 14:08:20.838000,1228.5,1251.0,1201.0,1238.5,nan,1233.0,481,5931350.0,826,1230.0,1,1228.0,1,nan,0,nan,0,nan,0,nan,0,nan,0,nan,0,nan,0,nan,0
1597990103814981120,1597990104376000000,2020-08-21 14:08:24.376000,1228.0,1251.0,1201.0,1238.5,nan,1233.0,482,5943630.0,826,1230.0,1,1225.5,2,nan,0,nan,0,nan,0,nan,0,nan,0,nan,0,nan,0,nan,0
1597990108313560064,1597990108836000000,2020-08-21 14:08:28.836000,1228.0,1251.0,1201.0,1238.5,nan,1233.0,482,5943630.0,826,1230.0,1,1226.0,1,nan,0,nan,0,nan,0,nan,0,nan,0,nan,0,nan,0,nan,0
1597990108820710912,1597990109433000192,2020-08-21 14:08:29.433000,1228.0,1251.0,1201.0,1238.5,nan,1233.0,482,5943630.0,826,1230.0,1,1226.5,2,nan,0,nan,0,nan,0,nan,0,nan,0,nan,0,nan,0,nan,0
1597990112811363072,1597990113375000064,2020-08-21 14:08:33.375000,1228.0,1251.0,1201.0,1238.5,nan,1233.0,482,5943630.0,826,1230.0,1,1226.5,3,nan,0,nan,0,nan,0,nan,0,nan,0,nan,0,nan,0,nan,0
1597990114815483904,1597990115435000064,2020-08-21 14:08:35.435000,1228.0,1251.0,1201.0,1238.5,nan,1233.0,482,5943630.0,826,1230.0,1,1227.5,2,nan,0,nan,0,nan,0,nan,0,nan,0,nan,0,nan,0,nan,0
1597990118321872896,1597990118911000064,2020-08-21 14:08:38.911000,1227.5,1251.0,1201.0,1238.5,nan,1233.0,484,5968180.0,826,1230.0,1,1227.5,2,nan,0,nan,0,nan,0,nan,0,nan,0,nan,0,nan,0,nan,0
1597990193819012096,1597990194358000128,2020-08-21 14:09:54.358000,1227.5,1251.0,1201.0,1238.5,nan,1233.0,484,5968180.0,826,1229.5,1,1227.5,2,nan,0,nan,0,nan,0,nan,0,nan,0,nan,0,nan,0,nan,0
1597990235811751936,1597990236420999936,2020-08-21 14:10:36.421000,1227.5,1251.0,1201.0,1238.5,nan,1233.0,485,5980455.0,827,1229.5,1,1227.5,1,nan,0,nan,0,nan,0,nan,0,nan,0,nan,0,nan,0,nan,0
1597990268322929920,1597990268860999936,2020-08-21 14:11:08.861000,1227.5,1251.0,1201.0,1238.5,nan,1233.0,485,5980455.0,827,1229.5,1,1228.0,1,nan,0,nan,0,nan,0,nan,0,nan,0,nan,0,nan,0,nan,0
1597990310330715904,1597990310934000128,2020-08-21 14:11:50.934000,1229.5,1251.0,1201.0,1238.5,nan,1233.0,486,5992750.0,828,1230.0,2,1228.0,1,nan,0,nan,0,nan,0,nan,0,nan,0,nan,0,nan,0,nan,0
1597990313305156096,1597990313916000000,2020-08-21 14:11:53.916000,1230.0,1251.0,1201.0,1238.5,nan,1233.0,487,6005050.0,828,1230.0,1,1228.0,1,nan,0,nan,0,nan,0,nan,0,nan,0,nan,0,nan,0,nan,0
1597990313808608000,1597990314376000000,2020-08-21 14:11:54.376000,1230.0,1251.0,1201.0,1238.5,nan,1233.0,487,6005050.0,828,1230.0,1,1228.5,1,nan,0,nan,0,nan,0,nan,0,nan,0,nan,0,nan,0,nan,0
1597990325810785024,1597990326382999808,2020-08-21 14:12:06.383000,1230.0,1251.0,1201.0,1238.5,nan,1233.0,488,6017350.0,828,1231.5,2,1228.5,1,nan,0,nan,0,nan,0,nan,0,nan,0,nan,0,nan,0,nan,0
1597990330312805888,1597990330920000000,2020-08-21 14:12:10.920000,1230.0,1251.0,1201.0,1238.5,nan,1233.0,488,6017350.0,828,1231.0,1,1228.5,1,nan,0,nan,0,nan,0,nan,0,nan,0,nan,0,nan,0,nan,0
1597990330810721024,1597990331384000000,2020-08-21 14:12:11.384000,1230.0,1251.0,1201.0,1238.5,nan,1233.0,488,6017350.0,828,1230.5,1,1228.5,1,nan,0,nan,0,nan,0,nan,0,nan,0,nan,0,nan,0,nan,0
1597990347826484992,1597990348434000128,2020-08-21 14:12:28.434000,1230.5,1251.0,1201.0,1238.5,nan,1233.0,490,6041960.0,826,1230.5,1,1227.5,2,nan,0,nan,0,nan,0,nan,0,nan,0,nan,0,nan,0,nan,0
1597990348350134016,1597990348936000000,2020-08-21 14:12:28.936000,1230.5,1251.0,1201.0,1238.5,nan,1233.0,491,6054265.0,825,1231.0,2,1227.5,2,nan,0,nan,0,nan,0,nan,0,nan,0,nan,0,nan,0,nan,0
1597990352309961984,1597990352934000128,2020-08-21 14:12:32.934000,1230.5,1251.0,1201.0,1238.5,nan,1233.0,491,6054265.0,825,1230.5,1,1227.5,2,nan,0,nan,0,nan,0,nan,0,nan,0,nan,0,nan,0,nan,0
1597990359321971968,1597990359908999936,2020-08-21 14:12:39.909000,1230.5,1251.0,1201.0,1238.5,nan,1233.0,491,6054265.0,825,1230.5,1,1228.0,1,nan,0,nan,0,nan,0,nan,0,nan,0,nan,0,nan,0,nan,0
1597990359813912064,1597990360394000128,2020-08-21 14:12:40.394000,1230.5,1251.0,1201.0,1238.5,nan,1233.0,491,6054265.0,825,1230.5,1,1228.5,2,nan,0,nan,0,nan,0,nan,0,nan,0,nan,0,nan,0,nan,0
1597990364311289088,1597990364757999872,2020-08-21 14:12:44.758000,1230.5,1251.0,1201.0,1238.5,nan,1233.0,491,6054265.0,825,1231.0,2,1228.5,2,nan,0,nan,0,nan,0,nan,0,nan,0,nan,0,nan,0,nan,0
1597990451814664960,1597990452380999936,2020-08-21 14:14:12.381000,1230.5,1251.0,1201.0,1238.5,nan,1233.0,491,6054265.0,825,1231.0,2,1228.5,3,nan,0,nan,0,nan,0,nan,0,nan,0,nan,0,nan,0,nan,0
1597990478808711936,1597990479380999936,2020-08-21 14:14:39.381000,1230.5,1251.0,1201.0,1238.5,nan,1233.0,491,6054265.0,825,1231.0,3,1228.5,3,nan,0,nan,0,nan,0,nan,0,nan,0,nan,0,nan,0,nan,0
1597990482815890944,1597990483436000000,2020-08-21 14:14:43.436000,1228.5,1251.0,1201.0,1238.5,nan,1233.0,493,6078835.0,827,1231.0,3,1228.5,1,nan,0,nan,0,nan,0,nan,0,nan,0,nan,0,nan,0,nan,0
1597990483304642048,1597990483923000064,2020-08-21 14:14:43.923000,1228.5,1251.0,1201.0,1238.5,nan,1233.0,493,6078835.0,827,1230.0,1,1228.5,1,nan,0,nan,0,nan,0,nan,0,nan,0,nan,0,nan,0,nan,0
1597990540317385984,1597990540937999872,2020-08-21 14:15:40.938000,1231.0,1251.0,1201.0,1238.5,nan,1233.0,496,6115755.0,828,1231.0,1,1230.0,19,nan,0,nan,0,nan,0,nan,0,nan,0,nan,0,nan,0,nan,0
1597990540809167104,1597990541440000000,2020-08-21 14:15:41.440000,1231.0,1251.0,1201.0,1238.5,nan,1233.0,497,6128065.0,828,1233.0,1,1230.5,1,nan,0,nan,0,nan,0,nan,0,nan,0,nan,0,nan,0,nan,0
1597990547850131968,1597990548440000000,2020-08-21 14:15:48.440000,1231.0,1251.0,1201.0,1238.5,nan,1233.0,497,6128065.0,828,1233.0,1,1231.0,1,nan,0,nan,0,nan,0,nan,0,nan,0,nan,0,nan,0,nan,0
1597990548338298880,1597990548916000000,2020-08-21 14:15:48.916000,1231.0,1251.0,1201.0,1238.5,nan,1233.0,497,6128065.0,828,1233.0,1,1231.5,1,nan,0,nan,0,nan,0,nan,0,nan,0,nan,0,nan,0,nan,0
1597990551822231040,1597990552415000064,2020-08-21 14:15:52.415000,1231.0,1251.0,1201.0,1238.5,nan,1233.0,497,6128065.0,828,1233.0,2,1231.5,1,nan,0,nan,0,nan,0,nan,0,nan,0,nan,0,nan,0,nan,0
1597990563335272960,1597990563933000192,2020-08-21 14:16:03.933000,1231.5,1251.0,1201.0,1238.5,nan,1233.0,498,6140380.0,829,1231.5,1,1229.0,1,nan,0,nan,0,nan,0,nan,0,nan,0,nan,0,nan,0,nan,0
1597990580316555008,1597990580914000128,2020-08-21 14:16:20.914000,1231.5,1251.0,1201.0,1238.5,nan,1233.0,499,6152695.0,829,1233.0,2,1229.0,1,nan,0,nan,0,nan,0,nan,0,nan,0,nan,0,nan,0,nan,0
1597990583319598080,1597990583916000000,2020-08-21 14:16:23.916000,1231.5,1251.0,1201.0,1238.5,nan,1233.0,499,6152695.0,829,1232.0,1,1229.0,1,nan,0,nan,0,nan,0,nan,0,nan,0,nan,0,nan,0,nan,0
1597990588805876992,1597990589426000128,2020-08-21 14:16:29.426000,1231.5,1251.0,1201.0,1238.5,nan,1233.0,499,6152695.0,829,1232.0,2,1229.0,1,nan,0,nan,0,nan,0,nan,0,nan,0,nan,0,nan,0,nan,0
1597990591345831936,1597990591937999872,2020-08-21 14:16:31.938000,1231.5,1251.0,1201.0,1238.5,nan,1233.0,499,6152695.0,829,1232.0,2,1229.5,1,nan,0,nan,0,nan,0,nan,0,nan,0,nan,0,nan,0,nan,0
1597990592319303936,1597990592923000064,2020-08-21 14:16:32.923000,1231.5,1251.0,1201.0,1238.5,nan,1233.0,499,6152695.0,829,1231.5,1,1229.5,1,nan,0,nan,0,nan,0,nan,0,nan,0,nan,0,nan,0,nan,0
1597990593323063040,1597990593901999872,2020-08-21 14:16:33.902000,1231.5,1251.0,1201.0,1238.5,nan,1233.0,499,6152695.0,829,1231.5,6,1229.5,1,nan,0,nan,0,nan,0,nan,0,nan,0,nan,0,nan,0,nan,0
1597990600315858944,1597990600900000000,2020-08-21 14:16:40.900000,1231.5,1251.0,1201.0,1238.5,nan,1233.0,499,6152695.0,829,1231.5,8,1229.5,1,nan,0,nan,0,nan,0,nan,0,nan,0,nan,0,nan,0,nan,0
1597990601816638976,1597990602437999872,2020-08-21 14:16:42.438000,1231.5,1251.0,1201.0,1238.5,nan,1233.0,499,6152695.0,829,1231.0,1,1229.5,2,nan,0,nan,0,nan,0,nan,0,nan,0,nan,0,nan,0,nan,0
1597990614324239104,1597990614938999808,2020-08-21 14:16:54.939000,1231.5,1251.0,1201.0,1238.5,nan,1233.0,499,6152695.0,829,1231.0,3,1229.5,2,nan,0,nan,0,nan,0,nan,0,nan,0,nan,0,nan,0,nan,0
1597990663815640064,1597990664423000064,2020-08-21 14:17:44.423000,1231.0,1251.0,1201.0,1238.5,nan,1233.0,500,6165005.0,828,1231.0,2,1229.5,2,nan,0,nan,0,nan,0,nan,0,nan,0,nan,0,nan,0,nan,0
1597990697815933952,1597990698436000000,2020-08-21 14:18:18.436000,1231.0,1251.0,1201.0,1238.5,nan,1232.5,502,6189625.0,828,1231.5,6,1231.0,7,nan,0,nan,0,nan,0,nan,0,nan,0,nan,0,nan,0,nan,0
1597990788817268992,1597990789397000192,2020-08-21 14:19:49.397000,1231.0,1251.0,1201.0,1238.5,nan,1232.5,502,6189625.0,828,1231.5,6,1231.0,8,nan,0,nan,0,nan,0,nan,0,nan,0,nan,0,nan,0,nan,0
1597990798417448960,1597990798900999936,2020-08-21 14:19:58.901000,1231.0,1251.0,1201.0,1238.5,nan,1232.5,502,6189625.0,828,1231.5,5,1231.0,8,nan,0,nan,0,nan,0,nan,0,nan,0,nan,0,nan,0,nan,0
1597990911353445120,1597990911912000000,2020-08-21 14:21:51.912000,1231.5,1251.0,1201.0,1238.5,nan,1232.5,503,6201940.0,827,1231.5,4,1231.0,8,nan,0,nan,0,nan,0,nan,0,nan,0,nan,0,nan,0,nan,0
1597991001811730944,1597991002437999872,2020-08-21 14:23:22.438000,1231.5,1251.0,1201.0,1238.5,nan,1232.5,503,6201940.0,827,1231.5,4,1231.0,9,nan,0,nan,0,nan,0,nan,0,nan,0,nan,0,nan,0,nan,0
1597991006338041088,1597991007000000000,2020-08-21 14:23:27.000000,1231.0,1251.0,1201.0,1238.5,nan,1232.5,504,6214250.0,827,1231.5,4,1231.0,8,nan,0,nan,0,nan,0,nan,0,nan,0,nan,0,nan,0,nan,0
1597991035364398080,1597991036000000000,2020-08-21 14:23:56.000000,1231.0,1251.0,1201.0,1238.5,nan,1232.5,504,6214250.0,827,1231.5,4,1231.0,7,nan,0,nan,0,nan,0,nan,0,nan,0,nan,0,nan,0,nan,0
1597991036316461056,1597991037000000000,2020-08-21 14:23:57.000000,1231.0,1251.0,1201.0,1238.5,nan,1232.5,504,6214250.0,827,1231.5,4,1231.0,6,nan,0,nan,0,nan,0,nan,0,nan,0,nan,0,nan,0,nan,0
1597991042817440000,1597991043360999936,2020-08-21 14:24:03.361000,1231.5,1251.0,1201.0,1238.5,nan,1232.5,505,6226565.0,827,1231.5,3,1231.0,6,nan,0,nan,0,nan,0,nan,0,nan,0,nan,0,nan,0,nan,0
1597991053804584960,1597991054432000000,2020-08-21 14:24:14.432000,1231.5,1251.0,1201.0,1238.5,nan,1232.5,506,6238880.0,827,1231.5,2,1231.0,6,nan,0,nan,0,nan,0,nan,0,nan,0,nan,0,nan,0,nan,0
1597991069302937088,1597991069877000192,2020-08-21 14:24:29.877000,1231.5,1251.0,1201.0,1238.5,nan,1232.5,508,6263510.0,825,1233.0,2,1231.5,1,nan,0,nan,0,nan,0,nan,0,nan,0,nan,0,nan,0,nan,0
1597991076808813056,1597991077437999872,2020-08-21 14:24:37.438000,1231.5,1251.0,1201.0,1238.5,nan,1232.5,508,6263510.0,825,1233.0,2,1231.5,2,nan,0,nan,0,nan,0,nan,0,nan,0,nan,0,nan,0,nan,0
1597991077801163008,1597991078436999936,2020-08-21 14:24:38.437000,1231.5,1251.0,1201.0,1238.5,nan,1232.5,510,6288140.0,824,1231.5,4,1231.0,6,nan,0,nan,0,nan,0,nan,0,nan,0,nan,0,nan,0,nan,0
1597991083805288960,1597991084440000000,2020-08-21 14:24:44.440000,1231.0,1251.0,1201.0,1238.5,nan,1232.5,511,6300450.0,825,1231.5,4,1231.0,5,nan,0,nan,0,nan,0,nan,0,nan,0,nan,0,nan,0,nan,0
1597991089810331904,1597991090435000064,2020-08-21 14:24:50.435000,1231.0,1251.0,1201.0,1238.5,nan,1232.5,511,6300450.0,825,1232.5,9,1231.0,5,nan,0,nan,0,nan,0,nan,0,nan,0,nan,0,nan,0,nan,0
1597991099317666048,1597991099908000000,2020-08-21 14:24:59.908000,1231.0,1251.0,1201.0,1238.5,nan,1232.5,511,6300450.0,825,1232.0,1,1231.0,5,nan,0,nan,0,nan,0,nan,0,nan,0,nan,0,nan,0,nan,0
1597991107802969088,1597991108352999936,2020-08-21 14:25:08.353000,1231.0,1251.0,1201.0,1238.5,nan,1232.5,511,6300450.0,825,1233.0,2,1231.0,5,nan,0,nan,0,nan,0,nan,0,nan,0,nan,0,nan,0,nan,0
1597991111309891072,1597991111937999872,2020-08-21 14:25:11.938000,1231.0,1251.0,1201.0,1238.5,nan,1232.5,511,6300450.0,825,1233.0,1,1231.0,5,nan,0,nan,0,nan,0,nan,0,nan,0,nan,0,nan,0,nan,0
1597991112309145088,1597991112842999808,2020-08-21 14:25:12.843000,1233.0,1251.0,1201.0,1238.5,nan,1232.5,512,6312780.0,824,1233.5,1,1231.0,5,nan,0,nan,0,nan,0,nan,0,nan,0,nan,0,nan,0,nan,0
1597991112806467072,1597991113430000128,2020-08-21 14:25:13.430000,1233.5,1251.0,1201.0,1238.5,nan,1232.5,513,6325115.0,824,1234.0,1,1231.0,5,nan,0,nan,0,nan,0,nan,0,nan,0,nan,0,nan,0,nan,0
1597991142807220992,1597991143372000000,2020-08-21 14:25:43.372000,1233.5,1251.0,1201.0,1238.5,nan,1232.5,513,6325115.0,824,1233.5,9,1231.0,5,nan,0,nan,0,nan,0,nan,0,nan,0,nan,0,nan,0,nan,0
1597991143341278976,1597991143938999808,2020-08-21 14:25:43.939000,1233.5,1251.0,1201.0,1238.5,nan,1232.5,514,6337450.0,823,1233.5,8,1231.0,5,nan,0,nan,0,nan,0,nan,0,nan,0,nan,0,nan,0,nan,0
1597991159343398912,1597991159894000128,2020-08-21 14:25:59.894000,1233.5,1251.0,1201.0,1238.5,nan,1232.5,514,6337450.0,823,1233.0,1,1231.0,5,nan,0,nan,0,nan,0,nan,0,nan,0,nan,0,nan,0,nan,0
1597991183329743104,1597991183882999808,2020-08-21 14:26:23.883000,1233.5,1251.0,1201.0,1238.5,nan,1232.5,514,6337450.0,823,1233.0,2,1231.0,5,nan,0,nan,0,nan,0,nan,0,nan,0,nan,0,nan,0,nan,0
1597991189811907072,1597991190440000000,2020-08-21 14:26:30.440000,1231.0,1251.0,1201.0,1238.5,nan,1232.5,515,6349760.0,823,1232.5,5,1231.0,4,nan,0,nan,0,nan,0,nan,0,nan,0,nan,0,nan,0,nan,0
1597991202325833984,1597991202903000064,2020-08-21 14:26:42.903000,1231.0,1251.0,1201.0,1238.5,nan,1232.5,519,6399000.0,823,1232.5,5,1229.5,1,nan,0,nan,0,nan,0,nan,0,nan,0,nan,0,nan,0,nan,0
1597991206311408896,1597991206935000064,2020-08-21 14:26:46.935000,1231.0,1251.0,1201.0,1238.5,nan,1232.5,519,6399000.0,823,1232.5,5,1229.5,2,nan,0,nan,0,nan,0,nan,0,nan,0,nan,0,nan,0,nan,0
1597991208327459072,1597991208926000128,2020-08-21 14:26:48.926000,1231.0,1251.0,1201.0,1238.5,nan,1232.5,519,6399000.0,823,1232.0,1,1229.5,2,nan,0,nan,0,nan,0,nan,0,nan,0,nan,0,nan,0,nan,0
1597991208807265024,1597991209412000000,2020-08-21 14:26:49.412000,1231.0,1251.0,1201.0,1238.5,nan,1232.5,519,6399000.0,823,1231.5,3,1229.5,2,nan,0,nan,0,nan,0,nan,0,nan,0,nan,0,nan,0,nan,0
1597991215810309888,1597991216440999936,2020-08-21 14:26:56.441000,1231.0,1251.0,1201.0,1238.5,nan,1232.5,519,6399000.0,823,1231.5,3,1230.0,1,nan,0,nan,0,nan,0,nan,0,nan,0,nan,0,nan,0,nan,0
1597991216302240000,1597991216865999872,2020-08-21 14:26:56.866000,1231.0,1251.0,1201.0,1238.5,nan,1232.5,519,6399000.0,823,1231.5,6,1230.0,1,nan,0,nan,0,nan,0,nan,0,nan,0,nan,0,nan,0,nan,0
1597991235330064896,1597991235913000192,2020-08-21 14:27:15.913000,1230.0,1251.0,1201.0,1238.5,nan,1232.5,520,6411300.0,823,1231.5,6,1229.5,2,nan,0,nan,0,nan,0,nan,0,nan,0,nan,0,nan,0,nan,0
1597991240806853120,1597991241340000000,2020-08-21 14:27:21.340000,1230.0,1251.0,1201.0,1238.5,nan,1232.5,520,6411300.0,823,1231.0,1,1229.5,2,nan,0,nan,0,nan,0,nan,0,nan,0,nan,0,nan,0,nan,0
1597991242811075072,1597991243434000128,2020-08-21 14:27:23.434000,1229.5,1251.0,1201.0,1238.5,nan,1232.5,521,6423595.0,822,1231.0,1,1229.5,1,nan,0,nan,0,nan,0,nan,0,nan,0,nan,0,nan,0,nan,0
1597991247803176960,1597991248342999808,2020-08-21 14:27:28.343000,1229.5,1251.0,1201.0,1238.5,nan,1232.5,522,6435890.0,822,1231.0,2,1227.5,1,nan,0,nan,0,nan,0,nan,0,nan,0,nan,0,nan,0,nan,0
1597991253801016064,1597991254380000000,2020-08-21 14:27:34.380000,1229.5,1251.0,1201.0,1238.5,nan,1232.5,522,6435890.0,822,1231.0,2,1228.0,1,nan,0,nan,0,nan,0,nan,0,nan,0,nan,0,nan,0,nan,0
1597991254300654080,1597991254848000000,2020-08-21 14:27:34.848000,1229.5,1251.0,1201.0,1238.5,nan,1232.5,522,6435890.0,822,1230.5,2,1228.0,1,nan,0,nan,0,nan,0,nan,0,nan,0,nan,0,nan,0,nan,0
1597991256318925056,1597991256928000000,2020-08-21 14:27:36.928000,1228.0,1251.0,1201.0,1238.5,nan,1232.5,523,6448170.0,822,1230.5,2,1227.0,1,nan,0,nan,0,nan,0,nan,0,nan,0,nan,0,nan,0,nan,0
1597991260300925952,1597991260920000000,2020-08-21 14:27:40.920000,1227.0,1251.0,1201.0,1238.5,nan,1232.5,524,6460440.0,821,1230.0,1,1226.5,2,nan,0,nan,0,nan,0,nan,0,nan,0,nan,0,nan,0,nan,0
1597991260806028032,1597991261369999872,2020-08-21 14:27:41.370000,1227.0,1251.0,1201.0,1238.5,nan,1232.5,524,6460440.0,821,1229.5,2,1226.5,2,nan,0,nan,0,nan,0,nan,0,nan,0,nan,0,nan,0,nan,0
1597991263299130112,1597991263878000128,2020-08-21 14:27:43.878000,1227.0,1251.0,1201.0,1238.5,nan,1232.5,524,6460440.0,821,1229.0,1,1226.5,2,nan,0,nan,0,nan,0,nan,0,nan,0,nan,0,nan,0,nan,0
1597991263810002944,1597991264382999808,2020-08-21 14:27:44.383000,1227.0,1251.0,1201.0,1238.5,nan,1232.5,524,6460440.0,821,1229.0,1,1227.0,1,nan,0,nan,0,nan,0,nan,0,nan,0,nan,0,nan,0,nan,0
1597991264809232896,1597991265438999808,2020-08-21 14:27:45.439000,1227.0,1251.0,1201.0,1238.5,nan,1232.5,525,6472710.0,821,1229.0,1,1226.5,3,nan,0,nan,0,nan,0,nan,0,nan,0,nan,0,nan,0,nan,0
1597991270330883072,1597991270888999936,2020-08-21 14:27:50.889000,1226.5,1251.0,1201.0,1238.5,nan,1232.5,526,6484975.0,820,1228.5,3,1226.5,2,nan,0,nan,0,nan,0,nan,0,nan,0,nan,0,nan,0,nan,0
1597991278802447104,1597991279426000128,2020-08-21 14:27:59.426000,1226.5,1251.0,1201.0,1238.5,nan,1232.5,526,6484975.0,820,1228.5,3,1226.5,3,nan,0,nan,0,nan,0,nan,0,nan,0,nan,0,nan,0,nan,0
1597991279307886080,1597991279921999872,2020-08-21 14:27:59.922000,1226.5,1251.0,1201.0,1238.5,nan,1232.5,528,6509505.0,819,1228.5,3,1226.5,1,nan,0,nan,0,nan,0,nan,0,nan,0,nan,0,nan,0,nan,0
1597991282799645952,1597991283428000000,2020-08-21 14:28:03.428000,1226.5,1251.0,1201.0,1238.5,nan,1232.5,528,6509505.0,819,1228.5,3,1227.0,9,nan,0,nan,0,nan,0,nan,0,nan,0,nan,0,nan,0,nan,0
1597991288317628928,1597991288882999808,2020-08-21 14:28:08.883000,1226.5,1251.0,1201.0,1238.5,nan,1232.5,530,6534035.0,819,1228.5,3,1227.0,7,nan,0,nan,0,nan,0,nan,0,nan,0,nan,0,nan,0,nan,0
1597991289312126976,1597991289917999872,2020-08-21 14:28:09.918000,1227.0,1251.0,1201.0,1238.5,nan,1232.5,533,6570845.0,819,1228.5,3,1227.0,4,nan,0,nan,0,nan,0,nan,0,nan,0,nan,0,nan,0,nan,0
1597991292804285952,1597991293408999936,2020-08-21 14:28:13.409000,1227.0,1251.0,1201.0,1238.5,nan,1232.5,534,6583115.0,820,1228.5,3,1227.0,3,nan,0,nan,0,nan,0,nan,0,nan,0,nan,0,nan,0,nan,0
1597991293799121920,1597991294411000064,2020-08-21 14:28:14.411000,1227.0,1251.0,1201.0,1238.5,nan,1232.5,536,6607655.0,820,1228.5,3,1227.0,1,nan,0,nan,0,nan,0,nan,0,nan,0,nan,0,nan,0,nan,0
1597991294802618880,1597991295392999936,2020-08-21 14:28:15.393000,1227.0,1251.0,1201.0,1238.5,nan,1232.5,537,6619925.0,821,1228.5,3,1226.5,1,nan,0,nan,0,nan,0,nan,0,nan,0,nan,0,nan,0,nan,0
1597991297806763008,1597991298440000000,2020-08-21 14:28:18.440000,1227.0,1251.0,1201.0,1238.5,nan,1232.5,537,6619925.0,821,1228.0,1,1226.5,1,nan,0,nan,0,nan,0,nan,0,nan,0,nan,0,nan,0,nan,0
1597991309322450944,1597991309932000000,2020-08-21 14:28:29.932000,1227.0,1251.0,1201.0,1238.5,nan,1232.5,537,6619925.0,821,1228.0,1,1227.0,1,nan,0,nan,0,nan,0,nan,0,nan,0,nan,0,nan,0,nan,0
1597991367310967040,1597991367940999936,2020-08-21 14:29:27.941000,1227.0,1251.0,1201.0,1238.5,nan,1232.5,538,6632195.0,820,1228.0,1,1226.5,1,nan,0,nan,0,nan,0,nan,0,nan,0,nan,0,nan,0,nan,0
1597991386304930048,1597991386914000128,2020-08-21 14:29:46.914000,1227.0,1251.0,1201.0,1238.5,nan,1232.5,538,6632195.0,820,1228.0,1,1227.0,1,nan,0,nan,0,nan,0,nan,0,nan,0,nan,0,nan,0,nan,0
1597991391799632896,1597991392407000064,2020-08-21 14:29:52.407000,1227.0,1251.0,1201.0,1238.5,nan,1232.5,539,6644465.0,820,1227.0,1,1226.5,1,nan,0,nan,0,nan,0,nan,0,nan,0,nan,0,nan,0,nan,0
1597991394307613952,1597991394927000064,2020-08-21 14:29:54.927000,1227.0,1251.0,1201.0,1238.5,nan,1232.5,540,6656735.0,819,1228.0,1,1226.5,1,nan,0,nan,0,nan,0,nan,0,nan,0,nan,0,nan,0,nan,0
1597991418307280896,1597991418844999936,2020-08-21 14:30:18.845000,1226.5,1251.0,1201.0,1238.5,nan,1232.5,541,6669000.0,819,1228.0,1,1226.0,1,nan,0,nan,0,nan,0,nan,0,nan,0,nan,0,nan,0,nan,0
1597991420798637056,1597991421440999936,2020-08-21 14:30:21.441000,1226.0,1251.0,1201.0,1238.5,nan,1232.5,542,6681260.0,818,1228.0,1,1225.0,2,nan,0,nan,0,nan,0,nan,0,nan,0,nan,0,nan,0,nan,0
1597991426396530944,1597991426916999936,2020-08-21 14:30:26.917000,1225.0,1251.0,1201.0,1238.5,nan,1232.5,544,6705760.0,818,1225.0,1,1224.5,3,nan,0,nan,0,nan,0,nan,0,nan,0,nan,0,nan,0,nan,0
1597991427308773120,1597991427901999872,2020-08-21 14:30:27.902000,1225.0,1251.0,1201.0,1238.5,nan,1232.5,545,6718010.0,818,1227.5,6,1224.5,3,nan,0,nan,0,nan,0,nan,0,nan,0,nan,0,nan,0,nan,0
1597991428336133120,1597991428917999872,2020-08-21 14:30:28.918000,1227.5,1251.0,1201.0,1238.5,nan,1232.5,546,6730285.0,817,1227.5,5,1225.0,1,nan,0,nan,0,nan,0,nan,0,nan,0,nan,0,nan,0,nan,0
1597991434306931968,1597991434926000128,2020-08-21 14:30:34.926000,1227.5,1251.0,1201.0,1238.5,nan,1232.5,546,6730285.0,817,1227.0,1,1225.0,1,nan,0,nan,0,nan,0,nan,0,nan,0,nan,0,nan,0,nan,0
1597991440305463040,1597991440940999936,2020-08-21 14:30:40.941000,1227.5,1251.0,1201.0,1238.5,nan,1232.5,546,6730285.0,817,1227.0,1,1225.0,4,nan,0,nan,0,nan,0,nan,0,nan,0,nan,0,nan,0,nan,0
1597991442311630080,1597991442940999936,2020-08-21 14:30:42.941000,1227.5,1251.0,1201.0,1238.5,nan,1232.5,546,6730285.0,817,1227.0,1,1225.5,3,nan,0,nan,0,nan,0,nan,0,nan,0,nan,0,nan,0,nan,0
1597991449301651968,1597991449895000064,2020-08-21 14:30:49.895000,1227.5,1251.0,1201.0,1238.5,nan,1232.5,546,6730285.0,817,1227.0,1,1225.0,3,nan,0,nan,0,nan,0,nan,0,nan,0,nan,0,nan,0,nan,0
1597991451799973120,1597991452405999872,2020-08-21 14:30:52.406000,1227.5,1251.0,1201.0,1238.5,nan,1232.5,546,6730285.0,817,1227.0,1,1224.5,3,nan,0,nan,0,nan,0,nan,0,nan,0,nan,0,nan,0,nan,0
1597991452305637888,1597991452921999872,2020-08-21 14:30:52.922000,1227.5,1251.0,1201.0,1238.5,nan,1232.5,546,6730285.0,817,1227.0,1,1225.0,1,nan,0,nan,0,nan,0,nan,0,nan,0,nan,0,nan,0,nan,0
1597991466308471040,1597991466940000000,2020-08-21 14:31:06.940000,1227.5,1251.0,1201.0,1238.5,nan,1232.5,546,6730285.0,817,1227.0,1,1225.0,2,nan,0,nan,0,nan,0,nan,0,nan,0,nan,0,nan,0,nan,0
1597991497307045888,1597991497846999808,2020-08-21 14:31:37.847000,1227.5,1251.0,1201.0,1238.5,nan,1232.5,546,6730285.0,817,1227.0,1,1225.5,1,nan,0,nan,0,nan,0,nan,0,nan,0,nan,0,nan,0,nan,0
1597991533808722944,1597991534388999936,2020-08-21 14:32:14.389000,1227.0,1251.0,1201.0,1238.5,nan,1232.5,547,6742555.0,817,1228.0,1,1227.0,9,nan,0,nan,0,nan,0,nan,0,nan,0,nan,0,nan,0,nan,0
1597991537802927104,1597991538364000000,2020-08-21 14:32:18.364000,1227.0,1251.0,1201.0,1238.5,nan,1232.5,547,6742555.0,817,1230.5,7,1227.0,9,nan,0,nan,0,nan,0,nan,0,nan,0,nan,0,nan,0,nan,0
1597991543299075072,1597991543852000000,2020-08-21 14:32:23.852000,1227.0,1251.0,1201.0,1238.5,nan,1232.5,547,6742555.0,817,1230.0,1,1227.0,9,nan,0,nan,0,nan,0,nan,0,nan,0,nan,0,nan,0,nan,0
1597991543833436928,1597991544408000000,2020-08-21 14:32:24.408000,1227.0,1251.0,1201.0,1238.5,nan,1232.5,547,6742555.0,817,1229.5,7,1227.0,9,nan,0,nan,0,nan,0,nan,0,nan,0,nan,0,nan,0,nan,0
1597991549809090048,1597991550401999872,2020-08-21 14:32:30.402000,1227.0,1251.0,1201.0,1238.5,nan,1232.5,547,6742555.0,817,1229.0,1,1227.0,9,nan,0,nan,0,nan,0,nan,0,nan,0,nan,0,nan,0,nan,0
1597991556300913920,1597991556848000000,2020-08-21 14:32:36.848000,1227.0,1251.0,1201.0,1238.5,nan,1232.5,547,6742555.0,817,1229.0,1,1227.5,1,nan,0,nan,0,nan,0,nan,0,nan,0,nan,0,nan,0,nan,0
1597991645305900032,1597991645931000064,2020-08-21 14:34:05.931000,1227.5,1251.0,1201.0,1238.5,nan,1232.5,548,6754830.0,817,1229.0,1,1227.0,10,nan,0,nan,0,nan,0,nan,0,nan,0,nan,0,nan,0,nan,0
1597991658815746048,1597991659426000128,2020-08-21 14:34:19.426000,1227.5,1251.0,1201.0,1238.5,nan,1232.5,548,6754830.0,817,1229.0,1,1227.5,1,nan,0,nan,0,nan,0,nan,0,nan,0,nan,0,nan,0,nan,0
1597991712328196096,1597991712940999936,2020-08-21 14:35:12.941000,1229.0,1251.0,1201.0,1238.5,nan,1232.5,549,6767120.0,816,1231.0,1,1228.0,1,nan,0,nan,0,nan,0,nan,0,nan,0,nan,0,nan,0,nan,0
1597991712802546944,1597991713420000000,2020-08-21 14:35:13.420000,1229.0,1251.0,1201.0,1238.5,nan,1232.5,549,6767120.0,816,1230.0,1,1228.0,1,nan,0,nan,0,nan,0,nan,0,nan,0,nan,0,nan,0,nan,0
1597991768374392064,1597991768904000000,2020-08-21 14:36:08.904000,1228.0,1251.0,1201.0,1238.5,nan,1232.5,550,6779400.0,816,1228.0,1,1227.0,10,nan,0,nan,0,nan,0,nan,0,nan,0,nan,0,nan,0,nan,0
1597991777305828096,1597991777905999872,2020-08-21 14:36:17.906000,1228.0,1251.0,1201.0,1238.5,nan,1232.5,550,6779400.0,816,1228.0,1,1227.5,1,nan,0,nan,0,nan,0,nan,0,nan,0,nan,0,nan,0,nan,0
1597991786814913024,1597991787404000000,2020-08-21 14:36:27.404000,1228.0,1251.0,1201.0,1238.5,nan,1232.5,550,6779400.0,816,1230.5,2,1227.5,1,nan,0,nan,0,nan,0,nan,0,nan,0,nan,0,nan,0,nan,0
1597991794808408064,1597991795344999936,2020-08-21 14:36:35.345000,1228.0,1251.0,1201.0,1238.5,nan,1232.5,550,6779400.0,816,1230.0,1,1227.5,1,nan,0,nan,0,nan,0,nan,0,nan,0,nan,0,nan,0,nan,0
1597991796803645952,1597991797304000000,2020-08-21 14:36:37.304000,1228.0,1251.0,1201.0,1238.5,nan,1232.5,550,6779400.0,816,1230.0,2,1227.5,1,nan,0,nan,0,nan,0,nan,0,nan,0,nan,0,nan,0,nan,0
1597991798795536896,1597991799344000000,2020-08-21 14:36:39.344000,1228.0,1251.0,1201.0,1238.5,nan,1232.5,550,6779400.0,816,1230.0,1,1227.5,1,nan,0,nan,0,nan,0,nan,0,nan,0,nan,0,nan,0,nan,0
