local_nano_time,quote_nano_time,datetime,last_price,highest,lowest,open,close,average,volume,amount,open_interest,ask_price1,ask_volume1,bid_price1,bid_volume1,ask_price2,ask_volume2,bid_price2,bid_volume2,ask_price3,ask_volume3,bid_price3,bid_volume3,ask_price4,ask_volume4,bid_price4,bid_volume4,ask_price5,ask_volume5,bid_price5,bid_volume5
1597988229740155904,1597988230000000000,2020-08-21 13:37:10.000000,1639.0,1640.0,1596.0,1596.0,nan,1622.0,447488,14516510720.0,110888,1639.0,507,1638.0,17,nan,0,nan,0,nan,0,nan,0,nan,0,nan,0,nan,0,nan,0
1597988230234599936,1597988230000001024,2020-08-21 13:37:10.000001,1639.0,1640.0,1596.0,1596.0,nan,1622.0,447585,14519657400.0,110892,1639.0,458,1638.0,98,nan,0,nan,0,nan,0,nan,0,nan,0,nan,0,nan,0,nan,0
1597988230718000128,1597988231000000000,2020-08-21 13:37:11.000000,1639.0,1640.0,1596.0,1596.0,nan,1622.0,447636,14521311840.0,110887,1639.0,352,1638.0,117,nan,0,nan,0,nan,0,nan,0,nan,0,nan,0,nan,0,nan,0
1597988231226273024,1597988231000001024,2020-08-21 13:37:11.000001,1638.0,1640.0,1596.0,1596.0,nan,1622.0,447668,14522349920.0,110918,1639.0,340,1638.0,116,nan,0,nan,0,nan,0,nan,0,nan,0,nan,0,nan,0,nan,0
1597988231723334912,1597988232000000000,2020-08-21 13:37:12.000000,1639.0,1640.0,1596.0,1596.0,nan,1622.0,447718,14523971920.0,110935,1639.0,404,1638.0,123,nan,0,nan,0,nan,0,nan,0,nan,0,nan,0,nan,0,nan,0
1597988232227471104,1597988232000001024,2020-08-21 13:37:12.000001,1639.0,1640.0,1596.0,1596.0,nan,1622.0,447721,14524069240.0,110937,1639.0,425,1638.0,123,nan,0,nan,0,nan,0,nan,0,nan,0,nan,0,nan,0,nan,0
1597988232721332992,1597988233000000000,2020-08-21 13:37:13.000000,1639.0,1640.0,1596.0,1596.0,nan,1622.0,448037,14534320280.0,111206,1639.0,119,1638.0,133,nan,0,nan,0,nan,0,nan,0,nan,0,nan,0,nan,0,nan,0
1597988233203520000,1597988233000001024,2020-08-21 13:37:13.000001,1638.0,1640.0,1596.0,1596.0,nan,1622.0,448042,14534482480.0,111208,1639.0,140,1638.0,184,nan,0,nan,0,nan,0,nan,0,nan,0,nan,0,nan,0,nan,0
1597988233718202880,1597988234000000000,2020-08-21 13:37:14.000000,1638.0,1640.0,1596.0,1596.0,nan,1622.0,448106,14536558640.0,111228,1639.0,139,1638.0,215,nan,0,nan,0,nan,0,nan,0,nan,0,nan,0,nan,0,nan,0
1597988234212635904,1597988234000001024,2020-08-21 13:37:14.000001,1639.0,1640.0,1596.0,1596.0,nan,1622.0,448227,14540483880.0,111291,1639.0,55,1638.0,213,nan,0,nan,0,nan,0,nan,0,nan,0,nan,0,nan,0,nan,0
1597988234724616960,1597988235000000000,2020-08-21 13:37:15.000000,1639.0,1640.0,1596.0,1596.0,nan,1622.0,448308,14543111520.0,111327,1640.0,804,1639.0,4,nan,0,nan,0,nan,0,nan,0,nan,0,nan,0,nan,0,nan,0
1597988235217710080,1597988235000001024,2020-08-21 13:37:15.000001,1639.0,1640.0,1596.0,1596.0,nan,1622.0,448315,14543338600.0,111325,1640.0,652,1639.0,171,nan,0,nan,0,nan,0,nan,0,nan,0,nan,0,nan,0,nan,0
1597988235741430016,1597988236000000000,2020-08-21 13:37:16.000000,1640.0,1640.0,1596.0,1596.0,nan,1622.0,448654,14554335760.0,111623,1640.0,299,1639.0,329,nan,0,nan,0,nan,0,nan,0,nan,0,nan,0,nan,0,nan,0
1597988236212166912,1597988236000001024,2020-08-21 13:37:16.000001,1640.0,1640.0,1596.0,1596.0,nan,1622.0,448689,14555471160.0,111650,1640.0,274,1639.0,326,nan,0,nan,0,nan,0,nan,0,nan,0,nan,0,nan,0,nan,0
1597988236704903936,1597988237000000000,2020-08-21 13:37:17.000000,1639.0,1640.0,1596.0,1596.0,nan,1622.0,448721,14556509240.0,111678,1640.0,270,1639.0,310,nan,0,nan,0,nan,0,nan,0,nan,0,nan,0,nan,0,nan,0
1597988237224520960,1597988237000001024,2020-08-21 13:37:17.000001,1640.0,1640.0,1596.0,1596.0,nan,1622.0,448749,14557417560.0,111691,1640.0,288,1639.0,299,nan,0,nan,0,nan,0,nan,0,nan,0,nan,0,nan,0,nan,0
1597988237728310016,1597988238000000000,2020-08-21 13:37:18.000000,1639.0,1640.0,1596.0,1596.0,nan,1622.0,448821,14559753240.0,111708,1640.0,260,1639.0,281,nan,0,nan,0,nan,0,nan,0,nan,0,nan,0,nan,0,nan,0
1597988238250121984,1597988238000001024,2020-08-21 13:37:18.000001,1640.0,1640.0,1596.0,1596.0,nan,1622.0,448850,14560694000.0,111699,1640.0,253,1639.0,277,nan,0,nan,0,nan,0,nan,0,nan,0,nan,0,nan,0,nan,0
1597988238736528896,1597988239000000000,2020-08-21 13:37:19.000000,1639.0,1640.0,1596.0,1596.0,nan,1622.0,448860,14561018400.0,111699,1640.0,313,1639.0,284,nan,0,nan,0,nan,0,nan,0,nan,0,nan,0,nan,0,nan,0
1597988239199384064,1597988239000001024,2020-08-21 13:37:19.000001,1640.0,1640.0,1596.0,1596.0,nan,1622.0,448865,14561180600.0,111700,1640.0,315,1639.0,294,nan,0,nan,0,nan,0,nan,0,nan,0,nan,0,nan,0,nan,0
1597988239720843008,1597988240000000000,2020-08-21 13:37:20.000000,1639.0,1640.0,1596.0,1596.0,nan,1622.0,449169,14571042360.0,111501,1639.0,102,1638.0,429,nan,0,nan,0,nan,0,nan,0,nan,0,nan,0,nan,0,nan,0
1597988240223058944,1597988240000001024,2020-08-21 13:37:20.000001,1639.0,1640.0,1596.0,1596.0,nan,1622.0,449202,14572112880.0,111481,1639.0,343,1638.0,283,nan,0,nan,0,nan,0,nan,0,nan,0,nan,0,nan,0,nan,0
1597988240717032960,1597988241000000000,2020-08-21 13:37:21.000000,1638.0,1640.0,1596.0,1596.0,nan,1622.0,449505,14581942200.0,111416,1638.0,64,1637.0,653,nan,0,nan,0,nan,0,nan,0,nan,0,nan,0,nan,0,nan,0
1597988241228186112,1597988241000001024,2020-08-21 13:37:21.000001,1638.0,1640.0,1596.0,1596.0,nan,1622.0,449519,14582396360.0,111412,1638.0,61,1637.0,522,nan,0,nan,0,nan,0,nan,0,nan,0,nan,0,nan,0,nan,0
1597988241725707008,1597988242000000000,2020-08-21 13:37:22.000000,1638.0,1640.0,1596.0,1596.0,nan,1622.0,449670,14587294800.0,111413,1638.0,70,1637.0,479,nan,0,nan,0,nan,0,nan,0,nan,0,nan,0,nan,0,nan,0
1597988242211451904,1597988242000001024,2020-08-21 13:37:22.000001,1638.0,1640.0,1596.0,1596.0,nan,1622.0,449675,14587457000.0,111414,1638.0,54,1637.0,463,nan,0,nan,0,nan,0,nan,0,nan,0,nan,0,nan,0,nan,0
1597988242730308096,1597988243000000000,2020-08-21 13:37:23.000000,1638.0,1640.0,1596.0,1596.0,nan,1622.0,449680,14587619200.0,111418,1638.0,64,1637.0,462,nan,0,nan,0,nan,0,nan,0,nan,0,nan,0,nan,0,nan,0
1597988243232830976,1597988243000001024,2020-08-21 13:37:23.000001,1638.0,1640.0,1596.0,1596.0,nan,1622.0,449747,14589792680.0,111404,1639.0,645,1638.0,2,nan,0,nan,0,nan,0,nan,0,nan,0,nan,0,nan,0,nan,0
1597988243714072064,1597988244000000000,2020-08-21 13:37:24.000000,1638.0,1640.0,1596.0,1596.0,nan,1622.0,449811,14591868840.0,111452,1639.0,594,1638.0,45,nan,0,nan,0,nan,0,nan,0,nan,0,nan,0,nan,0,nan,0
1597988244211451904,1597988244000001024,2020-08-21 13:37:24.000001,1638.0,1640.0,1596.0,1596.0,nan,1622.0,449819,14592128360.0,111457,1639.0,573,1638.0,68,nan,0,nan,0,nan,0,nan,0,nan,0,nan,0,nan,0,nan,0
1597988244737159936,1597988245000000000,2020-08-21 13:37:25.000000,1639.0,1640.0,1596.0,1596.0,nan,1622.0,449827,14592387880.0,111455,1639.0,489,1638.0,89,nan,0,nan,0,nan,0,nan,0,nan,0,nan,0,nan,0,nan,0
1597988245201970944,1597988245000001024,2020-08-21 13:37:25.000001,1639.0,1640.0,1596.0,1596.0,nan,1622.0,449834,14592614960.0,111456,1639.0,479,1638.0,88,nan,0,nan,0,nan,0,nan,0,nan,0,nan,0,nan,0,nan,0
1597988245720600064,1597988246000000000,2020-08-21 13:37:26.000000,1639.0,1640.0,1596.0,1596.0,nan,1622.0,449897,14594658680.0,111496,1639.0,413,1638.0,84,nan,0,nan,0,nan,0,nan,0,nan,0,nan,0,nan,0,nan,0
1597988246268227072,1597988246000001024,2020-08-21 13:37:26.000001,1638.0,1640.0,1596.0,1596.0,nan,1622.0,449935,14595891400.0,111520,1639.0,456,1638.0,84,nan,0,nan,0,nan,0,nan,0,nan,0,nan,0,nan,0,nan,0
1597988246753361920,1597988247000000000,2020-08-21 13:37:27.000000,1638.0,1640.0,1596.0,1596.0,nan,1622.0,450033,14599070520.0,111465,1638.0,28,1637.0,681,nan,0,nan,0,nan,0,nan,0,nan,0,nan,0,nan,0,nan,0
1597988247224387072,1597988247000001024,2020-08-21 13:37:27.000001,1637.0,1640.0,1596.0,1596.0,nan,1622.0,450076,14600465440.0,111467,1638.0,28,1637.0,521,nan,0,nan,0,nan,0,nan,0,nan,0,nan,0,nan,0,nan,0
1597988247730970880,1597988248000000000,2020-08-21 13:37:28.000000,1638.0,1640.0,1596.0,1596.0,nan,1622.0,450084,14600724960.0,111467,1638.0,64,1637.0,489,nan,0,nan,0,nan,0,nan,0,nan,0,nan,0,nan,0,nan,0
1597988248238368000,1597988248000001024,2020-08-21 13:37:28.000001,1638.0,1640.0,1596.0,1596.0,nan,1622.0,450127,14602119880.0,111463,1638.0,76,1637.0,441,nan,0,nan,0,nan,0,nan,0,nan,0,nan,0,nan,0,nan,0
1597988248720336896,1597988249000000000,2020-08-21 13:37:29.000000,1638.0,1640.0,1596.0,1596.0,nan,1622.0,450133,14602314520.0,111463,1638.0,81,1637.0,446,nan,0,nan,0,nan,0,nan,0,nan,0,nan,0,nan,0,nan,0
1597988249237594880,1597988249000001024,2020-08-21 13:37:29.000001,1637.0,1640.0,1596.0,1596.0,nan,1622.0,450134,14602346960.0,111464,1638.0,86,1637.0,448,nan,0,nan,0,nan,0,nan,0,nan,0,nan,0,nan,0,nan,0
1597988249734850048,1597988250000000000,2020-08-21 13:37:30.000000,1638.0,1640.0,1596.0,1596.0,nan,1622.0,450149,14602833560.0,111463,1638.0,79,1637.0,440,nan,0,nan,0,nan,0,nan,0,nan,0,nan,0,nan,0,nan,0
1597988250247433984,1597988250000001024,2020-08-21 13:37:30.000001,1638.0,1640.0,1596.0,1596.0,nan,1622.0,450192,14604228480.0,111499,1638.0,40,1637.0,449,nan,0,nan,0,nan,0,nan,0,nan,0,nan,0,nan,0,nan,0
1597988250741654016,1597988251000000000,2020-08-21 13:37:31.000000,1638.0,1640.0,1596.0,1596.0,nan,1622.0,450303,14607829320.0,111577,1638.0,37,1637.0,343,nan,0,nan,0,nan,0,nan,0,nan,0,nan,0,nan,0,nan,0
1597988251212626944,1597988251000001024,2020-08-21 13:37:31.000001,1638.0,1640.0,1596.0,1596.0,nan,1622.0,450363,14609775720.0,111612,1638.0,102,1637.0,279,nan,0,nan,0,nan,0,nan,0,nan,0,nan,0,nan,0,nan,0
1597988251707777024,1597988252000000000,2020-08-21 13:37:32.000000,1638.0,1640.0,1596.0,1596.0,nan,1622.0,450396,14610846240.0,111626,1638.0,94,1637.0,273,nan,0,nan,0,nan,0,nan,0,nan,0,nan,0,nan,0,nan,0
1597988252229635072,1597988252000001024,2020-08-21 13:37:32.000001,1637.0,1640.0,1596.0,1596.0,nan,1622.0,450414,14611430160.0,111630,1638.0,117,1637.0,272,nan,0,nan,0,nan,0,nan,0,nan,0,nan,0,nan,0,nan,0
1597988252734960896,1597988253000000000,2020-08-21 13:37:33.000000,1638.0,1640.0,1596.0,1596.0,nan,1622.0,450554,14615971760.0,111554,1639.0,646,1638.0,62,nan,0,nan,0,nan,0,nan,0,nan,0,nan,0,nan,0,nan,0
1597988253242014976,1597988253000001024,2020-08-21 13:37:33.000001,1638.0,1640.0,1596.0,1596.0,nan,1622.0,450594,14617269360.0,111545,1639.0,630,1638.0,46,nan,0,nan,0,nan,0,nan,0,nan,0,nan,0,nan,0,nan,0
1597988253728347904,1597988254000000000,2020-08-21 13:37:34.000000,1638.0,1640.0,1596.0,1596.0,nan,1622.0,450617,14618015480.0,111546,1639.0,581,1638.0,118,nan,0,nan,0,nan,0,nan,0,nan,0,nan,0,nan,0,nan,0
1597988254214078976,1597988254000001024,2020-08-21 13:37:34.000001,1638.0,1640.0,1596.0,1596.0,nan,1622.0,450621,14618145240.0,111546,1639.0,525,1638.0,152,nan,0,nan,0,nan,0,nan,0,nan,0,nan,0,nan,0,nan,0
1597988254753584896,1597988255000000000,2020-08-21 13:37:35.000000,1638.0,1640.0,1596.0,1596.0,nan,1622.0,450658,14619345520.0,111533,1639.0,527,1638.0,126,nan,0,nan,0,nan,0,nan,0,nan,0,nan,0,nan,0,nan,0
1597988255222800896,1597988255000001024,2020-08-21 13:37:35.000001,1638.0,1640.0,1596.0,1596.0,nan,1622.0,450688,14620318720.0,111528,1639.0,543,1638.0,102,nan,0,nan,0,nan,0,nan,0,nan,0,nan,0,nan,0,nan,0
1597988255728399104,1597988256000000000,2020-08-21 13:37:36.000000,1638.0,1640.0,1596.0,1596.0,nan,1622.0,450699,14620675560.0,111524,1639.0,545,1638.0,109,nan,0,nan,0,nan,0,nan,0,nan,0,nan,0,nan,0,nan,0
1597988256227512064,1597988256000001024,2020-08-21 13:37:36.000001,1638.0,1640.0,1596.0,1596.0,nan,1622.0,450730,14621681200.0,111543,1639.0,527,1638.0,101,nan,0,nan,0,nan,0,nan,0,nan,0,nan,0,nan,0,nan,0
1597988256704919040,1597988257000000000,2020-08-21 13:37:37.000000,1638.0,1640.0,1596.0,1596.0,nan,1622.0,450745,14622167800.0,111557,1639.0,527,1638.0,97,nan,0,nan,0,nan,0,nan,0,nan,0,nan,0,nan,0,nan,0
1597988257207983104,1597988257000001024,2020-08-21 13:37:37.000001,1638.0,1640.0,1596.0,1596.0,nan,1622.0,450905,14627358200.0,111489,1638.0,39,1637.0,472,nan,0,nan,0,nan,0,nan,0,nan,0,nan,0,nan,0,nan,0
1597988257729763072,1597988258000000000,2020-08-21 13:37:38.000000,1638.0,1640.0,1596.0,1596.0,nan,1622.0,450922,14627909680.0,111486,1638.0,209,1637.0,383,nan,0,nan,0,nan,0,nan,0,nan,0,nan,0,nan,0,nan,0
1597988258227522048,1597988258000001024,2020-08-21 13:37:38.000001,1637.0,1640.0,1596.0,1596.0,nan,1622.0,450925,14628007000.0,111485,1638.0,252,1637.0,362,nan,0,nan,0,nan,0,nan,0,nan,0,nan,0,nan,0,nan,0
1597988258735813888,1597988259000000000,2020-08-21 13:37:39.000000,1638.0,1640.0,1596.0,1596.0,nan,1622.0,450938,14628428720.0,111490,1638.0,243,1637.0,365,nan,0,nan,0,nan,0,nan,0,nan,0,nan,0,nan,0,nan,0
1597988259234678016,1597988259000001024,2020-08-21 13:37:39.000001,1638.0,1640.0,1596.0,1596.0,nan,1622.0,450969,14629434360.0,111515,1638.0,239,1637.0,339,nan,0,nan,0,nan,0,nan,0,nan,0,nan,0,nan,0,nan,0
1597988259751169024,1597988260000000000,2020-08-21 13:37:40.000000,1638.0,1640.0,1596.0,1596.0,nan,1622.0,450988,14630050720.0,111517,1638.0,219,1637.0,329,nan,0,nan,0,nan,0,nan,0,nan,0,nan,0,nan,0,nan,0
1597988260216538880,1597988260000001024,2020-08-21 13:37:40.000001,1637.0,1640.0,1596.0,1596.0,nan,1622.0,450995,14630277800.0,111521,1638.0,227,1637.0,323,nan,0,nan,0,nan,0,nan,0,nan,0,nan,0,nan,0,nan,0
1597988260736328960,1597988261000000000,2020-08-21 13:37:41.000000,1637.0,1640.0,1596.0,1596.0,nan,1622.0,451022,14631153680.0,111535,1638.0,233,1637.0,299,nan,0,nan,0,nan,0,nan,0,nan,0,nan,0,nan,0,nan,0
1597988261250182912,1597988261000001024,2020-08-21 13:37:41.000001,1638.0,1640.0,1596.0,1596.0,nan,1622.0,451030,14631413200.0,111542,1638.0,231,1637.0,310,nan,0,nan,0,nan,0,nan,0,nan,0,nan,0,nan,0,nan,0
1597988261724207104,1597988262000000000,2020-08-21 13:37:42.000000,1638.0,1640.0,1596.0,1596.0,nan,1622.0,451089,14633327160.0,111570,1638.0,666,1637.0,307,nan,0,nan,0,nan,0,nan,0,nan,0,nan,0,nan,0,nan,0
1597988262262592000,1597988262000001024,2020-08-21 13:37:42.000001,1637.0,1640.0,1596.0,1596.0,nan,1622.0,451103,14633781320.0,111573,1638.0,703,1637.0,300,nan,0,nan,0,nan,0,nan,0,nan,0,nan,0,nan,0,nan,0
1597988262738458880,1597988263000000000,2020-08-21 13:37:43.000000,1637.0,1640.0,1596.0,1596.0,nan,1622.0,451238,14638160720.0,111587,1638.0,702,1637.0,183,nan,0,nan,0,nan,0,nan,0,nan,0,nan,0,nan,0,nan,0
1597988263200154880,1597988263000001024,2020-08-21 13:37:43.000001,1637.0,1640.0,1596.0,1596.0,nan,1622.0,451242,14638290480.0,111588,1638.0,701,1637.0,213,nan,0,nan,0,nan,0,nan,0,nan,0,nan,0,nan,0,nan,0
1597988263726189056,1597988264000000000,2020-08-21 13:37:44.000000,1637.0,1640.0,1596.0,1596.0,nan,1622.0,451248,14638485120.0,111586,1638.0,701,1637.0,221,nan,0,nan,0,nan,0,nan,0,nan,0,nan,0,nan,0,nan,0
1597988264248427008,1597988264000001024,2020-08-21 13:37:44.000001,1637.0,1640.0,1596.0,1596.0,nan,1622.0,451276,14639393440.0,111595,1638.0,699,1637.0,220,nan,0,nan,0,nan,0,nan,0,nan,0,nan,0,nan,0,nan,0
1597988264729127936,1597988265000000000,2020-08-21 13:37:45.000000,1637.0,1640.0,1596.0,1596.0,nan,1622.0,451522,14647373680.0,111668,1637.0,15,1636.0,860,nan,0,nan,0,nan,0,nan,0,nan,0,nan,0,nan,0,nan,0
1597988265245007872,1597988265000001024,2020-08-21 13:37:45.000001,1637.0,1640.0,1596.0,1596.0,nan,1622.0,451569,14648898360.0,111684,1637.0,2,1636.0,769,nan,0,nan,0,nan,0,nan,0,nan,0,nan,0,nan,0,nan,0
1597988265743421952,1597988266000000000,2020-08-21 13:37:46.000000,1637.0,1640.0,1596.0,1596.0,nan,1622.0,451572,14648995680.0,111683,1637.0,33,1636.0,754,nan,0,nan,0,nan,0,nan,0,nan,0,nan,0,nan,0,nan,0
1597988266215179008,1597988266000001024,2020-08-21 13:37:46.000001,1637.0,1640.0,1596.0,1596.0,nan,1622.0,451620,14650552800.0,111655,1637.0,28,1636.0,682,nan,0,nan,0,nan,0,nan,0,nan,0,nan,0,nan,0,nan,0
1597988266738294016,1597988267000000000,2020-08-21 13:37:47.000000,1637.0,1640.0,1596.0,1596.0,nan,1622.0,452095,14665961800.0,111464,1638.0,492,1637.0,17,nan,0,nan,0,nan,0,nan,0,nan,0,nan,0,nan,0,nan,0
1597988267234106880,1597988267000001024,2020-08-21 13:37:47.000001,1637.0,1640.0,1596.0,1596.0,nan,1622.0,452117,14666675480.0,111458,1638.0,452,1637.0,131,nan,0,nan,0,nan,0,nan,0,nan,0,nan,0,nan,0,nan,0
1597988267734403072,1597988268000000000,2020-08-21 13:37:48.000000,1637.0,1640.0,1596.0,1596.0,nan,1622.0,452120,14666772800.0,111460,1638.0,465,1637.0,192,nan,0,nan,0,nan,0,nan,0,nan,0,nan,0,nan,0,nan,0
1597988268228496896,1597988268000001024,2020-08-21 13:37:48.000001,1638.0,1640.0,1596.0,1596.0,nan,1622.0,452185,14668881400.0,111525,1638.0,417,1637.0,204,nan,0,nan,0,nan,0,nan,0,nan,0,nan,0,nan,0,nan,0
1597988268741906944,1597988269000000000,2020-08-21 13:37:49.000000,1637.0,1640.0,1596.0,1596.0,nan,1622.0,452324,14673390560.0,111507,1638.0,419,1637.0,81,nan,0,nan,0,nan,0,nan,0,nan,0,nan,0,nan,0,nan,0
1597988269221260032,1597988269000001024,2020-08-21 13:37:49.000001,1637.0,1640.0,1596.0,1596.0,nan,1622.0,452346,14674104240.0,111515,1638.0,407,1637.0,97,nan,0,nan,0,nan,0,nan,0,nan,0,nan,0,nan,0,nan,0
1597988269718185984,1597988270000000000,2020-08-21 13:37:50.000000,1637.0,1640.0,1596.0,1596.0,nan,1622.0,452352,14674298880.0,111517,1638.0,407,1637.0,120,nan,0,nan,0,nan,0,nan,0,nan,0,nan,0,nan,0,nan,0
1597988270231929088,1597988270000001024,2020-08-21 13:37:50.000001,1637.0,1640.0,1596.0,1596.0,nan,1622.0,452414,14676310160.0,111499,1638.0,404,1637.0,96,nan,0,nan,0,nan,0,nan,0,nan,0,nan,0,nan,0,nan,0
1597988270732823040,1597988271000000000,2020-08-21 13:37:51.000000,1637.0,1640.0,1596.0,1596.0,nan,1622.0,452436,14677023840.0,111520,1638.0,393,1637.0,180,nan,0,nan,0,nan,0,nan,0,nan,0,nan,0,nan,0,nan,0
1597988271232292096,1597988271000001024,2020-08-21 13:37:51.000001,1638.0,1640.0,1596.0,1596.0,nan,1622.0,452861,14690810840.0,111868,1639.0,648,1638.0,59,nan,0,nan,0,nan,0,nan,0,nan,0,nan,0,nan,0,nan,0
1597988271740193024,1597988272000000000,2020-08-21 13:37:52.000000,1638.0,1640.0,1596.0,1596.0,nan,1622.0,452888,14691686720.0,111890,1639.0,556,1638.0,76,nan,0,nan,0,nan,0,nan,0,nan,0,nan,0,nan,0,nan,0
1597988272224857088,1597988272000001024,2020-08-21 13:37:52.000001,1639.0,1640.0,1596.0,1596.0,nan,1622.0,452895,14691913800.0,111896,1639.0,524,1638.0,107,nan,0,nan,0,nan,0,nan,0,nan,0,nan,0,nan,0,nan,0
1597988272745155072,1597988273000000000,2020-08-21 13:37:53.000000,1639.0,1640.0,1596.0,1596.0,nan,1622.0,452931,14693081640.0,111928,1639.0,503,1638.0,109,nan,0,nan,0,nan,0,nan,0,nan,0,nan,0,nan,0,nan,0
1597988273222951936,1597988273000001024,2020-08-21 13:37:53.000001,1638.0,1640.0,1596.0,1596.0,nan,1622.0,452935,14693211400.0,111928,1639.0,498,1638.0,112,nan,0,nan,0,nan,0,nan,0,nan,0,nan,0,nan,0,nan,0
1597988273738048000,1597988274000000000,2020-08-21 13:37:54.000000,1638.0,1640.0,1596.0,1596.0,nan,1622.0,453038,14696552720.0,111919,1639.0,477,1638.0,70,nan,0,nan,0,nan,0,nan,0,nan,0,nan,0,nan,0,nan,0
1597988274230321920,1597988274000001024,2020-08-21 13:37:54.000001,1638.0,1640.0,1596.0,1596.0,nan,1622.0,453039,14696585160.0,111919,1639.0,467,1638.0,71,nan,0,nan,0,nan,0,nan,0,nan,0,nan,0,nan,0,nan,0
1597988274743865088,1597988275000000000,2020-08-21 13:37:55.000000,1639.0,1640.0,1596.0,1596.0,nan,1622.0,453040,14696617600.0,111919,1639.0,479,1638.0,117,nan,0,nan,0,nan,0,nan,0,nan,0,nan,0,nan,0,nan,0
1597988275214546944,1597988275000001024,2020-08-21 13:37:55.000001,1638.0,1640.0,1596.0,1596.0,nan,1622.0,453068,14697525920.0,111919,1639.0,472,1638.0,90,nan,0,nan,0,nan,0,nan,0,nan,0,nan,0,nan,0,nan,0
1597988275756182016,1597988276000000000,2020-08-21 13:37:56.000000,1638.0,1640.0,1596.0,1596.0,nan,1622.0,453112,14698953280.0,111933,1639.0,459,1638.0,71,nan,0,nan,0,nan,0,nan,0,nan,0,nan,0,nan,0,nan,0
1597988276257433088,1597988276000001024,2020-08-21 13:37:56.000001,1638.0,1640.0,1596.0,1596.0,nan,1622.0,453119,14699180360.0,111933,1639.0,524,1638.0,69,nan,0,nan,0,nan,0,nan,0,nan,0,nan,0,nan,0,nan,0
1597988276813635072,1597988277000000000,2020-08-21 13:37:57.000000,1638.0,1640.0,1596.0,1596.0,nan,1622.0,453134,14699666960.0,111942,1639.0,525,1638.0,63,nan,0,nan,0,nan,0,nan,0,nan,0,nan,0,nan,0,nan,0
1597988277266817024,1597988277000001024,2020-08-21 13:37:57.000001,1638.0,1640.0,1596.0,1596.0,nan,1622.0,453144,14699991360.0,111948,1639.0,518,1638.0,72,nan,0,nan,0,nan,0,nan,0,nan,0,nan,0,nan,0,nan,0
1597988277751386880,1597988278000000000,2020-08-21 13:37:58.000000,1638.0,1640.0,1596.0,1596.0,nan,1622.0,453215,14702294600.0,111961,1639.0,517,1638.0,19,nan,0,nan,0,nan,0,nan,0,nan,0,nan,0,nan,0,nan,0
1597988278221659904,1597988278000001024,2020-08-21 13:37:58.000001,1638.0,1640.0,1596.0,1596.0,nan,1622.0,453242,14703170480.0,111962,1638.0,59,1637.0,399,nan,0,nan,0,nan,0,nan,0,nan,0,nan,0,nan,0,nan,0
1597988278740848128,1597988279000000000,2020-08-21 13:37:59.000000,1638.0,1640.0,1596.0,1596.0,nan,1622.0,453245,14703267800.0,111962,1638.0,124,1637.0,311,nan,0,nan,0,nan,0,nan,0,nan,0,nan,0,nan,0,nan,0
1597988279224838912,1597988279000001024,2020-08-21 13:37:59.000001,1638.0,1640.0,1596.0,1596.0,nan,1622.0,453262,14703819280.0,111979,1638.0,125,1637.0,237,nan,0,nan,0,nan,0,nan,0,nan,0,nan,0,nan,0,nan,0
1597988279741498112,1597988280000000000,2020-08-21 13:38:00.000000,1638.0,1640.0,1596.0,1596.0,nan,1622.0,453264,14703884160.0,111981,1638.0,136,1637.0,238,nan,0,nan,0,nan,0,nan,0,nan,0,nan,0,nan,0,nan,0
1597988280246950912,1597988280000001024,2020-08-21 13:38:00.000001,1637.0,1640.0,1596.0,1596.0,nan,1622.0,453371,14707355240.0,111954,1638.0,132,1637.0,138,nan,0,nan,0,nan,0,nan,0,nan,0,nan,0,nan,0,nan,0
1597988280740954880,1597988281000000000,2020-08-21 13:38:01.000000,1638.0,1640.0,1596.0,1596.0,nan,1622.0,453385,14707809400.0,111962,1638.0,131,1637.0,127,nan,0,nan,0,nan,0,nan,0,nan,0,nan,0,nan,0,nan,0
1597988281208419072,1597988281000001024,2020-08-21 13:38:01.000001,1637.0,1640.0,1596.0,1596.0,nan,1622.0,453392,14708036480.0,111962,1638.0,141,1637.0,162,nan,0,nan,0,nan,0,nan,0,nan,0,nan,0,nan,0,nan,0
1597988281715804928,1597988282000000000,2020-08-21 13:38:02.000000,1637.0,1640.0,1596.0,1596.0,nan,1622.0,453399,14708263560.0,111967,1638.0,161,1637.0,158,nan,0,nan,0,nan,0,nan,0,nan,0,nan,0,nan,0,nan,0
1597988282234021120,1597988282000001024,2020-08-21 13:38:02.000001,1638.0,1640.0,1596.0,1596.0,nan,1622.0,453410,14708620400.0,111974,1638.0,153,1637.0,157,nan,0,nan,0,nan,0,nan,0,nan,0,nan,0,nan,0,nan,0
1597988282741434112,1597988283000000000,2020-08-21 13:38:03.000000,1637.0,1640.0,1596.0,1596.0,nan,1622.0,453413,14708717720.0,111976,1638.0,175,1637.0,156,nan,0,nan,0,nan,0,nan,0,nan,0,nan,0,nan,0,nan,0
1597988283286444032,1597988283000001024,2020-08-21 13:38:03.000001,1637.0,1640.0,1596.0,1596.0,nan,1622.0,453419,14708912360.0,111976,1638.0,189,1637.0,127,nan,0,nan,0,nan,0,nan,0,nan,0,nan,0,nan,0,nan,0
1597988283756262912,1597988284000000000,2020-08-21 13:38:04.000000,1638.0,1640.0,1596.0,1596.0,nan,1622.0,453422,14709009680.0,111979,1638.0,214,1637.0,126,nan,0,nan,0,nan,0,nan,0,nan,0,nan,0,nan,0,nan,0
1597988284228574976,1597988284000001024,2020-08-21 13:38:04.000001,1638.0,1640.0,1596.0,1596.0,nan,1622.0,453461,14710274840.0,111977,1638.0,194,1637.0,115,nan,0,nan,0,nan,0,nan,0,nan,0,nan,0,nan,0,nan,0
1597988284738469888,1597988285000000000,2020-08-21 13:38:05.000000,1637.0,1640.0,1596.0,1596.0,nan,1622.0,453482,14710956080.0,111977,1638.0,185,1637.0,101,nan,0,nan,0,nan,0,nan,0,nan,0,nan,0,nan,0,nan,0
1597988285226214912,1597988285000001024,2020-08-21 13:38:05.000001,1637.0,1640.0,1596.0,1596.0,nan,1622.0,453526,14712383440.0,111994,1638.0,164,1637.0,83,nan,0,nan,0,nan,0,nan,0,nan,0,nan,0,nan,0,nan,0
1597988285745409024,1597988286000000000,2020-08-21 13:38:06.000000,1637.0,1640.0,1596.0,1596.0,nan,1622.0,453532,14712578080.0,111995,1638.0,163,1637.0,132,nan,0,nan,0,nan,0,nan,0,nan,0,nan,0,nan,0,nan,0
1597988286226686976,1597988286000001024,2020-08-21 13:38:06.000001,1637.0,1640.0,1596.0,1596.0,nan,1622.0,453540,14712837600.0,111993,1638.0,157,1637.0,134,nan,0,nan,0,nan,0,nan,0,nan,0,nan,0,nan,0,nan,0
1597988286739293952,1597988287000000000,2020-08-21 13:38:07.000000,1637.0,1640.0,1596.0,1596.0,nan,1622.0,453541,14712870040.0,111993,1638.0,167,1637.0,133,nan,0,nan,0,nan,0,nan,0,nan,0,nan,0,nan,0,nan,0
1597988287220115968,1597988287000001024,2020-08-21 13:38:07.000001,1638.0,1640.0,1596.0,1596.0,nan,1622.0,453548,14713097120.0,111998,1638.0,167,1637.0,141,nan,0,nan,0,nan,0,nan,0,nan,0,nan,0,nan,0,nan,0
1597988287750275072,1597988288000000000,2020-08-21 13:38:08.000000,1637.0,1640.0,1596.0,1596.0,nan,1622.0,453556,14713356640.0,112001,1638.0,165,1637.0,150,nan,0,nan,0,nan,0,nan,0,nan,0,nan,0,nan,0,nan,0
1597988288252911104,1597988288000001024,2020-08-21 13:38:08.000001,1638.0,1640.0,1596.0,1596.0,nan,1622.0,453575,14713973000.0,112002,1638.0,164,1637.0,145,nan,0,nan,0,nan,0,nan,0,nan,0,nan,0,nan,0,nan,0
1597988288741145088,1597988289000000000,2020-08-21 13:38:09.000000,1637.0,1640.0,1596.0,1596.0,nan,1622.0,453586,14714329840.0,112003,1638.0,166,1637.0,136,nan,0,nan,0,nan,0,nan,0,nan,0,nan,0,nan,0,nan,0
1597988289241423104,1597988289000001024,2020-08-21 13:38:09.000001,1638.0,1640.0,1596.0,1596.0,nan,1622.0,453593,14714556920.0,112006,1638.0,181,1637.0,134,nan,0,nan,0,nan,0,nan,0,nan,0,nan,0,nan,0,nan,0
1597988289744578048,1597988290000000000,2020-08-21 13:38:10.000000,1637.0,1640.0,1596.0,1596.0,nan,1622.0,453602,14714848880.0,112005,1638.0,203,1637.0,128,nan,0,nan,0,nan,0,nan,0,nan,0,nan,0,nan,0,nan,0
1597988290219299072,1597988290000001024,2020-08-21 13:38:10.000001,1637.0,1640.0,1596.0,1596.0,nan,1622.0,453639,14716049160.0,112011,1638.0,185,1637.0,122,nan,0,nan,0,nan,0,nan,0,nan,0,nan,0,nan,0,nan,0
1597988290740060928,1597988291000000000,2020-08-21 13:38:11.000000,1638.0,1640.0,1596.0,1596.0,nan,1622.0,453640,14716081600.0,112011,1638.0,185,1637.0,124,nan,0,nan,0,nan,0,nan,0,nan,0,nan,0,nan,0,nan,0
1597988291243447040,1597988291000001024,2020-08-21 13:38:11.000001,1637.0,1640.0,1596.0,1596.0,nan,1622.0,453652,14716470880.0,112008,1638.0,187,1637.0,124,nan,0,nan,0,nan,0,nan,0,nan,0,nan,0,nan,0,nan,0
1597988291743636992,1597988292000000000,2020-08-21 13:38:12.000000,1638.0,1640.0,1596.0,1596.0,nan,1622.0,453682,14717444080.0,112012,1638.0,175,1637.0,124,nan,0,nan,0,nan,0,nan,0,nan,0,nan,0,nan,0,nan,0
1597988292245715968,1597988292000001024,2020-08-21 13:38:12.000001,1637.0,1640.0,1596.0,1596.0,nan,1622.0,453692,14717768480.0,112013,1638.0,179,1637.0,114,nan,0,nan,0,nan,0,nan,0,nan,0,nan,0,nan,0,nan,0
1597988292751137024,1597988293000000000,2020-08-21 13:38:13.000000,1637.0,1640.0,1596.0,1596.0,nan,1622.0,453695,14717865800.0,112014,1638.0,213,1637.0,112,nan,0,nan,0,nan,0,nan,0,nan,0,nan,0,nan,0,nan,0
1597988293217747968,1597988293000001024,2020-08-21 13:38:13.000001,1637.0,1640.0,1596.0,1596.0,nan,1622.0,453697,14717930680.0,112014,1638.0,216,1637.0,110,nan,0,nan,0,nan,0,nan,0,nan,0,nan,0,nan,0,nan,0
1597988293746660096,1597988294000000000,2020-08-21 13:38:14.000000,1637.0,1640.0,1596.0,1596.0,nan,1622.0,453698,14717963120.0,112014,1638.0,218,1637.0,109,nan,0,nan,0,nan,0,nan,0,nan,0,nan,0,nan,0,nan,0
1597988294237412096,1597988294000001024,2020-08-21 13:38:14.000001,1637.0,1640.0,1596.0,1596.0,nan,1622.0,453708,14718287520.0,112022,1638.0,222,1637.0,100,nan,0,nan,0,nan,0,nan,0,nan,0,nan,0,nan,0,nan,0
1597988294746287104,1597988295000000000,2020-08-21 13:38:15.000000,1637.0,1640.0,1596.0,1596.0,nan,1622.0,453726,14718871440.0,112024,1638.0,231,1637.0,79,nan,0,nan,0,nan,0,nan,0,nan,0,nan,0,nan,0,nan,0
1597988295254285056,1597988295000001024,2020-08-21 13:38:15.000001,1637.0,1640.0,1596.0,1596.0,nan,1622.0,453741,14719358040.0,112028,1638.0,243,1637.0,60,nan,0,nan,0,nan,0,nan,0,nan,0,nan,0,nan,0,nan,0
1597988295754503936,1597988296000000000,2020-08-21 13:38:16.000000,1637.0,1640.0,1596.0,1596.0,nan,1622.0,453804,14721401760.0,112018,1637.0,13,1636.0,916,nan,0,nan,0,nan,0,nan,0,nan,0,nan,0,nan,0,nan,0
1597988296233075968,1597988296000001024,2020-08-21 13:38:16.000001,1636.0,1640.0,1596.0,1596.0,nan,1622.0,453805,14721434200.0,112017,1637.0,51,1636.0,803,nan,0,nan,0,nan,0,nan,0,nan,0,nan,0,nan,0,nan,0
1597988296748833024,1597988297000000000,2020-08-21 13:38:17.000000,1637.0,1640.0,1596.0,1596.0,nan,1622.0,453850,14722894000.0,111996,1637.0,63,1636.0,711,nan,0,nan,0,nan,0,nan,0,nan,0,nan,0,nan,0,nan,0
1597988297251939072,1597988297000001024,2020-08-21 13:38:17.000001,1637.0,1640.0,1596.0,1596.0,nan,1622.0,453859,14723185960.0,112004,1637.0,70,1636.0,726,nan,0,nan,0,nan,0,nan,0,nan,0,nan,0,nan,0,nan,0
1597988297748621056,1597988298000000000,2020-08-21 13:38:18.000000,1637.0,1640.0,1596.0,1596.0,nan,1622.0,453860,14723218400.0,112004,1637.0,65,1636.0,727,nan,0,nan,0,nan,0,nan,0,nan,0,nan,0,nan,0,nan,0
1597988298246048000,1597988298000001024,2020-08-21 13:38:18.000001,1637.0,1640.0,1596.0,1596.0,nan,1622.0,453860,14723218400.0,112004,1637.0,80,1636.0,738,nan,0,nan,0,nan,0,nan,0,nan,0,nan,0,nan,0,nan,0
1597988298724536064,1597988299000000000,2020-08-21 13:38:19.000000,1636.0,1640.0,1596.0,1596.0,nan,1622.0,453870,14723542800.0,112008,1637.0,84,1636.0,718,nan,0,nan,0,nan,0,nan,0,nan,0,nan,0,nan,0,nan,0
1597988299240788992,1597988299000001024,2020-08-21 13:38:19.000001,1636.0,1640.0,1596.0,1596.0,nan,1622.0,453915,14725002600.0,112003,1637.0,79,1636.0,681,nan,0,nan,0,nan,0,nan,0,nan,0,nan,0,nan,0,nan,0
1597988299752811008,1597988300000000000,2020-08-21 13:38:20.000000,1636.0,1640.0,1596.0,1596.0,nan,1622.0,453921,14725197240.0,112007,1637.0,97,1636.0,679,nan,0,nan,0,nan,0,nan,0,nan,0,nan,0,nan,0,nan,0
1597988300249184000,1597988300000001024,2020-08-21 13:38:20.000001,1636.0,1640.0,1596.0,1596.0,nan,1622.0,453923,14725262120.0,112007,1637.0,153,1636.0,684,nan,0,nan,0,nan,0,nan,0,nan,0,nan,0,nan,0,nan,0
1597988300779624960,1597988301000000000,2020-08-21 13:38:21.000000,1636.0,1640.0,1596.0,1596.0,nan,1622.0,453924,14725294560.0,112007,1637.0,185,1636.0,688,nan,0,nan,0,nan,0,nan,0,nan,0,nan,0,nan,0,nan,0
1597988301664841984,1597988301000001024,2020-08-21 13:38:21.000001,1637.0,1640.0,1596.0,1596.0,nan,1622.0,453934,14725618960.0,112010,1637.0,188,1636.0,686,nan,0,nan,0,nan,0,nan,0,nan,0,nan,0,nan,0,nan,0
1597988301843059968,1597988302000000000,2020-08-21 13:38:22.000000,1637.0,1640.0,1596.0,1596.0,nan,1622.0,453943,14725910920.0,112017,1637.0,190,1636.0,679,nan,0,nan,0,nan,0,nan,0,nan,0,nan,0,nan,0,nan,0
1597988302252246016,1597988302000001024,2020-08-21 13:38:22.000001,1637.0,1640.0,1596.0,1596.0,nan,1622.0,453946,14726008240.0,112017,1637.0,189,1636.0,679,nan,0,nan,0,nan,0,nan,0,nan,0,nan,0,nan,0,nan,0
1597988302732450048,1597988303000000000,2020-08-21 13:38:23.000000,1637.0,1640.0,1596.0,1596.0,nan,1622.0,453948,14726073120.0,112019,1637.0,192,1636.0,680,nan,0,nan,0,nan,0,nan,0,nan,0,nan,0,nan,0,nan,0
1597988303249905920,1597988303000001024,2020-08-21 13:38:23.000001,1636.0,1640.0,1596.0,1596.0,nan,1622.0,453980,14727111200.0,112027,1637.0,183,1636.0,659,nan,0,nan,0,nan,0,nan,0,nan,0,nan,0,nan,0,nan,0
1597988303828723968,1597988304000000000,2020-08-21 13:38:24.000000,1636.0,1640.0,1596.0,1596.0,nan,1622.0,453981,14727143640.0,112027,1637.0,183,1636.0,652,nan,0,nan,0,nan,0,nan,0,nan,0,nan,0,nan,0,nan,0
1597988304268005888,1597988304000001024,2020-08-21 13:38:24.000001,1636.0,1640.0,1596.0,1596.0,nan,1622.0,453986,14727305840.0,112027,1637.0,183,1636.0,649,nan,0,nan,0,nan,0,nan,0,nan,0,nan,0,nan,0,nan,0
1597988304748506880,1597988305000000000,2020-08-21 13:38:25.000000,1636.0,1640.0,1596.0,1596.0,nan,1622.0,453996,14727630240.0,112032,1637.0,178,1636.0,644,nan,0,nan,0,nan,0,nan,0,nan,0,nan,0,nan,0,nan,0
1597988305231796992,1597988305000001024,2020-08-21 13:38:25.000001,1636.0,1640.0,1596.0,1596.0,nan,1622.0,453997,14727662680.0,112033,1637.0,188,1636.0,643,nan,0,nan,0,nan,0,nan,0,nan,0,nan,0,nan,0,nan,0
1597988305742050048,1597988306000000000,2020-08-21 13:38:26.000000,1637.0,1640.0,1596.0,1596.0,nan,1622.0,454013,14728181720.0,112033,1637.0,175,1636.0,641,nan,0,nan,0,nan,0,nan,0,nan,0,nan,0,nan,0,nan,0
1597988306259140096,1597988306000001024,2020-08-21 13:38:26.000001,1637.0,1640.0,1596.0,1596.0,nan,1622.0,454014,14728214160.0,112033,1637.0,176,1636.0,646,nan,0,nan,0,nan,0,nan,0,nan,0,nan,0,nan,0,nan,0
1597988306749068032,1597988307000000000,2020-08-21 13:38:27.000000,1637.0,1640.0,1596.0,1596.0,nan,1622.0,454015,14728246600.0,112034,1637.0,175,1636.0,649,nan,0,nan,0,nan,0,nan,0,nan,0,nan,0,nan,0,nan,0
1597988307270585088,1597988307000001024,2020-08-21 13:38:27.000001,1637.0,1640.0,1596.0,1596.0,nan,1622.0,454016,14728279040.0,112034,1637.0,175,1636.0,673,nan,0,nan,0,nan,0,nan,0,nan,0,nan,0,nan,0,nan,0
1597988307765222912,1597988308000000000,2020-08-21 13:38:28.000000,1637.0,1640.0,1596.0,1596.0,nan,1622.0,454022,14728473680.0,112035,1637.0,170,1636.0,668,nan,0,nan,0,nan,0,nan,0,nan,0,nan,0,nan,0,nan,0
1597988308227407104,1597988308000001024,2020-08-21 13:38:28.000001,1636.0,1640.0,1596.0,1596.0,nan,1622.0,454023,14728506120.0,112036,1637.0,176,1636.0,667,nan,0,nan,0,nan,0,nan,0,nan,0,nan,0,nan,0,nan,0
1597988308749406976,1597988309000000000,2020-08-21 13:38:29.000000,1636.0,1640.0,1596.0,1596.0,nan,1622.0,454024,14728538560.0,112036,1637.0,182,1636.0,669,nan,0,nan,0,nan,0,nan,0,nan,0,nan,0,nan,0,nan,0
1597988309253544960,1597988309000001024,2020-08-21 13:38:29.000001,1637.0,1640.0,1596.0,1596.0,nan,1622.0,454027,14728635880.0,112038,1637.0,207,1636.0,669,nan,0,nan,0,nan,0,nan,0,nan,0,nan,0,nan,0,nan,0
1597988309943759104,1597988310000000000,2020-08-21 13:38:30.000000,1636.0,1640.0,1596.0,1596.0,nan,1622.0,454128,14731912320.0,111986,1637.0,218,1636.0,569,nan,0,nan,0,nan,0,nan,0,nan,0,nan,0,nan,0,nan,0
1597988310310494976,1597988310000001024,2020-08-21 13:38:30.000001,1637.0,1640.0,1596.0,1596.0,nan,1622.0,454355,14739276200.0,112099,1638.0,403,1637.0,18,nan,0,nan,0,nan,0,nan,0,nan,0,nan,0,nan,0,nan,0
1597988310753251072,1597988311000000000,2020-08-21 13:38:31.000000,1637.0,1640.0,1596.0,1596.0,nan,1622.0,454385,14740249400.0,112089,1638.0,364,1637.0,50,nan,0,nan,0,nan,0,nan,0,nan,0,nan,0,nan,0,nan,0
1597988311229848064,1597988311000001024,2020-08-21 13:38:31.000001,1637.0,1640.0,1596.0,1596.0,nan,1622.0,454391,14740444040.0,112084,1638.0,333,1637.0,129,nan,0,nan,0,nan,0,nan,0,nan,0,nan,0,nan,0,nan,0
1597988311750479872,1597988312000000000,2020-08-21 13:38:32.000000,1637.0,1640.0,1596.0,1596.0,nan,1622.0,454398,14740671120.0,112087,1638.0,303,1637.0,257,nan,0,nan,0,nan,0,nan,0,nan,0,nan,0,nan,0,nan,0
1597988312248096000,1597988312000001024,2020-08-21 13:38:32.000001,1637.0,1640.0,1596.0,1596.0,nan,1622.0,454399,14740703560.0,112087,1638.0,302,1637.0,271,nan,0,nan,0,nan,0,nan,0,nan,0,nan,0,nan,0,nan,0
1597988312762406912,1597988313000000000,2020-08-21 13:38:33.000000,1637.0,1640.0,1596.0,1596.0,nan,1622.0,454426,14741579440.0,112083,1638.0,308,1637.0,285,nan,0,nan,0,nan,0,nan,0,nan,0,nan,0,nan,0,nan,0
1597988313235817984,1597988313000001024,2020-08-21 13:38:33.000001,1638.0,1640.0,1596.0,1596.0,nan,1622.0,455060,14762146400.0,112498,1639.0,412,1638.0,170,nan,0,nan,0,nan,0,nan,0,nan,0,nan,0,nan,0,nan,0
1597988313759853056,1597988314000000000,2020-08-21 13:38:34.000000,1638.0,1640.0,1596.0,1596.0,nan,1622.0,455080,14762795200.0,112499,1639.0,294,1638.0,212,nan,0,nan,0,nan,0,nan,0,nan,0,nan,0,nan,0,nan,0
1597988314242345984,1597988314000001024,2020-08-21 13:38:34.000001,1639.0,1640.0,1596.0,1596.0,nan,1622.0,455141,14764774040.0,112535,1639.0,231,1638.0,216,nan,0,nan,0,nan,0,nan,0,nan,0,nan,0,nan,0,nan,0
1597988314750766080,1597988315000000000,2020-08-21 13:38:35.000000,1638.0,1640.0,1596.0,1596.0,nan,1622.0,455376,14772397440.0,112569,1639.0,19,1638.0,199,nan,0,nan,0,nan,0,nan,0,nan,0,nan,0,nan,0,nan,0
1597988315250104064,1597988315000001024,2020-08-21 13:38:35.000001,1640.0,1640.0,1596.0,1596.0,nan,1622.0,455405,14773338200.0,112566,1640.0,750,1639.0,93,nan,0,nan,0,nan,0,nan,0,nan,0,nan,0,nan,0,nan,0
1597988315767506944,1597988316000000000,2020-08-21 13:38:36.000000,1639.0,1640.0,1596.0,1596.0,nan,1622.0,455495,14776257800.0,112574,1640.0,677,1639.0,73,nan,0,nan,0,nan,0,nan,0,nan,0,nan,0,nan,0,nan,0
1597988316240886016,1597988316000001024,2020-08-21 13:38:36.000001,1639.0,1640.0,1596.0,1596.0,nan,1622.0,455504,14776549760.0,112580,1640.0,658,1639.0,171,nan,0,nan,0,nan,0,nan,0,nan,0,nan,0,nan,0,nan,0
1597988316769923072,1597988317000000000,2020-08-21 13:38:37.000000,1639.0,1640.0,1596.0,1596.0,nan,1622.0,455509,14776711960.0,112584,1640.0,654,1639.0,187,nan,0,nan,0,nan,0,nan,0,nan,0,nan,0,nan,0,nan,0
1597988317232987904,1597988317000001024,2020-08-21 13:38:37.000001,1640.0,1640.0,1596.0,1596.0,nan,1622.0,455520,14777068800.0,112590,1640.0,646,1639.0,178,nan,0,nan,0,nan,0,nan,0,nan,0,nan,0,nan,0,nan,0
1597988317757253120,1597988318000000000,2020-08-21 13:38:38.000000,1640.0,1640.0,1596.0,1596.0,nan,1622.0,455527,14777295880.0,112595,1640.0,648,1639.0,185,nan,0,nan,0,nan,0,nan,0,nan,0,nan,0,nan,0,nan,0
1597988318254961920,1597988318000001024,2020-08-21 13:38:38.000001,1640.0,1640.0,1596.0,1596.0,nan,1622.0,455534,14777522960.0,112595,1640.0,670,1639.0,182,nan,0,nan,0,nan,0,nan,0,nan,0,nan,0,nan,0,nan,0
1597988318753851904,1597988319000000000,2020-08-21 13:38:39.000000,1639.0,1640.0,1596.0,1596.0,nan,1622.0,455548,14777977120.0,112603,1640.0,668,1639.0,170,nan,0,nan,0,nan,0,nan,0,nan,0,nan,0,nan,0,nan,0
1597988319268066048,1597988319000001024,2020-08-21 13:38:39.000001,1640.0,1640.0,1596.0,1596.0,nan,1622.0,455549,14778009560.0,112602,1640.0,668,1639.0,186,nan,0,nan,0,nan,0,nan,0,nan,0,nan,0,nan,0,nan,0
1597988319766280960,1597988320000000000,2020-08-21 13:38:40.000000,1639.0,1640.0,1596.0,1596.0,nan,1622.0,455553,14778139320.0,112604,1640.0,669,1639.0,235,nan,0,nan,0,nan,0,nan,0,nan,0,nan,0,nan,0,nan,0
1597988320231474944,1597988320000001024,2020-08-21 13:38:40.000001,1639.0,1640.0,1596.0,1596.0,nan,1622.0,455555,14778204200.0,112605,1640.0,678,1639.0,241,nan,0,nan,0,nan,0,nan,0,nan,0,nan,0,nan,0,nan,0
1597988320736613120,1597988321000000000,2020-08-21 13:38:41.000000,1640.0,1640.0,1596.0,1596.0,nan,1622.0,455586,14779209840.0,112632,1640.0,654,1639.0,240,nan,0,nan,0,nan,0,nan,0,nan,0,nan,0,nan,0,nan,0
1597988321248631040,1597988321000001024,2020-08-21 13:38:41.000001,1640.0,1640.0,1596.0,1596.0,nan,1622.0,455598,14779599120.0,112636,1640.0,647,1639.0,235,nan,0,nan,0,nan,0,nan,0,nan,0,nan,0,nan,0,nan,0
1597988321772815104,1597988322000000000,2020-08-21 13:38:42.000000,1640.0,1640.0,1596.0,1596.0,nan,1622.0,455651,14781318440.0,112658,1640.0,594,1639.0,226,nan,0,nan,0,nan,0,nan,0,nan,0,nan,0,nan,0,nan,0
1597988322265655040,1597988322000001024,2020-08-21 13:38:42.000001,1640.0,1640.0,1596.0,1596.0,nan,1622.0,455662,14781675280.0,112663,1640.0,588,1639.0,252,nan,0,nan,0,nan,0,nan,0,nan,0,nan,0,nan,0,nan,0
1597988322770252032,1597988323000000000,2020-08-21 13:38:43.000000,1640.0,1640.0,1596.0,1596.0,nan,1622.0,455696,14782778240.0,112680,1640.0,617,1639.0,251,nan,0,nan,0,nan,0,nan,0,nan,0,nan,0,nan,0,nan,0
1597988323239695872,1597988323000001024,2020-08-21 13:38:43.000001,1639.0,1640.0,1596.0,1596.0,nan,1622.0,455770,14785178800.0,112616,1640.0,698,1639.0,250,nan,0,nan,0,nan,0,nan,0,nan,0,nan,0,nan,0,nan,0
1597988323748209920,1597988324000000000,2020-08-21 13:38:44.000000,1640.0,1640.0,1596.0,1596.0,nan,1622.0,455803,14786249320.0,112641,1640.0,668,1639.0,244,nan,0,nan,0,nan,0,nan,0,nan,0,nan,0,nan,0,nan,0
1597988324240545024,1597988324000001024,2020-08-21 13:38:44.000001,1639.0,1640.0,1596.0,1596.0,nan,1622.0,456079,14795202760.0,112484,1639.0,119,1638.0,280,nan,0,nan,0,nan,0,nan,0,nan,0,nan,0,nan,0,nan,0
1597988324733747968,1597988325000000000,2020-08-21 13:38:45.000000,1639.0,1640.0,1596.0,1596.0,nan,1622.0,456122,14796597680.0,112462,1639.0,175,1638.0,223,nan,0,nan,0,nan,0,nan,0,nan,0,nan,0,nan,0,nan,0
1597988325293265920,1597988325000001024,2020-08-21 13:38:45.000001,1639.0,1640.0,1596.0,1596.0,nan,1622.0,456129,14796824760.0,112462,1639.0,203,1638.0,206,nan,0,nan,0,nan,0,nan,0,nan,0,nan,0,nan,0,nan,0
1597988325879470080,1597988326000000000,2020-08-21 13:38:46.000000,1639.0,1640.0,1596.0,1596.0,nan,1622.0,456133,14796954520.0,112462,1639.0,205,1638.0,206,nan,0,nan,0,nan,0,nan,0,nan,0,nan,0,nan,0,nan,0
1597988326367608064,1597988326000001024,2020-08-21 13:38:46.000001,1639.0,1640.0,1596.0,1596.0,nan,1622.0,456141,14797214040.0,112456,1639.0,230,1638.0,217,nan,0,nan,0,nan,0,nan,0,nan,0,nan,0,nan,0,nan,0
1597988326787397120,1597988327000000000,2020-08-21 13:38:47.000000,1638.0,1640.0,1596.0,1596.0,nan,1622.0,456143,14797278920.0,112454,1639.0,233,1638.0,217,nan,0,nan,0,nan,0,nan,0,nan,0,nan,0,nan,0,nan,0
1597988327425713920,1597988327000001024,2020-08-21 13:38:47.000001,1638.0,1640.0,1596.0,1596.0,nan,1622.0,456153,14797603320.0,112453,1639.0,242,1638.0,213,nan,0,nan,0,nan,0,nan,0,nan,0,nan,0,nan,0,nan,0
1597988327777239040,1597988328000000000,2020-08-21 13:38:48.000000,1639.0,1640.0,1596.0,1596.0,nan,1622.0,456382,14805032080.0,112409,1639.0,317,1638.0,80,nan,0,nan,0,nan,0,nan,0,nan,0,nan,0,nan,0,nan,0
1597988328392982016,1597988328000001024,2020-08-21 13:38:48.000001,1638.0,1640.0,1596.0,1596.0,nan,1622.0,456486,14808405840.0,112409,1638.0,1,1637.0,542,nan,0,nan,0,nan,0,nan,0,nan,0,nan,0,nan,0,nan,0
1597988328847383040,1597988329000000000,2020-08-21 13:38:49.000000,1638.0,1640.0,1596.0,1596.0,nan,1622.0,456495,14808697800.0,112405,1638.0,3,1637.0,522,nan,0,nan,0,nan,0,nan,0,nan,0,nan,0,nan,0,nan,0
1597988329425912064,1597988329000001024,2020-08-21 13:38:49.000001,1639.0,1640.0,1596.0,1596.0,nan,1622.0,456536,14810027840.0,112379,1639.0,346,1637.0,499,nan,0,nan,0,nan,0,nan,0,nan,0,nan,0,nan,0,nan,0
1597988329758443008,1597988330000000000,2020-08-21 13:38:50.000000,1638.0,1640.0,1596.0,1596.0,nan,1622.0,456538,14810092720.0,112377,1638.0,66,1637.0,550,nan,0,nan,0,nan,0,nan,0,nan,0,nan,0,nan,0,nan,0
1597988330267280896,1597988330000001024,2020-08-21 13:38:50.000001,1638.0,1640.0,1596.0,1596.0,nan,1622.0,456541,14810190040.0,112377,1638.0,71,1637.0,513,nan,0,nan,0,nan,0,nan,0,nan,0,nan,0,nan,0,nan,0
1597988330761186048,1597988331000000000,2020-08-21 13:38:51.000000,1638.0,1640.0,1596.0,1596.0,nan,1622.0,456544,14810287360.0,112379,1638.0,89,1637.0,539,nan,0,nan,0,nan,0,nan,0,nan,0,nan,0,nan,0,nan,0
1597988331260261888,1597988331000001024,2020-08-21 13:38:51.000001,1637.0,1640.0,1596.0,1596.0,nan,1622.0,456580,14811455200.0,112382,1638.0,64,1637.0,527,nan,0,nan,0,nan,0,nan,0,nan,0,nan,0,nan,0,nan,0
1597988331769191936,1597988332000000000,2020-08-21 13:38:52.000000,1637.0,1640.0,1596.0,1596.0,nan,1622.0,456592,14811844480.0,112383,1638.0,61,1637.0,435,nan,0,nan,0,nan,0,nan,0,nan,0,nan,0,nan,0,nan,0
1597988332275942912,1597988332000001024,2020-08-21 13:38:52.000001,1638.0,1640.0,1596.0,1596.0,nan,1622.0,456616,14812623040.0,112383,1638.0,37,1637.0,423,nan,0,nan,0,nan,0,nan,0,nan,0,nan,0,nan,0,nan,0
1597988332735395072,1597988333000000000,2020-08-21 13:38:53.000000,1638.0,1640.0,1596.0,1596.0,nan,1622.0,456620,14812752800.0,112380,1638.0,33,1637.0,424,nan,0,nan,0,nan,0,nan,0,nan,0,nan,0,nan,0,nan,0
1597988333248560896,1597988333000001024,2020-08-21 13:38:53.000001,1638.0,1640.0,1596.0,1596.0,nan,1622.0,456650,14813726000.0,112378,1638.0,15,1637.0,398,nan,0,nan,0,nan,0,nan,0,nan,0,nan,0,nan,0,nan,0
1597988333795284992,1597988334000000000,2020-08-21 13:38:54.000000,1638.0,1640.0,1596.0,1596.0,nan,1622.0,456681,14814731640.0,112380,1639.0,483,1638.0,21,nan,0,nan,0,nan,0,nan,0,nan,0,nan,0,nan,0,nan,0
1597988334267476992,1597988334000001024,2020-08-21 13:38:54.000001,1638.0,1640.0,1596.0,1596.0,nan,1622.0,456682,14814764080.0,112381,1639.0,362,1638.0,104,nan,0,nan,0,nan,0,nan,0,nan,0,nan,0,nan,0,nan,0
1597988334797323008,1597988335000000000,2020-08-21 13:38:55.000000,1638.0,1640.0,1596.0,1596.0,nan,1622.0,456686,14814893840.0,112383,1639.0,353,1638.0,144,nan,0,nan,0,nan,0,nan,0,nan,0,nan,0,nan,0,nan,0
1597988335237132032,1597988335000001024,2020-08-21 13:38:55.000001,1639.0,1640.0,1596.0,1596.0,nan,1622.0,456711,14815704840.0,112388,1639.0,381,1638.0,161,nan,0,nan,0,nan,0,nan,0,nan,0,nan,0,nan,0,nan,0
1597988335760946944,1597988336000000000,2020-08-21 13:38:56.000000,1638.0,1640.0,1596.0,1596.0,nan,1622.0,456712,14815737280.0,112388,1639.0,394,1638.0,181,nan,0,nan,0,nan,0,nan,0,nan,0,nan,0,nan,0,nan,0
1597988336281199104,1597988336000001024,2020-08-21 13:38:56.000001,1638.0,1640.0,1596.0,1596.0,nan,1622.0,456721,14816029240.0,112388,1639.0,393,1638.0,189,nan,0,nan,0,nan,0,nan,0,nan,0,nan,0,nan,0,nan,0
1597988336837095936,1597988337000000000,2020-08-21 13:38:57.000000,1638.0,1640.0,1596.0,1596.0,nan,1622.0,456725,14816159000.0,112390,1639.0,400,1638.0,225,nan,0,nan,0,nan,0,nan,0,nan,0,nan,0,nan,0,nan,0
1597988337279934976,1597988337000001024,2020-08-21 13:38:57.000001,1639.0,1640.0,1596.0,1596.0,nan,1622.0,456778,14817878320.0,112399,1639.0,360,1638.0,220,nan,0,nan,0,nan,0,nan,0,nan,0,nan,0,nan,0,nan,0
1597988337865202944,1597988338000000000,2020-08-21 13:38:58.000000,1638.0,1640.0,1596.0,1596.0,nan,1622.0,456814,14819046160.0,112421,1639.0,833,1638.0,217,nan,0,nan,0,nan,0,nan,0,nan,0,nan,0,nan,0,nan,0
1597988338253793024,1597988338000001024,2020-08-21 13:38:58.000001,1639.0,1640.0,1596.0,1596.0,nan,1622.0,456819,14819208360.0,112425,1639.0,824,1638.0,219,nan,0,nan,0,nan,0,nan,0,nan,0,nan,0,nan,0,nan,0
1597988338780301056,1597988339000000000,2020-08-21 13:38:59.000000,1638.0,1640.0,1596.0,1596.0,nan,1622.0,456827,14819467880.0,112426,1639.0,846,1638.0,217,nan,0,nan,0,nan,0,nan,0,nan,0,nan,0,nan,0,nan,0
1597988339339792896,1597988339000001024,2020-08-21 13:38:59.000001,1639.0,1640.0,1596.0,1596.0,nan,1622.0,456830,14819565200.0,112428,1639.0,825,1638.0,185,nan,0,nan,0,nan,0,nan,0,nan,0,nan,0,nan,0,nan,0
1597988339769124096,1597988340000000000,2020-08-21 13:39:00.000000,1638.0,1640.0,1596.0,1596.0,nan,1622.0,457025,14825891000.0,112348,1638.0,258,1637.0,611,nan,0,nan,0,nan,0,nan,0,nan,0,nan,0,nan,0,nan,0
1597988340285361920,1597988340000001024,2020-08-21 13:39:00.000001,1638.0,1640.0,1596.0,1596.0,nan,1622.0,457052,14826766880.0,112329,1638.0,249,1637.0,492,nan,0,nan,0,nan,0,nan,0,nan,0,nan,0,nan,0,nan,0
1597988340791406080,1597988341000000000,2020-08-21 13:39:01.000000,1638.0,1640.0,1596.0,1596.0,nan,1622.0,457076,14827545440.0,112332,1638.0,255,1637.0,419,nan,0,nan,0,nan,0,nan,0,nan,0,nan,0,nan,0,nan,0
1597988341250227968,1597988341000001024,2020-08-21 13:39:01.000001,1638.0,1640.0,1596.0,1596.0,nan,1622.0,457098,14828259120.0,112323,1638.0,236,1637.0,410,nan,0,nan,0,nan,0,nan,0,nan,0,nan,0,nan,0,nan,0
1597988341826464000,1597988342000000000,2020-08-21 13:39:02.000000,1638.0,1640.0,1596.0,1596.0,nan,1622.0,457106,14828518640.0,112325,1638.0,235,1637.0,405,nan,0,nan,0,nan,0,nan,0,nan,0,nan,0,nan,0,nan,0
1597988342265682944,1597988342000001024,2020-08-21 13:39:02.000001,1638.0,1640.0,1596.0,1596.0,nan,1622.0,457134,14829426960.0,112309,1638.0,212,1637.0,459,nan,0,nan,0,nan,0,nan,0,nan,0,nan,0,nan,0,nan,0
1597988342781851904,1597988343000000000,2020-08-21 13:39:03.000000,1637.0,1640.0,1596.0,1596.0,nan,1622.0,457142,14829686480.0,112311,1638.0,207,1637.0,474,nan,0,nan,0,nan,0,nan,0,nan,0,nan,0,nan,0,nan,0
1597988343273833984,1597988343000001024,2020-08-21 13:39:03.000001,1638.0,1640.0,1596.0,1596.0,nan,1622.0,457181,14830951640.0,112302,1638.0,180,1637.0,479,nan,0,nan,0,nan,0,nan,0,nan,0,nan,0,nan,0,nan,0
1597988343776224000,1597988344000000000,2020-08-21 13:39:04.000000,1638.0,1640.0,1596.0,1596.0,nan,1622.0,457185,14831081400.0,112301,1638.0,179,1637.0,479,nan,0,nan,0,nan,0,nan,0,nan,0,nan,0,nan,0,nan,0
1597988344240435968,1597988344000001024,2020-08-21 13:39:04.000001,1638.0,1640.0,1596.0,1596.0,nan,1622.0,457206,14831762640.0,112293,1638.0,159,1637.0,500,nan,0,nan,0,nan,0,nan,0,nan,0,nan,0,nan,0,nan,0
1597988344777187072,1597988345000000000,2020-08-21 13:39:05.000000,1637.0,1640.0,1596.0,1596.0,nan,1622.0,457222,14832281680.0,112288,1638.0,155,1637.0,498,nan,0,nan,0,nan,0,nan,0,nan,0,nan,0,nan,0,nan,0
1597988345291086080,1597988345000001024,2020-08-21 13:39:05.000001,1638.0,1640.0,1596.0,1596.0,nan,1622.0,457237,14832768280.0,112301,1638.0,172,1637.0,498,nan,0,nan,0,nan,0,nan,0,nan,0,nan,0,nan,0,nan,0
1597988345777879040,1597988346000000000,2020-08-21 13:39:06.000000,1638.0,1640.0,1596.0,1596.0,nan,1622.0,457253,14833287320.0,112313,1638.0,163,1637.0,513,nan,0,nan,0,nan,0,nan,0,nan,0,nan,0,nan,0,nan,0
1597988346284436992,1597988346000001024,2020-08-21 13:39:06.000001,1637.0,1640.0,1596.0,1596.0,nan,1622.0,457257,14833417080.0,112315,1638.0,169,1637.0,513,nan,0,nan,0,nan,0,nan,0,nan,0,nan,0,nan,0,nan,0
1597988346810876928,1597988347000000000,2020-08-21 13:39:07.000000,1638.0,1640.0,1596.0,1596.0,nan,1622.0,457262,14833579280.0,112319,1638.0,170,1637.0,509,nan,0,nan,0,nan,0,nan,0,nan,0,nan,0,nan,0,nan,0
1597988347281158912,1597988347000001024,2020-08-21 13:39:07.000001,1637.0,1640.0,1596.0,1596.0,nan,1622.0,457263,14833611720.0,112319,1638.0,173,1637.0,517,nan,0,nan,0,nan,0,nan,0,nan,0,nan,0,nan,0,nan,0
1597988347776563968,1597988348000000000,2020-08-21 13:39:08.000000,1637.0,1640.0,1596.0,1596.0,nan,1622.0,457264,14833644160.0,112319,1638.0,181,1637.0,519,nan,0,nan,0,nan,0,nan,0,nan,0,nan,0,nan,0,nan,0
1597988348264717056,1597988348000001024,2020-08-21 13:39:08.000001,1637.0,1640.0,1596.0,1596.0,nan,1622.0,457264,14833644160.0,112319,1638.0,181,1637.0,521,nan,0,nan,0,nan,0,nan,0,nan,0,nan,0,nan,0,nan,0
1597988348767973120,1597988349000000000,2020-08-21 13:39:09.000000,1637.0,1640.0,1596.0,1596.0,nan,1622.0,457269,14833806360.0,112322,1638.0,180,1637.0,517,nan,0,nan,0,nan,0,nan,0,nan,0,nan,0,nan,0,nan,0
1597988349267776000,1597988349000001024,2020-08-21 13:39:09.000001,1637.0,1640.0,1596.0,1596.0,nan,1622.0,457421,14838737240.0,112319,1638.0,184,1637.0,376,nan,0,nan,0,nan,0,nan,0,nan,0,nan,0,nan,0,nan,0
1597988349743088896,1597988350000000000,2020-08-21 13:39:10.000000,1637.0,1640.0,1596.0,1596.0,nan,1622.0,457423,14838802120.0,112321,1638.0,189,1637.0,374,nan,0,nan,0,nan,0,nan,0,nan,0,nan,0,nan,0,nan,0
1597988350267980032,1597988350000001024,2020-08-21 13:39:10.000001,1637.0,1640.0,1596.0,1596.0,nan,1622.0,457436,14839223840.0,112334,1638.0,190,1637.0,360,nan,0,nan,0,nan,0,nan,0,nan,0,nan,0,nan,0,nan,0
1597988350896306944,1597988351000000000,2020-08-21 13:39:11.000000,1637.0,1640.0,1596.0,1596.0,nan,1622.0,457438,14839288720.0,112336,1638.0,196,1637.0,358,nan,0,nan,0,nan,0,nan,0,nan,0,nan,0,nan,0,nan,0
1597988351258168064,1597988351000001024,2020-08-21 13:39:11.000001,1637.0,1640.0,1596.0,1596.0,nan,1622.0,457461,14840034840.0,112348,1638.0,215,1637.0,342,nan,0,nan,0,nan,0,nan,0,nan,0,nan,0,nan,0,nan,0
1597988351776711936,1597988352000000000,2020-08-21 13:39:12.000000,1637.0,1640.0,1596.0,1596.0,nan,1622.0,457485,14840813400.0,112346,1638.0,231,1637.0,311,nan,0,nan,0,nan,0,nan,0,nan,0,nan,0,nan,0,nan,0
1597988352295813120,1597988352000001024,2020-08-21 13:39:12.000001,1637.0,1640.0,1596.0,1596.0,nan,1622.0,457487,14840878280.0,112346,1638.0,239,1637.0,295,nan,0,nan,0,nan,0,nan,0,nan,0,nan,0,nan,0,nan,0
1597988352809296896,1597988353000000000,2020-08-21 13:39:13.000000,1637.0,1640.0,1596.0,1596.0,nan,1622.0,457546,14842792240.0,112350,1638.0,240,1637.0,236,nan,0,nan,0,nan,0,nan,0,nan,0,nan,0,nan,0,nan,0
1597988353264827904,1597988353000001024,2020-08-21 13:39:13.000001,1637.0,1640.0,1596.0,1596.0,nan,1622.0,457666,14846685040.0,112339,1638.0,251,1637.0,142,nan,0,nan,0,nan,0,nan,0,nan,0,nan,0,nan,0,nan,0
1597988353778104064,1597988354000000000,2020-08-21 13:39:14.000000,1637.0,1640.0,1596.0,1596.0,nan,1622.0,457725,14848599000.0,112389,1638.0,230,1637.0,94,nan,0,nan,0,nan,0,nan,0,nan,0,nan,0,nan,0,nan,0
1597988354278988032,1597988354000001024,2020-08-21 13:39:14.000001,1637.0,1640.0,1596.0,1596.0,nan,1622.0,457756,14849604640.0,112394,1638.0,205,1637.0,73,nan,0,nan,0,nan,0,nan,0,nan,0,nan,0,nan,0,nan,0
1597988354768716032,1597988355000000000,2020-08-21 13:39:15.000000,1637.0,1640.0,1596.0,1596.0,nan,1622.0,457787,14850610280.0,112401,1638.0,210,1637.0,44,nan,0,nan,0,nan,0,nan,0,nan,0,nan,0,nan,0,nan,0
1597988355250230016,1597988355000001024,2020-08-21 13:39:15.000001,1637.0,1640.0,1596.0,1596.0,nan,1622.0,457798,14850967120.0,112410,1638.0,211,1637.0,35,nan,0,nan,0,nan,0,nan,0,nan,0,nan,0,nan,0,nan,0
1597988355772901120,1597988356000000000,2020-08-21 13:39:16.000000,1637.0,1640.0,1596.0,1596.0,nan,1622.0,457817,14851583480.0,112413,1638.0,208,1637.0,54,nan,0,nan,0,nan,0,nan,0,nan,0,nan,0,nan,0,nan,0
1597988356283912960,1597988356000001024,2020-08-21 13:39:16.000001,1637.0,1640.0,1596.0,1596.0,nan,1622.0,457818,14851615920.0,112414,1638.0,210,1637.0,55,nan,0,nan,0,nan,0,nan,0,nan,0,nan,0,nan,0,nan,0
1597988356766338048,1597988357000000000,2020-08-21 13:39:17.000000,1637.0,1640.0,1596.0,1596.0,nan,1622.0,457874,14853432560.0,112415,1638.0,212,1637.0,16,nan,0,nan,0,nan,0,nan,0,nan,0,nan,0,nan,0,nan,0
1597988357257395968,1597988357000001024,2020-08-21 13:39:17.000001,1637.0,1640.0,1596.0,1596.0,nan,1622.0,457882,14853692080.0,112421,1638.0,212,1637.0,19,nan,0,nan,0,nan,0,nan,0,nan,0,nan,0,nan,0,nan,0
1597988357766985984,1597988358000000000,2020-08-21 13:39:18.000000,1637.0,1640.0,1596.0,1596.0,nan,1622.0,457888,14853886720.0,112423,1638.0,215,1637.0,14,nan,0,nan,0,nan,0,nan,0,nan,0,nan,0,nan,0,nan,0
1597988358260314112,1597988358000001024,2020-08-21 13:39:18.000001,1636.0,1640.0,1596.0,1596.0,nan,1622.0,457913,14854697720.0,112433,1637.0,15,1636.0,852,nan,0,nan,0,nan,0,nan,0,nan,0,nan,0,nan,0,nan,0
1597988358780272896,1597988359000000000,2020-08-21 13:39:19.000000,1636.0,1640.0,1596.0,1596.0,nan,1622.0,457917,14854827480.0,112434,1637.0,68,1636.0,833,nan,0,nan,0,nan,0,nan,0,nan,0,nan,0,nan,0,nan,0
1597988359244538880,1597988359000001024,2020-08-21 13:39:19.000001,1637.0,1640.0,1596.0,1596.0,nan,1622.0,457921,14854957240.0,112434,1637.0,97,1636.0,758,nan,0,nan,0,nan,0,nan,0,nan,0,nan,0,nan,0,nan,0
1597988359768391936,1597988360000000000,2020-08-21 13:39:20.000000,1636.0,1640.0,1596.0,1596.0,nan,1622.0,457924,14855054560.0,112434,1637.0,103,1636.0,695,nan,0,nan,0,nan,0,nan,0,nan,0,nan,0,nan,0,nan,0
1597988360254354944,1597988360000001024,2020-08-21 13:39:20.000001,1637.0,1640.0,1596.0,1596.0,nan,1622.0,457928,14855184320.0,112434,1637.0,101,1636.0,696,nan,0,nan,0,nan,0,nan,0,nan,0,nan,0,nan,0,nan,0
1597988360766320896,1597988361000000000,2020-08-21 13:39:21.000000,1636.0,1640.0,1596.0,1596.0,nan,1622.0,457952,14855962880.0,112448,1637.0,107,1636.0,664,nan,0,nan,0,nan,0,nan,0,nan,0,nan,0,nan,0,nan,0
1597988361276385024,1597988361000001024,2020-08-21 13:39:21.000001,1637.0,1640.0,1596.0,1596.0,nan,1622.0,458015,14858006600.0,112455,1637.0,51,1636.0,680,nan,0,nan,0,nan,0,nan,0,nan,0,nan,0,nan,0,nan,0
1597988361770246912,1597988362000000000,2020-08-21 13:39:22.000000,1636.0,1640.0,1596.0,1596.0,nan,1622.0,458018,14858103920.0,112458,1637.0,57,1636.0,657,nan,0,nan,0,nan,0,nan,0,nan,0,nan,0,nan,0,nan,0
1597988362259117056,1597988362000001024,2020-08-21 13:39:22.000001,1637.0,1640.0,1596.0,1596.0,nan,1622.0,458042,14858882480.0,112482,1637.0,47,1636.0,667,nan,0,nan,0,nan,0,nan,0,nan,0,nan,0,nan,0,nan,0
1597988362770086912,1597988363000000000,2020-08-21 13:39:23.000000,1637.0,1640.0,1596.0,1596.0,nan,1622.0,458047,14859044680.0,112484,1637.0,46,1636.0,664,nan,0,nan,0,nan,0,nan,0,nan,0,nan,0,nan,0,nan,0
1597988363269691904,1597988363000001024,2020-08-21 13:39:23.000001,1637.0,1640.0,1596.0,1596.0,nan,1622.0,458048,14859077120.0,112485,1637.0,43,1636.0,665,nan,0,nan,0,nan,0,nan,0,nan,0,nan,0,nan,0,nan,0
1597988363771393024,1597988364000000000,2020-08-21 13:39:24.000000,1636.0,1640.0,1596.0,1596.0,nan,1622.0,458054,14859271760.0,112486,1637.0,41,1636.0,661,nan,0,nan,0,nan,0,nan,0,nan,0,nan,0,nan,0,nan,0
1597988364268034048,1597988364000001024,2020-08-21 13:39:24.000001,1636.0,1640.0,1596.0,1596.0,nan,1622.0,458070,14859790800.0,112483,1637.0,39,1636.0,654,nan,0,nan,0,nan,0,nan,0,nan,0,nan,0,nan,0,nan,0
1597988364794800896,1597988365000000000,2020-08-21 13:39:25.000000,1636.0,1640.0,1596.0,1596.0,nan,1622.0,458088,14860374720.0,112471,1637.0,52,1636.0,635,nan,0,nan,0,nan,0,nan,0,nan,0,nan,0,nan,0,nan,0
1597988365291203072,1597988365000001024,2020-08-21 13:39:25.000001,1636.0,1640.0,1596.0,1596.0,nan,1622.0,458100,14860764000.0,112467,1637.0,51,1636.0,629,nan,0,nan,0,nan,0,nan,0,nan,0,nan,0,nan,0,nan,0
1597988365778521088,1597988366000000000,2020-08-21 13:39:26.000000,1636.0,1640.0,1596.0,1596.0,nan,1622.0,458118,14861347920.0,112465,1637.0,54,1636.0,611,nan,0,nan,0,nan,0,nan,0,nan,0,nan,0,nan,0,nan,0
1597988366281661952,1597988366000001024,2020-08-21 13:39:26.000001,1636.0,1640.0,1596.0,1596.0,nan,1622.0,458121,14861445240.0,112465,1637.0,103,1636.0,613,nan,0,nan,0,nan,0,nan,0,nan,0,nan,0,nan,0,nan,0
1597988366799505920,1597988367000000000,2020-08-21 13:39:27.000000,1636.0,1640.0,1596.0,1596.0,nan,1622.0,458125,14861575000.0,112465,1637.0,104,1636.0,609,nan,0,nan,0,nan,0,nan,0,nan,0,nan,0,nan,0,nan,0
1597988367267533056,1597988367000001024,2020-08-21 13:39:27.000001,1637.0,1640.0,1596.0,1596.0,nan,1622.0,458126,14861607440.0,112466,1637.0,105,1636.0,607,nan,0,nan,0,nan,0,nan,0,nan,0,nan,0,nan,0,nan,0
1597988367780768000,1597988368000000000,2020-08-21 13:39:28.000000,1637.0,1640.0,1596.0,1596.0,nan,1622.0,458128,14861672320.0,112465,1637.0,113,1636.0,608,nan,0,nan,0,nan,0,nan,0,nan,0,nan,0,nan,0,nan,0
1597988368300411904,1597988368000001024,2020-08-21 13:39:28.000001,1636.0,1640.0,1596.0,1596.0,nan,1622.0,458145,14862223800.0,112460,1637.0,115,1636.0,593,nan,0,nan,0,nan,0,nan,0,nan,0,nan,0,nan,0,nan,0
1597988368772466944,1597988369000000000,2020-08-21 13:39:29.000000,1637.0,1640.0,1596.0,1596.0,nan,1622.0,458256,14865824640.0,112501,1637.0,114,1636.0,488,nan,0,nan,0,nan,0,nan,0,nan,0,nan,0,nan,0,nan,0
1597988369261506048,1597988369000001024,2020-08-21 13:39:29.000001,1637.0,1640.0,1596.0,1596.0,nan,1622.0,458256,14865824640.0,112501,1637.0,115,1636.0,490,nan,0,nan,0,nan,0,nan,0,nan,0,nan,0,nan,0,nan,0
1597988369787609088,1597988370000000000,2020-08-21 13:39:30.000000,1636.0,1640.0,1596.0,1596.0,nan,1622.0,458273,14866376120.0,112504,1637.0,117,1636.0,474,nan,0,nan,0,nan,0,nan,0,nan,0,nan,0,nan,0,nan,0
1597988370304733952,1597988370000001024,2020-08-21 13:39:30.000001,1636.0,1640.0,1596.0,1596.0,nan,1622.0,458276,14866473440.0,112505,1637.0,129,1636.0,475,nan,0,nan,0,nan,0,nan,0,nan,0,nan,0,nan,0,nan,0
1597988370780637952,1597988371000000000,2020-08-21 13:39:31.000000,1637.0,1640.0,1596.0,1596.0,nan,1622.0,458281,14866635640.0,112506,1637.0,128,1636.0,471,nan,0,nan,0,nan,0,nan,0,nan,0,nan,0,nan,0,nan,0
1597988371256864000,1597988371000001024,2020-08-21 13:39:31.000001,1636.0,1640.0,1596.0,1596.0,nan,1622.0,458285,14866765400.0,112503,1637.0,131,1636.0,468,nan,0,nan,0,nan,0,nan,0,nan,0,nan,0,nan,0,nan,0
1597988371756398080,1597988372000000000,2020-08-21 13:39:32.000000,1636.0,1640.0,1596.0,1596.0,nan,1622.0,458287,14866830280.0,112502,1637.0,128,1636.0,468,nan,0,nan,0,nan,0,nan,0,nan,0,nan,0,nan,0,nan,0
1597988372278874880,1597988372000001024,2020-08-21 13:39:32.000001,1636.0,1640.0,1596.0,1596.0,nan,1622.0,458293,14867024920.0,112498,1637.0,128,1636.0,467,nan,0,nan,0,nan,0,nan,0,nan,0,nan,0,nan,0,nan,0
1597988372812807936,1597988373000000000,2020-08-21 13:39:33.000000,1636.0,1640.0,1596.0,1596.0,nan,1622.0,458295,14867089800.0,112498,1637.0,127,1636.0,466,nan,0,nan,0,nan,0,nan,0,nan,0,nan,0,nan,0,nan,0
1597988373269024000,1597988373000001024,2020-08-21 13:39:33.000001,1636.0,1640.0,1596.0,1596.0,nan,1622.0,458310,14867576400.0,112493,1637.0,130,1636.0,457,nan,0,nan,0,nan,0,nan,0,nan,0,nan,0,nan,0,nan,0
1597988373791572992,1597988374000000000,2020-08-21 13:39:34.000000,1636.0,1640.0,1596.0,1596.0,nan,1622.0,458311,14867608840.0,112493,1637.0,135,1636.0,461,nan,0,nan,0,nan,0,nan,0,nan,0,nan,0,nan,0,nan,0
1597988374259077120,1597988374000001024,2020-08-21 13:39:34.000001,1637.0,1640.0,1596.0,1596.0,nan,1622.0,458312,14867641280.0,112493,1637.0,146,1636.0,462,nan,0,nan,0,nan,0,nan,0,nan,0,nan,0,nan,0,nan,0
1597988374786295040,1597988375000000000,2020-08-21 13:39:35.000000,1636.0,1640.0,1596.0,1596.0,nan,1622.0,458323,14867998120.0,112492,1637.0,143,1636.0,456,nan,0,nan,0,nan,0,nan,0,nan,0,nan,0,nan,0,nan,0
1597988375288474880,1597988375000001024,2020-08-21 13:39:35.000001,1637.0,1640.0,1596.0,1596.0,nan,1622.0,458325,14868063000.0,112493,1637.0,182,1636.0,456,nan,0,nan,0,nan,0,nan,0,nan,0,nan,0,nan,0,nan,0
1597988375778302976,1597988376000000000,2020-08-21 13:39:36.000000,1636.0,1640.0,1596.0,1596.0,nan,1622.0,458405,14870658200.0,112431,1637.0,152,1636.0,378,nan,0,nan,0,nan,0,nan,0,nan,0,nan,0,nan,0,nan,0
1597988376790190080,1597988377000000000,2020-08-21 13:39:37.000000,1637.0,1640.0,1596.0,1596.0,nan,1622.0,458412,14870885280.0,112427,1637.0,149,1636.0,399,nan,0,nan,0,nan,0,nan,0,nan,0,nan,0,nan,0,nan,0
1597988377263278080,1597988377000001024,2020-08-21 13:39:37.000001,1636.0,1640.0,1596.0,1596.0,nan,1622.0,458435,14871631400.0,112420,1637.0,169,1636.0,377,nan,0,nan,0,nan,0,nan,0,nan,0,nan,0,nan,0,nan,0
1597988377784037120,1597988378000000000,2020-08-21 13:39:38.000000,1637.0,1640.0,1596.0,1596.0,nan,1622.0,458472,14872831680.0,112421,1637.0,168,1636.0,341,nan,0,nan,0,nan,0,nan,0,nan,0,nan,0,nan,0,nan,0
1597988378265426944,1597988378000001024,2020-08-21 13:39:38.000001,1636.0,1640.0,1596.0,1596.0,nan,1622.0,458474,14872896560.0,112421,1637.0,180,1636.0,345,nan,0,nan,0,nan,0,nan,0,nan,0,nan,0,nan,0,nan,0
1597988378773605120,1597988379000000000,2020-08-21 13:39:39.000000,1636.0,1640.0,1596.0,1596.0,nan,1622.0,458482,14873156080.0,112428,1637.0,180,1636.0,338,nan,0,nan,0,nan,0,nan,0,nan,0,nan,0,nan,0,nan,0
1597988379277538048,1597988379000001024,2020-08-21 13:39:39.000001,1636.0,1640.0,1596.0,1596.0,nan,1622.0,458485,14873253400.0,112430,1637.0,180,1636.0,333,nan,0,nan,0,nan,0,nan,0,nan,0,nan,0,nan,0,nan,0
1597988379783592960,1597988380000000000,2020-08-21 13:39:40.000000,1637.0,1640.0,1596.0,1596.0,nan,1622.0,458488,14873350720.0,112431,1637.0,178,1636.0,332,nan,0,nan,0,nan,0,nan,0,nan,0,nan,0,nan,0,nan,0
1597988380303188992,1597988380000001024,2020-08-21 13:39:40.000001,1636.0,1640.0,1596.0,1596.0,nan,1622.0,458495,14873577800.0,112432,1637.0,173,1636.0,326,nan,0,nan,0,nan,0,nan,0,nan,0,nan,0,nan,0,nan,0
1597988380780531968,1597988381000000000,2020-08-21 13:39:41.000000,1636.0,1640.0,1596.0,1596.0,nan,1622.0,458497,14873642680.0,112434,1637.0,173,1636.0,331,nan,0,nan,0,nan,0,nan,0,nan,0,nan,0,nan,0,nan,0
1597988381278769920,1597988381000001024,2020-08-21 13:39:41.000001,1636.0,1640.0,1596.0,1596.0,nan,1622.0,458503,14873837320.0,112436,1637.0,176,1636.0,325,nan,0,nan,0,nan,0,nan,0,nan,0,nan,0,nan,0,nan,0
1597988382271429888,1597988382000001024,2020-08-21 13:39:42.000001,1636.0,1640.0,1596.0,1596.0,nan,1622.0,458510,14874064400.0,112443,1637.0,176,1636.0,318,nan,0,nan,0,nan,0,nan,0,nan,0,nan,0,nan,0,nan,0
1597988382777346048,1597988383000000000,2020-08-21 13:39:43.000000,1636.0,1640.0,1596.0,1596.0,nan,1622.0,458513,14874161720.0,112444,1637.0,190,1636.0,318,nan,0,nan,0,nan,0,nan,0,nan,0,nan,0,nan,0,nan,0
1597988383256386048,1597988383000001024,2020-08-21 13:39:43.000001,1636.0,1640.0,1596.0,1596.0,nan,1622.0,458516,14874259040.0,112444,1637.0,191,1636.0,317,nan,0,nan,0,nan,0,nan,0,nan,0,nan,0,nan,0,nan,0
1597988383780086016,1597988384000000000,2020-08-21 13:39:44.000000,1636.0,1640.0,1596.0,1596.0,nan,1622.0,458517,14874291480.0,112444,1637.0,194,1636.0,321,nan,0,nan,0,nan,0,nan,0,nan,0,nan,0,nan,0,nan,0
1597988384275965952,1597988384000001024,2020-08-21 13:39:44.000001,1636.0,1640.0,1596.0,1596.0,nan,1622.0,458518,14874323920.0,112445,1637.0,195,1636.0,320,nan,0,nan,0,nan,0,nan,0,nan,0,nan,0,nan,0,nan,0
1597988384774447104,1597988385000000000,2020-08-21 13:39:45.000000,1636.0,1640.0,1596.0,1596.0,nan,1622.0,458528,14874648320.0,112449,1637.0,190,1636.0,312,nan,0,nan,0,nan,0,nan,0,nan,0,nan,0,nan,0,nan,0
1597988385279427072,1597988385000001024,2020-08-21 13:39:45.000001,1637.0,1640.0,1596.0,1596.0,nan,1622.0,458529,14874680760.0,112450,1637.0,190,1636.0,312,nan,0,nan,0,nan,0,nan,0,nan,0,nan,0,nan,0,nan,0
1597988385787095040,1597988386000000000,2020-08-21 13:39:46.000000,1636.0,1640.0,1596.0,1596.0,nan,1622.0,458530,14874713200.0,112451,1637.0,196,1636.0,314,nan,0,nan,0,nan,0,nan,0,nan,0,nan,0,nan,0,nan,0
1597988386255781888,1597988386000001024,2020-08-21 13:39:46.000001,1636.0,1640.0,1596.0,1596.0,nan,1622.0,458532,14874778080.0,112452,1637.0,196,1636.0,313,nan,0,nan,0,nan,0,nan,0,nan,0,nan,0,nan,0,nan,0
1597988386777935872,1597988387000000000,2020-08-21 13:39:47.000000,1636.0,1640.0,1596.0,1596.0,nan,1622.0,458535,14874875400.0,112455,1637.0,196,1636.0,311,nan,0,nan,0,nan,0,nan,0,nan,0,nan,0,nan,0,nan,0
1597988387782256128,1597988388000000000,2020-08-21 13:39:48.000000,1636.0,1640.0,1596.0,1596.0,nan,1622.0,458535,14874875400.0,112455,1637.0,210,1636.0,307,nan,0,nan,0,nan,0,nan,0,nan,0,nan,0,nan,0,nan,0
1597988388263293952,1597988388000001024,2020-08-21 13:39:48.000001,1636.0,1640.0,1596.0,1596.0,nan,1622.0,458557,14875589080.0,112454,1637.0,209,1636.0,309,nan,0,nan,0,nan,0,nan,0,nan,0,nan,0,nan,0,nan,0
1597988388787401984,1597988389000000000,2020-08-21 13:39:49.000000,1636.0,1640.0,1596.0,1596.0,nan,1622.0,458562,14875751280.0,112454,1637.0,212,1636.0,304,nan,0,nan,0,nan,0,nan,0,nan,0,nan,0,nan,0,nan,0
1597988389259840000,1597988389000001024,2020-08-21 13:39:49.000001,1636.0,1640.0,1596.0,1596.0,nan,1622.0,458568,14875945920.0,112450,1637.0,217,1636.0,309,nan,0,nan,0,nan,0,nan,0,nan,0,nan,0,nan,0,nan,0
1597988389780386048,1597988390000000000,2020-08-21 13:39:50.000000,1636.0,1640.0,1596.0,1596.0,nan,1622.0,458574,14876140560.0,112444,1637.0,219,1636.0,303,nan,0,nan,0,nan,0,nan,0,nan,0,nan,0,nan,0,nan,0
1597988390273789952,1597988390000001024,2020-08-21 13:39:50.000001,1636.0,1640.0,1596.0,1596.0,nan,1622.0,458575,14876173000.0,112444,1637.0,219,1636.0,304,nan,0,nan,0,nan,0,nan,0,nan,0,nan,0,nan,0,nan,0
1597988390790930944,1597988391000000000,2020-08-21 13:39:51.000000,1636.0,1640.0,1596.0,1596.0,nan,1622.0,458591,14876692040.0,112452,1637.0,219,1636.0,293,nan,0,nan,0,nan,0,nan,0,nan,0,nan,0,nan,0,nan,0
1597988391275320064,1597988391000001024,2020-08-21 13:39:51.000001,1637.0,1640.0,1596.0,1596.0,nan,1622.0,458594,14876789360.0,112454,1637.0,218,1636.0,294,nan,0,nan,0,nan,0,nan,0,nan,0,nan,0,nan,0,nan,0
1597988391797150976,1597988392000000000,2020-08-21 13:39:52.000000,1636.0,1640.0,1596.0,1596.0,nan,1622.0,458606,14877178640.0,112458,1637.0,205,1636.0,285,nan,0,nan,0,nan,0,nan,0,nan,0,nan,0,nan,0,nan,0
1597988392264150016,1597988392000001024,2020-08-21 13:39:52.000001,1636.0,1640.0,1596.0,1596.0,nan,1622.0,458661,14878962840.0,112508,1637.0,203,1636.0,234,nan,0,nan,0,nan,0,nan,0,nan,0,nan,0,nan,0,nan,0
1597988392784615936,1597988393000000000,2020-08-21 13:39:53.000000,1636.0,1640.0,1596.0,1596.0,nan,1622.0,458663,14879027720.0,112510,1637.0,204,1636.0,253,nan,0,nan,0,nan,0,nan,0,nan,0,nan,0,nan,0,nan,0
1597988393266468096,1597988393000001024,2020-08-21 13:39:53.000001,1636.0,1640.0,1596.0,1596.0,nan,1622.0,458674,14879384560.0,112514,1637.0,202,1636.0,246,nan,0,nan,0,nan,0,nan,0,nan,0,nan,0,nan,0,nan,0
1597988393783256064,1597988394000000000,2020-08-21 13:39:54.000000,1636.0,1640.0,1596.0,1596.0,nan,1622.0,458716,14880747040.0,112506,1637.0,192,1636.0,228,nan,0,nan,0,nan,0,nan,0,nan,0,nan,0,nan,0,nan,0
1597988394269049088,1597988394000001024,2020-08-21 13:39:54.000001,1636.0,1640.0,1596.0,1596.0,nan,1622.0,458719,14880844360.0,112506,1637.0,182,1636.0,228,nan,0,nan,0,nan,0,nan,0,nan,0,nan,0,nan,0,nan,0
1597988394798292992,1597988395000000000,2020-08-21 13:39:55.000000,1636.0,1640.0,1596.0,1596.0,nan,1622.0,458720,14880876800.0,112507,1637.0,183,1636.0,254,nan,0,nan,0,nan,0,nan,0,nan,0,nan,0,nan,0,nan,0
1597988395270970880,1597988395000001024,2020-08-21 13:39:55.000001,1636.0,1640.0,1596.0,1596.0,nan,1622.0,458720,14880876800.0,112507,1637.0,185,1636.0,257,nan,0,nan,0,nan,0,nan,0,nan,0,nan,0,nan,0,nan,0
1597988395786938880,1597988396000000000,2020-08-21 13:39:56.000000,1637.0,1640.0,1596.0,1596.0,nan,1622.0,458721,14880909240.0,112508,1637.0,187,1636.0,257,nan,0,nan,0,nan,0,nan,0,nan,0,nan,0,nan,0,nan,0
1597988396278894080,1597988396000001024,2020-08-21 13:39:56.000001,1636.0,1640.0,1596.0,1596.0,nan,1622.0,458726,14881071440.0,112509,1637.0,186,1636.0,252,nan,0,nan,0,nan,0,nan,0,nan,0,nan,0,nan,0,nan,0
1597988396799170048,1597988397000000000,2020-08-21 13:39:57.000000,1637.0,1640.0,1596.0,1596.0,nan,1622.0,458757,14882077080.0,112518,1637.0,174,1636.0,259,nan,0,nan,0,nan,0,nan,0,nan,0,nan,0,nan,0,nan,0
1597988397322402048,1597988397000001024,2020-08-21 13:39:57.000001,1636.0,1640.0,1596.0,1596.0,nan,1622.0,458758,14882109520.0,112519,1637.0,175,1636.0,259,nan,0,nan,0,nan,0,nan,0,nan,0,nan,0,nan,0,nan,0
1597988397910075904,1597988398000000000,2020-08-21 13:39:58.000000,1636.0,1640.0,1596.0,1596.0,nan,1622.0,458759,14882141960.0,112520,1637.0,176,1636.0,258,nan,0,nan,0,nan,0,nan,0,nan,0,nan,0,nan,0,nan,0
1597988398269991936,1597988398000001024,2020-08-21 13:39:58.000001,1636.0,1640.0,1596.0,1596.0,nan,1622.0,458774,14882628560.0,112526,1637.0,180,1636.0,246,nan,0,nan,0,nan,0,nan,0,nan,0,nan,0,nan,0,nan,0
1597988398787757056,1597988399000000000,2020-08-21 13:39:59.000000,1636.0,1640.0,1596.0,1596.0,nan,1622.0,458779,14882790760.0,112526,1637.0,179,1636.0,265,nan,0,nan,0,nan,0,nan,0,nan,0,nan,0,nan,0,nan,0
1597988399285443072,1597988399000001024,2020-08-21 13:39:59.000001,1636.0,1640.0,1596.0,1596.0,nan,1622.0,458784,14882952960.0,112529,1637.0,179,1636.0,263,nan,0,nan,0,nan,0,nan,0,nan,0,nan,0,nan,0,nan,0
1597988399839280128,1597988400000000000,2020-08-21 13:40:00.000000,1636.0,1640.0,1596.0,1596.0,nan,1622.0,458794,14883277360.0,112531,1637.0,204,1636.0,255,nan,0,nan,0,nan,0,nan,0,nan,0,nan,0,nan,0,nan,0
1597988400282057984,1597988400000001024,2020-08-21 13:40:00.000001,1637.0,1640.0,1596.0,1596.0,nan,1622.0,458796,14883342240.0,112532,1637.0,221,1636.0,254,nan,0,nan,0,nan,0,nan,0,nan,0,nan,0,nan,0,nan,0
1597988400810646016,1597988401000000000,2020-08-21 13:40:01.000000,1636.0,1640.0,1596.0,1596.0,nan,1622.0,458798,14883407120.0,112534,1637.0,227,1636.0,252,nan,0,nan,0,nan,0,nan,0,nan,0,nan,0,nan,0,nan,0
1597988401271268096,1597988401000001024,2020-08-21 13:40:01.000001,1636.0,1640.0,1596.0,1596.0,nan,1622.0,458799,14883439560.0,112533,1637.0,273,1636.0,257,nan,0,nan,0,nan,0,nan,0,nan,0,nan,0,nan,0,nan,0
1597988401794551040,1597988402000000000,2020-08-21 13:40:02.000000,1636.0,1640.0,1596.0,1596.0,nan,1622.0,458802,14883536880.0,112536,1637.0,273,1636.0,251,nan,0,nan,0,nan,0,nan,0,nan,0,nan,0,nan,0,nan,0
1597988402276708096,1597988402000001024,2020-08-21 13:40:02.000001,1636.0,1640.0,1596.0,1596.0,nan,1622.0,458802,14883536880.0,112536,1637.0,265,1636.0,251,nan,0,nan,0,nan,0,nan,0,nan,0,nan,0,nan,0,nan,0
1597988402792764928,1597988403000000000,2020-08-21 13:40:03.000000,1637.0,1640.0,1596.0,1596.0,nan,1622.0,458803,14883569320.0,112536,1637.0,267,1636.0,238,nan,0,nan,0,nan,0,nan,0,nan,0,nan,0,nan,0,nan,0
1597988403311781120,1597988403000001024,2020-08-21 13:40:03.000001,1636.0,1640.0,1596.0,1596.0,nan,1622.0,458806,14883666640.0,112539,1637.0,268,1636.0,258,nan,0,nan,0,nan,0,nan,0,nan,0,nan,0,nan,0,nan,0
1597988403792844032,1597988404000000000,2020-08-21 13:40:04.000000,1636.0,1640.0,1596.0,1596.0,nan,1622.0,458824,14884250560.0,112557,1637.0,257,1636.0,253,nan,0,nan,0,nan,0,nan,0,nan,0,nan,0,nan,0,nan,0
1597988404263649024,1597988404000001024,2020-08-21 13:40:04.000001,1637.0,1640.0,1596.0,1596.0,nan,1622.0,458826,14884315440.0,112558,1637.0,253,1636.0,259,nan,0,nan,0,nan,0,nan,0,nan,0,nan,0,nan,0,nan,0
1597988404784067072,1597988405000000000,2020-08-21 13:40:05.000000,1637.0,1640.0,1596.0,1596.0,nan,1622.0,458839,14884737160.0,112550,1637.0,250,1636.0,244,nan,0,nan,0,nan,0,nan,0,nan,0,nan,0,nan,0,nan,0
1597988405784496896,1597988406000000000,2020-08-21 13:40:06.000000,1637.0,1640.0,1596.0,1596.0,nan,1622.0,458844,14884899360.0,112551,1637.0,257,1636.0,243,nan,0,nan,0,nan,0,nan,0,nan,0,nan,0,nan,0,nan,0
1597988406271034112,1597988406000001024,2020-08-21 13:40:06.000001,1636.0,1640.0,1596.0,1596.0,nan,1622.0,458850,14885094000.0,112546,1637.0,322,1636.0,238,nan,0,nan,0,nan,0,nan,0,nan,0,nan,0,nan,0,nan,0
1597988406800551936,1597988407000000000,2020-08-21 13:40:07.000000,1637.0,1640.0,1596.0,1596.0,nan,1622.0,458851,14885126440.0,112547,1637.0,321,1636.0,238,nan,0,nan,0,nan,0,nan,0,nan,0,nan,0,nan,0,nan,0
1597988407270317056,1597988407000001024,2020-08-21 13:40:07.000001,1636.0,1640.0,1596.0,1596.0,nan,1622.0,458878,14886002320.0,112557,1637.0,304,1636.0,229,nan,0,nan,0,nan,0,nan,0,nan,0,nan,0,nan,0,nan,0
1597988407788616960,1597988408000000000,2020-08-21 13:40:08.000000,1637.0,1640.0,1596.0,1596.0,nan,1622.0,458882,14886132080.0,112557,1637.0,302,1636.0,227,nan,0,nan,0,nan,0,nan,0,nan,0,nan,0,nan,0,nan,0
1597988408267276032,1597988408000001024,2020-08-21 13:40:08.000001,1636.0,1640.0,1596.0,1596.0,nan,1622.0,458884,14886196960.0,112555,1637.0,303,1636.0,215,nan,0,nan,0,nan,0,nan,0,nan,0,nan,0,nan,0,nan,0
1597988408855916032,1597988409000000000,2020-08-21 13:40:09.000000,1636.0,1640.0,1596.0,1596.0,nan,1622.0,458889,14886359160.0,112553,1637.0,302,1636.0,213,nan,0,nan,0,nan,0,nan,0,nan,0,nan,0,nan,0,nan,0
1597988409283143936,1597988409000001024,2020-08-21 13:40:09.000001,1636.0,1640.0,1596.0,1596.0,nan,1622.0,458895,14886553800.0,112553,1637.0,303,1636.0,314,nan,0,nan,0,nan,0,nan,0,nan,0,nan,0,nan,0,nan,0
1597988409796316928,1597988410000000000,2020-08-21 13:40:10.000000,1637.0,1640.0,1596.0,1596.0,nan,1622.0,458902,14886780880.0,112555,1637.0,300,1636.0,311,nan,0,nan,0,nan,0,nan,0,nan,0,nan,0,nan,0,nan,0
1597988410268058880,1597988410000001024,2020-08-21 13:40:10.000001,1637.0,1640.0,1596.0,1596.0,nan,1622.0,458905,14886878200.0,112556,1637.0,298,1636.0,311,nan,0,nan,0,nan,0,nan,0,nan,0,nan,0,nan,0,nan,0
1597988410791552000,1597988411000000000,2020-08-21 13:40:11.000000,1636.0,1640.0,1596.0,1596.0,nan,1622.0,459009,14890251960.0,112626,1637.0,170,1636.0,322,nan,0,nan,0,nan,0,nan,0,nan,0,nan,0,nan,0,nan,0
1597988411271118080,1597988411000001024,2020-08-21 13:40:11.000001,1637.0,1640.0,1596.0,1596.0,nan,1622.0,459046,14891452240.0,112628,1637.0,125,1636.0,322,nan,0,nan,0,nan,0,nan,0,nan,0,nan,0,nan,0,nan,0
1597988411800578048,1597988412000000000,2020-08-21 13:40:12.000000,1637.0,1640.0,1596.0,1596.0,nan,1622.0,459095,14893041800.0,112645,1637.0,78,1636.0,330,nan,0,nan,0,nan,0,nan,0,nan,0,nan,0,nan,0,nan,0
1597988412289189120,1597988412000001024,2020-08-21 13:40:12.000001,1637.0,1640.0,1596.0,1596.0,nan,1622.0,459182,14895864080.0,112623,1638.0,712,1637.0,91,nan,0,nan,0,nan,0,nan,0,nan,0,nan,0,nan,0,nan,0
1597988412802469120,1597988413000000000,2020-08-21 13:40:13.000000,1637.0,1640.0,1596.0,1596.0,nan,1622.0,459202,14896512880.0,112619,1638.0,590,1637.0,117,nan,0,nan,0,nan,0,nan,0,nan,0,nan,0,nan,0,nan,0
1597988413282823936,1597988413000001024,2020-08-21 13:40:13.000001,1637.0,1640.0,1596.0,1596.0,nan,1622.0,459205,14896610200.0,112619,1638.0,357,1637.0,180,nan,0,nan,0,nan,0,nan,0,nan,0,nan,0,nan,0,nan,0
1597988413794279936,1597988414000000000,2020-08-21 13:40:14.000000,1637.0,1640.0,1596.0,1596.0,nan,1622.0,459207,14896675080.0,112619,1638.0,357,1637.0,193,nan,0,nan,0,nan,0,nan,0,nan,0,nan,0,nan,0,nan,0
1597988414283100928,1597988414000001024,2020-08-21 13:40:14.000001,1637.0,1640.0,1596.0,1596.0,nan,1622.0,459208,14896707520.0,112619,1638.0,362,1637.0,221,nan,0,nan,0,nan,0,nan,0,nan,0,nan,0,nan,0,nan,0
1597988414810027008,1597988415000000000,2020-08-21 13:40:15.000000,1637.0,1640.0,1596.0,1596.0,nan,1622.0,459212,14896837280.0,112619,1638.0,362,1637.0,229,nan,0,nan,0,nan,0,nan,0,nan,0,nan,0,nan,0,nan,0
1597988415285775872,1597988415000001024,2020-08-21 13:40:15.000001,1637.0,1640.0,1596.0,1596.0,nan,1622.0,459237,14897648280.0,112626,1638.0,377,1637.0,239,nan,0,nan,0,nan,0,nan,0,nan,0,nan,0,nan,0,nan,0
1597988415799522048,1597988416000000000,2020-08-21 13:40:16.000000,1638.0,1640.0,1596.0,1596.0,nan,1622.0,459238,14897680720.0,112626,1638.0,376,1637.0,242,nan,0,nan,0,nan,0,nan,0,nan,0,nan,0,nan,0,nan,0
1597988416303045888,1597988416000001024,2020-08-21 13:40:16.000001,1638.0,1640.0,1596.0,1596.0,nan,1622.0,459238,14897680720.0,112626,1638.0,382,1637.0,232,nan,0,nan,0,nan,0,nan,0,nan,0,nan,0,nan,0,nan,0
1597988416812161024,1597988417000000000,2020-08-21 13:40:17.000000,1638.0,1640.0,1596.0,1596.0,nan,1622.0,459238,14897680720.0,112626,1638.0,382,1637.0,234,nan,0,nan,0,nan,0,nan,0,nan,0,nan,0,nan,0,nan,0
1597988417824943104,1597988418000000000,2020-08-21 13:40:18.000000,1638.0,1640.0,1596.0,1596.0,nan,1622.0,459240,14897745600.0,112625,1638.0,377,1637.0,254,nan,0,nan,0,nan,0,nan,0,nan,0,nan,0,nan,0,nan,0
1597988418287842048,1597988418000001024,2020-08-21 13:40:18.000001,1638.0,1640.0,1596.0,1596.0,nan,1622.0,459243,14897842920.0,112626,1638.0,364,1637.0,254,nan,0,nan,0,nan,0,nan,0,nan,0,nan,0,nan,0,nan,0
1597988418804182016,1597988419000000000,2020-08-21 13:40:19.000000,1638.0,1640.0,1596.0,1596.0,nan,1622.0,459244,14897875360.0,112627,1638.0,362,1637.0,255,nan,0,nan,0,nan,0,nan,0,nan,0,nan,0,nan,0,nan,0
1597988419358022912,1597988419000001024,2020-08-21 13:40:19.000001,1637.0,1640.0,1596.0,1596.0,nan,1622.0,459245,14897907800.0,112626,1638.0,359,1637.0,260,nan,0,nan,0,nan,0,nan,0,nan,0,nan,0,nan,0,nan,0
1597988419803342080,1597988420000000000,2020-08-21 13:40:20.000000,1638.0,1640.0,1596.0,1596.0,nan,1622.0,459272,14898783680.0,112626,1638.0,353,1637.0,245,nan,0,nan,0,nan,0,nan,0,nan,0,nan,0,nan,0,nan,0
1597988420289447936,1597988420000001024,2020-08-21 13:40:20.000001,1637.0,1640.0,1596.0,1596.0,nan,1622.0,459276,14898913440.0,112626,1638.0,353,1637.0,246,nan,0,nan,0,nan,0,nan,0,nan,0,nan,0,nan,0,nan,0
1597988420791512064,1597988421000000000,2020-08-21 13:40:21.000000,1637.0,1640.0,1596.0,1596.0,nan,1622.0,459279,14899010760.0,112627,1638.0,355,1637.0,256,nan,0,nan,0,nan,0,nan,0,nan,0,nan,0,nan,0,nan,0
1597988421273355008,1597988421000001024,2020-08-21 13:40:21.000001,1638.0,1640.0,1596.0,1596.0,nan,1622.0,459280,14899043200.0,112627,1638.0,357,1637.0,255,nan,0,nan,0,nan,0,nan,0,nan,0,nan,0,nan,0,nan,0
1597988421799060992,1597988422000000000,2020-08-21 13:40:22.000000,1637.0,1640.0,1596.0,1596.0,nan,1622.0,459284,14899172960.0,112628,1638.0,314,1637.0,258,nan,0,nan,0,nan,0,nan,0,nan,0,nan,0,nan,0,nan,0
1597988422286304000,1597988422000001024,2020-08-21 13:40:22.000001,1638.0,1640.0,1596.0,1596.0,nan,1622.0,459285,14899205400.0,112628,1638.0,303,1637.0,258,nan,0,nan,0,nan,0,nan,0,nan,0,nan,0,nan,0,nan,0
1597988422791107072,1597988423000000000,2020-08-21 13:40:23.000000,1637.0,1640.0,1596.0,1596.0,nan,1622.0,459325,14900503000.0,112663,1638.0,306,1637.0,219,nan,0,nan,0,nan,0,nan,0,nan,0,nan,0,nan,0,nan,0
1597988423278535936,1597988423000001024,2020-08-21 13:40:23.000001,1637.0,1640.0,1596.0,1596.0,nan,1622.0,459325,14900503000.0,112663,1638.0,307,1637.0,222,nan,0,nan,0,nan,0,nan,0,nan,0,nan,0,nan,0,nan,0
1597988423807346944,1597988424000000000,2020-08-21 13:40:24.000000,1637.0,1640.0,1596.0,1596.0,nan,1622.0,459326,14900535440.0,112663,1638.0,309,1637.0,260,nan,0,nan,0,nan,0,nan,0,nan,0,nan,0,nan,0,nan,0
1597988424298516992,1597988424000001024,2020-08-21 13:40:24.000001,1638.0,1640.0,1596.0,1596.0,nan,1622.0,459335,14900827400.0,112668,1638.0,306,1637.0,265,nan,0,nan,0,nan,0,nan,0,nan,0,nan,0,nan,0,nan,0
1597988424800572928,1597988425000000000,2020-08-21 13:40:25.000000,1638.0,1640.0,1596.0,1596.0,nan,1622.0,459647,14910948680.0,112878,1639.0,719,1638.0,33,nan,0,nan,0,nan,0,nan,0,nan,0,nan,0,nan,0,nan,0
1597988425281251072,1597988425000001024,2020-08-21 13:40:25.000001,1638.0,1640.0,1596.0,1596.0,nan,1622.0,459649,14911013560.0,112879,1639.0,611,1638.0,84,nan,0,nan,0,nan,0,nan,0,nan,0,nan,0,nan,0,nan,0
1597988425802432000,1597988426000000000,2020-08-21 13:40:26.000000,1638.0,1640.0,1596.0,1596.0,nan,1622.0,459649,14911013560.0,112879,1639.0,530,1638.0,87,nan,0,nan,0,nan,0,nan,0,nan,0,nan,0,nan,0,nan,0
1597988426304539904,1597988426000001024,2020-08-21 13:40:26.000001,1638.0,1640.0,1596.0,1596.0,nan,1622.0,459651,14911078440.0,112881,1639.0,530,1638.0,155,nan,0,nan,0,nan,0,nan,0,nan,0,nan,0,nan,0,nan,0
1597988426848837120,1597988427000000000,2020-08-21 13:40:27.000000,1638.0,1640.0,1596.0,1596.0,nan,1622.0,459651,14911078440.0,112881,1639.0,540,1638.0,184,nan,0,nan,0,nan,0,nan,0,nan,0,nan,0,nan,0,nan,0
1597988427291101952,1597988427000001024,2020-08-21 13:40:27.000001,1639.0,1640.0,1596.0,1596.0,nan,1622.0,459661,14911402840.0,112883,1639.0,530,1638.0,184,nan,0,nan,0,nan,0,nan,0,nan,0,nan,0,nan,0,nan,0
1597988427779860992,1597988428000000000,2020-08-21 13:40:28.000000,1638.0,1640.0,1596.0,1596.0,nan,1622.0,459704,14912797760.0,112857,1639.0,520,1638.0,143,nan,0,nan,0,nan,0,nan,0,nan,0,nan,0,nan,0,nan,0
1597988428278508032,1597988428000001024,2020-08-21 13:40:28.000001,1639.0,1640.0,1596.0,1596.0,nan,1622.0,459741,14913998040.0,112865,1639.0,474,1638.0,124,nan,0,nan,0,nan,0,nan,0,nan,0,nan,0,nan,0,nan,0
1597988428803227904,1597988429000000000,2020-08-21 13:40:29.000000,1639.0,1640.0,1596.0,1596.0,nan,1622.0,459757,14914517080.0,112870,1639.0,491,1638.0,117,nan,0,nan,0,nan,0,nan,0,nan,0,nan,0,nan,0,nan,0
1597988429277438976,1597988429000001024,2020-08-21 13:40:29.000001,1639.0,1640.0,1596.0,1596.0,nan,1622.0,459760,14914614400.0,112872,1639.0,488,1638.0,121,nan,0,nan,0,nan,0,nan,0,nan,0,nan,0,nan,0,nan,0
1597988429810324992,1597988430000000000,2020-08-21 13:40:30.000000,1639.0,1640.0,1596.0,1596.0,nan,1622.0,459760,14914614400.0,112872,1639.0,480,1638.0,132,nan,0,nan,0,nan,0,nan,0,nan,0,nan,0,nan,0,nan,0
1597988430319414016,1597988430000001024,2020-08-21 13:40:30.000001,1639.0,1640.0,1596.0,1596.0,nan,1622.0,459771,14914971240.0,112883,1639.0,470,1638.0,132,nan,0,nan,0,nan,0,nan,0,nan,0,nan,0,nan,0,nan,0
1597988430810224128,1597988431000000000,2020-08-21 13:40:31.000000,1638.0,1640.0,1596.0,1596.0,nan,1622.0,459790,14915587600.0,112895,1639.0,458,1638.0,172,nan,0,nan,0,nan,0,nan,0,nan,0,nan,0,nan,0,nan,0
1597988431309330944,1597988431000001024,2020-08-21 13:40:31.000001,1639.0,1640.0,1596.0,1596.0,nan,1622.0,459794,14915717360.0,112895,1639.0,447,1638.0,172,nan,0,nan,0,nan,0,nan,0,nan,0,nan,0,nan,0,nan,0
1597988431819769088,1597988432000000000,2020-08-21 13:40:32.000000,1639.0,1640.0,1596.0,1596.0,nan,1622.0,459803,14916009320.0,112894,1639.0,432,1638.0,175,nan,0,nan,0,nan,0,nan,0,nan,0,nan,0,nan,0,nan,0
1597988432291000064,1597988432000001024,2020-08-21 13:40:32.000001,1639.0,1640.0,1596.0,1596.0,nan,1622.0,459811,14916268840.0,112901,1639.0,427,1638.0,191,nan,0,nan,0,nan,0,nan,0,nan,0,nan,0,nan,0,nan,0
1597988432817330944,1597988433000000000,2020-08-21 13:40:33.000000,1638.0,1640.0,1596.0,1596.0,nan,1622.0,459814,14916366160.0,112900,1639.0,424,1638.0,191,nan,0,nan,0,nan,0,nan,0,nan,0,nan,0,nan,0,nan,0
1597988433282575104,1597988433000001024,2020-08-21 13:40:33.000001,1638.0,1640.0,1596.0,1596.0,nan,1622.0,459833,14916982520.0,112918,1639.0,418,1638.0,194,nan,0,nan,0,nan,0,nan,0,nan,0,nan,0,nan,0,nan,0
1597988433814586112,1597988434000000000,2020-08-21 13:40:34.000000,1638.0,1640.0,1596.0,1596.0,nan,1622.0,459835,14917047400.0,112918,1639.0,416,1638.0,194,nan,0,nan,0,nan,0,nan,0,nan,0,nan,0,nan,0,nan,0
1597988434326882048,1597988434000001024,2020-08-21 13:40:34.000001,1639.0,1640.0,1596.0,1596.0,nan,1622.0,459838,14917144720.0,112921,1639.0,415,1638.0,198,nan,0,nan,0,nan,0,nan,0,nan,0,nan,0,nan,0,nan,0
1597988434811301888,1597988435000000000,2020-08-21 13:40:35.000000,1639.0,1640.0,1596.0,1596.0,nan,1622.0,459840,14917209600.0,112921,1639.0,412,1638.0,200,nan,0,nan,0,nan,0,nan,0,nan,0,nan,0,nan,0,nan,0
1597988435299311104,1597988435000001024,2020-08-21 13:40:35.000001,1639.0,1640.0,1596.0,1596.0,nan,1622.0,459842,14917274480.0,112923,1639.0,409,1638.0,220,nan,0,nan,0,nan,0,nan,0,nan,0,nan,0,nan,0,nan,0
1597988435813351936,1597988436000000000,2020-08-21 13:40:36.000000,1639.0,1640.0,1596.0,1596.0,nan,1622.0,459843,14917306920.0,112924,1639.0,436,1638.0,222,nan,0,nan,0,nan,0,nan,0,nan,0,nan,0,nan,0,nan,0
1597988436294660096,1597988436000001024,2020-08-21 13:40:36.000001,1638.0,1640.0,1596.0,1596.0,nan,1622.0,459845,14917371800.0,112925,1639.0,436,1638.0,222,nan,0,nan,0,nan,0,nan,0,nan,0,nan,0,nan,0,nan,0
1597988436815118080,1597988437000000000,2020-08-21 13:40:37.000000,1639.0,1640.0,1596.0,1596.0,nan,1622.0,459865,14918020600.0,112936,1639.0,429,1638.0,211,nan,0,nan,0,nan,0,nan,0,nan,0,nan,0,nan,0,nan,0
1597988437335619072,1597988437000001024,2020-08-21 13:40:37.000001,1639.0,1640.0,1596.0,1596.0,nan,1622.0,459866,14918053040.0,112937,1639.0,411,1638.0,212,nan,0,nan,0,nan,0,nan,0,nan,0,nan,0,nan,0,nan,0
1597988437811281920,1597988438000000000,2020-08-21 13:40:38.000000,1639.0,1640.0,1596.0,1596.0,nan,1622.0,459937,14920356280.0,113001,1639.0,339,1638.0,225,nan,0,nan,0,nan,0,nan,0,nan,0,nan,0,nan,0,nan,0
1597988438296892928,1597988438000001024,2020-08-21 13:40:38.000001,1639.0,1640.0,1596.0,1596.0,nan,1622.0,459951,14920810440.0,113015,1639.0,335,1638.0,222,nan,0,nan,0,nan,0,nan,0,nan,0,nan,0,nan,0,nan,0
1597988438819726080,1597988439000000000,2020-08-21 13:40:39.000000,1639.0,1640.0,1596.0,1596.0,nan,1622.0,459964,14921232160.0,113018,1639.0,323,1638.0,212,nan,0,nan,0,nan,0,nan,0,nan,0,nan,0,nan,0,nan,0
1597988439307319040,1597988439000001024,2020-08-21 13:40:39.000001,1638.0,1640.0,1596.0,1596.0,nan,1622.0,459969,14921394360.0,113022,1639.0,322,1638.0,212,nan,0,nan,0,nan,0,nan,0,nan,0,nan,0,nan,0,nan,0
1597988439782689024,1597988440000000000,2020-08-21 13:40:40.000000,1639.0,1640.0,1596.0,1596.0,nan,1622.0,459981,14921783640.0,113034,1639.0,310,1638.0,236,nan,0,nan,0,nan,0,nan,0,nan,0,nan,0,nan,0,nan,0
1597988440335384064,1597988440000001024,2020-08-21 13:40:40.000001,1639.0,1640.0,1596.0,1596.0,nan,1622.0,459981,14921783640.0,113034,1639.0,310,1638.0,237,nan,0,nan,0,nan,0,nan,0,nan,0,nan,0,nan,0,nan,0
1597988440809282048,1597988441000000000,2020-08-21 13:40:41.000000,1638.0,1640.0,1596.0,1596.0,nan,1622.0,459982,14921816080.0,113034,1639.0,309,1638.0,252,nan,0,nan,0,nan,0,nan,0,nan,0,nan,0,nan,0,nan,0
1597988441292372992,1597988441000001024,2020-08-21 13:40:41.000001,1639.0,1640.0,1596.0,1596.0,nan,1622.0,459993,14922172920.0,113037,1639.0,301,1638.0,255,nan,0,nan,0,nan,0,nan,0,nan,0,nan,0,nan,0,nan,0
1597988441803575040,1597988442000000000,2020-08-21 13:40:42.000000,1639.0,1640.0,1596.0,1596.0,nan,1622.0,460407,14935603080.0,113283,1640.0,1280,1639.0,53,nan,0,nan,0,nan,0,nan,0,nan,0,nan,0,nan,0,nan,0
1597988442305170944,1597988442000001024,2020-08-21 13:40:42.000001,1640.0,1640.0,1596.0,1596.0,nan,1622.0,460430,14936349200.0,113290,1640.0,965,1639.0,43,nan,0,nan,0,nan,0,nan,0,nan,0,nan,0,nan,0,nan,0
1597988442810064896,1597988443000000000,2020-08-21 13:40:43.000000,1639.0,1640.0,1596.0,1596.0,nan,1622.0,460451,14937030440.0,113291,1640.0,874,1639.0,382,nan,0,nan,0,nan,0,nan,0,nan,0,nan,0,nan,0,nan,0
1597988443324526080,1597988443000001024,2020-08-21 13:40:43.000001,1640.0,1640.0,1596.0,1596.0,nan,1622.0,460462,14937387280.0,113302,1640.0,838,1639.0,431,nan,0,nan,0,nan,0,nan,0,nan,0,nan,0,nan,0,nan,0
1597988443806842112,1597988444000000000,2020-08-21 13:40:44.000000,1640.0,1640.0,1596.0,1596.0,nan,1622.0,460497,14938522680.0,113304,1640.0,792,1639.0,446,nan,0,nan,0,nan,0,nan,0,nan,0,nan,0,nan,0,nan,0
1597988444329665024,1597988444000001024,2020-08-21 13:40:44.000001,1640.0,1640.0,1596.0,1596.0,nan,1622.0,460506,14938814640.0,113305,1640.0,795,1639.0,436,nan,0,nan,0,nan,0,nan,0,nan,0,nan,0,nan,0,nan,0
1597988444805422080,1597988445000000000,2020-08-21 13:40:45.000000,1640.0,1640.0,1596.0,1596.0,nan,1622.0,460538,14939852720.0,113314,1640.0,758,1639.0,459,nan,0,nan,0,nan,0,nan,0,nan,0,nan,0,nan,0,nan,0
1597988445296093952,1597988445000001024,2020-08-21 13:40:45.000001,1640.0,1640.0,1596.0,1596.0,nan,1622.0,460559,14940533960.0,113330,1640.0,750,1639.0,459,nan,0,nan,0,nan,0,nan,0,nan,0,nan,0,nan,0,nan,0
1597988445808595968,1597988446000000000,2020-08-21 13:40:46.000000,1640.0,1640.0,1596.0,1596.0,nan,1622.0,460579,14941182760.0,113345,1640.0,740,1639.0,252,nan,0,nan,0,nan,0,nan,0,nan,0,nan,0,nan,0,nan,0
1597988446327035904,1597988446000001024,2020-08-21 13:40:46.000001,1640.0,1640.0,1596.0,1596.0,nan,1622.0,460611,14942220840.0,113365,1640.0,710,1639.0,238,nan,0,nan,0,nan,0,nan,0,nan,0,nan,0,nan,0,nan,0
1597988446829722112,1597988447000000000,2020-08-21 13:40:47.000000,1639.0,1640.0,1596.0,1596.0,nan,1622.0,460925,14952407000.0,113272,1639.0,64,1638.0,333,nan,0,nan,0,nan,0,nan,0,nan,0,nan,0,nan,0,nan,0
1597988447295063040,1597988447000001024,2020-08-21 13:40:47.000001,1639.0,1640.0,1596.0,1596.0,nan,1622.0,460957,14953445080.0,113272,1639.0,140,1638.0,193,nan,0,nan,0,nan,0,nan,0,nan,0,nan,0,nan,0,nan,0
1597988447809619968,1597988448000000000,2020-08-21 13:40:48.000000,1639.0,1640.0,1596.0,1596.0,nan,1622.0,460990,14954515600.0,113268,1639.0,148,1638.0,162,nan,0,nan,0,nan,0,nan,0,nan,0,nan,0,nan,0,nan,0
1597988448289359872,1597988448000001024,2020-08-21 13:40:48.000001,1639.0,1640.0,1596.0,1596.0,nan,1622.0,461005,14955002200.0,113271,1639.0,148,1638.0,160,nan,0,nan,0,nan,0,nan,0,nan,0,nan,0,nan,0,nan,0
1597988448860211968,1597988449000000000,2020-08-21 13:40:49.000000,1639.0,1640.0,1596.0,1596.0,nan,1622.0,461012,14955229280.0,113266,1639.0,153,1638.0,163,nan,0,nan,0,nan,0,nan,0,nan,0,nan,0,nan,0,nan,0
1597988449321363968,1597988449000001024,2020-08-21 13:40:49.000001,1639.0,1640.0,1596.0,1596.0,nan,1622.0,461023,14955586120.0,113266,1639.0,151,1638.0,163,nan,0,nan,0,nan,0,nan,0,nan,0,nan,0,nan,0,nan,0
1597988449813244928,1597988450000000000,2020-08-21 13:40:50.000000,1639.0,1640.0,1596.0,1596.0,nan,1622.0,461042,14956202480.0,113264,1639.0,144,1638.0,158,nan,0,nan,0,nan,0,nan,0,nan,0,nan,0,nan,0,nan,0
1597988450301099008,1597988450000001024,2020-08-21 13:40:50.000001,1639.0,1640.0,1596.0,1596.0,nan,1622.0,461043,14956234920.0,113264,1639.0,154,1638.0,160,nan,0,nan,0,nan,0,nan,0,nan,0,nan,0,nan,0,nan,0
1597988450810949888,1597988451000000000,2020-08-21 13:40:51.000000,1639.0,1640.0,1596.0,1596.0,nan,1622.0,461204,14961457760.0,113337,1640.0,957,1639.0,47,nan,0,nan,0,nan,0,nan,0,nan,0,nan,0,nan,0,nan,0
1597988451291506944,1597988451000001024,2020-08-21 13:40:51.000001,1639.0,1640.0,1596.0,1596.0,nan,1622.0,461227,14962203880.0,113347,1640.0,815,1639.0,25,nan,0,nan,0,nan,0,nan,0,nan,0,nan,0,nan,0,nan,0
1597988451823500032,1597988452000000000,2020-08-21 13:40:52.000000,1639.0,1640.0,1596.0,1596.0,nan,1622.0,461237,14962528280.0,113353,1640.0,760,1639.0,311,nan,0,nan,0,nan,0,nan,0,nan,0,nan,0,nan,0,nan,0
1597988452329430016,1597988452000001024,2020-08-21 13:40:52.000001,1639.0,1640.0,1596.0,1596.0,nan,1622.0,461241,14962658040.0,113355,1640.0,741,1639.0,328,nan,0,nan,0,nan,0,nan,0,nan,0,nan,0,nan,0,nan,0
1597988452818949120,1597988453000000000,2020-08-21 13:40:53.000000,1639.0,1640.0,1596.0,1596.0,nan,1622.0,461244,14962755360.0,113357,1640.0,741,1639.0,330,nan,0,nan,0,nan,0,nan,0,nan,0,nan,0,nan,0,nan,0
1597988453299824128,1597988453000001024,2020-08-21 13:40:53.000001,1640.0,1640.0,1596.0,1596.0,nan,1622.0,461365,14966680600.0,113445,1640.0,621,1639.0,330,nan,0,nan,0,nan,0,nan,0,nan,0,nan,0,nan,0,nan,0
1597988453805327104,1597988454000000000,2020-08-21 13:40:54.000000,1640.0,1640.0,1596.0,1596.0,nan,1622.0,461379,14967134760.0,113458,1640.0,622,1639.0,349,nan,0,nan,0,nan,0,nan,0,nan,0,nan,0,nan,0,nan,0
1597988454297543936,1597988454000001024,2020-08-21 13:40:54.000001,1640.0,1640.0,1596.0,1596.0,nan,1622.0,461393,14967588920.0,113467,1640.0,615,1639.0,345,nan,0,nan,0,nan,0,nan,0,nan,0,nan,0,nan,0,nan,0
1597988454809292032,1597988455000000000,2020-08-21 13:40:55.000000,1639.0,1640.0,1596.0,1596.0,nan,1622.0,461810,14981116400.0,113832,1640.0,216,1639.0,337,nan,0,nan,0,nan,0,nan,0,nan,0,nan,0,nan,0,nan,0
1597988455327384064,1597988455000001024,2020-08-21 13:40:55.000001,1640.0,1640.0,1596.0,1596.0,nan,1622.0,462150,14992146000.0,114024,1641.0,475,1640.0,36,nan,0,nan,0,nan,0,nan,0,nan,0,nan,0,nan,0,nan,0
1597988455804544000,1597988456000000000,2020-08-21 13:40:56.000000,1640.0,1641.0,1596.0,1596.0,nan,1622.0,462204,14993897760.0,114030,1641.0,431,1640.0,93,nan,0,nan,0,nan,0,nan,0,nan,0,nan,0,nan,0,nan,0
1597988456287311104,1597988456000001024,2020-08-21 13:40:56.000001,1640.0,1641.0,1596.0,1596.0,nan,1622.0,462220,14994416800.0,114035,1641.0,397,1640.0,109,nan,0,nan,0,nan,0,nan,0,nan,0,nan,0,nan,0,nan,0
1597988456813797888,1597988457000000000,2020-08-21 13:40:57.000000,1641.0,1641.0,1596.0,1596.0,nan,1622.0,462302,14997076880.0,114011,1641.0,326,1640.0,114,nan,0,nan,0,nan,0,nan,0,nan,0,nan,0,nan,0,nan,0
1597988457294507008,1597988457000001024,2020-08-21 13:40:57.000001,1640.0,1642.0,1596.0,1596.0,nan,1622.0,463074,15022120560.0,113746,1640.0,54,1639.0,642,nan,0,nan,0,nan,0,nan,0,nan,0,nan,0,nan,0,nan,0
1597988457809707008,1597988458000000000,2020-08-21 13:40:58.000000,1641.0,1642.0,1596.0,1596.0,nan,1622.0,463237,15027408280.0,113726,1641.0,58,1640.0,30,nan,0,nan,0,nan,0,nan,0,nan,0,nan,0,nan,0,nan,0
1597988458290286080,1597988458000001024,2020-08-21 13:40:58.000001,1641.0,1642.0,1596.0,1596.0,nan,1622.0,463286,15028997840.0,113729,1641.0,56,1640.0,75,nan,0,nan,0,nan,0,nan,0,nan,0,nan,0,nan,0,nan,0
1597988458819642880,1597988459000000000,2020-08-21 13:40:59.000000,1640.0,1642.0,1596.0,1596.0,nan,1622.0,463405,15032858200.0,113706,1640.0,326,1639.0,504,nan,0,nan,0,nan,0,nan,0,nan,0,nan,0,nan,0,nan,0
1597988459296559104,1597988459000001024,2020-08-21 13:40:59.000001,1640.0,1642.0,1596.0,1596.0,nan,1622.0,463427,15033571880.0,113719,1641.0,328,1640.0,12,nan,0,nan,0,nan,0,nan,0,nan,0,nan,0,nan,0,nan,0
1597988459805615104,1597988460000000000,2020-08-21 13:41:00.000000,1640.0,1642.0,1596.0,1596.0,nan,1622.0,463457,15034545080.0,113717,1641.0,245,1640.0,3,nan,0,nan,0,nan,0,nan,0,nan,0,nan,0,nan,0,nan,0
1597988460296705024,1597988460000001024,2020-08-21 13:41:00.000001,1641.0,1642.0,1596.0,1596.0,nan,1622.0,464107,15055631080.0,114049,1642.0,182,1641.0,18,nan,0,nan,0,nan,0,nan,0,nan,0,nan,0,nan,0,nan,0
1597988460813946880,1597988461000000000,2020-08-21 13:41:01.000000,1640.0,1642.0,1596.0,1596.0,nan,1622.0,464164,15057480160.0,114051,1641.0,281,1640.0,125,nan,0,nan,0,nan,0,nan,0,nan,0,nan,0,nan,0,nan,0
1597988461302001920,1597988461000001024,2020-08-21 13:41:01.000001,1640.0,1642.0,1596.0,1596.0,nan,1622.0,464186,15058193840.0,114051,1641.0,276,1640.0,119,nan,0,nan,0,nan,0,nan,0,nan,0,nan,0,nan,0,nan,0
1597988461818708992,1597988462000000000,2020-08-21 13:41:02.000000,1640.0,1642.0,1596.0,1596.0,nan,1622.0,464225,15059459000.0,114047,1641.0,277,1640.0,125,nan,0,nan,0,nan,0,nan,0,nan,0,nan,0,nan,0,nan,0
1597988462324860928,1597988462000001024,2020-08-21 13:41:02.000001,1641.0,1642.0,1596.0,1596.0,nan,1622.0,464245,15060107800.0,114036,1641.0,271,1640.0,136,nan,0,nan,0,nan,0,nan,0,nan,0,nan,0,nan,0,nan,0
1597988462831996928,1597988463000000000,2020-08-21 13:41:03.000000,1640.0,1642.0,1596.0,1596.0,nan,1622.0,464257,15060497080.0,114033,1641.0,280,1640.0,137,nan,0,nan,0,nan,0,nan,0,nan,0,nan,0,nan,0,nan,0
1597988463303236096,1597988463000001024,2020-08-21 13:41:03.000001,1641.0,1642.0,1596.0,1596.0,nan,1622.0,464321,15062573240.0,114032,1641.0,224,1640.0,167,nan,0,nan,0,nan,0,nan,0,nan,0,nan,0,nan,0,nan,0
1597988463828302080,1597988464000000000,2020-08-21 13:41:04.000000,1641.0,1642.0,1596.0,1596.0,nan,1622.0,464345,15063351800.0,114046,1641.0,226,1640.0,221,nan,0,nan,0,nan,0,nan,0,nan,0,nan,0,nan,0,nan,0
1597988464304614912,1597988464000001024,2020-08-21 13:41:04.000001,1641.0,1642.0,1596.0,1596.0,nan,1622.0,464362,15063903280.0,114041,1641.0,226,1640.0,1331,nan,0,nan,0,nan,0,nan,0,nan,0,nan,0,nan,0,nan,0
1597988464818608896,1597988465000000000,2020-08-21 13:41:05.000000,1640.0,1642.0,1596.0,1596.0,nan,1622.0,464380,15064487200.0,114036,1641.0,217,1640.0,1859,nan,0,nan,0,nan,0,nan,0,nan,0,nan,0,nan,0,nan,0
1597988465303607040,1597988465000001024,2020-08-21 13:41:05.000001,1641.0,1642.0,1596.0,1596.0,nan,1622.0,464465,15067244600.0,114048,1641.0,180,1640.0,1867,nan,0,nan,0,nan,0,nan,0,nan,0,nan,0,nan,0,nan,0
1597988465824765952,1597988466000000000,2020-08-21 13:41:06.000000,1641.0,1642.0,1596.0,1596.0,nan,1622.0,464486,15067925840.0,114054,1641.0,194,1640.0,238,nan,0,nan,0,nan,0,nan,0,nan,0,nan,0,nan,0,nan,0
1597988466295138048,1597988466000001024,2020-08-21 13:41:06.000001,1640.0,1642.0,1596.0,1596.0,nan,1622.0,464584,15071104960.0,114077,1641.0,124,1640.0,243,nan,0,nan,0,nan,0,nan,0,nan,0,nan,0,nan,0,nan,0
1597988466820808960,1597988467000000000,2020-08-21 13:41:07.000000,1641.0,1642.0,1596.0,1596.0,nan,1622.0,464601,15071656440.0,114075,1641.0,422,1640.0,249,nan,0,nan,0,nan,0,nan,0,nan,0,nan,0,nan,0,nan,0
1597988467295303936,1597988467000001024,2020-08-21 13:41:07.000001,1640.0,1642.0,1596.0,1596.0,nan,1622.0,464610,15071948400.0,114084,1641.0,537,1640.0,290,nan,0,nan,0,nan,0,nan,0,nan,0,nan,0,nan,0,nan,0
1597988467814988032,1597988468000000000,2020-08-21 13:41:08.000000,1641.0,1642.0,1596.0,1596.0,nan,1622.0,464941,15082686040.0,113991,1640.0,1,1639.0,208,nan,0,nan,0,nan,0,nan,0,nan,0,nan,0,nan,0,nan,0
1597988468306246912,1597988468000001024,2020-08-21 13:41:08.000001,1641.0,1642.0,1596.0,1596.0,nan,1622.0,464988,15084210720.0,113973,1640.0,21,1639.0,158,nan,0,nan,0,nan,0,nan,0,nan,0,nan,0,nan,0,nan,0
1597988468829762048,1597988469000000000,2020-08-21 13:41:09.000000,1640.0,1642.0,1596.0,1596.0,nan,1622.0,465017,15085151480.0,113984,1640.0,22,1639.0,159,nan,0,nan,0,nan,0,nan,0,nan,0,nan,0,nan,0,nan,0
1597988469311657984,1597988469000001024,2020-08-21 13:41:09.000001,1640.0,1642.0,1596.0,1596.0,nan,1622.0,465021,15085281240.0,113987,1640.0,109,1639.0,159,nan,0,nan,0,nan,0,nan,0,nan,0,nan,0,nan,0,nan,0
1597988469831055104,1597988470000000000,2020-08-21 13:41:10.000000,1640.0,1642.0,1596.0,1596.0,nan,1622.0,465077,15087097880.0,114038,1640.0,144,1639.0,149,nan,0,nan,0,nan,0,nan,0,nan,0,nan,0,nan,0,nan,0
1597988470316038912,1597988470000001024,2020-08-21 13:41:10.000001,1639.0,1642.0,1596.0,1596.0,nan,1622.0,465092,15087584480.0,114043,1640.0,164,1639.0,137,nan,0,nan,0,nan,0,nan,0,nan,0,nan,0,nan,0,nan,0
1597988470820473088,1597988471000000000,2020-08-21 13:41:11.000000,1639.0,1642.0,1596.0,1596.0,nan,1622.0,465117,15088395480.0,114057,1640.0,147,1639.0,142,nan,0,nan,0,nan,0,nan,0,nan,0,nan,0,nan,0,nan,0
1597988471322483968,1597988471000001024,2020-08-21 13:41:11.000001,1640.0,1642.0,1596.0,1596.0,nan,1622.0,465136,15089011840.0,114066,1640.0,160,1639.0,163,nan,0,nan,0,nan,0,nan,0,nan,0,nan,0,nan,0,nan,0
1597988471831525888,1597988472000000000,2020-08-21 13:41:12.000000,1640.0,1642.0,1596.0,1596.0,nan,1622.0,465150,15089466000.0,114080,1640.0,148,1639.0,166,nan,0,nan,0,nan,0,nan,0,nan,0,nan,0,nan,0,nan,0
1597988472302152960,1597988472000001024,2020-08-21 13:41:12.000001,1640.0,1642.0,1596.0,1596.0,nan,1622.0,465189,15090731160.0,114061,1640.0,99,1639.0,169,nan,0,nan,0,nan,0,nan,0,nan,0,nan,0,nan,0,nan,0
1597988472830592000,1597988473000000000,2020-08-21 13:41:13.000000,1639.0,1642.0,1596.0,1596.0,nan,1622.0,465192,15090828480.0,114064,1640.0,101,1639.0,209,nan,0,nan,0,nan,0,nan,0,nan,0,nan,0,nan,0,nan,0
1597988473317850112,1597988473000001024,2020-08-21 13:41:13.000001,1640.0,1642.0,1596.0,1596.0,nan,1622.0,465238,15092320720.0,114082,1640.0,136,1639.0,252,nan,0,nan,0,nan,0,nan,0,nan,0,nan,0,nan,0,nan,0
1597988473819301888,1597988474000000000,2020-08-21 13:41:14.000000,1639.0,1642.0,1596.0,1596.0,nan,1622.0,465296,15094202240.0,114131,1640.0,150,1639.0,213,nan,0,nan,0,nan,0,nan,0,nan,0,nan,0,nan,0,nan,0
1597988474293899008,1597988474000001024,2020-08-21 13:41:14.000001,1640.0,1642.0,1596.0,1596.0,nan,1622.0,465300,15094332000.0,114131,1640.0,149,1639.0,234,nan,0,nan,0,nan,0,nan,0,nan,0,nan,0,nan,0,nan,0
1597988474809586944,1597988475000000000,2020-08-21 13:41:15.000000,1640.0,1642.0,1596.0,1596.0,nan,1622.0,465302,15094396880.0,114131,1640.0,163,1639.0,232,nan,0,nan,0,nan,0,nan,0,nan,0,nan,0,nan,0,nan,0
