local_nano_time,quote_nano_time,datetime,last_price,highest,lowest,open,close,average,volume,amount,open_interest,ask_price1,ask_volume1,bid_price1,bid_volume1,ask_price2,ask_volume2,bid_price2,bid_volume2,ask_price3,ask_volume3,bid_price3,bid_volume3,ask_price4,ask_volume4,bid_price4,bid_volume4,ask_price5,ask_volume5,bid_price5,bid_volume5
1597988226613067008,1597988226913000192,2020-08-21 13:37:06.913000,286.3,289.3,284.3,289.0,nan,286.168,70388,20142817000.0,67632,286.4,68,286.3,27,286.5,71,286.2,43,286.6,62,286.1,39,286.7,47,286.0,45,286.8,99,285.9,16
1597988227105655040,1597988227436000000,2020-08-21 13:37:07.436000,286.3,289.3,284.3,289.0,nan,286.168,70389,20143103300.0,67631,286.4,67,286.3,30,286.5,71,286.2,43,286.6,62,286.1,39,286.7,47,286.0,45,286.8,99,285.9,16
1597988227611066880,1597988227936000000,2020-08-21 13:37:07.936000,286.3,289.3,284.3,289.0,nan,286.168,70389,20143103300.0,67631,286.4,68,286.3,30,286.5,71,286.2,43,286.6,62,286.1,39,286.7,47,286.0,45,286.8,99,285.9,16
1597988232114678016,1597988232423000064,2020-08-21 13:37:12.423000,286.4,289.3,284.3,289.0,nan,286.169,70439,20157423300.0,67626,286.4,18,286.3,32,286.5,71,286.2,43,286.6,62,286.1,39,286.7,47,286.0,45,286.8,99,285.9,16
1597988232622284032,1597988232932000000,2020-08-21 13:37:12.932000,286.4,289.3,284.3,289.0,nan,286.169,70454,20161719300.0,67622,286.5,72,286.4,3,286.6,60,286.3,33,286.7,48,286.2,40,286.8,99,286.1,37,286.9,32,286.0,43
1597988233123449088,1597988233405999872,2020-08-21 13:37:13.406000,286.4,289.3,284.3,289.0,nan,286.169,70459,20163151300.0,67621,286.5,66,286.4,7,286.6,57,286.3,30,286.7,56,286.2,49,286.8,101,286.1,28,286.9,35,286.0,42
1597988233618775040,1597988233912000000,2020-08-21 13:37:13.912000,286.4,289.3,284.3,289.0,nan,286.169,70467,20165442500.0,67615,286.5,66,286.4,1,286.6,59,286.3,35,286.7,56,286.2,47,286.8,101,286.1,28,286.9,36,286.0,42
1597988234127491072,1597988234427000064,2020-08-21 13:37:14.427000,286.4,289.3,284.3,289.0,nan,286.169,70468,20165728900.0,67616,286.4,1,286.3,35,286.5,66,286.2,50,286.6,59,286.1,28,286.7,59,286.0,42,286.8,101,285.9,16
1597988234638624000,1597988234937999872,2020-08-21 13:37:14.938000,286.4,289.3,284.3,289.0,nan,286.169,70468,20165728900.0,67616,286.4,2,286.3,39,286.5,69,286.2,45,286.6,61,286.1,34,286.7,53,286.0,43,286.8,100,285.9,16
1597988235134108928,1597988235413000192,2020-08-21 13:37:15.413000,286.4,289.3,284.3,289.0,nan,286.169,70470,20166301700.0,67614,286.5,72,286.3,40,286.6,65,286.2,47,286.7,53,286.1,38,286.8,100,286.0,43,286.9,36,285.9,16
1597988235626424064,1597988235905999872,2020-08-21 13:37:15.906000,286.4,289.3,284.3,289.0,nan,286.169,70470,20166301700.0,67614,286.5,72,286.3,46,286.6,61,286.2,46,286.7,57,286.1,32,286.8,100,286.0,43,286.9,36,285.9,16
1597988236117444096,1597988236432000000,2020-08-21 13:37:16.432000,286.4,289.3,284.3,289.0,nan,286.169,70470,20166301700.0,67614,286.5,73,286.3,48,286.6,61,286.2,46,286.7,57,286.1,32,286.8,101,286.0,43,286.9,36,285.9,16
1597988237629522944,1597988237934000128,2020-08-21 13:37:17.934000,286.4,289.3,284.3,289.0,nan,286.169,70470,20166301700.0,67614,286.5,73,286.3,48,286.6,61,286.2,47,286.7,57,286.1,32,286.8,101,286.0,43,286.9,36,285.9,16
1597988238115438080,1597988238430000128,2020-08-21 13:37:18.430000,286.4,289.3,284.3,289.0,nan,286.169,70470,20166301700.0,67614,286.5,72,286.4,1,286.6,61,286.3,49,286.7,57,286.2,47,286.8,101,286.1,32,286.9,36,286.0,43
1597988238636024064,1597988238932000000,2020-08-21 13:37:18.932000,286.4,289.3,284.3,289.0,nan,286.169,70471,20166588100.0,67614,286.5,68,286.4,1,286.6,58,286.3,46,286.7,59,286.2,52,286.8,102,286.1,28,286.9,36,286.0,42
1597988239131660032,1597988239420999936,2020-08-21 13:37:19.421000,286.4,289.3,284.3,289.0,nan,286.169,70474,20167447300.0,67612,286.5,70,286.3,46,286.6,59,286.2,54,286.7,61,286.1,28,286.8,101,286.0,42,286.9,36,285.9,16
1597988239615502080,1597988239932000000,2020-08-21 13:37:19.932000,286.4,289.3,284.3,289.0,nan,286.169,70474,20167447300.0,67612,286.5,72,286.3,47,286.6,59,286.2,50,286.7,59,286.1,30,286.8,100,286.0,43,286.9,36,285.9,16
1597988240139824896,1597988240416999936,2020-08-21 13:37:20.417000,286.4,289.3,284.3,289.0,nan,286.169,70474,20167447300.0,67612,286.5,73,286.3,47,286.6,61,286.2,49,286.7,57,286.1,32,286.8,100,286.0,43,286.9,36,285.9,16
1597988240611827968,1597988240916000000,2020-08-21 13:37:20.916000,286.4,289.3,284.3,289.0,nan,286.169,70474,20167447300.0,67612,286.5,73,286.3,47,286.6,61,286.2,50,286.7,58,286.1,32,286.8,100,286.0,43,286.9,36,285.9,16
1597988243121436928,1597988243432000000,2020-08-21 13:37:23.432000,286.5,289.3,284.3,289.0,nan,286.169,70476,20168020300.0,67614,286.5,71,286.3,47,286.6,61,286.2,50,286.7,58,286.1,32,286.8,100,286.0,43,286.9,36,285.9,16
1597988243615344128,1597988243917999872,2020-08-21 13:37:23.918000,286.3,289.3,284.3,289.0,nan,286.169,70477,20168306600.0,67613,286.5,71,286.3,46,286.6,61,286.2,50,286.7,58,286.1,32,286.8,100,286.0,43,286.9,36,285.9,16
1597988244115739904,1597988244433000192,2020-08-21 13:37:24.433000,286.3,289.3,284.3,289.0,nan,286.169,70477,20168306600.0,67613,286.5,71,286.3,46,286.6,61,286.2,47,286.7,58,286.1,32,286.8,100,286.0,43,286.9,36,285.9,16
1597988245627303936,1597988245882999808,2020-08-21 13:37:25.883000,286.3,289.3,284.3,289.0,nan,286.169,70477,20168306600.0,67613,286.5,71,286.3,46,286.6,61,286.2,47,286.7,58,286.1,35,286.8,100,286.0,43,286.9,36,285.9,16
1597988248192361984,1597988248420999936,2020-08-21 13:37:28.421000,286.3,289.3,284.3,289.0,nan,286.169,70477,20168306600.0,67613,286.5,71,286.3,53,286.6,61,286.2,47,286.7,58,286.1,35,286.8,100,286.0,43,286.9,36,285.9,16
1597988248638554112,1597988248938999808,2020-08-21 13:37:28.939000,286.3,289.3,284.3,289.0,nan,286.169,70477,20168306600.0,67613,286.5,71,286.3,53,286.6,61,286.2,46,286.7,57,286.1,35,286.8,100,286.0,43,286.9,36,285.9,16
1597988249115161088,1597988249420000000,2020-08-21 13:37:29.420000,286.3,289.3,284.3,289.0,nan,286.169,70477,20168306600.0,67613,286.5,71,286.3,54,286.6,61,286.2,46,286.7,57,286.1,35,286.8,101,286.0,43,286.9,36,285.9,16
1597988249621820928,1597988249930000128,2020-08-21 13:37:29.930000,286.3,289.3,284.3,289.0,nan,286.169,70477,20168306600.0,67613,286.5,71,286.3,55,286.6,61,286.2,45,286.7,55,286.1,35,286.8,101,286.0,43,286.9,36,285.9,16
1597988250632211968,1597988250933000192,2020-08-21 13:37:30.933000,286.3,289.3,284.3,289.0,nan,286.169,70477,20168306600.0,67613,286.5,71,286.3,55,286.6,61,286.2,45,286.7,55,286.1,35,286.8,101,286.0,41,286.9,36,285.9,16
1597988253110770944,1597988253424000000,2020-08-21 13:37:33.424000,286.3,289.3,284.3,289.0,nan,286.169,70477,20168306600.0,67613,286.5,72,286.3,56,286.6,61,286.2,45,286.7,55,286.1,36,286.8,101,286.0,41,286.9,36,285.9,16
1597988253612051968,1597988253898999808,2020-08-21 13:37:33.899000,286.3,289.3,284.3,289.0,nan,286.169,70477,20168306600.0,67613,286.5,72,286.3,56,286.6,61,286.2,45,286.7,55,286.1,36,286.8,101,286.0,39,286.9,36,285.9,16
1597988254623298048,1597988254935000064,2020-08-21 13:37:34.935000,286.3,289.3,284.3,289.0,nan,286.169,70477,20168306600.0,67613,286.5,72,286.3,56,286.6,61,286.2,45,286.7,55,286.1,36,286.8,101,286.0,38,286.9,36,285.9,16
1597988255107186944,1597988255433000192,2020-08-21 13:37:35.433000,286.3,289.3,284.3,289.0,nan,286.169,70477,20168306600.0,67613,286.4,1,286.3,56,286.5,72,286.2,45,286.6,61,286.1,36,286.7,55,286.0,38,286.8,101,285.9,16
1597988255619458048,1597988255931000064,2020-08-21 13:37:35.931000,286.3,289.3,284.3,289.0,nan,286.169,70477,20168306600.0,67613,286.4,1,286.3,53,286.5,74,286.2,42,286.6,64,286.1,41,286.7,51,286.0,38,286.8,100,285.9,16
1597988256114320896,1597988256426000128,2020-08-21 13:37:36.426000,286.3,289.3,284.3,289.0,nan,286.169,70477,20168306600.0,67613,286.4,2,286.3,53,286.5,74,286.2,42,286.6,65,286.1,42,286.7,51,286.0,38,286.8,100,285.9,16
1597988258114337024,1597988258416999936,2020-08-21 13:37:38.417000,286.3,289.3,284.3,289.0,nan,286.169,70479,20168879200.0,67613,286.4,3,286.3,53,286.5,75,286.2,41,286.6,67,286.1,44,286.7,51,286.0,38,286.8,100,285.9,16
1597988258609346048,1597988258935000064,2020-08-21 13:37:38.935000,286.3,289.3,284.3,289.0,nan,286.169,70479,20168879200.0,67613,286.4,7,286.3,53,286.5,75,286.2,41,286.6,65,286.1,42,286.7,51,286.0,38,286.8,100,285.9,16
1597988259125753088,1597988259405999872,2020-08-21 13:37:39.406000,286.3,289.3,284.3,289.0,nan,286.169,70479,20168879200.0,67613,286.4,9,286.3,53,286.5,75,286.2,40,286.6,64,286.1,42,286.7,51,286.0,38,286.8,100,285.9,16
1597988259641486080,1597988259921999872,2020-08-21 13:37:39.922000,286.3,289.3,284.3,289.0,nan,286.169,70479,20168879200.0,67613,286.4,9,286.3,53,286.5,75,286.2,40,286.6,64,286.1,42,286.7,46,286.0,38,286.8,98,285.9,16
1597988260124423936,1597988260427000064,2020-08-21 13:37:40.427000,286.3,289.3,284.3,289.0,nan,286.169,70479,20168879200.0,67613,286.4,12,286.3,52,286.5,75,286.2,40,286.6,63,286.1,41,286.7,46,286.0,38,286.8,98,285.9,16
1597988260605391872,1597988260932000000,2020-08-21 13:37:40.932000,286.3,289.3,284.3,289.0,nan,286.169,70479,20168879200.0,67613,286.4,18,286.3,45,286.5,74,286.2,40,286.6,62,286.1,40,286.7,46,286.0,38,286.8,98,285.9,16
1597988261128336896,1597988261436000000,2020-08-21 13:37:41.436000,286.4,289.3,284.3,289.0,nan,286.169,70481,20169452000.0,67613,286.4,17,286.3,45,286.5,75,286.2,39,286.6,63,286.1,41,286.7,46,286.0,38,286.8,98,285.9,16
1597988262122059008,1597988262435000064,2020-08-21 13:37:42.435000,286.4,289.3,284.3,289.0,nan,286.169,70481,20169452000.0,67613,286.4,18,286.3,45,286.5,75,286.2,39,286.6,63,286.1,41,286.7,46,286.0,38,286.8,98,285.9,16
1597988262630490112,1597988262910000128,2020-08-21 13:37:42.910000,286.4,289.3,284.3,289.0,nan,286.169,70481,20169452000.0,67613,286.4,18,286.3,45,286.5,75,286.2,39,286.6,63,286.1,41,286.7,46,286.0,38,286.8,99,285.9,16
1597988263110190080,1597988263379000064,2020-08-21 13:37:43.379000,286.4,289.3,284.3,289.0,nan,286.169,70481,20169452000.0,67613,286.4,19,286.3,51,286.5,75,286.2,39,286.6,63,286.1,41,286.7,46,286.0,38,286.8,99,285.9,16
1597988265136110080,1597988265413000192,2020-08-21 13:37:45.413000,286.4,289.3,284.3,289.0,nan,286.169,70481,20169452000.0,67613,286.4,19,286.3,49,286.5,75,286.2,41,286.6,63,286.1,41,286.7,46,286.0,38,286.8,99,285.9,16
1597988265612380928,1597988265935000064,2020-08-21 13:37:45.935000,286.4,289.3,284.3,289.0,nan,286.169,70481,20169452000.0,67613,286.4,19,286.3,50,286.5,75,286.2,41,286.6,63,286.1,41,286.7,46,286.0,38,286.8,99,285.9,16
1597988266613049088,1597988266924000000,2020-08-21 13:37:46.924000,286.4,289.3,284.3,289.0,nan,286.169,70481,20169452000.0,67613,286.4,19,286.3,51,286.5,75,286.2,41,286.6,63,286.1,41,286.7,46,286.0,38,286.8,99,285.9,16
1597988267148615936,1597988267416999936,2020-08-21 13:37:47.417000,286.4,289.3,284.3,289.0,nan,286.169,70481,20169452000.0,67613,286.4,19,286.3,50,286.5,75,286.2,41,286.6,63,286.1,41,286.7,46,286.0,38,286.8,99,285.9,16
1597988267606393088,1597988267938999808,2020-08-21 13:37:47.939000,286.3,289.3,284.3,289.0,nan,286.169,70485,20170597200.0,67615,286.4,20,286.3,46,286.5,75,286.2,41,286.6,63,286.1,41,286.7,46,286.0,38,286.8,99,285.9,16
1597988268135347968,1597988268428999936,2020-08-21 13:37:48.429000,286.3,289.3,284.3,289.0,nan,286.169,70485,20170597200.0,67615,286.4,21,286.3,46,286.5,75,286.2,41,286.6,63,286.1,41,286.7,46,286.0,38,286.8,99,285.9,16
1597988268616346112,1597988268924999936,2020-08-21 13:37:48.925000,286.3,289.3,284.3,289.0,nan,286.169,70485,20170597200.0,67615,286.4,22,286.3,46,286.5,74,286.2,41,286.6,63,286.1,41,286.7,46,286.0,38,286.8,99,285.9,16
1597988273109762048,1597988273434000128,2020-08-21 13:37:53.434000,286.3,289.3,284.3,289.0,nan,286.169,70485,20170597200.0,67615,286.4,22,286.3,46,286.5,75,286.2,42,286.6,65,286.1,43,286.7,46,286.0,38,286.8,99,285.9,16
1597988273610362112,1597988273932000000,2020-08-21 13:37:53.932000,286.3,289.3,284.3,289.0,nan,286.169,70485,20170597200.0,67615,286.4,22,286.3,46,286.5,74,286.2,41,286.6,63,286.1,41,286.7,46,286.0,38,286.8,99,285.9,16
1597988275132393984,1597988275411000064,2020-08-21 13:37:55.411000,286.3,289.3,284.3,289.0,nan,286.169,70485,20170597200.0,67615,286.4,22,286.3,46,286.5,74,286.2,42,286.6,63,286.1,41,286.7,46,286.0,38,286.8,99,285.9,16
1597988280118364928,1597988280436000000,2020-08-21 13:38:00.436000,286.3,289.3,284.3,289.0,nan,286.169,70485,20170597200.0,67615,286.4,22,286.3,46,286.5,74,286.2,42,286.6,65,286.1,43,286.7,46,286.0,38,286.8,99,285.9,16
1597988280616209920,1597988280933000192,2020-08-21 13:38:00.933000,286.3,289.3,284.3,289.0,nan,286.169,70485,20170597200.0,67615,286.4,22,286.3,46,286.5,74,286.2,42,286.6,63,286.1,41,286.7,46,286.0,38,286.8,99,285.9,16
1597988284128819968,1597988284435000064,2020-08-21 13:38:04.435000,286.3,289.3,284.3,289.0,nan,286.169,70485,20170597200.0,67615,286.4,22,286.3,46,286.5,74,286.2,42,286.6,63,286.1,41,286.7,46,286.0,37,286.8,99,285.9,17
1597988286621942016,1597988286936000000,2020-08-21 13:38:06.936000,286.3,289.3,284.3,289.0,nan,286.169,70485,20170597200.0,67615,286.4,23,286.3,46,286.5,74,286.2,42,286.6,63,286.1,41,286.7,46,286.0,37,286.8,99,285.9,17
1597988288123019008,1597988288436999936,2020-08-21 13:38:08.437000,286.3,289.3,284.3,289.0,nan,286.169,70485,20170597200.0,67615,286.4,23,286.3,46,286.5,75,286.2,43,286.6,65,286.1,43,286.7,46,286.0,37,286.8,99,285.9,17
1597988288617630976,1597988288913000192,2020-08-21 13:38:08.913000,286.3,289.3,284.3,289.0,nan,286.169,70485,20170597200.0,67615,286.4,23,286.3,46,286.5,75,286.2,43,286.6,63,286.1,41,286.7,46,286.0,37,286.8,99,285.9,17
1597988289112440064,1597988289432000000,2020-08-21 13:38:09.432000,286.3,289.3,284.3,289.0,nan,286.169,70485,20170597200.0,67615,286.4,23,286.3,46,286.5,74,286.2,42,286.6,63,286.1,41,286.7,46,286.0,37,286.8,99,285.9,17
1597988290123110912,1597988290417999872,2020-08-21 13:38:10.418000,286.3,289.3,284.3,289.0,nan,286.169,70485,20170597200.0,67615,286.4,23,286.3,46,286.5,74,286.2,42,286.6,64,286.1,41,286.7,46,286.0,37,286.8,99,285.9,17
1597988293599751936,1597988293931000064,2020-08-21 13:38:13.931000,286.4,289.3,284.3,289.0,nan,286.169,70487,20171170000.0,67615,286.4,22,286.3,46,286.5,74,286.2,42,286.6,64,286.1,41,286.7,46,286.0,37,286.8,99,285.9,17
1597988294130532096,1597988294430000128,2020-08-21 13:38:14.430000,286.4,289.3,284.3,289.0,nan,286.169,70487,20171170000.0,67615,286.4,18,286.3,46,286.5,74,286.2,40,286.6,64,286.1,41,286.7,46,286.0,37,286.8,99,285.9,17
1597988294607034112,1597988294933000192,2020-08-21 13:38:14.933000,286.4,289.3,284.3,289.0,nan,286.169,70487,20171170000.0,67615,286.4,16,286.3,46,286.5,75,286.2,40,286.6,64,286.1,41,286.7,46,286.0,37,286.8,99,285.9,17
1597988295155358976,1597988295438999808,2020-08-21 13:38:15.439000,286.4,289.3,284.3,289.0,nan,286.169,70487,20171170000.0,67615,286.4,15,286.3,46,286.5,75,286.2,40,286.6,64,286.1,41,286.7,46,286.0,37,286.8,99,285.9,17
1597988295627568896,1597988295937999872,2020-08-21 13:38:15.938000,286.4,289.3,284.3,289.0,nan,286.169,70487,20171170000.0,67615,286.4,14,286.3,46,286.5,76,286.2,40,286.6,64,286.1,41,286.7,46,286.0,37,286.8,99,285.9,17
1597988299119334912,1597988299417999872,2020-08-21 13:38:19.418000,286.4,289.3,284.3,289.0,nan,286.169,70487,20171170000.0,67615,286.4,13,286.3,46,286.5,77,286.2,41,286.6,64,286.1,41,286.7,46,286.0,37,286.8,99,285.9,17
1597988299647398912,1597988299933000192,2020-08-21 13:38:19.933000,286.4,289.3,284.3,289.0,nan,286.169,70487,20171170000.0,67615,286.4,11,286.3,46,286.5,76,286.2,40,286.6,64,286.1,41,286.7,46,286.0,37,286.8,99,285.9,17
1597988302654033920,1597988302926000128,2020-08-21 13:38:22.926000,286.4,289.3,284.3,289.0,nan,286.169,70488,20171456400.0,67615,286.4,10,286.3,46,286.5,76,286.2,40,286.6,64,286.1,41,286.7,46,286.0,37,286.8,99,285.9,17
1597988303116684032,1597988303428000000,2020-08-21 13:38:23.428000,286.4,289.3,284.3,289.0,nan,286.169,70488,20171456400.0,67615,286.4,10,286.3,49,286.5,76,286.2,38,286.6,64,286.1,41,286.7,46,286.0,37,286.8,99,285.9,17
1597988303820676096,1597988303917999872,2020-08-21 13:38:23.918000,286.4,289.3,284.3,289.0,nan,286.169,70488,20171456400.0,67615,286.4,10,286.3,51,286.5,76,286.2,38,286.6,64,286.1,41,286.7,46,286.0,37,286.8,99,285.9,17
1597988304144547072,1597988304435000064,2020-08-21 13:38:24.435000,286.4,289.3,284.3,289.0,nan,286.169,70494,20173174800.0,67617,286.4,4,286.3,51,286.5,76,286.2,38,286.6,64,286.1,41,286.7,46,286.0,37,286.8,99,285.9,17
1597988304667385088,1597988304928999936,2020-08-21 13:38:24.929000,286.4,289.3,284.3,289.0,nan,286.169,70494,20173174800.0,67617,286.4,3,286.3,53,286.5,75,286.2,37,286.6,65,286.1,41,286.7,46,286.0,37,286.8,99,285.9,17
1597988305125403904,1597988305433000192,2020-08-21 13:38:25.433000,286.4,289.3,284.3,289.0,nan,286.169,70494,20173174800.0,67617,286.4,3,286.3,53,286.5,76,286.2,38,286.6,65,286.1,41,286.7,46,286.0,37,286.8,99,285.9,17
1597988307116335104,1597988307413000192,2020-08-21 13:38:27.413000,286.3,289.3,284.3,289.0,nan,286.169,70495,20173461100.0,67617,286.4,3,286.3,52,286.5,76,286.2,38,286.6,65,286.1,41,286.7,46,286.0,37,286.8,99,285.9,17
1597988308127633920,1597988308432000000,2020-08-21 13:38:28.432000,286.4,289.3,284.3,289.0,nan,286.169,70497,20174033900.0,67618,286.4,1,286.3,55,286.5,76,286.2,38,286.6,65,286.1,41,286.7,46,286.0,37,286.8,99,285.9,17
1597988309131710976,1597988309437999872,2020-08-21 13:38:29.438000,286.4,289.3,284.3,289.0,nan,286.169,70497,20174033900.0,67618,286.4,2,286.3,55,286.5,76,286.2,38,286.6,65,286.1,41,286.7,46,286.0,37,286.8,99,285.9,17
1597988309934138880,1597988309937999872,2020-08-21 13:38:29.938000,286.3,289.3,284.3,289.0,nan,286.169,70498,20174320200.0,67618,286.4,2,286.3,54,286.5,76,286.2,38,286.6,65,286.1,41,286.7,46,286.0,37,286.8,99,285.9,17
1597988310226219008,1597988310433000192,2020-08-21 13:38:30.433000,286.3,289.3,284.3,289.0,nan,286.169,70498,20174320200.0,67618,286.4,4,286.3,54,286.5,76,286.2,38,286.6,65,286.1,41,286.7,46,286.0,37,286.8,99,285.9,17
1597988310630384128,1597988310916000000,2020-08-21 13:38:30.916000,286.3,289.3,284.3,289.0,nan,286.169,70498,20174320200.0,67618,286.4,4,286.3,55,286.5,76,286.2,38,286.6,65,286.1,41,286.7,46,286.0,37,286.8,99,285.9,17
1597988311129628928,1597988311407000064,2020-08-21 13:38:31.407000,286.5,289.3,284.3,289.0,nan,286.169,70506,20176611800.0,67623,286.5,72,286.3,55,286.6,65,286.2,38,286.7,46,286.1,41,286.8,99,286.0,38,286.9,34,285.9,17
1597988311622970112,1597988311936000000,2020-08-21 13:38:31.936000,286.5,289.3,284.3,289.0,nan,286.169,70506,20176611800.0,67623,286.5,70,286.3,57,286.6,61,286.2,42,286.7,50,286.1,35,286.8,100,286.0,38,286.9,34,285.9,17
1597988312123646976,1597988312436999936,2020-08-21 13:38:32.437000,286.5,289.3,284.3,289.0,nan,286.169,70506,20176611800.0,67623,286.5,70,286.3,58,286.6,61,286.2,42,286.7,50,286.1,36,286.8,101,286.0,38,286.9,34,285.9,17
1597988312641227008,1597988312916999936,2020-08-21 13:38:32.917000,286.5,289.3,284.3,289.0,nan,286.169,70506,20176611800.0,67623,286.5,70,286.3,58,286.6,61,286.2,42,286.7,50,286.1,36,286.8,101,286.0,38,286.9,36,285.9,17
1597988313123478016,1597988313424000000,2020-08-21 13:38:33.424000,286.5,289.3,284.3,289.0,nan,286.169,70506,20176611800.0,67623,286.5,71,286.3,59,286.6,61,286.2,42,286.7,50,286.1,36,286.8,101,286.0,38,286.9,36,285.9,17
1597988313619836928,1597988313927000064,2020-08-21 13:38:33.927000,286.3,289.3,284.3,289.0,nan,286.169,70508,20177184400.0,67622,286.5,71,286.3,57,286.6,61,286.2,42,286.7,50,286.1,36,286.8,101,286.0,38,286.9,36,285.9,17
1597988314142626048,1597988314420999936,2020-08-21 13:38:34.421000,286.3,289.3,284.3,289.0,nan,286.169,70508,20177184400.0,67622,286.5,71,286.4,1,286.6,61,286.3,57,286.7,50,286.2,41,286.8,101,286.1,35,286.9,36,286.0,38
1597988314618190080,1597988314897000192,2020-08-21 13:38:34.897000,286.4,289.3,284.3,289.0,nan,286.169,70529,20183198800.0,67606,286.5,67,286.3,37,286.6,58,286.2,43,286.7,52,286.1,31,286.8,102,286.0,37,286.9,36,285.9,17
1597988315113125888,1597988315403000064,2020-08-21 13:38:35.403000,286.4,289.3,284.3,289.0,nan,286.169,70529,20183198800.0,67606,286.5,69,286.3,36,286.6,59,286.2,41,286.7,50,286.1,33,286.8,100,286.0,38,286.9,36,285.9,17
1597988315702646016,1597988315878000128,2020-08-21 13:38:35.878000,286.4,289.3,284.3,289.0,nan,286.169,70529,20183198800.0,67606,286.4,1,286.3,37,286.5,70,286.2,43,286.6,61,286.1,35,286.7,52,286.0,38,286.8,100,285.9,17
1597988316131341056,1597988316420000000,2020-08-21 13:38:36.420000,286.4,289.3,284.3,289.0,nan,286.169,70529,20183198800.0,67606,286.4,2,286.3,36,286.5,72,286.2,40,286.6,64,286.1,39,286.7,46,286.0,38,286.8,100,285.9,17
1597988316614842112,1597988316920999936,2020-08-21 13:38:36.921000,286.4,289.3,284.3,289.0,nan,286.169,70532,20184058000.0,67608,286.5,72,286.3,36,286.6,65,286.2,40,286.7,46,286.1,40,286.8,100,286.0,38,286.9,36,285.9,17
1597988317131248128,1597988317431000064,2020-08-21 13:38:37.431000,286.4,289.3,284.3,289.0,nan,286.169,70532,20184058000.0,67608,286.5,72,286.4,1,286.6,61,286.3,39,286.7,50,286.2,41,286.8,100,286.1,35,286.9,36,286.0,38
1597988317618225920,1597988317900999936,2020-08-21 13:38:37.901000,286.4,289.3,284.3,289.0,nan,286.169,70534,20184630800.0,67606,286.5,69,286.4,1,286.6,58,286.3,39,286.7,54,286.2,44,286.8,101,286.1,31,286.9,36,286.0,37
1597988318133987072,1597988318426000128,2020-08-21 13:38:38.426000,286.4,289.3,284.3,289.0,nan,286.169,70540,20186349200.0,67603,286.5,69,286.3,41,286.6,60,286.2,44,286.7,54,286.1,31,286.8,101,286.0,37,286.9,36,285.9,17
1597988318619464960,1597988318931000064,2020-08-21 13:38:38.931000,286.5,289.3,284.3,289.0,nan,286.169,70542,20186922200.0,67605,286.5,68,286.3,40,286.6,59,286.2,40,286.7,52,286.1,33,286.8,100,286.0,38,286.9,36,285.9,17
1597988319117533952,1597988319404000000,2020-08-21 13:38:39.404000,286.5,289.3,284.3,289.0,nan,286.169,70542,20186922200.0,67605,286.5,70,286.4,2,286.6,61,286.3,41,286.7,50,286.2,39,286.8,100,286.1,35,286.9,36,286.0,38
1597988319631760896,1597988319927000064,2020-08-21 13:38:39.927000,286.4,289.3,284.3,289.0,nan,286.169,70544,20187495000.0,67605,286.5,66,286.3,41,286.6,58,286.2,42,286.7,52,286.1,31,286.8,103,286.0,37,286.9,36,285.9,17
1597988320126529024,1597988320428999936,2020-08-21 13:38:40.429000,286.4,289.3,284.3,289.0,nan,286.169,70544,20187495000.0,67605,286.5,70,286.3,41,286.6,61,286.2,41,286.7,50,286.1,35,286.8,100,286.0,38,286.9,36,285.9,17
1597988320623730944,1597988320934000128,2020-08-21 13:38:40.934000,286.4,289.3,284.3,289.0,nan,286.169,70544,20187495000.0,67605,286.5,70,286.3,42,286.6,61,286.2,41,286.7,50,286.1,35,286.8,101,286.0,38,286.9,36,285.9,17
1597988323132934912,1597988323428999936,2020-08-21 13:38:43.429000,286.4,289.3,284.3,289.0,nan,286.169,70544,20187495000.0,67605,286.5,70,286.3,44,286.6,61,286.2,41,286.7,50,286.1,35,286.8,101,286.0,38,286.9,36,285.9,17
1597988324110191104,1597988324424999936,2020-08-21 13:38:44.425000,286.4,289.3,284.3,289.0,nan,286.169,70544,20187495000.0,67605,286.5,70,286.3,44,286.6,61,286.2,41,286.7,50,286.1,34,286.8,101,286.0,38,286.9,36,285.9,17
1597988325680512000,1597988325935000064,2020-08-21 13:38:45.935000,286.4,289.3,284.3,289.0,nan,286.169,70544,20187495000.0,67605,286.5,71,286.3,44,286.6,63,286.2,41,286.7,50,286.1,34,286.8,101,286.0,38,286.9,36,285.9,17
1597988326234380032,1597988326413000192,2020-08-21 13:38:46.413000,286.5,289.3,284.3,289.0,nan,286.169,70545,20187781500.0,67606,286.5,71,286.3,44,286.6,63,286.2,41,286.7,50,286.1,34,286.8,101,286.0,38,286.9,36,285.9,17
1597988327125359104,1597988327434000128,2020-08-21 13:38:47.434000,286.5,289.3,284.3,289.0,nan,286.169,70545,20187781500.0,67606,286.5,71,286.3,44,286.6,64,286.2,41,286.7,50,286.1,34,286.8,101,286.0,38,286.9,36,285.9,17
1597988329264978944,1597988329400000000,2020-08-21 13:38:49.400000,286.5,289.3,284.3,289.0,nan,286.169,70546,20188068000.0,67607,286.5,70,286.3,44,286.6,64,286.2,41,286.7,50,286.1,34,286.8,101,286.0,38,286.9,36,285.9,17
1597988329629400064,1597988329930000128,2020-08-21 13:38:49.930000,286.5,289.3,284.3,289.0,nan,286.169,70546,20188068000.0,67607,286.5,70,286.4,1,286.6,64,286.3,44,286.7,50,286.2,39,286.8,101,286.1,34,286.9,36,286.0,38
1597988330119735040,1597988330434000128,2020-08-21 13:38:50.434000,286.3,289.3,284.3,289.0,nan,286.169,70553,20190072700.0,67605,286.4,3,286.3,39,286.5,66,286.2,41,286.6,63,286.1,30,286.7,52,286.0,37,286.8,102,285.9,17
1597988330655798016,1597988330931000064,2020-08-21 13:38:50.931000,286.3,289.3,284.3,289.0,nan,286.169,70553,20190072700.0,67605,286.4,6,286.3,36,286.5,68,286.2,38,286.6,69,286.1,38,286.7,46,286.0,38,286.8,100,285.9,17
1597988331138739968,1597988331408000000,2020-08-21 13:38:51.408000,286.3,289.3,284.3,289.0,nan,286.169,70553,20190072700.0,67605,286.4,7,286.3,36,286.5,70,286.2,38,286.6,70,286.1,40,286.7,46,286.0,38,286.8,100,285.9,17
1597988331619929088,1597988331923000064,2020-08-21 13:38:51.923000,286.3,289.3,284.3,289.0,nan,286.169,70553,20190072700.0,67605,286.4,9,286.3,36,286.5,71,286.2,38,286.6,68,286.1,38,286.7,46,286.0,38,286.8,100,285.9,17
1597988332186310912,1597988332427000064,2020-08-21 13:38:52.427000,286.3,289.3,284.3,289.0,nan,286.169,70553,20190072700.0,67605,286.4,9,286.3,35,286.5,72,286.2,38,286.6,69,286.1,41,286.7,46,286.0,38,286.8,100,285.9,17
1597988333613025024,1597988333913000192,2020-08-21 13:38:53.913000,286.4,289.3,284.3,289.0,nan,286.169,70554,20190359100.0,67605,286.4,8,286.3,35,286.5,72,286.2,38,286.6,69,286.1,41,286.7,46,286.0,38,286.8,100,285.9,17
1597988335163336960,1597988335376000000,2020-08-21 13:38:55.376000,286.4,289.3,284.3,289.0,nan,286.169,70554,20190359100.0,67605,286.4,6,286.3,35,286.5,72,286.2,38,286.6,69,286.1,41,286.7,46,286.0,38,286.8,100,285.9,17
1597988335674324992,1597988335924999936,2020-08-21 13:38:55.925000,286.4,289.3,284.3,289.0,nan,286.169,70554,20190359100.0,67605,286.4,8,286.3,36,286.5,71,286.2,38,286.6,69,286.1,42,286.7,46,286.0,38,286.8,100,285.9,17
1597988336181853952,1597988336403000064,2020-08-21 13:38:56.403000,286.4,289.3,284.3,289.0,nan,286.169,70554,20190359100.0,67605,286.4,8,286.3,36,286.5,71,286.2,38,286.6,69,286.1,41,286.7,46,286.0,38,286.8,100,285.9,17
1597988340148526080,1597988340432000000,2020-08-21 13:39:00.432000,286.4,289.3,284.3,289.0,nan,286.169,70554,20190359100.0,67605,286.4,8,286.3,37,286.5,71,286.2,38,286.6,69,286.1,41,286.7,46,286.0,38,286.8,100,285.9,17
1597988340670176000,1597988340924000000,2020-08-21 13:39:00.924000,286.4,289.3,284.3,289.0,nan,286.169,70554,20190359100.0,67605,286.4,8,286.3,39,286.5,71,286.2,38,286.6,69,286.1,41,286.7,46,286.0,38,286.8,100,285.9,17
1597988341118073088,1597988341415000064,2020-08-21 13:39:01.415000,286.4,289.3,284.3,289.0,nan,286.169,70556,20190931900.0,67606,286.4,6,286.3,39,286.5,71,286.2,38,286.6,69,286.1,41,286.7,46,286.0,38,286.8,100,285.9,17
1597988341663294976,1597988341936999936,2020-08-21 13:39:01.937000,286.4,289.3,284.3,289.0,nan,286.169,70556,20190931900.0,67606,286.4,4,286.3,39,286.5,71,286.2,38,286.6,69,286.1,41,286.7,46,286.0,38,286.8,100,285.9,17
1597988342139241984,1597988342410000128,2020-08-21 13:39:02.410000,286.4,289.3,284.3,289.0,nan,286.169,70557,20191218300.0,67606,286.4,3,286.3,39,286.5,70,286.2,38,286.6,70,286.1,41,286.7,46,286.0,38,286.8,100,285.9,17
1597988342726622976,1597988342924999936,2020-08-21 13:39:02.925000,286.4,289.3,284.3,289.0,nan,286.169,70560,20192077500.0,67607,286.5,70,286.4,1,286.6,70,286.3,40,286.7,46,286.2,37,286.8,100,286.1,41,286.9,36,286.0,38
1597988343141499904,1597988343435000064,2020-08-21 13:39:03.435000,286.4,289.3,284.3,289.0,nan,286.169,70560,20192077500.0,67607,286.5,65,286.4,10,286.6,63,286.3,38,286.7,52,286.2,41,286.8,101,286.1,31,286.9,36,286.0,37
1597988343672363008,1597988343936999936,2020-08-21 13:39:03.937000,286.4,289.3,284.3,289.0,nan,286.169,70560,20192077500.0,67607,286.5,64,286.4,14,286.6,65,286.3,41,286.7,56,286.2,44,286.8,101,286.1,31,286.9,36,286.0,37
1597988344154139904,1597988344374000128,2020-08-21 13:39:04.374000,286.4,289.3,284.3,289.0,nan,286.169,70560,20192077500.0,67607,286.5,63,286.4,14,286.6,66,286.3,41,286.7,54,286.2,42,286.8,101,286.1,31,286.9,36,286.0,37
1597988344634956032,1597988344918999808,2020-08-21 13:39:04.919000,286.4,289.3,284.3,289.0,nan,286.169,70560,20192077500.0,67607,286.5,64,286.4,14,286.6,66,286.3,42,286.7,55,286.2,43,286.8,101,286.1,31,286.9,36,286.0,37
1597988346652698880,1597988346920000000,2020-08-21 13:39:06.920000,286.4,289.3,284.3,289.0,nan,286.169,70561,20192363900.0,67607,286.5,64,286.4,13,286.6,66,286.3,42,286.7,55,286.2,43,286.8,101,286.1,31,286.9,36,286.0,37
1597988348151004928,1597988348430000128,2020-08-21 13:39:08.430000,286.4,289.3,284.3,289.0,nan,286.169,70561,20192363900.0,67607,286.5,65,286.4,17,286.6,68,286.3,42,286.7,55,286.2,44,286.8,101,286.1,33,286.9,36,286.0,37
1597988348643105024,1597988348932000000,2020-08-21 13:39:08.932000,286.4,289.3,284.3,289.0,nan,286.169,70561,20192363900.0,67607,286.5,64,286.4,17,286.6,66,286.3,41,286.7,55,286.2,44,286.8,101,286.1,31,286.9,36,286.0,37
1597988349124673024,1597988349437999872,2020-08-21 13:39:09.438000,286.4,289.3,284.3,289.0,nan,286.169,70561,20192363900.0,67607,286.5,63,286.4,17,286.6,66,286.3,41,286.7,55,286.2,43,286.8,101,286.1,31,286.9,36,286.0,37
1597988349624198912,1597988349898000128,2020-08-21 13:39:09.898000,286.4,289.3,284.3,289.0,nan,286.169,70564,20193223300.0,67608,286.5,62,286.4,17,286.6,66,286.3,41,286.7,55,286.2,43,286.8,101,286.1,31,286.9,36,286.0,37
1597988352690532096,1597988352927000064,2020-08-21 13:39:12.927000,286.4,289.3,284.3,289.0,nan,286.169,70564,20193223300.0,67608,286.5,62,286.4,17,286.6,66,286.3,41,286.7,55,286.2,43,286.8,101,286.1,31,286.9,34,286.0,37
1597988353181180928,1597988353404999936,2020-08-21 13:39:13.405000,286.4,289.3,284.3,289.0,nan,286.169,70564,20193223300.0,67608,286.5,62,286.4,20,286.6,66,286.3,41,286.7,55,286.2,43,286.8,101,286.1,31,286.9,34,286.0,37
1597988353636020992,1597988353924999936,2020-08-21 13:39:13.925000,286.4,289.3,284.3,289.0,nan,286.169,70564,20193223300.0,67608,286.5,62,286.4,21,286.6,66,286.3,41,286.7,55,286.2,43,286.8,101,286.1,31,286.9,34,286.0,37
1597988354134084096,1597988354382999808,2020-08-21 13:39:14.383000,286.4,289.3,284.3,289.0,nan,286.169,70564,20193223300.0,67608,286.5,62,286.4,22,286.6,66,286.3,40,286.7,55,286.2,43,286.8,101,286.1,31,286.9,34,286.0,37
1597988354637593088,1597988354903000064,2020-08-21 13:39:14.903000,286.4,289.3,284.3,289.0,nan,286.169,70564,20193223300.0,67608,286.5,62,286.4,22,286.6,65,286.3,39,286.7,55,286.2,43,286.8,101,286.1,31,286.9,34,286.0,37
1597988355124939008,1597988355434000128,2020-08-21 13:39:15.434000,286.4,289.3,284.3,289.0,nan,286.169,70564,20193223300.0,67608,286.5,62,286.4,22,286.6,65,286.3,39,286.7,54,286.2,42,286.8,101,286.1,31,286.9,34,286.0,37
1597988355633476096,1597988355934000128,2020-08-21 13:39:15.934000,286.4,289.3,284.3,289.0,nan,286.169,70564,20193223300.0,67608,286.5,62,286.4,23,286.6,66,286.3,39,286.7,56,286.2,44,286.8,101,286.1,31,286.9,34,286.0,37
1597988356141046016,1597988356436000000,2020-08-21 13:39:16.436000,286.4,289.3,284.3,289.0,nan,286.169,70564,20193223300.0,67608,286.5,62,286.4,23,286.6,66,286.3,39,286.7,54,286.2,42,286.8,101,286.1,31,286.9,34,286.0,37
1597988356611770112,1597988356924999936,2020-08-21 13:39:16.925000,286.4,289.3,284.3,289.0,nan,286.169,70564,20193223300.0,67608,286.5,62,286.4,23,286.6,66,286.3,39,286.7,55,286.2,43,286.8,101,286.1,31,286.9,34,286.0,37
1597988359149906944,1597988359424999936,2020-08-21 13:39:19.425000,286.4,289.3,284.3,289.0,nan,286.169,70564,20193223300.0,67608,286.5,63,286.4,24,286.6,66,286.3,39,286.7,55,286.2,43,286.8,101,286.1,31,286.9,34,286.0,37
1597988361131659008,1597988361430000128,2020-08-21 13:39:21.430000,286.4,289.3,284.3,289.0,nan,286.169,70564,20193223300.0,67608,286.5,62,286.4,24,286.6,63,286.3,38,286.7,53,286.2,43,286.8,101,286.1,29,286.9,34,286.0,37
1597988365632044032,1597988365927000064,2020-08-21 13:39:25.927000,286.4,289.3,284.3,289.0,nan,286.169,70564,20193223300.0,67608,286.5,63,286.4,24,286.6,63,286.3,38,286.7,53,286.2,43,286.8,101,286.1,29,286.9,34,286.0,37
1597988366197406976,1597988366421999872,2020-08-21 13:39:26.422000,286.4,289.3,284.3,289.0,nan,286.169,70564,20193223300.0,67608,286.5,63,286.4,24,286.6,64,286.3,38,286.7,53,286.2,43,286.8,101,286.1,29,286.9,34,286.0,37
1597988366712621056,1597988366920000000,2020-08-21 13:39:26.920000,286.4,289.3,284.3,289.0,nan,286.169,70564,20193223300.0,67608,286.5,64,286.4,24,286.6,64,286.3,38,286.7,53,286.2,43,286.8,101,286.1,29,286.9,34,286.0,37
1597988367671088896,1597988367901999872,2020-08-21 13:39:27.902000,286.4,289.3,284.3,289.0,nan,286.169,70564,20193223300.0,67608,286.5,65,286.4,24,286.6,64,286.3,38,286.7,53,286.2,43,286.8,101,286.1,29,286.9,34,286.0,37
1597988368129714944,1597988368420999936,2020-08-21 13:39:28.421000,286.4,289.3,284.3,289.0,nan,286.169,70564,20193223300.0,67608,286.5,65,286.4,29,286.6,64,286.3,38,286.7,53,286.2,43,286.8,101,286.1,29,286.9,34,286.0,37
1597988370634511104,1597988370926000128,2020-08-21 13:39:30.926000,286.4,289.3,284.3,289.0,nan,286.169,70564,20193223300.0,67608,286.5,66,286.4,29,286.6,64,286.3,38,286.7,53,286.2,43,286.8,101,286.1,29,286.9,34,286.0,37
1597988371132758016,1597988371364000000,2020-08-21 13:39:31.364000,286.4,289.3,284.3,289.0,nan,286.169,70564,20193223300.0,67608,286.5,66,286.4,30,286.6,64,286.3,38,286.7,53,286.2,43,286.8,101,286.1,29,286.9,34,286.0,37
1597988373613285120,1597988373934000128,2020-08-21 13:39:33.934000,286.4,289.3,284.3,289.0,nan,286.169,70564,20193223300.0,67608,286.5,66,286.4,30,286.6,67,286.3,39,286.7,53,286.2,43,286.8,101,286.1,31,286.9,34,286.0,37
1597988374135728128,1597988374433000192,2020-08-21 13:39:34.433000,286.4,289.3,284.3,289.0,nan,286.169,70564,20193223300.0,67608,286.5,66,286.4,30,286.6,64,286.3,38,286.7,53,286.2,43,286.8,101,286.1,29,286.9,34,286.0,37
1597988375114500096,1597988375430000128,2020-08-21 13:39:35.430000,286.5,289.3,284.3,289.0,nan,286.169,70566,20193796300.0,67610,286.5,64,286.4,30,286.6,64,286.3,38,286.7,53,286.2,43,286.8,101,286.1,29,286.9,34,286.0,37
1597988375617982976,1597988375897000192,2020-08-21 13:39:35.897000,286.5,289.3,284.3,289.0,nan,286.169,70566,20193796300.0,67610,286.5,64,286.4,32,286.6,64,286.3,32,286.7,53,286.2,42,286.8,101,286.1,29,286.9,34,286.0,37
1597988376108987904,1597988376411000064,2020-08-21 13:39:36.411000,286.4,289.3,284.3,289.0,nan,286.169,70567,20194082700.0,67610,286.5,64,286.4,31,286.6,64,286.3,32,286.7,53,286.2,42,286.8,101,286.1,29,286.9,34,286.0,37
1597988376623164928,1597988376935000064,2020-08-21 13:39:36.935000,286.5,289.3,284.3,289.0,nan,286.169,70568,20194369200.0,67611,286.5,63,286.4,37,286.6,64,286.3,32,286.7,53,286.2,42,286.8,101,286.1,29,286.9,34,286.0,37
1597988377134852096,1597988377420999936,2020-08-21 13:39:37.421000,286.5,289.3,284.3,289.0,nan,286.169,70570,20194942200.0,67613,286.5,61,286.4,37,286.6,64,286.3,32,286.7,53,286.2,42,286.8,101,286.1,29,286.9,34,286.0,37
1597988377627120896,1597988377936000000,2020-08-21 13:39:37.936000,286.5,289.3,284.3,289.0,nan,286.169,70570,20194942200.0,67613,286.5,60,286.4,37,286.6,64,286.3,31,286.7,53,286.2,42,286.8,101,286.1,29,286.9,34,286.0,37
1597988378124550912,1597988378437999872,2020-08-21 13:39:38.438000,286.5,289.3,284.3,289.0,nan,286.169,70570,20194942200.0,67613,286.5,60,286.4,38,286.6,64,286.3,31,286.7,53,286.2,42,286.8,101,286.1,29,286.9,34,286.0,37
1597988381149381120,1597988381404000000,2020-08-21 13:39:41.404000,286.5,289.3,284.3,289.0,nan,286.169,70575,20196374700.0,67618,286.5,56,286.4,38,286.6,65,286.3,32,286.7,53,286.2,42,286.8,101,286.1,29,286.9,34,286.0,37
1597988381622629888,1597988381904999936,2020-08-21 13:39:41.905000,286.5,289.3,284.3,289.0,nan,286.169,70580,20197807200.0,67623,286.5,51,286.4,38,286.6,64,286.3,31,286.7,53,286.2,42,286.8,101,286.1,29,286.9,34,286.0,37
1597988382644817920,1597988382921999872,2020-08-21 13:39:42.922000,286.5,289.3,284.3,289.0,nan,286.169,70582,20198380200.0,67625,286.5,49,286.4,38,286.6,63,286.3,31,286.7,53,286.2,42,286.8,101,286.1,29,286.9,34,286.0,37
1597988383106775040,1597988383423000064,2020-08-21 13:39:43.423000,286.5,289.3,284.3,289.0,nan,286.169,70582,20198380200.0,67625,286.5,49,286.4,40,286.6,63,286.3,31,286.7,53,286.2,42,286.8,101,286.1,29,286.9,34,286.0,37
1597988383624293888,1597988383916000000,2020-08-21 13:39:43.916000,286.5,289.3,284.3,289.0,nan,286.169,70582,20198380200.0,67625,286.5,49,286.4,43,286.6,64,286.3,29,286.7,53,286.2,42,286.8,101,286.1,29,286.9,34,286.0,37
1597988384145582080,1597988384434000128,2020-08-21 13:39:44.434000,286.5,289.3,284.3,289.0,nan,286.169,70582,20198380200.0,67625,286.5,48,286.4,43,286.6,64,286.3,29,286.7,53,286.2,42,286.8,101,286.1,29,286.9,34,286.0,37
1597988384621780992,1597988384924000000,2020-08-21 13:39:44.924000,286.5,289.3,284.3,289.0,nan,286.169,70583,20198666700.0,67625,286.5,47,286.4,43,286.6,64,286.3,29,286.7,53,286.2,42,286.8,101,286.1,29,286.9,34,286.0,37
1597988386131827968,1597988386428999936,2020-08-21 13:39:46.429000,286.5,289.3,284.3,289.0,nan,286.169,70584,20198953200.0,67626,286.5,46,286.4,43,286.6,64,286.3,29,286.7,53,286.2,42,286.8,101,286.1,29,286.9,34,286.0,37
1597988387121946112,1597988387426000128,2020-08-21 13:39:47.426000,286.5,289.3,284.3,289.0,nan,286.169,70584,20198953200.0,67626,286.5,46,286.4,43,286.6,64,286.3,29,286.7,54,286.2,42,286.8,101,286.1,29,286.9,34,286.0,37
1597988393131628032,1597988393432000000,2020-08-21 13:39:53.432000,286.5,289.3,284.3,289.0,nan,286.169,70586,20199526200.0,67628,286.5,44,286.4,43,286.6,64,286.3,29,286.7,54,286.2,42,286.8,101,286.1,29,286.9,34,286.0,37
1597988393623823872,1597988393904999936,2020-08-21 13:39:53.905000,286.5,289.3,284.3,289.0,nan,286.169,70586,20199526200.0,67628,286.5,43,286.4,43,286.6,65,286.3,31,286.7,56,286.2,42,286.8,101,286.1,29,286.9,34,286.0,37
1597988394119857920,1597988394424999936,2020-08-21 13:39:54.425000,286.5,289.3,284.3,289.0,nan,286.169,70586,20199526200.0,67628,286.5,42,286.4,45,286.6,65,286.3,32,286.7,57,286.2,41,286.8,102,286.1,28,286.9,34,286.0,37
1597988395619141888,1597988395937999872,2020-08-21 13:39:55.938000,286.5,289.3,284.3,289.0,nan,286.169,70587,20199812700.0,67629,286.5,43,286.4,45,286.6,65,286.3,32,286.7,57,286.2,41,286.8,103,286.1,28,286.9,34,286.0,37
1597988397627856896,1597988397901999872,2020-08-21 13:39:57.902000,286.5,289.3,284.3,289.0,nan,286.169,70592,20201245200.0,67629,286.5,38,286.4,46,286.6,65,286.3,32,286.7,57,286.2,41,286.8,103,286.1,28,286.9,34,286.0,37
1597988398149946112,1597988398421999872,2020-08-21 13:39:58.422000,286.5,289.3,284.3,289.0,nan,286.169,70592,20201245200.0,67629,286.5,36,286.4,46,286.6,67,286.3,32,286.7,57,286.2,41,286.8,103,286.1,28,286.9,34,286.0,37
1597988398615945984,1597988398860999936,2020-08-21 13:39:58.861000,286.5,289.3,284.3,289.0,nan,286.169,70592,20201245200.0,67629,286.5,36,286.4,46,286.6,67,286.3,32,286.7,57,286.2,41,286.8,103,286.1,30,286.9,34,286.0,37
1597988401614572032,1597988401930000128,2020-08-21 13:40:01.930000,286.5,289.3,284.3,289.0,nan,286.169,70592,20201245200.0,67629,286.5,36,286.4,46,286.6,65,286.3,32,286.7,57,286.2,41,286.8,103,286.1,30,286.9,34,286.0,37
1597988402154757888,1597988402413000192,2020-08-21 13:40:02.413000,286.5,289.3,284.3,289.0,nan,286.169,70592,20201245200.0,67629,286.5,36,286.4,46,286.6,65,286.3,32,286.7,57,286.2,41,286.8,103,286.1,30,286.9,38,286.0,37
1597988402602620928,1597988402918999808,2020-08-21 13:40:02.919000,286.5,289.3,284.3,289.0,nan,286.169,70594,20201818200.0,67629,286.5,34,286.4,47,286.6,65,286.3,32,286.7,57,286.2,41,286.8,103,286.1,30,286.9,38,286.0,37
1597988403136598016,1597988403432000000,2020-08-21 13:40:03.432000,286.4,289.3,284.3,289.0,nan,286.169,70596,20202391000.0,67631,286.5,35,286.4,47,286.6,65,286.3,32,286.7,57,286.2,41,286.8,103,286.1,30,286.9,38,286.0,37
1597988404169622016,1597988404411000064,2020-08-21 13:40:04.411000,286.5,289.3,284.3,289.0,nan,286.169,70597,20202677500.0,67630,286.5,34,286.4,47,286.6,65,286.3,32,286.7,57,286.2,41,286.8,103,286.1,30,286.9,38,286.0,37
1597988404630648064,1597988404903000064,2020-08-21 13:40:04.903000,286.5,289.3,284.3,289.0,nan,286.169,70597,20202677500.0,67630,286.5,34,286.4,47,286.6,65,286.3,32,286.7,57,286.2,42,286.8,103,286.1,30,286.9,38,286.0,37
1597988405158042880,1597988405420000000,2020-08-21 13:40:05.420000,286.5,289.3,284.3,289.0,nan,286.169,70597,20202677500.0,67630,286.5,34,286.4,48,286.6,65,286.3,32,286.7,57,286.2,42,286.8,103,286.1,30,286.9,38,286.0,37
1597988407617716992,1597988407897000192,2020-08-21 13:40:07.897000,286.5,289.3,284.3,289.0,nan,286.169,70597,20202677500.0,67630,286.5,34,286.4,49,286.6,65,286.3,32,286.7,57,286.2,42,286.8,103,286.1,30,286.9,38,286.0,37
1597988408645847040,1597988408918999808,2020-08-21 13:40:08.919000,286.5,289.3,284.3,289.0,nan,286.169,70598,20202964000.0,67630,286.5,33,286.4,49,286.6,65,286.3,32,286.7,57,286.2,42,286.8,103,286.1,30,286.9,38,286.0,37
1597988409133555968,1597988409415000064,2020-08-21 13:40:09.415000,286.5,289.3,284.3,289.0,nan,286.169,70599,20203250500.0,67630,286.5,32,286.4,50,286.6,65,286.3,32,286.7,57,286.2,42,286.8,103,286.1,30,286.9,38,286.0,37
1597988410128400896,1597988410403000064,2020-08-21 13:40:10.403000,286.5,289.3,284.3,289.0,nan,286.169,70600,20203537000.0,67630,286.5,31,286.4,50,286.6,65,286.3,32,286.7,57,286.2,42,286.8,103,286.1,30,286.9,38,286.0,37
1597988410637357056,1597988410931000064,2020-08-21 13:40:10.931000,286.5,289.3,284.3,289.0,nan,286.169,70603,20204396500.0,67630,286.5,28,286.4,51,286.6,65,286.3,32,286.7,57,286.2,42,286.8,103,286.1,30,286.9,38,286.0,37
1597988411137524992,1597988411436000000,2020-08-21 13:40:11.436000,286.5,289.3,284.3,289.0,nan,286.169,70609,20206115500.0,67630,286.5,22,286.4,51,286.6,65,286.3,32,286.7,57,286.2,42,286.8,103,286.1,30,286.9,38,286.0,37
1597988411625054976,1597988411924999936,2020-08-21 13:40:11.925000,286.4,289.3,284.3,289.0,nan,286.169,70611,20206688400.0,67631,286.5,20,286.4,50,286.6,65,286.3,31,286.7,57,286.2,42,286.8,103,286.1,30,286.9,38,286.0,37
1597988412120229888,1597988412411000064,2020-08-21 13:40:12.411000,286.4,289.3,284.3,289.0,nan,286.169,70611,20206688400.0,67631,286.5,19,286.4,52,286.6,66,286.3,31,286.7,57,286.2,42,286.8,103,286.1,30,286.9,38,286.0,37
1597988413140146944,1597988413426000128,2020-08-21 13:40:13.426000,286.5,289.3,284.3,289.0,nan,286.169,70612,20206974900.0,67631,286.5,18,286.4,53,286.6,66,286.3,31,286.7,57,286.2,42,286.8,103,286.1,30,286.9,38,286.0,37
1597988413628956928,1597988413916000000,2020-08-21 13:40:13.916000,286.5,289.3,284.3,289.0,nan,286.169,70612,20206974900.0,67631,286.5,18,286.4,53,286.6,67,286.3,31,286.7,57,286.2,42,286.8,103,286.1,30,286.9,38,286.0,37
1597988414127606016,1597988414356000000,2020-08-21 13:40:14.356000,286.5,289.3,284.3,289.0,nan,286.169,70617,20208407400.0,67633,286.5,13,286.4,53,286.6,67,286.3,31,286.7,57,286.2,42,286.8,103,286.1,30,286.9,38,286.0,37
1597988414635398912,1597988414920999936,2020-08-21 13:40:14.921000,286.5,289.3,284.3,289.0,nan,286.169,70621,20209553300.0,67637,286.5,9,286.4,52,286.6,68,286.3,31,286.7,57,286.2,42,286.8,103,286.1,30,286.9,38,286.0,37
1597988415144816896,1597988415437999872,2020-08-21 13:40:15.438000,286.5,289.3,284.3,289.0,nan,286.169,70624,20210412800.0,67639,286.5,7,286.4,52,286.6,68,286.3,31,286.7,57,286.2,42,286.8,103,286.1,30,286.9,38,286.0,37
1597988415716318976,1597988415935000064,2020-08-21 13:40:15.935000,286.4,289.3,284.3,289.0,nan,286.169,70626,20210985700.0,67640,286.5,7,286.4,51,286.6,68,286.3,31,286.7,57,286.2,42,286.8,103,286.1,30,286.9,38,286.0,37
1597988417133324032,1597988417420999936,2020-08-21 13:40:17.421000,286.5,289.3,284.3,289.0,nan,286.169,70627,20211272200.0,67641,286.5,12,286.4,51,286.6,68,286.3,31,286.7,57,286.2,42,286.8,103,286.1,30,286.9,38,286.0,37
1597988417655130880,1597988417892999936,2020-08-21 13:40:17.893000,286.5,289.3,284.3,289.0,nan,286.169,70627,20211272200.0,67641,286.5,15,286.4,50,286.6,68,286.3,31,286.7,57,286.2,42,286.8,103,286.1,30,286.9,38,286.0,37
1597988418143681024,1597988418427000064,2020-08-21 13:40:18.427000,286.5,289.3,284.3,289.0,nan,286.169,70629,20211845200.0,67643,286.5,14,286.4,50,286.6,68,286.3,31,286.7,57,286.2,42,286.8,103,286.1,30,286.9,38,286.0,37
1597988418637075968,1597988418931000064,2020-08-21 13:40:18.931000,286.4,289.3,284.3,289.0,nan,286.169,70630,20212131600.0,67642,286.5,14,286.4,49,286.6,68,286.3,33,286.7,57,286.2,42,286.8,103,286.1,30,286.9,38,286.0,37
1597988419121116928,1597988419430000128,2020-08-21 13:40:19.430000,286.4,289.3,284.3,289.0,nan,286.169,70630,20212131600.0,67642,286.5,16,286.4,49,286.6,68,286.3,33,286.7,57,286.2,42,286.8,103,286.1,30,286.9,38,286.0,37
1597988419626273024,1597988419924999936,2020-08-21 13:40:19.925000,286.5,289.3,284.3,289.0,nan,286.169,70635,20213564100.0,67645,286.5,16,286.4,49,286.6,67,286.3,32,286.7,57,286.2,42,286.8,103,286.1,30,286.9,38,286.0,37
1597988420118385920,1597988420433000192,2020-08-21 13:40:20.433000,286.5,289.3,284.3,289.0,nan,286.169,70638,20214423400.0,67646,286.5,16,286.4,46,286.6,67,286.3,32,286.7,57,286.2,42,286.8,103,286.1,30,286.9,38,286.0,37
1597988420686018048,1597988420932000000,2020-08-21 13:40:20.932000,286.5,289.3,284.3,289.0,nan,286.169,70638,20214423400.0,67646,286.5,17,286.4,47,286.6,67,286.3,32,286.7,57,286.2,42,286.8,103,286.1,30,286.9,38,286.0,37
1597988421120520960,1597988421390000128,2020-08-21 13:40:21.390000,286.5,289.3,284.3,289.0,nan,286.169,70639,20214709900.0,67646,286.5,16,286.4,47,286.6,67,286.3,32,286.7,57,286.2,42,286.8,103,286.1,30,286.9,38,286.0,37
1597988421619581952,1597988421928000000,2020-08-21 13:40:21.928000,286.5,289.3,284.3,289.0,nan,286.169,70641,20215282900.0,67646,286.5,20,286.4,47,286.6,67,286.3,33,286.7,57,286.2,42,286.8,103,286.1,30,286.9,38,286.0,37
1597988422121571072,1597988422401999872,2020-08-21 13:40:22.402000,286.5,289.3,284.3,289.0,nan,286.169,70641,20215282900.0,67646,286.5,21,286.4,47,286.6,67,286.3,33,286.7,57,286.2,42,286.8,103,286.1,30,286.9,38,286.0,37
1597988422679257088,1597988422921999872,2020-08-21 13:40:22.922000,286.5,289.3,284.3,289.0,nan,286.169,70641,20215282900.0,67646,286.5,22,286.4,47,286.6,66,286.3,33,286.7,57,286.2,42,286.8,103,286.1,30,286.9,38,286.0,37
1597988423617165056,1597988423857000192,2020-08-21 13:40:23.857000,286.5,289.3,284.3,289.0,nan,286.169,70642,20215569400.0,67646,286.5,21,286.4,47,286.6,66,286.3,33,286.7,57,286.2,42,286.8,103,286.1,30,286.9,38,286.0,37
1597988424623088896,1597988424924000000,2020-08-21 13:40:24.924000,286.5,289.3,284.3,289.0,nan,286.169,70642,20215569400.0,67646,286.5,20,286.4,47,286.6,66,286.3,33,286.7,57,286.2,42,286.8,103,286.1,30,286.9,38,286.0,37
1597988425120317952,1597988425424999936,2020-08-21 13:40:25.425000,286.5,289.3,284.3,289.0,nan,286.169,70642,20215569400.0,67646,286.5,19,286.4,47,286.6,67,286.3,33,286.7,57,286.2,42,286.8,103,286.1,30,286.9,38,286.0,37
1597988425631441920,1597988425930000128,2020-08-21 13:40:25.930000,286.4,289.3,284.3,289.0,nan,286.169,70657,20219865400.0,67634,286.5,20,286.4,32,286.6,65,286.3,33,286.7,55,286.2,40,286.8,103,286.1,30,286.9,38,286.0,37
1597988426193287936,1597988426431000064,2020-08-21 13:40:26.431000,286.4,289.3,284.3,289.0,nan,286.169,70659,20220438200.0,67633,286.5,19,286.4,29,286.6,66,286.3,35,286.7,55,286.2,40,286.8,103,286.1,30,286.9,38,286.0,37
1597988426796601088,1597988426934000128,2020-08-21 13:40:26.934000,286.4,289.3,284.3,289.0,nan,286.169,70659,20220438200.0,67633,286.5,19,286.4,31,286.6,67,286.3,35,286.7,57,286.2,42,286.8,103,286.1,30,286.9,38,286.0,37
1597988427140337920,1597988427434000128,2020-08-21 13:40:27.434000,286.4,289.3,284.3,289.0,nan,286.169,70659,20220438200.0,67633,286.5,23,286.4,32,286.6,67,286.3,35,286.7,57,286.2,42,286.8,103,286.1,30,286.9,38,286.0,37
1597988427635995904,1597988427918999808,2020-08-21 13:40:27.919000,286.4,289.3,284.3,289.0,nan,286.169,70659,20220438200.0,67633,286.5,23,286.4,31,286.6,65,286.3,35,286.7,58,286.2,42,286.8,103,286.1,30,286.9,38,286.0,37
1597988428123862016,1597988428412000000,2020-08-21 13:40:28.412000,286.4,289.3,284.3,289.0,nan,286.169,70659,20220438200.0,67633,286.5,23,286.4,34,286.6,65,286.3,35,286.7,57,286.2,41,286.8,103,286.1,30,286.9,38,286.0,37
1597988428612062976,1597988428924999936,2020-08-21 13:40:28.925000,286.4,289.3,284.3,289.0,nan,286.169,70659,20220438200.0,67633,286.5,25,286.4,35,286.6,65,286.3,35,286.7,59,286.2,43,286.8,103,286.1,30,286.9,38,286.0,37
1597988429129558016,1597988429424999936,2020-08-21 13:40:29.425000,286.5,289.3,284.3,289.0,nan,286.169,70661,20221011200.0,67633,286.5,24,286.4,35,286.6,65,286.3,35,286.7,57,286.2,41,286.8,103,286.1,30,286.9,38,286.0,37
1597988429611137024,1597988429936999936,2020-08-21 13:40:29.937000,286.5,289.3,284.3,289.0,nan,286.169,70661,20221011200.0,67633,286.5,25,286.4,36,286.6,65,286.3,35,286.7,58,286.2,42,286.8,103,286.1,30,286.9,38,286.0,38
1597988430637021952,1597988430927000064,2020-08-21 13:40:30.927000,286.4,289.3,284.3,289.0,nan,286.169,70662,20221297600.0,67634,286.5,25,286.4,34,286.6,65,286.3,35,286.7,58,286.2,42,286.8,103,286.1,30,286.9,38,286.0,38
1597988434122235904,1597988434405999872,2020-08-21 13:40:34.406000,286.4,289.3,284.3,289.0,nan,286.169,70662,20221297600.0,67634,286.5,25,286.4,34,286.6,66,286.3,36,286.7,58,286.2,42,286.8,103,286.1,30,286.9,38,286.0,38
1597988434605161984,1597988434923000064,2020-08-21 13:40:34.923000,286.4,289.3,284.3,289.0,nan,286.169,70662,20221297600.0,67634,286.5,25,286.4,34,286.6,64,286.3,35,286.7,58,286.2,42,286.8,103,286.1,30,286.9,38,286.0,38
1597988435122073088,1597988435428999936,2020-08-21 13:40:35.429000,286.4,289.3,284.3,289.0,nan,286.169,70662,20221297600.0,67634,286.5,26,286.4,34,286.6,64,286.3,35,286.7,58,286.2,42,286.8,103,286.1,30,286.9,38,286.0,38
1597988436162158080,1597988436435000064,2020-08-21 13:40:36.435000,286.4,289.3,284.3,289.0,nan,286.169,70662,20221297600.0,67634,286.5,28,286.4,34,286.6,64,286.3,35,286.7,58,286.2,42,286.8,103,286.1,30,286.9,38,286.0,38
1597988436616018944,1597988436894000128,2020-08-21 13:40:36.894000,286.5,289.3,284.3,289.0,nan,286.169,70663,20221584100.0,67635,286.5,27,286.4,34,286.6,64,286.3,35,286.7,58,286.2,42,286.8,103,286.1,30,286.9,38,286.0,38
1597988438141140992,1597988438430000128,2020-08-21 13:40:38.430000,286.4,289.3,284.3,289.0,nan,286.169,70664,20221870500.0,67634,286.5,27,286.4,33,286.6,64,286.3,35,286.7,58,286.2,42,286.8,103,286.1,30,286.9,38,286.0,38
1597988438633744896,1597988438938999808,2020-08-21 13:40:38.939000,286.4,289.3,284.3,289.0,nan,286.169,70666,20222443300.0,67632,286.5,27,286.4,30,286.6,64,286.3,35,286.7,58,286.2,42,286.8,103,286.1,30,286.9,38,286.0,38
1597988439123040000,1597988439433000192,2020-08-21 13:40:39.433000,286.4,289.3,284.3,289.0,nan,286.169,70666,20222443300.0,67632,286.5,27,286.4,30,286.6,64,286.3,37,286.7,58,286.2,42,286.8,103,286.1,30,286.9,38,286.0,38
1597988439624438016,1597988439926000128,2020-08-21 13:40:39.926000,286.4,289.3,284.3,289.0,nan,286.169,70666,20222443300.0,67632,286.5,28,286.4,30,286.6,64,286.3,37,286.7,58,286.2,42,286.8,103,286.1,30,286.9,38,286.0,38
1597988440645684992,1597988440938999808,2020-08-21 13:40:40.939000,286.4,289.3,284.3,289.0,nan,286.169,70667,20222729700.0,67632,286.5,28,286.4,29,286.6,64,286.3,37,286.7,58,286.2,42,286.8,103,286.1,30,286.9,38,286.0,38
1597988442128498944,1597988442428000000,2020-08-21 13:40:42.428000,286.4,289.3,284.3,289.0,nan,286.169,70667,20222729700.0,67632,286.5,28,286.4,30,286.6,64,286.3,37,286.7,58,286.2,42,286.8,103,286.1,30,286.9,38,286.0,38
1597988443121970944,1597988443434000128,2020-08-21 13:40:43.434000,286.4,289.3,284.3,289.0,nan,286.169,70667,20222729700.0,67632,286.5,28,286.4,31,286.6,64,286.3,37,286.7,58,286.2,42,286.8,103,286.1,30,286.9,38,286.0,38
1597988443650525952,1597988443938999808,2020-08-21 13:40:43.939000,286.4,289.3,284.3,289.0,nan,286.169,70667,20222729700.0,67632,286.5,28,286.4,31,286.6,64,286.3,37,286.7,57,286.2,42,286.8,103,286.1,30,286.9,38,286.0,38
1597988445109946880,1597988445427000064,2020-08-21 13:40:45.427000,286.5,289.3,284.3,289.0,nan,286.169,70668,20223016200.0,67631,286.5,28,286.4,31,286.6,64,286.3,37,286.7,57,286.2,42,286.8,103,286.1,30,286.9,38,286.0,38
1597988445613446912,1597988445926000128,2020-08-21 13:40:45.926000,286.5,289.3,284.3,289.0,nan,286.169,70670,20223589200.0,67631,286.5,26,286.4,34,286.6,64,286.3,37,286.7,57,286.2,42,286.8,103,286.1,30,286.9,38,286.0,38
1597988446158810112,1597988446435000064,2020-08-21 13:40:46.435000,286.5,289.3,284.3,289.0,nan,286.169,70670,20223589200.0,67631,286.5,26,286.4,36,286.6,64,286.3,37,286.7,57,286.2,42,286.8,103,286.1,30,286.9,38,286.0,43
1597988447110801920,1597988447360999936,2020-08-21 13:40:47.361000,286.5,289.3,284.3,289.0,nan,286.169,70670,20223589200.0,67631,286.5,26,286.4,36,286.6,64,286.3,37,286.7,57,286.2,42,286.8,103,286.1,33,286.9,38,286.0,43
1597988447609901056,1597988447936999936,2020-08-21 13:40:47.937000,286.5,289.3,284.3,289.0,nan,286.169,70670,20223589200.0,67631,286.5,27,286.4,36,286.6,65,286.3,37,286.7,57,286.2,42,286.8,103,286.1,33,286.9,38,286.0,43
1597988449632965120,1597988449894000128,2020-08-21 13:40:49.894000,286.5,289.3,284.3,289.0,nan,286.169,70670,20223589200.0,67631,286.5,28,286.4,36,286.6,65,286.3,37,286.7,57,286.2,42,286.8,103,286.1,33,286.9,38,286.0,43
1597988451112331008,1597988451423000064,2020-08-21 13:40:51.423000,286.4,289.3,284.3,289.0,nan,286.169,70672,20224162000.0,67629,286.5,28,286.4,34,286.6,65,286.3,37,286.7,57,286.2,42,286.8,103,286.1,33,286.9,38,286.0,43
1597988451618022912,1597988451933000192,2020-08-21 13:40:51.933000,286.4,289.3,284.3,289.0,nan,286.169,70672,20224162000.0,67629,286.5,28,286.4,34,286.6,65,286.3,32,286.7,57,286.2,42,286.8,103,286.1,33,286.9,38,286.0,43
1597988454118214912,1597988454428000000,2020-08-21 13:40:54.428000,286.4,289.3,284.3,289.0,nan,286.169,70672,20224162000.0,67629,286.5,29,286.4,34,286.6,64,286.3,32,286.7,57,286.2,42,286.8,103,286.1,33,286.9,38,286.0,43
1597988454640722944,1597988454931000064,2020-08-21 13:40:54.931000,286.5,289.3,284.3,289.0,nan,286.169,70675,20225021300.0,67628,286.5,28,286.4,31,286.6,64,286.3,32,286.7,57,286.2,42,286.8,103,286.1,33,286.9,38,286.0,43
1597988455139821056,1597988455435000064,2020-08-21 13:40:55.435000,286.5,289.3,284.3,289.0,nan,286.169,70675,20225021300.0,67628,286.5,28,286.4,36,286.6,64,286.3,32,286.7,57,286.2,42,286.8,103,286.1,33,286.9,38,286.0,43
1597988457606211072,1597988457931000064,2020-08-21 13:40:57.931000,286.5,289.3,284.3,289.0,nan,286.169,70675,20225021300.0,67628,286.5,29,286.4,36,286.6,64,286.3,32,286.7,57,286.2,42,286.8,103,286.1,33,286.9,38,286.0,43
1597988458119111936,1597988458434000128,2020-08-21 13:40:58.434000,286.5,289.3,284.3,289.0,nan,286.169,70675,20225021300.0,67628,286.5,30,286.4,36,286.6,64,286.3,32,286.7,57,286.2,42,286.8,103,286.1,33,286.9,38,286.0,43
1597988459123909888,1597988459404000000,2020-08-21 13:40:59.404000,286.5,289.3,284.3,289.0,nan,286.169,70675,20225021300.0,67628,286.5,31,286.4,37,286.6,64,286.3,32,286.7,57,286.2,42,286.8,103,286.1,33,286.9,38,286.0,43
1597988459640730112,1597988459904000000,2020-08-21 13:40:59.904000,286.5,289.3,284.3,289.0,nan,286.169,70675,20225021300.0,67628,286.5,31,286.4,36,286.6,64,286.3,32,286.7,57,286.2,42,286.8,103,286.1,33,286.9,38,286.0,43
1597988460143490048,1597988460424999936,2020-08-21 13:41:00.425000,286.5,289.3,284.3,289.0,nan,286.169,70675,20225021300.0,67628,286.5,31,286.4,37,286.6,64,286.3,32,286.7,57,286.2,42,286.8,103,286.1,33,286.9,38,286.0,43
1597988460608370944,1597988460937999872,2020-08-21 13:41:00.938000,286.4,289.3,284.3,289.0,nan,286.169,70682,20227026100.0,67625,286.5,31,286.4,29,286.6,62,286.3,32,286.7,56,286.2,41,286.8,103,286.1,33,286.9,38,286.0,43
1597988461267700992,1597988461427000064,2020-08-21 13:41:01.427000,286.3,289.3,284.3,289.0,nan,286.17,70716,20236763400.0,67616,286.4,2,286.3,27,286.5,35,286.2,41,286.6,64,286.1,34,286.7,54,286.0,43,286.8,102,285.9,16
1597988461628209920,1597988461891000064,2020-08-21 13:41:01.891000,286.3,289.3,284.3,289.0,nan,286.17,70718,20237336000.0,67615,286.4,21,286.3,20,286.5,35,286.2,36,286.6,62,286.1,40,286.7,46,286.0,44,286.8,101,285.9,16
1597988462145349120,1597988462420999936,2020-08-21 13:41:02.421000,286.3,289.3,284.3,289.0,nan,286.17,70718,20237336000.0,67615,286.4,26,286.3,18,286.5,36,286.2,37,286.6,64,286.1,43,286.7,45,286.0,45,286.8,101,285.9,16
1597988462634624000,1597988462911000064,2020-08-21 13:41:02.911000,286.3,289.3,284.3,289.0,nan,286.17,70718,20237336000.0,67615,286.4,28,286.3,18,286.5,38,286.2,37,286.6,63,286.1,46,286.7,45,286.0,45,286.8,101,285.9,16
1597988463138738944,1597988463430000128,2020-08-21 13:41:03.430000,286.3,289.3,284.3,289.0,nan,286.17,70718,20237336000.0,67615,286.4,30,286.3,18,286.5,38,286.2,37,286.6,62,286.1,45,286.7,45,286.0,45,286.8,101,285.9,16
1597988463615638016,1597988463935000064,2020-08-21 13:41:03.935000,286.3,289.3,284.3,289.0,nan,286.17,70718,20237336000.0,67615,286.4,31,286.3,18,286.5,38,286.2,38,286.6,66,286.1,49,286.7,45,286.0,45,286.8,101,285.9,16
1597988464133534976,1597988464432000000,2020-08-21 13:41:04.432000,286.3,289.3,284.3,289.0,nan,286.17,70718,20237336000.0,67615,286.4,31,286.3,18,286.5,38,286.2,38,286.6,64,286.1,47,286.7,45,286.0,45,286.8,101,285.9,16
1597988464634213120,1597988464926000128,2020-08-21 13:41:04.926000,286.3,289.3,284.3,289.0,nan,286.17,70718,20237336000.0,67615,286.4,31,286.3,19,286.5,38,286.2,38,286.6,65,286.1,48,286.7,45,286.0,45,286.8,101,285.9,16
1597988465144787968,1597988465426000128,2020-08-21 13:41:05.426000,286.3,289.3,284.3,289.0,nan,286.17,70718,20237336000.0,67615,286.4,31,286.3,19,286.5,37,286.2,38,286.6,65,286.1,48,286.7,45,286.0,45,286.8,101,285.9,16
1597988466618213120,1597988466938999808,2020-08-21 13:41:06.939000,286.3,289.3,284.3,289.0,nan,286.17,70718,20237336000.0,67615,286.4,32,286.3,19,286.5,36,286.2,38,286.6,65,286.1,48,286.7,45,286.0,45,286.8,101,285.9,16
1597988467116626944,1597988467434000128,2020-08-21 13:41:07.434000,286.3,289.3,284.3,289.0,nan,286.17,70718,20237336000.0,67615,286.4,32,286.3,20,286.5,36,286.2,38,286.6,65,286.1,49,286.7,45,286.0,45,286.8,101,285.9,16
1597988468133073920,1597988468428000000,2020-08-21 13:41:08.428000,286.3,289.3,284.3,289.0,nan,286.17,70718,20237336000.0,67615,286.4,31,286.3,20,286.5,36,286.2,38,286.6,65,286.1,49,286.7,45,286.0,45,286.8,101,285.9,16
1597988468607852032,1597988468913000192,2020-08-21 13:41:08.913000,286.3,289.3,284.3,289.0,nan,286.17,70718,20237336000.0,67615,286.4,31,286.3,21,286.5,36,286.2,38,286.6,64,286.1,49,286.7,45,286.0,45,286.8,101,285.9,16
1597988469112346112,1597988469435000064,2020-08-21 13:41:09.435000,286.3,289.3,284.3,289.0,nan,286.17,70718,20237336000.0,67615,286.4,31,286.3,22,286.5,36,286.2,38,286.6,64,286.1,48,286.7,45,286.0,45,286.8,101,285.9,16
1597988470109016064,1597988470438999808,2020-08-21 13:41:10.439000,286.3,289.3,284.3,289.0,nan,286.17,70718,20237336000.0,67615,286.4,31,286.3,22,286.5,36,286.2,38,286.6,64,286.1,49,286.7,45,286.0,45,286.8,101,285.9,16
1597988471131933952,1597988471436000000,2020-08-21 13:41:11.436000,286.4,289.3,284.3,289.0,nan,286.17,70719,20237622400.0,67615,286.4,30,286.3,22,286.5,36,286.2,38,286.6,64,286.1,49,286.7,45,286.0,45,286.8,101,285.9,16
1597988471611344896,1597988471927000064,2020-08-21 13:41:11.927000,286.4,289.3,284.3,289.0,nan,286.17,70719,20237622400.0,67615,286.4,31,286.3,22,286.5,36,286.2,38,286.6,64,286.1,49,286.7,45,286.0,45,286.8,101,285.9,16
1597988472117426944,1597988472436999936,2020-08-21 13:41:12.437000,286.4,289.3,284.3,289.0,nan,286.17,70719,20237622400.0,67615,286.4,31,286.3,22,286.5,36,286.2,38,286.6,64,286.1,49,286.7,43,286.0,45,286.8,101,285.9,16
1597988473110269952,1597988473436000000,2020-08-21 13:41:13.436000,286.3,289.3,284.3,289.0,nan,286.17,70720,20237908700.0,67614,286.4,32,286.3,21,286.5,36,286.2,38,286.6,64,286.1,50,286.7,43,286.0,45,286.8,101,285.9,16
1597988474128364032,1597988474404000000,2020-08-21 13:41:14.404000,286.3,289.3,284.3,289.0,nan,286.17,70721,20238195000.0,67614,286.4,32,286.3,20,286.5,36,286.2,38,286.6,64,286.1,50,286.7,43,286.0,45,286.8,101,285.9,16
1597988474689871104,1597988474933000192,2020-08-21 13:41:14.933000,286.3,289.3,284.3,289.0,nan,286.17,70721,20238195000.0,67614,286.4,32,286.3,18,286.5,36,286.2,38,286.6,64,286.1,51,286.7,43,286.0,45,286.8,101,285.9,16
1597988475111923968,1597988475437999872,2020-08-21 13:41:15.438000,286.3,289.3,284.3,289.0,nan,286.17,70739,20243348400.0,67626,286.3,1,286.2,37,286.4,32,286.1,51,286.5,36,286.0,45,286.6,64,285.9,16,286.7,43,285.8,19
1597988475629132032,1597988475930000128,2020-08-21 13:41:15.930000,286.2,289.3,284.3,289.0,nan,286.17,70740,20243634600.0,67626,286.3,13,286.2,30,286.4,28,286.1,45,286.5,36,286.0,51,286.6,56,285.9,17,286.7,42,285.8,19
1597988476133447936,1597988476435000064,2020-08-21 13:41:16.435000,286.2,289.3,284.3,289.0,nan,286.17,70740,20243634600.0,67626,286.3,16,286.2,30,286.4,33,286.1,45,286.5,35,286.0,53,286.6,55,285.9,17,286.7,42,285.8,19
1597988476642665984,1597988476930000128,2020-08-21 13:41:16.930000,286.2,289.3,284.3,289.0,nan,286.17,70740,20243634600.0,67626,286.3,16,286.2,30,286.4,34,286.1,46,286.5,37,286.0,55,286.6,55,285.9,17,286.7,42,285.8,19
1597988477118797056,1597988477436000000,2020-08-21 13:41:17.436000,286.2,289.3,284.3,289.0,nan,286.17,70741,20243920800.0,67625,286.3,16,286.2,28,286.4,34,286.1,46,286.5,35,286.0,53,286.6,55,285.9,17,286.7,42,285.8,19
1597988477631866112,1597988477934000128,2020-08-21 13:41:17.934000,286.2,289.3,284.3,289.0,nan,286.17,70741,20243920800.0,67625,286.3,16,286.2,29,286.4,31,286.1,47,286.5,36,286.0,54,286.6,55,285.9,17,286.7,42,285.8,19
1597988478132916992,1597988478432000000,2020-08-21 13:41:18.432000,286.3,289.3,284.3,289.0,nan,286.17,70759,20249074200.0,67641,286.4,32,286.3,2,286.5,35,286.2,31,286.6,55,286.1,47,286.7,42,286.0,54,286.8,101,285.9,17
1597988478658676992,1597988478927000064,2020-08-21 13:41:18.927000,286.3,289.3,284.3,289.0,nan,286.17,70762,20249933100.0,67641,286.3,5,286.2,36,286.4,26,286.1,48,286.5,31,286.0,45,286.6,61,285.9,16,286.7,43,285.8,19
1597988479140900096,1597988479433000192,2020-08-21 13:41:19.433000,286.3,289.3,284.3,289.0,nan,286.17,70763,20250219400.0,67641,286.3,5,286.2,33,286.4,33,286.1,49,286.5,32,286.0,51,286.6,57,285.9,17,286.7,42,285.8,19
1597988479634513920,1597988479936000000,2020-08-21 13:41:19.936000,286.3,289.3,284.3,289.0,nan,286.17,70769,20251937200.0,67644,286.4,33,286.3,5,286.5,34,286.2,33,286.6,55,286.1,46,286.7,42,286.0,53,286.8,101,285.9,17
1597988480123236096,1597988480416999936,2020-08-21 13:41:20.417000,286.3,289.3,284.3,289.0,nan,286.17,70776,20253941300.0,67647,286.4,24,286.2,37,286.5,31,286.1,49,286.6,63,286.0,45,286.7,43,285.9,16,286.8,101,285.8,19
1597988480644743936,1597988480903000064,2020-08-21 13:41:20.903000,286.3,289.3,284.3,289.0,nan,286.17,70776,20253941300.0,67647,286.4,26,286.2,37,286.5,37,286.1,49,286.6,59,286.0,49,286.7,42,285.9,17,286.8,101,285.8,19
1597988481107827968,1597988481438999808,2020-08-21 13:41:21.439000,286.3,289.3,284.3,289.0,nan,286.17,70776,20253941300.0,67647,286.4,26,286.2,37,286.5,40,286.1,50,286.6,60,286.0,49,286.7,42,285.9,17,286.8,101,285.8,19
1597988482116612096,1597988482430000128,2020-08-21 13:41:22.430000,286.3,289.3,284.3,289.0,nan,286.17,70776,20253941300.0,67647,286.4,27,286.2,37,286.5,39,286.1,51,286.6,60,286.0,49,286.7,42,285.9,17,286.8,101,285.8,19
1597988482642144000,1597988482936000000,2020-08-21 13:41:22.936000,286.2,289.3,284.3,289.0,nan,286.17,70785,20256517100.0,67652,286.3,3,286.2,28,286.4,27,286.1,51,286.5,39,286.0,49,286.6,60,285.9,17,286.7,42,285.8,19
1597988483115254016,1597988483434000128,2020-08-21 13:41:23.434000,286.2,289.3,284.3,289.0,nan,286.17,70785,20256517100.0,67652,286.3,5,286.2,27,286.4,29,286.1,47,286.5,37,286.0,52,286.6,56,285.9,17,286.7,42,285.8,19
1597988483614668032,1597988483932000000,2020-08-21 13:41:23.932000,286.2,289.3,284.3,289.0,nan,286.17,70785,20256517100.0,67652,286.3,7,286.2,27,286.4,30,286.1,46,286.5,40,286.0,54,286.6,55,285.9,17,286.7,42,285.8,19
1597988484134405888,1597988484434000128,2020-08-21 13:41:24.434000,286.2,289.3,284.3,289.0,nan,286.17,70785,20256517100.0,67652,286.3,7,286.2,27,286.4,31,286.1,47,286.5,43,286.0,56,286.6,55,285.9,17,286.7,42,285.8,19
1597988484618877952,1597988484915000064,2020-08-21 13:41:24.915000,286.3,289.3,284.3,289.0,nan,286.17,70792,20258521200.0,67655,286.4,31,286.3,1,286.5,41,286.2,29,286.6,55,286.1,46,286.7,42,286.0,54,286.8,101,285.9,17
1597988485142895104,1597988485431000064,2020-08-21 13:41:25.431000,286.3,289.3,284.3,289.0,nan,286.17,70794,20259093800.0,67655,286.4,26,286.3,2,286.5,38,286.2,30,286.6,62,286.1,51,286.7,43,286.0,45,286.8,101,285.9,16
1597988485642094080,1597988485936000000,2020-08-21 13:41:25.936000,286.3,289.3,284.3,289.0,nan,286.17,70794,20259093800.0,67655,286.4,25,286.3,4,286.5,38,286.2,31,286.6,65,286.1,53,286.7,43,286.0,45,286.8,101,285.9,16
1597988486121978112,1597988486437999872,2020-08-21 13:41:26.438000,286.3,289.3,284.3,289.0,nan,286.17,70794,20259093800.0,67655,286.4,24,286.3,8,286.5,39,286.2,31,286.6,65,286.1,52,286.7,43,286.0,45,286.8,101,285.9,16
1597988486634232064,1597988486928000000,2020-08-21 13:41:26.928000,286.3,289.3,284.3,289.0,nan,286.17,70795,20259380100.0,67656,286.4,25,286.3,7,286.5,41,286.2,32,286.6,63,286.1,50,286.7,43,286.0,45,286.8,101,285.9,16
1597988487120545024,1597988487435000064,2020-08-21 13:41:27.435000,286.3,289.3,284.3,289.0,nan,286.17,70795,20259380100.0,67656,286.4,27,286.3,7,286.5,41,286.2,34,286.6,65,286.1,52,286.7,43,286.0,45,286.8,101,285.9,16
1597988487615887872,1597988487936999936,2020-08-21 13:41:27.937000,286.3,289.3,284.3,289.0,nan,286.17,70795,20259380100.0,67656,286.4,27,286.3,4,286.5,41,286.2,35,286.6,63,286.1,50,286.7,43,286.0,45,286.8,101,285.9,16
1597988488125912064,1597988488431000064,2020-08-21 13:41:28.431000,286.3,289.3,284.3,289.0,nan,286.17,70799,20260525300.0,67654,286.3,6,286.2,34,286.4,27,286.1,52,286.5,41,286.0,46,286.6,64,285.9,16,286.7,43,285.8,19
1597988488647662080,1597988488936999936,2020-08-21 13:41:28.937000,286.3,289.3,284.3,289.0,nan,286.17,70799,20260525300.0,67654,286.3,9,286.2,28,286.4,33,286.1,46,286.5,40,286.0,52,286.6,56,285.9,17,286.7,42,285.8,19
1597988489152240896,1597988489436000000,2020-08-21 13:41:29.436000,286.3,289.3,284.3,289.0,nan,286.17,70799,20260525300.0,67654,286.3,10,286.2,28,286.4,36,286.1,46,286.5,42,286.0,54,286.6,55,285.9,17,286.7,42,285.8,19
1597988489629266944,1597988489936999936,2020-08-21 13:41:29.937000,286.3,289.3,284.3,289.0,nan,286.17,70800,20260811600.0,67654,286.3,11,286.2,28,286.4,37,286.1,47,286.5,44,286.0,56,286.6,55,285.9,17,286.7,42,285.8,19
1597988490129910016,1597988490401999872,2020-08-21 13:41:30.402000,286.3,289.3,284.3,289.0,nan,286.17,70803,20261670500.0,67654,286.3,8,286.2,28,286.4,37,286.1,47,286.5,43,286.0,54,286.6,55,285.9,17,286.7,42,285.8,19
1597988490641844992,1597988490935000064,2020-08-21 13:41:30.935000,286.3,289.3,284.3,289.0,nan,286.17,70806,20262529400.0,67654,286.3,3,286.2,28,286.4,37,286.1,47,286.5,44,286.0,55,286.6,55,285.9,17,286.7,42,285.8,19
1597988491129100032,1597988491427000064,2020-08-21 13:41:31.427000,286.3,289.3,284.3,289.0,nan,286.17,70809,20263388300.0,67655,286.4,36,286.3,1,286.5,45,286.2,28,286.6,55,286.1,46,286.7,42,286.0,55,286.8,101,285.9,17
1597988491616594944,1597988491914000128,2020-08-21 13:41:31.914000,286.3,289.3,284.3,289.0,nan,286.17,70809,20263388300.0,67655,286.4,30,286.3,5,286.5,40,286.2,31,286.6,60,286.1,49,286.7,43,286.0,46,286.8,101,285.9,16
1597988492121530112,1597988492431000064,2020-08-21 13:41:32.431000,286.3,289.3,284.3,289.0,nan,286.17,70809,20263388300.0,67655,286.4,28,286.3,7,286.5,41,286.2,33,286.6,64,286.1,51,286.7,43,286.0,46,286.8,101,285.9,16
1597988492661106944,1597988492917999872,2020-08-21 13:41:32.918000,286.3,289.3,284.3,289.0,nan,286.17,70809,20263388300.0,67655,286.4,29,286.3,8,286.5,42,286.2,34,286.6,62,286.1,49,286.7,43,286.0,46,286.8,101,285.9,16
1597988493125968896,1597988493436999936,2020-08-21 13:41:33.437000,286.3,289.3,284.3,289.0,nan,286.17,70809,20263388300.0,67655,286.4,29,286.3,8,286.5,42,286.2,34,286.6,63,286.1,50,286.7,43,286.0,46,286.8,101,285.9,16
1597988493622161920,1597988493933000192,2020-08-21 13:41:33.933000,286.3,289.3,284.3,289.0,nan,286.17,70809,20263388300.0,67655,286.4,32,286.3,9,286.5,41,286.2,35,286.6,63,286.1,51,286.7,43,286.0,46,286.8,101,285.9,16
1597988494635062016,1597988494912000000,2020-08-21 13:41:34.912000,286.3,289.3,284.3,289.0,nan,286.17,70809,20263388300.0,67655,286.4,31,286.3,9,286.5,41,286.2,35,286.6,63,286.1,51,286.7,43,286.0,46,286.8,101,285.9,16
1597988495131532032,1597988495416000000,2020-08-21 13:41:35.416000,286.3,289.3,284.3,289.0,nan,286.17,70810,20263674600.0,67654,286.4,31,286.3,8,286.5,41,286.2,35,286.6,63,286.1,51,286.7,43,286.0,46,286.8,101,285.9,16
1597988495643607040,1597988495935000064,2020-08-21 13:41:35.935000,286.3,289.3,284.3,289.0,nan,286.17,70810,20263674600.0,67654,286.4,31,286.3,8,286.5,41,286.2,36,286.6,62,286.1,51,286.7,43,286.0,46,286.8,101,285.9,16
1597988497112963072,1597988497436000000,2020-08-21 13:41:37.436000,286.3,289.3,284.3,289.0,nan,286.17,70810,20263674600.0,67654,286.4,31,286.3,8,286.5,41,286.2,37,286.6,62,286.1,51,286.7,43,286.0,46,286.8,101,285.9,16
1597988497619464960,1597988497903000064,2020-08-21 13:41:37.903000,286.3,289.3,284.3,289.0,nan,286.17,70810,20263674600.0,67654,286.4,30,286.3,8,286.5,41,286.2,38,286.6,62,286.1,51,286.7,43,286.0,46,286.8,101,285.9,16
1597988498131724032,1597988498437999872,2020-08-21 13:41:38.438000,286.3,289.3,284.3,289.0,nan,286.17,70810,20263674600.0,67654,286.4,29,286.3,9,286.5,41,286.2,38,286.6,62,286.1,51,286.7,43,286.0,46,286.8,101,285.9,16
1597988498623208960,1597988498930000128,2020-08-21 13:41:38.930000,286.3,289.3,284.3,289.0,nan,286.17,70810,20263674600.0,67654,286.4,29,286.3,10,286.5,41,286.2,38,286.6,62,286.1,51,286.7,43,286.0,46,286.8,101,285.9,16
1597988499132876032,1597988499424000000,2020-08-21 13:41:39.424000,286.3,289.3,284.3,289.0,nan,286.17,70810,20263674600.0,67654,286.4,29,286.3,12,286.5,41,286.2,38,286.6,62,286.1,51,286.7,43,286.0,46,286.8,101,285.9,16
1597988499619281920,1597988499934000128,2020-08-21 13:41:39.934000,286.3,289.3,284.3,289.0,nan,286.17,70810,20263674600.0,67654,286.4,29,286.3,12,286.5,41,286.2,38,286.6,62,286.1,51,286.7,43,286.0,46,286.8,100,285.9,16
1597988500618742016,1597988500921999872,2020-08-21 13:41:40.922000,286.3,289.3,284.3,289.0,nan,286.17,70810,20263674600.0,67654,286.4,30,286.3,12,286.5,41,286.2,38,286.6,62,286.1,51,286.7,43,286.0,46,286.8,100,285.9,16
1597988501624765952,1597988501934000128,2020-08-21 13:41:41.934000,286.3,289.3,284.3,289.0,nan,286.17,70810,20263674600.0,67654,286.4,30,286.3,13,286.5,41,286.2,38,286.6,62,286.1,51,286.7,43,286.0,46,286.8,100,285.9,16
1597988502155322880,1597988502404999936,2020-08-21 13:41:42.405000,286.3,289.3,284.3,289.0,nan,286.17,70810,20263674600.0,67654,286.4,30,286.3,21,286.5,41,286.2,38,286.6,62,286.1,51,286.7,43,286.0,46,286.8,100,285.9,16
1597988502614650880,1597988502908999936,2020-08-21 13:41:42.909000,286.3,289.3,284.3,289.0,nan,286.17,70810,20263674600.0,67654,286.4,30,286.3,24,286.5,41,286.2,36,286.6,61,286.1,51,286.7,43,286.0,46,286.8,100,285.9,16
1597988503124125952,1597988503397000192,2020-08-21 13:41:43.397000,286.3,289.3,284.3,289.0,nan,286.17,70810,20263674600.0,67654,286.4,28,286.3,25,286.5,41,286.2,36,286.6,62,286.1,52,286.7,43,286.0,46,286.8,100,285.9,16
1597988503690141952,1597988503921999872,2020-08-21 13:41:43.922000,286.3,289.3,284.3,289.0,nan,286.17,70810,20263674600.0,67654,286.4,27,286.3,25,286.5,41,286.2,36,286.6,62,286.1,52,286.7,43,286.0,46,286.8,100,285.9,16
1597988504121990912,1597988504430000128,2020-08-21 13:41:44.430000,286.3,289.3,284.3,289.0,nan,286.17,70811,20263960900.0,67655,286.4,27,286.3,24,286.5,41,286.2,36,286.6,63,286.1,52,286.7,43,286.0,46,286.8,100,285.9,16
1597988506126801920,1597988506427000064,2020-08-21 13:41:46.427000,286.3,289.3,284.3,289.0,nan,286.17,70811,20263960900.0,67655,286.4,29,286.3,24,286.5,41,286.2,36,286.6,63,286.1,52,286.7,43,286.0,46,286.8,100,285.9,16
1597988507112253952,1597988507423000064,2020-08-21 13:41:47.423000,286.3,289.3,284.3,289.0,nan,286.17,70811,20263960900.0,67655,286.4,29,286.3,24,286.5,41,286.2,36,286.6,64,286.1,52,286.7,43,286.0,46,286.8,100,285.9,16
1597988508618313984,1597988508938999808,2020-08-21 13:41:48.939000,286.3,289.3,284.3,289.0,nan,286.17,70811,20263960900.0,67655,286.4,30,286.3,24,286.5,41,286.2,36,286.6,64,286.1,52,286.7,43,286.0,46,286.8,100,285.9,16
1597988510107461888,1597988510437999872,2020-08-21 13:41:50.438000,286.3,289.3,284.3,289.0,nan,286.17,70811,20263960900.0,67655,286.4,30,286.3,24,286.5,41,286.2,36,286.6,64,286.1,53,286.7,43,286.0,46,286.8,100,285.9,16
1597988511150409984,1597988511416999936,2020-08-21 13:41:51.417000,286.3,289.3,284.3,289.0,nan,286.17,70811,20263960900.0,67655,286.4,30,286.3,24,286.5,40,286.2,36,286.6,64,286.1,53,286.7,43,286.0,46,286.8,100,285.9,16
1597988512114978048,1597988512430000128,2020-08-21 13:41:52.430000,286.3,289.3,284.3,289.0,nan,286.17,70811,20263960900.0,67655,286.4,31,286.3,25,286.5,40,286.2,36,286.6,64,286.1,53,286.7,43,286.0,46,286.8,100,285.9,16
1597988514622747904,1597988514895000064,2020-08-21 13:41:54.895000,286.3,289.3,284.3,289.0,nan,286.17,70821,20266823900.0,67652,286.4,31,286.3,15,286.5,40,286.2,36,286.6,64,286.1,53,286.7,43,286.0,46,286.8,100,285.9,16
1597988515122450944,1597988515438999808,2020-08-21 13:41:55.439000,286.3,289.3,284.3,289.0,nan,286.17,70821,20266823900.0,67652,286.4,31,286.3,8,286.5,40,286.2,38,286.6,64,286.1,53,286.7,43,286.0,46,286.8,100,285.9,16
1597988515628314880,1597988515927000064,2020-08-21 13:41:55.927000,286.3,289.3,284.3,289.0,nan,286.17,70821,20266823900.0,67652,286.4,31,286.3,7,286.5,40,286.2,38,286.6,64,286.1,53,286.7,43,286.0,46,286.8,100,285.9,16
1597988517124698112,1597988517398999808,2020-08-21 13:41:57.399000,286.4,289.3,284.3,289.0,nan,286.17,70822,20267110300.0,67652,286.4,30,286.3,9,286.5,40,286.2,38,286.6,64,286.1,53,286.7,43,286.0,46,286.8,100,285.9,16
1597988517622737920,1597988517930000128,2020-08-21 13:41:57.930000,286.4,289.3,284.3,289.0,nan,286.17,70822,20267110300.0,67652,286.4,32,286.3,10,286.5,40,286.2,38,286.6,64,286.1,53,286.7,43,286.0,46,286.8,100,285.9,16
1597988520621721088,1597988520937999872,2020-08-21 13:42:00.938000,286.4,289.3,284.3,289.0,nan,286.17,70822,20267110300.0,67652,286.4,42,286.3,10,286.5,40,286.2,38,286.6,64,286.1,53,286.7,43,286.0,46,286.8,100,285.9,16
1597988521136997120,1597988521368000000,2020-08-21 13:42:01.368000,286.4,289.3,284.3,289.0,nan,286.17,70822,20267110300.0,67652,286.4,44,286.3,9,286.5,38,286.2,38,286.6,64,286.1,53,286.7,43,286.0,46,286.8,100,285.9,16
1597988521617298944,1597988521926000128,2020-08-21 13:42:01.926000,286.4,289.3,284.3,289.0,nan,286.17,70822,20267110300.0,67652,286.4,44,286.3,5,286.5,38,286.2,38,286.6,64,286.1,53,286.7,43,286.0,46,286.8,100,285.9,16
1597988522118718976,1597988522437999872,2020-08-21 13:42:02.438000,286.4,289.3,284.3,289.0,nan,286.17,70822,20267110300.0,67652,286.4,44,286.3,6,286.5,38,286.2,38,286.6,64,286.1,53,286.7,43,286.0,46,286.8,100,285.9,16
1597988522664710912,1597988522936000000,2020-08-21 13:42:02.936000,286.4,289.3,284.3,289.0,nan,286.17,70822,20267110300.0,67652,286.4,44,286.3,6,286.5,38,286.2,39,286.6,64,286.1,53,286.7,43,286.0,46,286.8,100,285.9,16
1597988523147950080,1597988523433000192,2020-08-21 13:42:03.433000,286.4,289.3,284.3,289.0,nan,286.17,70823,20267396700.0,67653,286.4,43,286.3,7,286.5,38,286.2,39,286.6,64,286.1,53,286.7,43,286.0,46,286.8,100,285.9,16
1597988523620529920,1597988523927000064,2020-08-21 13:42:03.927000,286.4,289.3,284.3,289.0,nan,286.17,70836,20271119900.0,67648,286.4,30,286.3,13,286.5,38,286.2,38,286.6,63,286.1,52,286.7,43,286.0,46,286.8,100,285.9,16
1597988524132503040,1597988524427000064,2020-08-21 13:42:04.427000,286.3,289.3,284.3,289.0,nan,286.17,70838,20271692600.0,67649,286.4,25,286.3,23,286.5,40,286.2,36,286.6,63,286.1,52,286.7,43,286.0,46,286.8,100,285.9,16
1597988524634932992,1597988524913000192,2020-08-21 13:42:04.913000,286.3,289.3,284.3,289.0,nan,286.17,70838,20271692600.0,67649,286.4,25,286.3,26,286.5,38,286.2,35,286.6,66,286.1,53,286.7,43,286.0,46,286.8,100,285.9,16
1597988525118929920,1597988525421999872,2020-08-21 13:42:05.422000,286.3,289.3,284.3,289.0,nan,286.17,70838,20271692600.0,67649,286.4,24,286.3,28,286.5,36,286.2,35,286.6,67,286.1,52,286.7,44,286.0,45,286.8,100,285.9,16
1597988525614375936,1597988525935000064,2020-08-21 13:42:05.935000,286.3,289.3,284.3,289.0,nan,286.17,70838,20271692600.0,67649,286.4,25,286.3,30,286.5,37,286.2,35,286.6,67,286.1,52,286.7,44,286.0,45,286.8,100,285.9,16
1597988526104577024,1597988526364000000,2020-08-21 13:42:06.364000,286.3,289.3,284.3,289.0,nan,286.17,70838,20271692600.0,67649,286.4,25,286.3,31,286.5,38,286.2,35,286.6,67,286.1,52,286.7,44,286.0,45,286.8,100,285.9,16
1597988526624232960,1597988526920000000,2020-08-21 13:42:06.920000,286.3,289.3,284.3,289.0,nan,286.17,70838,20271692600.0,67649,286.4,15,286.3,31,286.5,38,286.2,35,286.6,67,286.1,52,286.7,44,286.0,45,286.8,100,285.9,16
1597988527117991936,1597988527437999872,2020-08-21 13:42:07.438000,286.3,289.3,284.3,289.0,nan,286.17,70838,20271692600.0,67649,286.4,11,286.3,31,286.5,39,286.2,34,286.6,68,286.1,52,286.7,44,286.0,45,286.8,100,285.9,16
1597988527626221056,1597988527927000064,2020-08-21 13:42:07.927000,286.3,289.3,284.3,289.0,nan,286.17,70838,20271692600.0,67649,286.4,11,286.3,32,286.5,39,286.2,34,286.6,67,286.1,51,286.7,44,286.0,45,286.8,100,285.9,16
1597988528107994112,1597988528432000000,2020-08-21 13:42:08.432000,286.3,289.3,284.3,289.0,nan,286.17,70839,20271978900.0,67650,286.4,11,286.3,31,286.5,40,286.2,35,286.6,69,286.1,53,286.7,44,286.0,45,286.8,100,285.9,16
1597988528619776000,1597988528936999936,2020-08-21 13:42:08.937000,286.4,289.3,284.3,289.0,nan,286.17,70841,20272551700.0,67650,286.4,9,286.3,31,286.5,40,286.2,35,286.6,67,286.1,51,286.7,44,286.0,45,286.8,100,285.9,16
1597988529126969088,1597988529418999808,2020-08-21 13:42:09.419000,286.4,289.3,284.3,289.0,nan,286.17,70841,20272551700.0,67650,286.4,9,286.3,31,286.5,40,286.2,35,286.6,68,286.1,52,286.7,44,286.0,45,286.8,100,285.9,16
1597988529626819072,1597988529934000128,2020-08-21 13:42:09.934000,286.4,289.3,284.3,289.0,nan,286.17,70843,20273124500.0,67651,286.4,7,286.3,31,286.5,40,286.2,35,286.6,68,286.1,52,286.7,44,286.0,45,286.8,100,285.9,16
1597988530127220992,1597988530427000064,2020-08-21 13:42:10.427000,286.3,289.3,284.3,289.0,nan,286.17,70844,20273410800.0,67651,286.4,7,286.3,30,286.5,40,286.2,35,286.6,68,286.1,52,286.7,47,286.0,45,286.8,100,285.9,16
1597988530644942080,1597988530936999936,2020-08-21 13:42:10.937000,286.3,289.3,284.3,289.0,nan,286.17,70844,20273410800.0,67651,286.4,7,286.3,30,286.5,40,286.2,35,286.6,68,286.1,51,286.7,47,286.0,45,286.8,100,285.9,16
1597988531134755072,1597988531428999936,2020-08-21 13:42:11.429000,286.3,289.3,284.3,289.0,nan,286.17,70844,20273410800.0,67651,286.4,7,286.3,30,286.5,40,286.2,35,286.6,68,286.1,51,286.7,47,286.0,44,286.8,100,285.9,16
1597988531650279936,1597988531934000128,2020-08-21 13:42:11.934000,286.3,289.3,284.3,289.0,nan,286.17,70844,20273410800.0,67651,286.4,7,286.3,30,286.5,40,286.2,35,286.6,68,286.1,51,286.7,47,286.0,43,286.8,100,285.9,16
1597988533603710976,1597988533936999936,2020-08-21 13:42:13.937000,286.3,289.3,284.3,289.0,nan,286.17,70844,20273410800.0,67651,286.4,7,286.3,32,286.5,40,286.2,35,286.6,68,286.1,51,286.7,47,286.0,43,286.8,100,285.9,16
1597988534622643968,1597988534926000128,2020-08-21 13:42:14.926000,286.4,289.3,284.3,289.0,nan,286.17,70845,20273697200.0,67652,286.4,6,286.3,32,286.5,41,286.2,35,286.6,68,286.1,51,286.7,47,286.0,43,286.8,100,285.9,16
1597988537105305088,1597988537436999936,2020-08-21 13:42:17.437000,286.4,289.3,284.3,289.0,nan,286.17,70845,20273697200.0,67652,286.4,6,286.3,32,286.5,41,286.2,37,286.6,68,286.1,51,286.7,49,286.0,43,286.8,100,285.9,16
1597988537601136896,1597988537928000000,2020-08-21 13:42:17.928000,286.4,289.3,284.3,289.0,nan,286.17,70845,20273697200.0,67652,286.4,6,286.3,32,286.5,41,286.2,35,286.6,68,286.1,51,286.7,47,286.0,43,286.8,100,285.9,16
1597988538179084032,1597988538427000064,2020-08-21 13:42:18.427000,286.4,289.3,284.3,289.0,nan,286.17,70845,20273697200.0,67652,286.4,7,286.3,32,286.5,41,286.2,35,286.6,68,286.1,51,286.7,47,286.0,43,286.8,100,285.9,16
1597988539122641920,1597988539407000064,2020-08-21 13:42:19.407000,286.4,289.3,284.3,289.0,nan,286.17,70845,20273697200.0,67652,286.4,7,286.3,32,286.5,41,286.2,35,286.6,68,286.1,51,286.7,47,286.0,43,286.8,100,285.9,15
1597988540119141120,1597988540433000192,2020-08-21 13:42:20.433000,286.4,289.3,284.3,289.0,nan,286.17,70845,20273697200.0,67652,286.4,8,286.3,32,286.5,41,286.2,36,286.6,68,286.1,51,286.7,47,286.0,43,286.8,100,285.9,15
1597988540621273088,1597988540915000064,2020-08-21 13:42:20.915000,286.4,289.3,284.3,289.0,nan,286.17,70851,20275415100.0,67650,286.4,8,286.3,27,286.5,41,286.2,36,286.6,68,286.1,51,286.7,47,286.0,43,286.8,100,285.9,15
1597988541152115968,1597988541416999936,2020-08-21 13:42:21.417000,286.4,289.3,284.3,289.0,nan,286.17,70851,20275415100.0,67650,286.4,11,286.3,27,286.5,41,286.2,37,286.6,68,286.1,50,286.7,47,286.0,43,286.8,100,285.9,15
1597988541613743104,1597988541936000000,2020-08-21 13:42:21.936000,286.4,289.3,284.3,289.0,nan,286.17,70852,20275701500.0,67651,286.4,10,286.3,27,286.5,41,286.2,37,286.6,67,286.1,50,286.7,47,286.0,43,286.8,100,285.9,15
1597988542118966016,1597988542404999936,2020-08-21 13:42:22.405000,286.4,289.3,284.3,289.0,nan,286.17,70852,20275701500.0,67651,286.4,11,286.3,27,286.5,40,286.2,37,286.6,67,286.1,50,286.7,47,286.0,43,286.8,100,285.9,15
1597988543628103936,1597988543901999872,2020-08-21 13:42:23.902000,286.4,289.3,284.3,289.0,nan,286.17,70852,20275701500.0,67651,286.4,12,286.3,27,286.5,40,286.2,37,286.6,67,286.1,50,286.7,47,286.0,43,286.8,100,285.9,15
1597988544628002048,1597988544898000128,2020-08-21 13:42:24.898000,286.4,289.3,284.3,289.0,nan,286.17,70852,20275701500.0,67651,286.4,12,286.3,26,286.5,40,286.2,37,286.6,67,286.1,50,286.7,47,286.0,43,286.8,100,285.9,15
1597988546606850048,1597988546937999872,2020-08-21 13:42:26.938000,286.4,289.3,284.3,289.0,nan,286.17,70852,20275701500.0,67651,286.4,12,286.3,26,286.5,41,286.2,38,286.6,69,286.1,52,286.7,47,286.0,43,286.8,100,285.9,15
1597988547162362880,1597988547426000128,2020-08-21 13:42:27.426000,286.4,289.3,284.3,289.0,nan,286.17,70852,20275701500.0,67651,286.4,12,286.3,27,286.5,41,286.2,37,286.6,67,286.1,50,286.7,47,286.0,43,286.8,100,285.9,15
1597988549141221120,1597988549428999936,2020-08-21 13:42:29.429000,286.4,289.3,284.3,289.0,nan,286.17,70852,20275701500.0,67651,286.4,11,286.3,27,286.5,41,286.2,37,286.6,67,286.1,50,286.7,47,286.0,43,286.8,100,285.9,15
1597988550167671040,1597988550432000000,2020-08-21 13:42:30.432000,286.4,289.3,284.3,289.0,nan,286.17,70852,20275701500.0,67651,286.4,11,286.3,28,286.5,41,286.2,37,286.6,67,286.1,50,286.7,47,286.0,43,286.8,100,285.9,15
1597988550620015104,1597988550926000128,2020-08-21 13:42:30.926000,286.4,289.3,284.3,289.0,nan,286.17,70852,20275701500.0,67651,286.4,12,286.3,28,286.5,41,286.2,37,286.6,67,286.1,50,286.7,47,286.0,43,286.8,100,285.9,15
1597988551628036096,1597988551920999936,2020-08-21 13:42:31.921000,286.3,289.3,284.3,289.0,nan,286.17,70853,20275987800.0,67650,286.4,12,286.3,27,286.5,41,286.2,37,286.6,67,286.1,50,286.7,47,286.0,43,286.8,100,285.9,15
1597988553112114944,1597988553437999872,2020-08-21 13:42:33.438000,286.3,289.3,284.3,289.0,nan,286.17,70853,20275987800.0,67650,286.4,12,286.3,27,286.5,41,286.2,37,286.6,68,286.1,50,286.7,47,286.0,43,286.8,100,285.9,15
1597988553632566016,1597988553920999936,2020-08-21 13:42:33.921000,286.4,289.3,284.3,289.0,nan,286.17,70854,20276274200.0,67651,286.4,11,286.3,27,286.5,41,286.2,37,286.6,68,286.1,50,286.7,47,286.0,43,286.8,100,285.9,15
1597988554604029952,1597988554935000064,2020-08-21 13:42:34.935000,286.4,289.3,284.3,289.0,nan,286.17,70854,20276274200.0,67651,286.4,11,286.3,28,286.5,41,286.2,37,286.6,68,286.1,50,286.7,47,286.0,43,286.8,100,285.9,15
1597988556607852032,1597988556924000000,2020-08-21 13:42:36.924000,286.4,289.3,284.3,289.0,nan,286.17,70854,20276274200.0,67651,286.4,11,286.3,28,286.5,41,286.2,37,286.6,68,286.1,50,286.7,47,286.0,44,286.8,100,285.9,15
1597988557649367040,1597988557924999936,2020-08-21 13:42:37.925000,286.4,289.3,284.3,289.0,nan,286.17,70854,20276274200.0,67651,286.4,11,286.3,28,286.5,41,286.2,37,286.6,68,286.1,50,286.7,48,286.0,44,286.8,100,285.9,15
1597988559150832128,1597988559437999872,2020-08-21 13:42:39.438000,286.3,289.3,284.3,289.0,nan,286.17,70855,20276560500.0,67650,286.4,12,286.3,27,286.5,41,286.2,37,286.6,68,286.1,50,286.7,48,286.0,44,286.8,100,285.9,15
1597988559671279104,1597988559936999936,2020-08-21 13:42:39.937000,286.3,289.3,284.3,289.0,nan,286.17,70855,20276560500.0,67650,286.4,13,286.3,20,286.5,41,286.2,37,286.6,68,286.1,50,286.7,48,286.0,44,286.8,100,285.9,15
1597988560154868992,1597988560430000128,2020-08-21 13:42:40.430000,286.3,289.3,284.3,289.0,nan,286.17,70874,20282000200.0,67646,286.3,5,286.2,38,286.4,14,286.1,49,286.5,39,286.0,44,286.6,67,285.9,15,286.7,48,285.8,19
1597988560629704960,1597988560904999936,2020-08-21 13:42:40.905000,286.3,289.3,284.3,289.0,nan,286.17,70876,20282572700.0,67647,286.3,8,286.2,28,286.4,20,286.1,44,286.5,38,286.0,50,286.6,56,285.9,16,286.7,46,285.8,19
1597988561123617024,1597988561426000128,2020-08-21 13:42:41.426000,286.3,289.3,284.3,289.0,nan,286.17,70876,20282572700.0,67647,286.3,11,286.2,30,286.4,26,286.1,46,286.5,42,286.0,53,286.6,55,285.9,16,286.7,46,285.8,19
1597988561621316096,1597988561931000064,2020-08-21 13:42:41.931000,286.3,289.3,284.3,289.0,nan,286.17,70876,20282572700.0,67647,286.3,12,286.2,30,286.4,27,286.1,47,286.5,44,286.0,55,286.6,55,285.9,16,286.7,46,285.8,19
1597988562167684096,1597988562428000000,2020-08-21 13:42:42.428000,286.3,289.3,284.3,289.0,nan,286.17,70876,20282572700.0,67647,286.3,12,286.2,30,286.4,29,286.1,47,286.5,42,286.0,53,286.6,55,285.9,16,286.7,46,285.8,19
1597988562676937984,1597988562928000000,2020-08-21 13:42:42.928000,286.3,289.3,284.3,289.0,nan,286.17,70879,20283431600.0,67647,286.3,9,286.2,30,286.4,29,286.1,47,286.5,43,286.0,54,286.6,55,285.9,16,286.7,46,285.8,19
1597988563125393920,1597988563430000128,2020-08-21 13:42:43.430000,286.3,289.3,284.3,289.0,nan,286.17,70880,20283717900.0,67647,286.3,8,286.2,30,286.4,29,286.1,47,286.5,43,286.0,54,286.6,55,285.9,16,286.7,46,285.8,19
1597988563621212928,1597988563936999936,2020-08-21 13:42:43.937000,286.3,289.3,284.3,289.0,nan,286.17,70881,20284004200.0,67647,286.3,6,286.2,32,286.4,30,286.1,47,286.5,43,286.0,54,286.6,55,285.9,16,286.7,46,285.8,19
1597988564140879872,1597988564436000000,2020-08-21 13:42:44.436000,286.3,289.3,284.3,289.0,nan,286.17,70882,20284290500.0,67648,286.3,3,286.2,32,286.4,30,286.1,47,286.5,43,286.0,54,286.6,55,285.9,16,286.7,46,285.8,19
1597988564628717056,1597988564935000064,2020-08-21 13:42:44.935000,286.3,289.3,284.3,289.0,nan,286.17,70882,20284290500.0,67648,286.3,2,286.2,32,286.4,29,286.1,46,286.5,44,286.0,54,286.6,55,285.9,16,286.7,46,285.8,19
1597988565137639936,1597988565430000128,2020-08-21 13:42:45.430000,286.3,289.3,284.3,289.0,nan,286.17,70884,20284863000.0,67649,286.3,1,286.2,32,286.4,30,286.1,47,286.5,44,286.0,54,286.6,55,285.9,16,286.7,46,285.8,19
1597988565641767936,1597988565936999936,2020-08-21 13:42:45.937000,286.3,289.3,284.3,289.0,nan,286.17,70884,20284863000.0,67649,286.3,1,286.2,33,286.4,30,286.1,47,286.5,44,286.0,55,286.6,55,285.9,16,286.7,46,285.8,19
1597988566135034112,1597988566436999936,2020-08-21 13:42:46.437000,286.3,289.3,284.3,289.0,nan,286.17,70885,20285149300.0,67650,286.4,30,286.2,34,286.5,44,286.1,47,286.6,55,286.0,55,286.7,46,285.9,16,286.8,100,285.8,19
1597988566625428992,1597988566917999872,2020-08-21 13:42:46.918000,286.3,289.3,284.3,289.0,nan,286.17,70885,20285149300.0,67650,286.4,27,286.2,35,286.5,43,286.1,48,286.6,57,286.0,50,286.7,46,285.9,16,286.8,100,285.8,19
1597988567125667072,1597988567430000128,2020-08-21 13:42:47.430000,286.3,289.3,284.3,289.0,nan,286.17,70885,20285149300.0,67650,286.4,33,286.2,35,286.5,42,286.1,50,286.6,59,286.0,49,286.7,46,285.9,16,286.8,100,285.8,19
1597988567629732096,1597988567912000000,2020-08-21 13:42:47.912000,286.3,289.3,284.3,289.0,nan,286.17,70885,20285149300.0,67650,286.3,2,286.2,36,286.4,34,286.1,52,286.5,42,286.0,49,286.6,61,285.9,16,286.7,46,285.8,19
1597988568137533952,1597988568436999936,2020-08-21 13:42:48.437000,286.3,289.3,284.3,289.0,nan,286.17,70885,20285149300.0,67650,286.3,6,286.2,35,286.4,36,286.1,46,286.5,41,286.0,52,286.6,55,285.9,16,286.7,46,285.8,19
1597988568612517120,1597988568924999936,2020-08-21 13:42:48.925000,286.3,289.3,284.3,289.0,nan,286.17,70886,20285435600.0,67651,286.3,4,286.2,34,286.4,36,286.1,46,286.5,44,286.0,56,286.6,55,285.9,16,286.7,46,285.8,19
1597988569136034048,1597988569435000064,2020-08-21 13:42:49.435000,286.3,289.3,284.3,289.0,nan,286.17,70886,20285435600.0,67651,286.3,3,286.2,34,286.4,36,286.1,47,286.5,43,286.0,54,286.6,55,285.9,16,286.7,46,285.8,19
1597988569620924928,1597988569936000000,2020-08-21 13:42:49.936000,286.3,289.3,284.3,289.0,nan,286.17,70886,20285435600.0,67651,286.3,4,286.2,34,286.4,37,286.1,47,286.5,44,286.0,55,286.6,55,285.9,16,286.7,46,285.8,19
1597988570137361920,1597988570428999936,2020-08-21 13:42:50.429000,286.3,289.3,284.3,289.0,nan,286.17,70886,20285435600.0,67651,286.3,5,286.2,34,286.4,37,286.1,47,286.5,44,286.0,55,286.6,55,285.9,16,286.7,46,285.8,19
1597988570617199104,1597988570931000064,2020-08-21 13:42:50.931000,286.3,289.3,284.3,289.0,nan,286.17,70886,20285435600.0,67651,286.3,5,286.2,34,286.4,39,286.1,47,286.5,43,286.0,55,286.6,55,285.9,16,286.7,46,285.8,19
1597988571126752000,1597988571435000064,2020-08-21 13:42:51.435000,286.3,289.3,284.3,289.0,nan,286.17,70886,20285435600.0,67651,286.3,7,286.2,34,286.4,39,286.1,47,286.5,43,286.0,55,286.6,55,285.9,16,286.7,46,285.8,19
1597988571611741952,1597988571936999936,2020-08-21 13:42:51.937000,286.3,289.3,284.3,289.0,nan,286.17,70886,20285435600.0,67651,286.3,8,286.2,34,286.4,39,286.1,47,286.5,43,286.0,55,286.6,55,285.9,16,286.7,46,285.8,19
1597988573116403968,1597988573428999936,2020-08-21 13:42:53.429000,286.3,289.3,284.3,289.0,nan,286.17,70886,20285435600.0,67651,286.3,8,286.2,34,286.4,39,286.1,47,286.5,42,286.0,55,286.6,55,285.9,16,286.7,46,285.8,19
1597988573621308928,1597988573935000064,2020-08-21 13:42:53.935000,286.3,289.3,284.3,289.0,nan,286.17,70886,20285435600.0,67651,286.3,8,286.2,34,286.4,40,286.1,47,286.5,43,286.0,55,286.6,55,285.9,16,286.7,46,285.8,19
1597988574136577024,1597988574424999936,2020-08-21 13:42:54.425000,286.3,289.3,284.3,289.0,nan,286.17,70886,20285435600.0,67651,286.3,8,286.2,35,286.4,43,286.1,47,286.5,43,286.0,55,286.6,55,285.9,16,286.7,46,285.8,19
1597988574604039936,1597988574927000064,2020-08-21 13:42:54.927000,286.3,289.3,284.3,289.0,nan,286.17,70887,20285721900.0,67652,286.3,7,286.2,35,286.4,43,286.1,47,286.5,43,286.0,55,286.6,55,285.9,16,286.7,46,285.8,19
1597988575116229888,1597988575414000128,2020-08-21 13:42:55.414000,286.3,289.3,284.3,289.0,nan,286.17,70887,20285721900.0,67652,286.3,6,286.2,35,286.4,43,286.1,47,286.5,43,286.0,55,286.6,55,285.9,16,286.7,46,285.8,19
1597988575622061056,1597988575937999872,2020-08-21 13:42:55.938000,286.3,289.3,284.3,289.0,nan,286.17,70887,20285721900.0,67652,286.3,6,286.2,35,286.4,43,286.1,47,286.5,44,286.0,55,286.6,55,285.9,16,286.7,46,285.8,19
1597988576115964928,1597988576433000192,2020-08-21 13:42:56.433000,286.3,289.3,284.3,289.0,nan,286.17,70887,20285721900.0,67652,286.3,7,286.2,35,286.4,43,286.1,47,286.5,44,286.0,55,286.6,55,285.9,16,286.7,46,285.8,19
1597988576609562112,1597988576927000064,2020-08-21 13:42:56.927000,286.3,289.3,284.3,289.0,nan,286.17,70887,20285721900.0,67652,286.3,7,286.2,35,286.4,43,286.1,48,286.5,44,286.0,55,286.6,54,285.9,16,286.7,46,285.8,19
1597988577643192064,1597988577927000064,2020-08-21 13:42:57.927000,286.3,289.3,284.3,289.0,nan,286.17,70887,20285721900.0,67652,286.3,7,286.2,35,286.4,43,286.1,48,286.5,44,286.0,55,286.6,55,285.9,16,286.7,46,285.8,19
1597988578605729024,1597988578933000192,2020-08-21 13:42:58.933000,286.3,289.3,284.3,289.0,nan,286.17,70887,20285721900.0,67652,286.3,7,286.2,35,286.4,43,286.1,50,286.5,44,286.0,55,286.6,57,285.9,16,286.7,46,285.8,19
1597988579148972032,1597988579436000000,2020-08-21 13:42:59.436000,286.3,289.3,284.3,289.0,nan,286.17,70889,20286294500.0,67653,286.3,5,286.2,35,286.4,43,286.1,48,286.5,43,286.0,55,286.6,55,285.9,16,286.7,46,285.8,19
1597988580125120000,1597988580437999872,2020-08-21 13:43:00.438000,286.3,289.3,284.3,289.0,nan,286.17,70889,20286294500.0,67653,286.3,5,286.2,35,286.4,43,286.1,47,286.5,43,286.0,55,286.6,55,285.9,16,286.7,46,285.8,19
1597988580622091008,1597988580936999936,2020-08-21 13:43:00.937000,286.3,289.3,284.3,289.0,nan,286.17,70889,20286294500.0,67653,286.3,6,286.2,35,286.4,43,286.1,47,286.5,43,286.0,55,286.6,55,285.9,16,286.7,46,285.8,19
1597988581109347072,1597988581411000064,2020-08-21 13:43:01.411000,286.3,289.3,284.3,289.0,nan,286.17,70889,20286294500.0,67653,286.3,7,286.2,35,286.4,43,286.1,47,286.5,43,286.0,55,286.6,55,285.9,16,286.7,46,285.8,19
1597988582682984960,1597988582932000000,2020-08-21 13:43:02.932000,286.3,289.3,284.3,289.0,nan,286.17,70889,20286294500.0,67653,286.3,8,286.2,35,286.4,43,286.1,47,286.5,43,286.0,55,286.6,55,285.9,16,286.7,46,285.8,19
1597988584622870016,1597988584900000000,2020-08-21 13:43:04.900000,286.3,289.3,284.3,289.0,nan,286.17,70890,20286580800.0,67654,286.3,7,286.2,36,286.4,43,286.1,47,286.5,44,286.0,55,286.6,55,285.9,16,286.7,46,285.8,19
1597988585114260992,1597988585420999936,2020-08-21 13:43:05.421000,286.3,289.3,284.3,289.0,nan,286.17,70890,20286580800.0,67654,286.3,8,286.2,35,286.4,43,286.1,47,286.5,43,286.0,55,286.6,55,285.9,16,286.7,46,285.8,19
1597988585637906944,1597988585908000000,2020-08-21 13:43:05.908000,286.3,289.3,284.3,289.0,nan,286.17,70891,20286867100.0,67655,286.3,8,286.2,40,286.4,43,286.1,47,286.5,43,286.0,55,286.6,55,285.9,16,286.7,46,285.8,19
1597988586148736000,1597988586426000128,2020-08-21 13:43:06.426000,286.3,289.3,284.3,289.0,nan,286.17,70891,20286867100.0,67655,286.3,7,286.2,42,286.4,42,286.1,45,286.5,43,286.0,55,286.6,55,285.9,16,286.7,46,285.8,19
1597988586625328128,1597988586936000000,2020-08-21 13:43:06.936000,286.3,289.3,284.3,289.0,nan,286.17,70891,20286867100.0,67655,286.3,8,286.2,42,286.4,42,286.1,45,286.5,43,286.0,55,286.6,55,285.9,16,286.7,46,285.8,19
1597988587644840960,1597988587937999872,2020-08-21 13:43:07.938000,286.3,289.3,284.3,289.0,nan,286.17,70891,20286867100.0,67655,286.3,8,286.2,42,286.4,43,286.1,45,286.5,43,286.0,55,286.6,55,285.9,16,286.7,46,285.8,19
1597988588663514112,1597988588916000000,2020-08-21 13:43:08.916000,286.3,289.3,284.3,289.0,nan,286.17,70891,20286867100.0,67655,286.3,8,286.2,42,286.4,43,286.1,45,286.5,43,286.0,55,286.6,56,285.9,16,286.7,46,285.8,19
1597988589606624000,1597988589932000000,2020-08-21 13:43:09.932000,286.2,289.3,284.3,289.0,nan,286.17,70892,20287153300.0,67655,286.3,8,286.2,41,286.4,43,286.1,45,286.5,43,286.0,55,286.6,56,285.9,16,286.7,46,285.8,19
1597988590160265984,1597988590431000064,2020-08-21 13:43:10.431000,286.3,289.3,284.3,289.0,nan,286.17,70893,20287439600.0,67656,286.3,8,286.2,41,286.4,43,286.1,45,286.5,43,286.0,55,286.6,56,285.9,16,286.7,46,285.8,19
1597988591136084992,1597988591432000000,2020-08-21 13:43:11.432000,286.3,289.3,284.3,289.0,nan,286.17,70893,20287439600.0,67656,286.3,9,286.2,41,286.4,43,286.1,45,286.5,43,286.0,55,286.6,56,285.9,16,286.7,46,285.8,19
1597988592137904128,1597988592433000192,2020-08-21 13:43:12.433000,286.3,289.3,284.3,289.0,nan,286.17,70893,20287439600.0,67656,286.3,11,286.2,41,286.4,43,286.1,45,286.5,43,286.0,55,286.6,56,285.9,16,286.7,46,285.8,19
1597988594144051968,1597988594426000128,2020-08-21 13:43:14.426000,286.3,289.3,284.3,289.0,nan,286.17,70893,20287439600.0,67656,286.3,12,286.2,46,286.4,43,286.1,45,286.5,43,286.0,55,286.6,56,285.9,16,286.7,46,285.8,19
1597988595136908032,1597988595428000000,2020-08-21 13:43:15.428000,286.3,289.3,284.3,289.0,nan,286.17,70906,20291161500.0,67660,286.4,43,286.2,46,286.5,43,286.1,44,286.6,56,286.0,55,286.7,46,285.9,16,286.8,100,285.8,19
1597988595633689088,1597988596000000000,2020-08-21 13:43:16.000000,286.3,289.3,284.3,289.0,nan,286.17,70907,20291447800.0,67659,286.4,42,286.3,2,286.5,41,286.2,47,286.6,58,286.1,45,286.7,46,286.0,50,286.8,100,285.9,16
1597988596139657984,1597988596436999936,2020-08-21 13:43:16.437000,286.3,289.3,284.3,289.0,nan,286.17,70913,20293165600.0,67659,286.3,2,286.2,49,286.4,39,286.1,51,286.5,37,286.0,45,286.6,64,285.9,15,286.7,47,285.8,19
1597988596651440896,1597988596928999936,2020-08-21 13:43:16.929000,286.2,289.3,284.3,289.0,nan,286.17,70915,20293738100.0,67659,286.3,2,286.2,48,286.4,36,286.1,46,286.5,41,286.0,51,286.6,58,285.9,16,286.7,46,285.8,19
1597988597150113024,1597988597434000128,2020-08-21 13:43:17.434000,286.3,289.3,284.3,289.0,nan,286.17,70916,20294024400.0,67659,286.3,1,286.2,48,286.4,36,286.1,44,286.5,43,286.0,53,286.6,56,285.9,16,286.7,46,285.8,19
1597988597655261952,1597988598000000000,2020-08-21 13:43:18.000000,286.3,289.3,284.3,289.0,nan,286.17,70916,20294024400.0,67659,286.3,1,286.2,48,286.4,37,286.1,45,286.5,44,286.0,54,286.6,56,285.9,16,286.7,46,285.8,19
1597988598634816000,1597988598928000000,2020-08-21 13:43:18.928000,286.3,289.3,284.3,289.0,nan,286.17,70917,20294310700.0,67659,286.4,37,286.2,48,286.5,44,286.1,45,286.6,56,286.0,54,286.7,46,285.9,16,286.8,100,285.8,19
1597988599111517952,1597988599436000000,2020-08-21 13:43:19.436000,286.3,289.3,284.3,289.0,nan,286.17,70917,20294310700.0,67659,286.4,34,286.2,50,286.5,43,286.1,44,286.6,58,286.0,50,286.7,46,285.9,16,286.8,100,285.8,19
1597988599608901888,1597988599933000192,2020-08-21 13:43:19.933000,286.3,289.3,284.3,289.0,nan,286.17,70917,20294310700.0,67659,286.4,33,286.2,50,286.5,42,286.1,46,286.6,60,286.0,48,286.7,46,285.9,16,286.8,100,285.8,20
1597988600134458112,1597988600435000064,2020-08-21 13:43:20.435000,286.3,289.3,284.3,289.0,nan,286.17,70917,20294310700.0,67659,286.4,34,286.2,51,286.5,45,286.1,46,286.6,60,286.0,50,286.7,46,285.9,16,286.8,100,285.8,20
1597988600607101952,1597988600936999936,2020-08-21 13:43:20.937000,286.3,289.3,284.3,289.0,nan,286.17,70917,20294310700.0,67659,286.4,34,286.2,51,286.5,43,286.1,46,286.6,60,286.0,48,286.7,46,285.9,16,286.8,100,285.8,20
1597988601126171904,1597988601432000000,2020-08-21 13:43:21.432000,286.3,289.3,284.3,289.0,nan,286.17,70917,20294310700.0,67659,286.4,34,286.2,51,286.5,44,286.1,46,286.6,60,286.0,49,286.7,46,285.9,16,286.8,100,285.8,20
1597988601627508992,1597988602000000000,2020-08-21 13:43:22.000000,286.3,289.3,284.3,289.0,nan,286.17,70917,20294310700.0,67659,286.4,34,286.2,51,286.5,44,286.1,48,286.6,60,286.0,49,286.7,46,285.9,16,286.8,100,285.8,20
1597988602612968960,1597988602934000128,2020-08-21 13:43:22.934000,286.3,289.3,284.3,289.0,nan,286.17,70917,20294310700.0,67659,286.4,34,286.3,1,286.5,44,286.2,51,286.6,60,286.1,48,286.7,46,286.0,49,286.8,100,285.9,16
1597988603107648000,1597988603435000064,2020-08-21 13:43:23.435000,286.3,289.3,284.3,289.0,nan,286.17,70919,20294883300.0,67661,286.4,31,286.2,51,286.5,39,286.1,51,286.6,64,286.0,44,286.7,47,285.9,15,286.8,100,285.8,20
1597988603619855872,1597988603930000128,2020-08-21 13:43:23.930000,286.3,289.3,284.3,289.0,nan,286.17,70919,20294883300.0,67661,286.4,34,286.2,51,286.5,44,286.1,46,286.6,60,286.0,49,286.7,46,285.9,16,286.8,100,285.8,20
1597988605128901888,1597988605435000064,2020-08-21 13:43:25.435000,286.3,289.3,284.3,289.0,nan,286.17,70919,20294883300.0,67661,286.4,34,286.2,53,286.5,44,286.1,46,286.6,60,286.0,49,286.7,46,285.9,16,286.8,100,285.8,20
