local_nano_time,quote_nano_time,datetime,last_price,highest,lowest,open,close,average,volume,amount,open_interest,ask_price1,ask_volume1,bid_price1,bid_volume1,ask_price2,ask_volume2,bid_price2,bid_volume2,ask_price3,ask_volume3,bid_price3,bid_volume3,ask_price4,ask_volume4,bid_price4,bid_volume4,ask_price5,ask_volume5,bid_price5,bid_volume5
1597988230611992064,1597988230500000000,2020-08-21 13:37:10.500000,2513.0,2541.0,2457.0,2494.0,nan,2503.260841,46676,1168422030.0,72458,2514.0,37,2513.0,21,2515.0,211,2512.0,64,2516.0,92,2511.0,182,2517.0,27,2510.0,11,2518.0,24,2509.0,25
1597988236115321088,1597988236000000000,2020-08-21 13:37:16.000000,2513.0,2541.0,2457.0,2494.0,nan,2503.26522,46697,1168949760.0,72456,2513.0,5,2512.0,62,2514.0,33,2511.0,105,2515.0,133,2510.0,11,2516.0,92,2509.0,6,2517.0,27,2508.0,8
1597988236613347072,1597988236500000000,2020-08-21 13:37:16.500000,2513.0,2541.0,2457.0,2494.0,nan,2503.26522,46697,1168949760.0,72456,2513.0,5,2512.0,24,2514.0,34,2511.0,125,2515.0,153,2510.0,11,2516.0,52,2509.0,6,2517.0,27,2508.0,8
1597988237136209920,1597988237000000000,2020-08-21 13:37:17.000000,2513.0,2541.0,2457.0,2494.0,nan,2503.26522,46697,1168949760.0,72456,2513.0,5,2512.0,5,2514.0,36,2511.0,205,2515.0,232,2510.0,11,2516.0,32,2509.0,6,2517.0,46,2508.0,27
1597988237622722048,1597988237500000000,2020-08-21 13:37:17.500000,2513.0,2541.0,2457.0,2494.0,nan,2503.26522,46697,1168949760.0,72456,2513.0,5,2512.0,5,2514.0,36,2511.0,185,2515.0,212,2510.0,11,2516.0,32,2509.0,6,2517.0,46,2508.0,27
1597988238142216960,1597988238000000000,2020-08-21 13:37:18.000000,2513.0,2541.0,2457.0,2494.0,nan,2503.26522,46697,1168949760.0,72456,2513.0,7,2512.0,7,2514.0,35,2511.0,224,2515.0,250,2510.0,11,2516.0,32,2509.0,6,2517.0,46,2508.0,27
1597988238621157120,1597988238500000000,2020-08-21 13:37:18.500000,2513.0,2541.0,2457.0,2494.0,nan,2503.26522,46697,1168949760.0,72456,2513.0,10,2512.0,8,2514.0,35,2511.0,244,2515.0,270,2510.0,11,2516.0,32,2509.0,6,2517.0,46,2508.0,27
1597988239128207104,1597988239000000000,2020-08-21 13:37:19.000000,2513.0,2541.0,2457.0,2494.0,nan,2503.265429,46698,1168974890.0,72457,2513.0,10,2512.0,7,2514.0,151,2511.0,128,2515.0,133,2510.0,128,2516.0,32,2509.0,6,2517.0,46,2508.0,27
1597988239606313984,1597988239500000000,2020-08-21 13:37:19.500000,2513.0,2541.0,2457.0,2494.0,nan,2503.265429,46698,1168974890.0,72457,2513.0,10,2512.0,7,2514.0,171,2511.0,88,2515.0,113,2510.0,148,2516.0,32,2509.0,6,2517.0,46,2508.0,27
1597988240154514944,1597988240000000000,2020-08-21 13:37:20.000000,2513.0,2541.0,2457.0,2494.0,nan,2503.265429,46698,1168974890.0,72457,2513.0,10,2512.0,7,2514.0,171,2511.0,86,2515.0,113,2510.0,148,2516.0,32,2509.0,6,2517.0,46,2508.0,27
1597988241629337088,1597988241500000000,2020-08-21 13:37:21.500000,2513.0,2541.0,2457.0,2494.0,nan,2503.265429,46698,1168974890.0,72457,2513.0,10,2512.0,10,2514.0,171,2511.0,86,2515.0,113,2510.0,148,2516.0,32,2509.0,6,2517.0,46,2508.0,27
1597988242125256960,1597988242000000000,2020-08-21 13:37:22.000000,2513.0,2541.0,2457.0,2494.0,nan,2503.265429,46698,1168974890.0,72457,2513.0,9,2512.0,11,2514.0,55,2511.0,202,2515.0,230,2510.0,31,2516.0,32,2509.0,6,2517.0,46,2508.0,27
1597988242619475968,1597988242500000000,2020-08-21 13:37:22.500000,2513.0,2541.0,2457.0,2494.0,nan,2503.265429,46698,1168974890.0,72457,2513.0,9,2512.0,11,2514.0,35,2511.0,222,2515.0,250,2510.0,11,2516.0,32,2509.0,6,2517.0,46,2508.0,27
1597988243118682880,1597988243000000000,2020-08-21 13:37:23.000000,2513.0,2541.0,2457.0,2494.0,nan,2503.265429,46698,1168974890.0,72457,2513.0,7,2512.0,11,2514.0,35,2511.0,222,2515.0,250,2510.0,11,2516.0,32,2509.0,6,2517.0,46,2508.0,27
1597988243605558016,1597988243500000000,2020-08-21 13:37:23.500000,2513.0,2541.0,2457.0,2494.0,nan,2503.265429,46698,1168974890.0,72457,2513.0,7,2512.0,26,2514.0,37,2511.0,222,2515.0,250,2510.0,11,2516.0,32,2509.0,6,2517.0,46,2508.0,27
1597988244116891904,1597988244000000000,2020-08-21 13:37:24.000000,2513.0,2541.0,2457.0,2494.0,nan,2503.265429,46698,1168974890.0,72457,2513.0,7,2512.0,27,2514.0,37,2511.0,221,2515.0,250,2510.0,11,2516.0,32,2509.0,6,2517.0,46,2508.0,27
1597988246636566016,1597988246500000000,2020-08-21 13:37:26.500000,2513.0,2541.0,2457.0,2494.0,nan,2503.265429,46698,1168974890.0,72457,2513.0,7,2512.0,42,2514.0,37,2511.0,221,2515.0,250,2510.0,11,2516.0,32,2509.0,6,2517.0,46,2508.0,27
1597988248628391936,1597988248500000000,2020-08-21 13:37:28.500000,2513.0,2541.0,2457.0,2494.0,nan,2503.266888,46705,1169150800.0,72458,2514.0,34,2513.0,15,2515.0,173,2512.0,38,2516.0,32,2511.0,143,2517.0,27,2510.0,11,2518.0,5,2509.0,6
1597988249133944064,1597988249000000000,2020-08-21 13:37:29.000000,2513.0,2541.0,2457.0,2494.0,nan,2503.266888,46705,1169150800.0,72458,2514.0,34,2513.0,15,2515.0,153,2512.0,55,2516.0,52,2511.0,125,2517.0,27,2510.0,11,2518.0,5,2509.0,6
1597988249609985024,1597988249500000000,2020-08-21 13:37:29.500000,2513.0,2541.0,2457.0,2494.0,nan,2503.266888,46705,1169150800.0,72458,2514.0,34,2513.0,17,2515.0,153,2512.0,55,2516.0,52,2511.0,125,2517.0,27,2510.0,11,2518.0,5,2509.0,6
1597988250152896000,1597988250000000000,2020-08-21 13:37:30.000000,2513.0,2541.0,2457.0,2494.0,nan,2503.266888,46705,1169150800.0,72458,2514.0,35,2513.0,17,2515.0,213,2512.0,57,2516.0,52,2511.0,184,2517.0,27,2510.0,11,2518.0,24,2509.0,25
1597988250621948928,1597988250500000000,2020-08-21 13:37:30.500000,2513.0,2541.0,2457.0,2494.0,nan,2503.266888,46705,1169150800.0,72458,2514.0,39,2513.0,20,2515.0,251,2512.0,58,2516.0,52,2511.0,222,2517.0,27,2510.0,11,2518.0,24,2509.0,25
1597988251120780032,1597988251000000000,2020-08-21 13:37:31.000000,2513.0,2541.0,2457.0,2494.0,nan,2503.266888,46705,1169150800.0,72458,2514.0,39,2513.0,21,2515.0,251,2512.0,57,2516.0,52,2511.0,222,2517.0,27,2510.0,11,2518.0,24,2509.0,25
1597988252633718016,1597988252500000000,2020-08-21 13:37:32.500000,2513.0,2541.0,2457.0,2494.0,nan,2503.266888,46705,1169150800.0,72458,2514.0,39,2513.0,36,2515.0,251,2512.0,42,2516.0,52,2511.0,222,2517.0,27,2510.0,11,2518.0,24,2509.0,25
1597988254618563072,1597988254500000000,2020-08-21 13:37:34.500000,2514.0,2541.0,2457.0,2494.0,nan,2503.269185,46715,1169402200.0,72458,2514.0,29,2513.0,36,2515.0,251,2512.0,42,2516.0,52,2511.0,222,2517.0,27,2510.0,11,2518.0,24,2509.0,25
1597988255108866048,1597988255000000000,2020-08-21 13:37:35.000000,2514.0,2541.0,2457.0,2494.0,nan,2503.269185,46715,1169402200.0,72458,2514.0,28,2513.0,37,2515.0,115,2512.0,178,2516.0,189,2511.0,85,2517.0,27,2510.0,11,2518.0,24,2509.0,25
1597988256143302912,1597988256000000000,2020-08-21 13:37:36.000000,2514.0,2541.0,2457.0,2494.0,nan,2503.269185,46715,1169402200.0,72458,2514.0,28,2513.0,42,2515.0,115,2512.0,178,2516.0,170,2511.0,85,2517.0,27,2510.0,11,2518.0,24,2509.0,25
1597988256614763008,1597988256500000000,2020-08-21 13:37:36.500000,2514.0,2541.0,2457.0,2494.0,nan,2503.269185,46715,1169402200.0,72458,2514.0,26,2513.0,44,2515.0,115,2512.0,178,2516.0,170,2511.0,85,2517.0,27,2510.0,11,2518.0,24,2509.0,25
1597988258111539968,1597988258000000000,2020-08-21 13:37:38.000000,2514.0,2541.0,2457.0,2494.0,nan,2503.269415,46716,1169427340.0,72459,2514.0,25,2513.0,44,2515.0,115,2512.0,178,2516.0,170,2511.0,85,2517.0,27,2510.0,11,2518.0,24,2509.0,25
1597988261602919936,1597988261500000000,2020-08-21 13:37:41.500000,2514.0,2541.0,2457.0,2494.0,nan,2503.269415,46716,1169427340.0,72459,2514.0,25,2513.0,45,2515.0,115,2512.0,178,2516.0,170,2511.0,85,2517.0,27,2510.0,11,2518.0,24,2509.0,25
1597988263603982080,1597988263500000000,2020-08-21 13:37:43.500000,2514.0,2541.0,2457.0,2494.0,nan,2503.269415,46716,1169427340.0,72459,2514.0,44,2513.0,45,2515.0,115,2512.0,178,2516.0,170,2511.0,85,2517.0,27,2510.0,11,2518.0,24,2509.0,25
1597988269114578944,1597988269000000000,2020-08-21 13:37:49.000000,2514.0,2541.0,2457.0,2494.0,nan,2503.269415,46716,1169427340.0,72459,2514.0,45,2513.0,45,2515.0,115,2512.0,178,2516.0,170,2511.0,85,2517.0,27,2510.0,11,2518.0,24,2509.0,25
1597988269628194048,1597988269500000000,2020-08-21 13:37:49.500000,2514.0,2541.0,2457.0,2494.0,nan,2503.269415,46716,1169427340.0,72459,2514.0,45,2513.0,45,2515.0,95,2512.0,198,2516.0,190,2511.0,65,2517.0,27,2510.0,11,2518.0,24,2509.0,25
1597988271604761088,1597988271500000000,2020-08-21 13:37:51.500000,2514.0,2541.0,2457.0,2494.0,nan,2503.269415,46716,1169427340.0,72459,2514.0,45,2513.0,50,2515.0,95,2512.0,198,2516.0,190,2511.0,65,2517.0,27,2510.0,11,2518.0,24,2509.0,25
1597988274110661120,1597988274000000000,2020-08-21 13:37:54.000000,2513.0,2541.0,2457.0,2494.0,nan,2503.270457,46721,1169552990.0,72462,2514.0,45,2513.0,45,2515.0,95,2512.0,198,2516.0,190,2511.0,65,2517.0,27,2510.0,11,2518.0,24,2509.0,25
1597988277226674944,1597988277000000000,2020-08-21 13:37:57.000000,2514.0,2541.0,2457.0,2494.0,nan,2503.278259,46755,1170407750.0,72482,2514.0,11,2513.0,41,2515.0,93,2512.0,100,2516.0,93,2511.0,65,2517.0,27,2510.0,11,2518.0,5,2509.0,6
1597988277608723968,1597988277500000000,2020-08-21 13:37:57.500000,2514.0,2541.0,2457.0,2494.0,nan,2503.278259,46755,1170407750.0,72482,2514.0,11,2513.0,41,2515.0,75,2512.0,120,2516.0,93,2511.0,45,2517.0,27,2510.0,11,2518.0,5,2509.0,6
1597988278117537024,1597988278000000000,2020-08-21 13:37:58.000000,2514.0,2541.0,2457.0,2494.0,nan,2503.278259,46755,1170407750.0,72482,2514.0,11,2513.0,42,2515.0,77,2512.0,162,2516.0,132,2511.0,45,2517.0,27,2510.0,11,2518.0,24,2509.0,25
1597988279153485056,1597988279000000000,2020-08-21 13:37:59.000000,2514.0,2541.0,2457.0,2494.0,nan,2503.278259,46755,1170407750.0,72482,2514.0,13,2513.0,45,2515.0,78,2512.0,200,2516.0,170,2511.0,45,2517.0,27,2510.0,11,2518.0,24,2509.0,25
1597988279644647936,1597988279500000000,2020-08-21 13:37:59.500000,2514.0,2541.0,2457.0,2494.0,nan,2503.278259,46755,1170407750.0,72482,2514.0,14,2513.0,45,2515.0,78,2512.0,220,2516.0,210,2511.0,45,2517.0,27,2510.0,11,2518.0,24,2509.0,25
1597988281110181120,1597988281000000000,2020-08-21 13:38:01.000000,2514.0,2541.0,2457.0,2494.0,nan,2503.278259,46755,1170407750.0,72482,2514.0,14,2513.0,44,2515.0,78,2512.0,220,2516.0,210,2511.0,45,2517.0,27,2510.0,11,2518.0,24,2509.0,25
1597988283122678016,1597988283000000000,2020-08-21 13:38:03.000000,2514.0,2541.0,2457.0,2494.0,nan,2503.278488,46756,1170432890.0,72482,2514.0,13,2513.0,44,2515.0,78,2512.0,220,2516.0,210,2511.0,45,2517.0,27,2510.0,11,2518.0,24,2509.0,25
1597988284129889024,1597988284000000000,2020-08-21 13:38:04.000000,2514.0,2541.0,2457.0,2494.0,nan,2503.278488,46756,1170432890.0,72482,2514.0,15,2513.0,44,2515.0,78,2512.0,220,2516.0,210,2511.0,45,2517.0,27,2510.0,11,2518.0,24,2509.0,25
1597988284602099968,1597988284500000000,2020-08-21 13:38:04.500000,2514.0,2541.0,2457.0,2494.0,nan,2503.278488,46756,1170432890.0,72482,2514.0,15,2513.0,39,2515.0,78,2512.0,220,2516.0,210,2511.0,45,2517.0,27,2510.0,11,2518.0,24,2509.0,25
1597988289130279936,1597988289000000000,2020-08-21 13:38:09.000000,2514.0,2541.0,2457.0,2494.0,nan,2503.279635,46761,1170558590.0,72482,2514.0,10,2513.0,39,2515.0,78,2512.0,220,2516.0,210,2511.0,45,2517.0,27,2510.0,11,2518.0,24,2509.0,25
1597988291121551872,1597988291000000000,2020-08-21 13:38:11.000000,2514.0,2541.0,2457.0,2494.0,nan,2503.279635,46761,1170558590.0,72482,2514.0,10,2513.0,39,2515.0,90,2512.0,220,2516.0,210,2511.0,45,2517.0,27,2510.0,11,2518.0,24,2509.0,25
1597988293603405056,1597988293500000000,2020-08-21 13:38:13.500000,2514.0,2541.0,2457.0,2494.0,nan,2503.279864,46762,1170583730.0,72482,2514.0,9,2513.0,39,2515.0,90,2512.0,220,2516.0,210,2511.0,45,2517.0,27,2510.0,11,2518.0,24,2509.0,25
1597988295168014080,1597988295000000000,2020-08-21 13:38:15.000000,2514.0,2541.0,2457.0,2494.0,nan,2503.280781,46766,1170684290.0,72482,2514.0,5,2513.0,39,2515.0,90,2512.0,220,2516.0,210,2511.0,45,2517.0,27,2510.0,11,2518.0,24,2509.0,25
1597988297156546048,1597988297000000000,2020-08-21 13:38:17.000000,2514.0,2541.0,2457.0,2494.0,nan,2503.280781,46766,1170684290.0,72482,2514.0,5,2513.0,39,2515.0,90,2512.0,205,2516.0,210,2511.0,45,2517.0,27,2510.0,11,2518.0,24,2509.0,25
1597988299114622976,1597988299000000000,2020-08-21 13:38:19.000000,2514.0,2541.0,2457.0,2494.0,nan,2503.281927,46771,1170809990.0,72486,2515.0,88,2514.0,2,2516.0,133,2513.0,36,2517.0,27,2512.0,127,2518.0,5,2511.0,45,2519.0,15,2510.0,11
1597988299625379072,1597988299500000000,2020-08-21 13:38:19.500000,2514.0,2541.0,2457.0,2494.0,nan,2503.282385,46773,1170860270.0,72486,2514.0,7,2513.0,55,2515.0,68,2512.0,107,2516.0,113,2511.0,25,2517.0,47,2510.0,11,2518.0,5,2509.0,6
1597988300155692032,1597988300000000000,2020-08-21 13:38:20.000000,2514.0,2541.0,2457.0,2494.0,nan,2503.282385,46773,1170860270.0,72486,2514.0,7,2513.0,36,2515.0,50,2512.0,207,2516.0,212,2511.0,5,2517.0,27,2510.0,11,2518.0,24,2509.0,25
1597988300620851968,1597988300500000000,2020-08-21 13:38:20.500000,2514.0,2541.0,2457.0,2494.0,nan,2503.282385,46773,1170860270.0,72486,2514.0,7,2513.0,36,2515.0,50,2512.0,207,2516.0,212,2511.0,5,2517.0,27,2510.0,11,2518.0,46,2509.0,25
1597988301683427072,1597988301000000000,2020-08-21 13:38:21.000000,2514.0,2541.0,2457.0,2494.0,nan,2503.282385,46773,1170860270.0,72486,2514.0,9,2513.0,38,2515.0,50,2512.0,245,2516.0,250,2511.0,5,2517.0,27,2510.0,11,2518.0,46,2509.0,25
1597988301847941888,1597988301500000000,2020-08-21 13:38:21.500000,2514.0,2541.0,2457.0,2494.0,nan,2503.283531,46778,1170985970.0,72486,2514.0,5,2513.0,40,2515.0,50,2512.0,245,2516.0,250,2511.0,5,2517.0,27,2510.0,11,2518.0,46,2509.0,25
1597988302143232000,1597988302000000000,2020-08-21 13:38:22.000000,2514.0,2541.0,2457.0,2494.0,nan,2503.283531,46778,1170985970.0,72486,2514.0,3,2513.0,40,2515.0,50,2512.0,245,2516.0,250,2511.0,5,2517.0,27,2510.0,11,2518.0,46,2509.0,25
1597988305113947904,1597988305000000000,2020-08-21 13:38:25.000000,2514.0,2541.0,2457.0,2494.0,nan,2503.284218,46781,1171061390.0,72489,2515.0,50,2514.0,2,2516.0,212,2513.0,88,2517.0,27,2512.0,207,2518.0,46,2511.0,5,2519.0,15,2510.0,11
1597988305621538048,1597988305500000000,2020-08-21 13:38:25.500000,2514.0,2541.0,2457.0,2494.0,nan,2503.284676,46783,1171111670.0,72489,2515.0,48,2514.0,4,2516.0,153,2513.0,105,2517.0,47,2512.0,147,2518.0,27,2511.0,5,2519.0,15,2510.0,11
1597988306149199104,1597988306000000000,2020-08-21 13:38:26.000000,2514.0,2541.0,2457.0,2494.0,nan,2503.284676,46783,1171111670.0,72489,2515.0,46,2514.0,4,2516.0,153,2513.0,105,2517.0,47,2512.0,147,2518.0,27,2511.0,5,2519.0,15,2510.0,11
1597988306615961088,1597988306500000000,2020-08-21 13:38:26.500000,2514.0,2541.0,2457.0,2494.0,nan,2503.284676,46783,1171111670.0,72489,2515.0,47,2514.0,4,2516.0,193,2513.0,107,2517.0,47,2512.0,186,2518.0,27,2511.0,5,2519.0,34,2510.0,30
1597988307113449984,1597988307000000000,2020-08-21 13:38:27.000000,2514.0,2541.0,2457.0,2494.0,nan,2503.284676,46783,1171111670.0,72489,2515.0,48,2514.0,22,2516.0,193,2513.0,92,2517.0,47,2512.0,186,2518.0,27,2511.0,5,2519.0,34,2510.0,30
1597988307609925888,1597988307500000000,2020-08-21 13:38:27.500000,2514.0,2541.0,2457.0,2494.0,nan,2503.284676,46783,1171111670.0,72489,2515.0,50,2514.0,25,2516.0,231,2513.0,91,2517.0,47,2512.0,224,2518.0,27,2511.0,5,2519.0,34,2510.0,30
1597988308123539968,1597988308000000000,2020-08-21 13:38:28.000000,2514.0,2541.0,2457.0,2494.0,nan,2503.284676,46783,1171111670.0,72489,2515.0,50,2514.0,25,2516.0,231,2513.0,89,2517.0,47,2512.0,224,2518.0,27,2511.0,5,2519.0,34,2510.0,30
1597988308632284928,1597988308500000000,2020-08-21 13:38:28.500000,2514.0,2541.0,2457.0,2494.0,nan,2503.284676,46783,1171111670.0,72489,2515.0,50,2514.0,27,2516.0,231,2513.0,89,2517.0,47,2512.0,224,2518.0,27,2511.0,5,2519.0,34,2510.0,30
1597988312626364928,1597988312500000000,2020-08-21 13:38:32.500000,2514.0,2541.0,2457.0,2494.0,nan,2503.284676,46783,1171111670.0,72489,2515.0,50,2514.0,28,2516.0,231,2513.0,89,2517.0,47,2512.0,224,2518.0,27,2511.0,5,2519.0,34,2510.0,30
1597988313125614080,1597988313000000000,2020-08-21 13:38:33.000000,2514.0,2541.0,2457.0,2494.0,nan,2503.291085,46811,1171815590.0,72509,2514.0,12,2513.0,87,2515.0,51,2512.0,147,2516.0,153,2511.0,5,2517.0,47,2510.0,11,2518.0,27,2509.0,6
1597988313607401984,1597988313500000000,2020-08-21 13:38:33.500000,2514.0,2541.0,2457.0,2494.0,nan,2503.291085,46811,1171815590.0,72509,2514.0,5,2513.0,69,2515.0,47,2512.0,167,2516.0,173,2511.0,5,2517.0,27,2510.0,11,2518.0,27,2509.0,6
1597988314138446080,1597988314000000000,2020-08-21 13:38:34.000000,2514.0,2541.0,2457.0,2494.0,nan,2503.291085,46811,1171815590.0,72509,2514.0,5,2513.0,90,2515.0,49,2512.0,187,2516.0,192,2511.0,5,2517.0,47,2510.0,11,2518.0,46,2509.0,25
1597988315123571968,1597988315000000000,2020-08-21 13:38:35.000000,2514.0,2541.0,2457.0,2494.0,nan,2503.291085,46811,1171815590.0,72509,2514.0,9,2513.0,93,2515.0,50,2512.0,225,2516.0,230,2511.0,5,2517.0,47,2510.0,11,2518.0,46,2509.0,25
1597988315702894080,1597988315500000000,2020-08-21 13:38:35.500000,2514.0,2541.0,2457.0,2494.0,nan,2503.291085,46811,1171815590.0,72509,2514.0,10,2513.0,94,2515.0,50,2512.0,225,2516.0,230,2511.0,5,2517.0,47,2510.0,11,2518.0,46,2509.0,25
1597988316116209920,1597988316000000000,2020-08-21 13:38:36.000000,2514.0,2541.0,2457.0,2494.0,nan,2503.291085,46811,1171815590.0,72509,2514.0,10,2513.0,74,2515.0,50,2512.0,245,2516.0,250,2511.0,5,2517.0,27,2510.0,11,2518.0,46,2509.0,25
1597988325650308096,1597988325500000000,2020-08-21 13:38:45.500000,2513.0,2541.0,2457.0,2494.0,nan,2503.305375,46880,1173549560.0,72547,2514.0,15,2513.0,5,2515.0,50,2512.0,245,2516.0,250,2511.0,5,2517.0,27,2510.0,11,2518.0,46,2509.0,25
1597988326152410112,1597988326000000000,2020-08-21 13:38:46.000000,2513.0,2541.0,2457.0,2494.0,nan,2503.306409,46885,1173675210.0,72547,2513.0,21,2512.0,105,2514.0,14,2511.0,25,2515.0,65,2510.0,11,2516.0,113,2509.0,6,2517.0,27,2508.0,8
1597988326649672960,1597988326500000000,2020-08-21 13:38:46.500000,2513.0,2541.0,2457.0,2494.0,nan,2503.306409,46885,1173675210.0,72547,2513.0,21,2512.0,7,2514.0,15,2511.0,83,2515.0,125,2510.0,11,2516.0,13,2509.0,6,2517.0,27,2508.0,8
1597988327128535040,1597988327000000000,2020-08-21 13:38:47.000000,2512.0,2541.0,2457.0,2494.0,nan,2503.306595,46886,1173700330.0,72546,2513.0,21,2512.0,4,2514.0,54,2511.0,84,2515.0,125,2510.0,51,2516.0,13,2509.0,6,2517.0,46,2508.0,27
1597988327617112064,1597988327500000000,2020-08-21 13:38:47.500000,2512.0,2541.0,2457.0,2494.0,nan,2503.306595,46886,1173700330.0,72546,2513.0,24,2512.0,4,2514.0,54,2511.0,87,2515.0,125,2510.0,51,2516.0,13,2509.0,6,2517.0,46,2508.0,27
1597988328187826944,1597988328000000000,2020-08-21 13:38:48.000000,2513.0,2541.0,2457.0,2494.0,nan,2503.307628,46891,1173825980.0,72546,2513.0,24,2512.0,4,2514.0,171,2511.0,68,2515.0,105,2510.0,168,2516.0,13,2509.0,6,2517.0,46,2508.0,27
1597988328652205056,1597988328500000000,2020-08-21 13:38:48.500000,2513.0,2541.0,2457.0,2494.0,nan,2503.307628,46891,1173825980.0,72546,2513.0,24,2512.0,4,2514.0,191,2511.0,68,2515.0,105,2510.0,188,2516.0,13,2509.0,6,2517.0,46,2508.0,27
1597988329167535104,1597988329000000000,2020-08-21 13:38:49.000000,2513.0,2541.0,2457.0,2494.0,nan,2503.308662,46896,1173951630.0,72549,2513.0,19,2512.0,4,2514.0,191,2511.0,68,2515.0,105,2510.0,188,2516.0,13,2509.0,6,2517.0,46,2508.0,27
1597988330134695936,1597988330000000000,2020-08-21 13:38:50.000000,2513.0,2541.0,2457.0,2494.0,nan,2503.308662,46896,1173951630.0,72549,2513.0,19,2512.0,5,2514.0,191,2511.0,68,2515.0,105,2510.0,188,2516.0,13,2509.0,6,2517.0,46,2508.0,27
1597988330650173952,1597988330500000000,2020-08-21 13:38:50.500000,2513.0,2541.0,2457.0,2494.0,nan,2503.309695,46901,1174077280.0,72549,2513.0,14,2512.0,8,2514.0,191,2511.0,68,2515.0,105,2510.0,188,2516.0,13,2509.0,6,2517.0,46,2508.0,27
1597988331130319104,1597988331000000000,2020-08-21 13:38:51.000000,2513.0,2541.0,2457.0,2494.0,nan,2503.309695,46901,1174077280.0,72549,2513.0,13,2512.0,8,2514.0,191,2511.0,68,2515.0,106,2510.0,188,2516.0,13,2509.0,6,2517.0,46,2508.0,27
1597988340143142912,1597988340000000000,2020-08-21 13:39:00.000000,2512.0,2541.0,2457.0,2494.0,nan,2503.311177,46909,1174278240.0,72546,2512.0,3,2511.0,66,2513.0,10,2510.0,111,2514.0,113,2509.0,6,2515.0,106,2508.0,8,2516.0,13,2507.0,15
1597988340629505024,1597988340500000000,2020-08-21 13:39:00.500000,2512.0,2541.0,2457.0,2494.0,nan,2503.311733,46912,1174353600.0,72546,2513.0,7,2511.0,26,2514.0,113,2510.0,111,2515.0,66,2509.0,6,2516.0,13,2508.0,8,2517.0,27,2507.0,15
1597988341123474944,1597988341000000000,2020-08-21 13:39:01.000000,2512.0,2541.0,2457.0,2494.0,nan,2503.311733,46912,1174353600.0,72546,2513.0,12,2511.0,8,2514.0,174,2510.0,170,2515.0,46,2509.0,6,2516.0,13,2508.0,27,2517.0,46,2507.0,15
1597988341645083904,1597988341500000000,2020-08-21 13:39:01.500000,2512.0,2541.0,2457.0,2494.0,nan,2503.311733,46912,1174353600.0,72546,2513.0,16,2511.0,6,2514.0,193,2510.0,192,2515.0,46,2509.0,6,2516.0,32,2508.0,8,2517.0,27,2507.0,34
1597988342161615872,1597988342000000000,2020-08-21 13:39:02.000000,2512.0,2541.0,2457.0,2494.0,nan,2503.311733,46912,1174353600.0,72546,2513.0,20,2511.0,9,2514.0,231,2510.0,230,2515.0,46,2509.0,6,2516.0,32,2508.0,8,2517.0,27,2507.0,34
1597988342711969024,1597988342500000000,2020-08-21 13:39:02.500000,2512.0,2541.0,2457.0,2494.0,nan,2503.311733,46912,1174353600.0,72546,2513.0,21,2511.0,9,2514.0,231,2510.0,230,2515.0,45,2509.0,6,2516.0,32,2508.0,8,2517.0,27,2507.0,34
1597988343160195072,1597988343000000000,2020-08-21 13:39:03.000000,2512.0,2541.0,2457.0,2494.0,nan,2503.311733,46912,1174353600.0,72546,2513.0,21,2511.0,11,2514.0,226,2510.0,230,2515.0,45,2509.0,6,2516.0,32,2508.0,8,2517.0,27,2507.0,34
1597988347192555008,1597988347000000000,2020-08-21 13:39:07.000000,2511.0,2541.0,2457.0,2494.0,nan,2503.311896,46913,1174378710.0,72545,2513.0,21,2511.0,10,2514.0,226,2510.0,230,2515.0,45,2509.0,6,2516.0,32,2508.0,8,2517.0,27,2507.0,34
1597988347629650944,1597988347500000000,2020-08-21 13:39:07.500000,2511.0,2541.0,2457.0,2494.0,nan,2503.311896,46913,1174378710.0,72545,2513.0,21,2511.0,10,2514.0,226,2510.0,230,2515.0,45,2509.0,6,2516.0,32,2508.0,8,2517.0,27,2507.0,21
1597988348160817920,1597988348000000000,2020-08-21 13:39:08.000000,2511.0,2541.0,2457.0,2494.0,nan,2503.311896,46913,1174378710.0,72545,2512.0,4,2511.0,10,2513.0,21,2510.0,230,2514.0,226,2509.0,6,2515.0,45,2508.0,8,2516.0,32,2507.0,21
1597988348621883904,1597988348500000000,2020-08-21 13:39:08.500000,2512.0,2541.0,2457.0,2494.0,nan,2503.312637,46917,1174479190.0,72545,2512.0,4,2511.0,10,2513.0,17,2510.0,230,2514.0,226,2509.0,6,2515.0,45,2508.0,8,2516.0,32,2507.0,21
1597988349177637120,1597988349000000000,2020-08-21 13:39:09.000000,2512.0,2541.0,2457.0,2494.0,nan,2503.313378,46921,1174579670.0,72547,2513.0,15,2512.0,2,2514.0,149,2511.0,7,2515.0,45,2510.0,152,2516.0,13,2509.0,6,2517.0,27,2508.0,8
1597988349614287104,1597988349500000000,2020-08-21 13:39:09.500000,2512.0,2541.0,2457.0,2494.0,nan,2503.313378,46921,1174579670.0,72547,2513.0,14,2512.0,2,2514.0,129,2511.0,27,2515.0,66,2510.0,132,2516.0,13,2509.0,6,2517.0,27,2508.0,8
1597988350110265088,1597988350000000000,2020-08-21 13:39:10.000000,2512.0,2541.0,2457.0,2494.0,nan,2503.313378,46921,1174579670.0,72547,2513.0,15,2512.0,2,2514.0,169,2511.0,29,2515.0,66,2510.0,171,2516.0,13,2509.0,6,2517.0,46,2508.0,27
1597988351129281024,1597988351000000000,2020-08-21 13:39:11.000000,2512.0,2541.0,2457.0,2494.0,nan,2503.313378,46921,1174579670.0,72547,2513.0,17,2512.0,4,2514.0,207,2511.0,29,2515.0,66,2510.0,209,2516.0,13,2509.0,6,2517.0,46,2508.0,27
1597988351682035968,1597988351500000000,2020-08-21 13:39:11.500000,2512.0,2541.0,2457.0,2494.0,nan,2503.313378,46921,1174579670.0,72547,2513.0,18,2512.0,5,2514.0,207,2511.0,28,2515.0,66,2510.0,209,2516.0,13,2509.0,6,2517.0,46,2508.0,27
1597988353617125888,1597988353500000000,2020-08-21 13:39:13.500000,2512.0,2541.0,2457.0,2494.0,nan,2503.313378,46921,1174579670.0,72547,2513.0,18,2512.0,5,2514.0,207,2511.0,26,2515.0,66,2510.0,209,2516.0,13,2509.0,6,2517.0,46,2508.0,27
1597988361128944896,1597988361000000000,2020-08-21 13:39:21.000000,2512.0,2541.0,2457.0,2494.0,nan,2503.313378,46921,1174579670.0,72547,2513.0,19,2512.0,5,2514.0,207,2511.0,26,2515.0,65,2510.0,209,2516.0,13,2509.0,6,2517.0,46,2508.0,27
1597988361614569984,1597988361500000000,2020-08-21 13:39:21.500000,2512.0,2541.0,2457.0,2494.0,nan,2503.313378,46921,1174579670.0,72547,2513.0,31,2512.0,5,2514.0,207,2511.0,26,2515.0,53,2510.0,209,2516.0,13,2509.0,6,2517.0,46,2508.0,27
1597988362120124928,1597988362000000000,2020-08-21 13:39:22.000000,2512.0,2541.0,2457.0,2494.0,nan,2503.313378,46921,1174579670.0,72547,2513.0,31,2512.0,5,2514.0,207,2511.0,27,2515.0,53,2510.0,208,2516.0,13,2509.0,6,2517.0,46,2508.0,27
1597988367136289024,1597988367000000000,2020-08-21 13:39:27.000000,2512.0,2541.0,2457.0,2494.0,nan,2503.314674,46928,1174755510.0,72545,2512.0,95,2511.0,25,2513.0,28,2510.0,131,2514.0,129,2509.0,6,2515.0,53,2508.0,8,2516.0,13,2507.0,2
1597988367622945024,1597988367500000000,2020-08-21 13:39:27.500000,2512.0,2541.0,2457.0,2494.0,nan,2503.314674,46928,1174755510.0,72545,2512.0,96,2511.0,3,2513.0,84,2510.0,89,2514.0,89,2509.0,66,2515.0,33,2508.0,10,2516.0,13,2507.0,2
1597988368112451072,1597988368000000000,2020-08-21 13:39:28.000000,2511.0,2541.0,2457.0,2494.0,nan,2503.315165,46931,1174830840.0,72547,2512.0,98,2510.0,73,2513.0,144,2509.0,125,2514.0,70,2508.0,10,2515.0,33,2507.0,21,2516.0,32,2506.0,6
1597988368607542016,1597988368500000000,2020-08-21 13:39:28.500000,2511.0,2541.0,2457.0,2494.0,nan,2503.315165,46931,1174830840.0,72547,2512.0,99,2510.0,12,2513.0,183,2509.0,166,2514.0,10,2508.0,10,2515.0,52,2507.0,2,2516.0,13,2506.0,25
1597988369138554880,1597988369000000000,2020-08-21 13:39:29.000000,2511.0,2541.0,2457.0,2494.0,nan,2503.315165,46931,1174830840.0,72547,2512.0,122,2510.0,15,2513.0,221,2509.0,204,2514.0,10,2508.0,30,2515.0,52,2507.0,2,2516.0,13,2506.0,25
1597988369606950912,1597988369500000000,2020-08-21 13:39:29.500000,2511.0,2541.0,2457.0,2494.0,nan,2503.315165,46931,1174830840.0,72547,2512.0,122,2510.0,16,2513.0,221,2509.0,204,2514.0,10,2508.0,30,2515.0,52,2507.0,2,2516.0,13,2506.0,25
1597988370124517120,1597988370000000000,2020-08-21 13:39:30.000000,2511.0,2541.0,2457.0,2494.0,nan,2503.315165,46931,1174830840.0,72547,2512.0,123,2510.0,16,2513.0,221,2509.0,205,2514.0,10,2508.0,30,2515.0,52,2507.0,2,2516.0,13,2506.0,25
1597988370641344000,1597988370500000000,2020-08-21 13:39:30.500000,2511.0,2541.0,2457.0,2494.0,nan,2503.315165,46931,1174830840.0,72547,2512.0,123,2511.0,1,2513.0,222,2510.0,16,2514.0,10,2509.0,205,2515.0,52,2508.0,30,2516.0,13,2507.0,2
1597988371121648128,1597988371000000000,2020-08-21 13:39:31.000000,2511.0,2541.0,2457.0,2494.0,nan,2503.315329,46932,1174855950.0,72548,2512.0,102,2511.0,3,2513.0,223,2510.0,34,2514.0,30,2509.0,204,2515.0,33,2508.0,10,2516.0,32,2507.0,21
1597988371631528960,1597988371500000000,2020-08-21 13:39:31.500000,2511.0,2541.0,2457.0,2494.0,nan,2503.31582,46935,1174931280.0,72551,2511.0,2,2510.0,32,2512.0,99,2509.0,127,2513.0,145,2508.0,10,2514.0,30,2507.0,2,2515.0,33,2506.0,6
1597988372121321984,1597988372000000000,2020-08-21 13:39:32.000000,2510.0,2541.0,2457.0,2494.0,nan,2503.316574,46940,1175056800.0,72549,2512.0,100,2510.0,10,2513.0,165,2509.0,146,2514.0,10,2508.0,10,2515.0,33,2507.0,4,2516.0,13,2506.0,6
1597988372617452032,1597988372500000000,2020-08-21 13:39:32.500000,2510.0,2541.0,2457.0,2494.0,nan,2503.316574,46940,1175056800.0,72549,2512.0,122,2510.0,10,2513.0,184,2509.0,167,2514.0,10,2508.0,30,2515.0,52,2507.0,4,2516.0,13,2506.0,25
1597988373611998976,1597988373500000000,2020-08-21 13:39:33.500000,2510.0,2541.0,2457.0,2494.0,nan,2503.316574,46940,1175056800.0,72549,2512.0,124,2510.0,12,2513.0,222,2509.0,205,2514.0,10,2508.0,30,2515.0,52,2507.0,4,2516.0,13,2506.0,25
1597988374110083072,1597988374000000000,2020-08-21 13:39:34.000000,2510.0,2541.0,2457.0,2494.0,nan,2503.316574,46940,1175056800.0,72549,2512.0,126,2510.0,13,2513.0,222,2509.0,205,2514.0,10,2508.0,30,2515.0,52,2507.0,4,2516.0,13,2506.0,25
1597988379617385984,1597988379500000000,2020-08-21 13:39:39.500000,2510.0,2541.0,2457.0,2494.0,nan,2503.316574,46940,1175056800.0,72549,2512.0,138,2510.0,13,2513.0,210,2509.0,205,2514.0,10,2508.0,30,2515.0,52,2507.0,4,2516.0,13,2506.0,25
1597988380121329920,1597988380000000000,2020-08-21 13:39:40.000000,2510.0,2541.0,2457.0,2494.0,nan,2503.316574,46940,1175056800.0,72549,2512.0,138,2510.0,13,2513.0,210,2509.0,205,2514.0,10,2508.0,30,2515.0,52,2507.0,4,2516.0,12,2506.0,25
1597988380619938048,1597988380500000000,2020-08-21 13:39:40.500000,2510.0,2541.0,2457.0,2494.0,nan,2503.316574,46940,1175056800.0,72549,2511.0,1,2510.0,13,2512.0,138,2509.0,205,2513.0,210,2508.0,30,2514.0,10,2507.0,4,2515.0,52,2506.0,25
1597988381162266112,1597988381000000000,2020-08-21 13:39:41.000000,2511.0,2541.0,2457.0,2494.0,nan,2503.31772,46947,1175232570.0,72550,2512.0,112,2510.0,10,2513.0,153,2509.0,147,2514.0,10,2508.0,10,2515.0,33,2507.0,4,2516.0,12,2506.0,6
1597988381617726976,1597988381500000000,2020-08-21 13:39:41.500000,2511.0,2541.0,2457.0,2494.0,nan,2503.31772,46947,1175232570.0,72550,2512.0,132,2510.0,9,2513.0,133,2509.0,127,2514.0,10,2508.0,30,2515.0,33,2507.0,4,2516.0,12,2506.0,6
1597988382105084928,1597988382000000000,2020-08-21 13:39:42.000000,2511.0,2541.0,2457.0,2494.0,nan,2503.31772,46947,1175232570.0,72550,2511.0,2,2510.0,10,2512.0,134,2509.0,147,2513.0,172,2508.0,30,2514.0,10,2507.0,4,2515.0,52,2506.0,25
1597988382622248960,1597988382500000000,2020-08-21 13:39:42.500000,2511.0,2541.0,2457.0,2494.0,nan,2503.31772,46947,1175232570.0,72550,2511.0,4,2510.0,10,2512.0,114,2509.0,187,2513.0,172,2508.0,10,2514.0,10,2507.0,4,2515.0,52,2506.0,25
1597988383098224128,1597988383000000000,2020-08-21 13:39:43.000000,2511.0,2541.0,2457.0,2494.0,nan,2503.31772,46947,1175232570.0,72550,2511.0,6,2510.0,12,2512.0,114,2509.0,225,2513.0,210,2508.0,10,2514.0,10,2507.0,4,2515.0,52,2506.0,25
1597988383617920000,1597988383500000000,2020-08-21 13:39:43.500000,2511.0,2541.0,2457.0,2494.0,nan,2503.31772,46947,1175232570.0,72550,2511.0,7,2510.0,12,2512.0,114,2509.0,225,2513.0,230,2508.0,10,2514.0,10,2507.0,4,2515.0,52,2506.0,25
1597988384139275008,1597988384000000000,2020-08-21 13:39:44.000000,2511.0,2541.0,2457.0,2494.0,nan,2503.31772,46947,1175232570.0,72550,2511.0,7,2510.0,12,2512.0,112,2509.0,225,2513.0,230,2508.0,10,2514.0,10,2507.0,4,2515.0,52,2506.0,25
1597988384614848000,1597988384500000000,2020-08-21 13:39:44.500000,2511.0,2541.0,2457.0,2494.0,nan,2503.31772,46947,1175232570.0,72550,2511.0,9,2510.0,12,2512.0,112,2509.0,225,2513.0,230,2508.0,10,2514.0,10,2507.0,5,2515.0,52,2506.0,25
1597988386612939008,1597988386500000000,2020-08-21 13:39:46.500000,2511.0,2541.0,2457.0,2494.0,nan,2503.318047,46949,1175282790.0,72548,2511.0,7,2510.0,12,2512.0,113,2509.0,225,2513.0,230,2508.0,10,2514.0,10,2507.0,5,2515.0,53,2506.0,25
1597988387151117056,1597988387000000000,2020-08-21 13:39:47.000000,2511.0,2541.0,2457.0,2494.0,nan,2503.318047,46949,1175282790.0,72548,2511.0,7,2510.0,12,2512.0,114,2509.0,225,2513.0,230,2508.0,10,2514.0,10,2507.0,5,2515.0,53,2506.0,25
1597988389117750016,1597988389000000000,2020-08-21 13:39:49.000000,2511.0,2541.0,2457.0,2494.0,nan,2503.319192,46956,1175458560.0,72546,2512.0,112,2511.0,11,2513.0,153,2510.0,10,2514.0,10,2509.0,147,2515.0,34,2508.0,10,2516.0,12,2507.0,5
1597988389612734976,1597988389500000000,2020-08-21 13:39:49.500000,2511.0,2541.0,2457.0,2494.0,nan,2503.319192,46956,1175458560.0,72546,2512.0,114,2511.0,4,2513.0,133,2510.0,28,2514.0,30,2509.0,127,2515.0,33,2508.0,10,2516.0,12,2507.0,5
1597988390173850880,1597988390000000000,2020-08-21 13:39:50.000000,2511.0,2541.0,2457.0,2494.0,nan,2503.319192,46956,1175458560.0,72546,2512.0,115,2511.0,4,2513.0,173,2510.0,30,2514.0,30,2509.0,166,2515.0,33,2508.0,10,2516.0,31,2507.0,24
1597988391132496896,1597988391000000000,2020-08-21 13:39:51.000000,2511.0,2541.0,2457.0,2494.0,nan,2503.319192,46956,1175458560.0,72546,2512.0,117,2511.0,6,2513.0,211,2510.0,30,2514.0,30,2509.0,204,2515.0,33,2508.0,10,2516.0,31,2507.0,24
1597988391613219072,1597988391500000000,2020-08-21 13:39:51.500000,2511.0,2541.0,2457.0,2494.0,nan,2503.319192,46956,1175458560.0,72546,2512.0,118,2511.0,7,2513.0,211,2510.0,30,2514.0,30,2509.0,204,2515.0,33,2508.0,10,2516.0,31,2507.0,24
1597988394618309888,1597988394500000000,2020-08-21 13:39:54.500000,2511.0,2541.0,2457.0,2494.0,nan,2503.319192,46956,1175458560.0,72546,2512.0,118,2511.0,12,2513.0,211,2510.0,30,2514.0,30,2509.0,204,2515.0,33,2508.0,10,2516.0,31,2507.0,24
1597988399151502080,1597988399000000000,2020-08-21 13:39:59.000000,2511.0,2541.0,2457.0,2494.0,nan,2503.319192,46956,1175458560.0,72546,2512.0,118,2511.0,13,2513.0,211,2510.0,30,2514.0,30,2509.0,204,2515.0,33,2508.0,10,2516.0,31,2507.0,24
1597988404623150080,1597988404500000000,2020-08-21 13:40:04.500000,2512.0,2541.0,2457.0,2494.0,nan,2503.340953,47074,1178422720.0,72488,2513.0,113,2512.0,3,2514.0,29,2511.0,11,2515.0,33,2510.0,28,2516.0,12,2509.0,126,2517.0,25,2508.0,10
1597988405161714944,1597988405000000000,2020-08-21 13:40:05.000000,2512.0,2541.0,2457.0,2494.0,nan,2503.340953,47074,1178422720.0,72488,2513.0,11,2512.0,11,2514.0,49,2511.0,12,2515.0,33,2510.0,49,2516.0,12,2509.0,6,2517.0,25,2508.0,10
1597988405616270080,1597988405500000000,2020-08-21 13:40:05.500000,2512.0,2541.0,2457.0,2494.0,nan,2503.341136,47075,1178447840.0,72487,2513.0,14,2512.0,12,2514.0,50,2511.0,73,2515.0,93,2510.0,49,2516.0,12,2509.0,6,2517.0,44,2508.0,29
1597988406156082944,1597988406000000000,2020-08-21 13:40:06.000000,2512.0,2541.0,2457.0,2494.0,nan,2503.341136,47075,1178447840.0,72487,2513.0,14,2512.0,10,2514.0,90,2511.0,33,2515.0,53,2510.0,89,2516.0,12,2509.0,6,2517.0,44,2508.0,29
1597988406621980928,1597988406500000000,2020-08-21 13:40:06.500000,2512.0,2541.0,2457.0,2494.0,nan,2503.341136,47075,1178447840.0,72487,2513.0,17,2512.0,14,2514.0,167,2511.0,37,2515.0,54,2510.0,166,2516.0,12,2509.0,6,2517.0,44,2508.0,29
1597988407107465984,1597988407000000000,2020-08-21 13:40:07.000000,2512.0,2541.0,2457.0,2494.0,nan,2503.341136,47075,1178447840.0,72487,2513.0,17,2512.0,14,2514.0,207,2511.0,37,2515.0,54,2510.0,206,2516.0,12,2509.0,6,2517.0,44,2508.0,29
1597988407612901120,1597988407500000000,2020-08-21 13:40:07.500000,2512.0,2541.0,2457.0,2494.0,nan,2503.341136,47075,1178447840.0,72487,2513.0,20,2512.0,14,2514.0,207,2511.0,57,2515.0,74,2510.0,206,2516.0,12,2509.0,6,2517.0,44,2508.0,29
1597988408135418112,1597988408000000000,2020-08-21 13:40:08.000000,2512.0,2541.0,2457.0,2494.0,nan,2503.341136,47075,1178447840.0,72487,2513.0,21,2512.0,14,2514.0,207,2511.0,57,2515.0,73,2510.0,206,2516.0,12,2509.0,6,2517.0,44,2508.0,29
1597988409140779008,1597988409000000000,2020-08-21 13:40:09.000000,2512.0,2541.0,2457.0,2494.0,nan,2503.341136,47075,1178447840.0,72487,2513.0,22,2512.0,14,2514.0,207,2511.0,57,2515.0,73,2510.0,206,2516.0,12,2509.0,6,2517.0,44,2508.0,29
1597988409622459904,1597988409500000000,2020-08-21 13:40:09.500000,2512.0,2541.0,2457.0,2494.0,nan,2503.341136,47075,1178447840.0,72487,2513.0,22,2512.0,34,2514.0,207,2511.0,57,2515.0,73,2510.0,206,2516.0,12,2509.0,6,2517.0,44,2508.0,29
1597988410113741056,1597988410000000000,2020-08-21 13:40:10.000000,2512.0,2541.0,2457.0,2494.0,nan,2503.341136,47075,1178447840.0,72487,2513.0,21,2512.0,36,2514.0,71,2511.0,192,2515.0,210,2510.0,69,2516.0,12,2509.0,6,2517.0,44,2508.0,29
1597988410631522048,1597988410500000000,2020-08-21 13:40:10.500000,2512.0,2541.0,2457.0,2494.0,nan,2503.341136,47075,1178447840.0,72487,2513.0,21,2512.0,37,2514.0,49,2511.0,212,2515.0,230,2510.0,49,2516.0,12,2509.0,6,2517.0,44,2508.0,29
1597988411146259968,1597988411000000000,2020-08-21 13:40:11.000000,2512.0,2541.0,2457.0,2494.0,nan,2503.341136,47075,1178447840.0,72487,2513.0,21,2512.0,37,2514.0,49,2511.0,210,2515.0,230,2510.0,49,2516.0,12,2509.0,6,2517.0,44,2508.0,29
1597988411633697024,1597988411500000000,2020-08-21 13:40:11.500000,2512.0,2541.0,2457.0,2494.0,nan,2503.341136,47075,1178447840.0,72487,2513.0,21,2512.0,39,2514.0,49,2511.0,210,2515.0,230,2510.0,49,2516.0,12,2509.0,6,2517.0,44,2508.0,29
1597988412136812032,1597988412000000000,2020-08-21 13:40:12.000000,2512.0,2541.0,2457.0,2494.0,nan,2503.341136,47075,1178447840.0,72487,2513.0,18,2512.0,39,2514.0,49,2511.0,210,2515.0,230,2510.0,49,2516.0,12,2509.0,6,2517.0,44,2508.0,29
1597988415140146944,1597988415000000000,2020-08-21 13:40:15.000000,2512.0,2541.0,2457.0,2494.0,nan,2503.341136,47075,1178447840.0,72487,2513.0,18,2512.0,39,2514.0,49,2511.0,205,2515.0,230,2510.0,49,2516.0,12,2509.0,6,2517.0,44,2508.0,29
1597988421631326976,1597988421500000000,2020-08-21 13:40:21.500000,2513.0,2541.0,2457.0,2494.0,nan,2503.343188,47085,1178699140.0,72491,2513.0,8,2512.0,39,2514.0,49,2511.0,205,2515.0,230,2510.0,49,2516.0,12,2509.0,6,2517.0,44,2508.0,29
1597988422117933056,1597988422000000000,2020-08-21 13:40:22.000000,2513.0,2541.0,2457.0,2494.0,nan,2503.343188,47085,1178699140.0,72491,2513.0,9,2512.0,39,2514.0,49,2511.0,205,2515.0,231,2510.0,49,2516.0,12,2509.0,6,2517.0,44,2508.0,29
1597988422631726080,1597988422500000000,2020-08-21 13:40:22.500000,2513.0,2541.0,2457.0,2494.0,nan,2503.344418,47091,1178849920.0,72494,2514.0,49,2513.0,2,2515.0,193,2512.0,37,2516.0,12,2511.0,167,2517.0,44,2510.0,49,2518.0,27,2509.0,6
1597988423144898048,1597988423000000000,2020-08-21 13:40:23.000000,2513.0,2541.0,2457.0,2494.0,nan,2503.344828,47093,1178900180.0,72492,2514.0,9,2513.0,2,2515.0,174,2512.0,54,2516.0,32,2511.0,147,2517.0,25,2510.0,9,2518.0,27,2509.0,6
1597988423610711040,1597988423500000000,2020-08-21 13:40:23.500000,2513.0,2541.0,2457.0,2494.0,nan,2503.345238,47095,1178950440.0,72490,2514.0,9,2512.0,54,2515.0,174,2511.0,147,2516.0,32,2510.0,9,2517.0,27,2509.0,6,2518.0,27,2508.0,10
1597988424216378112,1597988424000000000,2020-08-21 13:40:24.000000,2513.0,2541.0,2457.0,2494.0,nan,2503.345238,47095,1178950440.0,72490,2514.0,10,2512.0,35,2515.0,234,2511.0,206,2516.0,12,2510.0,9,2517.0,27,2509.0,25,2518.0,46,2508.0,10
1597988424623042048,1597988424500000000,2020-08-21 13:40:24.500000,2513.0,2541.0,2457.0,2494.0,nan,2503.345238,47095,1178950440.0,72490,2514.0,12,2512.0,37,2515.0,272,2511.0,244,2516.0,12,2510.0,9,2517.0,27,2509.0,25,2518.0,46,2508.0,10
1597988425117920000,1597988425000000000,2020-08-21 13:40:25.000000,2513.0,2541.0,2457.0,2494.0,nan,2503.345238,47095,1178950440.0,72490,2514.0,12,2512.0,37,2515.0,272,2511.0,243,2516.0,12,2510.0,9,2517.0,27,2509.0,25,2518.0,46,2508.0,10
1597988425616784896,1597988425500000000,2020-08-21 13:40:25.500000,2513.0,2541.0,2457.0,2494.0,nan,2503.345238,47095,1178950440.0,72490,2514.0,12,2512.0,38,2515.0,272,2511.0,243,2516.0,12,2510.0,9,2517.0,27,2509.0,25,2518.0,46,2508.0,10
1597988426263458048,1597988426000000000,2020-08-21 13:40:26.000000,2513.0,2541.0,2457.0,2494.0,nan,2503.345238,47095,1178950440.0,72490,2514.0,13,2512.0,39,2515.0,272,2511.0,243,2516.0,12,2510.0,9,2517.0,27,2509.0,25,2518.0,46,2508.0,10
1597988427137094912,1597988427000000000,2020-08-21 13:40:27.000000,2512.0,2541.0,2457.0,2494.0,nan,2503.3524,47134,1179930120.0,72487,2512.0,15,2511.0,146,2514.0,11,2510.0,9,2515.0,193,2509.0,6,2516.0,12,2508.0,10,2517.0,27,2507.0,3
1597988427621114112,1597988427500000000,2020-08-21 13:40:27.500000,2512.0,2541.0,2457.0,2494.0,nan,2503.3524,47134,1179930120.0,72487,2512.0,15,2511.0,26,2514.0,70,2510.0,69,2515.0,53,2509.0,6,2516.0,12,2508.0,10,2517.0,27,2507.0,3
1597988428120803072,1597988428000000000,2020-08-21 13:40:28.000000,2512.0,2541.0,2457.0,2494.0,nan,2503.353133,47138,1180030600.0,72483,2512.0,13,2511.0,6,2514.0,130,2510.0,129,2515.0,33,2509.0,6,2516.0,12,2508.0,10,2517.0,27,2507.0,3
1597988428601609984,1597988428500000000,2020-08-21 13:40:28.500000,2512.0,2541.0,2457.0,2494.0,nan,2503.353133,47138,1180030600.0,72483,2512.0,13,2511.0,10,2513.0,40,2510.0,89,2514.0,90,2509.0,46,2515.0,33,2508.0,10,2516.0,12,2507.0,3
1597988429130556928,1597988429000000000,2020-08-21 13:40:29.000000,2512.0,2541.0,2457.0,2494.0,nan,2503.353133,47138,1180030600.0,72483,2512.0,17,2511.0,15,2513.0,140,2510.0,71,2514.0,70,2509.0,143,2515.0,33,2508.0,10,2516.0,12,2507.0,3
1597988429605254912,1597988429500000000,2020-08-21 13:40:29.500000,2512.0,2541.0,2457.0,2494.0,nan,2503.353133,47138,1180030600.0,72483,2512.0,17,2511.0,16,2513.0,180,2510.0,71,2514.0,70,2509.0,183,2515.0,33,2508.0,10,2516.0,12,2507.0,3
1597988430131154944,1597988430000000000,2020-08-21 13:40:30.000000,2512.0,2541.0,2457.0,2494.0,nan,2503.353133,47138,1180030600.0,72483,2512.0,17,2511.0,16,2513.0,181,2510.0,72,2514.0,70,2509.0,183,2515.0,33,2508.0,10,2516.0,31,2507.0,22
1597988430629798912,1597988430500000000,2020-08-21 13:40:30.500000,2512.0,2541.0,2457.0,2494.0,nan,2503.353133,47138,1180030600.0,72483,2512.0,17,2511.0,17,2513.0,181,2510.0,72,2514.0,70,2509.0,183,2515.0,33,2508.0,10,2516.0,31,2507.0,22
1597988431110731008,1597988431000000000,2020-08-21 13:40:31.000000,2512.0,2541.0,2457.0,2494.0,nan,2503.353133,47138,1180030600.0,72483,2512.0,16,2511.0,18,2513.0,45,2510.0,208,2514.0,207,2509.0,46,2515.0,33,2508.0,10,2516.0,31,2507.0,22
1597988431621520896,1597988431500000000,2020-08-21 13:40:31.500000,2512.0,2541.0,2457.0,2494.0,nan,2503.353133,47138,1180030600.0,72483,2512.0,16,2511.0,18,2513.0,25,2510.0,228,2514.0,227,2509.0,26,2515.0,33,2508.0,10,2516.0,31,2507.0,22
1597988434617131008,1597988434500000000,2020-08-21 13:40:34.500000,2512.0,2541.0,2457.0,2494.0,nan,2503.3535,47140,1180080840.0,72483,2512.0,14,2511.0,18,2513.0,25,2510.0,228,2514.0,227,2509.0,26,2515.0,33,2508.0,10,2516.0,31,2507.0,22
1597988436169249024,1597988436000000000,2020-08-21 13:40:36.000000,2512.0,2541.0,2457.0,2494.0,nan,2503.3535,47140,1180080840.0,72483,2512.0,15,2511.0,18,2513.0,25,2510.0,228,2514.0,227,2509.0,26,2515.0,33,2508.0,10,2516.0,31,2507.0,22
1597988438151845888,1597988438000000000,2020-08-21 13:40:38.000000,2512.0,2541.0,2457.0,2494.0,nan,2503.3535,47140,1180080840.0,72483,2512.0,15,2511.0,18,2513.0,26,2510.0,233,2514.0,227,2509.0,26,2515.0,33,2508.0,10,2516.0,31,2507.0,22
1597988446116785920,1597988446000000000,2020-08-21 13:40:46.000000,2512.0,2541.0,2457.0,2494.0,nan,2503.354417,47145,1180206440.0,72483,2512.0,10,2511.0,18,2513.0,25,2510.0,233,2514.0,227,2509.0,26,2515.0,33,2508.0,10,2516.0,31,2507.0,22
1597988447607571968,1597988447500000000,2020-08-21 13:40:47.500000,2513.0,2541.0,2457.0,2494.0,nan,2503.361361,47180,1181085890.0,72509,2514.0,149,2513.0,87,2515.0,33,2512.0,4,2516.0,12,2511.0,15,2517.0,27,2510.0,154,2518.0,27,2509.0,6
1597988448120356096,1597988448000000000,2020-08-21 13:40:48.000000,2516.0,2541.0,2457.0,2494.0,nan,2503.386252,47280,1183601020.0,72565,2516.0,12,2515.0,20,2517.0,27,2514.0,7,2518.0,29,2513.0,87,2519.0,17,2512.0,24,2520.0,262,2511.0,52
1597988448620269056,1597988448500000000,2020-08-21 13:40:48.500000,2515.0,2541.0,2457.0,2494.0,nan,2503.395706,47318,1184556780.0,72564,2516.0,7,2515.0,38,2517.0,25,2514.0,67,2518.0,89,2513.0,69,2519.0,17,2512.0,4,2520.0,264,2511.0,12
1597988449103432960,1597988449000000000,2020-08-21 13:40:49.000000,2517.0,2541.0,2457.0,2494.0,nan,2503.421846,47413,1186947400.0,72552,2518.0,109,2517.0,25,2519.0,17,2515.0,21,2520.0,264,2514.0,87,2521.0,17,2513.0,69,2522.0,3,2512.0,4
1597988449616930048,1597988449500000000,2020-08-21 13:40:49.500000,2517.0,2541.0,2457.0,2494.0,nan,2503.43415,47456,1188029710.0,72566,2518.0,47,2517.0,2,2519.0,114,2516.0,1,2520.0,264,2515.0,100,2521.0,17,2514.0,7,2522.0,3,2513.0,69
1597988450118563072,1597988450000000000,2020-08-21 13:40:50.000000,2516.0,2541.0,2457.0,2494.0,nan,2503.441072,47482,1188683890.0,72587,2517.0,34,2515.0,43,2518.0,45,2514.0,7,2519.0,77,2513.0,69,2520.0,264,2512.0,9,2521.0,17,2511.0,14
1597988450602099968,1597988450500000000,2020-08-21 13:40:50.500000,2513.0,2541.0,2457.0,2494.0,nan,2503.453635,47536,1190041720.0,72618,2515.0,3,2514.0,24,2516.0,4,2513.0,59,2517.0,34,2512.0,4,2518.0,62,2511.0,11,2519.0,17,2510.0,12
1597988451108911104,1597988451000000000,2020-08-21 13:40:51.000000,2515.0,2541.0,2457.0,2494.0,nan,2503.454849,47541,1190167470.0,72618,2515.0,6,2514.0,4,2516.0,6,2513.0,81,2517.0,48,2512.0,4,2518.0,34,2511.0,11,2519.0,17,2510.0,12
1597988451613293056,1597988451500000000,2020-08-21 13:40:51.500000,2515.0,2541.0,2457.0,2494.0,nan,2503.454849,47541,1190167470.0,72618,2515.0,8,2514.0,13,2516.0,26,2513.0,81,2517.0,48,2512.0,24,2518.0,34,2511.0,11,2519.0,17,2510.0,12
1597988452124897024,1597988452000000000,2020-08-21 13:40:52.000000,2515.0,2541.0,2457.0,2494.0,nan,2503.454849,47541,1190167470.0,72618,2515.0,11,2514.0,17,2516.0,7,2513.0,178,2517.0,145,2512.0,4,2518.0,34,2511.0,11,2519.0,17,2510.0,22
1597988452623100928,1597988452500000000,2020-08-21 13:40:52.500000,2515.0,2541.0,2457.0,2494.0,nan,2503.454849,47541,1190167470.0,72618,2515.0,11,2514.0,17,2516.0,7,2513.0,198,2517.0,165,2512.0,4,2518.0,34,2511.0,11,2519.0,17,2510.0,31
1597988453149231104,1597988453000000000,2020-08-21 13:40:53.000000,2515.0,2541.0,2457.0,2494.0,nan,2503.454849,47541,1190167470.0,72618,2515.0,11,2514.0,18,2516.0,7,2513.0,198,2517.0,165,2512.0,4,2518.0,34,2511.0,11,2519.0,17,2510.0,31
1597988453634995968,1597988453500000000,2020-08-21 13:40:53.500000,2515.0,2541.0,2457.0,2494.0,nan,2503.454849,47541,1190167470.0,72618,2515.0,13,2514.0,19,2516.0,8,2513.0,218,2517.0,185,2512.0,4,2518.0,34,2511.0,11,2519.0,17,2510.0,37
1597988454635313920,1597988454500000000,2020-08-21 13:40:54.500000,2514.0,2541.0,2457.0,2494.0,nan,2503.455071,47542,1190192610.0,72617,2515.0,13,2514.0,18,2516.0,8,2513.0,218,2517.0,178,2512.0,4,2518.0,34,2511.0,11,2519.0,17,2510.0,37
1597988456123401984,1597988456000000000,2020-08-21 13:40:56.000000,2514.0,2541.0,2457.0,2494.0,nan,2503.455071,47542,1190192610.0,72617,2515.0,13,2514.0,18,2516.0,8,2513.0,163,2517.0,178,2512.0,4,2518.0,34,2511.0,11,2519.0,17,2510.0,37
1597988458112832000,1597988458000000000,2020-08-21 13:40:58.000000,2514.0,2541.0,2457.0,2494.0,nan,2503.455071,47542,1190192610.0,72617,2515.0,14,2514.0,18,2516.0,8,2513.0,163,2517.0,178,2512.0,4,2518.0,34,2511.0,11,2519.0,17,2510.0,37
1597988458614873088,1597988458500000000,2020-08-21 13:40:58.500000,2514.0,2541.0,2457.0,2494.0,nan,2503.455293,47543,1190217750.0,72616,2515.0,14,2514.0,17,2516.0,8,2513.0,163,2517.0,178,2512.0,4,2518.0,34,2511.0,11,2519.0,17,2510.0,37
1597988459123618048,1597988459000000000,2020-08-21 13:40:59.000000,2514.0,2541.0,2457.0,2494.0,nan,2503.455293,47543,1190217750.0,72616,2515.0,14,2514.0,16,2516.0,8,2513.0,164,2517.0,178,2512.0,4,2518.0,35,2511.0,11,2519.0,17,2510.0,37
1597988460142786048,1597988460000000000,2020-08-21 13:41:00.000000,2516.0,2541.0,2457.0,2494.0,nan,2503.461855,47569,1190871770.0,72628,2517.0,121,2516.0,31,2518.0,35,2515.0,4,2519.0,17,2514.0,13,2520.0,264,2513.0,106,2521.0,17,2512.0,4
1597988460611010048,1597988460500000000,2020-08-21 13:41:00.500000,2515.0,2541.0,2457.0,2494.0,nan,2503.47099,47604,1191752330.0,72643,2516.0,13,2514.0,55,2517.0,30,2513.0,5,2518.0,75,2512.0,5,2519.0,17,2511.0,11,2520.0,264,2510.0,37
1597988461113303040,1597988461000000000,2020-08-21 13:41:01.000000,2515.0,2541.0,2457.0,2494.0,nan,2503.47099,47604,1191752330.0,72643,2515.0,1,2514.0,14,2516.0,5,2513.0,25,2517.0,50,2512.0,5,2518.0,35,2511.0,11,2519.0,17,2510.0,37
1597988461625116928,1597988461500000000,2020-08-21 13:41:01.500000,2515.0,2541.0,2457.0,2494.0,nan,2503.47099,47604,1191752330.0,72643,2515.0,4,2514.0,14,2516.0,1,2513.0,25,2517.0,47,2512.0,5,2518.0,35,2511.0,11,2519.0,17,2510.0,37
1597988462169302016,1597988462000000000,2020-08-21 13:41:02.000000,2514.0,2541.0,2457.0,2494.0,nan,2503.474306,47619,1192129430.0,72653,2514.0,8,2513.0,26,2515.0,4,2512.0,5,2516.0,1,2511.0,12,2517.0,48,2510.0,37,2518.0,35,2509.0,4
1597988462612666880,1597988462500000000,2020-08-21 13:41:02.500000,2514.0,2541.0,2457.0,2494.0,nan,2503.474306,47619,1192129430.0,72653,2514.0,15,2513.0,4,2515.0,2,2512.0,47,2516.0,41,2511.0,12,2517.0,5,2510.0,37,2518.0,35,2509.0,4
1597988463128086016,1597988463000000000,2020-08-21 13:41:03.000000,2514.0,2541.0,2457.0,2494.0,nan,2503.474306,47619,1192129430.0,72653,2514.0,18,2513.0,8,2515.0,42,2512.0,8,2516.0,2,2511.0,52,2517.0,5,2510.0,37,2518.0,35,2509.0,4
1597988463611297024,1597988463500000000,2020-08-21 13:41:03.500000,2514.0,2541.0,2457.0,2494.0,nan,2503.474306,47619,1192129430.0,72653,2514.0,19,2513.0,9,2515.0,62,2512.0,7,2516.0,1,2511.0,73,2517.0,5,2510.0,39,2518.0,35,2509.0,4
1597988464138713088,1597988464000000000,2020-08-21 13:41:04.000000,2514.0,2541.0,2457.0,2494.0,nan,2503.474306,47619,1192129430.0,72653,2514.0,23,2513.0,11,2515.0,119,2512.0,8,2516.0,1,2511.0,130,2517.0,5,2510.0,39,2518.0,35,2509.0,4
1597988464619815936,1597988464500000000,2020-08-21 13:41:04.500000,2514.0,2541.0,2457.0,2494.0,nan,2503.474306,47619,1192129430.0,72653,2514.0,23,2513.0,11,2515.0,162,2512.0,9,2516.0,1,2511.0,172,2517.0,5,2510.0,39,2518.0,35,2509.0,4
1597988465148732928,1597988465000000000,2020-08-21 13:41:05.000000,2514.0,2541.0,2457.0,2494.0,nan,2503.474306,47619,1192129430.0,72653,2514.0,23,2513.0,11,2515.0,182,2512.0,9,2516.0,1,2511.0,192,2517.0,5,2510.0,39,2518.0,35,2509.0,4
1597988465610711040,1597988465500000000,2020-08-21 13:41:05.500000,2514.0,2541.0,2457.0,2494.0,nan,2503.474306,47619,1192129430.0,72653,2514.0,23,2513.0,11,2515.0,182,2512.0,29,2516.0,21,2511.0,192,2517.0,5,2510.0,39,2518.0,35,2509.0,4
1597988466619563008,1597988466500000000,2020-08-21 13:41:06.500000,2514.0,2541.0,2457.0,2494.0,nan,2503.474306,47619,1192129430.0,72653,2514.0,23,2513.0,11,2515.0,182,2512.0,29,2516.0,21,2511.0,192,2517.0,4,2510.0,39,2518.0,34,2509.0,4
1597988467101746944,1597988467000000000,2020-08-21 13:41:07.000000,2514.0,2541.0,2457.0,2494.0,nan,2503.474306,47619,1192129430.0,72653,2514.0,24,2513.0,11,2515.0,182,2512.0,29,2516.0,21,2511.0,192,2517.0,4,2510.0,39,2518.0,34,2509.0,4
1597988470107559936,1597988470000000000,2020-08-21 13:41:10.000000,2514.0,2541.0,2457.0,2494.0,nan,2503.474306,47619,1192129430.0,72653,2514.0,24,2513.0,31,2515.0,182,2512.0,29,2516.0,21,2511.0,192,2517.0,4,2510.0,39,2518.0,34,2509.0,4
1597988470629544960,1597988470500000000,2020-08-21 13:41:10.500000,2514.0,2541.0,2457.0,2494.0,nan,2503.474306,47619,1192129430.0,72653,2514.0,23,2513.0,33,2515.0,86,2512.0,124,2516.0,118,2511.0,95,2517.0,4,2510.0,39,2518.0,34,2509.0,4
1597988471152975872,1597988471000000000,2020-08-21 13:41:11.000000,2514.0,2541.0,2457.0,2494.0,nan,2503.474306,47619,1192129430.0,72653,2514.0,23,2513.0,33,2515.0,43,2512.0,144,2516.0,138,2511.0,52,2517.0,4,2510.0,39,2518.0,34,2509.0,4
1597988471606156032,1597988471500000000,2020-08-21 13:41:11.500000,2514.0,2541.0,2457.0,2494.0,nan,2503.474306,47619,1192129430.0,72653,2514.0,23,2513.0,33,2515.0,43,2512.0,187,2516.0,181,2511.0,52,2517.0,4,2510.0,39,2518.0,34,2509.0,4
1597988475621178880,1597988475500000000,2020-08-21 13:41:15.500000,2513.0,2541.0,2457.0,2494.0,nan,2503.474507,47620,1192154560.0,72652,2514.0,23,2513.0,32,2515.0,43,2512.0,187,2516.0,181,2511.0,52,2517.0,4,2510.0,39,2518.0,34,2509.0,4
1597988476132348928,1597988476000000000,2020-08-21 13:41:16.000000,2513.0,2541.0,2457.0,2494.0,nan,2503.474507,47620,1192154560.0,72652,2514.0,23,2513.0,32,2515.0,43,2512.0,187,2516.0,182,2511.0,52,2517.0,4,2510.0,39,2518.0,34,2509.0,4
1597988478633978112,1597988478500000000,2020-08-21 13:41:18.500000,2513.0,2541.0,2457.0,2494.0,nan,2503.474507,47620,1192154560.0,72652,2514.0,23,2513.0,33,2515.0,43,2512.0,187,2516.0,182,2511.0,52,2517.0,4,2510.0,39,2518.0,34,2509.0,4
1597988481112367104,1597988481000000000,2020-08-21 13:41:21.000000,2514.0,2541.0,2457.0,2494.0,nan,2503.474728,47621,1192179700.0,72652,2514.0,22,2513.0,33,2515.0,43,2512.0,187,2516.0,182,2511.0,52,2517.0,4,2510.0,39,2518.0,34,2509.0,4
1597988481628683008,1597988481500000000,2020-08-21 13:41:21.500000,2513.0,2541.0,2457.0,2494.0,nan,2503.475328,47624,1192255090.0,72650,2514.0,28,2513.0,30,2515.0,44,2512.0,188,2516.0,182,2511.0,52,2517.0,34,2510.0,39,2518.0,53,2509.0,23
1597988482116077056,1597988482000000000,2020-08-21 13:41:22.000000,2513.0,2541.0,2457.0,2494.0,nan,2503.475328,47624,1192255090.0,72650,2514.0,30,2513.0,30,2515.0,44,2512.0,188,2516.0,182,2511.0,52,2517.0,34,2510.0,39,2518.0,53,2509.0,23
1597988483127344128,1597988483000000000,2020-08-21 13:41:23.000000,2514.0,2541.0,2457.0,2494.0,nan,2503.481953,47654,1193009290.0,72661,2515.0,44,2514.0,73,2516.0,124,2513.0,27,2517.0,34,2512.0,130,2518.0,53,2511.0,52,2519.0,17,2510.0,39
1597988483617455104,1597988483500000000,2020-08-21 13:41:23.500000,2514.0,2541.0,2457.0,2494.0,nan,2503.481953,47654,1193009290.0,72661,2515.0,4,2514.0,73,2516.0,62,2513.0,85,2517.0,94,2512.0,65,2518.0,34,2511.0,12,2519.0,17,2510.0,39
1597988484129613056,1597988484000000000,2020-08-21 13:41:24.000000,2514.0,2541.0,2457.0,2494.0,nan,2503.481953,47654,1193009290.0,72661,2515.0,4,2514.0,73,2516.0,42,2513.0,132,2517.0,137,2512.0,45,2518.0,34,2511.0,12,2519.0,17,2510.0,39
1597988484609934080,1597988484500000000,2020-08-21 13:41:24.500000,2514.0,2541.0,2457.0,2494.0,nan,2503.481953,47654,1193009290.0,72661,2515.0,4,2514.0,75,2516.0,24,2513.0,152,2517.0,156,2512.0,25,2518.0,34,2511.0,12,2519.0,36,2510.0,58
1597988485137772032,1597988485000000000,2020-08-21 13:41:25.000000,2515.0,2541.0,2457.0,2494.0,nan,2503.48292,47658,1193109890.0,72659,2515.0,3,2514.0,78,2516.0,25,2513.0,188,2517.0,191,2512.0,25,2518.0,34,2511.0,12,2519.0,36,2510.0,58
1597988485638977024,1597988485500000000,2020-08-21 13:41:25.500000,2515.0,2541.0,2457.0,2494.0,nan,2503.483645,47661,1193185340.0,72659,2516.0,23,2515.0,2,2517.0,154,2514.0,98,2518.0,57,2513.0,148,2519.0,17,2512.0,25,2520.0,262,2511.0,12
1597988486154415104,1597988486000000000,2020-08-21 13:41:26.000000,2515.0,2541.0,2457.0,2494.0,nan,2503.484128,47663,1193235640.0,72657,2516.0,3,2515.0,6,2517.0,134,2514.0,96,2518.0,54,2513.0,128,2519.0,17,2512.0,5,2520.0,262,2511.0,12
1597988486625839104,1597988486500000000,2020-08-21 13:41:26.500000,2515.0,2541.0,2457.0,2494.0,nan,2503.484128,47663,1193235640.0,72657,2516.0,5,2515.0,7,2517.0,100,2514.0,156,2518.0,113,2513.0,111,2519.0,17,2512.0,5,2520.0,281,2511.0,31
1597988487117344000,1597988487000000000,2020-08-21 13:41:27.000000,2515.0,2541.0,2457.0,2494.0,nan,2503.484128,47663,1193235640.0,72657,2516.0,5,2515.0,7,2517.0,77,2514.0,176,2518.0,133,2513.0,68,2519.0,17,2512.0,5,2520.0,281,2511.0,31
1597988487609672960,1597988487500000000,2020-08-21 13:41:27.500000,2515.0,2541.0,2457.0,2494.0,nan,2503.484128,47663,1193235640.0,72657,2516.0,8,2515.0,9,2517.0,77,2514.0,237,2518.0,194,2513.0,68,2519.0,17,2512.0,5,2520.0,281,2511.0,31
1597988488121618944,1597988488000000000,2020-08-21 13:41:28.000000,2515.0,2541.0,2457.0,2494.0,nan,2503.48437,47664,1193260790.0,72657,2516.0,9,2515.0,10,2517.0,57,2514.0,277,2518.0,234,2513.0,48,2519.0,17,2512.0,5,2520.0,281,2511.0,31
1597988488644371968,1597988488500000000,2020-08-21 13:41:28.500000,2515.0,2541.0,2457.0,2494.0,nan,2503.484853,47666,1193311090.0,72658,2516.0,8,2515.0,8,2517.0,57,2514.0,277,2518.0,234,2513.0,48,2519.0,17,2512.0,5,2520.0,281,2511.0,31
1597988489161452032,1597988489000000000,2020-08-21 13:41:29.000000,2515.0,2541.0,2457.0,2494.0,nan,2503.484853,47666,1193311090.0,72658,2516.0,8,2515.0,8,2517.0,77,2514.0,257,2518.0,214,2513.0,68,2519.0,17,2512.0,5,2520.0,281,2511.0,31
1597988490638040064,1597988490500000000,2020-08-21 13:41:30.500000,2515.0,2541.0,2457.0,2494.0,nan,2503.485095,47667,1193336240.0,72658,2516.0,8,2515.0,8,2517.0,77,2514.0,257,2518.0,214,2513.0,68,2519.0,17,2512.0,5,2520.0,281,2511.0,31
1597988502155428096,1597988502000000000,2020-08-21 13:41:42.000000,2516.0,2541.0,2457.0,2494.0,nan,2503.487457,47676,1193562680.0,72653,2517.0,55,2516.0,10,2518.0,157,2515.0,3,2519.0,17,2514.0,199,2520.0,262,2513.0,48,2521.0,17,2512.0,5
1597988502624294912,1597988502500000000,2020-08-21 13:41:42.500000,2516.0,2541.0,2457.0,2494.0,nan,2503.487457,47676,1193562680.0,72653,2517.0,35,2516.0,3,2518.0,157,2515.0,23,2519.0,37,2514.0,199,2520.0,262,2513.0,28,2521.0,17,2512.0,5
1597988503123644928,1597988503000000000,2020-08-21 13:41:43.000000,2516.0,2541.0,2457.0,2494.0,nan,2503.487457,47676,1193562680.0,72653,2517.0,38,2516.0,5,2518.0,135,2515.0,27,2519.0,37,2514.0,176,2520.0,262,2513.0,27,2521.0,36,2512.0,24
1597988503616700928,1597988503500000000,2020-08-21 13:41:43.500000,2516.0,2541.0,2457.0,2494.0,nan,2503.487457,47676,1193562680.0,72653,2517.0,39,2516.0,6,2518.0,177,2515.0,27,2519.0,37,2514.0,218,2520.0,262,2513.0,27,2521.0,36,2512.0,24
1597988504120783872,1597988504000000000,2020-08-21 13:41:44.000000,2516.0,2541.0,2457.0,2494.0,nan,2503.487457,47676,1193562680.0,72653,2517.0,42,2516.0,10,2518.0,235,2515.0,28,2519.0,37,2514.0,276,2520.0,262,2513.0,27,2521.0,36,2512.0,24
1597988506124393984,1597988506000000000,2020-08-21 13:41:46.000000,2516.0,2541.0,2457.0,2494.0,nan,2503.487719,47677,1193587840.0,72653,2517.0,42,2516.0,9,2518.0,235,2515.0,28,2519.0,37,2514.0,276,2520.0,262,2513.0,27,2521.0,36,2512.0,24
1597988506605982976,1597988506500000000,2020-08-21 13:41:46.500000,2516.0,2541.0,2457.0,2494.0,nan,2503.487719,47677,1193587840.0,72653,2517.0,42,2516.0,9,2518.0,235,2515.0,29,2519.0,37,2514.0,277,2520.0,262,2513.0,28,2521.0,36,2512.0,24
1597988507608729088,1597988507500000000,2020-08-21 13:41:47.500000,2516.0,2541.0,2457.0,2494.0,nan,2503.487719,47677,1193587840.0,72653,2517.0,42,2516.0,9,2518.0,230,2515.0,29,2519.0,37,2514.0,277,2520.0,262,2513.0,28,2521.0,36,2512.0,24
1597988508149885952,1597988508000000000,2020-08-21 13:41:48.000000,2516.0,2541.0,2457.0,2494.0,nan,2503.487982,47678,1193613000.0,72653,2517.0,42,2516.0,8,2518.0,230,2515.0,29,2519.0,37,2514.0,277,2520.0,262,2513.0,28,2521.0,36,2512.0,24
1597988508624012032,1597988508500000000,2020-08-21 13:41:48.500000,2516.0,2541.0,2457.0,2494.0,nan,2503.487982,47678,1193613000.0,72653,2517.0,42,2516.0,8,2518.0,232,2515.0,29,2519.0,37,2514.0,277,2520.0,262,2513.0,28,2521.0,36,2512.0,24
1597988512111904000,1597988512000000000,2020-08-21 13:41:52.000000,2516.0,2541.0,2457.0,2494.0,nan,2503.487982,47678,1193613000.0,72653,2517.0,42,2516.0,8,2518.0,232,2515.0,31,2519.0,37,2514.0,277,2520.0,262,2513.0,28,2521.0,36,2512.0,24
1597988512622981120,1597988512500000000,2020-08-21 13:41:52.500000,2516.0,2541.0,2457.0,2494.0,nan,2503.487982,47678,1193613000.0,72653,2517.0,43,2516.0,8,2518.0,232,2515.0,31,2519.0,37,2514.0,277,2520.0,262,2513.0,28,2521.0,36,2512.0,24
1597988513624060928,1597988513500000000,2020-08-21 13:41:53.500000,2516.0,2541.0,2457.0,2494.0,nan,2503.487982,47678,1193613000.0,72653,2517.0,44,2516.0,8,2518.0,232,2515.0,31,2519.0,37,2514.0,277,2520.0,262,2513.0,28,2521.0,36,2512.0,24
1597988520132638976,1597988520000000000,2020-08-21 13:42:00.000000,2516.0,2541.0,2457.0,2494.0,nan,2503.487982,47678,1193613000.0,72653,2517.0,44,2516.0,10,2518.0,232,2515.0,31,2519.0,37,2514.0,277,2520.0,262,2513.0,28,2521.0,36,2512.0,24
1597988522134076928,1597988522000000000,2020-08-21 13:42:02.000000,2517.0,2541.0,2457.0,2494.0,nan,2503.488811,47681,1193688500.0,72653,2517.0,42,2516.0,7,2518.0,232,2515.0,31,2519.0,37,2514.0,277,2520.0,262,2513.0,28,2521.0,36,2512.0,24
1597988526131115008,1597988526000000000,2020-08-21 13:42:06.000000,2517.0,2541.0,2457.0,2494.0,nan,2503.489378,47683,1193738840.0,72655,2517.0,40,2516.0,7,2518.0,232,2515.0,33,2519.0,37,2514.0,277,2520.0,262,2513.0,28,2521.0,36,2512.0,24
1597988526618472960,1597988526500000000,2020-08-21 13:42:06.500000,2517.0,2541.0,2457.0,2494.0,nan,2503.489378,47683,1193738840.0,72655,2517.0,40,2516.0,7,2518.0,252,2515.0,33,2519.0,37,2514.0,297,2520.0,262,2513.0,28,2521.0,36,2512.0,24
1597988527113425920,1597988527000000000,2020-08-21 13:42:07.000000,2517.0,2541.0,2457.0,2494.0,nan,2503.489378,47683,1193738840.0,72655,2517.0,49,2516.0,7,2518.0,252,2515.0,33,2519.0,37,2514.0,297,2520.0,262,2513.0,28,2521.0,36,2512.0,24
1597988528619875072,1597988528500000000,2020-08-21 13:42:08.500000,2517.0,2541.0,2457.0,2494.0,nan,2503.489378,47683,1193738840.0,72655,2517.0,49,2516.0,7,2518.0,252,2515.0,34,2519.0,37,2514.0,297,2520.0,262,2513.0,28,2521.0,36,2512.0,24
1597988529143922944,1597988529000000000,2020-08-21 13:42:09.000000,2517.0,2541.0,2457.0,2494.0,nan,2503.489378,47683,1193738840.0,72655,2517.0,49,2516.0,7,2518.0,252,2515.0,34,2519.0,36,2514.0,297,2520.0,262,2513.0,28,2521.0,36,2512.0,24
1597988529607046912,1597988529500000000,2020-08-21 13:42:09.500000,2516.0,2541.0,2457.0,2494.0,nan,2503.491214,47690,1193914960.0,72652,2516.0,5,2515.0,32,2517.0,46,2514.0,240,2518.0,194,2513.0,28,2519.0,36,2512.0,5,2520.0,262,2511.0,12
1597988530129218048,1597988530000000000,2020-08-21 13:42:10.000000,2516.0,2541.0,2457.0,2494.0,nan,2503.491214,47690,1193914960.0,72652,2516.0,5,2515.0,12,2517.0,42,2514.0,240,2518.0,194,2513.0,28,2519.0,16,2512.0,5,2520.0,262,2511.0,12
1597988530632161024,1597988530500000000,2020-08-21 13:42:10.500000,2515.0,2541.0,2457.0,2494.0,nan,2503.491938,47693,1193990410.0,72652,2516.0,7,2515.0,9,2517.0,44,2514.0,280,2518.0,233,2513.0,29,2519.0,16,2512.0,5,2520.0,281,2511.0,31
1597988531122206976,1597988531000000000,2020-08-21 13:42:11.000000,2515.0,2541.0,2457.0,2494.0,nan,2503.491938,47693,1193990410.0,72652,2516.0,7,2515.0,7,2517.0,44,2514.0,280,2518.0,233,2513.0,29,2519.0,16,2512.0,5,2520.0,281,2511.0,31
1597988531643215104,1597988531500000000,2020-08-21 13:42:11.500000,2515.0,2541.0,2457.0,2494.0,nan,2503.491938,47693,1193990410.0,72652,2516.0,11,2515.0,9,2517.0,44,2514.0,320,2518.0,269,2513.0,29,2519.0,16,2512.0,5,2520.0,281,2511.0,31
1597988532130309888,1597988532000000000,2020-08-21 13:42:12.000000,2515.0,2541.0,2457.0,2494.0,nan,2503.491938,47693,1193990410.0,72652,2516.0,13,2515.0,9,2517.0,140,2514.0,224,2518.0,172,2513.0,126,2519.0,16,2512.0,5,2520.0,281,2511.0,31
1597988532598610944,1597988532500000000,2020-08-21 13:42:12.500000,2515.0,2541.0,2457.0,2494.0,nan,2503.491938,47693,1193990410.0,72652,2516.0,13,2515.0,9,2517.0,159,2514.0,204,2518.0,152,2513.0,146,2519.0,16,2512.0,5,2520.0,281,2511.0,31
1597988535122235904,1597988535000000000,2020-08-21 13:42:15.000000,2515.0,2541.0,2457.0,2494.0,nan,2503.491938,47693,1193990410.0,72652,2516.0,13,2515.0,9,2517.0,159,2514.0,204,2518.0,152,2513.0,148,2519.0,16,2512.0,5,2520.0,281,2511.0,31
1597988535629821952,1597988535500000000,2020-08-21 13:42:15.500000,2515.0,2541.0,2457.0,2494.0,nan,2503.491938,47693,1193990410.0,72652,2516.0,13,2515.0,9,2517.0,160,2514.0,204,2518.0,152,2513.0,148,2519.0,16,2512.0,5,2520.0,281,2511.0,31
1597988538165626112,1597988538000000000,2020-08-21 13:42:18.000000,2515.0,2541.0,2457.0,2494.0,nan,2503.492421,47695,1194040710.0,72652,2516.0,13,2515.0,7,2517.0,160,2514.0,204,2518.0,152,2513.0,148,2519.0,16,2512.0,5,2520.0,281,2511.0,31
1597988538627641088,1597988538500000000,2020-08-21 13:42:18.500000,2515.0,2541.0,2457.0,2494.0,nan,2503.492421,47695,1194040710.0,72652,2516.0,13,2515.0,5,2517.0,160,2514.0,204,2518.0,152,2513.0,148,2519.0,16,2512.0,5,2520.0,281,2511.0,31
1597988541157560064,1597988541000000000,2020-08-21 13:42:21.000000,2516.0,2541.0,2457.0,2494.0,nan,2503.495829,47708,1194367790.0,72655,2517.0,82,2515.0,3,2518.0,152,2514.0,202,2519.0,16,2513.0,91,2520.0,262,2512.0,5,2521.0,17,2511.0,12
1597988541607536896,1597988541500000000,2020-08-21 13:42:21.500000,2516.0,2541.0,2457.0,2494.0,nan,2503.495829,47708,1194367790.0,72655,2517.0,82,2515.0,7,2518.0,152,2514.0,200,2519.0,16,2513.0,71,2520.0,262,2512.0,5,2521.0,17,2511.0,12
1597988542120890112,1597988542000000000,2020-08-21 13:42:22.000000,2516.0,2541.0,2457.0,2494.0,nan,2503.495829,47708,1194367790.0,72655,2516.0,2,2515.0,9,2517.0,83,2514.0,201,2518.0,152,2513.0,71,2519.0,16,2512.0,5,2520.0,281,2511.0,31
1597988542614897920,1597988542500000000,2020-08-21 13:42:22.500000,2516.0,2541.0,2457.0,2494.0,nan,2503.495829,47708,1194367790.0,72655,2517.0,43,2515.0,9,2518.0,192,2514.0,241,2519.0,16,2513.0,31,2520.0,281,2512.0,5,2521.0,17,2511.0,31
1597988543147118080,1597988543000000000,2020-08-21 13:42:23.000000,2516.0,2541.0,2457.0,2494.0,nan,2503.495829,47708,1194367790.0,72655,2516.0,2,2515.0,12,2517.0,47,2514.0,318,2518.0,269,2513.0,31,2519.0,16,2512.0,5,2520.0,281,2511.0,31
1597988543621463040,1597988543500000000,2020-08-21 13:42:23.500000,2516.0,2541.0,2457.0,2494.0,nan,2503.495829,47708,1194367790.0,72655,2516.0,3,2515.0,12,2517.0,44,2514.0,295,2518.0,246,2513.0,31,2519.0,16,2512.0,5,2520.0,281,2511.0,31
1597988544126075904,1597988544000000000,2020-08-21 13:42:24.000000,2516.0,2541.0,2457.0,2494.0,nan,2503.495829,47708,1194367790.0,72655,2516.0,3,2515.0,12,2517.0,46,2514.0,295,2518.0,246,2513.0,31,2519.0,16,2512.0,5,2520.0,281,2511.0,31
1597988545632398080,1597988545500000000,2020-08-21 13:42:25.500000,2516.0,2541.0,2457.0,2494.0,nan,2503.495829,47708,1194367790.0,72655,2516.0,4,2515.0,12,2517.0,46,2514.0,295,2518.0,246,2513.0,31,2519.0,16,2512.0,5,2520.0,281,2511.0,31
1597988546154520064,1597988546000000000,2020-08-21 13:42:26.000000,2516.0,2541.0,2457.0,2494.0,nan,2503.495829,47708,1194367790.0,72655,2516.0,4,2515.0,12,2517.0,46,2514.0,318,2518.0,269,2513.0,31,2519.0,16,2512.0,5,2520.0,281,2511.0,31
1597988546608361984,1597988546500000000,2020-08-21 13:42:26.500000,2516.0,2541.0,2457.0,2494.0,nan,2503.495829,47708,1194367790.0,72655,2516.0,4,2515.0,12,2517.0,44,2514.0,318,2518.0,269,2513.0,31,2519.0,16,2512.0,5,2520.0,281,2511.0,31
1597988547162462976,1597988547000000000,2020-08-21 13:42:27.000000,2516.0,2541.0,2457.0,2494.0,nan,2503.496877,47712,1194468430.0,72655,2516.0,2,2515.0,9,2517.0,42,2514.0,237,2518.0,189,2513.0,31,2519.0,16,2512.0,5,2520.0,262,2511.0,12
1597988547609656064,1597988547500000000,2020-08-21 13:42:27.500000,2516.0,2541.0,2457.0,2494.0,nan,2503.496877,47712,1194468430.0,72655,2517.0,42,2515.0,9,2518.0,189,2514.0,237,2519.0,16,2513.0,31,2520.0,262,2512.0,5,2521.0,17,2511.0,12
1597988548122156032,1597988548000000000,2020-08-21 13:42:28.000000,2516.0,2541.0,2457.0,2494.0,nan,2503.496877,47712,1194468430.0,72655,2516.0,3,2515.0,10,2517.0,44,2514.0,280,2518.0,231,2513.0,31,2519.0,16,2512.0,5,2520.0,281,2511.0,31
1597988548652782080,1597988548500000000,2020-08-21 13:42:28.500000,2516.0,2541.0,2457.0,2494.0,nan,2503.496877,47712,1194468430.0,72655,2516.0,1,2515.0,10,2517.0,50,2514.0,280,2518.0,231,2513.0,31,2519.0,16,2512.0,5,2520.0,281,2511.0,31
1597988549174617088,1597988549000000000,2020-08-21 13:42:29.000000,2516.0,2541.0,2457.0,2494.0,nan,2503.497139,47713,1194493590.0,72654,2516.0,3,2515.0,12,2517.0,52,2514.0,295,2518.0,246,2513.0,31,2519.0,16,2512.0,5,2520.0,281,2511.0,31
1597988549617425920,1597988549500000000,2020-08-21 13:42:29.500000,2515.0,2541.0,2457.0,2494.0,nan,2503.500031,47725,1194795390.0,72663,2515.0,1,2514.0,260,2516.0,1,2513.0,31,2517.0,50,2512.0,5,2518.0,212,2511.0,12,2519.0,16,2510.0,32
1597988550151689984,1597988550000000000,2020-08-21 13:42:30.000000,2516.0,2541.0,2457.0,2494.0,nan,2503.500534,47727,1194845700.0,72663,2517.0,101,2514.0,97,2518.0,49,2513.0,91,2519.0,16,2512.0,5,2520.0,262,2511.0,12,2521.0,17,2510.0,32
1597988550612681984,1597988550500000000,2020-08-21 13:42:30.500000,2516.0,2541.0,2457.0,2494.0,nan,2503.500534,47727,1194845700.0,72663,2516.0,2,2514.0,142,2517.0,102,2513.0,91,2518.0,92,2512.0,5,2519.0,16,2511.0,31,2520.0,281,2510.0,32
1597988551129360896,1597988551000000000,2020-08-21 13:42:31.000000,2516.0,2541.0,2457.0,2494.0,nan,2503.500534,47727,1194845700.0,72663,2516.0,6,2514.0,162,2517.0,102,2513.0,91,2518.0,112,2512.0,5,2519.0,16,2511.0,31,2520.0,281,2510.0,32
1597988551611992064,1597988551500000000,2020-08-21 13:42:31.500000,2516.0,2541.0,2457.0,2494.0,nan,2503.500534,47727,1194845700.0,72663,2516.0,9,2514.0,165,2517.0,179,2513.0,168,2518.0,112,2512.0,5,2519.0,16,2511.0,31,2520.0,281,2510.0,32
1597988552132638976,1597988552000000000,2020-08-21 13:42:32.000000,2516.0,2541.0,2457.0,2494.0,nan,2503.500534,47727,1194845700.0,72663,2516.0,10,2514.0,166,2517.0,199,2513.0,188,2518.0,112,2512.0,5,2519.0,16,2511.0,31,2520.0,281,2510.0,32
1597988553131181056,1597988553000000000,2020-08-21 13:42:33.000000,2516.0,2541.0,2457.0,2494.0,nan,2503.500534,47727,1194845700.0,72663,2516.0,19,2514.0,166,2517.0,199,2513.0,188,2518.0,112,2512.0,5,2519.0,16,2511.0,31,2520.0,281,2510.0,32
1597988553625679872,1597988553500000000,2020-08-21 13:42:33.500000,2516.0,2541.0,2457.0,2494.0,nan,2503.500534,47727,1194845700.0,72663,2516.0,20,2514.0,166,2517.0,198,2513.0,188,2518.0,112,2512.0,5,2519.0,16,2511.0,31,2520.0,281,2510.0,32
1597988555141819904,1597988555000000000,2020-08-21 13:42:35.000000,2516.0,2541.0,2457.0,2494.0,nan,2503.500534,47727,1194845700.0,72663,2516.0,21,2514.0,166,2517.0,198,2513.0,188,2518.0,112,2512.0,5,2519.0,16,2511.0,31,2520.0,281,2510.0,32
1597988556167005952,1597988556000000000,2020-08-21 13:42:36.000000,2516.0,2541.0,2457.0,2494.0,nan,2503.500534,47727,1194845700.0,72663,2516.0,21,2515.0,1,2517.0,198,2514.0,166,2518.0,112,2513.0,188,2519.0,16,2512.0,5,2520.0,281,2511.0,31
1597988556608517120,1597988556500000000,2020-08-21 13:42:36.500000,2516.0,2541.0,2457.0,2494.0,nan,2503.500534,47727,1194845700.0,72663,2516.0,21,2515.0,4,2517.0,218,2514.0,120,2518.0,69,2513.0,208,2519.0,16,2512.0,5,2520.0,281,2511.0,31
1597988557126429952,1597988557000000000,2020-08-21 13:42:37.000000,2516.0,2541.0,2457.0,2494.0,nan,2503.500534,47727,1194845700.0,72663,2516.0,21,2515.0,4,2517.0,261,2514.0,100,2518.0,49,2513.0,251,2519.0,16,2512.0,5,2520.0,281,2511.0,31
1597988558646059008,1597988558500000000,2020-08-21 13:42:38.500000,2516.0,2541.0,2457.0,2494.0,nan,2503.500534,47727,1194845700.0,72663,2516.0,20,2515.0,4,2517.0,261,2514.0,100,2518.0,49,2513.0,251,2519.0,16,2512.0,5,2520.0,281,2511.0,31
1597988560150254080,1597988560000000000,2020-08-21 13:42:40.000000,2515.0,2541.0,2457.0,2494.0,nan,2503.501498,47731,1194946300.0,72667,2515.0,2,2514.0,98,2516.0,17,2513.0,194,2517.0,203,2512.0,5,2518.0,49,2511.0,12,2519.0,16,2510.0,32
1597988560617169920,1597988560500000000,2020-08-21 13:42:40.500000,2514.0,2541.0,2457.0,2494.0,nan,2503.501938,47733,1194996580.0,72667,2515.0,7,2514.0,96,2516.0,17,2513.0,171,2517.0,180,2512.0,5,2518.0,49,2511.0,12,2519.0,16,2510.0,32
1597988561157903872,1597988561000000000,2020-08-21 13:42:41.000000,2514.0,2541.0,2457.0,2494.0,nan,2503.501938,47733,1194996580.0,72667,2515.0,7,2514.0,97,2516.0,18,2513.0,194,2517.0,222,2512.0,5,2518.0,49,2511.0,12,2519.0,35,2510.0,51
1597988562144749056,1597988562000000000,2020-08-21 13:42:42.000000,2514.0,2541.0,2457.0,2494.0,nan,2503.501938,47733,1194996580.0,72667,2515.0,9,2514.0,99,2516.0,9,2513.0,232,2517.0,260,2512.0,5,2518.0,49,2511.0,12,2519.0,35,2510.0,51
1597988562619190016,1597988562500000000,2020-08-21 13:42:42.500000,2514.0,2541.0,2457.0,2494.0,nan,2503.501938,47733,1194996580.0,72667,2515.0,10,2514.0,100,2516.0,9,2513.0,252,2517.0,260,2512.0,5,2518.0,49,2511.0,12,2519.0,35,2510.0,51
1597988564150834944,1597988564000000000,2020-08-21 13:42:44.000000,2514.0,2541.0,2457.0,2494.0,nan,2503.501938,47733,1194996580.0,72667,2515.0,19,2514.0,100,2516.0,9,2513.0,252,2517.0,260,2512.0,5,2518.0,49,2511.0,12,2519.0,35,2510.0,51
1597988564619975936,1597988564500000000,2020-08-21 13:42:44.500000,2514.0,2541.0,2457.0,2494.0,nan,2503.501938,47733,1194996580.0,72667,2515.0,20,2514.0,100,2516.0,8,2513.0,252,2517.0,260,2512.0,5,2518.0,49,2511.0,12,2519.0,35,2510.0,51
1597988568158848000,1597988568000000000,2020-08-21 13:42:48.000000,2515.0,2541.0,2457.0,2494.0,nan,2503.502179,47734,1195021730.0,72667,2515.0,19,2514.0,100,2516.0,8,2513.0,252,2517.0,260,2512.0,5,2518.0,49,2511.0,12,2519.0,37,2510.0,51
1597988570162444032,1597988570000000000,2020-08-21 13:42:50.000000,2515.0,2541.0,2457.0,2494.0,nan,2503.502179,47734,1195021730.0,72667,2515.0,19,2514.0,100,2516.0,8,2513.0,272,2517.0,280,2512.0,5,2518.0,49,2511.0,12,2519.0,37,2510.0,51
1597988574605449984,1597988574500000000,2020-08-21 13:42:54.500000,2515.0,2541.0,2457.0,2494.0,nan,2503.50242,47735,1195046880.0,72667,2515.0,18,2514.0,100,2516.0,8,2513.0,272,2517.0,280,2512.0,5,2518.0,49,2511.0,12,2519.0,37,2510.0,51
1597988576163734016,1597988576000000000,2020-08-21 13:42:56.000000,2515.0,2541.0,2457.0,2494.0,nan,2503.50242,47735,1195046880.0,72667,2515.0,18,2514.0,100,2516.0,9,2513.0,272,2517.0,280,2512.0,5,2518.0,49,2511.0,12,2519.0,37,2510.0,51
1597988577122356992,1597988577000000000,2020-08-21 13:42:57.000000,2514.0,2541.0,2457.0,2494.0,nan,2503.50264,47736,1195072020.0,72667,2515.0,18,2514.0,99,2516.0,9,2513.0,272,2517.0,280,2512.0,5,2518.0,49,2511.0,12,2519.0,37,2510.0,51
1597988578115625984,1597988578000000000,2020-08-21 13:42:58.000000,2514.0,2541.0,2457.0,2494.0,nan,2503.50264,47736,1195072020.0,72667,2515.0,18,2514.0,99,2516.0,9,2513.0,252,2517.0,280,2512.0,5,2518.0,49,2511.0,12,2519.0,37,2510.0,51
1597988580619822080,1597988580500000000,2020-08-21 13:43:00.500000,2515.0,2541.0,2457.0,2494.0,nan,2503.506973,47754,1195524720.0,72675,2516.0,7,2515.0,4,2517.0,203,2514.0,97,2518.0,49,2513.0,173,2519.0,18,2512.0,5,2520.0,262,2511.0,12
1597988581107904000,1597988581000000000,2020-08-21 13:43:01.000000,2515.0,2541.0,2457.0,2494.0,nan,2503.506973,47754,1195524720.0,72675,2516.0,7,2515.0,4,2517.0,183,2514.0,116,2518.0,69,2513.0,153,2519.0,18,2512.0,5,2520.0,262,2511.0,12
1597988581625876992,1597988581500000000,2020-08-21 13:43:01.500000,2515.0,2541.0,2457.0,2494.0,nan,2503.506973,47754,1195524720.0,72675,2516.0,8,2515.0,4,2517.0,223,2514.0,118,2518.0,69,2513.0,192,2519.0,18,2512.0,5,2520.0,281,2511.0,31
1597988582662992896,1597988582500000000,2020-08-21 13:43:02.500000,2515.0,2541.0,2457.0,2494.0,nan,2503.506973,47754,1195524720.0,72675,2516.0,10,2515.0,6,2517.0,262,2514.0,118,2518.0,69,2513.0,231,2519.0,18,2512.0,5,2520.0,281,2511.0,31
1597988583179111936,1597988583000000000,2020-08-21 13:43:03.000000,2515.0,2541.0,2457.0,2494.0,nan,2503.506973,47754,1195524720.0,72675,2516.0,11,2515.0,7,2517.0,262,2514.0,118,2518.0,69,2513.0,231,2519.0,18,2512.0,5,2520.0,281,2511.0,31
1597988584117999104,1597988584000000000,2020-08-21 13:43:04.000000,2515.0,2541.0,2457.0,2494.0,nan,2503.506973,47754,1195524720.0,72675,2516.0,12,2515.0,7,2517.0,262,2514.0,118,2518.0,69,2513.0,231,2519.0,18,2512.0,5,2520.0,281,2511.0,31
1597988585656986880,1597988585500000000,2020-08-21 13:43:05.500000,2515.0,2541.0,2457.0,2494.0,nan,2503.506973,47754,1195524720.0,72675,2516.0,11,2515.0,7,2517.0,262,2514.0,118,2518.0,69,2513.0,231,2519.0,18,2512.0,5,2520.0,281,2511.0,31
1597988591163148032,1597988591000000000,2020-08-21 13:43:11.000000,2515.0,2541.0,2457.0,2494.0,nan,2503.506973,47754,1195524720.0,72675,2516.0,11,2515.0,7,2517.0,262,2514.0,118,2518.0,69,2513.0,231,2519.0,16,2512.0,5,2520.0,281,2511.0,31
1597988595125255936,1597988595000000000,2020-08-21 13:43:15.000000,2515.0,2541.0,2457.0,2494.0,nan,2503.508658,47761,1195700770.0,72672,2515.0,2,2514.0,116,2516.0,8,2513.0,154,2517.0,184,2512.0,5,2518.0,69,2511.0,12,2519.0,16,2510.0,32
1597988595632972032,1597988595500000000,2020-08-21 13:43:15.500000,2515.0,2541.0,2457.0,2494.0,nan,2503.508658,47761,1195700770.0,72672,2515.0,2,2514.0,96,2516.0,8,2513.0,151,2517.0,181,2512.0,5,2518.0,49,2511.0,12,2519.0,16,2510.0,32
1597988596136489984,1597988596000000000,2020-08-21 13:43:16.000000,2515.0,2541.0,2457.0,2494.0,nan,2503.508658,47761,1195700770.0,72672,2515.0,2,2514.0,120,2516.0,10,2513.0,191,2517.0,220,2512.0,5,2518.0,72,2511.0,12,2519.0,35,2510.0,51
1597988597168221952,1597988597000000000,2020-08-21 13:43:17.000000,2515.0,2541.0,2457.0,2494.0,nan,2503.508658,47761,1195700770.0,72672,2515.0,4,2514.0,122,2516.0,10,2513.0,229,2517.0,258,2512.0,5,2518.0,72,2511.0,12,2519.0,35,2510.0,51
1597988597652064000,1597988597500000000,2020-08-21 13:43:17.500000,2515.0,2541.0,2457.0,2494.0,nan,2503.509861,47766,1195826520.0,72674,2516.0,7,2515.0,2,2517.0,181,2514.0,120,2518.0,72,2513.0,151,2519.0,16,2512.0,5,2520.0,262,2511.0,12
1597988598182268928,1597988598000000000,2020-08-21 13:43:18.000000,2515.0,2541.0,2457.0,2494.0,nan,2503.509861,47766,1195826520.0,72674,2516.0,8,2515.0,2,2517.0,161,2514.0,116,2518.0,69,2513.0,131,2519.0,16,2512.0,5,2520.0,262,2511.0,12
1597988598614586112,1597988598500000000,2020-08-21 13:43:18.500000,2515.0,2541.0,2457.0,2494.0,nan,2503.509861,47766,1195826520.0,72674,2516.0,9,2515.0,2,2517.0,224,2514.0,118,2518.0,69,2513.0,193,2519.0,16,2512.0,5,2520.0,281,2511.0,31
1597988599603270912,1597988599500000000,2020-08-21 13:43:19.500000,2515.0,2541.0,2457.0,2494.0,nan,2503.509861,47766,1195826520.0,72674,2516.0,11,2515.0,4,2517.0,262,2514.0,118,2518.0,69,2513.0,231,2519.0,16,2512.0,5,2520.0,281,2511.0,31
1597988600153105920,1597988600000000000,2020-08-21 13:43:20.000000,2515.0,2541.0,2457.0,2494.0,nan,2503.509861,47766,1195826520.0,72674,2516.0,12,2515.0,5,2517.0,262,2514.0,118,2518.0,69,2513.0,231,2519.0,16,2512.0,5,2520.0,281,2511.0,31
1597988600615546880,1597988600500000000,2020-08-21 13:43:20.500000,2515.0,2541.0,2457.0,2494.0,nan,2503.511063,47771,1195952270.0,72671,2516.0,12,2514.0,118,2517.0,262,2513.0,231,2518.0,69,2512.0,5,2519.0,16,2511.0,31,2520.0,281,2510.0,32
1597988601148667904,1597988601000000000,2020-08-21 13:43:21.000000,2515.0,2541.0,2457.0,2494.0,nan,2503.511063,47771,1195952270.0,72671,2515.0,2,2514.0,116,2516.0,9,2513.0,154,2517.0,184,2512.0,5,2518.0,69,2511.0,12,2519.0,16,2510.0,32
1597988601614318080,1597988601500000000,2020-08-21 13:43:21.500000,2515.0,2541.0,2457.0,2494.0,nan,2503.511063,47771,1195952270.0,72671,2515.0,2,2514.0,96,2516.0,9,2513.0,151,2517.0,181,2512.0,5,2518.0,49,2511.0,12,2519.0,16,2510.0,32
1597988602109047040,1597988602000000000,2020-08-21 13:43:22.000000,2515.0,2541.0,2457.0,2494.0,nan,2503.511063,47771,1195952270.0,72671,2515.0,2,2514.0,120,2516.0,11,2513.0,191,2517.0,220,2512.0,5,2518.0,72,2511.0,12,2519.0,35,2510.0,51
1597988603137801984,1597988603000000000,2020-08-21 13:43:23.000000,2515.0,2541.0,2457.0,2494.0,nan,2503.511063,47771,1195952270.0,72671,2515.0,4,2514.0,122,2516.0,11,2513.0,229,2517.0,258,2512.0,5,2518.0,72,2511.0,12,2519.0,35,2510.0,51
1597988603617380096,1597988603500000000,2020-08-21 13:43:23.500000,2515.0,2541.0,2457.0,2494.0,nan,2503.511063,47771,1195952270.0,72671,2515.0,5,2514.0,123,2516.0,10,2513.0,229,2517.0,258,2512.0,5,2518.0,72,2511.0,12,2519.0,35,2510.0,51
1597988605612239872,1597988605500000000,2020-08-21 13:43:25.500000,2515.0,2541.0,2457.0,2494.0,nan,2503.511063,47771,1195952270.0,72671,2515.0,5,2514.0,124,2516.0,10,2513.0,229,2517.0,258,2512.0,5,2518.0,72,2511.0,13,2519.0,35,2510.0,51
1597988606152756992,1597988606000000000,2020-08-21 13:43:26.000000,2515.0,2541.0,2457.0,2494.0,nan,2503.512266,47776,1196078020.0,72669,2516.0,8,2515.0,2,2517.0,181,2514.0,121,2518.0,72,2513.0,151,2519.0,16,2512.0,5,2520.0,262,2511.0,13
1597988606610785024,1597988606500000000,2020-08-21 13:43:26.500000,2515.0,2541.0,2457.0,2494.0,nan,2503.512987,47779,1196153470.0,72666,2515.0,7,2514.0,116,2516.0,8,2513.0,131,2517.0,161,2512.0,5,2518.0,69,2511.0,13,2519.0,16,2510.0,32
1597988607152509952,1597988607000000000,2020-08-21 13:43:27.000000,2515.0,2541.0,2457.0,2494.0,nan,2503.512987,47779,1196153470.0,72666,2515.0,7,2514.0,97,2516.0,10,2513.0,214,2517.0,243,2512.0,5,2518.0,49,2511.0,13,2519.0,35,2510.0,51
1597988607605772032,1597988607500000000,2020-08-21 13:43:27.500000,2514.0,2541.0,2457.0,2494.0,nan,2503.518252,47803,1196756830.0,72690,2515.0,9,2514.0,74,2516.0,9,2513.0,214,2517.0,243,2512.0,5,2518.0,49,2511.0,13,2519.0,35,2510.0,51
1597988608112439040,1597988608000000000,2020-08-21 13:43:28.000000,2514.0,2541.0,2457.0,2494.0,nan,2503.53489,47879,1198667470.0,72735,2514.0,16,2513.0,173,2515.0,8,2512.0,5,2516.0,7,2511.0,13,2517.0,203,2510.0,32,2518.0,29,2509.0,4
1597988608609138944,1597988608500000000,2020-08-21 13:43:28.500000,2514.0,2541.0,2457.0,2494.0,nan,2503.53489,47879,1198667470.0,72735,2514.0,16,2513.0,7,2515.0,7,2512.0,45,2516.0,47,2511.0,13,2517.0,40,2510.0,32,2518.0,29,2509.0,4
1597988609125549056,1597988609000000000,2020-08-21 13:43:29.000000,2514.0,2541.0,2457.0,2494.0,nan,2503.53489,47879,1198667470.0,72735,2514.0,18,2513.0,7,2515.0,50,2512.0,71,2516.0,70,2511.0,53,2517.0,40,2510.0,34,2518.0,48,2509.0,23
1597988609616882944,1597988609500000000,2020-08-21 13:43:29.500000,2514.0,2541.0,2457.0,2494.0,nan,2503.535983,47884,1198793170.0,72735,2514.0,13,2513.0,7,2515.0,50,2512.0,66,2516.0,67,2511.0,53,2517.0,40,2510.0,34,2518.0,48,2509.0,23
1597988610128783104,1597988610000000000,2020-08-21 13:43:30.000000,2514.0,2541.0,2457.0,2494.0,nan,2503.535983,47884,1198793170.0,72735,2514.0,17,2513.0,12,2515.0,128,2512.0,71,2516.0,70,2511.0,130,2517.0,40,2510.0,34,2518.0,48,2509.0,23
1597988610605473024,1597988610500000000,2020-08-21 13:43:30.500000,2514.0,2541.0,2457.0,2494.0,nan,2503.535983,47884,1198793170.0,72735,2514.0,17,2513.0,12,2515.0,168,2512.0,48,2516.0,48,2511.0,170,2517.0,40,2510.0,34,2518.0,48,2509.0,23
1597988611123958016,1597988611000000000,2020-08-21 13:43:31.000000,2514.0,2541.0,2457.0,2494.0,nan,2503.535983,47884,1198793170.0,72735,2514.0,17,2513.0,12,2515.0,191,2512.0,48,2516.0,48,2511.0,193,2517.0,40,2510.0,34,2518.0,48,2509.0,23
1597988611614804992,1597988611500000000,2020-08-21 13:43:31.500000,2514.0,2541.0,2457.0,2494.0,nan,2503.535983,47884,1198793170.0,72735,2514.0,17,2513.0,12,2515.0,191,2512.0,68,2516.0,68,2511.0,193,2517.0,40,2510.0,34,2518.0,48,2509.0,23
1597988613153646080,1597988613000000000,2020-08-21 13:43:33.000000,2513.0,2541.0,2457.0,2494.0,nan,2503.53618,47885,1198818300.0,72734,2514.0,17,2513.0,14,2515.0,191,2512.0,68,2516.0,68,2511.0,193,2517.0,40,2510.0,34,2518.0,48,2509.0,23
1597988613612645120,1597988613500000000,2020-08-21 13:43:33.500000,2513.0,2541.0,2457.0,2494.0,nan,2503.53618,47885,1198818300.0,72734,2514.0,17,2513.0,19,2515.0,191,2512.0,68,2516.0,68,2511.0,193,2517.0,40,2510.0,34,2518.0,48,2509.0,23
1597988614155318016,1597988614000000000,2020-08-21 13:43:34.000000,2513.0,2541.0,2457.0,2494.0,nan,2503.53618,47885,1198818300.0,72734,2514.0,16,2513.0,21,2515.0,75,2512.0,183,2516.0,185,2511.0,76,2517.0,40,2510.0,34,2518.0,48,2509.0,23
1597988614615316992,1597988614500000000,2020-08-21 13:43:34.500000,2513.0,2541.0,2457.0,2494.0,nan,2503.53618,47885,1198818300.0,72734,2514.0,16,2513.0,21,2515.0,32,2512.0,223,2516.0,225,2511.0,33,2517.0,40,2510.0,34,2518.0,48,2509.0,23
1597988615150789120,1597988615000000000,2020-08-21 13:43:35.000000,2513.0,2541.0,2457.0,2494.0,nan,2503.53618,47885,1198818300.0,72734,2514.0,16,2513.0,21,2515.0,12,2512.0,266,2516.0,268,2511.0,13,2517.0,40,2510.0,34,2518.0,48,2509.0,23
1597988616638565888,1597988616500000000,2020-08-21 13:43:36.500000,2514.0,2541.0,2457.0,2494.0,nan,2503.539676,47901,1199220540.0,72721,2515.0,10,2514.0,4,2516.0,191,2513.0,18,2517.0,40,2512.0,188,2518.0,29,2511.0,13,2519.0,16,2510.0,34
1597988617123429120,1597988617000000000,2020-08-21 13:43:37.000000,2514.0,2541.0,2457.0,2494.0,nan,2503.539676,47901,1199220540.0,72721,2515.0,9,2514.0,4,2516.0,172,2513.0,35,2517.0,60,2512.0,168,2518.0,29,2511.0,13,2519.0,16,2510.0,34
1597988617695213056,1597988617500000000,2020-08-21 13:43:37.500000,2514.0,2541.0,2457.0,2494.0,nan,2503.539676,47901,1199220540.0,72721,2515.0,12,2514.0,13,2516.0,212,2513.0,34,2517.0,60,2512.0,207,2518.0,29,2511.0,13,2519.0,35,2510.0,53
1597988618170275072,1597988618000000000,2020-08-21 13:43:38.000000,2514.0,2541.0,2457.0,2494.0,nan,2503.539676,47901,1199220540.0,72721,2515.0,11,2514.0,14,2516.0,134,2513.0,92,2517.0,119,2512.0,128,2518.0,29,2511.0,13,2519.0,35,2510.0,53
1597988618633476096,1597988618500000000,2020-08-21 13:43:38.500000,2514.0,2541.0,2457.0,2494.0,nan,2503.540112,47903,1199270820.0,72719,2515.0,12,2514.0,15,2516.0,114,2513.0,170,2517.0,197,2512.0,108,2518.0,29,2511.0,13,2519.0,35,2510.0,53
1597988619177666048,1597988619000000000,2020-08-21 13:43:39.000000,2514.0,2541.0,2457.0,2494.0,nan,2503.540112,47903,1199270820.0,72719,2515.0,12,2514.0,15,2516.0,71,2513.0,192,2517.0,217,2512.0,65,2518.0,29,2511.0,13,2519.0,35,2510.0,53
1597988619631993088,1597988619500000000,2020-08-21 13:43:39.500000,2514.0,2541.0,2457.0,2494.0,nan,2503.540112,47903,1199270820.0,72719,2515.0,12,2514.0,15,2516.0,71,2513.0,215,2517.0,240,2512.0,65,2518.0,29,2511.0,13,2519.0,35,2510.0,53
1597988620138228992,1597988620000000000,2020-08-21 13:43:40.000000,2514.0,2541.0,2457.0,2494.0,nan,2503.540112,47903,1199270820.0,72719,2515.0,222,2514.0,15,2516.0,71,2513.0,215,2517.0,240,2512.0,65,2518.0,29,2511.0,13,2519.0,35,2510.0,53
1597988620618033920,1597988620500000000,2020-08-21 13:43:40.500000,2514.0,2541.0,2457.0,2494.0,nan,2503.543387,47918,1199647920.0,72731,2514.0,8,2513.0,34,2515.0,221,2512.0,125,2516.0,128,2511.0,13,2517.0,60,2510.0,34,2518.0,29,2509.0,4
1597988621134919936,1597988621000000000,2020-08-21 13:43:41.000000,2514.0,2541.0,2457.0,2494.0,nan,2503.543387,47918,1199647920.0,72731,2514.0,11,2513.0,14,2515.0,48,2512.0,125,2516.0,128,2511.0,56,2517.0,40,2510.0,34,2518.0,29,2509.0,4
1597988621606260992,1597988621500000000,2020-08-21 13:43:41.500000,2514.0,2541.0,2457.0,2494.0,nan,2503.543387,47918,1199647920.0,72731,2514.0,11,2513.0,13,2515.0,24,2512.0,127,2516.0,128,2511.0,33,2517.0,40,2510.0,34,2518.0,48,2509.0,23
1597988622149554944,1597988622000000000,2020-08-21 13:43:42.000000,2514.0,2541.0,2457.0,2494.0,nan,2503.543387,47918,1199647920.0,72731,2514.0,14,2513.0,13,2515.0,24,2512.0,170,2516.0,171,2511.0,33,2517.0,40,2510.0,34,2518.0,48,2509.0,23
1597988622607059968,1597988622500000000,2020-08-21 13:43:42.500000,2514.0,2541.0,2457.0,2494.0,nan,2503.543387,47918,1199647920.0,72731,2514.0,18,2513.0,16,2515.0,161,2512.0,111,2516.0,111,2511.0,170,2517.0,40,2510.0,34,2518.0,48,2509.0,23
1597988623126973952,1597988623000000000,2020-08-21 13:43:43.000000,2514.0,2541.0,2457.0,2494.0,nan,2503.543387,47918,1199647920.0,72731,2514.0,18,2513.0,16,2515.0,201,2512.0,48,2516.0,48,2511.0,210,2517.0,40,2510.0,34,2518.0,48,2509.0,23
1597988623610023936,1597988623500000000,2020-08-21 13:43:43.500000,2514.0,2541.0,2457.0,2494.0,nan,2503.543387,47918,1199647920.0,72731,2514.0,18,2513.0,16,2515.0,224,2512.0,48,2516.0,48,2511.0,233,2517.0,40,2510.0,34,2518.0,48,2509.0,23
1597988624130658048,1597988624000000000,2020-08-21 13:43:44.000000,2514.0,2541.0,2457.0,2494.0,nan,2503.543387,47918,1199647920.0,72731,2514.0,21,2513.0,16,2515.0,224,2512.0,48,2516.0,48,2511.0,233,2517.0,40,2510.0,34,2518.0,48,2509.0,23
1597988624637757952,1597988624500000000,2020-08-21 13:43:44.500000,2514.0,2541.0,2457.0,2494.0,nan,2503.543387,47918,1199647920.0,72731,2514.0,22,2513.0,14,2515.0,223,2512.0,48,2516.0,48,2511.0,233,2517.0,40,2510.0,34,2518.0,48,2509.0,23
1597988625131554048,1597988625000000000,2020-08-21 13:43:45.000000,2513.0,2541.0,2457.0,2494.0,nan,2503.544986,47926,1199848970.0,72730,2514.0,21,2513.0,7,2515.0,223,2512.0,50,2516.0,48,2511.0,233,2517.0,40,2510.0,34,2518.0,48,2509.0,23
1597988625614739968,1597988625500000000,2020-08-21 13:43:45.500000,2513.0,2541.0,2457.0,2494.0,nan,2503.544986,47926,1199848970.0,72730,2514.0,21,2513.0,7,2515.0,226,2512.0,50,2516.0,48,2511.0,233,2517.0,40,2510.0,34,2518.0,48,2509.0,23
1597988631145080064,1597988631000000000,2020-08-21 13:43:51.000000,2513.0,2541.0,2457.0,2494.0,nan,2503.544986,47926,1199848970.0,72730,2514.0,21,2513.0,12,2515.0,226,2512.0,50,2516.0,48,2511.0,233,2517.0,40,2510.0,34,2518.0,48,2509.0,23
1597988632619689984,1597988632500000000,2020-08-21 13:43:52.500000,2513.0,2541.0,2457.0,2494.0,nan,2503.544986,47926,1199848970.0,72730,2514.0,21,2513.0,12,2515.0,226,2512.0,50,2516.0,48,2511.0,233,2517.0,34,2510.0,34,2518.0,48,2509.0,23
1597988639162416128,1597988639000000000,2020-08-21 13:43:59.000000,2513.0,2541.0,2457.0,2494.0,nan,2503.544986,47926,1199848970.0,72730,2514.0,217,2513.0,12,2515.0,226,2512.0,50,2516.0,48,2511.0,233,2517.0,34,2510.0,34,2518.0,48,2509.0,23
1597988639652157952,1597988639500000000,2020-08-21 13:43:59.500000,2513.0,2541.0,2457.0,2494.0,nan,2503.547353,47938,1200150530.0,72741,2513.0,2,2512.0,46,2514.0,232,2511.0,113,2515.0,105,2510.0,54,2516.0,48,2509.0,4,2517.0,34,2508.0,7
1597988640120896000,1597988640000000000,2020-08-21 13:44:00.000000,2513.0,2541.0,2457.0,2494.0,nan,2503.547353,47938,1200150530.0,72741,2513.0,3,2512.0,6,2514.0,79,2511.0,111,2515.0,105,2510.0,97,2516.0,8,2509.0,6,2517.0,34,2508.0,7
1597988640625647104,1597988640500000000,2020-08-21 13:44:00.500000,2513.0,2541.0,2457.0,2494.0,nan,2503.547353,47938,1200150530.0,72741,2513.0,10,2512.0,6,2514.0,36,2511.0,172,2515.0,162,2510.0,74,2516.0,8,2509.0,6,2517.0,53,2508.0,26
1597988641103816960,1597988641000000000,2020-08-21 13:44:01.000000,2513.0,2541.0,2457.0,2494.0,nan,2503.547353,47938,1200150530.0,72741,2513.0,11,2512.0,3,2514.0,91,2511.0,137,2515.0,126,2510.0,113,2516.0,8,2509.0,6,2517.0,53,2508.0,26
1597988641616728064,1597988641500000000,2020-08-21 13:44:01.500000,2513.0,2541.0,2457.0,2494.0,nan,2503.547353,47938,1200150530.0,72741,2513.0,16,2512.0,6,2514.0,169,2511.0,119,2515.0,106,2510.0,191,2516.0,8,2509.0,6,2517.0,53,2508.0,26
1597988642156118016,1597988642000000000,2020-08-21 13:44:02.000000,2513.0,2541.0,2457.0,2494.0,nan,2503.547353,47938,1200150530.0,72741,2513.0,17,2512.0,6,2514.0,189,2511.0,76,2515.0,63,2510.0,211,2516.0,8,2509.0,6,2517.0,53,2508.0,26
1597988642622650880,1597988642500000000,2020-08-21 13:44:02.500000,2513.0,2541.0,2457.0,2494.0,nan,2503.547353,47938,1200150530.0,72741,2513.0,17,2512.0,6,2514.0,212,2511.0,76,2515.0,63,2510.0,234,2516.0,8,2509.0,6,2517.0,53,2508.0,26
1597988644614682112,1597988644500000000,2020-08-21 13:44:04.500000,2512.0,2541.0,2457.0,2494.0,nan,2503.547529,47939,1200175650.0,72740,2513.0,17,2512.0,5,2514.0,212,2511.0,76,2515.0,63,2510.0,234,2516.0,8,2509.0,6,2517.0,53,2508.0,26
1597988645616292096,1597988645500000000,2020-08-21 13:44:05.500000,2513.0,2541.0,2457.0,2494.0,nan,2503.547726,47940,1200200780.0,72740,2513.0,16,2512.0,5,2514.0,212,2511.0,76,2515.0,63,2510.0,234,2516.0,8,2509.0,6,2517.0,53,2508.0,26
1597988649607516928,1597988649500000000,2020-08-21 13:44:09.500000,2513.0,2541.0,2457.0,2494.0,nan,2503.547726,47940,1200200780.0,72740,2513.0,16,2512.0,10,2514.0,212,2511.0,76,2515.0,63,2510.0,234,2516.0,8,2509.0,6,2517.0,53,2508.0,26
1597988650114108928,1597988650000000000,2020-08-21 13:44:10.000000,2513.0,2541.0,2457.0,2494.0,nan,2503.547726,47940,1200200780.0,72740,2513.0,15,2512.0,10,2514.0,212,2511.0,76,2515.0,63,2510.0,234,2516.0,8,2509.0,6,2517.0,53,2508.0,26
1597988650604574976,1597988650500000000,2020-08-21 13:44:10.500000,2513.0,2541.0,2457.0,2494.0,nan,2503.547726,47940,1200200780.0,72740,2513.0,15,2512.0,10,2514.0,232,2511.0,54,2515.0,43,2510.0,254,2516.0,8,2509.0,6,2517.0,53,2508.0,26
1597988651133466112,1597988651000000000,2020-08-21 13:44:11.000000,2513.0,2541.0,2457.0,2494.0,nan,2503.547726,47940,1200200780.0,72740,2513.0,15,2512.0,12,2514.0,232,2511.0,54,2515.0,43,2510.0,254,2516.0,8,2509.0,6,2517.0,53,2508.0,26
1597988651623906048,1597988651500000000,2020-08-21 13:44:11.500000,2513.0,2541.0,2457.0,2494.0,nan,2503.547726,47940,1200200780.0,72740,2513.0,16,2512.0,12,2514.0,232,2511.0,54,2515.0,43,2510.0,254,2516.0,8,2509.0,6,2517.0,53,2508.0,26
1597988652604048896,1597988652500000000,2020-08-21 13:44:12.500000,2513.0,2541.0,2457.0,2494.0,nan,2503.547726,47940,1200200780.0,72740,2513.0,16,2512.0,12,2514.0,232,2511.0,54,2515.0,43,2510.0,249,2516.0,8,2509.0,6,2517.0,53,2508.0,26
1597988653616800000,1597988653500000000,2020-08-21 13:44:13.500000,2513.0,2541.0,2457.0,2494.0,nan,2503.547726,47940,1200200780.0,72740,2513.0,15,2512.0,12,2514.0,232,2511.0,54,2515.0,43,2510.0,249,2516.0,8,2509.0,6,2517.0,53,2508.0,26
1597988657107514880,1597988657000000000,2020-08-21 13:44:17.000000,2513.0,2541.0,2457.0,2494.0,nan,2503.547726,47940,1200200780.0,72740,2513.0,15,2512.0,12,2514.0,232,2511.0,54,2515.0,43,2510.0,249,2516.0,8,2509.0,6,2517.0,53,2508.0,21
1597988660149779968,1597988660000000000,2020-08-21 13:44:20.000000,2513.0,2541.0,2457.0,2494.0,nan,2503.547726,47940,1200200780.0,72740,2513.0,17,2512.0,12,2514.0,232,2511.0,54,2515.0,43,2510.0,249,2516.0,8,2509.0,6,2517.0,53,2508.0,21
1597988660615366912,1597988660500000000,2020-08-21 13:44:20.500000,2513.0,2541.0,2457.0,2494.0,nan,2503.551077,47957,1200627990.0,72729,2514.0,154,2513.0,37,2515.0,43,2512.0,10,2516.0,8,2511.0,52,2517.0,34,2510.0,172,2518.0,29,2509.0,6
1597988661108052992,1597988661000000000,2020-08-21 13:44:21.000000,2513.0,2541.0,2457.0,2494.0,nan,2503.551077,47957,1200627990.0,72729,2514.0,229,2513.0,38,2515.0,83,2512.0,29,2516.0,28,2511.0,93,2517.0,34,2510.0,49,2518.0,29,2509.0,6
1597988661605001984,1597988661500000000,2020-08-21 13:44:21.500000,2513.0,2541.0,2457.0,2494.0,nan,2503.551077,47957,1200627990.0,72729,2514.0,229,2513.0,38,2515.0,147,2512.0,30,2516.0,28,2511.0,156,2517.0,34,2510.0,49,2518.0,48,2509.0,25
1597988662129594112,1597988662000000000,2020-08-21 13:44:22.000000,2513.0,2541.0,2457.0,2494.0,nan,2503.551471,47959,1200678250.0,72727,2514.0,229,2513.0,36,2515.0,147,2512.0,30,2516.0,28,2511.0,156,2517.0,34,2510.0,49,2518.0,48,2509.0,25
1597988662618882048,1597988662500000000,2020-08-21 13:44:22.500000,2513.0,2541.0,2457.0,2494.0,nan,2503.551471,47959,1200678250.0,72727,2514.0,233,2513.0,39,2515.0,224,2512.0,31,2516.0,28,2511.0,233,2517.0,34,2510.0,49,2518.0,48,2509.0,25
1597988663127035904,1597988663000000000,2020-08-21 13:44:23.000000,2513.0,2541.0,2457.0,2494.0,nan,2503.551471,47959,1200678250.0,72727,2514.0,213,2513.0,39,2515.0,244,2512.0,31,2516.0,28,2511.0,253,2517.0,34,2510.0,29,2518.0,48,2509.0,25
1597988663599011072,1597988663500000000,2020-08-21 13:44:23.500000,2513.0,2541.0,2457.0,2494.0,nan,2503.551471,47959,1200678250.0,72727,2514.0,233,2513.0,39,2515.0,224,2512.0,31,2516.0,28,2511.0,233,2517.0,34,2510.0,49,2518.0,48,2509.0,25
1597988666619187968,1597988666500000000,2020-08-21 13:44:26.500000,2513.0,2541.0,2457.0,2494.0,nan,2503.551471,47959,1200678250.0,72727,2514.0,233,2513.0,45,2515.0,226,2512.0,31,2516.0,28,2511.0,233,2517.0,34,2510.0,49,2518.0,48,2509.0,25
1597988668618899968,1597988668500000000,2020-08-21 13:44:28.500000,2513.0,2541.0,2457.0,2494.0,nan,2503.551668,47960,1200703380.0,72726,2514.0,233,2513.0,44,2515.0,226,2512.0,31,2516.0,28,2511.0,233,2517.0,34,2510.0,49,2518.0,48,2509.0,25
1597988669117295104,1597988669000000000,2020-08-21 13:44:29.000000,2513.0,2541.0,2457.0,2494.0,nan,2503.560328,48004,1201809100.0,72735,2513.0,3,2512.0,29,2514.0,229,2511.0,156,2515.0,148,2510.0,49,2516.0,28,2509.0,6,2517.0,34,2508.0,2
1597988669617463040,1597988669500000000,2020-08-21 13:44:29.500000,2513.0,2541.0,2457.0,2494.0,nan,2503.560328,48004,1201809100.0,72735,2513.0,3,2512.0,9,2514.0,52,2511.0,113,2515.0,105,2510.0,69,2516.0,8,2509.0,6,2517.0,34,2508.0,2
1597988670132692992,1597988670000000000,2020-08-21 13:44:30.000000,2513.0,2541.0,2457.0,2494.0,nan,2503.560328,48004,1201809100.0,72735,2513.0,3,2512.0,10,2514.0,34,2511.0,176,2515.0,167,2510.0,69,2516.0,8,2509.0,6,2517.0,53,2508.0,21
1597988670610461952,1597988670500000000,2020-08-21 13:44:30.500000,2513.0,2541.0,2457.0,2494.0,nan,2503.560328,48004,1201809100.0,72735,2513.0,3,2512.0,10,2514.0,35,2511.0,197,2515.0,187,2510.0,49,2516.0,8,2509.0,6,2517.0,53,2508.0,21
1597988671113174016,1597988671000000000,2020-08-21 13:44:31.000000,2513.0,2541.0,2457.0,2494.0,nan,2503.560328,48004,1201809100.0,72735,2513.0,5,2512.0,12,2514.0,35,2511.0,235,2515.0,225,2510.0,49,2516.0,8,2509.0,6,2517.0,53,2508.0,21
1597988671607162880,1597988671500000000,2020-08-21 13:44:31.500000,2513.0,2541.0,2457.0,2494.0,nan,2503.560328,48004,1201809100.0,72735,2513.0,6,2512.0,16,2514.0,35,2511.0,255,2515.0,245,2510.0,49,2516.0,8,2509.0,6,2517.0,53,2508.0,21
1597988672115514112,1597988672000000000,2020-08-21 13:44:32.000000,2513.0,2541.0,2457.0,2494.0,nan,2503.560328,48004,1201809100.0,72735,2513.0,9,2512.0,16,2514.0,35,2511.0,255,2515.0,245,2510.0,49,2516.0,8,2509.0,6,2517.0,53,2508.0,21
1597988673121005056,1597988673000000000,2020-08-21 13:44:33.000000,2513.0,2541.0,2457.0,2494.0,nan,2503.560328,48004,1201809100.0,72735,2513.0,19,2512.0,16,2514.0,35,2511.0,255,2515.0,245,2510.0,49,2516.0,8,2509.0,6,2517.0,53,2508.0,21
1597988673618513920,1597988673500000000,2020-08-21 13:44:33.500000,2513.0,2541.0,2457.0,2494.0,nan,2503.560328,48004,1201809100.0,72735,2513.0,20,2512.0,15,2514.0,149,2511.0,139,2515.0,128,2510.0,166,2516.0,8,2509.0,6,2517.0,53,2508.0,21
1597988674124580096,1597988674000000000,2020-08-21 13:44:34.000000,2513.0,2541.0,2457.0,2494.0,nan,2503.560328,48004,1201809100.0,72735,2513.0,22,2512.0,15,2514.0,169,2511.0,96,2515.0,85,2510.0,186,2516.0,8,2509.0,6,2517.0,53,2508.0,21
1597988674623610880,1597988674500000000,2020-08-21 13:44:34.500000,2513.0,2541.0,2457.0,2494.0,nan,2503.560328,48004,1201809100.0,72735,2513.0,22,2512.0,12,2514.0,212,2511.0,76,2515.0,65,2510.0,229,2516.0,8,2509.0,6,2517.0,53,2508.0,21
1597988677103593984,1597988677000000000,2020-08-21 13:44:37.000000,2513.0,2541.0,2457.0,2494.0,nan,2503.562687,48016,1202110660.0,72739,2513.0,9,2512.0,10,2514.0,133,2511.0,73,2515.0,65,2510.0,152,2516.0,8,2509.0,6,2517.0,34,2508.0,2
1597988677611542016,1597988677500000000,2020-08-21 13:44:37.500000,2513.0,2541.0,2457.0,2494.0,nan,2503.562687,48016,1202110660.0,72739,2513.0,9,2512.0,13,2514.0,73,2511.0,113,2515.0,105,2510.0,92,2516.0,8,2509.0,6,2517.0,34,2508.0,2
1597988678143887872,1597988678000000000,2020-08-21 13:44:38.000000,2513.0,2541.0,2457.0,2494.0,nan,2503.562687,48016,1202110660.0,72739,2513.0,7,2512.0,14,2514.0,32,2511.0,153,2515.0,144,2510.0,69,2516.0,8,2509.0,6,2517.0,53,2508.0,21
1597988678622203904,1597988678500000000,2020-08-21 13:44:38.500000,2513.0,2541.0,2457.0,2494.0,nan,2503.562687,48016,1202110660.0,72739,2513.0,7,2512.0,14,2514.0,34,2511.0,196,2515.0,187,2510.0,49,2516.0,8,2509.0,6,2517.0,53,2508.0,21
1597988679150496000,1597988679000000000,2020-08-21 13:44:39.000000,2513.0,2541.0,2457.0,2494.0,nan,2503.562687,48016,1202110660.0,72739,2513.0,9,2512.0,16,2514.0,35,2511.0,235,2515.0,225,2510.0,49,2516.0,8,2509.0,6,2517.0,53,2508.0,21
1597988679604632064,1597988679500000000,2020-08-21 13:44:39.500000,2513.0,2541.0,2457.0,2494.0,nan,2503.562687,48016,1202110660.0,72739,2513.0,10,2512.0,16,2514.0,35,2511.0,255,2515.0,245,2510.0,49,2516.0,8,2509.0,6,2517.0,53,2508.0,21
1597988683109072896,1597988683000000000,2020-08-21 13:44:43.000000,2513.0,2541.0,2457.0,2494.0,nan,2503.562687,48016,1202110660.0,72739,2513.0,10,2512.0,16,2514.0,35,2511.0,255,2515.0,245,2510.0,50,2516.0,8,2509.0,6,2517.0,53,2508.0,21
1597988684125761024,1597988684000000000,2020-08-21 13:44:44.000000,2513.0,2541.0,2457.0,2494.0,nan,2503.562687,48016,1202110660.0,72739,2513.0,11,2512.0,16,2514.0,35,2511.0,255,2515.0,245,2510.0,50,2516.0,8,2509.0,6,2517.0,53,2508.0,21
1597988686104161024,1597988686000000000,2020-08-21 13:44:46.000000,2513.0,2541.0,2457.0,2494.0,nan,2503.562687,48016,1202110660.0,72739,2513.0,10,2512.0,16,2514.0,35,2511.0,255,2515.0,245,2510.0,50,2516.0,8,2509.0,6,2517.0,53,2508.0,21
1597988686627095040,1597988686500000000,2020-08-21 13:44:46.500000,2513.0,2541.0,2457.0,2494.0,nan,2503.562687,48016,1202110660.0,72739,2513.0,10,2512.0,17,2514.0,35,2511.0,255,2515.0,245,2510.0,50,2516.0,8,2509.0,6,2517.0,53,2508.0,21
1597988689108153088,1597988689000000000,2020-08-21 13:44:49.000000,2512.0,2541.0,2457.0,2494.0,nan,2503.562863,48017,1202135780.0,72738,2513.0,10,2512.0,16,2514.0,35,2511.0,255,2515.0,245,2510.0,50,2516.0,8,2509.0,6,2517.0,53,2508.0,21
1597988690125229056,1597988690000000000,2020-08-21 13:44:50.000000,2512.0,2541.0,2457.0,2494.0,nan,2503.562863,48017,1202135780.0,72738,2513.0,10,2512.0,16,2514.0,15,2511.0,275,2515.0,265,2510.0,30,2516.0,8,2509.0,6,2517.0,53,2508.0,21
1597988691622003968,1597988691500000000,2020-08-21 13:44:51.500000,2512.0,2541.0,2457.0,2494.0,nan,2503.562863,48017,1202135780.0,72738,2513.0,10,2512.0,13,2514.0,15,2511.0,275,2515.0,265,2510.0,30,2516.0,8,2509.0,6,2517.0,53,2508.0,21
1597988696621403904,1597988696500000000,2020-08-21 13:44:56.500000,2513.0,2541.0,2457.0,2494.0,nan,2503.564828,48027,1202387080.0,72738,2514.0,13,2513.0,2,2515.0,188,2512.0,10,2516.0,8,2511.0,197,2517.0,34,2510.0,30,2518.0,29,2509.0,6
