local_nano_time,quote_nano_time,datetime,last_price,highest,lowest,open,close,average,volume,amount,open_interest,ask_price1,ask_volume1,bid_price1,bid_volume1,ask_price2,ask_volume2,bid_price2,bid_volume2,ask_price3,ask_volume3,bid_price3,bid_volume3,ask_price4,ask_volume4,bid_price4,bid_volume4,ask_price5,ask_volume5,bid_price5,bid_volume5
1597988229620413952,1597988229932000000,2020-08-21 13:37:09.932000,16055.0,16100.0,15955.0,16085.0,nan,16023.765,18854,1510560325.0,23789,16055.0,12,16050.0,85,16060.0,12,16045.0,4,16065.0,7,16040.0,3,16070.0,10,16035.0,16,16075.0,181,16030.0,36
1597988231127085056,1597988231436999936,2020-08-21 13:37:11.437000,16055.0,16100.0,15955.0,16085.0,nan,16023.765,18854,1510560325.0,23789,16055.0,12,16050.0,85,16060.0,11,16045.0,4,16065.0,7,16040.0,3,16070.0,10,16035.0,16,16075.0,181,16030.0,36
1597988231630394880,1597988231910000128,2020-08-21 13:37:11.910000,16055.0,16100.0,15955.0,16085.0,nan,16023.765,18854,1510560325.0,23789,16055.0,13,16050.0,85,16060.0,11,16045.0,4,16065.0,7,16040.0,3,16070.0,10,16035.0,16,16075.0,181,16030.0,32
1597988232128527104,1597988232423000064,2020-08-21 13:37:12.423000,16045.0,16100.0,15955.0,16085.0,nan,16023.884,18940,1517461800.0,23771,16050.0,2,16045.0,63,16055.0,15,16040.0,3,16060.0,11,16035.0,16,16065.0,7,16030.0,32,16070.0,10,16025.0,6
1597988232633443072,1597988232932000000,2020-08-21 13:37:12.932000,16050.0,16100.0,15955.0,16085.0,nan,16023.906,18958,1518906050.0,23765,16055.0,15,16045.0,54,16060.0,11,16040.0,3,16065.0,7,16035.0,11,16070.0,10,16030.0,36,16075.0,181,16025.0,6
1597988233122803968,1597988233405999872,2020-08-21 13:37:13.406000,16050.0,16100.0,15955.0,16085.0,nan,16023.906,18958,1518906050.0,23765,16050.0,11,16045.0,54,16055.0,17,16040.0,3,16060.0,11,16035.0,12,16065.0,7,16030.0,36,16070.0,9,16025.0,6
1597988233630775040,1597988233912000000,2020-08-21 13:37:13.912000,16050.0,16100.0,15955.0,16085.0,nan,16023.906,18958,1518906050.0,23765,16050.0,6,16045.0,54,16055.0,23,16040.0,4,16060.0,12,16035.0,11,16065.0,8,16030.0,36,16070.0,8,16025.0,6
1597988234626189056,1597988234937999872,2020-08-21 13:37:14.938000,16050.0,16100.0,15955.0,16085.0,nan,16023.914,18964,1519387550.0,23763,16055.0,23,16045.0,54,16060.0,12,16040.0,4,16065.0,8,16035.0,11,16070.0,8,16030.0,36,16075.0,181,16025.0,6
1597988235133097984,1597988235413000192,2020-08-21 13:37:15.413000,16050.0,16100.0,15955.0,16085.0,nan,16023.914,18964,1519387550.0,23763,16055.0,16,16050.0,2,16060.0,12,16045.0,54,16065.0,8,16040.0,6,16070.0,8,16035.0,11,16075.0,181,16030.0,36
1597988235660826880,1597988235905999872,2020-08-21 13:37:15.906000,16050.0,16100.0,15955.0,16085.0,nan,16023.914,18964,1519387550.0,23763,16055.0,17,16050.0,4,16060.0,10,16045.0,55,16065.0,8,16040.0,6,16070.0,8,16035.0,11,16075.0,181,16030.0,36
1597988236116760064,1597988236432000000,2020-08-21 13:37:16.432000,16050.0,16100.0,15955.0,16085.0,nan,16023.914,18964,1519387550.0,23763,16055.0,17,16050.0,2,16060.0,10,16045.0,55,16065.0,8,16040.0,6,16070.0,8,16035.0,11,16075.0,181,16030.0,36
1597988237131998976,1597988237435000064,2020-08-21 13:37:17.435000,16050.0,16100.0,15955.0,16085.0,nan,16023.916,18965,1519467800.0,23764,16055.0,17,16050.0,2,16060.0,10,16045.0,55,16065.0,8,16040.0,6,16070.0,8,16035.0,11,16075.0,181,16030.0,36
1597988237628918016,1597988237934000128,2020-08-21 13:37:17.934000,16050.0,16100.0,15955.0,16085.0,nan,16023.916,18965,1519467800.0,23764,16055.0,18,16050.0,3,16060.0,10,16045.0,55,16065.0,8,16040.0,6,16070.0,8,16035.0,11,16075.0,181,16030.0,36
1597988239131142912,1597988239420999936,2020-08-21 13:37:19.421000,16050.0,16100.0,15955.0,16085.0,nan,16023.917,18966,1519548050.0,23765,16055.0,18,16050.0,2,16060.0,10,16045.0,55,16065.0,8,16040.0,6,16070.0,8,16035.0,11,16075.0,181,16030.0,36
1597988239631220992,1597988239932000000,2020-08-21 13:37:19.932000,16050.0,16100.0,15955.0,16085.0,nan,16023.92,18968,1519708550.0,23765,16055.0,18,16045.0,55,16060.0,10,16040.0,6,16065.0,8,16035.0,11,16070.0,8,16030.0,36,16075.0,181,16025.0,7
1597988240139190016,1597988240416999936,2020-08-21 13:37:20.417000,16050.0,16100.0,15955.0,16085.0,nan,16023.92,18968,1519708550.0,23765,16055.0,18,16050.0,2,16060.0,10,16045.0,55,16065.0,8,16040.0,7,16070.0,8,16035.0,11,16075.0,181,16030.0,36
1597988240628250880,1597988240916000000,2020-08-21 13:37:20.916000,16050.0,16100.0,15955.0,16085.0,nan,16023.92,18968,1519708550.0,23765,16055.0,18,16045.0,55,16060.0,10,16040.0,7,16065.0,8,16035.0,11,16070.0,8,16030.0,36,16075.0,181,16025.0,7
1597988241130723072,1597988241423000064,2020-08-21 13:37:21.423000,16050.0,16100.0,15955.0,16085.0,nan,16023.92,18968,1519708550.0,23765,16055.0,18,16050.0,3,16060.0,10,16045.0,55,16065.0,8,16040.0,7,16070.0,8,16035.0,11,16075.0,181,16030.0,36
1597988241635857920,1597988241936000000,2020-08-21 13:37:21.936000,16050.0,16100.0,15955.0,16085.0,nan,16023.92,18968,1519708550.0,23765,16055.0,18,16045.0,55,16060.0,10,16040.0,7,16065.0,8,16035.0,11,16070.0,8,16030.0,36,16075.0,181,16025.0,7
1597988242141068032,1597988242423000064,2020-08-21 13:37:22.423000,16050.0,16100.0,15955.0,16085.0,nan,16023.92,18968,1519708550.0,23765,16055.0,17,16050.0,3,16060.0,10,16045.0,55,16065.0,8,16040.0,7,16070.0,8,16035.0,11,16075.0,181,16030.0,36
1597988242655595008,1597988242935000064,2020-08-21 13:37:22.935000,16050.0,16100.0,15955.0,16085.0,nan,16023.92,18968,1519708550.0,23765,16055.0,17,16050.0,1,16060.0,10,16045.0,55,16065.0,8,16040.0,7,16070.0,8,16035.0,11,16075.0,181,16030.0,36
1597988248156337920,1597988248420999936,2020-08-21 13:37:28.421000,16050.0,16100.0,15955.0,16085.0,nan,16023.921,18969,1519788800.0,23765,16050.0,1,16045.0,55,16055.0,17,16040.0,7,16060.0,10,16035.0,11,16065.0,8,16030.0,36,16070.0,8,16025.0,7
1597988248637680896,1597988248938999808,2020-08-21 13:37:28.939000,16050.0,16100.0,15955.0,16085.0,nan,16023.925,18972,1520029550.0,23762,16055.0,17,16045.0,55,16060.0,10,16040.0,5,16065.0,8,16035.0,11,16070.0,8,16030.0,36,16075.0,181,16025.0,7
1597988249126224896,1597988249420000000,2020-08-21 13:37:29.420000,16050.0,16100.0,15955.0,16085.0,nan,16023.925,18972,1520029550.0,23762,16055.0,16,16045.0,55,16060.0,10,16040.0,5,16065.0,8,16035.0,11,16070.0,8,16030.0,36,16075.0,181,16025.0,7
1597988249618816000,1597988249930000128,2020-08-21 13:37:29.930000,16050.0,16100.0,15955.0,16085.0,nan,16023.925,18972,1520029550.0,23762,16055.0,17,16045.0,55,16060.0,10,16040.0,5,16065.0,8,16035.0,11,16070.0,8,16030.0,36,16075.0,181,16025.0,7
1597988252644528128,1597988252933000192,2020-08-21 13:37:32.933000,16050.0,16100.0,15955.0,16085.0,nan,16023.925,18972,1520029550.0,23762,16055.0,17,16045.0,55,16060.0,10,16040.0,5,16065.0,8,16035.0,7,16070.0,8,16030.0,36,16075.0,181,16025.0,7
1597988255106501120,1597988255433000192,2020-08-21 13:37:35.433000,16050.0,16100.0,15955.0,16085.0,nan,16023.925,18972,1520029550.0,23762,16055.0,17,16045.0,55,16060.0,15,16040.0,5,16065.0,8,16035.0,7,16070.0,8,16030.0,36,16075.0,181,16025.0,7
1597988256113704960,1597988256426000128,2020-08-21 13:37:36.426000,16050.0,16100.0,15955.0,16085.0,nan,16023.925,18972,1520029550.0,23762,16055.0,17,16045.0,56,16060.0,15,16040.0,5,16065.0,8,16035.0,7,16070.0,8,16030.0,36,16075.0,181,16025.0,7
1597988256640182016,1597988256924999936,2020-08-21 13:37:36.925000,16050.0,16100.0,15955.0,16085.0,nan,16023.925,18972,1520029550.0,23762,16055.0,17,16050.0,10,16060.0,15,16045.0,56,16065.0,8,16040.0,5,16070.0,8,16035.0,7,16075.0,181,16030.0,36
1597988259636633088,1597988259921999872,2020-08-21 13:37:39.922000,16050.0,16100.0,15955.0,16085.0,nan,16023.925,18972,1520029550.0,23762,16055.0,17,16050.0,10,16060.0,15,16045.0,55,16065.0,8,16040.0,5,16070.0,8,16035.0,7,16075.0,181,16030.0,36
1597988260123677952,1597988260427000064,2020-08-21 13:37:40.427000,16050.0,16100.0,15955.0,16085.0,nan,16023.927,18973,1520109800.0,23761,16055.0,17,16050.0,9,16060.0,15,16045.0,55,16065.0,8,16040.0,5,16070.0,8,16035.0,7,16075.0,181,16030.0,36
1597988261149800960,1597988261436000000,2020-08-21 13:37:41.436000,16050.0,16100.0,15955.0,16085.0,nan,16023.931,18976,1520350550.0,23758,16055.0,17,16050.0,6,16060.0,15,16045.0,55,16065.0,8,16040.0,5,16070.0,8,16035.0,7,16075.0,181,16030.0,36
1597988261618932992,1597988261931000064,2020-08-21 13:37:41.931000,16050.0,16100.0,15955.0,16085.0,nan,16023.931,18976,1520350550.0,23758,16055.0,17,16050.0,11,16060.0,15,16045.0,55,16065.0,8,16040.0,5,16070.0,8,16035.0,7,16075.0,181,16030.0,36
1597988262119513088,1597988262435000064,2020-08-21 13:37:42.435000,16050.0,16100.0,15955.0,16085.0,nan,16023.931,18976,1520350550.0,23758,16055.0,17,16050.0,12,16060.0,15,16045.0,55,16065.0,8,16040.0,5,16070.0,8,16035.0,7,16075.0,181,16030.0,36
1597988264135209984,1597988264433000192,2020-08-21 13:37:44.433000,16050.0,16100.0,15955.0,16085.0,nan,16023.931,18976,1520350550.0,23758,16055.0,17,16050.0,12,16060.0,15,16045.0,58,16065.0,8,16040.0,5,16070.0,8,16035.0,7,16075.0,181,16030.0,36
1597988265135105024,1597988265413000192,2020-08-21 13:37:45.413000,16055.0,16100.0,15955.0,16085.0,nan,16023.959,18993,1521715225.0,23756,16060.0,15,16050.0,12,16065.0,8,16045.0,58,16070.0,8,16040.0,5,16075.0,181,16035.0,7,16080.0,22,16030.0,36
1597988265627592960,1597988265935000064,2020-08-21 13:37:45.935000,16055.0,16100.0,15955.0,16085.0,nan,16023.959,18993,1521715225.0,23756,16060.0,14,16050.0,13,16065.0,8,16045.0,59,16070.0,8,16040.0,4,16075.0,181,16035.0,7,16080.0,22,16030.0,36
1597988266150733056,1597988266424999936,2020-08-21 13:37:46.425000,16055.0,16100.0,15955.0,16085.0,nan,16023.959,18993,1521715225.0,23756,16060.0,14,16050.0,13,16065.0,8,16045.0,61,16070.0,8,16040.0,4,16075.0,181,16035.0,7,16080.0,22,16030.0,36
1597988271607781888,1597988271913000192,2020-08-21 13:37:51.913000,16055.0,16100.0,15955.0,16085.0,nan,16023.959,18993,1521715225.0,23756,16060.0,14,16050.0,14,16065.0,8,16045.0,61,16070.0,8,16040.0,4,16075.0,181,16035.0,7,16080.0,22,16030.0,36
1597988274122333952,1597988274432000000,2020-08-21 13:37:54.432000,16055.0,16100.0,15955.0,16085.0,nan,16023.959,18993,1521715225.0,23756,16060.0,14,16050.0,14,16065.0,8,16045.0,61,16070.0,13,16040.0,4,16075.0,181,16035.0,7,16080.0,22,16030.0,36
1597988276641328128,1597988276926000128,2020-08-21 13:37:56.926000,16050.0,16100.0,15955.0,16085.0,nan,16023.96,18994,1521795475.0,23756,16060.0,14,16050.0,13,16065.0,8,16045.0,61,16070.0,13,16040.0,4,16075.0,181,16035.0,7,16080.0,22,16030.0,36
1597988277232992000,1597988277428999936,2020-08-21 13:37:57.429000,16050.0,16100.0,15955.0,16085.0,nan,16023.96,18994,1521795475.0,23756,16060.0,14,16050.0,13,16065.0,8,16045.0,61,16070.0,13,16040.0,4,16075.0,181,16035.0,7,16080.0,22,16030.0,35
1597988279142628096,1597988279436000000,2020-08-21 13:37:59.436000,16050.0,16100.0,15955.0,16085.0,nan,16023.96,18994,1521795475.0,23756,16055.0,1,16050.0,13,16060.0,14,16045.0,61,16065.0,8,16040.0,4,16070.0,13,16035.0,7,16075.0,181,16030.0,35
1597988279659143936,1597988280138000128,2020-08-21 13:38:00.138000,16055.0,16100.0,15955.0,16085.0,nan,16023.962,18995,1521875750.0,23755,16060.0,14,16050.0,14,16065.0,8,16045.0,61,16070.0,14,16040.0,4,16075.0,181,16035.0,7,16080.0,22,16030.0,35
1597988281130413056,1597988281405999872,2020-08-21 13:38:01.406000,16055.0,16100.0,15955.0,16085.0,nan,16023.962,18995,1521875750.0,23755,16060.0,14,16055.0,1,16065.0,8,16050.0,14,16070.0,14,16045.0,62,16075.0,181,16040.0,4,16080.0,22,16035.0,7
1597988281620421888,1597988281924999936,2020-08-21 13:38:01.925000,16055.0,16100.0,15955.0,16085.0,nan,16023.962,18995,1521875750.0,23755,16060.0,14,16055.0,1,16065.0,8,16050.0,16,16070.0,14,16045.0,62,16075.0,181,16040.0,4,16080.0,22,16035.0,7
1597988282635586048,1597988282935000064,2020-08-21 13:38:02.935000,16055.0,16100.0,15955.0,16085.0,nan,16023.962,18995,1521875750.0,23755,16060.0,14,16055.0,1,16065.0,8,16050.0,15,16070.0,14,16045.0,62,16075.0,181,16040.0,4,16080.0,22,16035.0,7
1597988283119984128,1597988283430000128,2020-08-21 13:38:03.430000,16055.0,16100.0,15955.0,16085.0,nan,16023.962,18995,1521875750.0,23755,16060.0,14,16055.0,3,16065.0,8,16050.0,15,16070.0,14,16045.0,63,16075.0,181,16040.0,4,16080.0,22,16035.0,7
1597988283626238976,1597988283913000192,2020-08-21 13:38:03.913000,16055.0,16100.0,15955.0,16085.0,nan,16023.962,18995,1521875750.0,23755,16060.0,14,16055.0,5,16065.0,8,16050.0,26,16070.0,14,16045.0,63,16075.0,181,16040.0,4,16080.0,22,16035.0,7
1597988285123752960,1597988285413000192,2020-08-21 13:38:05.413000,16055.0,16100.0,15955.0,16085.0,nan,16023.962,18995,1521875750.0,23755,16060.0,14,16055.0,6,16065.0,8,16050.0,26,16070.0,14,16045.0,63,16075.0,181,16040.0,4,16080.0,22,16035.0,7
1597988287143297024,1597988287435000064,2020-08-21 13:38:07.435000,16055.0,16100.0,15955.0,16085.0,nan,16023.962,18995,1521875750.0,23755,16060.0,14,16055.0,6,16065.0,9,16050.0,26,16070.0,14,16045.0,63,16075.0,181,16040.0,4,16080.0,22,16035.0,7
1597988287624901888,1597988287937999872,2020-08-21 13:38:07.938000,16055.0,16100.0,15955.0,16085.0,nan,16023.962,18995,1521875750.0,23755,16060.0,14,16055.0,6,16065.0,9,16050.0,26,16070.0,14,16045.0,63,16075.0,181,16040.0,4,16080.0,22,16035.0,8
1597988288616730112,1597988288913000192,2020-08-21 13:38:08.913000,16060.0,16100.0,15955.0,16085.0,nan,16023.971,19000,1522277250.0,23755,16060.0,9,16055.0,6,16065.0,9,16050.0,26,16070.0,14,16045.0,63,16075.0,181,16040.0,4,16080.0,22,16035.0,8
1597988289111470080,1597988289432000000,2020-08-21 13:38:09.432000,16060.0,16100.0,15955.0,16085.0,nan,16023.971,19000,1522277250.0,23755,16060.0,9,16055.0,6,16065.0,9,16050.0,27,16070.0,14,16045.0,63,16075.0,181,16040.0,4,16080.0,22,16035.0,8
1597988290608282880,1597988290931000064,2020-08-21 13:38:10.931000,16060.0,16100.0,15955.0,16085.0,nan,16023.971,19000,1522277250.0,23755,16060.0,10,16055.0,6,16065.0,9,16050.0,27,16070.0,14,16045.0,63,16075.0,181,16040.0,4,16080.0,22,16035.0,8
1597988291627311104,1597988291936000000,2020-08-21 13:38:11.936000,16060.0,16100.0,15955.0,16085.0,nan,16023.971,19000,1522277250.0,23755,16060.0,11,16055.0,6,16065.0,9,16050.0,27,16070.0,14,16045.0,63,16075.0,181,16040.0,4,16080.0,22,16035.0,8
1597988296637869056,1597988296903000064,2020-08-21 13:38:16.903000,16060.0,16100.0,15955.0,16085.0,nan,16023.971,19000,1522277250.0,23755,16060.0,11,16055.0,6,16065.0,9,16050.0,27,16070.0,14,16045.0,60,16075.0,181,16040.0,4,16080.0,22,16035.0,8
1597988297146184960,1597988297424999936,2020-08-21 13:38:17.425000,16060.0,16100.0,15955.0,16085.0,nan,16023.973,19001,1522357550.0,23754,16060.0,11,16055.0,7,16065.0,9,16050.0,27,16070.0,14,16045.0,60,16075.0,181,16040.0,4,16080.0,22,16035.0,8
1597988300624336896,1597988300936999936,2020-08-21 13:38:20.937000,16060.0,16100.0,15955.0,16085.0,nan,16023.973,19001,1522357550.0,23754,16060.0,11,16055.0,5,16065.0,9,16050.0,27,16070.0,14,16045.0,60,16075.0,181,16040.0,4,16080.0,22,16035.0,8
1597988301941086976,1597988301933000192,2020-08-21 13:38:21.933000,16055.0,16100.0,15955.0,16085.0,nan,16023.975,19002,1522437825.0,23754,16060.0,11,16055.0,6,16065.0,9,16050.0,27,16070.0,14,16045.0,60,16075.0,181,16040.0,4,16080.0,22,16035.0,8
1597988302148137984,1597988302412000000,2020-08-21 13:38:22.412000,16055.0,16100.0,15955.0,16085.0,nan,16023.975,19002,1522437825.0,23754,16060.0,11,16055.0,8,16065.0,9,16050.0,30,16070.0,14,16045.0,60,16075.0,181,16040.0,4,16080.0,22,16035.0,8
1597988303818200064,1597988303917999872,2020-08-21 13:38:23.918000,16055.0,16100.0,15955.0,16085.0,nan,16023.976,19003,1522518100.0,23754,16060.0,11,16055.0,7,16065.0,9,16050.0,30,16070.0,14,16045.0,60,16075.0,181,16040.0,4,16080.0,22,16035.0,8
1597988304644700928,1597988304928999936,2020-08-21 13:38:24.929000,16055.0,16100.0,15955.0,16085.0,nan,16023.981,19006,1522758925.0,23752,16060.0,11,16055.0,4,16065.0,9,16050.0,30,16070.0,14,16045.0,60,16075.0,181,16040.0,4,16080.0,22,16035.0,8
1597988305124804096,1597988305433000192,2020-08-21 13:38:25.433000,16055.0,16100.0,15955.0,16085.0,nan,16023.981,19006,1522758925.0,23752,16060.0,11,16055.0,6,16065.0,9,16050.0,30,16070.0,14,16045.0,60,16075.0,181,16040.0,4,16080.0,22,16035.0,8
1597988305644208896,1597988305936999936,2020-08-21 13:38:25.937000,16055.0,16100.0,15955.0,16085.0,nan,16023.983,19007,1522839200.0,23752,16060.0,11,16055.0,5,16065.0,9,16050.0,30,16070.0,14,16045.0,60,16075.0,181,16040.0,4,16080.0,22,16035.0,8
1597988308140180992,1597988308432000000,2020-08-21 13:38:28.432000,16055.0,16100.0,15955.0,16085.0,nan,16023.983,19007,1522839200.0,23752,16060.0,11,16055.0,1,16065.0,9,16050.0,25,16070.0,14,16045.0,60,16075.0,181,16040.0,4,16080.0,22,16035.0,8
1597988309131091968,1597988309437999872,2020-08-21 13:38:29.438000,16055.0,16100.0,15955.0,16085.0,nan,16023.983,19007,1522839200.0,23752,16060.0,11,16055.0,5,16065.0,9,16050.0,25,16070.0,14,16045.0,60,16075.0,181,16040.0,4,16080.0,22,16035.0,8
1597988309920504064,1597988309937999872,2020-08-21 13:38:29.938000,16055.0,16100.0,15955.0,16085.0,nan,16023.983,19007,1522839200.0,23752,16060.0,11,16055.0,10,16065.0,9,16050.0,25,16070.0,14,16045.0,60,16075.0,181,16040.0,4,16080.0,22,16035.0,8
1597988310628731904,1597988310916000000,2020-08-21 13:38:30.916000,16055.0,16100.0,15955.0,16085.0,nan,16023.983,19007,1522839200.0,23752,16060.0,11,16055.0,11,16065.0,9,16050.0,25,16070.0,14,16045.0,60,16075.0,181,16040.0,4,16080.0,22,16035.0,8
1597988311622311936,1597988311936000000,2020-08-21 13:38:31.936000,16055.0,16100.0,15955.0,16085.0,nan,16023.983,19007,1522839200.0,23752,16060.0,11,16055.0,11,16065.0,9,16050.0,27,16070.0,14,16045.0,58,16075.0,181,16040.0,4,16080.0,22,16035.0,8
1597988312122516992,1597988312436999936,2020-08-21 13:38:32.437000,16055.0,16100.0,15955.0,16085.0,nan,16023.983,19007,1522839200.0,23752,16060.0,11,16055.0,9,16065.0,9,16050.0,27,16070.0,14,16045.0,58,16075.0,181,16040.0,4,16080.0,22,16035.0,8
1597988313122828032,1597988313424000000,2020-08-21 13:38:33.424000,16055.0,16100.0,15955.0,16085.0,nan,16023.983,19007,1522839200.0,23752,16060.0,11,16055.0,12,16065.0,9,16050.0,27,16070.0,14,16045.0,58,16075.0,181,16040.0,4,16080.0,22,16035.0,8
1597988315126533120,1597988315403000064,2020-08-21 13:38:35.403000,16055.0,16100.0,15955.0,16085.0,nan,16023.983,19007,1522839200.0,23752,16060.0,11,16055.0,14,16065.0,9,16050.0,27,16070.0,14,16045.0,58,16075.0,181,16040.0,4,16080.0,22,16035.0,8
1597988317130169088,1597988317431000064,2020-08-21 13:38:37.431000,16055.0,16100.0,15955.0,16085.0,nan,16023.983,19007,1522839200.0,23752,16060.0,10,16055.0,14,16065.0,9,16050.0,27,16070.0,14,16045.0,58,16075.0,181,16040.0,4,16080.0,22,16035.0,8
1597988318167665920,1597988318714999808,2020-08-21 13:38:38.715000,16055.0,16100.0,15955.0,16085.0,nan,16023.986,19009,1522999750.0,23751,16060.0,10,16055.0,14,16065.0,9,16050.0,27,16070.0,14,16045.0,58,16075.0,181,16040.0,4,16080.0,22,16035.0,8
1597988318618632960,1597988318931000064,2020-08-21 13:38:38.931000,16060.0,16100.0,15955.0,16085.0,nan,16024.005,19019,1523802750.0,23755,16065.0,9,16055.0,15,16070.0,14,16050.0,27,16075.0,181,16045.0,58,16080.0,22,16040.0,4,16085.0,15,16035.0,8
1597988319116574976,1597988319404000000,2020-08-21 13:38:39.404000,16060.0,16100.0,15955.0,16085.0,nan,16024.005,19019,1523802750.0,23755,16065.0,9,16055.0,16,16070.0,13,16050.0,26,16075.0,181,16045.0,58,16080.0,23,16040.0,4,16085.0,15,16035.0,8
1597988319630896128,1597988319927000064,2020-08-21 13:38:39.927000,16060.0,16100.0,15955.0,16085.0,nan,16024.005,19019,1523802750.0,23755,16065.0,10,16060.0,1,16070.0,13,16055.0,16,16075.0,181,16050.0,28,16080.0,23,16045.0,56,16085.0,15,16040.0,4
1597988320140896000,1597988320428999936,2020-08-21 13:38:40.429000,16060.0,16100.0,15955.0,16085.0,nan,16024.005,19019,1523802750.0,23755,16065.0,9,16060.0,2,16070.0,13,16055.0,15,16075.0,181,16050.0,29,16080.0,23,16045.0,57,16085.0,14,16040.0,5
1597988320622422016,1597988320934000128,2020-08-21 13:38:40.934000,16060.0,16100.0,15955.0,16085.0,nan,16024.011,19022,1524043650.0,23752,16060.0,1,16055.0,15,16065.0,9,16050.0,29,16070.0,14,16045.0,57,16075.0,181,16040.0,5,16080.0,23,16035.0,8
1597988321141583104,1597988321436999936,2020-08-21 13:38:41.437000,16055.0,16100.0,15955.0,16085.0,nan,16024.016,19025,1524284500.0,23752,16065.0,9,16055.0,13,16070.0,14,16050.0,29,16075.0,181,16045.0,57,16080.0,23,16040.0,5,16085.0,14,16035.0,8
1597988321626882048,1597988321938999808,2020-08-21 13:38:41.939000,16065.0,16100.0,15955.0,16085.0,nan,16024.018,19026,1524364825.0,23752,16065.0,8,16060.0,1,16070.0,14,16055.0,13,16075.0,181,16050.0,30,16080.0,23,16045.0,57,16085.0,14,16040.0,15
1597988322130392064,1597988322426000128,2020-08-21 13:38:42.426000,16060.0,16100.0,15955.0,16085.0,nan,16024.02,19027,1524445125.0,23751,16065.0,8,16055.0,13,16070.0,14,16050.0,30,16075.0,181,16045.0,57,16080.0,23,16040.0,15,16085.0,14,16035.0,8
1597988324630494976,1597988324895000064,2020-08-21 13:38:44.895000,16060.0,16100.0,15955.0,16085.0,nan,16024.02,19027,1524445125.0,23751,16065.0,8,16060.0,4,16070.0,14,16055.0,13,16075.0,181,16050.0,30,16080.0,23,16045.0,57,16085.0,14,16040.0,15
1597988325138904064,1597988325424000000,2020-08-21 13:38:45.424000,16060.0,16100.0,15955.0,16085.0,nan,16024.024,19029,1524605725.0,23751,16065.0,8,16060.0,2,16070.0,14,16055.0,13,16075.0,181,16050.0,30,16080.0,23,16045.0,57,16085.0,14,16040.0,15
1597988325679491072,1597988325935000064,2020-08-21 13:38:45.935000,16060.0,16100.0,15955.0,16085.0,nan,16024.024,19029,1524605725.0,23751,16065.0,8,16060.0,4,16070.0,14,16055.0,11,16075.0,181,16050.0,30,16080.0,23,16045.0,57,16085.0,14,16040.0,15
1597988326233254912,1597988326413000192,2020-08-21 13:38:46.413000,16060.0,16100.0,15955.0,16085.0,nan,16024.031,19033,1524926925.0,23751,16065.0,8,16060.0,3,16070.0,14,16055.0,11,16075.0,181,16050.0,30,16080.0,23,16045.0,57,16085.0,14,16040.0,15
1597988327124486912,1597988327434000128,2020-08-21 13:38:47.434000,16060.0,16100.0,15955.0,16085.0,nan,16024.031,19033,1524926925.0,23751,16065.0,12,16060.0,6,16070.0,14,16055.0,11,16075.0,181,16050.0,30,16080.0,23,16045.0,57,16085.0,14,16040.0,15
1597988330653970944,1597988330931000064,2020-08-21 13:38:50.931000,16065.0,16100.0,15955.0,16085.0,nan,16024.033,19034,1525007250.0,23752,16065.0,11,16060.0,12,16070.0,14,16055.0,11,16075.0,181,16050.0,30,16080.0,23,16045.0,57,16085.0,14,16040.0,15
1597988333756186880,1597988333913000192,2020-08-21 13:38:53.913000,16065.0,16100.0,15955.0,16085.0,nan,16024.033,19034,1525007250.0,23752,16065.0,12,16060.0,12,16070.0,14,16055.0,11,16075.0,181,16050.0,30,16080.0,23,16045.0,57,16085.0,14,16040.0,15
1597988337144788992,1597988337416999936,2020-08-21 13:38:57.417000,16065.0,16100.0,15955.0,16085.0,nan,16024.033,19034,1525007250.0,23752,16065.0,12,16060.0,10,16070.0,14,16055.0,11,16075.0,181,16050.0,30,16080.0,23,16045.0,57,16085.0,14,16040.0,15
1597988339637868032,1597988339934000128,2020-08-21 13:38:59.934000,16065.0,16100.0,15955.0,16085.0,nan,16024.033,19034,1525007250.0,23752,16065.0,12,16060.0,11,16070.0,14,16055.0,11,16075.0,181,16050.0,30,16080.0,23,16045.0,57,16085.0,14,16040.0,15
1597988340141828096,1597988340432000000,2020-08-21 13:39:00.432000,16065.0,16100.0,15955.0,16085.0,nan,16024.044,19039,1525408875.0,23748,16065.0,7,16060.0,11,16070.0,14,16055.0,11,16075.0,181,16050.0,30,16080.0,23,16045.0,57,16085.0,14,16040.0,15
1597988340669165056,1597988340924000000,2020-08-21 13:39:00.924000,16065.0,16100.0,15955.0,16085.0,nan,16024.046,19040,1525489200.0,23749,16065.0,6,16060.0,11,16070.0,14,16055.0,11,16075.0,181,16050.0,30,16080.0,23,16045.0,57,16085.0,14,16040.0,15
1597988341661166080,1597988341936999936,2020-08-21 13:39:01.937000,16065.0,16100.0,15955.0,16085.0,nan,16024.048,19041,1525569525.0,23749,16065.0,5,16060.0,11,16070.0,14,16055.0,13,16075.0,181,16050.0,25,16080.0,23,16045.0,57,16085.0,14,16040.0,15
1597988342168897024,1597988342410000128,2020-08-21 13:39:02.410000,16065.0,16100.0,15955.0,16085.0,nan,16024.048,19041,1525569525.0,23749,16065.0,5,16060.0,11,16070.0,14,16055.0,13,16075.0,182,16050.0,25,16080.0,23,16045.0,57,16085.0,14,16040.0,15
1597988342725690880,1597988342924999936,2020-08-21 13:39:02.925000,16065.0,16100.0,15955.0,16085.0,nan,16024.051,19042,1525649850.0,23749,16065.0,5,16060.0,14,16070.0,14,16055.0,13,16075.0,182,16050.0,25,16080.0,23,16045.0,57,16085.0,14,16040.0,15
1597988343670921984,1597988343936999936,2020-08-21 13:39:03.937000,16065.0,16100.0,15955.0,16085.0,nan,16024.053,19043,1525730175.0,23749,16065.0,5,16060.0,16,16070.0,14,16055.0,13,16075.0,182,16050.0,25,16080.0,23,16045.0,57,16085.0,14,16040.0,15
1597988344153259008,1597988344374000128,2020-08-21 13:39:04.374000,16065.0,16100.0,15955.0,16085.0,nan,16024.053,19043,1525730175.0,23749,16065.0,6,16060.0,16,16070.0,14,16055.0,13,16075.0,182,16050.0,25,16080.0,23,16045.0,57,16085.0,14,16040.0,15
1597988344621116928,1597988344918999808,2020-08-21 13:39:04.919000,16065.0,16100.0,15955.0,16085.0,nan,16024.055,19044,1525810500.0,23749,16065.0,5,16060.0,16,16070.0,14,16055.0,13,16075.0,182,16050.0,25,16080.0,23,16045.0,57,16085.0,14,16040.0,15
1597988346158246912,1597988346420999936,2020-08-21 13:39:06.421000,16065.0,16100.0,15955.0,16085.0,nan,16024.055,19044,1525810500.0,23749,16065.0,6,16060.0,17,16070.0,14,16055.0,13,16075.0,182,16050.0,25,16080.0,23,16045.0,57,16085.0,14,16040.0,15
1597988347650643968,1597988347923000064,2020-08-21 13:39:07.923000,16065.0,16100.0,15955.0,16085.0,nan,16024.055,19044,1525810500.0,23749,16065.0,9,16060.0,17,16070.0,14,16055.0,13,16075.0,182,16050.0,25,16080.0,23,16045.0,57,16085.0,14,16040.0,15
1597988348145043968,1597988348430000128,2020-08-21 13:39:08.430000,16060.0,16100.0,15955.0,16085.0,nan,16024.085,19060,1527095300.0,23745,16065.0,10,16055.0,13,16070.0,14,16050.0,25,16075.0,182,16045.0,57,16080.0,23,16040.0,15,16085.0,14,16035.0,5
1597988348642041088,1597988348932000000,2020-08-21 13:39:08.932000,16055.0,16100.0,15955.0,16085.0,nan,16024.096,19066,1527577075.0,23744,16065.0,10,16060.0,2,16070.0,14,16055.0,12,16075.0,182,16050.0,23,16080.0,23,16045.0,57,16085.0,14,16040.0,15
1597988349195896064,1597988349437999872,2020-08-21 13:39:09.438000,16060.0,16100.0,15955.0,16085.0,nan,16024.1,19068,1527737675.0,23744,16060.0,2,16055.0,12,16065.0,13,16050.0,23,16070.0,17,16045.0,60,16075.0,182,16040.0,15,16080.0,23,16035.0,5
1597988349608794880,1597988349898000128,2020-08-21 13:39:09.898000,16060.0,16100.0,15955.0,16085.0,nan,16024.1,19068,1527737675.0,23744,16060.0,6,16055.0,13,16065.0,18,16050.0,23,16070.0,17,16045.0,60,16075.0,182,16040.0,15,16080.0,23,16035.0,5
1597988350115631104,1597988350412000000,2020-08-21 13:39:10.412000,16060.0,16100.0,15955.0,16085.0,nan,16024.1,19068,1527737675.0,23744,16060.0,9,16055.0,8,16065.0,18,16050.0,23,16070.0,17,16045.0,60,16075.0,182,16040.0,14,16080.0,23,16035.0,5
1597988350661466112,1597988350888000000,2020-08-21 13:39:10.888000,16060.0,16100.0,15955.0,16085.0,nan,16024.1,19068,1527737675.0,23744,16060.0,9,16055.0,8,16065.0,21,16050.0,23,16070.0,14,16045.0,60,16075.0,182,16040.0,14,16080.0,23,16035.0,6
1597988351146148096,1597988351423000064,2020-08-21 13:39:11.423000,16060.0,16100.0,15955.0,16085.0,nan,16024.1,19068,1527737675.0,23744,16060.0,9,16055.0,9,16065.0,21,16050.0,23,16070.0,14,16045.0,60,16075.0,182,16040.0,14,16080.0,23,16035.0,6
1597988352689083904,1597988352927000064,2020-08-21 13:39:12.927000,16060.0,16100.0,15955.0,16085.0,nan,16024.1,19068,1527737675.0,23744,16060.0,9,16055.0,12,16065.0,21,16050.0,23,16070.0,14,16045.0,60,16075.0,182,16040.0,14,16080.0,23,16035.0,6
1597988353180136960,1597988353404999936,2020-08-21 13:39:13.405000,16060.0,16100.0,15955.0,16085.0,nan,16024.1,19068,1527737675.0,23744,16060.0,7,16055.0,12,16065.0,21,16050.0,23,16070.0,14,16045.0,60,16075.0,182,16040.0,14,16080.0,23,16035.0,6
1597988353634394880,1597988353924999936,2020-08-21 13:39:13.925000,16060.0,16100.0,15955.0,16085.0,nan,16024.1,19068,1527737675.0,23744,16060.0,4,16055.0,12,16065.0,18,16050.0,23,16070.0,17,16045.0,60,16075.0,182,16040.0,14,16080.0,23,16035.0,6
1597988354132402944,1597988354382999808,2020-08-21 13:39:14.383000,16060.0,16100.0,15955.0,16085.0,nan,16024.1,19068,1527737675.0,23744,16060.0,2,16055.0,12,16065.0,21,16050.0,23,16070.0,17,16045.0,60,16075.0,182,16040.0,14,16080.0,23,16035.0,6
1597988354636464896,1597988354903000064,2020-08-21 13:39:14.903000,16060.0,16100.0,15955.0,16085.0,nan,16024.1,19068,1527737675.0,23744,16060.0,2,16055.0,13,16065.0,21,16050.0,23,16070.0,17,16045.0,60,16075.0,182,16040.0,14,16080.0,23,16035.0,6
1597988356631142912,1597988356924999936,2020-08-21 13:39:16.925000,16060.0,16100.0,15955.0,16085.0,nan,16024.1,19068,1527737675.0,23744,16060.0,6,16055.0,13,16065.0,21,16050.0,23,16070.0,17,16045.0,60,16075.0,182,16040.0,14,16080.0,23,16035.0,6
1597988357130752000,1597988357430000128,2020-08-21 13:39:17.430000,16060.0,16100.0,15955.0,16085.0,nan,16024.1,19068,1527737675.0,23744,16060.0,9,16055.0,12,16065.0,21,16050.0,23,16070.0,17,16045.0,60,16075.0,182,16040.0,14,16080.0,23,16035.0,6
1597988357631838976,1597988357931000064,2020-08-21 13:39:17.931000,16060.0,16100.0,15955.0,16085.0,nan,16024.1,19068,1527737675.0,23744,16060.0,9,16055.0,9,16065.0,21,16050.0,23,16070.0,17,16045.0,60,16075.0,182,16040.0,14,16080.0,23,16035.0,6
1597988358132476928,1597988358344000000,2020-08-21 13:39:18.344000,16060.0,16100.0,15955.0,16085.0,nan,16024.1,19068,1527737675.0,23744,16060.0,10,16055.0,9,16065.0,21,16050.0,23,16070.0,17,16045.0,60,16075.0,182,16040.0,14,16080.0,23,16035.0,6
1597988358633620992,1597988358920000000,2020-08-21 13:39:18.920000,16060.0,16100.0,15955.0,16085.0,nan,16024.1,19068,1527737675.0,23744,16060.0,11,16055.0,9,16065.0,21,16050.0,23,16070.0,17,16045.0,60,16075.0,182,16040.0,14,16080.0,23,16035.0,6
1597988361130669056,1597988361430000128,2020-08-21 13:39:21.430000,16060.0,16100.0,15955.0,16085.0,nan,16024.1,19068,1527737675.0,23744,16060.0,12,16055.0,9,16065.0,21,16050.0,23,16070.0,17,16045.0,60,16075.0,182,16040.0,14,16080.0,23,16035.0,6
1597988361624960000,1597988361904000000,2020-08-21 13:39:21.904000,16055.0,16100.0,15955.0,16085.0,nan,16024.116,19078,1528540425.0,23740,16055.0,20,16050.0,24,16060.0,12,16045.0,60,16065.0,21,16040.0,14,16070.0,17,16035.0,6,16075.0,182,16030.0,34
1597988362127684096,1597988362424999936,2020-08-21 13:39:22.425000,16055.0,16100.0,15955.0,16085.0,nan,16024.116,19078,1528540425.0,23740,16055.0,21,16050.0,24,16060.0,13,16045.0,59,16065.0,21,16040.0,14,16070.0,16,16035.0,8,16075.0,182,16030.0,34
1597988362670905088,1597988362903000064,2020-08-21 13:39:22.903000,16055.0,16100.0,15955.0,16085.0,nan,16024.116,19078,1528540425.0,23740,16055.0,21,16050.0,23,16060.0,13,16045.0,59,16065.0,21,16040.0,14,16070.0,16,16035.0,8,16075.0,182,16030.0,34
1597988363141054976,1597988363433000192,2020-08-21 13:39:23.433000,16060.0,16100.0,15955.0,16085.0,nan,16024.174,19112,1531270100.0,23714,16065.0,23,16060.0,66,16070.0,13,16050.0,23,16075.0,182,16045.0,56,16080.0,23,16040.0,17,16085.0,14,16035.0,8
1597988363629436928,1597988363923000064,2020-08-21 13:39:23.923000,16055.0,16100.0,15955.0,16085.0,nan,16024.299,19179,1536650175.0,23702,16060.0,7,16055.0,3,16065.0,21,16050.0,23,16070.0,13,16045.0,56,16075.0,182,16040.0,17,16080.0,23,16035.0,7
1597988364117560064,1597988364416000000,2020-08-21 13:39:24.416000,16055.0,16100.0,15955.0,16085.0,nan,16024.304,19182,1536891000.0,23700,16055.0,6,16050.0,26,16060.0,8,16045.0,56,16065.0,23,16040.0,14,16070.0,16,16035.0,7,16075.0,182,16030.0,34
1597988364637875968,1597988364924999936,2020-08-21 13:39:24.925000,16055.0,16100.0,15955.0,16085.0,nan,16024.315,19189,1537452925.0,23695,16060.0,8,16055.0,3,16065.0,23,16050.0,23,16070.0,16,16045.0,59,16075.0,182,16040.0,14,16080.0,23,16035.0,7
1597988365134119936,1597988365427000064,2020-08-21 13:39:25.427000,16055.0,16100.0,15955.0,16085.0,nan,16024.315,19189,1537452925.0,23695,16060.0,10,16055.0,5,16065.0,23,16050.0,23,16070.0,16,16045.0,56,16075.0,182,16040.0,17,16080.0,23,16035.0,7
1597988365631411968,1597988365927000064,2020-08-21 13:39:25.927000,16055.0,16100.0,15955.0,16085.0,nan,16024.315,19189,1537452925.0,23695,16060.0,8,16055.0,5,16065.0,25,16050.0,23,16070.0,13,16045.0,56,16075.0,182,16040.0,17,16080.0,23,16035.0,7
1597988367668635904,1597988367901999872,2020-08-21 13:39:27.902000,16055.0,16100.0,15955.0,16085.0,nan,16024.315,19189,1537452925.0,23695,16060.0,8,16055.0,5,16065.0,25,16050.0,23,16070.0,14,16045.0,56,16075.0,182,16040.0,17,16080.0,23,16035.0,7
1597988368128653056,1597988368420999936,2020-08-21 13:39:28.421000,16055.0,16100.0,15955.0,16085.0,nan,16024.315,19189,1537452925.0,23695,16060.0,8,16055.0,5,16065.0,25,16050.0,18,16070.0,14,16045.0,56,16075.0,182,16040.0,17,16080.0,23,16035.0,7
1597988372131115008,1597988372426000128,2020-08-21 13:39:32.426000,16055.0,16100.0,15955.0,16085.0,nan,16024.315,19189,1537452925.0,23695,16060.0,8,16055.0,5,16065.0,25,16050.0,23,16070.0,14,16045.0,56,16075.0,182,16040.0,17,16080.0,23,16035.0,7
1597988372635788032,1597988372927000064,2020-08-21 13:39:32.927000,16055.0,16100.0,15955.0,16085.0,nan,16024.315,19189,1537452925.0,23695,16060.0,9,16055.0,5,16065.0,25,16050.0,23,16070.0,14,16045.0,56,16075.0,182,16040.0,17,16080.0,23,16035.0,7
1597988373135351040,1597988373426000128,2020-08-21 13:39:33.426000,16055.0,16100.0,15955.0,16085.0,nan,16024.315,19189,1537452925.0,23695,16060.0,9,16055.0,7,16065.0,25,16050.0,23,16070.0,14,16045.0,56,16075.0,182,16040.0,17,16080.0,23,16035.0,7
1597988376645114112,1597988376935000064,2020-08-21 13:39:36.935000,16055.0,16100.0,15955.0,16085.0,nan,16024.315,19189,1537452925.0,23695,16060.0,9,16055.0,13,16065.0,25,16050.0,23,16070.0,14,16045.0,56,16075.0,182,16040.0,17,16080.0,23,16035.0,7
1597988377133976064,1597988377420999936,2020-08-21 13:39:37.421000,16055.0,16100.0,15955.0,16085.0,nan,16024.315,19189,1537452925.0,23695,16060.0,8,16055.0,13,16065.0,25,16050.0,23,16070.0,14,16045.0,56,16075.0,182,16040.0,17,16080.0,23,16035.0,7
1597988377644279040,1597988377936000000,2020-08-21 13:39:37.936000,16055.0,16100.0,15955.0,16085.0,nan,16024.315,19189,1537452925.0,23695,16060.0,8,16055.0,13,16065.0,25,16050.0,23,16070.0,14,16045.0,3,16075.0,182,16040.0,17,16080.0,23,16035.0,7
1597988384620378880,1597988384924000000,2020-08-21 13:39:44.924000,16055.0,16100.0,15955.0,16085.0,nan,16024.315,19189,1537452925.0,23695,16060.0,8,16055.0,13,16065.0,25,16050.0,76,16070.0,14,16045.0,3,16075.0,182,16040.0,17,16080.0,23,16035.0,7
1597988385138835968,1597988385400999936,2020-08-21 13:39:45.401000,16060.0,16100.0,15955.0,16085.0,nan,16024.33,19197,1538095325.0,23693,16065.0,25,16055.0,15,16070.0,14,16050.0,76,16075.0,179,16045.0,3,16080.0,23,16040.0,17,16085.0,14,16035.0,7
1597988385614128896,1597988385924000000,2020-08-21 13:39:45.924000,16060.0,16100.0,15955.0,16085.0,nan,16024.33,19197,1538095325.0,23693,16065.0,25,16055.0,16,16070.0,15,16050.0,76,16075.0,179,16045.0,3,16080.0,23,16040.0,17,16085.0,14,16035.0,7
1597988386626707968,1597988386927000064,2020-08-21 13:39:46.927000,16060.0,16100.0,15955.0,16085.0,nan,16024.332,19198,1538175625.0,23694,16065.0,25,16060.0,4,16070.0,15,16055.0,16,16075.0,179,16050.0,76,16080.0,23,16045.0,3,16085.0,14,16040.0,17
1597988387141217024,1597988387426000128,2020-08-21 13:39:47.426000,16060.0,16100.0,15955.0,16085.0,nan,16024.336,19200,1538336225.0,23695,16065.0,25,16060.0,2,16070.0,15,16055.0,13,16075.0,179,16050.0,76,16080.0,23,16045.0,6,16085.0,14,16040.0,15
1597988387633861888,1597988387872000000,2020-08-21 13:39:47.872000,16060.0,16100.0,15955.0,16085.0,nan,16024.339,19202,1538496825.0,23696,16060.0,3,16055.0,13,16065.0,22,16050.0,79,16070.0,18,16045.0,3,16075.0,179,16040.0,15,16080.0,23,16035.0,6
1597988388126171904,1597988388436999936,2020-08-21 13:39:48.437000,16060.0,16100.0,15955.0,16085.0,nan,16024.345,19205,1538737725.0,23693,16065.0,15,16060.0,7,16070.0,18,16055.0,13,16075.0,179,16050.0,76,16080.0,23,16045.0,6,16085.0,14,16040.0,15
1597988388632990976,1597988388936000000,2020-08-21 13:39:48.936000,16065.0,16100.0,15955.0,16085.0,nan,16024.347,19206,1538818050.0,23693,16065.0,14,16060.0,7,16070.0,18,16055.0,13,16075.0,179,16050.0,76,16080.0,23,16045.0,3,16085.0,14,16040.0,18
1597988389137221120,1597988389374000128,2020-08-21 13:39:49.374000,16065.0,16100.0,15955.0,16085.0,nan,16024.347,19206,1538818050.0,23693,16065.0,14,16060.0,7,16070.0,18,16055.0,13,16075.0,178,16050.0,76,16080.0,23,16045.0,6,16085.0,14,16040.0,15
1597988389616228096,1597988389934000128,2020-08-21 13:39:49.934000,16065.0,16100.0,15955.0,16085.0,nan,16024.347,19206,1538818050.0,23693,16065.0,14,16060.0,7,16070.0,18,16055.0,13,16075.0,178,16050.0,76,16080.0,24,16045.0,6,16085.0,14,16040.0,15
1597988390163127040,1597988390432000000,2020-08-21 13:39:50.432000,16065.0,16100.0,15955.0,16085.0,nan,16024.347,19206,1538818050.0,23693,16065.0,14,16060.0,7,16070.0,18,16055.0,14,16075.0,178,16050.0,76,16080.0,24,16045.0,6,16085.0,14,16040.0,15
1597988391630757120,1597988391932000000,2020-08-21 13:39:51.932000,16065.0,16100.0,15955.0,16085.0,nan,16024.347,19206,1538818050.0,23693,16065.0,14,16060.0,11,16070.0,18,16055.0,14,16075.0,178,16050.0,76,16080.0,24,16045.0,6,16085.0,14,16040.0,15
1597988392132261120,1597988392435000064,2020-08-21 13:39:52.435000,16060.0,16100.0,15955.0,16085.0,nan,16024.349,19207,1538898350.0,23692,16065.0,14,16060.0,10,16070.0,18,16055.0,14,16075.0,178,16050.0,76,16080.0,24,16045.0,6,16085.0,14,16040.0,15
1597988393165630976,1597988393432000000,2020-08-21 13:39:53.432000,16065.0,16100.0,15955.0,16085.0,nan,16024.37,19217,1539701600.0,23697,16065.0,4,16060.0,10,16070.0,18,16055.0,14,16075.0,178,16050.0,76,16080.0,24,16045.0,6,16085.0,14,16040.0,16
1597988393622772992,1597988393904999936,2020-08-21 13:39:53.905000,16065.0,16100.0,15955.0,16085.0,nan,16024.379,19221,1540022900.0,23697,16070.0,18,16060.0,12,16075.0,178,16055.0,14,16080.0,24,16050.0,76,16085.0,14,16045.0,6,16090.0,7,16040.0,16
1597988394118872064,1597988394424999936,2020-08-21 13:39:54.425000,16065.0,16100.0,15955.0,16085.0,nan,16024.379,19221,1540022900.0,23697,16065.0,1,16060.0,12,16070.0,18,16055.0,14,16075.0,178,16050.0,76,16080.0,23,16045.0,6,16085.0,15,16040.0,16
1597988394651580928,1597988394903000064,2020-08-21 13:39:54.903000,16065.0,16100.0,15955.0,16085.0,nan,16024.379,19221,1540022900.0,23697,16065.0,1,16060.0,12,16070.0,22,16055.0,14,16075.0,178,16050.0,76,16080.0,23,16045.0,6,16085.0,15,16040.0,16
1597988395634244096,1597988395937999872,2020-08-21 13:39:55.938000,16065.0,16100.0,15955.0,16085.0,nan,16024.379,19221,1540022900.0,23697,16065.0,1,16060.0,12,16070.0,25,16055.0,14,16075.0,178,16050.0,76,16080.0,23,16045.0,6,16085.0,15,16040.0,16
1597988396138319104,1597988396436000000,2020-08-21 13:39:56.436000,16065.0,16100.0,15955.0,16085.0,nan,16024.379,19221,1540022900.0,23697,16065.0,1,16060.0,12,16070.0,25,16055.0,14,16075.0,178,16050.0,75,16080.0,23,16045.0,6,16085.0,15,16040.0,16
1597988396686609920,1597988396937999872,2020-08-21 13:39:56.938000,16065.0,16100.0,15955.0,16085.0,nan,16024.379,19221,1540022900.0,23697,16065.0,1,16060.0,12,16070.0,25,16055.0,14,16075.0,178,16050.0,22,16080.0,23,16045.0,6,16085.0,15,16040.0,16
1597988397118467072,1597988397437999872,2020-08-21 13:39:57.438000,16065.0,16100.0,15955.0,16085.0,nan,16024.379,19221,1540022900.0,23697,16065.0,3,16060.0,12,16070.0,25,16055.0,14,16075.0,178,16050.0,22,16080.0,23,16045.0,6,16085.0,15,16040.0,16
1597988397648679936,1597988397901999872,2020-08-21 13:39:57.902000,16065.0,16100.0,15955.0,16085.0,nan,16024.379,19221,1540022900.0,23697,16065.0,5,16060.0,12,16070.0,25,16055.0,14,16075.0,178,16050.0,22,16080.0,23,16045.0,6,16085.0,15,16040.0,16
1597988398175173888,1597988398421999872,2020-08-21 13:39:58.422000,16065.0,16100.0,15955.0,16085.0,nan,16024.379,19221,1540022900.0,23697,16065.0,5,16060.0,9,16070.0,25,16055.0,14,16075.0,178,16050.0,22,16080.0,23,16045.0,6,16085.0,15,16040.0,16
1597988399130128896,1597988399408999936,2020-08-21 13:39:59.409000,16065.0,16100.0,15955.0,16085.0,nan,16024.379,19221,1540022900.0,23697,16065.0,5,16060.0,9,16070.0,26,16055.0,14,16075.0,178,16050.0,22,16080.0,23,16045.0,6,16085.0,15,16040.0,16
1597988401120886016,1597988401428999936,2020-08-21 13:40:01.429000,16065.0,16100.0,15955.0,16085.0,nan,16024.379,19221,1540022900.0,23697,16065.0,5,16060.0,12,16070.0,26,16055.0,67,16075.0,178,16050.0,22,16080.0,23,16045.0,6,16085.0,15,16040.0,16
1597988401634522112,1597988401930000128,2020-08-21 13:40:01.930000,16065.0,16100.0,15955.0,16085.0,nan,16024.379,19221,1540022900.0,23697,16065.0,1,16060.0,12,16070.0,26,16055.0,67,16075.0,178,16050.0,22,16080.0,23,16045.0,6,16085.0,15,16040.0,16
1597988402153812992,1597988402413000192,2020-08-21 13:40:02.413000,16060.0,16100.0,15955.0,16085.0,nan,16024.383,19223,1540183525.0,23696,16070.0,29,16060.0,12,16075.0,178,16055.0,66,16080.0,23,16050.0,22,16085.0,15,16045.0,6,16090.0,7,16040.0,16
1597988402629009920,1597988402918999808,2020-08-21 13:40:02.919000,16070.0,16100.0,15955.0,16085.0,nan,16024.402,19232,1540906500.0,23693,16070.0,27,16065.0,4,16075.0,178,16060.0,11,16080.0,23,16055.0,66,16085.0,15,16050.0,22,16090.0,7,16045.0,6
1597988403135654912,1597988403432000000,2020-08-21 13:40:03.432000,16065.0,16100.0,15955.0,16085.0,nan,16024.413,19237,1541308125.0,23691,16065.0,5,16060.0,10,16070.0,25,16055.0,65,16075.0,178,16050.0,22,16080.0,23,16045.0,11,16085.0,15,16040.0,16
1597988403633516032,1597988403924000000,2020-08-21 13:40:03.924000,16060.0,16100.0,15955.0,16085.0,nan,16024.422,19242,1541709625.0,23690,16070.0,28,16060.0,4,16075.0,178,16055.0,65,16080.0,23,16050.0,22,16085.0,15,16045.0,11,16090.0,7,16040.0,16
1597988404168361984,1597988404411000064,2020-08-21 13:40:04.411000,16060.0,16100.0,15955.0,16085.0,nan,16024.422,19242,1541709625.0,23690,16065.0,5,16060.0,6,16070.0,28,16055.0,65,16075.0,178,16050.0,22,16080.0,23,16045.0,11,16085.0,15,16040.0,16
1597988404656154112,1597988404903000064,2020-08-21 13:40:04.903000,16060.0,16100.0,15955.0,16085.0,nan,16024.422,19242,1541709625.0,23690,16065.0,5,16060.0,5,16070.0,28,16055.0,65,16075.0,178,16050.0,22,16080.0,23,16045.0,11,16085.0,15,16040.0,16
1597988405141594112,1597988405420000000,2020-08-21 13:40:05.420000,16065.0,16100.0,15955.0,16085.0,nan,16024.426,19244,1541870275.0,23692,16065.0,4,16060.0,5,16070.0,28,16055.0,65,16075.0,178,16050.0,22,16080.0,23,16045.0,11,16085.0,15,16040.0,16
1597988405653445120,1597988405897000192,2020-08-21 13:40:05.897000,16060.0,16100.0,15955.0,16085.0,nan,16024.43,19246,1542030875.0,23692,16065.0,6,16060.0,3,16070.0,28,16055.0,65,16075.0,178,16050.0,22,16080.0,23,16045.0,11,16085.0,15,16040.0,16
1597988406151598080,1597988406427000064,2020-08-21 13:40:06.427000,16060.0,16100.0,15955.0,16085.0,nan,16024.43,19246,1542030875.0,23692,16065.0,9,16060.0,3,16070.0,28,16055.0,65,16075.0,178,16050.0,22,16080.0,23,16045.0,11,16085.0,15,16040.0,16
1597988406633520896,1597988406927000064,2020-08-21 13:40:06.927000,16065.0,16100.0,15955.0,16085.0,nan,16024.449,19255,1542753800.0,23690,16070.0,28,16060.0,5,16075.0,178,16055.0,65,16080.0,23,16050.0,22,16085.0,15,16045.0,11,16090.0,7,16040.0,16
1597988407280100096,1597988407437999872,2020-08-21 13:40:07.438000,16065.0,16100.0,15955.0,16085.0,nan,16024.449,19255,1542753800.0,23690,16070.0,21,16060.0,7,16075.0,178,16055.0,65,16080.0,21,16050.0,22,16085.0,15,16045.0,12,16090.0,7,16040.0,16
1597988408156151040,1597988408431000064,2020-08-21 13:40:08.431000,16065.0,16100.0,15955.0,16085.0,nan,16024.449,19255,1542753800.0,23690,16070.0,21,16060.0,11,16075.0,178,16055.0,65,16080.0,21,16050.0,22,16085.0,15,16045.0,12,16090.0,7,16040.0,16
1597988411641778944,1597988411924999936,2020-08-21 13:40:11.925000,16060.0,16100.0,15955.0,16085.0,nan,16024.451,19256,1542834100.0,23690,16070.0,21,16060.0,10,16075.0,178,16055.0,65,16080.0,21,16050.0,22,16085.0,15,16045.0,12,16090.0,7,16040.0,16
1597988413676604928,1597988413916000000,2020-08-21 13:40:13.916000,16060.0,16100.0,15955.0,16085.0,nan,16024.451,19256,1542834100.0,23690,16065.0,1,16060.0,10,16070.0,21,16055.0,65,16075.0,178,16050.0,22,16080.0,21,16045.0,12,16085.0,15,16040.0,16
1597988414147912960,1597988414356000000,2020-08-21 13:40:14.356000,16060.0,16100.0,15955.0,16085.0,nan,16024.451,19256,1542834100.0,23690,16065.0,1,16060.0,10,16070.0,21,16055.0,65,16075.0,178,16050.0,22,16080.0,22,16045.0,12,16085.0,15,16040.0,16
1597988414634799104,1597988414920999936,2020-08-21 13:40:14.921000,16060.0,16100.0,15955.0,16085.0,nan,16024.451,19256,1542834100.0,23690,16065.0,3,16060.0,10,16070.0,21,16055.0,65,16075.0,178,16050.0,22,16080.0,22,16045.0,12,16085.0,15,16040.0,16
1597988415129093120,1597988415437999872,2020-08-21 13:40:15.438000,16060.0,16100.0,15955.0,16085.0,nan,16024.451,19256,1542834100.0,23690,16065.0,5,16060.0,10,16070.0,21,16055.0,65,16075.0,178,16050.0,22,16080.0,22,16045.0,12,16085.0,15,16040.0,16
1597988415714372096,1597988415935000064,2020-08-21 13:40:15.935000,16060.0,16100.0,15955.0,16085.0,nan,16024.451,19256,1542834100.0,23690,16065.0,5,16060.0,9,16070.0,21,16055.0,65,16075.0,178,16050.0,22,16080.0,22,16045.0,12,16085.0,15,16040.0,16
1597988417653315072,1597988417892999936,2020-08-21 13:40:17.893000,16060.0,16100.0,15955.0,16085.0,nan,16024.451,19256,1542834100.0,23690,16065.0,5,16060.0,9,16070.0,21,16055.0,12,16075.0,178,16050.0,22,16080.0,22,16045.0,12,16085.0,15,16040.0,16
1597988418142725120,1597988418427000064,2020-08-21 13:40:18.427000,16065.0,16100.0,15955.0,16085.0,nan,16024.467,19265,1543556825.0,23692,16065.0,5,16055.0,13,16070.0,21,16050.0,22,16075.0,178,16045.0,12,16080.0,22,16040.0,16,16085.0,15,16035.0,5
1597988418635855104,1597988418931000064,2020-08-21 13:40:18.931000,16055.0,16100.0,15955.0,16085.0,nan,16024.469,19266,1543637100.0,23692,16065.0,7,16055.0,12,16070.0,21,16050.0,22,16075.0,178,16045.0,12,16080.0,22,16040.0,16,16085.0,15,16035.0,5
1597988419140110080,1597988419430000128,2020-08-21 13:40:19.430000,16055.0,16100.0,15955.0,16085.0,nan,16024.469,19266,1543637100.0,23692,16060.0,2,16055.0,14,16065.0,7,16050.0,24,16070.0,21,16045.0,12,16075.0,178,16040.0,16,16080.0,22,16035.0,5
1597988419655467008,1597988419924999936,2020-08-21 13:40:19.925000,16055.0,16100.0,15955.0,16085.0,nan,16024.469,19266,1543637100.0,23692,16060.0,2,16055.0,14,16065.0,8,16050.0,24,16070.0,21,16045.0,12,16075.0,178,16040.0,16,16080.0,23,16035.0,5
1597988420117761024,1597988420433000192,2020-08-21 13:40:20.433000,16055.0,16100.0,15955.0,16085.0,nan,16024.469,19266,1543637100.0,23692,16060.0,4,16055.0,14,16065.0,10,16050.0,34,16070.0,21,16045.0,12,16075.0,178,16040.0,16,16080.0,23,16035.0,5
1597988420684988928,1597988420932000000,2020-08-21 13:40:20.932000,16055.0,16100.0,15955.0,16085.0,nan,16024.472,19268,1543797650.0,23693,16060.0,4,16055.0,9,16065.0,10,16050.0,32,16070.0,21,16045.0,11,16075.0,178,16040.0,16,16080.0,23,16035.0,5
1597988421119495936,1597988421390000128,2020-08-21 13:40:21.390000,16060.0,16100.0,15955.0,16085.0,nan,16024.494,19281,1544841325.0,23702,16065.0,10,16060.0,49,16070.0,21,16050.0,32,16075.0,178,16045.0,11,16080.0,22,16040.0,16,16085.0,14,16035.0,6
1597988421635341056,1597988421928000000,2020-08-21 13:40:21.928000,16060.0,16100.0,15955.0,16085.0,nan,16024.525,19298,1546206425.0,23719,16065.0,11,16060.0,33,16070.0,22,16055.0,3,16075.0,178,16050.0,32,16080.0,22,16045.0,8,16085.0,14,16040.0,19
1597988422120521984,1597988422401999872,2020-08-21 13:40:22.402000,16060.0,16100.0,15955.0,16085.0,nan,16024.54,19306,1546848825.0,23723,16065.0,18,16060.0,25,16070.0,22,16055.0,3,16075.0,178,16050.0,32,16080.0,22,16045.0,11,16085.0,14,16040.0,16
1597988422656710912,1597988422921999872,2020-08-21 13:40:22.922000,16065.0,16100.0,15955.0,16085.0,nan,16024.588,19332,1548936650.0,23734,16065.0,17,16055.0,3,16070.0,22,16050.0,32,16075.0,178,16045.0,11,16080.0,22,16040.0,16,16085.0,14,16035.0,6
1597988423127048960,1597988423430000128,2020-08-21 13:40:23.430000,16055.0,16100.0,15955.0,16085.0,nan,16024.589,19333,1549016925.0,23735,16060.0,3,16055.0,4,16065.0,15,16050.0,32,16070.0,22,16045.0,11,16075.0,178,16040.0,16,16080.0,22,16035.0,6
1597988423629637888,1597988423857000192,2020-08-21 13:40:23.857000,16055.0,16100.0,15955.0,16085.0,nan,16024.589,19333,1549016925.0,23735,16060.0,2,16055.0,5,16065.0,17,16050.0,32,16070.0,22,16045.0,11,16075.0,178,16040.0,16,16080.0,22,16035.0,6
1597988424170416896,1597988424434000128,2020-08-21 13:40:24.434000,16055.0,16100.0,15955.0,16085.0,nan,16024.589,19333,1549016925.0,23735,16060.0,2,16055.0,5,16065.0,17,16050.0,32,16070.0,22,16045.0,8,16075.0,178,16040.0,19,16080.0,22,16035.0,6
1597988427175139072,1597988427434000128,2020-08-21 13:40:27.434000,16055.0,16100.0,15955.0,16085.0,nan,16024.589,19333,1549016925.0,23735,16060.0,2,16055.0,5,16065.0,17,16050.0,32,16070.0,22,16045.0,8,16075.0,178,16040.0,18,16080.0,22,16035.0,6
1597988429128535040,1597988429424999936,2020-08-21 13:40:29.425000,16055.0,16100.0,15955.0,16085.0,nan,16024.589,19333,1549016925.0,23735,16060.0,2,16055.0,5,16065.0,17,16050.0,32,16070.0,22,16045.0,9,16075.0,178,16040.0,18,16080.0,22,16035.0,6
1597988431126710016,1597988431431000064,2020-08-21 13:40:31.431000,16060.0,16100.0,15955.0,16085.0,nan,16024.593,19335,1549177525.0,23734,16065.0,17,16055.0,11,16070.0,22,16050.0,32,16075.0,178,16045.0,9,16080.0,22,16040.0,18,16085.0,14,16035.0,6
1597988431637475072,1597988431912000000,2020-08-21 13:40:31.912000,16060.0,16100.0,15955.0,16085.0,nan,16024.595,19336,1549257825.0,23734,16065.0,17,16055.0,11,16070.0,22,16050.0,32,16075.0,178,16045.0,9,16080.0,22,16040.0,18,16085.0,14,16035.0,6
1597988432137190912,1597988432428000000,2020-08-21 13:40:32.428000,16060.0,16100.0,15955.0,16085.0,nan,16024.595,19336,1549257825.0,23734,16060.0,1,16055.0,11,16065.0,10,16050.0,32,16070.0,22,16045.0,12,16075.0,178,16040.0,15,16080.0,22,16035.0,6
1597988432617958912,1597988432936999936,2020-08-21 13:40:32.937000,16060.0,16100.0,15955.0,16085.0,nan,16024.597,19337,1549338125.0,23734,16065.0,10,16055.0,11,16070.0,22,16050.0,32,16075.0,178,16045.0,12,16080.0,22,16040.0,15,16085.0,14,16035.0,6
1597988433119737088,1597988433437999872,2020-08-21 13:40:33.438000,16060.0,16100.0,15955.0,16085.0,nan,16024.597,19337,1549338125.0,23734,16065.0,10,16055.0,11,16070.0,22,16050.0,32,16075.0,178,16045.0,11,16080.0,22,16040.0,15,16085.0,14,16035.0,6
1597988433802851072,1597988433934000128,2020-08-21 13:40:33.934000,16055.0,16100.0,15955.0,16085.0,nan,16024.598,19338,1549418400.0,23735,16060.0,1,16055.0,10,16065.0,10,16050.0,32,16070.0,22,16045.0,11,16075.0,178,16040.0,15,16080.0,22,16035.0,6
1597988434121127936,1597988434405999872,2020-08-21 13:40:34.406000,16055.0,16100.0,15955.0,16085.0,nan,16024.598,19338,1549418400.0,23735,16060.0,1,16055.0,10,16065.0,10,16050.0,23,16070.0,22,16045.0,11,16075.0,178,16040.0,15,16080.0,22,16035.0,6
1597988436156931072,1597988436435000064,2020-08-21 13:40:36.435000,16055.0,16100.0,15955.0,16085.0,nan,16024.598,19338,1549418400.0,23735,16060.0,1,16055.0,10,16065.0,10,16050.0,24,16070.0,22,16045.0,11,16075.0,178,16040.0,15,16080.0,22,16035.0,6
1597988436614526976,1597988436894000128,2020-08-21 13:40:36.894000,16055.0,16100.0,15955.0,16085.0,nan,16024.601,19340,1549578950.0,23736,16060.0,2,16055.0,8,16065.0,10,16050.0,24,16070.0,22,16045.0,11,16075.0,178,16040.0,15,16080.0,22,16035.0,6
1597988437115271936,1597988437357000192,2020-08-21 13:40:37.357000,16055.0,16100.0,15955.0,16085.0,nan,16024.601,19340,1549578950.0,23736,16060.0,3,16055.0,9,16065.0,10,16050.0,24,16070.0,22,16045.0,11,16075.0,178,16040.0,15,16080.0,22,16035.0,6
1597988437622089984,1597988437937999872,2020-08-21 13:40:37.938000,16055.0,16100.0,15955.0,16085.0,nan,16024.601,19340,1549578950.0,23736,16060.0,2,16055.0,9,16065.0,11,16050.0,24,16070.0,22,16045.0,11,16075.0,178,16040.0,15,16080.0,22,16035.0,6
1597988438128518912,1597988438430000128,2020-08-21 13:40:38.430000,16055.0,16100.0,15955.0,16085.0,nan,16024.601,19340,1549578950.0,23736,16060.0,4,16055.0,7,16065.0,11,16050.0,24,16070.0,22,16045.0,11,16075.0,178,16040.0,15,16080.0,22,16035.0,6
1597988443121070080,1597988443434000128,2020-08-21 13:40:43.434000,16055.0,16100.0,15955.0,16085.0,nan,16024.601,19340,1549578950.0,23736,16060.0,4,16055.0,7,16065.0,11,16050.0,24,16070.0,19,16045.0,11,16075.0,178,16040.0,15,16080.0,22,16035.0,6
1597988443649409024,1597988443938999808,2020-08-21 13:40:43.939000,16055.0,16100.0,15955.0,16085.0,nan,16024.603,19341,1549659225.0,23736,16060.0,24,16055.0,6,16065.0,11,16050.0,24,16070.0,19,16045.0,11,16075.0,178,16040.0,15,16080.0,22,16035.0,6
1597988444136037120,1597988444435000064,2020-08-21 13:40:44.435000,16055.0,16100.0,15955.0,16085.0,nan,16024.608,19344,1549900050.0,23736,16060.0,24,16050.0,23,16065.0,11,16045.0,11,16070.0,19,16040.0,15,16075.0,178,16035.0,6,16080.0,22,16030.0,32
1597988444674701056,1597988444905999872,2020-08-21 13:40:44.906000,16055.0,16100.0,15955.0,16085.0,nan,16024.608,19344,1549900050.0,23736,16060.0,24,16055.0,1,16065.0,11,16050.0,23,16070.0,19,16045.0,11,16075.0,178,16040.0,14,16080.0,22,16035.0,7
1597988445144163072,1597988445427000064,2020-08-21 13:40:45.427000,16055.0,16100.0,15955.0,16085.0,nan,16024.611,19346,1550060600.0,23735,16055.0,1,16050.0,23,16060.0,24,16045.0,11,16065.0,11,16040.0,14,16070.0,19,16035.0,7,16075.0,178,16030.0,32
1597988445629496064,1597988445926000128,2020-08-21 13:40:45.926000,16055.0,16100.0,15955.0,16085.0,nan,16024.612,19347,1550140875.0,23734,16060.0,25,16055.0,3,16065.0,11,16050.0,23,16070.0,19,16045.0,11,16075.0,178,16040.0,14,16080.0,22,16035.0,7
1597988446157334016,1597988446435000064,2020-08-21 13:40:46.435000,16055.0,16100.0,15955.0,16085.0,nan,16024.612,19347,1550140875.0,23734,16060.0,26,16055.0,3,16065.0,14,16050.0,23,16070.0,16,16045.0,11,16075.0,178,16040.0,14,16080.0,22,16035.0,7
1597988446611164928,1597988446924999936,2020-08-21 13:40:46.925000,16055.0,16100.0,15955.0,16085.0,nan,16024.612,19347,1550140875.0,23734,16060.0,26,16055.0,5,16065.0,11,16050.0,23,16070.0,19,16045.0,11,16075.0,178,16040.0,14,16080.0,22,16035.0,7
1597988448115845120,1597988448424999936,2020-08-21 13:40:48.425000,16055.0,16100.0,15955.0,16085.0,nan,16024.612,19347,1550140875.0,23734,16060.0,26,16055.0,5,16065.0,11,16050.0,24,16070.0,19,16045.0,11,16075.0,178,16040.0,14,16080.0,22,16035.0,7
1597988448637711872,1597988448924999936,2020-08-21 13:40:48.925000,16055.0,16100.0,15955.0,16085.0,nan,16024.612,19347,1550140875.0,23734,16060.0,26,16055.0,5,16065.0,12,16050.0,24,16070.0,19,16045.0,11,16075.0,178,16040.0,14,16080.0,22,16035.0,7
1597988450117158912,1597988450418999808,2020-08-21 13:40:50.419000,16055.0,16100.0,15955.0,16085.0,nan,16024.612,19347,1550140875.0,23734,16060.0,26,16055.0,5,16065.0,12,16050.0,24,16070.0,19,16045.0,11,16075.0,177,16040.0,14,16080.0,22,16035.0,7
1597988451617366016,1597988451933000192,2020-08-21 13:40:51.933000,16055.0,16100.0,15955.0,16085.0,nan,16024.612,19347,1550140875.0,23734,16060.0,25,16055.0,5,16065.0,12,16050.0,24,16070.0,20,16045.0,11,16075.0,177,16040.0,14,16080.0,22,16035.0,7
1597988452128952064,1597988452424999936,2020-08-21 13:40:52.425000,16055.0,16100.0,15955.0,16085.0,nan,16024.614,19348,1550221150.0,23733,16060.0,25,16055.0,4,16065.0,12,16050.0,24,16070.0,20,16045.0,11,16075.0,177,16040.0,14,16080.0,22,16035.0,7
1597988452631218944,1597988452930000128,2020-08-21 13:40:52.930000,16055.0,16100.0,15955.0,16085.0,nan,16024.614,19348,1550221150.0,23733,16060.0,26,16055.0,4,16065.0,12,16050.0,24,16070.0,20,16045.0,11,16075.0,177,16040.0,14,16080.0,22,16035.0,7
1597988453144659968,1597988453424999936,2020-08-21 13:40:53.425000,16055.0,16100.0,15955.0,16085.0,nan,16024.62,19352,1550542250.0,23731,16060.0,26,16050.0,24,16065.0,12,16045.0,11,16070.0,20,16040.0,14,16075.0,177,16035.0,7,16080.0,22,16030.0,33
1597988454116930048,1597988454428000000,2020-08-21 13:40:54.428000,16050.0,16100.0,15955.0,16085.0,nan,16024.622,19353,1550622500.0,23732,16060.0,26,16050.0,23,16065.0,12,16045.0,11,16070.0,20,16040.0,14,16075.0,177,16035.0,7,16080.0,22,16030.0,33
1597988455138812928,1597988455435000064,2020-08-21 13:40:55.435000,16050.0,16100.0,15955.0,16085.0,nan,16024.622,19353,1550622500.0,23732,16060.0,26,16050.0,23,16065.0,11,16045.0,11,16070.0,20,16040.0,14,16075.0,177,16035.0,7,16080.0,22,16030.0,33
1597988457605531904,1597988457931000064,2020-08-21 13:40:57.931000,16050.0,16100.0,15955.0,16085.0,nan,16024.623,19354,1550702750.0,23733,16055.0,1,16050.0,22,16060.0,26,16045.0,11,16065.0,11,16040.0,14,16070.0,20,16035.0,7,16075.0,177,16030.0,33
1597988458118086912,1597988458434000128,2020-08-21 13:40:58.434000,16050.0,16100.0,15955.0,16085.0,nan,16024.623,19354,1550702750.0,23733,16055.0,1,16050.0,22,16060.0,26,16045.0,11,16065.0,11,16040.0,14,16070.0,20,16035.0,7,16075.0,178,16030.0,33
1597988458618258944,1597988458926000128,2020-08-21 13:40:58.926000,16055.0,16100.0,15955.0,16085.0,nan,16024.624,19355,1550783025.0,23732,16060.0,26,16050.0,22,16065.0,11,16045.0,11,16070.0,20,16040.0,14,16075.0,178,16035.0,7,16080.0,22,16030.0,33
1597988459122904064,1597988459404000000,2020-08-21 13:40:59.404000,16055.0,16100.0,15955.0,16085.0,nan,16024.624,19355,1550783025.0,23732,16060.0,26,16050.0,22,16065.0,14,16045.0,11,16070.0,17,16040.0,14,16075.0,178,16035.0,7,16080.0,22,16030.0,33
1597988459628228096,1597988459904000000,2020-08-21 13:40:59.904000,16055.0,16100.0,15955.0,16085.0,nan,16024.624,19355,1550783025.0,23732,16060.0,26,16050.0,22,16065.0,11,16045.0,11,16070.0,17,16040.0,14,16075.0,178,16035.0,7,16080.0,22,16030.0,33
1597988460142296064,1597988460424999936,2020-08-21 13:41:00.425000,16055.0,16100.0,15955.0,16085.0,nan,16024.624,19355,1550783025.0,23732,16060.0,27,16050.0,23,16065.0,11,16045.0,11,16070.0,17,16040.0,14,16075.0,178,16035.0,7,16080.0,22,16030.0,33
1597988461306266112,1597988461427000064,2020-08-21 13:41:01.427000,16055.0,16100.0,15955.0,16085.0,nan,16024.624,19355,1550783025.0,23732,16060.0,27,16055.0,2,16065.0,11,16050.0,23,16070.0,17,16045.0,11,16075.0,178,16040.0,14,16080.0,22,16035.0,7
1597988461627194112,1597988461891000064,2020-08-21 13:41:01.891000,16055.0,16100.0,15955.0,16085.0,nan,16024.624,19355,1550783025.0,23732,16060.0,27,16055.0,2,16065.0,11,16050.0,24,16070.0,17,16045.0,11,16075.0,178,16040.0,14,16080.0,22,16035.0,7
1597988462144467968,1597988462420999936,2020-08-21 13:41:02.421000,16055.0,16100.0,15955.0,16085.0,nan,16024.624,19355,1550783025.0,23732,16060.0,27,16055.0,2,16065.0,12,16050.0,24,16070.0,17,16045.0,11,16075.0,178,16040.0,14,16080.0,22,16035.0,7
1597988463126936064,1597988463430000128,2020-08-21 13:41:03.430000,16055.0,16100.0,15955.0,16085.0,nan,16024.624,19355,1550783025.0,23732,16060.0,27,16055.0,2,16065.0,12,16050.0,26,16070.0,17,16045.0,11,16075.0,178,16040.0,14,16080.0,22,16035.0,7
1597988463614865920,1597988463935000064,2020-08-21 13:41:03.935000,16055.0,16100.0,15955.0,16085.0,nan,16024.624,19355,1550783025.0,23732,16060.0,27,16055.0,6,16065.0,12,16050.0,26,16070.0,17,16045.0,12,16075.0,178,16040.0,14,16080.0,22,16035.0,6
1597988464151390976,1597988464432000000,2020-08-21 13:41:04.432000,16055.0,16100.0,15955.0,16085.0,nan,16024.626,19356,1550863300.0,23732,16060.0,26,16055.0,8,16065.0,12,16050.0,26,16070.0,17,16045.0,12,16075.0,178,16040.0,14,16080.0,22,16035.0,6
1597988466632568064,1597988466938999808,2020-08-21 13:41:06.939000,16055.0,16100.0,15955.0,16085.0,nan,16024.626,19356,1550863300.0,23732,16060.0,25,16055.0,9,16065.0,12,16050.0,26,16070.0,17,16045.0,12,16075.0,178,16040.0,14,16080.0,22,16035.0,6
1597988468627559936,1597988468913000192,2020-08-21 13:41:08.913000,16055.0,16100.0,15955.0,16085.0,nan,16024.626,19356,1550863300.0,23732,16060.0,25,16055.0,9,16065.0,12,16050.0,25,16070.0,17,16045.0,12,16075.0,178,16040.0,14,16080.0,22,16035.0,6
1597988470669364992,1597988470926000128,2020-08-21 13:41:10.926000,16055.0,16100.0,15955.0,16085.0,nan,16024.626,19356,1550863300.0,23732,16060.0,25,16055.0,10,16065.0,12,16050.0,25,16070.0,17,16045.0,12,16075.0,178,16040.0,14,16080.0,22,16035.0,6
1597988473125324032,1597988473436000000,2020-08-21 13:41:13.436000,16055.0,16100.0,15955.0,16085.0,nan,16024.626,19356,1550863300.0,23732,16060.0,25,16055.0,10,16065.0,12,16050.0,24,16070.0,17,16045.0,12,16075.0,178,16040.0,14,16080.0,22,16035.0,6
1597988477630931968,1597988477934000128,2020-08-21 13:41:17.934000,16055.0,16100.0,15955.0,16085.0,nan,16024.637,19363,1551425225.0,23726,16060.0,25,16055.0,5,16065.0,12,16050.0,24,16070.0,17,16045.0,12,16075.0,178,16040.0,14,16080.0,22,16035.0,6
1597988478169772032,1597988478742000128,2020-08-21 13:41:18.742000,16055.0,16100.0,15955.0,16085.0,nan,16024.645,19368,1551826600.0,23722,16060.0,25,16055.0,2,16065.0,12,16050.0,24,16070.0,17,16045.0,12,16075.0,178,16040.0,14,16080.0,22,16035.0,6
1597988478656915968,1597988478927000064,2020-08-21 13:41:18.927000,16055.0,16100.0,15955.0,16085.0,nan,16024.648,19370,1551987150.0,23722,16060.0,25,16050.0,24,16065.0,12,16045.0,12,16070.0,17,16040.0,14,16075.0,178,16035.0,6,16080.0,22,16030.0,33
1597988479139277056,1597988479433000192,2020-08-21 13:41:19.433000,16055.0,16100.0,15955.0,16085.0,nan,16024.648,19370,1551987150.0,23722,16060.0,25,16050.0,22,16065.0,12,16045.0,13,16070.0,17,16040.0,14,16075.0,178,16035.0,6,16080.0,22,16030.0,33
1597988479630843904,1597988479936000000,2020-08-21 13:41:19.936000,16055.0,16100.0,15955.0,16085.0,nan,16024.648,19370,1551987150.0,23722,16055.0,1,16050.0,22,16060.0,25,16045.0,13,16065.0,12,16040.0,14,16070.0,17,16035.0,7,16075.0,178,16030.0,33
1597988480121937920,1597988480416999936,2020-08-21 13:41:20.417000,16055.0,16100.0,15955.0,16085.0,nan,16024.648,19370,1551987150.0,23722,16060.0,25,16050.0,22,16065.0,12,16045.0,13,16070.0,20,16040.0,14,16075.0,178,16035.0,7,16080.0,22,16030.0,33
1597988482140307968,1597988482430000128,2020-08-21 13:41:22.430000,16055.0,16100.0,15955.0,16085.0,nan,16024.648,19370,1551987150.0,23722,16055.0,3,16050.0,22,16060.0,25,16045.0,13,16065.0,12,16040.0,14,16070.0,20,16035.0,7,16075.0,178,16030.0,33
1597988483131580928,1597988483434000128,2020-08-21 13:41:23.434000,16055.0,16100.0,15955.0,16085.0,nan,16024.648,19370,1551987150.0,23722,16055.0,5,16050.0,22,16060.0,25,16045.0,13,16065.0,12,16040.0,14,16070.0,20,16035.0,7,16075.0,178,16030.0,33
1597988484133455104,1597988484434000128,2020-08-21 13:41:24.434000,16055.0,16100.0,15955.0,16085.0,nan,16024.648,19370,1551987150.0,23722,16055.0,6,16050.0,22,16060.0,24,16045.0,13,16065.0,12,16040.0,14,16070.0,20,16035.0,7,16075.0,178,16030.0,33
1597988486156805888,1597988486721999872,2020-08-21 13:41:26.722000,16055.0,16100.0,15955.0,16085.0,nan,16024.648,19370,1551987150.0,23722,16055.0,6,16050.0,23,16060.0,24,16045.0,13,16065.0,12,16040.0,14,16070.0,20,16035.0,7,16075.0,178,16030.0,33
1597988488125272064,1597988488431000064,2020-08-21 13:41:28.431000,16055.0,16100.0,15955.0,16085.0,nan,16024.648,19370,1551987150.0,23722,16055.0,6,16050.0,22,16060.0,24,16045.0,13,16065.0,12,16040.0,14,16070.0,20,16035.0,7,16075.0,178,16030.0,33
1597988491641787904,1597988491914000128,2020-08-21 13:41:31.914000,16055.0,16100.0,15955.0,16085.0,nan,16024.648,19370,1551987150.0,23722,16055.0,6,16050.0,23,16060.0,24,16045.0,13,16065.0,12,16040.0,14,16070.0,20,16035.0,7,16075.0,178,16030.0,33
1597988492133850880,1597988492431000064,2020-08-21 13:41:32.431000,16055.0,16100.0,15955.0,16085.0,nan,16024.657,19376,1552468800.0,23725,16060.0,24,16050.0,23,16065.0,12,16045.0,13,16070.0,20,16040.0,14,16075.0,178,16035.0,7,16080.0,22,16030.0,33
1597988492635600896,1597988492917999872,2020-08-21 13:41:32.918000,16055.0,16100.0,15955.0,16085.0,nan,16024.657,19376,1552468800.0,23725,16060.0,24,16050.0,23,16065.0,12,16045.0,13,16070.0,20,16040.0,14,16075.0,178,16035.0,8,16080.0,22,16030.0,33
1597988494634091008,1597988494912000000,2020-08-21 13:41:34.912000,16055.0,16100.0,15955.0,16085.0,nan,16024.657,19376,1552468800.0,23725,16060.0,24,16055.0,1,16065.0,12,16050.0,23,16070.0,20,16045.0,13,16075.0,178,16040.0,14,16080.0,22,16035.0,8
1597988499618210048,1597988499934000128,2020-08-21 13:41:39.934000,16055.0,16100.0,15955.0,16085.0,nan,16024.657,19376,1552468800.0,23725,16060.0,24,16055.0,1,16065.0,12,16050.0,23,16070.0,15,16045.0,13,16075.0,178,16040.0,14,16080.0,22,16035.0,8
1597988500150304000,1597988500435000064,2020-08-21 13:41:40.435000,16055.0,16100.0,15955.0,16085.0,nan,16024.657,19376,1552468800.0,23725,16060.0,24,16055.0,5,16065.0,12,16050.0,28,16070.0,15,16045.0,13,16075.0,178,16040.0,14,16080.0,22,16035.0,8
1597988500617755904,1597988500921999872,2020-08-21 13:41:40.922000,16055.0,16100.0,15955.0,16085.0,nan,16024.657,19376,1552468800.0,23725,16060.0,24,16055.0,11,16065.0,12,16050.0,28,16070.0,15,16045.0,13,16075.0,178,16040.0,14,16080.0,22,16035.0,8
1597988501134542080,1597988501435000064,2020-08-21 13:41:41.435000,16055.0,16100.0,15955.0,16085.0,nan,16024.657,19376,1552468800.0,23725,16060.0,24,16055.0,11,16065.0,12,16050.0,30,16070.0,15,16045.0,11,16075.0,178,16040.0,14,16080.0,22,16035.0,8
1597988501611902976,1597988501934000128,2020-08-21 13:41:41.934000,16060.0,16100.0,15955.0,16085.0,nan,16024.701,19400,1554396000.0,23731,16065.0,12,16055.0,12,16070.0,15,16050.0,30,16075.0,178,16045.0,11,16080.0,22,16040.0,14,16085.0,14,16035.0,8
1597988502154376960,1597988502584999936,2020-08-21 13:41:42.585000,16060.0,16100.0,15955.0,16085.0,nan,16024.701,19400,1554396000.0,23731,16065.0,12,16060.0,3,16070.0,14,16055.0,13,16075.0,178,16050.0,33,16080.0,22,16045.0,8,16085.0,14,16040.0,14
1597988502635057920,1597988502908999936,2020-08-21 13:41:42.909000,16060.0,16100.0,15955.0,16085.0,nan,16024.701,19400,1554396000.0,23731,16065.0,10,16060.0,2,16070.0,14,16055.0,14,16075.0,178,16050.0,33,16080.0,22,16045.0,9,16085.0,14,16040.0,14
1597988503144923904,1597988503397000192,2020-08-21 13:41:43.397000,16060.0,16100.0,15955.0,16085.0,nan,16024.701,19400,1554396000.0,23731,16065.0,9,16060.0,6,16070.0,15,16055.0,14,16075.0,178,16050.0,31,16080.0,22,16045.0,9,16085.0,14,16040.0,14
1597988503689104896,1597988503921999872,2020-08-21 13:41:43.922000,16060.0,16100.0,15955.0,16085.0,nan,16024.701,19400,1554396000.0,23731,16065.0,9,16060.0,12,16070.0,15,16055.0,14,16075.0,177,16050.0,31,16080.0,22,16045.0,10,16085.0,14,16040.0,14
1597988504633595904,1597988504926000128,2020-08-21 13:41:44.926000,16060.0,16100.0,15955.0,16085.0,nan,16024.701,19400,1554396000.0,23731,16065.0,9,16060.0,12,16070.0,15,16055.0,14,16075.0,177,16050.0,32,16080.0,22,16045.0,10,16085.0,14,16040.0,14
1597988506615960064,1597988506926000128,2020-08-21 13:41:46.926000,16060.0,16100.0,15955.0,16085.0,nan,16024.701,19400,1554396000.0,23731,16065.0,9,16060.0,12,16070.0,15,16055.0,12,16075.0,177,16050.0,32,16080.0,22,16045.0,10,16085.0,14,16040.0,14
1597988509116602112,1597988509432000000,2020-08-21 13:41:49.432000,16060.0,16100.0,15955.0,16085.0,nan,16024.701,19400,1554396000.0,23731,16065.0,9,16060.0,12,16070.0,15,16055.0,14,16075.0,177,16050.0,32,16080.0,22,16045.0,10,16085.0,14,16040.0,14
1597988510124972032,1597988510437999872,2020-08-21 13:41:50.438000,16060.0,16100.0,15955.0,16085.0,nan,16024.701,19400,1554396000.0,23731,16065.0,9,16060.0,12,16070.0,15,16055.0,15,16075.0,177,16050.0,32,16080.0,22,16045.0,10,16085.0,14,16040.0,14
1597988513114789888,1597988513436999936,2020-08-21 13:41:53.437000,16060.0,16100.0,15955.0,16085.0,nan,16024.701,19400,1554396000.0,23731,16065.0,9,16060.0,12,16070.0,15,16055.0,15,16075.0,177,16050.0,32,16080.0,22,16045.0,10,16085.0,15,16040.0,14
1597988515627394048,1597988515927000064,2020-08-21 13:41:55.927000,16060.0,16100.0,15955.0,16085.0,nan,16024.701,19400,1554396000.0,23731,16065.0,9,16060.0,12,16070.0,15,16055.0,15,16075.0,177,16050.0,27,16080.0,22,16045.0,10,16085.0,15,16040.0,14
1597988517621862912,1597988517930000128,2020-08-21 13:41:57.930000,16060.0,16100.0,15955.0,16085.0,nan,16024.701,19400,1554396000.0,23731,16065.0,9,16060.0,8,16070.0,15,16055.0,15,16075.0,177,16050.0,27,16080.0,22,16045.0,10,16085.0,15,16040.0,14
1597988518116475904,1597988518431000064,2020-08-21 13:41:58.431000,16060.0,16100.0,15955.0,16085.0,nan,16024.701,19400,1554396000.0,23731,16065.0,9,16060.0,3,16070.0,15,16055.0,15,16075.0,177,16050.0,27,16080.0,22,16045.0,10,16085.0,15,16040.0,14
1597988518774684928,1597988518930000128,2020-08-21 13:41:58.930000,16060.0,16100.0,15955.0,16085.0,nan,16024.701,19400,1554396000.0,23731,16065.0,9,16055.0,15,16070.0,15,16050.0,27,16075.0,177,16045.0,10,16080.0,22,16040.0,14,16085.0,15,16035.0,5
1597988519148280064,1597988519436000000,2020-08-21 13:41:59.436000,16060.0,16100.0,15955.0,16085.0,nan,16024.701,19400,1554396000.0,23731,16065.0,9,16055.0,15,16070.0,15,16050.0,27,16075.0,177,16045.0,10,16080.0,23,16040.0,14,16085.0,15,16035.0,5
1597988519644701952,1597988519936999936,2020-08-21 13:41:59.937000,16060.0,16100.0,15955.0,16085.0,nan,16024.701,19400,1554396000.0,23731,16065.0,9,16055.0,15,16070.0,15,16050.0,29,16075.0,177,16045.0,10,16080.0,23,16040.0,14,16085.0,15,16035.0,5
1597988521135415040,1597988521368000000,2020-08-21 13:42:01.368000,16060.0,16100.0,15955.0,16085.0,nan,16024.701,19400,1554396000.0,23731,16065.0,9,16060.0,2,16070.0,15,16055.0,15,16075.0,177,16050.0,29,16080.0,23,16045.0,10,16085.0,15,16040.0,14
1597988522146138112,1597988522665999872,2020-08-21 13:42:02.666000,16060.0,16100.0,15955.0,16085.0,nan,16024.701,19400,1554396000.0,23731,16065.0,9,16060.0,2,16070.0,15,16055.0,18,16075.0,177,16050.0,29,16080.0,23,16045.0,10,16085.0,15,16040.0,14
1597988525118010112,1597988525421999872,2020-08-21 13:42:05.422000,16060.0,16100.0,15955.0,16085.0,nan,16024.705,19402,1554556600.0,23729,16060.0,3,16055.0,18,16065.0,9,16050.0,29,16070.0,15,16045.0,10,16075.0,177,16040.0,14,16080.0,23,16035.0,4
1597988525630891008,1597988525935000064,2020-08-21 13:42:05.935000,16060.0,16100.0,15955.0,16085.0,nan,16024.706,19403,1554636900.0,23728,16060.0,2,16055.0,21,16065.0,9,16050.0,29,16070.0,15,16045.0,10,16075.0,177,16040.0,14,16080.0,23,16035.0,4
1597988526623330048,1597988526920000000,2020-08-21 13:42:06.920000,16060.0,16100.0,15955.0,16085.0,nan,16024.706,19403,1554636900.0,23728,16060.0,2,16055.0,21,16065.0,9,16050.0,26,16070.0,15,16045.0,10,16075.0,177,16040.0,14,16080.0,23,16035.0,4
1597988528131559936,1597988528432000000,2020-08-21 13:42:08.432000,16060.0,16100.0,15955.0,16085.0,nan,16024.706,19403,1554636900.0,23728,16060.0,2,16055.0,21,16065.0,9,16050.0,26,16070.0,20,16045.0,10,16075.0,177,16040.0,14,16080.0,23,16035.0,4
1597988528632560896,1597988528936999936,2020-08-21 13:42:08.937000,16060.0,16100.0,15955.0,16085.0,nan,16024.706,19403,1554636900.0,23728,16060.0,2,16055.0,21,16065.0,10,16050.0,26,16070.0,19,16045.0,10,16075.0,177,16040.0,14,16080.0,23,16035.0,4
1597988535117669120,1597988535435000064,2020-08-21 13:42:15.435000,16055.0,16100.0,15955.0,16085.0,nan,16024.708,19404,1554717175.0,23728,16060.0,3,16055.0,20,16065.0,10,16050.0,26,16070.0,19,16045.0,10,16075.0,177,16040.0,14,16080.0,23,16035.0,4
1597988535645865984,1597988535928999936,2020-08-21 13:42:15.929000,16055.0,16100.0,15955.0,16085.0,nan,16024.708,19404,1554717175.0,23728,16060.0,4,16055.0,20,16065.0,10,16050.0,26,16070.0,19,16045.0,10,16075.0,177,16040.0,14,16080.0,23,16035.0,4
1597988536108941056,1597988536403000064,2020-08-21 13:42:16.403000,16055.0,16100.0,15955.0,16085.0,nan,16024.708,19404,1554717175.0,23728,16060.0,4,16055.0,19,16065.0,10,16050.0,26,16070.0,19,16045.0,10,16075.0,177,16040.0,19,16080.0,23,16035.0,4
1597988536647365120,1597988536931000064,2020-08-21 13:42:16.931000,16055.0,16100.0,15955.0,16085.0,nan,16024.708,19404,1554717175.0,23728,16060.0,4,16055.0,19,16065.0,10,16050.0,26,16070.0,19,16045.0,11,16075.0,177,16040.0,19,16080.0,23,16035.0,4
1597988545657148928,1597988545928999936,2020-08-21 13:42:25.929000,16055.0,16100.0,15955.0,16085.0,nan,16024.708,19404,1554717175.0,23728,16060.0,4,16055.0,19,16065.0,10,16050.0,23,16070.0,19,16045.0,11,16075.0,177,16040.0,19,16080.0,23,16035.0,4
1597988549140332032,1597988549428999936,2020-08-21 13:42:29.429000,16055.0,16100.0,15955.0,16085.0,nan,16024.708,19404,1554717175.0,23728,16060.0,4,16055.0,19,16065.0,12,16050.0,23,16070.0,19,16045.0,11,16075.0,177,16040.0,19,16080.0,23,16035.0,4
1597988550166043904,1597988550432000000,2020-08-21 13:42:30.432000,16055.0,16100.0,15955.0,16085.0,nan,16024.716,19409,1555118550.0,23730,16060.0,4,16055.0,14,16065.0,12,16050.0,23,16070.0,19,16045.0,11,16075.0,177,16040.0,19,16080.0,23,16035.0,4
1597988551139421952,1597988551437999872,2020-08-21 13:42:31.438000,16055.0,16100.0,15955.0,16085.0,nan,16024.717,19410,1555198825.0,23729,16060.0,7,16055.0,13,16065.0,12,16050.0,23,16070.0,19,16045.0,11,16075.0,177,16040.0,19,16080.0,23,16035.0,4
1597988551627353088,1597988551920999936,2020-08-21 13:42:31.921000,16055.0,16100.0,15955.0,16085.0,nan,16024.738,19423,1556242400.0,23734,16060.0,11,16055.0,1,16065.0,12,16050.0,23,16070.0,19,16045.0,11,16075.0,177,16040.0,19,16080.0,23,16035.0,4
1597988552128663040,1597988552436999936,2020-08-21 13:42:32.437000,16055.0,16100.0,15955.0,16085.0,nan,16024.739,19424,1556322675.0,23733,16055.0,2,16050.0,21,16060.0,11,16045.0,10,16065.0,12,16040.0,19,16070.0,19,16035.0,4,16075.0,177,16030.0,33
1597988552639442944,1597988552898000128,2020-08-21 13:42:32.898000,16055.0,16100.0,15955.0,16085.0,nan,16024.742,19426,1556483225.0,23733,16060.0,12,16050.0,21,16065.0,12,16045.0,11,16070.0,19,16040.0,20,16075.0,177,16035.0,5,16080.0,23,16030.0,33
1597988553129811968,1597988553437999872,2020-08-21 13:42:33.438000,16055.0,16100.0,15955.0,16085.0,nan,16024.742,19426,1556483225.0,23733,16060.0,13,16050.0,21,16065.0,12,16045.0,14,16070.0,19,16040.0,20,16075.0,177,16035.0,5,16080.0,23,16030.0,33
1597988554143815936,1597988554434000128,2020-08-21 13:42:34.434000,16055.0,16100.0,15955.0,16085.0,nan,16024.742,19426,1556483225.0,23733,16060.0,13,16055.0,3,16065.0,12,16050.0,21,16070.0,19,16045.0,14,16075.0,177,16040.0,20,16080.0,23,16035.0,5
1597988555633419008,1597988555932000000,2020-08-21 13:42:35.932000,16055.0,16100.0,15955.0,16085.0,nan,16024.742,19426,1556483225.0,23733,16060.0,13,16055.0,3,16065.0,12,16050.0,23,16070.0,19,16045.0,12,16075.0,177,16040.0,20,16080.0,23,16035.0,5
1597988556141904896,1597988556431000064,2020-08-21 13:42:36.431000,16055.0,16100.0,15955.0,16085.0,nan,16024.742,19426,1556483225.0,23733,16060.0,13,16055.0,3,16065.0,12,16050.0,26,16070.0,19,16045.0,12,16075.0,177,16040.0,20,16080.0,23,16035.0,5
1597988559669502976,1597988559936999936,2020-08-21 13:42:39.937000,16055.0,16100.0,15955.0,16085.0,nan,16024.742,19426,1556483225.0,23733,16060.0,14,16055.0,3,16065.0,12,16050.0,26,16070.0,19,16045.0,12,16075.0,177,16040.0,20,16080.0,23,16035.0,5
1597988561651525888,1597988561931000064,2020-08-21 13:42:41.931000,16055.0,16100.0,15955.0,16085.0,nan,16024.742,19426,1556483225.0,23733,16060.0,14,16055.0,3,16065.0,12,16050.0,24,16070.0,19,16045.0,12,16075.0,177,16040.0,20,16080.0,23,16035.0,5
1597988582123657984,1597988582438999808,2020-08-21 13:43:02.439000,16055.0,16100.0,15955.0,16085.0,nan,16024.742,19426,1556483225.0,23733,16060.0,14,16055.0,3,16065.0,12,16050.0,27,16070.0,19,16045.0,12,16075.0,177,16040.0,20,16080.0,23,16035.0,5
1597988583633160960,1597988583936000000,2020-08-21 13:43:03.936000,16055.0,16100.0,15955.0,16085.0,nan,16024.744,19427,1556563500.0,23732,16060.0,14,16055.0,2,16065.0,12,16050.0,27,16070.0,19,16045.0,12,16075.0,177,16040.0,20,16080.0,23,16035.0,5
1597988584143774976,1597988584437999872,2020-08-21 13:43:04.438000,16055.0,16100.0,15955.0,16085.0,nan,16024.744,19427,1556563500.0,23732,16060.0,14,16055.0,8,16065.0,12,16050.0,27,16070.0,19,16045.0,12,16075.0,177,16040.0,20,16080.0,23,16035.0,5
1597988584645078016,1597988584900000000,2020-08-21 13:43:04.900000,16055.0,16100.0,15955.0,16085.0,nan,16024.744,19427,1556563500.0,23732,16060.0,13,16055.0,8,16065.0,12,16050.0,27,16070.0,19,16045.0,12,16075.0,177,16040.0,20,16080.0,23,16035.0,5
1597988586147528960,1597988586426000128,2020-08-21 13:43:06.426000,16055.0,16100.0,15955.0,16085.0,nan,16024.747,19429,1556724050.0,23730,16060.0,13,16055.0,6,16065.0,12,16050.0,27,16070.0,19,16045.0,12,16075.0,177,16040.0,20,16080.0,23,16035.0,5
1597988586623898880,1597988586936000000,2020-08-21 13:43:06.936000,16060.0,16100.0,15955.0,16085.0,nan,16024.758,19436,1557286000.0,23725,16060.0,12,16055.0,13,16065.0,12,16050.0,29,16070.0,19,16045.0,12,16075.0,177,16040.0,20,16080.0,23,16035.0,5
1597988589145224960,1597988589328000000,2020-08-21 13:43:09.328000,16060.0,16100.0,15955.0,16085.0,nan,16024.758,19436,1557286000.0,23725,16060.0,12,16055.0,13,16065.0,12,16050.0,39,16070.0,19,16045.0,12,16075.0,177,16040.0,20,16080.0,23,16035.0,5
1597988591134519040,1597988591432000000,2020-08-21 13:43:11.432000,16060.0,16100.0,15955.0,16085.0,nan,16024.758,19436,1557286000.0,23725,16060.0,12,16055.0,14,16065.0,12,16050.0,39,16070.0,19,16045.0,12,16075.0,177,16040.0,20,16080.0,23,16035.0,5
1597988592764207104,1597988592914000128,2020-08-21 13:43:12.914000,16055.0,16100.0,15955.0,16085.0,nan,16024.76,19437,1557366275.0,23724,16060.0,12,16055.0,13,16065.0,12,16050.0,39,16070.0,19,16045.0,12,16075.0,177,16040.0,20,16080.0,23,16035.0,5
1597988594202028032,1597988594732999936,2020-08-21 13:43:14.733000,16055.0,16100.0,15955.0,16085.0,nan,16024.761,19438,1557446550.0,23724,16060.0,12,16055.0,12,16065.0,12,16050.0,39,16070.0,19,16045.0,12,16075.0,177,16040.0,20,16080.0,23,16035.0,5
1597988594632942080,1597988595000000000,2020-08-21 13:43:15.000000,16055.0,16100.0,15955.0,16085.0,nan,16024.761,19438,1557446550.0,23724,16060.0,12,16055.0,12,16065.0,12,16050.0,29,16070.0,19,16045.0,12,16075.0,177,16040.0,30,16080.0,23,16035.0,5
1597988596153463040,1597988596436999936,2020-08-21 13:43:16.437000,16055.0,16100.0,15955.0,16085.0,nan,16024.761,19438,1557446550.0,23724,16060.0,13,16055.0,12,16065.0,12,16050.0,29,16070.0,19,16045.0,12,16075.0,177,16040.0,30,16080.0,23,16035.0,5
1597988598632091904,1597988598928000000,2020-08-21 13:43:18.928000,16055.0,16100.0,15955.0,16085.0,nan,16024.761,19438,1557446550.0,23724,16060.0,13,16055.0,12,16065.0,12,16050.0,28,16070.0,19,16045.0,12,16075.0,177,16040.0,30,16080.0,23,16035.0,5
1597988604150868992,1597988604427000064,2020-08-21 13:43:24.427000,16055.0,16100.0,15955.0,16085.0,nan,16024.768,19442,1557767650.0,23722,16060.0,13,16055.0,8,16065.0,12,16050.0,28,16070.0,19,16045.0,12,16075.0,177,16040.0,30,16080.0,23,16035.0,5
1597988606147961088,1597988606436999936,2020-08-21 13:43:26.437000,16060.0,16100.0,15955.0,16085.0,nan,16024.771,19444,1557928225.0,23721,16060.0,12,16055.0,7,16065.0,12,16050.0,28,16070.0,19,16045.0,12,16075.0,177,16040.0,30,16080.0,23,16035.0,5
1597988606625807104,1597988606938999808,2020-08-21 13:43:26.939000,16060.0,16100.0,15955.0,16085.0,nan,16024.771,19444,1557928225.0,23721,16060.0,12,16055.0,9,16065.0,12,16050.0,28,16070.0,19,16045.0,12,16075.0,177,16040.0,30,16080.0,23,16035.0,5
1597988616645298944,1597988617000000000,2020-08-21 13:43:37.000000,16060.0,16100.0,15955.0,16085.0,nan,16024.793,19456,1558891825.0,23716,16065.0,12,16055.0,13,16070.0,19,16050.0,28,16075.0,177,16045.0,12,16080.0,23,16040.0,30,16085.0,15,16035.0,5
1597988617130619904,1597988617436999936,2020-08-21 13:43:37.437000,16060.0,16100.0,15955.0,16085.0,nan,16024.793,19456,1558891825.0,23716,16065.0,13,16060.0,4,16070.0,19,16055.0,14,16075.0,177,16050.0,28,16080.0,23,16045.0,11,16085.0,15,16040.0,30
1597988617708660992,1597988617926000128,2020-08-21 13:43:37.926000,16060.0,16100.0,15955.0,16085.0,nan,16024.793,19456,1558891825.0,23716,16065.0,14,16060.0,6,16070.0,19,16055.0,14,16075.0,177,16050.0,28,16080.0,23,16045.0,11,16085.0,15,16040.0,30
1597988618138601984,1597988618381999872,2020-08-21 13:43:38.382000,16060.0,16100.0,15955.0,16085.0,nan,16024.793,19456,1558891825.0,23716,16065.0,11,16060.0,6,16070.0,19,16055.0,14,16075.0,177,16050.0,28,16080.0,23,16045.0,11,16085.0,15,16040.0,30
1597988618641253888,1597988618912000000,2020-08-21 13:43:38.912000,16060.0,16100.0,15955.0,16085.0,nan,16024.793,19456,1558891825.0,23716,16065.0,11,16060.0,6,16070.0,19,16055.0,14,16075.0,177,16050.0,31,16080.0,23,16045.0,8,16085.0,15,16040.0,30
1597988622137466112,1597988622424999936,2020-08-21 13:43:42.425000,16060.0,16100.0,15955.0,16085.0,nan,16024.793,19456,1558891825.0,23716,16065.0,11,16060.0,6,16070.0,19,16055.0,16,16075.0,177,16050.0,28,16080.0,23,16045.0,8,16085.0,15,16040.0,30
1597988622623836928,1597988623000000000,2020-08-21 13:43:43.000000,16060.0,16100.0,15955.0,16085.0,nan,16024.793,19456,1558891825.0,23716,16065.0,11,16060.0,6,16070.0,19,16055.0,17,16075.0,177,16050.0,28,16080.0,23,16045.0,8,16085.0,15,16040.0,30
1597988623617780992,1597988624000000000,2020-08-21 13:43:44.000000,16060.0,16100.0,15955.0,16085.0,nan,16024.793,19456,1558891825.0,23716,16065.0,11,16060.0,6,16070.0,19,16055.0,17,16075.0,177,16050.0,26,16080.0,23,16045.0,8,16085.0,15,16040.0,30
1597988624142969088,1597988624427000064,2020-08-21 13:43:44.427000,16065.0,16100.0,15955.0,16085.0,nan,16024.795,19457,1558972150.0,23717,16065.0,11,16060.0,6,16070.0,19,16055.0,17,16075.0,177,16050.0,26,16080.0,23,16045.0,10,16085.0,15,16040.0,30
1597988624663616000,1597988625000000000,2020-08-21 13:43:45.000000,16065.0,16100.0,15955.0,16085.0,nan,16024.795,19457,1558972150.0,23717,16065.0,11,16060.0,6,16070.0,19,16055.0,20,16075.0,177,16050.0,26,16080.0,23,16045.0,10,16085.0,15,16040.0,30
1597988625639744000,1597988626000000000,2020-08-21 13:43:46.000000,16060.0,16100.0,15955.0,16085.0,nan,16024.806,19463,1559453950.0,23719,16065.0,11,16060.0,2,16070.0,19,16055.0,20,16075.0,177,16050.0,26,16080.0,23,16045.0,10,16085.0,15,16040.0,30
1597988626141537024,1597988626420999936,2020-08-21 13:43:46.421000,16060.0,16100.0,15955.0,16085.0,nan,16024.811,19466,1559694850.0,23719,16065.0,13,16060.0,1,16070.0,19,16055.0,20,16075.0,177,16050.0,26,16080.0,23,16045.0,10,16085.0,15,16040.0,32
1597988626636201984,1597988627000000000,2020-08-21 13:43:47.000000,16060.0,16100.0,15955.0,16085.0,nan,16024.813,19467,1559775150.0,23719,16065.0,13,16055.0,20,16070.0,19,16050.0,23,16075.0,177,16045.0,13,16080.0,23,16040.0,32,16085.0,15,16035.0,5
1597988634131529984,1597988634424999936,2020-08-21 13:43:54.425000,16060.0,16100.0,15955.0,16085.0,nan,16024.813,19467,1559775150.0,23719,16065.0,13,16055.0,20,16070.0,19,16050.0,25,16075.0,177,16045.0,13,16080.0,23,16040.0,32,16085.0,15,16035.0,5
1597988634619407104,1597988635000000000,2020-08-21 13:43:55.000000,16060.0,16100.0,15955.0,16085.0,nan,16024.813,19467,1559775150.0,23719,16065.0,13,16055.0,20,16070.0,19,16050.0,23,16075.0,177,16045.0,13,16080.0,23,16040.0,32,16085.0,15,16035.0,5
1597988636114892032,1597988636432000000,2020-08-21 13:43:56.432000,16060.0,16100.0,15955.0,16085.0,nan,16024.813,19467,1559775150.0,23719,16065.0,13,16055.0,20,16070.0,19,16050.0,23,16075.0,177,16045.0,13,16080.0,23,16040.0,32,16085.0,14,16035.0,5
1597988639145348096,1597988639434000128,2020-08-21 13:43:59.434000,16060.0,16100.0,15955.0,16085.0,nan,16024.813,19467,1559775150.0,23719,16065.0,13,16055.0,20,16070.0,19,16050.0,23,16075.0,177,16045.0,10,16080.0,23,16040.0,32,16085.0,14,16035.0,5
1597988641122671104,1597988641434000128,2020-08-21 13:44:01.434000,16060.0,16100.0,15955.0,16085.0,nan,16024.813,19467,1559775150.0,23719,16065.0,13,16060.0,3,16070.0,19,16055.0,20,16075.0,177,16050.0,23,16080.0,23,16045.0,10,16085.0,14,16040.0,32
1597988641632956928,1597988642000000000,2020-08-21 13:44:02.000000,16060.0,16100.0,15955.0,16085.0,nan,16024.818,19470,1560016050.0,23719,16065.0,13,16060.0,1,16070.0,19,16055.0,20,16075.0,177,16050.0,23,16080.0,23,16045.0,10,16085.0,14,16040.0,32
1597988642149064960,1597988642408000000,2020-08-21 13:44:02.408000,16060.0,16100.0,15955.0,16085.0,nan,16024.82,19471,1560096350.0,23719,16060.0,1,16055.0,20,16065.0,13,16050.0,23,16070.0,19,16045.0,10,16075.0,177,16040.0,32,16080.0,23,16035.0,5
1597988642627586048,1597988643000000000,2020-08-21 13:44:03.000000,16060.0,16100.0,15955.0,16085.0,nan,16024.82,19471,1560096350.0,23719,16060.0,3,16055.0,20,16065.0,19,16050.0,23,16070.0,19,16045.0,13,16075.0,177,16040.0,32,16080.0,22,16035.0,5
1597988643146589952,1597988643428000000,2020-08-21 13:44:03.428000,16060.0,16100.0,15955.0,16085.0,nan,16024.82,19471,1560096350.0,23719,16060.0,3,16055.0,20,16065.0,22,16050.0,23,16070.0,17,16045.0,5,16075.0,177,16040.0,40,16080.0,22,16035.0,5
1597988643636465920,1597988644000000000,2020-08-21 13:44:04.000000,16060.0,16100.0,15955.0,16085.0,nan,16024.82,19471,1560096350.0,23719,16060.0,3,16055.0,11,16065.0,22,16050.0,23,16070.0,17,16045.0,5,16075.0,177,16040.0,40,16080.0,22,16035.0,5
1597988644119176960,1597988644421999872,2020-08-21 13:44:04.422000,16060.0,16100.0,15955.0,16085.0,nan,16024.82,19471,1560096350.0,23719,16060.0,6,16055.0,14,16065.0,22,16050.0,23,16070.0,17,16045.0,5,16075.0,177,16040.0,40,16080.0,22,16035.0,5
1597988644634053888,1597988645000000000,2020-08-21 13:44:05.000000,16060.0,16100.0,15955.0,16085.0,nan,16024.825,19474,1560337250.0,23716,16065.0,22,16060.0,3,16070.0,17,16055.0,13,16075.0,177,16050.0,23,16080.0,22,16045.0,5,16085.0,14,16040.0,40
1597988645117032960,1597988645424999936,2020-08-21 13:44:05.425000,16060.0,16100.0,15955.0,16085.0,nan,16024.836,19480,1560819050.0,23716,16060.0,1,16055.0,11,16065.0,22,16050.0,23,16070.0,17,16045.0,5,16075.0,177,16040.0,40,16080.0,22,16035.0,5
1597988645636340992,1597988646000000000,2020-08-21 13:44:06.000000,16060.0,16100.0,15955.0,16085.0,nan,16024.836,19480,1560819050.0,23716,16060.0,1,16055.0,11,16065.0,22,16050.0,23,16070.0,20,16045.0,5,16075.0,177,16040.0,40,16080.0,22,16035.0,5
1597988647124434944,1597988647435000064,2020-08-21 13:44:07.435000,16060.0,16100.0,15955.0,16085.0,nan,16024.836,19480,1560819050.0,23716,16060.0,3,16055.0,11,16065.0,22,16050.0,23,16070.0,20,16045.0,5,16075.0,177,16040.0,40,16080.0,22,16035.0,5
1597988651640926976,1597988652000000000,2020-08-21 13:44:12.000000,16060.0,16100.0,15955.0,16085.0,nan,16024.836,19480,1560819050.0,23716,16060.0,3,16055.0,11,16065.0,22,16050.0,23,16070.0,20,16045.0,5,16075.0,177,16040.0,30,16080.0,22,16035.0,5
1597988655124139008,1597988655433000192,2020-08-21 13:44:15.433000,16060.0,16100.0,15955.0,16085.0,nan,16024.836,19480,1560819050.0,23716,16060.0,6,16055.0,11,16065.0,22,16050.0,23,16070.0,20,16045.0,5,16075.0,177,16040.0,30,16080.0,22,16035.0,5
1597988655617352960,1597988655932000000,2020-08-21 13:44:15.932000,16060.0,16100.0,15955.0,16085.0,nan,16024.836,19480,1560819050.0,23716,16060.0,6,16055.0,10,16065.0,22,16050.0,23,16070.0,20,16045.0,5,16075.0,177,16040.0,30,16080.0,22,16035.0,5
1597988661622873088,1597988662000000000,2020-08-21 13:44:22.000000,16060.0,16100.0,15955.0,16085.0,nan,16024.838,19481,1560899350.0,23717,16060.0,5,16055.0,10,16065.0,22,16050.0,23,16070.0,20,16045.0,5,16075.0,177,16040.0,30,16080.0,22,16035.0,5
1597988664122682880,1597988664412000000,2020-08-21 13:44:24.412000,16060.0,16100.0,15955.0,16085.0,nan,16024.838,19481,1560899350.0,23717,16060.0,5,16055.0,11,16065.0,22,16050.0,23,16070.0,20,16045.0,5,16075.0,177,16040.0,30,16080.0,22,16035.0,5
1597988664620666112,1597988665000000000,2020-08-21 13:44:25.000000,16060.0,16100.0,15955.0,16085.0,nan,16024.838,19481,1560899350.0,23717,16060.0,5,16055.0,11,16065.0,25,16050.0,23,16070.0,17,16045.0,5,16075.0,177,16040.0,30,16080.0,22,16035.0,5
1597988665132529920,1597988665433000192,2020-08-21 13:44:25.433000,16060.0,16100.0,15955.0,16085.0,nan,16024.838,19481,1560899350.0,23717,16060.0,2,16055.0,11,16065.0,25,16050.0,23,16070.0,17,16045.0,5,16075.0,177,16040.0,30,16080.0,22,16035.0,5
1597988665627623936,1597988666000000000,2020-08-21 13:44:26.000000,16060.0,16100.0,15955.0,16085.0,nan,16024.838,19481,1560899350.0,23717,16060.0,4,16055.0,12,16065.0,25,16050.0,23,16070.0,17,16045.0,5,16075.0,177,16040.0,30,16080.0,22,16035.0,5
1597988666118860032,1597988666423000064,2020-08-21 13:44:26.423000,16060.0,16100.0,15955.0,16085.0,nan,16024.838,19481,1560899350.0,23717,16060.0,4,16055.0,11,16065.0,25,16050.0,23,16070.0,17,16045.0,5,16075.0,177,16040.0,30,16080.0,22,16035.0,5
1597988666641598976,1597988667000000000,2020-08-21 13:44:27.000000,16060.0,16100.0,15955.0,16085.0,nan,16024.838,19481,1560899350.0,23717,16060.0,4,16055.0,11,16065.0,25,16050.0,23,16070.0,17,16045.0,8,16075.0,177,16040.0,27,16080.0,22,16035.0,5
1597988667642513920,1597988668000000000,2020-08-21 13:44:28.000000,16060.0,16100.0,15955.0,16085.0,nan,16024.838,19481,1560899350.0,23717,16060.0,4,16055.0,11,16065.0,26,16050.0,23,16070.0,17,16045.0,8,16075.0,177,16040.0,27,16080.0,22,16035.0,5
1597988668112397056,1597988668431000064,2020-08-21 13:44:28.431000,16060.0,16100.0,15955.0,16085.0,nan,16024.84,19482,1560979650.0,23718,16060.0,3,16055.0,11,16065.0,26,16050.0,23,16070.0,17,16045.0,8,16075.0,177,16040.0,27,16080.0,22,16035.0,5
1597988668636442880,1597988669000000000,2020-08-21 13:44:29.000000,16060.0,16100.0,15955.0,16085.0,nan,16024.84,19482,1560979650.0,23718,16060.0,6,16055.0,12,16065.0,26,16050.0,23,16070.0,17,16045.0,8,16075.0,177,16040.0,27,16080.0,22,16035.0,5
1597988669121577984,1597988669420999936,2020-08-21 13:44:29.421000,16060.0,16100.0,15955.0,16085.0,nan,16024.84,19482,1560979650.0,23718,16060.0,6,16055.0,11,16065.0,26,16050.0,23,16070.0,17,16045.0,8,16075.0,177,16040.0,27,16080.0,22,16035.0,5
1597988672122544128,1597988672433000192,2020-08-21 13:44:32.433000,16060.0,16100.0,15955.0,16085.0,nan,16024.84,19482,1560979650.0,23718,16060.0,5,16055.0,11,16065.0,26,16050.0,23,16070.0,17,16045.0,8,16075.0,177,16040.0,27,16080.0,22,16035.0,5
1597988672639315968,1597988673000000000,2020-08-21 13:44:33.000000,16060.0,16100.0,15955.0,16085.0,nan,16024.84,19482,1560979650.0,23718,16060.0,3,16055.0,11,16065.0,26,16050.0,23,16070.0,17,16045.0,8,16075.0,177,16040.0,27,16080.0,22,16035.0,5
1597988673126929920,1597988673420000000,2020-08-21 13:44:33.420000,16060.0,16100.0,15955.0,16085.0,nan,16024.84,19482,1560979650.0,23718,16060.0,3,16055.0,12,16065.0,26,16050.0,23,16070.0,17,16045.0,8,16075.0,177,16040.0,27,16080.0,22,16035.0,5
1597988673622830080,1597988674000000000,2020-08-21 13:44:34.000000,16060.0,16100.0,15955.0,16085.0,nan,16024.84,19482,1560979650.0,23718,16060.0,3,16055.0,12,16065.0,25,16050.0,23,16070.0,17,16045.0,8,16075.0,177,16040.0,27,16080.0,22,16035.0,5
1597988674639017984,1597988675000000000,2020-08-21 13:44:35.000000,16060.0,16100.0,15955.0,16085.0,nan,16024.84,19482,1560979650.0,23718,16060.0,3,16055.0,12,16065.0,25,16050.0,23,16070.0,17,16045.0,6,16075.0,177,16040.0,29,16080.0,22,16035.0,5
1597988677120855040,1597988677438999808,2020-08-21 13:44:37.439000,16060.0,16100.0,15955.0,16085.0,nan,16024.84,19482,1560979650.0,23718,16060.0,6,16055.0,12,16065.0,25,16050.0,23,16070.0,17,16045.0,6,16075.0,177,16040.0,29,16080.0,22,16035.0,5
1597988677631346944,1597988678000000000,2020-08-21 13:44:38.000000,16060.0,16100.0,15955.0,16085.0,nan,16024.84,19482,1560979650.0,23718,16060.0,6,16055.0,11,16065.0,25,16050.0,23,16070.0,17,16045.0,6,16075.0,177,16040.0,29,16080.0,22,16035.0,5
1597988684654844928,1597988685000000000,2020-08-21 13:44:45.000000,16060.0,16100.0,15955.0,16085.0,nan,16024.84,19482,1560979650.0,23718,16060.0,6,16055.0,11,16065.0,25,16050.0,29,16070.0,17,16045.0,6,16075.0,177,16040.0,29,16080.0,22,16035.0,5
1597988687641382912,1597988688000000000,2020-08-21 13:44:48.000000,16060.0,16100.0,15955.0,16085.0,nan,16024.84,19482,1560979650.0,23718,16060.0,9,16055.0,11,16065.0,25,16050.0,29,16070.0,17,16045.0,6,16075.0,177,16040.0,29,16080.0,22,16035.0,5
1597988689115993088,1597988689436000000,2020-08-21 13:44:49.436000,16055.0,16100.0,15955.0,16085.0,nan,16024.849,19488,1561461300.0,23716,16060.0,11,16055.0,5,16065.0,24,16050.0,29,16070.0,17,16045.0,6,16075.0,177,16040.0,29,16080.0,22,16035.0,5
1597988689635539968,1597988690000000000,2020-08-21 13:44:50.000000,16055.0,16100.0,15955.0,16085.0,nan,16024.857,19493,1561862675.0,23713,16055.0,2,16050.0,29,16060.0,10,16045.0,3,16065.0,24,16040.0,32,16070.0,17,16035.0,5,16075.0,177,16030.0,34
1597988690123468032,1597988690436999936,2020-08-21 13:44:50.437000,16055.0,16100.0,15955.0,16085.0,nan,16024.86,19495,1562023225.0,23713,16060.0,14,16050.0,30,16065.0,16,16045.0,7,16070.0,17,16040.0,29,16075.0,177,16035.0,5,16080.0,22,16030.0,34
1597988690614864896,1597988691000000000,2020-08-21 13:44:51.000000,16055.0,16100.0,15955.0,16085.0,nan,16024.86,19495,1562023225.0,23713,16055.0,1,16050.0,30,16060.0,14,16045.0,4,16065.0,16,16040.0,27,16070.0,17,16035.0,9,16075.0,177,16030.0,34
1597988691131953920,1597988691436000000,2020-08-21 13:44:51.436000,16055.0,16100.0,15955.0,16085.0,nan,16024.86,19495,1562023225.0,23713,16055.0,1,16050.0,30,16060.0,20,16045.0,4,16065.0,16,16040.0,27,16070.0,17,16035.0,9,16075.0,177,16030.0,34
1597988691706671104,1597988692000000000,2020-08-21 13:44:52.000000,16055.0,16100.0,15955.0,16085.0,nan,16024.86,19495,1562023225.0,23713,16055.0,3,16050.0,30,16060.0,18,16045.0,4,16065.0,16,16040.0,27,16070.0,17,16035.0,9,16075.0,177,16030.0,34
1597988692119129088,1597988692411000064,2020-08-21 13:44:52.411000,16055.0,16100.0,15955.0,16085.0,nan,16024.86,19495,1562023225.0,23713,16055.0,4,16050.0,30,16060.0,18,16045.0,4,16065.0,16,16040.0,27,16070.0,17,16035.0,9,16075.0,177,16030.0,34
1597988693133089024,1597988693438999808,2020-08-21 13:44:53.439000,16055.0,16100.0,15955.0,16085.0,nan,16024.86,19495,1562023225.0,23713,16055.0,4,16050.0,30,16060.0,23,16045.0,4,16065.0,16,16040.0,27,16070.0,17,16035.0,9,16075.0,177,16030.0,34
1597988695638606080,1597988696000000000,2020-08-21 13:44:56.000000,16055.0,16100.0,15955.0,16085.0,nan,16024.86,19495,1562023225.0,23713,16055.0,3,16050.0,31,16060.0,23,16045.0,4,16065.0,16,16040.0,27,16070.0,17,16035.0,9,16075.0,177,16030.0,34
1597988696135352064,1597988696431000064,2020-08-21 13:44:56.431000,16055.0,16100.0,15955.0,16085.0,nan,16024.86,19495,1562023225.0,23713,16055.0,4,16050.0,31,16060.0,23,16045.0,4,16065.0,16,16040.0,27,16070.0,17,16035.0,9,16075.0,177,16030.0,34
1597988697147572992,1597988697436999936,2020-08-21 13:44:57.437000,16055.0,16100.0,15955.0,16085.0,nan,16024.86,19495,1562023225.0,23713,16055.0,3,16050.0,31,16060.0,23,16045.0,4,16065.0,16,16040.0,27,16070.0,17,16035.0,9,16075.0,177,16030.0,34
1597988697618825984,1597988698000000000,2020-08-21 13:44:58.000000,16055.0,16100.0,15955.0,16085.0,nan,16024.86,19495,1562023225.0,23713,16055.0,4,16050.0,31,16060.0,23,16045.0,4,16065.0,16,16040.0,27,16070.0,17,16035.0,9,16075.0,177,16030.0,34
1597988698112295936,1597988698437999872,2020-08-21 13:44:58.438000,16055.0,16100.0,15955.0,16085.0,nan,16024.86,19495,1562023225.0,23713,16055.0,4,16050.0,31,16060.0,20,16045.0,4,16065.0,16,16040.0,27,16070.0,17,16035.0,9,16075.0,177,16030.0,34
1597988698626597120,1597988699000000000,2020-08-21 13:44:59.000000,16055.0,16100.0,15955.0,16085.0,nan,16024.86,19495,1562023225.0,23713,16055.0,7,16050.0,31,16060.0,20,16045.0,4,16065.0,16,16040.0,27,16070.0,17,16035.0,9,16075.0,177,16030.0,34
1597988700119941120,1597988700413000192,2020-08-21 13:45:00.413000,16055.0,16100.0,15955.0,16085.0,nan,16024.86,19495,1562023225.0,23713,16055.0,7,16050.0,31,16060.0,20,16045.0,4,16065.0,16,16040.0,28,16070.0,17,16035.0,9,16075.0,177,16030.0,34
1597988700623400960,1597988701000000000,2020-08-21 13:45:01.000000,16055.0,16100.0,15955.0,16085.0,nan,16024.862,19496,1562103500.0,23714,16055.0,6,16050.0,37,16060.0,20,16045.0,4,16065.0,16,16040.0,28,16070.0,17,16035.0,9,16075.0,177,16030.0,34
1597988701124397056,1597988701404999936,2020-08-21 13:45:01.405000,16055.0,16100.0,15955.0,16085.0,nan,16024.868,19500,1562424600.0,23714,16055.0,1,16050.0,37,16060.0,20,16045.0,4,16065.0,16,16040.0,28,16070.0,17,16035.0,12,16075.0,177,16030.0,34
1597988701615054080,1597988702000000000,2020-08-21 13:45:02.000000,16055.0,16100.0,15955.0,16085.0,nan,16024.869,19501,1562504875.0,23713,16060.0,20,16050.0,37,16065.0,16,16045.0,4,16070.0,17,16040.0,28,16075.0,177,16035.0,12,16080.0,22,16030.0,34
1597988702122343936,1597988702436999936,2020-08-21 13:45:02.437000,16055.0,16100.0,15955.0,16085.0,nan,16024.869,19501,1562504875.0,23713,16060.0,20,16055.0,4,16065.0,16,16050.0,37,16070.0,17,16045.0,4,16075.0,177,16040.0,28,16080.0,22,16035.0,12
1597988702612137984,1597988703000000000,2020-08-21 13:45:03.000000,16055.0,16100.0,15955.0,16085.0,nan,16024.875,19505,1562825975.0,23713,16060.0,19,16055.0,2,16065.0,16,16050.0,35,16070.0,17,16045.0,4,16075.0,177,16040.0,28,16080.0,22,16035.0,12
1597988703150956032,1597988703706000128,2020-08-21 13:45:03.706000,16055.0,16100.0,15955.0,16085.0,nan,16024.879,19507,1562986525.0,23715,16060.0,19,16050.0,35,16065.0,17,16045.0,4,16070.0,17,16040.0,28,16075.0,177,16035.0,12,16080.0,22,16030.0,34
1597988703643474944,1597988704000000000,2020-08-21 13:45:04.000000,16055.0,16100.0,15955.0,16085.0,nan,16024.879,19507,1562986525.0,23715,16060.0,19,16050.0,36,16065.0,17,16045.0,4,16070.0,17,16040.0,28,16075.0,177,16035.0,12,16080.0,22,16030.0,34
1597988704170865920,1597988704437999872,2020-08-21 13:45:04.438000,16055.0,16100.0,15955.0,16085.0,nan,16024.879,19507,1562986525.0,23715,16060.0,19,16055.0,2,16065.0,17,16050.0,36,16070.0,17,16045.0,4,16075.0,177,16040.0,28,16080.0,22,16035.0,12
1597988704638084096,1597988705000000000,2020-08-21 13:45:05.000000,16055.0,16100.0,15955.0,16085.0,nan,16024.879,19507,1562986525.0,23715,16060.0,19,16055.0,2,16065.0,17,16050.0,35,16070.0,17,16045.0,4,16075.0,177,16040.0,28,16080.0,22,16035.0,12
1597988706129125120,1597988706432000000,2020-08-21 13:45:06.432000,16055.0,16100.0,15955.0,16085.0,nan,16024.882,19509,1563147075.0,23715,16060.0,19,16055.0,1,16065.0,17,16050.0,35,16070.0,17,16045.0,4,16075.0,177,16040.0,28,16080.0,22,16035.0,12
1597988706620061952,1597988707000000000,2020-08-21 13:45:07.000000,16055.0,16100.0,15955.0,16085.0,nan,16024.882,19509,1563147075.0,23715,16060.0,20,16055.0,1,16065.0,17,16050.0,35,16070.0,17,16045.0,4,16075.0,177,16040.0,28,16080.0,22,16035.0,12
1597988712652151040,1597988713000000000,2020-08-21 13:45:13.000000,16055.0,16100.0,15955.0,16085.0,nan,16024.883,19510,1563227350.0,23715,16060.0,20,16050.0,35,16065.0,17,16045.0,4,16070.0,17,16040.0,28,16075.0,177,16035.0,12,16080.0,22,16030.0,35
1597988713143588096,1597988713421999872,2020-08-21 13:45:13.422000,16055.0,16100.0,15955.0,16085.0,nan,16024.883,19510,1563227350.0,23715,16060.0,20,16050.0,36,16065.0,17,16045.0,4,16070.0,17,16040.0,28,16075.0,177,16035.0,12,16080.0,22,16030.0,35
1597988713620340992,1597988714000000000,2020-08-21 13:45:14.000000,16055.0,16100.0,15955.0,16085.0,nan,16024.883,19510,1563227350.0,23715,16060.0,20,16055.0,10,16065.0,17,16050.0,36,16070.0,17,16045.0,4,16075.0,177,16040.0,28,16080.0,22,16035.0,12
1597988714172623872,1597988714428000000,2020-08-21 13:45:14.428000,16055.0,16100.0,15955.0,16085.0,nan,16024.883,19510,1563227350.0,23715,16060.0,19,16055.0,10,16065.0,17,16050.0,35,16070.0,17,16045.0,4,16075.0,177,16040.0,28,16080.0,22,16035.0,12
1597988714636783104,1597988715000000000,2020-08-21 13:45:15.000000,16055.0,16100.0,15955.0,16085.0,nan,16024.895,19518,1563869550.0,23707,16060.0,18,16055.0,2,16065.0,17,16050.0,35,16070.0,17,16045.0,4,16075.0,177,16040.0,28,16080.0,22,16035.0,12
1597988715114992128,1597988715431000064,2020-08-21 13:45:15.431000,16050.0,16100.0,15955.0,16085.0,nan,16024.9,19521,1564110350.0,23707,16055.0,1,16050.0,34,16060.0,18,16045.0,4,16065.0,17,16040.0,28,16070.0,17,16035.0,12,16075.0,177,16030.0,35
1597988715624571904,1597988716000000000,2020-08-21 13:45:16.000000,16050.0,16100.0,15955.0,16085.0,nan,16024.903,19523,1564270875.0,23706,16060.0,18,16050.0,35,16065.0,17,16045.0,4,16070.0,17,16040.0,28,16075.0,177,16035.0,12,16080.0,22,16030.0,35
1597988716137570048,1597988716424999936,2020-08-21 13:45:16.425000,16050.0,16100.0,15955.0,16085.0,nan,16024.903,19523,1564270875.0,23706,16060.0,19,16050.0,35,16065.0,17,16045.0,4,16070.0,17,16040.0,28,16075.0,177,16035.0,12,16080.0,22,16030.0,35
