local_nano_time,quote_nano_time,datetime,last_price,highest,lowest,open,close,average,volume,amount,open_interest,ask_price1,ask_volume1,bid_price1,bid_volume1,ask_price2,ask_volume2,bid_price2,bid_volume2,ask_price3,ask_volume3,bid_price3,bid_volume3,ask_price4,ask_volume4,bid_price4,bid_volume4,ask_price5,ask_volume5,bid_price5,bid_volume5
1597988226228261120,1597988226719000064,2020-08-21 13:37:06.719000,7594.0,7715.0,7552.0,7710.0,nan,7621.0,336220,12812571100.0,253062,7594.0,39,7593.0,8,nan,0,nan,0,nan,0,nan,0,nan,0,nan,0,nan,0,nan,0
1597988226654900992,1597988227224000000,2020-08-21 13:37:07.224000,7594.0,7715.0,7552.0,7710.0,nan,7621.0,336220,12812571100.0,253062,7594.0,40,7593.0,8,nan,0,nan,0,nan,0,nan,0,nan,0,nan,0,nan,0,nan,0
1597988227150448128,1597988227728000000,2020-08-21 13:37:07.728000,7594.0,7715.0,7552.0,7710.0,nan,7621.0,336223,12812685010.0,253064,7594.0,37,7593.0,8,nan,0,nan,0,nan,0,nan,0,nan,0,nan,0,nan,0,nan,0
1597988227648726016,1597988228239000064,2020-08-21 13:37:08.239000,7594.0,7715.0,7552.0,7710.0,nan,7621.0,336223,12812685010.0,253064,7594.0,39,7593.0,17,nan,0,nan,0,nan,0,nan,0,nan,0,nan,0,nan,0,nan,0
1597988229647749888,1597988230227000064,2020-08-21 13:37:10.227000,7594.0,7715.0,7552.0,7710.0,nan,7621.0,336228,12812874860.0,253069,7594.0,34,7593.0,21,nan,0,nan,0,nan,0,nan,0,nan,0,nan,0,nan,0,nan,0
1597988230215883008,1597988230713999872,2020-08-21 13:37:10.714000,7594.0,7715.0,7552.0,7710.0,nan,7621.0,336228,12812874860.0,253069,7594.0,34,7593.0,27,nan,0,nan,0,nan,0,nan,0,nan,0,nan,0,nan,0,nan,0
1597988232177848064,1597988232742000128,2020-08-21 13:37:12.742000,7593.0,7715.0,7552.0,7710.0,nan,7621.0,336229,12812912825.0,253069,7594.0,38,7593.0,24,nan,0,nan,0,nan,0,nan,0,nan,0,nan,0,nan,0,nan,0
1597988232657457920,1597988233224999936,2020-08-21 13:37:13.225000,7593.0,7715.0,7552.0,7710.0,nan,7621.0,336236,12813178605.0,253071,7594.0,38,7593.0,24,nan,0,nan,0,nan,0,nan,0,nan,0,nan,0,nan,0,nan,0
1597988233145281024,1597988233696999936,2020-08-21 13:37:13.697000,7593.0,7715.0,7552.0,7710.0,nan,7621.0,336238,12813254535.0,253070,7594.0,38,7593.0,22,nan,0,nan,0,nan,0,nan,0,nan,0,nan,0,nan,0,nan,0
1597988233645381120,1597988234216000000,2020-08-21 13:37:14.216000,7593.0,7715.0,7552.0,7710.0,nan,7621.0,336248,12813634185.0,253078,7594.0,38,7593.0,16,nan,0,nan,0,nan,0,nan,0,nan,0,nan,0,nan,0,nan,0
1597988234154323968,1597988234720999936,2020-08-21 13:37:14.721000,7593.0,7715.0,7552.0,7710.0,nan,7621.0,336251,12813748080.0,253078,7594.0,38,7593.0,12,nan,0,nan,0,nan,0,nan,0,nan,0,nan,0,nan,0,nan,0
1597988234650692096,1597988235193000192,2020-08-21 13:37:15.193000,7593.0,7715.0,7552.0,7710.0,nan,7621.0,336252,12813786045.0,253079,7594.0,37,7593.0,13,nan,0,nan,0,nan,0,nan,0,nan,0,nan,0,nan,0,nan,0
1597988235146732032,1597988235604000000,2020-08-21 13:37:15.604000,7594.0,7715.0,7552.0,7710.0,nan,7621.0,336256,12813937915.0,253077,7594.0,37,7593.0,11,nan,0,nan,0,nan,0,nan,0,nan,0,nan,0,nan,0,nan,0
1597988235779971072,1597988236221999872,2020-08-21 13:37:16.222000,7593.0,7715.0,7552.0,7710.0,nan,7621.0,336259,12814051810.0,253074,7594.0,37,7593.0,8,nan,0,nan,0,nan,0,nan,0,nan,0,nan,0,nan,0,nan,0
1597988236150838016,1597988236734999808,2020-08-21 13:37:16.735000,7594.0,7715.0,7552.0,7710.0,nan,7621.0,336269,12814431510.0,253068,7594.0,28,7593.0,8,nan,0,nan,0,nan,0,nan,0,nan,0,nan,0,nan,0,nan,0
1597988236643335936,1597988237232000000,2020-08-21 13:37:17.232000,7594.0,7715.0,7552.0,7710.0,nan,7621.0,336269,12814431510.0,253068,7594.0,28,7593.0,11,nan,0,nan,0,nan,0,nan,0,nan,0,nan,0,nan,0,nan,0
1597988237149321984,1597988237740000000,2020-08-21 13:37:17.740000,7593.0,7715.0,7552.0,7710.0,nan,7621.0,336271,12814507440.0,253067,7594.0,28,7593.0,11,nan,0,nan,0,nan,0,nan,0,nan,0,nan,0,nan,0,nan,0
1597988237650415104,1597988238211000064,2020-08-21 13:37:18.211000,7593.0,7715.0,7552.0,7710.0,nan,7621.0,336271,12814507440.0,253067,7594.0,29,7593.0,21,nan,0,nan,0,nan,0,nan,0,nan,0,nan,0,nan,0,nan,0
1597988238169338112,1597988238712000000,2020-08-21 13:37:18.712000,7593.0,7715.0,7552.0,7710.0,nan,7621.0,336272,12814545405.0,253067,7594.0,29,7593.0,20,nan,0,nan,0,nan,0,nan,0,nan,0,nan,0,nan,0,nan,0
1597988238658119936,1597988239240999936,2020-08-21 13:37:19.241000,7593.0,7715.0,7552.0,7710.0,nan,7621.0,336273,12814583370.0,253067,7594.0,29,7593.0,19,nan,0,nan,0,nan,0,nan,0,nan,0,nan,0,nan,0,nan,0
1597988239158062080,1597988239690000128,2020-08-21 13:37:19.690000,7593.0,7715.0,7552.0,7710.0,nan,7621.0,336283,12814963020.0,253073,7594.0,36,7593.0,14,nan,0,nan,0,nan,0,nan,0,nan,0,nan,0,nan,0,nan,0
1597988239672889088,1597988240232999936,2020-08-21 13:37:20.233000,7593.0,7715.0,7552.0,7710.0,nan,7621.0,336297,12815494530.0,253082,7593.0,6,7592.0,41,nan,0,nan,0,nan,0,nan,0,nan,0,nan,0,nan,0,nan,0
1597988240186285056,1597988240720999936,2020-08-21 13:37:20.721000,7593.0,7715.0,7552.0,7710.0,nan,7621.0,336299,12815570460.0,253082,7593.0,18,7592.0,46,nan,0,nan,0,nan,0,nan,0,nan,0,nan,0,nan,0,nan,0
1597988240651827968,1597988241204000000,2020-08-21 13:37:21.204000,7593.0,7715.0,7552.0,7710.0,nan,7621.0,336301,12815646390.0,253084,7593.0,17,7592.0,46,nan,0,nan,0,nan,0,nan,0,nan,0,nan,0,nan,0,nan,0
1597988241155026944,1597988241731000064,2020-08-21 13:37:21.731000,7593.0,7715.0,7552.0,7710.0,nan,7621.0,336306,12815836215.0,253089,7593.0,21,7592.0,46,nan,0,nan,0,nan,0,nan,0,nan,0,nan,0,nan,0,nan,0
1597988241668651008,1597988242229000192,2020-08-21 13:37:22.229000,7593.0,7715.0,7552.0,7710.0,nan,7621.0,336320,12816367725.0,253091,7593.0,7,7592.0,40,nan,0,nan,0,nan,0,nan,0,nan,0,nan,0,nan,0,nan,0
1597988242153165056,1597988242733999872,2020-08-21 13:37:22.734000,7593.0,7715.0,7552.0,7710.0,nan,7621.0,336328,12816671445.0,253085,7594.0,23,7593.0,3,nan,0,nan,0,nan,0,nan,0,nan,0,nan,0,nan,0,nan,0
1597988242690085120,1597988243240000000,2020-08-21 13:37:23.240000,7593.0,7715.0,7552.0,7710.0,nan,7621.0,336328,12816671445.0,253085,7594.0,23,7593.0,35,nan,0,nan,0,nan,0,nan,0,nan,0,nan,0,nan,0,nan,0
1597988243143545088,1597988243736999936,2020-08-21 13:37:23.737000,7594.0,7715.0,7552.0,7710.0,nan,7621.0,336329,12816709415.0,253086,7594.0,19,7593.0,36,nan,0,nan,0,nan,0,nan,0,nan,0,nan,0,nan,0,nan,0
1597988243646098944,1597988244160000000,2020-08-21 13:37:24.160000,7593.0,7715.0,7552.0,7710.0,nan,7621.0,336330,12816747380.0,253085,7594.0,19,7593.0,36,nan,0,nan,0,nan,0,nan,0,nan,0,nan,0,nan,0,nan,0
1597988244147343872,1597988244698999808,2020-08-21 13:37:24.699000,7593.0,7715.0,7552.0,7710.0,nan,7621.0,336330,12816747380.0,253085,7594.0,19,7593.0,37,nan,0,nan,0,nan,0,nan,0,nan,0,nan,0,nan,0,nan,0
1597988244643872000,1597988245219000064,2020-08-21 13:37:25.219000,7594.0,7715.0,7552.0,7710.0,nan,7621.0,336331,12816785350.0,253086,7594.0,18,7593.0,37,nan,0,nan,0,nan,0,nan,0,nan,0,nan,0,nan,0,nan,0
1597988245146554880,1597988245700000000,2020-08-21 13:37:25.700000,7594.0,7715.0,7552.0,7710.0,nan,7621.0,336332,12816823320.0,253087,7594.0,17,7593.0,36,nan,0,nan,0,nan,0,nan,0,nan,0,nan,0,nan,0,nan,0
1597988245641160960,1597988246232999936,2020-08-21 13:37:26.233000,7594.0,7715.0,7552.0,7710.0,nan,7621.0,336332,12816823320.0,253087,7594.0,20,7593.0,36,nan,0,nan,0,nan,0,nan,0,nan,0,nan,0,nan,0,nan,0
1597988246718789120,1597988247234999808,2020-08-21 13:37:27.235000,7594.0,7715.0,7552.0,7710.0,nan,7621.0,336332,12816823320.0,253087,7594.0,24,7593.0,36,nan,0,nan,0,nan,0,nan,0,nan,0,nan,0,nan,0,nan,0
1597988248197531904,1597988248727000064,2020-08-21 13:37:28.727000,7593.0,7715.0,7552.0,7710.0,nan,7621.0,336333,12816861285.0,253088,7594.0,24,7593.0,35,nan,0,nan,0,nan,0,nan,0,nan,0,nan,0,nan,0,nan,0
1597988248651074048,1597988249240000000,2020-08-21 13:37:29.240000,7593.0,7715.0,7552.0,7710.0,nan,7621.0,336333,12816861285.0,253088,7594.0,25,7593.0,44,nan,0,nan,0,nan,0,nan,0,nan,0,nan,0,nan,0,nan,0
1597988249169398016,1597988249731000064,2020-08-21 13:37:29.731000,7594.0,7715.0,7552.0,7710.0,nan,7621.0,336349,12817468805.0,253078,7594.0,8,7593.0,64,nan,0,nan,0,nan,0,nan,0,nan,0,nan,0,nan,0,nan,0
1597988249670324992,1597988250240000000,2020-08-21 13:37:30.240000,7593.0,7715.0,7552.0,7710.0,nan,7621.0,336377,12818531905.0,253075,7595.0,186,7593.0,52,nan,0,nan,0,nan,0,nan,0,nan,0,nan,0,nan,0,nan,0
1597988250188761088,1597988250739000064,2020-08-21 13:37:30.739000,7593.0,7715.0,7552.0,7710.0,nan,7621.0,336381,12818683785.0,253075,7595.0,185,7593.0,51,nan,0,nan,0,nan,0,nan,0,nan,0,nan,0,nan,0,nan,0
1597988251677217024,1597988252190000128,2020-08-21 13:37:32.190000,7593.0,7715.0,7552.0,7710.0,nan,7621.0,336381,12818683785.0,253075,7595.0,186,7593.0,52,nan,0,nan,0,nan,0,nan,0,nan,0,nan,0,nan,0,nan,0
1597988252154693120,1597988252742000128,2020-08-21 13:37:32.742000,7593.0,7715.0,7552.0,7710.0,nan,7621.0,336385,12818835650.0,253077,7594.0,5,7593.0,51,nan,0,nan,0,nan,0,nan,0,nan,0,nan,0,nan,0,nan,0
1597988252671945984,1597988253240000000,2020-08-21 13:37:33.240000,7594.0,7715.0,7552.0,7710.0,nan,7621.0,336386,12818873620.0,253078,7594.0,19,7593.0,53,nan,0,nan,0,nan,0,nan,0,nan,0,nan,0,nan,0,nan,0
1597988253157820928,1597988253730000128,2020-08-21 13:37:33.730000,7593.0,7715.0,7552.0,7710.0,nan,7621.0,336387,12818911585.0,253079,7594.0,18,7593.0,53,nan,0,nan,0,nan,0,nan,0,nan,0,nan,0,nan,0,nan,0
1597988253691785984,1597988254232000000,2020-08-21 13:37:34.232000,7593.0,7715.0,7552.0,7710.0,nan,7621.0,336449,12821265445.0,253124,7593.0,4,7592.0,37,nan,0,nan,0,nan,0,nan,0,nan,0,nan,0,nan,0,nan,0
1597988254157754112,1597988254739000064,2020-08-21 13:37:34.739000,7592.0,7715.0,7552.0,7710.0,nan,7621.0,336489,12822783845.0,253148,7593.0,23,7592.0,2,nan,0,nan,0,nan,0,nan,0,nan,0,nan,0,nan,0,nan,0
1597988254658675968,1597988255228000000,2020-08-21 13:37:35.228000,7592.0,7715.0,7552.0,7710.0,nan,7621.0,336491,12822859765.0,253147,7593.0,23,7592.0,5,nan,0,nan,0,nan,0,nan,0,nan,0,nan,0,nan,0,nan,0
1597988255185667072,1597988255737999872,2020-08-21 13:37:35.738000,7592.0,7715.0,7552.0,7710.0,nan,7621.0,336494,12822973645.0,253144,7593.0,23,7592.0,2,nan,0,nan,0,nan,0,nan,0,nan,0,nan,0,nan,0,nan,0
1597988255657959936,1597988256232999936,2020-08-21 13:37:36.233000,7592.0,7715.0,7552.0,7710.0,nan,7621.0,336495,12823011605.0,253143,7593.0,23,7592.0,4,nan,0,nan,0,nan,0,nan,0,nan,0,nan,0,nan,0,nan,0
1597988256173960960,1597988256740999936,2020-08-21 13:37:36.741000,7592.0,7715.0,7552.0,7710.0,nan,7621.0,336495,12823011605.0,253143,7593.0,21,7592.0,4,nan,0,nan,0,nan,0,nan,0,nan,0,nan,0,nan,0,nan,0
1597988257159998976,1597988257727000064,2020-08-21 13:37:37.727000,7592.0,7715.0,7552.0,7710.0,nan,7621.0,336498,12823125485.0,253142,7593.0,21,7592.0,1,nan,0,nan,0,nan,0,nan,0,nan,0,nan,0,nan,0,nan,0
1597988257647515904,1597988258237999872,2020-08-21 13:37:38.238000,7592.0,7715.0,7552.0,7710.0,nan,7621.0,336509,12823543045.0,253145,7593.0,21,7591.0,13,nan,0,nan,0,nan,0,nan,0,nan,0,nan,0,nan,0,nan,0
1597988258149521920,1597988258734999808,2020-08-21 13:37:38.735000,7591.0,7715.0,7552.0,7710.0,nan,7621.0,336510,12823581000.0,253146,7593.0,21,7591.0,25,nan,0,nan,0,nan,0,nan,0,nan,0,nan,0,nan,0,nan,0
1597988259667824128,1597988260211000064,2020-08-21 13:37:40.211000,7593.0,7715.0,7552.0,7710.0,nan,7621.0,336548,12825023660.0,253163,7593.0,1,7592.0,12,nan,0,nan,0,nan,0,nan,0,nan,0,nan,0,nan,0,nan,0
1597988260150934016,1597988260736999936,2020-08-21 13:37:40.737000,7593.0,7715.0,7552.0,7710.0,nan,7621.0,336598,12826922085.0,253189,7594.0,1,7593.0,3,nan,0,nan,0,nan,0,nan,0,nan,0,nan,0,nan,0,nan,0
1597988260658339072,1597988261242000128,2020-08-21 13:37:41.242000,7593.0,7715.0,7552.0,7710.0,nan,7621.0,336598,12826922085.0,253189,7594.0,9,7593.0,11,nan,0,nan,0,nan,0,nan,0,nan,0,nan,0,nan,0,nan,0
1597988261162923008,1597988261736000000,2020-08-21 13:37:41.736000,7593.0,7715.0,7552.0,7710.0,nan,7621.0,336603,12827111910.0,253192,7594.0,15,7592.0,22,nan,0,nan,0,nan,0,nan,0,nan,0,nan,0,nan,0,nan,0
1597988261648950016,1597988262239000064,2020-08-21 13:37:42.239000,7593.0,7715.0,7552.0,7710.0,nan,7621.0,336605,12827187840.0,253190,7594.0,15,7592.0,11,nan,0,nan,0,nan,0,nan,0,nan,0,nan,0,nan,0,nan,0
1597988262171905024,1597988262742000128,2020-08-21 13:37:42.742000,7593.0,7715.0,7552.0,7710.0,nan,7621.0,336616,12827605445.0,253188,7594.0,15,7592.0,14,nan,0,nan,0,nan,0,nan,0,nan,0,nan,0,nan,0,nan,0
1597988262663012096,1597988263232999936,2020-08-21 13:37:43.233000,7593.0,7715.0,7552.0,7710.0,nan,7621.0,336616,12827605445.0,253188,7594.0,15,7593.0,1,nan,0,nan,0,nan,0,nan,0,nan,0,nan,0,nan,0,nan,0
1597988263158921984,1597988263740999936,2020-08-21 13:37:43.741000,7593.0,7715.0,7552.0,7710.0,nan,7621.0,336617,12827643410.0,253187,7594.0,15,7592.0,18,nan,0,nan,0,nan,0,nan,0,nan,0,nan,0,nan,0,nan,0
1597988263659212032,1597988264236999936,2020-08-21 13:37:44.237000,7593.0,7715.0,7552.0,7710.0,nan,7621.0,336617,12827643410.0,253187,7594.0,15,7593.0,2,nan,0,nan,0,nan,0,nan,0,nan,0,nan,0,nan,0,nan,0
1597988264646679040,1597988265232000000,2020-08-21 13:37:45.232000,7594.0,7715.0,7552.0,7710.0,nan,7621.0,336628,12828061080.0,253184,7594.0,4,7593.0,20,nan,0,nan,0,nan,0,nan,0,nan,0,nan,0,nan,0,nan,0
1597988265148168960,1597988265709000192,2020-08-21 13:37:45.709000,7594.0,7715.0,7552.0,7710.0,nan,7621.0,336649,12828858350.0,253174,7594.0,17,7593.0,2,nan,0,nan,0,nan,0,nan,0,nan,0,nan,0,nan,0,nan,0
1597988265639708928,1597988266236000000,2020-08-21 13:37:46.236000,7594.0,7715.0,7552.0,7710.0,nan,7621.0,336649,12828858350.0,253174,7594.0,17,7593.0,1,nan,0,nan,0,nan,0,nan,0,nan,0,nan,0,nan,0,nan,0
1597988266189360896,1597988266729000192,2020-08-21 13:37:46.729000,7594.0,7715.0,7552.0,7710.0,nan,7621.0,336649,12828858350.0,253174,7594.0,13,7593.0,1,nan,0,nan,0,nan,0,nan,0,nan,0,nan,0,nan,0,nan,0
1597988267642138112,1597988268177999872,2020-08-21 13:37:48.178000,7594.0,7715.0,7552.0,7710.0,nan,7621.0,336669,12829617750.0,253165,7595.0,187,7593.0,9,nan,0,nan,0,nan,0,nan,0,nan,0,nan,0,nan,0,nan,0
1597988268146521088,1597988268732999936,2020-08-21 13:37:48.733000,7594.0,7715.0,7552.0,7710.0,nan,7621.0,336674,12829807600.0,253162,7594.0,3,7593.0,29,nan,0,nan,0,nan,0,nan,0,nan,0,nan,0,nan,0,nan,0
1597988268652530944,1597988269240000000,2020-08-21 13:37:49.240000,7594.0,7715.0,7552.0,7710.0,nan,7621.0,336678,12829959480.0,253162,7595.0,187,7593.0,29,nan,0,nan,0,nan,0,nan,0,nan,0,nan,0,nan,0,nan,0
1597988269156477952,1597988269740000000,2020-08-21 13:37:49.740000,7594.0,7715.0,7552.0,7710.0,nan,7621.0,336679,12829997450.0,253162,7594.0,2,7593.0,27,nan,0,nan,0,nan,0,nan,0,nan,0,nan,0,nan,0,nan,0
1597988269667444992,1597988270220000000,2020-08-21 13:37:50.220000,7594.0,7715.0,7552.0,7710.0,nan,7621.0,336680,12830035420.0,253162,7594.0,2,7593.0,27,nan,0,nan,0,nan,0,nan,0,nan,0,nan,0,nan,0,nan,0
1597988270148774912,1597988270731000064,2020-08-21 13:37:50.731000,7594.0,7715.0,7552.0,7710.0,nan,7621.0,336682,12830111360.0,253161,7595.0,183,7594.0,9,nan,0,nan,0,nan,0,nan,0,nan,0,nan,0,nan,0,nan,0
1597988270643390976,1597988271228000000,2020-08-21 13:37:51.228000,7594.0,7715.0,7552.0,7710.0,nan,7621.0,336682,12830111360.0,253161,7595.0,189,7594.0,9,nan,0,nan,0,nan,0,nan,0,nan,0,nan,0,nan,0,nan,0
1597988271159941120,1597988271740000000,2020-08-21 13:37:51.740000,7595.0,7715.0,7552.0,7710.0,nan,7621.0,336688,12830339210.0,253156,7595.0,183,7594.0,10,nan,0,nan,0,nan,0,nan,0,nan,0,nan,0,nan,0,nan,0
1597988271648813056,1597988272233999872,2020-08-21 13:37:52.234000,7595.0,7715.0,7552.0,7710.0,nan,7621.0,336745,12832503765.0,253113,7595.0,131,7594.0,26,nan,0,nan,0,nan,0,nan,0,nan,0,nan,0,nan,0,nan,0
1597988272148068096,1597988272740000000,2020-08-21 13:37:52.740000,7595.0,7715.0,7552.0,7710.0,nan,7621.0,336746,12832541740.0,253114,7595.0,129,7594.0,26,nan,0,nan,0,nan,0,nan,0,nan,0,nan,0,nan,0,nan,0
1597988272664856064,1597988273233999872,2020-08-21 13:37:53.234000,7595.0,7715.0,7552.0,7710.0,nan,7621.0,336772,12833529090.0,253121,7595.0,103,7594.0,26,nan,0,nan,0,nan,0,nan,0,nan,0,nan,0,nan,0,nan,0
1597988273151143936,1597988273732000000,2020-08-21 13:37:53.732000,7594.0,7715.0,7552.0,7710.0,nan,7621.0,336773,12833567060.0,253121,7595.0,105,7594.0,26,nan,0,nan,0,nan,0,nan,0,nan,0,nan,0,nan,0,nan,0
1597988273644240896,1597988274236000000,2020-08-21 13:37:54.236000,7595.0,7715.0,7552.0,7710.0,nan,7621.0,336790,12834212635.0,253110,7595.0,88,7594.0,26,nan,0,nan,0,nan,0,nan,0,nan,0,nan,0,nan,0,nan,0
1597988274148144128,1597988274724999936,2020-08-21 13:37:54.725000,7594.0,7715.0,7552.0,7710.0,nan,7621.0,336794,12834364525.0,253107,7595.0,85,7594.0,14,nan,0,nan,0,nan,0,nan,0,nan,0,nan,0,nan,0,nan,0
1597988274659348992,1597988275239000064,2020-08-21 13:37:55.239000,7595.0,7715.0,7552.0,7710.0,nan,7621.0,336796,12834440475.0,253107,7595.0,83,7594.0,14,nan,0,nan,0,nan,0,nan,0,nan,0,nan,0,nan,0,nan,0
1597988275147713024,1597988275727000064,2020-08-21 13:37:55.727000,7595.0,7715.0,7552.0,7710.0,nan,7621.0,336817,12835237930.0,253122,7595.0,66,7594.0,29,nan,0,nan,0,nan,0,nan,0,nan,0,nan,0,nan,0,nan,0
1597988275654006016,1597988276240999936,2020-08-21 13:37:56.241000,7595.0,7715.0,7552.0,7710.0,nan,7621.0,336824,12835503755.0,253125,7595.0,59,7594.0,34,nan,0,nan,0,nan,0,nan,0,nan,0,nan,0,nan,0,nan,0
1597988276149618944,1597988276736999936,2020-08-21 13:37:56.737000,7595.0,7715.0,7552.0,7710.0,nan,7621.0,336824,12835503755.0,253125,7595.0,61,7594.0,34,nan,0,nan,0,nan,0,nan,0,nan,0,nan,0,nan,0,nan,0
1597988276772800000,1597988277220999936,2020-08-21 13:37:57.221000,7596.0,7715.0,7552.0,7710.0,nan,7621.0,336905,12838579830.0,253160,7596.0,77,7594.0,16,nan,0,nan,0,nan,0,nan,0,nan,0,nan,0,nan,0,nan,0
1597988277266512896,1597988277706000128,2020-08-21 13:37:57.706000,7596.0,7715.0,7552.0,7710.0,nan,7621.0,336933,12839643270.0,253145,7596.0,50,7595.0,20,nan,0,nan,0,nan,0,nan,0,nan,0,nan,0,nan,0,nan,0
1597988277686629888,1597988278236999936,2020-08-21 13:37:58.237000,7596.0,7715.0,7552.0,7710.0,nan,7621.0,336940,12839909115.0,253141,7596.0,46,7595.0,21,nan,0,nan,0,nan,0,nan,0,nan,0,nan,0,nan,0,nan,0
1597988278192503040,1597988278736000000,2020-08-21 13:37:58.736000,7596.0,7715.0,7552.0,7710.0,nan,7621.0,336940,12839909115.0,253141,7596.0,46,7595.0,17,nan,0,nan,0,nan,0,nan,0,nan,0,nan,0,nan,0,nan,0
1597988278657195008,1597988279236000000,2020-08-21 13:37:59.236000,7596.0,7715.0,7552.0,7710.0,nan,7621.0,336987,12841694175.0,253144,7597.0,115,7596.0,3,nan,0,nan,0,nan,0,nan,0,nan,0,nan,0,nan,0,nan,0
1597988279155821056,1597988279720000000,2020-08-21 13:37:59.720000,7596.0,7715.0,7552.0,7710.0,nan,7621.0,336994,12841960050.0,253144,7597.0,113,7596.0,11,nan,0,nan,0,nan,0,nan,0,nan,0,nan,0,nan,0,nan,0
1597988279660934912,1597988280161999872,2020-08-21 13:38:00.162000,7596.0,7715.0,7552.0,7710.0,nan,7621.0,337014,12842719725.0,253130,7597.0,98,7596.0,9,nan,0,nan,0,nan,0,nan,0,nan,0,nan,0,nan,0,nan,0
1597988280147296000,1597988280742000128,2020-08-21 13:38:00.742000,7596.0,7715.0,7552.0,7710.0,nan,7621.0,337035,12843517405.0,253117,7597.0,78,7596.0,13,nan,0,nan,0,nan,0,nan,0,nan,0,nan,0,nan,0,nan,0
1597988280640536064,1597988281236999936,2020-08-21 13:38:01.237000,7596.0,7715.0,7552.0,7710.0,nan,7621.0,337035,12843517405.0,253117,7597.0,82,7596.0,14,nan,0,nan,0,nan,0,nan,0,nan,0,nan,0,nan,0,nan,0
1597988281167347968,1597988281742000128,2020-08-21 13:38:01.742000,7596.0,7715.0,7552.0,7710.0,nan,7621.0,337039,12843669325.0,253117,7597.0,82,7596.0,13,nan,0,nan,0,nan,0,nan,0,nan,0,nan,0,nan,0,nan,0
1597988281646533888,1597988282193000192,2020-08-21 13:38:02.193000,7597.0,7715.0,7552.0,7710.0,nan,7621.0,337042,12843783275.0,253118,7597.0,80,7596.0,12,nan,0,nan,0,nan,0,nan,0,nan,0,nan,0,nan,0,nan,0
1597988282147964928,1597988282712999936,2020-08-21 13:38:02.713000,7597.0,7715.0,7552.0,7710.0,nan,7621.0,337126,12846974010.0,253103,7598.0,49,7597.0,19,nan,0,nan,0,nan,0,nan,0,nan,0,nan,0,nan,0,nan,0
1597988282648616960,1597988283233999872,2020-08-21 13:38:03.234000,7597.0,7715.0,7552.0,7710.0,nan,7621.0,337214,12850317045.0,253040,7598.0,11,7597.0,18,nan,0,nan,0,nan,0,nan,0,nan,0,nan,0,nan,0,nan,0
1597988283150979072,1597988283733999872,2020-08-21 13:38:03.734000,7597.0,7715.0,7552.0,7710.0,nan,7621.0,337220,12850544970.0,253042,7598.0,4,7597.0,29,nan,0,nan,0,nan,0,nan,0,nan,0,nan,0,nan,0,nan,0
1597988283648973056,1597988284236000000,2020-08-21 13:38:04.236000,7598.0,7715.0,7552.0,7710.0,nan,7621.0,337223,12850658935.0,253043,7598.0,5,7597.0,29,nan,0,nan,0,nan,0,nan,0,nan,0,nan,0,nan,0,nan,0
1597988284159373056,1597988284706000128,2020-08-21 13:38:04.706000,7598.0,7715.0,7552.0,7710.0,nan,7621.0,337232,12851000835.0,253040,7599.0,94,7597.0,28,nan,0,nan,0,nan,0,nan,0,nan,0,nan,0,nan,0,nan,0
1597988284652400128,1597988285234999808,2020-08-21 13:38:05.235000,7597.0,7715.0,7552.0,7710.0,nan,7621.0,337239,12851266735.0,253045,7598.0,7,7597.0,23,nan,0,nan,0,nan,0,nan,0,nan,0,nan,0,nan,0,nan,0
1597988285145986048,1597988285714999808,2020-08-21 13:38:05.715000,7597.0,7715.0,7552.0,7710.0,nan,7621.0,337256,12851912540.0,253039,7598.0,5,7597.0,21,nan,0,nan,0,nan,0,nan,0,nan,0,nan,0,nan,0,nan,0
1597988285644078080,1597988286236999936,2020-08-21 13:38:06.237000,7598.0,7715.0,7552.0,7710.0,nan,7621.0,337258,12851988515.0,253039,7598.0,3,7597.0,24,nan,0,nan,0,nan,0,nan,0,nan,0,nan,0,nan,0,nan,0
1597988286150582016,1597988286732999936,2020-08-21 13:38:06.733000,7598.0,7715.0,7552.0,7710.0,nan,7621.0,337274,12852596355.0,253037,7598.0,8,7597.0,24,nan,0,nan,0,nan,0,nan,0,nan,0,nan,0,nan,0,nan,0
1597988286651525888,1597988287240000000,2020-08-21 13:38:07.240000,7598.0,7715.0,7552.0,7710.0,nan,7621.0,337278,12852748315.0,253035,7598.0,12,7597.0,24,nan,0,nan,0,nan,0,nan,0,nan,0,nan,0,nan,0,nan,0
1597988287156414976,1597988287739000064,2020-08-21 13:38:07.739000,7597.0,7715.0,7552.0,7710.0,nan,7621.0,337283,12852938250.0,253033,7598.0,9,7597.0,30,nan,0,nan,0,nan,0,nan,0,nan,0,nan,0,nan,0,nan,0
1597988287649370112,1597988288242000128,2020-08-21 13:38:08.242000,7597.0,7715.0,7552.0,7710.0,nan,7621.0,337290,12853204145.0,253033,7598.0,31,7597.0,23,nan,0,nan,0,nan,0,nan,0,nan,0,nan,0,nan,0,nan,0
1597988288143095040,1597988288730000128,2020-08-21 13:38:08.730000,7598.0,7715.0,7552.0,7710.0,nan,7621.0,337322,12854419675.0,253049,7598.0,33,7597.0,5,nan,0,nan,0,nan,0,nan,0,nan,0,nan,0,nan,0,nan,0
1597988288647173888,1597988289240999936,2020-08-21 13:38:09.241000,7598.0,7715.0,7552.0,7710.0,nan,7621.0,337322,12854419675.0,253049,7598.0,43,7597.0,5,nan,0,nan,0,nan,0,nan,0,nan,0,nan,0,nan,0,nan,0
1597988289144125952,1597988289729000192,2020-08-21 13:38:09.729000,7597.0,7715.0,7552.0,7710.0,nan,7621.0,337326,12854571625.0,253047,7598.0,37,7597.0,4,nan,0,nan,0,nan,0,nan,0,nan,0,nan,0,nan,0,nan,0
1597988289800368128,1597988290232999936,2020-08-21 13:38:10.233000,7597.0,7715.0,7552.0,7710.0,nan,7621.0,337326,12854571625.0,253047,7598.0,37,7597.0,9,nan,0,nan,0,nan,0,nan,0,nan,0,nan,0,nan,0,nan,0
1597988290152433920,1597988290716999936,2020-08-21 13:38:10.717000,7598.0,7715.0,7552.0,7710.0,nan,7621.0,337339,12855065495.0,253034,7598.0,24,7597.0,9,nan,0,nan,0,nan,0,nan,0,nan,0,nan,0,nan,0,nan,0
1597988290652525056,1597988291242000128,2020-08-21 13:38:11.242000,7598.0,7715.0,7552.0,7710.0,nan,7621.0,337346,12855331425.0,253034,7598.0,17,7597.0,24,nan,0,nan,0,nan,0,nan,0,nan,0,nan,0,nan,0,nan,0
1597988291160470016,1597988291740999936,2020-08-21 13:38:11.741000,7598.0,7715.0,7552.0,7710.0,nan,7621.0,337350,12855483380.0,253031,7598.0,14,7597.0,23,nan,0,nan,0,nan,0,nan,0,nan,0,nan,0,nan,0,nan,0
1597988291650473984,1597988292223000064,2020-08-21 13:38:12.223000,7598.0,7715.0,7552.0,7710.0,nan,7621.0,337351,12855521370.0,253031,7598.0,13,7597.0,24,nan,0,nan,0,nan,0,nan,0,nan,0,nan,0,nan,0,nan,0
1597988292146653952,1597988292713999872,2020-08-21 13:38:12.714000,7598.0,7715.0,7552.0,7710.0,nan,7621.0,337354,12855635340.0,253033,7598.0,10,7597.0,27,nan,0,nan,0,nan,0,nan,0,nan,0,nan,0,nan,0,nan,0
1597988292651576064,1597988293236999936,2020-08-21 13:38:13.237000,7598.0,7715.0,7552.0,7710.0,nan,7621.0,337354,12855635340.0,253033,7598.0,11,7597.0,27,nan,0,nan,0,nan,0,nan,0,nan,0,nan,0,nan,0,nan,0
1597988293151342080,1597988293727000064,2020-08-21 13:38:13.727000,7598.0,7715.0,7552.0,7710.0,nan,7621.0,337354,12855635340.0,253033,7598.0,15,7597.0,27,nan,0,nan,0,nan,0,nan,0,nan,0,nan,0,nan,0,nan,0
1597988293648532992,1597988294223000064,2020-08-21 13:38:14.223000,7598.0,7715.0,7552.0,7710.0,nan,7621.0,337354,12855635340.0,253033,7598.0,16,7597.0,27,nan,0,nan,0,nan,0,nan,0,nan,0,nan,0,nan,0,nan,0
1597988294142562048,1597988294740000000,2020-08-21 13:38:14.740000,7597.0,7715.0,7552.0,7710.0,nan,7621.0,337355,12855673325.0,253032,7598.0,17,7597.0,26,nan,0,nan,0,nan,0,nan,0,nan,0,nan,0,nan,0,nan,0
1597988294642661120,1597988295240000000,2020-08-21 13:38:15.240000,7597.0,7715.0,7552.0,7710.0,nan,7621.0,337370,12856243100.0,253026,7598.0,20,7597.0,15,nan,0,nan,0,nan,0,nan,0,nan,0,nan,0,nan,0,nan,0
1597988295181012992,1597988295724999936,2020-08-21 13:38:15.725000,7597.0,7715.0,7552.0,7710.0,nan,7621.0,337387,12856888850.0,253033,7598.0,28,7597.0,1,nan,0,nan,0,nan,0,nan,0,nan,0,nan,0,nan,0,nan,0
1597988295641897984,1597988296236999936,2020-08-21 13:38:16.237000,7597.0,7715.0,7552.0,7710.0,nan,7621.0,337388,12856926835.0,253033,7598.0,28,7597.0,5,nan,0,nan,0,nan,0,nan,0,nan,0,nan,0,nan,0,nan,0
1597988296147884032,1597988296737999872,2020-08-21 13:38:16.738000,7597.0,7715.0,7552.0,7710.0,nan,7621.0,337437,12858788270.0,253062,7598.0,5,7597.0,20,nan,0,nan,0,nan,0,nan,0,nan,0,nan,0,nan,0,nan,0
1597988296664230912,1597988297220000000,2020-08-21 13:38:17.220000,7597.0,7715.0,7552.0,7710.0,nan,7621.0,337441,12858940215.0,253063,7598.0,11,7597.0,22,nan,0,nan,0,nan,0,nan,0,nan,0,nan,0,nan,0,nan,0
1597988297161419008,1597988297716000000,2020-08-21 13:38:17.716000,7597.0,7715.0,7552.0,7710.0,nan,7621.0,337449,12859244105.0,253062,7598.0,7,7597.0,25,nan,0,nan,0,nan,0,nan,0,nan,0,nan,0,nan,0,nan,0
1597988297661044992,1597988298234999808,2020-08-21 13:38:18.235000,7597.0,7715.0,7552.0,7710.0,nan,7621.0,337451,12859320075.0,253063,7598.0,11,7597.0,23,nan,0,nan,0,nan,0,nan,0,nan,0,nan,0,nan,0,nan,0
1597988298146488064,1597988298739000064,2020-08-21 13:38:18.739000,7597.0,7715.0,7552.0,7710.0,nan,7621.0,337483,12860535595.0,253051,7597.0,44,7596.0,56,nan,0,nan,0,nan,0,nan,0,nan,0,nan,0,nan,0,nan,0
1597988298642376960,1597988299232999936,2020-08-21 13:38:19.233000,7597.0,7715.0,7552.0,7710.0,nan,7621.0,337493,12860915445.0,253055,7597.0,40,7596.0,41,nan,0,nan,0,nan,0,nan,0,nan,0,nan,0,nan,0,nan,0
1597988299147726080,1597988299731000064,2020-08-21 13:38:19.731000,7596.0,7715.0,7552.0,7710.0,nan,7621.0,337498,12861105355.0,253053,7597.0,37,7596.0,38,nan,0,nan,0,nan,0,nan,0,nan,0,nan,0,nan,0,nan,0
1597988299648399872,1597988300231000064,2020-08-21 13:38:20.231000,7596.0,7715.0,7552.0,7710.0,nan,7621.0,337501,12861219305.0,253053,7597.0,36,7596.0,37,nan,0,nan,0,nan,0,nan,0,nan,0,nan,0,nan,0,nan,0
1597988300162245888,1597988300739000064,2020-08-21 13:38:20.739000,7597.0,7715.0,7552.0,7710.0,nan,7621.0,337508,12861485180.0,253054,7597.0,32,7596.0,33,nan,0,nan,0,nan,0,nan,0,nan,0,nan,0,nan,0,nan,0
1597988300766397952,1597988301226000128,2020-08-21 13:38:21.226000,7597.0,7715.0,7552.0,7710.0,nan,7621.0,337511,12861599130.0,253053,7597.0,30,7596.0,32,nan,0,nan,0,nan,0,nan,0,nan,0,nan,0,nan,0,nan,0
1597988301955969024,1597988302231000064,2020-08-21 13:38:22.231000,7597.0,7715.0,7552.0,7710.0,nan,7621.0,337512,12861637115.0,253053,7597.0,31,7596.0,32,nan,0,nan,0,nan,0,nan,0,nan,0,nan,0,nan,0,nan,0
1597988302190596096,1597988302743000064,2020-08-21 13:38:22.743000,7597.0,7715.0,7552.0,7710.0,nan,7621.0,337512,12861637115.0,253053,7597.0,51,7596.0,32,nan,0,nan,0,nan,0,nan,0,nan,0,nan,0,nan,0,nan,0
1597988302670404096,1597988303228000000,2020-08-21 13:38:23.228000,7596.0,7715.0,7552.0,7710.0,nan,7621.0,337545,12862890460.0,253073,7596.0,1,7595.0,12,nan,0,nan,0,nan,0,nan,0,nan,0,nan,0,nan,0,nan,0
1597988303153891072,1597988303732000000,2020-08-21 13:38:23.732000,7596.0,7715.0,7552.0,7710.0,nan,7621.0,337549,12863042380.0,253070,7596.0,15,7595.0,15,nan,0,nan,0,nan,0,nan,0,nan,0,nan,0,nan,0,nan,0
1597988303853395968,1597988304239000064,2020-08-21 13:38:24.239000,7595.0,7715.0,7552.0,7710.0,nan,7621.0,337565,12863649980.0,253062,7595.0,8,7594.0,72,nan,0,nan,0,nan,0,nan,0,nan,0,nan,0,nan,0,nan,0
1597988304186437888,1597988304743000064,2020-08-21 13:38:24.743000,7595.0,7715.0,7552.0,7710.0,nan,7621.0,337583,12864333530.0,253054,7596.0,12,7595.0,17,nan,0,nan,0,nan,0,nan,0,nan,0,nan,0,nan,0,nan,0
1597988304669865984,1597988305243000064,2020-08-21 13:38:25.243000,7595.0,7715.0,7552.0,7710.0,nan,7621.0,337585,12864409480.0,253053,7596.0,13,7595.0,20,nan,0,nan,0,nan,0,nan,0,nan,0,nan,0,nan,0,nan,0
1597988305149330944,1597988305742000128,2020-08-21 13:38:25.742000,7596.0,7715.0,7552.0,7710.0,nan,7621.0,337588,12864523410.0,253051,7596.0,12,7595.0,18,nan,0,nan,0,nan,0,nan,0,nan,0,nan,0,nan,0,nan,0
1597988305645466112,1597988306240999936,2020-08-21 13:38:26.241000,7596.0,7715.0,7552.0,7710.0,nan,7621.0,337599,12864941185.0,253050,7596.0,5,7595.0,19,nan,0,nan,0,nan,0,nan,0,nan,0,nan,0,nan,0,nan,0
1597988306148909056,1597988306742000128,2020-08-21 13:38:26.742000,7595.0,7715.0,7552.0,7710.0,nan,7621.0,337600,12864979160.0,253050,7596.0,5,7595.0,22,nan,0,nan,0,nan,0,nan,0,nan,0,nan,0,nan,0,nan,0
1597988306650458880,1597988307209000192,2020-08-21 13:38:27.209000,7595.0,7715.0,7552.0,7710.0,nan,7621.0,337600,12864979160.0,253050,7596.0,6,7595.0,22,nan,0,nan,0,nan,0,nan,0,nan,0,nan,0,nan,0,nan,0
1597988307195004928,1597988307742000128,2020-08-21 13:38:27.742000,7596.0,7715.0,7552.0,7710.0,nan,7621.0,337609,12865320980.0,253045,7597.0,44,7595.0,33,nan,0,nan,0,nan,0,nan,0,nan,0,nan,0,nan,0,nan,0
1597988307701250048,1597988308243000064,2020-08-21 13:38:28.243000,7596.0,7715.0,7552.0,7710.0,nan,7621.0,337614,12865510880.0,253044,7597.0,41,7596.0,1,nan,0,nan,0,nan,0,nan,0,nan,0,nan,0,nan,0,nan,0
1597988308189483008,1597988308734999808,2020-08-21 13:38:28.735000,7597.0,7715.0,7552.0,7710.0,nan,7621.0,337615,12865548865.0,253043,7597.0,36,7596.0,12,nan,0,nan,0,nan,0,nan,0,nan,0,nan,0,nan,0,nan,0
1597988308661792000,1597988309229000192,2020-08-21 13:38:29.229000,7597.0,7715.0,7552.0,7710.0,nan,7621.0,337652,12866954310.0,253016,7598.0,27,7597.0,4,nan,0,nan,0,nan,0,nan,0,nan,0,nan,0,nan,0,nan,0
1597988309189489920,1597988309736000000,2020-08-21 13:38:29.736000,7596.0,7715.0,7552.0,7710.0,nan,7621.0,337669,12867600030.0,253001,7598.0,26,7596.0,11,nan,0,nan,0,nan,0,nan,0,nan,0,nan,0,nan,0,nan,0
1597988309936186112,1597988310227000064,2020-08-21 13:38:30.227000,7596.0,7715.0,7552.0,7710.0,nan,7621.0,337679,12867979835.0,253003,7597.0,11,7596.0,10,nan,0,nan,0,nan,0,nan,0,nan,0,nan,0,nan,0,nan,0
1597988310227533056,1597988310736999936,2020-08-21 13:38:30.737000,7596.0,7715.0,7552.0,7710.0,nan,7621.0,337679,12867979835.0,253003,7597.0,12,7596.0,10,nan,0,nan,0,nan,0,nan,0,nan,0,nan,0,nan,0,nan,0
1597988310690619904,1597988311240999936,2020-08-21 13:38:31.241000,7597.0,7715.0,7552.0,7710.0,nan,7621.0,337680,12868017820.0,253003,7597.0,11,7596.0,10,nan,0,nan,0,nan,0,nan,0,nan,0,nan,0,nan,0,nan,0
1597988311165666048,1597988311724000000,2020-08-21 13:38:31.724000,7597.0,7715.0,7552.0,7710.0,nan,7621.0,337683,12868131775.0,253003,7597.0,9,7596.0,13,nan,0,nan,0,nan,0,nan,0,nan,0,nan,0,nan,0,nan,0
1597988311650476032,1597988312230000128,2020-08-21 13:38:32.230000,7596.0,7715.0,7552.0,7710.0,nan,7621.0,337684,12868169755.0,253004,7597.0,12,7596.0,11,nan,0,nan,0,nan,0,nan,0,nan,0,nan,0,nan,0,nan,0
1597988312660412928,1597988313239000064,2020-08-21 13:38:33.239000,7596.0,7715.0,7552.0,7710.0,nan,7621.0,337694,12868549580.0,253004,7597.0,12,7596.0,17,nan,0,nan,0,nan,0,nan,0,nan,0,nan,0,nan,0,nan,0
1597988313176599040,1597988313744000000,2020-08-21 13:38:33.744000,7597.0,7715.0,7552.0,7710.0,nan,7621.0,337696,12868625550.0,253002,7597.0,12,7596.0,17,nan,0,nan,0,nan,0,nan,0,nan,0,nan,0,nan,0,nan,0
1597988313652738048,1597988314244000000,2020-08-21 13:38:34.244000,7596.0,7715.0,7552.0,7710.0,nan,7621.0,337697,12868663530.0,253003,7597.0,31,7596.0,7,nan,0,nan,0,nan,0,nan,0,nan,0,nan,0,nan,0,nan,0
1597988314144282112,1597988314734999808,2020-08-21 13:38:34.735000,7596.0,7715.0,7552.0,7710.0,nan,7621.0,337697,12868663530.0,253003,7597.0,31,7596.0,1,nan,0,nan,0,nan,0,nan,0,nan,0,nan,0,nan,0,nan,0
1597988314647467008,1597988315232999936,2020-08-21 13:38:35.233000,7596.0,7715.0,7552.0,7710.0,nan,7621.0,337698,12868701510.0,253004,7597.0,43,7595.0,71,nan,0,nan,0,nan,0,nan,0,nan,0,nan,0,nan,0,nan,0
1597988316142381056,1597988316742000128,2020-08-21 13:38:36.742000,7596.0,7715.0,7552.0,7710.0,nan,7621.0,337698,12868701510.0,253004,7597.0,45,7595.0,71,nan,0,nan,0,nan,0,nan,0,nan,0,nan,0,nan,0,nan,0
1597988316647458048,1597988317240999936,2020-08-21 13:38:37.241000,7596.0,7715.0,7552.0,7710.0,nan,7621.0,337698,12868701510.0,253004,7597.0,46,7595.0,71,nan,0,nan,0,nan,0,nan,0,nan,0,nan,0,nan,0,nan,0
1597988317163453952,1597988317716000000,2020-08-21 13:38:37.716000,7596.0,7715.0,7552.0,7710.0,nan,7621.0,337699,12868739490.0,253005,7597.0,46,7596.0,1,nan,0,nan,0,nan,0,nan,0,nan,0,nan,0,nan,0,nan,0
1597988317649234944,1597988318232000000,2020-08-21 13:38:38.232000,7596.0,7715.0,7552.0,7710.0,nan,7621.0,337700,12868777470.0,253006,7597.0,46,7595.0,71,nan,0,nan,0,nan,0,nan,0,nan,0,nan,0,nan,0,nan,0
1597988318169218048,1597988318716000000,2020-08-21 13:38:38.716000,7597.0,7715.0,7552.0,7710.0,nan,7621.0,337710,12869157320.0,253007,7597.0,36,7596.0,1,nan,0,nan,0,nan,0,nan,0,nan,0,nan,0,nan,0,nan,0
1597988318648563968,1597988319234999808,2020-08-21 13:38:39.235000,7596.0,7715.0,7552.0,7710.0,nan,7621.0,337717,12869423185.0,253007,7597.0,35,7596.0,2,nan,0,nan,0,nan,0,nan,0,nan,0,nan,0,nan,0,nan,0
1597988319145470976,1597988319726000128,2020-08-21 13:38:39.726000,7596.0,7715.0,7552.0,7710.0,nan,7621.0,337719,12869499150.0,253009,7597.0,36,7596.0,1,nan,0,nan,0,nan,0,nan,0,nan,0,nan,0,nan,0,nan,0
1597988319651869952,1597988320240999936,2020-08-21 13:38:40.241000,7596.0,7715.0,7552.0,7710.0,nan,7621.0,337720,12869537130.0,253010,7597.0,36,7595.0,71,nan,0,nan,0,nan,0,nan,0,nan,0,nan,0,nan,0,nan,0
1597988320153521920,1597988320740999936,2020-08-21 13:38:40.741000,7597.0,7715.0,7552.0,7710.0,nan,7621.0,337723,12869651085.0,253007,7597.0,33,7595.0,71,nan,0,nan,0,nan,0,nan,0,nan,0,nan,0,nan,0,nan,0
1597988320654868992,1597988321233999872,2020-08-21 13:38:41.234000,7596.0,7715.0,7552.0,7710.0,nan,7621.0,337727,12869803010.0,253008,7597.0,31,7596.0,1,nan,0,nan,0,nan,0,nan,0,nan,0,nan,0,nan,0,nan,0
1597988321153942016,1597988321743000064,2020-08-21 13:38:41.743000,7597.0,7715.0,7552.0,7710.0,nan,7621.0,337728,12869840995.0,253007,7597.0,30,7596.0,13,nan,0,nan,0,nan,0,nan,0,nan,0,nan,0,nan,0,nan,0
1597988321649243904,1597988322224000000,2020-08-21 13:38:42.224000,7597.0,7715.0,7552.0,7710.0,nan,7621.0,337732,12869992935.0,253005,7597.0,27,7596.0,13,nan,0,nan,0,nan,0,nan,0,nan,0,nan,0,nan,0,nan,0
1597988322156430080,1597988322726000128,2020-08-21 13:38:42.726000,7596.0,7715.0,7552.0,7710.0,nan,7621.0,337738,12870220840.0,252999,7597.0,23,7596.0,12,nan,0,nan,0,nan,0,nan,0,nan,0,nan,0,nan,0,nan,0
1597988323147051008,1597988323732999936,2020-08-21 13:38:43.733000,7597.0,7715.0,7552.0,7710.0,nan,7621.0,337739,12870258825.0,252999,7597.0,22,7596.0,12,nan,0,nan,0,nan,0,nan,0,nan,0,nan,0,nan,0,nan,0
1597988324144584960,1597988324729000192,2020-08-21 13:38:44.729000,7596.0,7715.0,7552.0,7710.0,nan,7621.0,337745,12870486705.0,253003,7597.0,23,7596.0,2,nan,0,nan,0,nan,0,nan,0,nan,0,nan,0,nan,0,nan,0
1597988324648082944,1597988325237999872,2020-08-21 13:38:45.238000,7597.0,7715.0,7552.0,7710.0,nan,7621.0,337747,12870562670.0,253003,7597.0,22,7596.0,1,nan,0,nan,0,nan,0,nan,0,nan,0,nan,0,nan,0,nan,0
1597988325175566080,1597988325742000128,2020-08-21 13:38:45.742000,7597.0,7715.0,7552.0,7710.0,nan,7621.0,337747,12870562670.0,253003,7597.0,22,7596.0,7,nan,0,nan,0,nan,0,nan,0,nan,0,nan,0,nan,0,nan,0
1597988325769945088,1597988326224000000,2020-08-21 13:38:46.224000,7596.0,7715.0,7552.0,7710.0,nan,7621.0,337754,12870828535.0,253004,7597.0,22,7596.0,2,nan,0,nan,0,nan,0,nan,0,nan,0,nan,0,nan,0,nan,0
1597988326297011968,1597988326737999872,2020-08-21 13:38:46.738000,7596.0,7715.0,7552.0,7710.0,nan,7621.0,337756,12870904495.0,253005,7596.0,2,7595.0,72,nan,0,nan,0,nan,0,nan,0,nan,0,nan,0,nan,0,nan,0
1597988326851016960,1597988327224999936,2020-08-21 13:38:47.225000,7596.0,7715.0,7552.0,7710.0,nan,7621.0,337757,12870942475.0,253005,7596.0,1,7595.0,72,nan,0,nan,0,nan,0,nan,0,nan,0,nan,0,nan,0,nan,0
1597988327144665088,1597988327712000000,2020-08-21 13:38:47.712000,7596.0,7715.0,7552.0,7710.0,nan,7621.0,337759,12871018435.0,253005,7597.0,22,7596.0,2,nan,0,nan,0,nan,0,nan,0,nan,0,nan,0,nan,0,nan,0
1597988327658339072,1597988328180000000,2020-08-21 13:38:48.180000,7596.0,7715.0,7552.0,7710.0,nan,7621.0,337760,12871056415.0,253005,7597.0,22,7596.0,2,nan,0,nan,0,nan,0,nan,0,nan,0,nan,0,nan,0,nan,0
1597988328667251968,1597988329211000064,2020-08-21 13:38:49.211000,7597.0,7715.0,7552.0,7710.0,nan,7621.0,337763,12871170365.0,253006,7597.0,21,7596.0,6,nan,0,nan,0,nan,0,nan,0,nan,0,nan,0,nan,0,nan,0
1597988329266144000,1597988329716999936,2020-08-21 13:38:49.717000,7597.0,7715.0,7552.0,7710.0,nan,7621.0,337764,12871208350.0,253007,7597.0,20,7596.0,7,nan,0,nan,0,nan,0,nan,0,nan,0,nan,0,nan,0,nan,0
1597988330177798912,1597988330712000000,2020-08-21 13:38:50.712000,7596.0,7715.0,7552.0,7710.0,nan,7621.0,337765,12871246330.0,253007,7597.0,20,7596.0,6,nan,0,nan,0,nan,0,nan,0,nan,0,nan,0,nan,0,nan,0
1597988330710376960,1597988331240000000,2020-08-21 13:38:51.240000,7597.0,7715.0,7552.0,7710.0,nan,7621.0,337766,12871284315.0,253008,7597.0,19,7596.0,6,nan,0,nan,0,nan,0,nan,0,nan,0,nan,0,nan,0,nan,0
1597988331188226048,1597988331743000064,2020-08-21 13:38:51.743000,7597.0,7715.0,7552.0,7710.0,nan,7621.0,337768,12871360285.0,253008,7597.0,17,7596.0,11,nan,0,nan,0,nan,0,nan,0,nan,0,nan,0,nan,0,nan,0
1597988332213853952,1597988332740999936,2020-08-21 13:38:52.741000,7596.0,7715.0,7552.0,7710.0,nan,7621.0,337774,12871588190.0,253013,7597.0,12,7596.0,12,nan,0,nan,0,nan,0,nan,0,nan,0,nan,0,nan,0,nan,0
1597988332727024896,1597988333239000064,2020-08-21 13:38:53.239000,7596.0,7715.0,7552.0,7710.0,nan,7621.0,337774,12871588190.0,253013,7597.0,12,7596.0,13,nan,0,nan,0,nan,0,nan,0,nan,0,nan,0,nan,0,nan,0
1597988333167950080,1597988333742000128,2020-08-21 13:38:53.742000,7597.0,7715.0,7552.0,7710.0,nan,7621.0,337777,12871702145.0,253014,7597.0,11,7596.0,15,nan,0,nan,0,nan,0,nan,0,nan,0,nan,0,nan,0,nan,0
1597988333759805952,1597988334240999936,2020-08-21 13:38:54.241000,7597.0,7715.0,7552.0,7710.0,nan,7621.0,337777,12871702145.0,253014,7597.0,11,7596.0,16,nan,0,nan,0,nan,0,nan,0,nan,0,nan,0,nan,0,nan,0
1597988334212956928,1597988334691000064,2020-08-21 13:38:54.691000,7597.0,7715.0,7552.0,7710.0,nan,7621.0,337777,12871702145.0,253014,7597.0,13,7596.0,15,nan,0,nan,0,nan,0,nan,0,nan,0,nan,0,nan,0,nan,0
1597988334657096960,1597988335183000064,2020-08-21 13:38:55.183000,7597.0,7715.0,7552.0,7710.0,nan,7621.0,337777,12871702145.0,253014,7597.0,13,7596.0,16,nan,0,nan,0,nan,0,nan,0,nan,0,nan,0,nan,0,nan,0
1597988335165608960,1597988335736999936,2020-08-21 13:38:55.737000,7597.0,7715.0,7552.0,7710.0,nan,7621.0,337778,12871740130.0,253014,7597.0,12,7596.0,13,nan,0,nan,0,nan,0,nan,0,nan,0,nan,0,nan,0,nan,0
1597988335703666944,1597988336194000128,2020-08-21 13:38:56.194000,7597.0,7715.0,7552.0,7710.0,nan,7621.0,337790,12872195950.0,253018,7597.0,6,7596.0,14,nan,0,nan,0,nan,0,nan,0,nan,0,nan,0,nan,0,nan,0
1597988336211915008,1597988336742000128,2020-08-21 13:38:56.742000,7597.0,7715.0,7552.0,7710.0,nan,7621.0,337794,12872347890.0,253019,7597.0,2,7596.0,14,nan,0,nan,0,nan,0,nan,0,nan,0,nan,0,nan,0,nan,0
1597988336768626944,1597988337237999872,2020-08-21 13:38:57.238000,7597.0,7715.0,7552.0,7710.0,nan,7621.0,337794,12872347890.0,253019,7597.0,3,7596.0,15,nan,0,nan,0,nan,0,nan,0,nan,0,nan,0,nan,0,nan,0
1597988337172519936,1597988337703000064,2020-08-21 13:38:57.703000,7597.0,7715.0,7552.0,7710.0,nan,7621.0,337795,12872385875.0,253018,7597.0,2,7596.0,22,nan,0,nan,0,nan,0,nan,0,nan,0,nan,0,nan,0,nan,0
1597988337833552896,1597988338239000064,2020-08-21 13:38:58.239000,7597.0,7715.0,7552.0,7710.0,nan,7621.0,337797,12872461845.0,253019,7598.0,92,7597.0,20,nan,0,nan,0,nan,0,nan,0,nan,0,nan,0,nan,0,nan,0
1597988338186267904,1597988338732000000,2020-08-21 13:38:58.732000,7597.0,7715.0,7552.0,7710.0,nan,7621.0,337818,12873259530.0,253016,7597.0,1,7596.0,31,nan,0,nan,0,nan,0,nan,0,nan,0,nan,0,nan,0,nan,0
1597988338722134016,1597988339243000064,2020-08-21 13:38:59.243000,7597.0,7715.0,7552.0,7710.0,nan,7621.0,337819,12873297515.0,253015,7598.0,92,7597.0,20,nan,0,nan,0,nan,0,nan,0,nan,0,nan,0,nan,0,nan,0
1597988339315064064,1597988339732000000,2020-08-21 13:38:59.732000,7597.0,7715.0,7552.0,7710.0,nan,7621.0,337821,12873373485.0,253013,7598.0,90,7597.0,20,nan,0,nan,0,nan,0,nan,0,nan,0,nan,0,nan,0,nan,0
1597988339689396992,1597988340240999936,2020-08-21 13:39:00.241000,7597.0,7715.0,7552.0,7710.0,nan,7621.0,337826,12873563410.0,253010,7598.0,99,7597.0,17,nan,0,nan,0,nan,0,nan,0,nan,0,nan,0,nan,0,nan,0
1597988340168421888,1597988340736999936,2020-08-21 13:39:00.737000,7597.0,7715.0,7552.0,7710.0,nan,7621.0,337826,12873563410.0,253010,7598.0,99,7597.0,13,nan,0,nan,0,nan,0,nan,0,nan,0,nan,0,nan,0,nan,0
1597988340710597120,1597988341220999936,2020-08-21 13:39:01.221000,7597.0,7715.0,7552.0,7710.0,nan,7621.0,337830,12873715350.0,253010,7598.0,99,7597.0,9,nan,0,nan,0,nan,0,nan,0,nan,0,nan,0,nan,0,nan,0
1597988341160559104,1597988341742000128,2020-08-21 13:39:01.742000,7597.0,7715.0,7552.0,7710.0,nan,7621.0,337864,12875007005.0,252983,7598.0,68,7597.0,12,nan,0,nan,0,nan,0,nan,0,nan,0,nan,0,nan,0,nan,0
1597988341743065088,1597988342244000000,2020-08-21 13:39:02.244000,7597.0,7715.0,7552.0,7710.0,nan,7621.0,337903,12876488560.0,252984,7598.0,40,7597.0,16,nan,0,nan,0,nan,0,nan,0,nan,0,nan,0,nan,0,nan,0
1597988342192050944,1597988342734999808,2020-08-21 13:39:02.735000,7598.0,7715.0,7552.0,7710.0,nan,7621.0,337943,12878008160.0,252968,7599.0,104,7598.0,6,nan,0,nan,0,nan,0,nan,0,nan,0,nan,0,nan,0,nan,0
1597988342729252096,1597988343236999936,2020-08-21 13:39:03.237000,7598.0,7715.0,7552.0,7710.0,nan,7621.0,337945,12878084140.0,252970,7599.0,104,7598.0,23,nan,0,nan,0,nan,0,nan,0,nan,0,nan,0,nan,0,nan,0
1597988343160547072,1597988343740000000,2020-08-21 13:39:03.740000,7597.0,7715.0,7552.0,7710.0,nan,7621.0,338010,12880553490.0,252956,7598.0,12,7597.0,15,nan,0,nan,0,nan,0,nan,0,nan,0,nan,0,nan,0,nan,0
1597988343674528000,1597988344221999872,2020-08-21 13:39:04.222000,7598.0,7715.0,7552.0,7710.0,nan,7621.0,338034,12881465230.0,252941,7599.0,112,7598.0,5,nan,0,nan,0,nan,0,nan,0,nan,0,nan,0,nan,0,nan,0
1597988344156224000,1597988344743000064,2020-08-21 13:39:04.743000,7598.0,7715.0,7552.0,7710.0,nan,7621.0,338034,12881465230.0,252941,7599.0,112,7598.0,19,nan,0,nan,0,nan,0,nan,0,nan,0,nan,0,nan,0,nan,0
1597988344646563072,1597988345236999936,2020-08-21 13:39:05.237000,7598.0,7715.0,7552.0,7710.0,nan,7621.0,338035,12881503220.0,252940,7599.0,112,7598.0,18,nan,0,nan,0,nan,0,nan,0,nan,0,nan,0,nan,0,nan,0
1597988345167613952,1597988345742000128,2020-08-21 13:39:05.742000,7598.0,7715.0,7552.0,7710.0,nan,7621.0,338039,12881655180.0,252938,7599.0,112,7598.0,14,nan,0,nan,0,nan,0,nan,0,nan,0,nan,0,nan,0,nan,0
1597988345696943104,1597988346233999872,2020-08-21 13:39:06.234000,7598.0,7715.0,7552.0,7710.0,nan,7621.0,338055,12882263020.0,252922,7598.0,14,7597.0,24,nan,0,nan,0,nan,0,nan,0,nan,0,nan,0,nan,0,nan,0
1597988346193227008,1597988346724999936,2020-08-21 13:39:06.725000,7597.0,7715.0,7552.0,7710.0,nan,7621.0,338086,12883440570.0,252915,7598.0,15,7597.0,1,nan,0,nan,0,nan,0,nan,0,nan,0,nan,0,nan,0,nan,0
1597988346684045056,1597988347239000064,2020-08-21 13:39:07.239000,7597.0,7715.0,7552.0,7710.0,nan,7621.0,338089,12883554525.0,252917,7598.0,25,7597.0,1,nan,0,nan,0,nan,0,nan,0,nan,0,nan,0,nan,0,nan,0
1597988347475068928,1597988347711000064,2020-08-21 13:39:07.711000,7598.0,7715.0,7552.0,7710.0,nan,7621.0,338091,12883630500.0,252918,7598.0,24,7596.0,84,nan,0,nan,0,nan,0,nan,0,nan,0,nan,0,nan,0,nan,0
1597988347673926912,1597988348233999872,2020-08-21 13:39:08.234000,7598.0,7715.0,7552.0,7710.0,nan,7621.0,338093,12883706480.0,252918,7598.0,24,7596.0,84,nan,0,nan,0,nan,0,nan,0,nan,0,nan,0,nan,0,nan,0
1597988348170585088,1597988348707000064,2020-08-21 13:39:08.707000,7598.0,7715.0,7552.0,7710.0,nan,7621.0,338095,12883782460.0,252919,7598.0,23,7596.0,84,nan,0,nan,0,nan,0,nan,0,nan,0,nan,0,nan,0,nan,0
1597988348657710080,1597988349219000064,2020-08-21 13:39:09.219000,7598.0,7715.0,7552.0,7710.0,nan,7621.0,338095,12883782460.0,252919,7598.0,23,7596.0,85,nan,0,nan,0,nan,0,nan,0,nan,0,nan,0,nan,0,nan,0
1597988349650983936,1597988350240999936,2020-08-21 13:39:10.241000,7596.0,7715.0,7552.0,7710.0,nan,7621.0,338096,12883820440.0,252919,7598.0,27,7596.0,85,nan,0,nan,0,nan,0,nan,0,nan,0,nan,0,nan,0,nan,0
1597988350260606976,1597988350743000064,2020-08-21 13:39:10.743000,7596.0,7715.0,7552.0,7710.0,nan,7621.0,338096,12883820440.0,252919,7598.0,28,7597.0,10,nan,0,nan,0,nan,0,nan,0,nan,0,nan,0,nan,0,nan,0
1597988350885349888,1597988351211000064,2020-08-21 13:39:11.211000,7597.0,7715.0,7552.0,7710.0,nan,7621.0,338106,12884200290.0,252929,7598.0,35,7596.0,85,nan,0,nan,0,nan,0,nan,0,nan,0,nan,0,nan,0,nan,0
1597988351165601024,1597988351736999936,2020-08-21 13:39:11.737000,7597.0,7715.0,7552.0,7710.0,nan,7621.0,338106,12884200290.0,252929,7598.0,35,7596.0,88,nan,0,nan,0,nan,0,nan,0,nan,0,nan,0,nan,0,nan,0
1597988351770790912,1597988352243000064,2020-08-21 13:39:12.243000,7598.0,7715.0,7552.0,7710.0,nan,7621.0,338107,12884238280.0,252928,7598.0,34,7596.0,88,nan,0,nan,0,nan,0,nan,0,nan,0,nan,0,nan,0,nan,0
1597988352139372032,1597988352734999808,2020-08-21 13:39:12.735000,7598.0,7715.0,7552.0,7710.0,nan,7621.0,338108,12884276270.0,252927,7598.0,32,7596.0,88,nan,0,nan,0,nan,0,nan,0,nan,0,nan,0,nan,0,nan,0
1597988352716016896,1597988353220999936,2020-08-21 13:39:13.221000,7598.0,7715.0,7552.0,7710.0,nan,7621.0,338108,12884276270.0,252927,7597.0,1,7596.0,89,nan,0,nan,0,nan,0,nan,0,nan,0,nan,0,nan,0,nan,0
1597988353184090112,1597988353730000128,2020-08-21 13:39:13.730000,7597.0,7715.0,7552.0,7710.0,nan,7621.0,338111,12884390225.0,252929,7598.0,21,7597.0,7,nan,0,nan,0,nan,0,nan,0,nan,0,nan,0,nan,0,nan,0
1597988353649871104,1597988354242000128,2020-08-21 13:39:14.242000,7597.0,7715.0,7552.0,7710.0,nan,7621.0,338112,12884428210.0,252929,7598.0,20,7597.0,7,nan,0,nan,0,nan,0,nan,0,nan,0,nan,0,nan,0,nan,0
1597988354152851968,1597988354724999936,2020-08-21 13:39:14.725000,7597.0,7715.0,7552.0,7710.0,nan,7621.0,338112,12884428210.0,252929,7598.0,21,7597.0,10,nan,0,nan,0,nan,0,nan,0,nan,0,nan,0,nan,0,nan,0
1597988354651629056,1597988355237999872,2020-08-21 13:39:15.238000,7597.0,7715.0,7552.0,7710.0,nan,7621.0,338114,12884504180.0,252928,7598.0,22,7597.0,19,nan,0,nan,0,nan,0,nan,0,nan,0,nan,0,nan,0,nan,0
1597988355149060096,1597988355742000128,2020-08-21 13:39:15.742000,7597.0,7715.0,7552.0,7710.0,nan,7621.0,338118,12884656130.0,252927,7598.0,20,7597.0,16,nan,0,nan,0,nan,0,nan,0,nan,0,nan,0,nan,0,nan,0
1597988355648730880,1597988356224999936,2020-08-21 13:39:16.225000,7597.0,7715.0,7552.0,7710.0,nan,7621.0,338119,12884694115.0,252927,7598.0,28,7597.0,16,nan,0,nan,0,nan,0,nan,0,nan,0,nan,0,nan,0,nan,0
1597988356142213888,1597988356732999936,2020-08-21 13:39:16.733000,7597.0,7715.0,7552.0,7710.0,nan,7621.0,338120,12884732100.0,252927,7598.0,30,7597.0,15,nan,0,nan,0,nan,0,nan,0,nan,0,nan,0,nan,0,nan,0
1597988357142781952,1597988357663000064,2020-08-21 13:39:17.663000,7597.0,7715.0,7552.0,7710.0,nan,7621.0,338121,12884770085.0,252928,7598.0,30,7597.0,14,nan,0,nan,0,nan,0,nan,0,nan,0,nan,0,nan,0,nan,0
1597988357646928896,1597988358234999808,2020-08-21 13:39:18.235000,7597.0,7715.0,7552.0,7710.0,nan,7621.0,338123,12884846060.0,252928,7598.0,29,7597.0,21,nan,0,nan,0,nan,0,nan,0,nan,0,nan,0,nan,0,nan,0
1597988358146082048,1597988358742000128,2020-08-21 13:39:18.742000,7597.0,7715.0,7552.0,7710.0,nan,7621.0,338123,12884846060.0,252928,7598.0,17,7597.0,49,nan,0,nan,0,nan,0,nan,0,nan,0,nan,0,nan,0,nan,0
1597988358646254080,1597988359244000000,2020-08-21 13:39:19.244000,7598.0,7715.0,7552.0,7710.0,nan,7621.0,338142,12885567870.0,252915,7599.0,107,7597.0,50,nan,0,nan,0,nan,0,nan,0,nan,0,nan,0,nan,0,nan,0
1597988359152338944,1597988359740000000,2020-08-21 13:39:19.740000,7597.0,7715.0,7552.0,7710.0,nan,7621.0,338151,12885909735.0,252915,7599.0,109,7597.0,45,nan,0,nan,0,nan,0,nan,0,nan,0,nan,0,nan,0,nan,0
1597988360148632064,1597988360740999936,2020-08-21 13:39:20.741000,7597.0,7715.0,7552.0,7710.0,nan,7621.0,338156,12886099680.0,252915,7598.0,85,7597.0,44,nan,0,nan,0,nan,0,nan,0,nan,0,nan,0,nan,0,nan,0
1597988360652743936,1597988361153000192,2020-08-21 13:39:21.153000,7597.0,7715.0,7552.0,7710.0,nan,7621.0,338197,12887657065.0,252924,7597.0,12,7596.0,83,nan,0,nan,0,nan,0,nan,0,nan,0,nan,0,nan,0,nan,0
1597988361154818048,1597988361737999872,2020-08-21 13:39:21.738000,7597.0,7715.0,7552.0,7710.0,nan,7621.0,338199,12887733035.0,252924,7597.0,10,7596.0,83,nan,0,nan,0,nan,0,nan,0,nan,0,nan,0,nan,0,nan,0
1597988361649648128,1597988362233999872,2020-08-21 13:39:22.234000,7596.0,7715.0,7552.0,7710.0,nan,7621.0,338201,12887808995.0,252922,7597.0,11,7596.0,81,nan,0,nan,0,nan,0,nan,0,nan,0,nan,0,nan,0,nan,0
1597988362150456064,1597988362736000000,2020-08-21 13:39:22.736000,7596.0,7715.0,7552.0,7710.0,nan,7621.0,338201,12887808995.0,252922,7597.0,12,7596.0,81,nan,0,nan,0,nan,0,nan,0,nan,0,nan,0,nan,0,nan,0
1597988362672889088,1597988363240999936,2020-08-21 13:39:23.241000,7596.0,7715.0,7552.0,7710.0,nan,7621.0,338208,12888074870.0,252926,7597.0,7,7596.0,78,nan,0,nan,0,nan,0,nan,0,nan,0,nan,0,nan,0,nan,0
1597988363155099904,1597988363716000000,2020-08-21 13:39:23.716000,7596.0,7715.0,7552.0,7710.0,nan,7621.0,338208,12888074870.0,252926,7597.0,12,7596.0,77,nan,0,nan,0,nan,0,nan,0,nan,0,nan,0,nan,0,nan,0
1597988364147100928,1597988364740000000,2020-08-21 13:39:24.740000,7597.0,7715.0,7552.0,7710.0,nan,7621.0,338221,12888568670.0,252938,7598.0,92,7597.0,8,nan,0,nan,0,nan,0,nan,0,nan,0,nan,0,nan,0,nan,0
1597988364649678080,1597988365242000128,2020-08-21 13:39:25.242000,7597.0,7715.0,7552.0,7710.0,nan,7621.0,338221,12888568670.0,252938,7598.0,93,7597.0,17,nan,0,nan,0,nan,0,nan,0,nan,0,nan,0,nan,0,nan,0
1597988365146353920,1597988365728000000,2020-08-21 13:39:25.728000,7598.0,7715.0,7552.0,7710.0,nan,7621.0,338261,12890088270.0,252898,7598.0,54,7597.0,22,nan,0,nan,0,nan,0,nan,0,nan,0,nan,0,nan,0,nan,0
1597988365647387904,1597988366243000064,2020-08-21 13:39:26.243000,7597.0,7715.0,7552.0,7710.0,nan,7621.0,338273,12890544090.0,252899,7598.0,54,7597.0,10,nan,0,nan,0,nan,0,nan,0,nan,0,nan,0,nan,0,nan,0
1597988366203872000,1597988366731000064,2020-08-21 13:39:26.731000,7597.0,7715.0,7552.0,7710.0,nan,7621.0,338273,12890544090.0,252899,7598.0,56,7597.0,8,nan,0,nan,0,nan,0,nan,0,nan,0,nan,0,nan,0,nan,0
1597988366737122048,1597988367232000000,2020-08-21 13:39:27.232000,7596.0,7715.0,7552.0,7710.0,nan,7621.0,338282,12890885950.0,252897,7597.0,12,7596.0,77,nan,0,nan,0,nan,0,nan,0,nan,0,nan,0,nan,0,nan,0
1597988367202171904,1597988367731000064,2020-08-21 13:39:27.731000,7596.0,7715.0,7552.0,7710.0,nan,7621.0,338282,12890885950.0,252897,7597.0,12,7596.0,79,nan,0,nan,0,nan,0,nan,0,nan,0,nan,0,nan,0,nan,0
1597988367691109888,1597988368209000192,2020-08-21 13:39:28.209000,7596.0,7715.0,7552.0,7710.0,nan,7621.0,338282,12890885950.0,252897,7597.0,12,7596.0,82,nan,0,nan,0,nan,0,nan,0,nan,0,nan,0,nan,0,nan,0
1597988368152733952,1597988368736999936,2020-08-21 13:39:28.737000,7596.0,7715.0,7552.0,7710.0,nan,7621.0,338282,12890885950.0,252897,7597.0,12,7596.0,86,nan,0,nan,0,nan,0,nan,0,nan,0,nan,0,nan,0,nan,0
1597988368648270080,1597988369236999936,2020-08-21 13:39:29.237000,7597.0,7715.0,7552.0,7710.0,nan,7621.0,338288,12891113860.0,252896,7597.0,6,7596.0,86,nan,0,nan,0,nan,0,nan,0,nan,0,nan,0,nan,0,nan,0
1597988369157611008,1597988369731000064,2020-08-21 13:39:29.731000,7597.0,7715.0,7552.0,7710.0,nan,7621.0,338288,12891113860.0,252896,7597.0,7,7596.0,86,nan,0,nan,0,nan,0,nan,0,nan,0,nan,0,nan,0,nan,0
1597988369647107072,1597988370196000000,2020-08-21 13:39:30.196000,7597.0,7715.0,7552.0,7710.0,nan,7621.0,338289,12891151845.0,252896,7597.0,6,7596.0,86,nan,0,nan,0,nan,0,nan,0,nan,0,nan,0,nan,0,nan,0
1597988370153438976,1597988370739000064,2020-08-21 13:39:30.739000,7596.0,7715.0,7552.0,7710.0,nan,7621.0,338310,12891949425.0,252902,7597.0,14,7596.0,65,nan,0,nan,0,nan,0,nan,0,nan,0,nan,0,nan,0,nan,0
1597988370661774080,1597988371223000064,2020-08-21 13:39:31.223000,7597.0,7715.0,7552.0,7710.0,nan,7621.0,338312,12892025395.0,252902,7597.0,12,7596.0,65,nan,0,nan,0,nan,0,nan,0,nan,0,nan,0,nan,0,nan,0
1597988371145891072,1597988371739000064,2020-08-21 13:39:31.739000,7597.0,7715.0,7552.0,7710.0,nan,7621.0,338321,12892367260.0,252898,7598.0,61,7596.0,65,nan,0,nan,0,nan,0,nan,0,nan,0,nan,0,nan,0,nan,0
1597988371664329984,1597988372240999936,2020-08-21 13:39:32.241000,7597.0,7715.0,7552.0,7710.0,nan,7621.0,338321,12892367260.0,252898,7598.0,62,7596.0,69,nan,0,nan,0,nan,0,nan,0,nan,0,nan,0,nan,0,nan,0
1597988372150524928,1597988372739000064,2020-08-21 13:39:32.739000,7597.0,7715.0,7552.0,7710.0,nan,7621.0,338321,12892367260.0,252898,7598.0,62,7597.0,8,nan,0,nan,0,nan,0,nan,0,nan,0,nan,0,nan,0,nan,0
1597988372670885120,1597988373240999936,2020-08-21 13:39:33.241000,7597.0,7715.0,7552.0,7710.0,nan,7621.0,338324,12892481215.0,252901,7598.0,66,7597.0,5,nan,0,nan,0,nan,0,nan,0,nan,0,nan,0,nan,0,nan,0
1597988373190992896,1597988373724999936,2020-08-21 13:39:33.725000,7597.0,7715.0,7552.0,7710.0,nan,7621.0,338325,12892519200.0,252902,7598.0,66,7597.0,4,nan,0,nan,0,nan,0,nan,0,nan,0,nan,0,nan,0,nan,0
1597988373689373952,1597988374216999936,2020-08-21 13:39:34.217000,7598.0,7715.0,7552.0,7710.0,nan,7621.0,338336,12892937080.0,252896,7598.0,58,7597.0,11,nan,0,nan,0,nan,0,nan,0,nan,0,nan,0,nan,0,nan,0
1597988374156686080,1597988374736999936,2020-08-21 13:39:34.737000,7597.0,7715.0,7552.0,7710.0,nan,7621.0,338337,12892975065.0,252896,7598.0,58,7597.0,11,nan,0,nan,0,nan,0,nan,0,nan,0,nan,0,nan,0,nan,0
1597988374695732992,1597988375244000000,2020-08-21 13:39:35.244000,7597.0,7715.0,7552.0,7710.0,nan,7621.0,338339,12893051035.0,252896,7598.0,58,7597.0,8,nan,0,nan,0,nan,0,nan,0,nan,0,nan,0,nan,0,nan,0
1597988375144743936,1597988375732000000,2020-08-21 13:39:35.732000,7597.0,7715.0,7552.0,7710.0,nan,7621.0,338340,12893089020.0,252896,7598.0,58,7597.0,7,nan,0,nan,0,nan,0,nan,0,nan,0,nan,0,nan,0,nan,0
1597988375650283008,1597988376240000000,2020-08-21 13:39:36.240000,7597.0,7715.0,7552.0,7710.0,nan,7621.0,338350,12893468870.0,252896,7597.0,1,7596.0,61,nan,0,nan,0,nan,0,nan,0,nan,0,nan,0,nan,0,nan,0
1597988376152259072,1597988376744000000,2020-08-21 13:39:36.744000,7597.0,7715.0,7552.0,7710.0,nan,7621.0,338351,12893506855.0,252896,7597.0,11,7596.0,61,nan,0,nan,0,nan,0,nan,0,nan,0,nan,0,nan,0,nan,0
1597988376657886976,1597988377236999936,2020-08-21 13:39:37.237000,7597.0,7715.0,7552.0,7710.0,nan,7621.0,338352,12893544840.0,252896,7597.0,16,7596.0,64,nan,0,nan,0,nan,0,nan,0,nan,0,nan,0,nan,0,nan,0
1597988377150731008,1597988377743000064,2020-08-21 13:39:37.743000,7597.0,7715.0,7552.0,7710.0,nan,7621.0,338362,12893924690.0,252901,7597.0,10,7596.0,64,nan,0,nan,0,nan,0,nan,0,nan,0,nan,0,nan,0,nan,0
1597988377660901120,1597988378224999936,2020-08-21 13:39:38.225000,7597.0,7715.0,7552.0,7710.0,nan,7621.0,338373,12894342525.0,252905,7598.0,57,7596.0,64,nan,0,nan,0,nan,0,nan,0,nan,0,nan,0,nan,0,nan,0
1597988378157479936,1597988378743000064,2020-08-21 13:39:38.743000,7597.0,7715.0,7552.0,7710.0,nan,7621.0,338377,12894494465.0,252904,7598.0,54,7597.0,1,nan,0,nan,0,nan,0,nan,0,nan,0,nan,0,nan,0,nan,0
1597988379650598912,1597988380232999936,2020-08-21 13:39:40.233000,7598.0,7715.0,7552.0,7710.0,nan,7621.0,338383,12894722400.0,252905,7598.0,53,7596.0,64,nan,0,nan,0,nan,0,nan,0,nan,0,nan,0,nan,0,nan,0
1597988380151147008,1597988380729000192,2020-08-21 13:39:40.729000,7598.0,7715.0,7552.0,7710.0,nan,7621.0,338383,12894722400.0,252905,7597.0,3,7596.0,64,nan,0,nan,0,nan,0,nan,0,nan,0,nan,0,nan,0,nan,0
1597988380666798080,1597988381234999808,2020-08-21 13:39:41.235000,7598.0,7715.0,7552.0,7710.0,nan,7621.0,338388,12894912335.0,252904,7597.0,2,7596.0,64,nan,0,nan,0,nan,0,nan,0,nan,0,nan,0,nan,0,nan,0
1597988381150625024,1597988381719000064,2020-08-21 13:39:41.719000,7597.0,7715.0,7552.0,7710.0,nan,7621.0,338389,12894950320.0,252905,7597.0,1,7596.0,64,nan,0,nan,0,nan,0,nan,0,nan,0,nan,0,nan,0,nan,0
1597988381648456960,1597988382240999936,2020-08-21 13:39:42.241000,7597.0,7715.0,7552.0,7710.0,nan,7621.0,338393,12895102260.0,252904,7598.0,52,7597.0,3,nan,0,nan,0,nan,0,nan,0,nan,0,nan,0,nan,0,nan,0
1597988382154217984,1597988382732000000,2020-08-21 13:39:42.732000,7598.0,7715.0,7552.0,7710.0,nan,7621.0,338394,12895140250.0,252903,7598.0,50,7597.0,7,nan,0,nan,0,nan,0,nan,0,nan,0,nan,0,nan,0,nan,0
1597988383144140032,1597988383716999936,2020-08-21 13:39:43.717000,7598.0,7715.0,7552.0,7710.0,nan,7621.0,338394,12895140250.0,252903,7598.0,55,7597.0,10,nan,0,nan,0,nan,0,nan,0,nan,0,nan,0,nan,0,nan,0
1597988384146682880,1597988384744000000,2020-08-21 13:39:44.744000,7597.0,7715.0,7552.0,7710.0,nan,7621.0,338398,12895292190.0,252904,7598.0,56,7597.0,6,nan,0,nan,0,nan,0,nan,0,nan,0,nan,0,nan,0,nan,0
1597988384656137984,1597988385243000064,2020-08-21 13:39:45.243000,7598.0,7715.0,7552.0,7710.0,nan,7621.0,338408,12895672065.0,252905,7598.0,51,7597.0,13,nan,0,nan,0,nan,0,nan,0,nan,0,nan,0,nan,0,nan,0
1597988385153957888,1597988385733999872,2020-08-21 13:39:45.734000,7598.0,7715.0,7552.0,7710.0,nan,7621.0,338408,12895672065.0,252905,7598.0,51,7597.0,18,nan,0,nan,0,nan,0,nan,0,nan,0,nan,0,nan,0,nan,0
1597988385655195904,1597988386194000128,2020-08-21 13:39:46.194000,7598.0,7715.0,7552.0,7710.0,nan,7621.0,338442,12896963725.0,252892,7598.0,31,7597.0,20,nan,0,nan,0,nan,0,nan,0,nan,0,nan,0,nan,0,nan,0
1597988386153544960,1597988386704999936,2020-08-21 13:39:46.705000,7598.0,7715.0,7552.0,7710.0,nan,7621.0,338443,12897001715.0,252893,7598.0,29,7597.0,20,nan,0,nan,0,nan,0,nan,0,nan,0,nan,0,nan,0,nan,0
1597988386643607040,1597988387200999936,2020-08-21 13:39:47.201000,7598.0,7715.0,7552.0,7710.0,nan,7621.0,338461,12897685535.0,252883,7598.0,11,7597.0,20,nan,0,nan,0,nan,0,nan,0,nan,0,nan,0,nan,0,nan,0
1597988387152732928,1597988387728000000,2020-08-21 13:39:47.728000,7598.0,7715.0,7552.0,7710.0,nan,7621.0,338472,12898103425.0,252891,7599.0,143,7597.0,25,nan,0,nan,0,nan,0,nan,0,nan,0,nan,0,nan,0,nan,0
1597988387650247936,1597988388223000064,2020-08-21 13:39:48.223000,7598.0,7715.0,7552.0,7710.0,nan,7621.0,338472,12898103425.0,252891,7598.0,3,7597.0,25,nan,0,nan,0,nan,0,nan,0,nan,0,nan,0,nan,0,nan,0
1597988388154375936,1597988388739000064,2020-08-21 13:39:48.739000,7597.0,7715.0,7552.0,7710.0,nan,7621.0,338482,12898483285.0,252889,7598.0,2,7597.0,17,nan,0,nan,0,nan,0,nan,0,nan,0,nan,0,nan,0,nan,0
1597988388648317952,1597988389243000064,2020-08-21 13:39:49.243000,7597.0,7715.0,7552.0,7710.0,nan,7621.0,338482,12898483285.0,252889,7598.0,10,7597.0,16,nan,0,nan,0,nan,0,nan,0,nan,0,nan,0,nan,0,nan,0
1597988389152718080,1597988389707000064,2020-08-21 13:39:49.707000,7598.0,7715.0,7552.0,7710.0,nan,7621.0,338494,12898939165.0,252878,7599.0,143,7597.0,17,nan,0,nan,0,nan,0,nan,0,nan,0,nan,0,nan,0,nan,0
1597988389651665920,1597988390240000000,2020-08-21 13:39:50.240000,7598.0,7715.0,7552.0,7710.0,nan,7621.0,338494,12898939165.0,252878,7599.0,143,7597.0,26,nan,0,nan,0,nan,0,nan,0,nan,0,nan,0,nan,0,nan,0
1597988390177552896,1597988390744000000,2020-08-21 13:39:50.744000,7598.0,7715.0,7552.0,7710.0,nan,7621.0,338494,12898939165.0,252878,7599.0,143,7597.0,27,nan,0,nan,0,nan,0,nan,0,nan,0,nan,0,nan,0,nan,0
1597988390651240960,1597988391240999936,2020-08-21 13:39:51.241000,7597.0,7715.0,7552.0,7710.0,nan,7621.0,338495,12898977150.0,252878,7599.0,143,7598.0,1,nan,0,nan,0,nan,0,nan,0,nan,0,nan,0,nan,0,nan,0
1597988391162789888,1597988391742000128,2020-08-21 13:39:51.742000,7599.0,7715.0,7552.0,7710.0,nan,7621.0,338507,12899433090.0,252880,7599.0,133,7597.0,26,nan,0,nan,0,nan,0,nan,0,nan,0,nan,0,nan,0,nan,0
1597988391644464896,1597988392243000064,2020-08-21 13:39:52.243000,7599.0,7715.0,7552.0,7710.0,nan,7621.0,338519,12899888970.0,252874,7599.0,127,7597.0,20,nan,0,nan,0,nan,0,nan,0,nan,0,nan,0,nan,0,nan,0
1597988392154808064,1597988392736999936,2020-08-21 13:39:52.737000,7598.0,7715.0,7552.0,7710.0,nan,7621.0,338520,12899926960.0,252874,7599.0,127,7597.0,23,nan,0,nan,0,nan,0,nan,0,nan,0,nan,0,nan,0,nan,0
1597988392650988032,1597988393233999872,2020-08-21 13:39:53.234000,7599.0,7715.0,7552.0,7710.0,nan,7621.0,338528,12900230895.0,252869,7599.0,123,7597.0,28,nan,0,nan,0,nan,0,nan,0,nan,0,nan,0,nan,0,nan,0
1597988393182856960,1597988393729000192,2020-08-21 13:39:53.729000,7597.0,7715.0,7552.0,7710.0,nan,7621.0,338532,12900382835.0,252868,7598.0,1,7597.0,22,nan,0,nan,0,nan,0,nan,0,nan,0,nan,0,nan,0,nan,0
1597988393656655104,1597988394243000064,2020-08-21 13:39:54.243000,7597.0,7715.0,7552.0,7710.0,nan,7621.0,338532,12900382835.0,252868,7598.0,7,7597.0,15,nan,0,nan,0,nan,0,nan,0,nan,0,nan,0,nan,0,nan,0
1597988394160947968,1597988394743000064,2020-08-21 13:39:54.743000,7597.0,7715.0,7552.0,7710.0,nan,7621.0,338532,12900382835.0,252868,7598.0,10,7597.0,3,nan,0,nan,0,nan,0,nan,0,nan,0,nan,0,nan,0,nan,0
1597988394667962112,1597988395243000064,2020-08-21 13:39:55.243000,7598.0,7715.0,7552.0,7710.0,nan,7621.0,338534,12900458815.0,252868,7598.0,7,7597.0,16,nan,0,nan,0,nan,0,nan,0,nan,0,nan,0,nan,0,nan,0
1597988395152683008,1597988395739000064,2020-08-21 13:39:55.739000,7598.0,7715.0,7552.0,7710.0,nan,7621.0,338535,12900496805.0,252868,7598.0,8,7597.0,25,nan,0,nan,0,nan,0,nan,0,nan,0,nan,0,nan,0,nan,0
1597988395648329984,1597988396236000000,2020-08-21 13:39:56.236000,7598.0,7715.0,7552.0,7710.0,nan,7621.0,338535,12900496805.0,252868,7598.0,11,7597.0,28,nan,0,nan,0,nan,0,nan,0,nan,0,nan,0,nan,0,nan,0
1597988396155440128,1597988396729000192,2020-08-21 13:39:56.729000,7598.0,7715.0,7552.0,7710.0,nan,7621.0,338535,12900496805.0,252868,7598.0,10,7597.0,32,nan,0,nan,0,nan,0,nan,0,nan,0,nan,0,nan,0,nan,0
1597988396690183936,1597988397231000064,2020-08-21 13:39:57.231000,7598.0,7715.0,7552.0,7710.0,nan,7621.0,338536,12900534795.0,252868,7598.0,11,7597.0,32,nan,0,nan,0,nan,0,nan,0,nan,0,nan,0,nan,0,nan,0
1597988397149434880,1597988397743000064,2020-08-21 13:39:57.743000,7598.0,7715.0,7552.0,7710.0,nan,7621.0,338536,12900534795.0,252868,7598.0,12,7597.0,32,nan,0,nan,0,nan,0,nan,0,nan,0,nan,0,nan,0,nan,0
1597988397660409088,1597988398239000064,2020-08-21 13:39:58.239000,7598.0,7715.0,7552.0,7710.0,nan,7621.0,338536,12900534795.0,252868,7598.0,17,7597.0,33,nan,0,nan,0,nan,0,nan,0,nan,0,nan,0,nan,0,nan,0
1597988398177472000,1597988398740999936,2020-08-21 13:39:58.741000,7598.0,7715.0,7552.0,7710.0,nan,7621.0,338536,12900534795.0,252868,7598.0,16,7597.0,33,nan,0,nan,0,nan,0,nan,0,nan,0,nan,0,nan,0,nan,0
1597988398649401088,1597988399239000064,2020-08-21 13:39:59.239000,7598.0,7715.0,7552.0,7710.0,nan,7621.0,338537,12900572785.0,252868,7598.0,17,7597.0,34,nan,0,nan,0,nan,0,nan,0,nan,0,nan,0,nan,0,nan,0
1597988399147993088,1597988399734999808,2020-08-21 13:39:59.735000,7598.0,7715.0,7552.0,7710.0,nan,7621.0,338539,12900648765.0,252868,7598.0,15,7597.0,34,nan,0,nan,0,nan,0,nan,0,nan,0,nan,0,nan,0,nan,0
1597988399644806912,1597988400224000000,2020-08-21 13:40:00.224000,7598.0,7715.0,7552.0,7710.0,nan,7621.0,338554,12901218590.0,252861,7598.0,5,7597.0,38,nan,0,nan,0,nan,0,nan,0,nan,0,nan,0,nan,0,nan,0
1597988400164903936,1597988400744000000,2020-08-21 13:40:00.744000,7598.0,7715.0,7552.0,7710.0,nan,7621.0,338557,12901332560.0,252860,7598.0,6,7597.0,38,nan,0,nan,0,nan,0,nan,0,nan,0,nan,0,nan,0,nan,0
1597988400660434944,1597988401224999936,2020-08-21 13:40:01.225000,7597.0,7715.0,7552.0,7710.0,nan,7621.0,338571,12901864355.0,252857,7598.0,42,7597.0,25,nan,0,nan,0,nan,0,nan,0,nan,0,nan,0,nan,0,nan,0
1597988401162062080,1597988401703000064,2020-08-21 13:40:01.703000,7597.0,7715.0,7552.0,7710.0,nan,7621.0,338596,12902813980.0,252881,7597.0,4,7596.0,61,nan,0,nan,0,nan,0,nan,0,nan,0,nan,0,nan,0,nan,0
1597988401656856064,1597988402216999936,2020-08-21 13:40:02.217000,7597.0,7715.0,7552.0,7710.0,nan,7621.0,338596,12902813980.0,252881,7597.0,8,7596.0,72,nan,0,nan,0,nan,0,nan,0,nan,0,nan,0,nan,0,nan,0
1597988402186843904,1597988402742000128,2020-08-21 13:40:02.742000,7597.0,7715.0,7552.0,7710.0,nan,7621.0,338596,12902813980.0,252881,7597.0,11,7596.0,74,nan,0,nan,0,nan,0,nan,0,nan,0,nan,0,nan,0,nan,0
1597988402659443968,1597988403240999936,2020-08-21 13:40:03.241000,7597.0,7715.0,7552.0,7710.0,nan,7621.0,338596,12902813980.0,252881,7597.0,13,7596.0,75,nan,0,nan,0,nan,0,nan,0,nan,0,nan,0,nan,0,nan,0
1597988403151966976,1597988403719000064,2020-08-21 13:40:03.719000,7596.0,7715.0,7552.0,7710.0,nan,7621.0,338609,12903307720.0,252881,7597.0,39,7596.0,54,nan,0,nan,0,nan,0,nan,0,nan,0,nan,0,nan,0,nan,0
1597988403655973120,1597988404240000000,2020-08-21 13:40:04.240000,7596.0,7715.0,7552.0,7710.0,nan,7621.0,338609,12903307720.0,252881,7597.0,40,7596.0,51,nan,0,nan,0,nan,0,nan,0,nan,0,nan,0,nan,0,nan,0
1597988404171266048,1597988404734999808,2020-08-21 13:40:04.735000,7595.0,7715.0,7552.0,7710.0,nan,7621.0,338662,12905320655.0,252888,7597.0,58,7596.0,3,nan,0,nan,0,nan,0,nan,0,nan,0,nan,0,nan,0,nan,0
1597988404658480896,1597988405221999872,2020-08-21 13:40:05.222000,7596.0,7715.0,7552.0,7710.0,nan,7621.0,338685,12906194195.0,252891,7597.0,58,7596.0,9,nan,0,nan,0,nan,0,nan,0,nan,0,nan,0,nan,0,nan,0
1597988405160119040,1597988405729000192,2020-08-21 13:40:05.729000,7596.0,7715.0,7552.0,7710.0,nan,7621.0,338685,12906194195.0,252891,7597.0,64,7596.0,9,nan,0,nan,0,nan,0,nan,0,nan,0,nan,0,nan,0,nan,0
1597988405656102912,1597988406210000128,2020-08-21 13:40:06.210000,7596.0,7715.0,7552.0,7710.0,nan,7621.0,338688,12906308135.0,252891,7597.0,67,7596.0,6,nan,0,nan,0,nan,0,nan,0,nan,0,nan,0,nan,0,nan,0
1597988406153467904,1597988406744999936,2020-08-21 13:40:06.745000,7596.0,7715.0,7552.0,7710.0,nan,7621.0,338688,12906308135.0,252891,7597.0,69,7596.0,6,nan,0,nan,0,nan,0,nan,0,nan,0,nan,0,nan,0,nan,0
1597988406649398016,1597988407236999936,2020-08-21 13:40:07.237000,7596.0,7715.0,7552.0,7710.0,nan,7621.0,338690,12906384095.0,252891,7597.0,69,7596.0,4,nan,0,nan,0,nan,0,nan,0,nan,0,nan,0,nan,0,nan,0
1597988407283674112,1597988407719000064,2020-08-21 13:40:07.719000,7597.0,7715.0,7552.0,7710.0,nan,7621.0,338720,12907523645.0,252914,7597.0,45,7596.0,5,nan,0,nan,0,nan,0,nan,0,nan,0,nan,0,nan,0,nan,0
1597988407650536960,1597988408239000064,2020-08-21 13:40:08.239000,7596.0,7715.0,7552.0,7710.0,nan,7621.0,338727,12907789505.0,252916,7597.0,51,7595.0,77,nan,0,nan,0,nan,0,nan,0,nan,0,nan,0,nan,0,nan,0
1597988408171885056,1597988408740000000,2020-08-21 13:40:08.740000,7597.0,7715.0,7552.0,7710.0,nan,7621.0,338728,12907827490.0,252916,7597.0,53,7596.0,2,nan,0,nan,0,nan,0,nan,0,nan,0,nan,0,nan,0,nan,0
1597988408648432128,1597988409211000064,2020-08-21 13:40:09.211000,7596.0,7715.0,7552.0,7710.0,nan,7621.0,338735,12908093350.0,252911,7597.0,53,7595.0,77,nan,0,nan,0,nan,0,nan,0,nan,0,nan,0,nan,0,nan,0
1597988409147026944,1597988409736999936,2020-08-21 13:40:09.737000,7596.0,7715.0,7552.0,7710.0,nan,7621.0,338736,12908131330.0,252912,7597.0,53,7596.0,1,nan,0,nan,0,nan,0,nan,0,nan,0,nan,0,nan,0,nan,0
1597988409644616960,1597988410194999808,2020-08-21 13:40:10.195000,7596.0,7715.0,7552.0,7710.0,nan,7621.0,338737,12908169310.0,252912,7597.0,54,7596.0,9,nan,0,nan,0,nan,0,nan,0,nan,0,nan,0,nan,0,nan,0
1597988410144171008,1597988410712000000,2020-08-21 13:40:10.712000,7597.0,7715.0,7552.0,7710.0,nan,7621.0,338738,12908207295.0,252912,7597.0,53,7596.0,9,nan,0,nan,0,nan,0,nan,0,nan,0,nan,0,nan,0,nan,0
1597988410657068032,1597988411239000064,2020-08-21 13:40:11.239000,7596.0,7715.0,7552.0,7710.0,nan,7621.0,338739,12908245275.0,252912,7597.0,53,7596.0,8,nan,0,nan,0,nan,0,nan,0,nan,0,nan,0,nan,0,nan,0
1597988411147714048,1597988411730000128,2020-08-21 13:40:11.730000,7597.0,7715.0,7552.0,7710.0,nan,7621.0,338740,12908283260.0,252912,7597.0,52,7596.0,8,nan,0,nan,0,nan,0,nan,0,nan,0,nan,0,nan,0,nan,0
1597988411653190912,1597988412224999936,2020-08-21 13:40:12.225000,7596.0,7715.0,7552.0,7710.0,nan,7621.0,338741,12908321240.0,252912,7597.0,52,7596.0,7,nan,0,nan,0,nan,0,nan,0,nan,0,nan,0,nan,0,nan,0
1597988412146772992,1597988412708000000,2020-08-21 13:40:12.708000,7596.0,7715.0,7552.0,7710.0,nan,7621.0,338743,12908397200.0,252914,7597.0,51,7596.0,5,nan,0,nan,0,nan,0,nan,0,nan,0,nan,0,nan,0,nan,0
1597988412682810880,1597988413224999936,2020-08-21 13:40:13.225000,7596.0,7715.0,7552.0,7710.0,nan,7621.0,338743,12908397200.0,252914,7597.0,51,7596.0,7,nan,0,nan,0,nan,0,nan,0,nan,0,nan,0,nan,0,nan,0
1597988413158498048,1597988413709000192,2020-08-21 13:40:13.709000,7596.0,7715.0,7552.0,7710.0,nan,7621.0,338744,12908435180.0,252915,7597.0,53,7596.0,6,nan,0,nan,0,nan,0,nan,0,nan,0,nan,0,nan,0,nan,0
1597988414163257088,1597988414728000000,2020-08-21 13:40:14.728000,7596.0,7715.0,7552.0,7710.0,nan,7621.0,338745,12908473160.0,252915,7597.0,54,7596.0,5,nan,0,nan,0,nan,0,nan,0,nan,0,nan,0,nan,0,nan,0
1597988414657465088,1597988415240999936,2020-08-21 13:40:15.241000,7596.0,7715.0,7552.0,7710.0,nan,7621.0,338761,12909080840.0,252914,7597.0,54,7596.0,1,nan,0,nan,0,nan,0,nan,0,nan,0,nan,0,nan,0,nan,0
1597988415158394112,1597988415740999936,2020-08-21 13:40:15.741000,7596.0,7715.0,7552.0,7710.0,nan,7621.0,338764,12909194780.0,252913,7597.0,54,7595.0,75,nan,0,nan,0,nan,0,nan,0,nan,0,nan,0,nan,0,nan,0
1597988415719079936,1597988416231000064,2020-08-21 13:40:16.231000,7595.0,7715.0,7552.0,7710.0,nan,7621.0,338772,12909498585.0,252917,7597.0,54,7595.0,70,nan,0,nan,0,nan,0,nan,0,nan,0,nan,0,nan,0,nan,0
1597988416213108992,1597988416740999936,2020-08-21 13:40:16.741000,7595.0,7715.0,7552.0,7710.0,nan,7621.0,338775,12909612515.0,252914,7597.0,56,7595.0,68,nan,0,nan,0,nan,0,nan,0,nan,0,nan,0,nan,0,nan,0
1597988416642160128,1597988417244000000,2020-08-21 13:40:17.244000,7595.0,7715.0,7552.0,7710.0,nan,7621.0,338776,12909650490.0,252913,7597.0,57,7595.0,68,nan,0,nan,0,nan,0,nan,0,nan,0,nan,0,nan,0,nan,0
1597988417152148992,1597988417744000000,2020-08-21 13:40:17.744000,7596.0,7715.0,7552.0,7710.0,nan,7621.0,338777,12909688470.0,252913,7596.0,14,7595.0,65,nan,0,nan,0,nan,0,nan,0,nan,0,nan,0,nan,0,nan,0
1597988417673505024,1597988418243000064,2020-08-21 13:40:18.243000,7595.0,7715.0,7552.0,7710.0,nan,7621.0,338778,12909726445.0,252912,7596.0,27,7595.0,61,nan,0,nan,0,nan,0,nan,0,nan,0,nan,0,nan,0,nan,0
1597988418164858880,1597988418734999808,2020-08-21 13:40:18.735000,7595.0,7715.0,7552.0,7710.0,nan,7621.0,338778,12909726445.0,252912,7596.0,29,7595.0,61,nan,0,nan,0,nan,0,nan,0,nan,0,nan,0,nan,0,nan,0
1597988420742362112,1597988421230000128,2020-08-21 13:40:21.230000,7595.0,7715.0,7552.0,7710.0,nan,7621.0,338780,12909802395.0,252913,7596.0,29,7595.0,60,nan,0,nan,0,nan,0,nan,0,nan,0,nan,0,nan,0,nan,0
1597988421150456064,1597988421740000000,2020-08-21 13:40:21.740000,7595.0,7715.0,7552.0,7710.0,nan,7621.0,338780,12909802395.0,252913,7596.0,29,7595.0,64,nan,0,nan,0,nan,0,nan,0,nan,0,nan,0,nan,0,nan,0
1597988421649405952,1597988422221999872,2020-08-21 13:40:22.222000,7595.0,7715.0,7552.0,7710.0,nan,7621.0,338827,12911587220.0,252934,7596.0,50,7595.0,18,nan,0,nan,0,nan,0,nan,0,nan,0,nan,0,nan,0,nan,0
1597988422151454976,1597988422721999872,2020-08-21 13:40:22.722000,7595.0,7715.0,7552.0,7710.0,nan,7621.0,338845,12912270770.0,252948,7595.0,17,7594.0,38,nan,0,nan,0,nan,0,nan,0,nan,0,nan,0,nan,0,nan,0
1597988422682428928,1597988423237999872,2020-08-21 13:40:23.238000,7595.0,7715.0,7552.0,7710.0,nan,7621.0,338846,12912308745.0,252948,7595.0,84,7594.0,42,nan,0,nan,0,nan,0,nan,0,nan,0,nan,0,nan,0,nan,0
1597988423155251968,1597988423736999936,2020-08-21 13:40:23.737000,7595.0,7715.0,7552.0,7710.0,nan,7621.0,338847,12912346720.0,252948,7595.0,83,7594.0,51,nan,0,nan,0,nan,0,nan,0,nan,0,nan,0,nan,0,nan,0
1597988423652893952,1597988424240000000,2020-08-21 13:40:24.240000,7594.0,7715.0,7552.0,7710.0,nan,7621.0,338852,12912536570.0,252944,7595.0,79,7594.0,47,nan,0,nan,0,nan,0,nan,0,nan,0,nan,0,nan,0,nan,0
1597988424190216960,1597988424730000128,2020-08-21 13:40:24.730000,7594.0,7715.0,7552.0,7710.0,nan,7621.0,338864,12912992210.0,252950,7595.0,80,7594.0,39,nan,0,nan,0,nan,0,nan,0,nan,0,nan,0,nan,0,nan,0
1597988424684709120,1597988425211000064,2020-08-21 13:40:25.211000,7594.0,7715.0,7552.0,7710.0,nan,7621.0,338869,12913182070.0,252950,7595.0,79,7594.0,35,nan,0,nan,0,nan,0,nan,0,nan,0,nan,0,nan,0,nan,0
1597988425181111040,1597988425719000064,2020-08-21 13:40:25.719000,7594.0,7715.0,7552.0,7710.0,nan,7621.0,338876,12913447860.0,252950,7595.0,81,7594.0,28,nan,0,nan,0,nan,0,nan,0,nan,0,nan,0,nan,0,nan,0
1597988425650108928,1597988426244999936,2020-08-21 13:40:26.245000,7594.0,7715.0,7552.0,7710.0,nan,7621.0,338880,12913599740.0,252948,7595.0,82,7594.0,24,nan,0,nan,0,nan,0,nan,0,nan,0,nan,0,nan,0,nan,0
1597988426854638080,1597988427206000128,2020-08-21 13:40:27.206000,7594.0,7715.0,7552.0,7710.0,nan,7621.0,338883,12913713655.0,252949,7595.0,81,7594.0,22,nan,0,nan,0,nan,0,nan,0,nan,0,nan,0,nan,0,nan,0
1597988427197777920,1597988427740000000,2020-08-21 13:40:27.740000,7594.0,7715.0,7552.0,7710.0,nan,7621.0,338883,12913713655.0,252949,7595.0,82,7594.0,23,nan,0,nan,0,nan,0,nan,0,nan,0,nan,0,nan,0,nan,0
1597988427658292992,1597988428221999872,2020-08-21 13:40:28.222000,7594.0,7715.0,7552.0,7710.0,nan,7621.0,338884,12913751625.0,252949,7595.0,88,7594.0,24,nan,0,nan,0,nan,0,nan,0,nan,0,nan,0,nan,0,nan,0
1597988428154627072,1597988428719000064,2020-08-21 13:40:28.719000,7594.0,7715.0,7552.0,7710.0,nan,7621.0,338884,12913751625.0,252949,7595.0,102,7594.0,24,nan,0,nan,0,nan,0,nan,0,nan,0,nan,0,nan,0,nan,0
1597988428647894016,1597988429244999936,2020-08-21 13:40:29.245000,7594.0,7715.0,7552.0,7710.0,nan,7621.0,338905,12914548995.0,252946,7595.0,104,7594.0,3,nan,0,nan,0,nan,0,nan,0,nan,0,nan,0,nan,0,nan,0
1597988429142180096,1597988429728000000,2020-08-21 13:40:29.728000,7594.0,7715.0,7552.0,7710.0,nan,7621.0,338911,12914776815.0,252947,7594.0,9,7593.0,21,nan,0,nan,0,nan,0,nan,0,nan,0,nan,0,nan,0,nan,0
1597988429652025088,1597988430239000064,2020-08-21 13:40:30.239000,7593.0,7715.0,7552.0,7710.0,nan,7621.0,338917,12915004605.0,252945,7594.0,24,7593.0,16,nan,0,nan,0,nan,0,nan,0,nan,0,nan,0,nan,0,nan,0
1597988430158899968,1597988430742000128,2020-08-21 13:40:30.742000,7593.0,7715.0,7552.0,7710.0,nan,7621.0,338923,12915232405.0,252947,7594.0,24,7593.0,12,nan,0,nan,0,nan,0,nan,0,nan,0,nan,0,nan,0,nan,0
1597988430653527040,1597988431200999936,2020-08-21 13:40:31.201000,7593.0,7715.0,7552.0,7710.0,nan,7621.0,338923,12915232405.0,252947,7594.0,26,7593.0,11,nan,0,nan,0,nan,0,nan,0,nan,0,nan,0,nan,0,nan,0
1597988431149657088,1597988431661999872,2020-08-21 13:40:31.662000,7593.0,7715.0,7552.0,7710.0,nan,7621.0,338925,12915308340.0,252947,7594.0,25,7593.0,10,nan,0,nan,0,nan,0,nan,0,nan,0,nan,0,nan,0,nan,0
1597988431651056896,1597988432244999936,2020-08-21 13:40:32.245000,7593.0,7715.0,7552.0,7710.0,nan,7621.0,338927,12915384270.0,252947,7594.0,25,7593.0,8,nan,0,nan,0,nan,0,nan,0,nan,0,nan,0,nan,0,nan,0
1597988432152423936,1597988432740999936,2020-08-21 13:40:32.741000,7593.0,7715.0,7552.0,7710.0,nan,7621.0,338934,12915650025.0,252946,7594.0,26,7592.0,59,nan,0,nan,0,nan,0,nan,0,nan,0,nan,0,nan,0,nan,0
1597988432651205120,1597988433243000064,2020-08-21 13:40:33.243000,7593.0,7715.0,7552.0,7710.0,nan,7621.0,338940,12915877830.0,252949,7594.0,25,7593.0,12,nan,0,nan,0,nan,0,nan,0,nan,0,nan,0,nan,0,nan,0
1597988433168193024,1597988433737999872,2020-08-21 13:40:33.738000,7593.0,7715.0,7552.0,7710.0,nan,7621.0,338943,12915991725.0,252950,7594.0,27,7592.0,70,nan,0,nan,0,nan,0,nan,0,nan,0,nan,0,nan,0,nan,0
1597988433804762880,1597988434242000128,2020-08-21 13:40:34.242000,7593.0,7715.0,7552.0,7710.0,nan,7621.0,338943,12915991725.0,252950,7594.0,35,7592.0,70,nan,0,nan,0,nan,0,nan,0,nan,0,nan,0,nan,0,nan,0
1597988434187488000,1597988434737999872,2020-08-21 13:40:34.738000,7592.0,7715.0,7552.0,7710.0,nan,7621.0,338944,12916029685.0,252950,7593.0,13,7592.0,70,nan,0,nan,0,nan,0,nan,0,nan,0,nan,0,nan,0,nan,0
1597988434656920064,1597988435239000064,2020-08-21 13:40:35.239000,7592.0,7715.0,7552.0,7710.0,nan,7621.0,338951,12916295425.0,252947,7593.0,31,7592.0,73,nan,0,nan,0,nan,0,nan,0,nan,0,nan,0,nan,0,nan,0
1597988435154365952,1597988435726000128,2020-08-21 13:40:35.726000,7592.0,7715.0,7552.0,7710.0,nan,7621.0,338952,12916333385.0,252947,7593.0,31,7592.0,64,nan,0,nan,0,nan,0,nan,0,nan,0,nan,0,nan,0,nan,0
1597988435666341888,1597988436244000000,2020-08-21 13:40:36.244000,7592.0,7715.0,7552.0,7710.0,nan,7621.0,338952,12916333385.0,252947,7593.0,31,7592.0,61,nan,0,nan,0,nan,0,nan,0,nan,0,nan,0,nan,0,nan,0
1597988436180679936,1597988436740000000,2020-08-21 13:40:36.740000,7592.0,7715.0,7552.0,7710.0,nan,7621.0,338952,12916333385.0,252947,7593.0,32,7592.0,61,nan,0,nan,0,nan,0,nan,0,nan,0,nan,0,nan,0,nan,0
1597988436712951040,1597988437242000128,2020-08-21 13:40:37.242000,7593.0,7715.0,7552.0,7710.0,nan,7621.0,339016,12918763145.0,252937,7594.0,10,7593.0,36,nan,0,nan,0,nan,0,nan,0,nan,0,nan,0,nan,0,nan,0
1597988437287205888,1597988437720000000,2020-08-21 13:40:37.720000,7593.0,7715.0,7552.0,7710.0,nan,7621.0,339017,12918801110.0,252937,7594.0,42,7593.0,37,nan,0,nan,0,nan,0,nan,0,nan,0,nan,0,nan,0,nan,0
1597988437697133056,1597988438233999872,2020-08-21 13:40:38.234000,7593.0,7715.0,7552.0,7710.0,nan,7621.0,339054,12920205815.0,252939,7593.0,6,7592.0,73,nan,0,nan,0,nan,0,nan,0,nan,0,nan,0,nan,0,nan,0
1597988438152510976,1597988438724000000,2020-08-21 13:40:38.724000,7593.0,7715.0,7552.0,7710.0,nan,7621.0,339074,12920965115.0,252943,7594.0,42,7593.0,2,nan,0,nan,0,nan,0,nan,0,nan,0,nan,0,nan,0,nan,0
1597988438655003904,1597988439244999936,2020-08-21 13:40:39.245000,7593.0,7715.0,7552.0,7710.0,nan,7621.0,339082,12921268850.0,252946,7594.0,40,7593.0,14,nan,0,nan,0,nan,0,nan,0,nan,0,nan,0,nan,0,nan,0
1597988439154179072,1597988439734999808,2020-08-21 13:40:39.735000,7593.0,7715.0,7552.0,7710.0,nan,7621.0,339082,12921268850.0,252946,7594.0,42,7593.0,23,nan,0,nan,0,nan,0,nan,0,nan,0,nan,0,nan,0,nan,0
1597988439664496128,1597988440224000000,2020-08-21 13:40:40.224000,7593.0,7715.0,7552.0,7710.0,nan,7621.0,339082,12921268850.0,252946,7594.0,49,7593.0,24,nan,0,nan,0,nan,0,nan,0,nan,0,nan,0,nan,0,nan,0
1597988440144922112,1597988440744000000,2020-08-21 13:40:40.744000,7594.0,7715.0,7552.0,7710.0,nan,7621.0,339084,12921344785.0,252944,7594.0,63,7593.0,6,nan,0,nan,0,nan,0,nan,0,nan,0,nan,0,nan,0,nan,0
1597988440665844992,1597988441234999808,2020-08-21 13:40:41.235000,7593.0,7715.0,7552.0,7710.0,nan,7621.0,339085,12921382750.0,252944,7594.0,63,7593.0,5,nan,0,nan,0,nan,0,nan,0,nan,0,nan,0,nan,0,nan,0
1597988441147387904,1597988441744000000,2020-08-21 13:40:41.744000,7593.0,7715.0,7552.0,7710.0,nan,7621.0,339085,12921382750.0,252944,7594.0,63,7593.0,8,nan,0,nan,0,nan,0,nan,0,nan,0,nan,0,nan,0,nan,0
1597988441653383936,1597988442187000064,2020-08-21 13:40:42.187000,7593.0,7715.0,7552.0,7710.0,nan,7621.0,339087,12921458680.0,252944,7594.0,63,7593.0,6,nan,0,nan,0,nan,0,nan,0,nan,0,nan,0,nan,0,nan,0
1597988442154833920,1597988442744999936,2020-08-21 13:40:42.745000,7593.0,7715.0,7552.0,7710.0,nan,7621.0,339089,12921534610.0,252944,7594.0,63,7593.0,4,nan,0,nan,0,nan,0,nan,0,nan,0,nan,0,nan,0,nan,0
1597988442652357120,1597988443232999936,2020-08-21 13:40:43.233000,7593.0,7715.0,7552.0,7710.0,nan,7621.0,339099,12921914260.0,252938,7594.0,63,7593.0,2,nan,0,nan,0,nan,0,nan,0,nan,0,nan,0,nan,0,nan,0
1597988444153146112,1597988444728000000,2020-08-21 13:40:44.728000,7593.0,7715.0,7552.0,7710.0,nan,7621.0,339111,12922369840.0,252927,7593.0,1,7592.0,76,nan,0,nan,0,nan,0,nan,0,nan,0,nan,0,nan,0,nan,0
1597988444676854016,1597988445216999936,2020-08-21 13:40:45.217000,7593.0,7715.0,7552.0,7710.0,nan,7621.0,339112,12922407805.0,252927,7594.0,65,7592.0,76,nan,0,nan,0,nan,0,nan,0,nan,0,nan,0,nan,0,nan,0
1597988446160257024,1597988446740999936,2020-08-21 13:40:46.741000,7593.0,7715.0,7552.0,7710.0,nan,7621.0,339112,12922407805.0,252927,7593.0,2,7592.0,77,nan,0,nan,0,nan,0,nan,0,nan,0,nan,0,nan,0,nan,0
1597988446650247936,1597988447240000000,2020-08-21 13:40:47.240000,7593.0,7715.0,7552.0,7710.0,nan,7621.0,339114,12922483735.0,252925,7594.0,65,7592.0,77,nan,0,nan,0,nan,0,nan,0,nan,0,nan,0,nan,0,nan,0
1597988447257148928,1597988447739000064,2020-08-21 13:40:47.739000,7592.0,7715.0,7552.0,7710.0,nan,7621.0,339117,12922597615.0,252922,7593.0,42,7592.0,73,nan,0,nan,0,nan,0,nan,0,nan,0,nan,0,nan,0,nan,0
1597988447651795968,1597988448232000000,2020-08-21 13:40:48.232000,7593.0,7715.0,7552.0,7710.0,nan,7621.0,339135,12923280935.0,252923,7593.0,55,7592.0,50,nan,0,nan,0,nan,0,nan,0,nan,0,nan,0,nan,0,nan,0
1597988448151038976,1597988448746000128,2020-08-21 13:40:48.746000,7593.0,7715.0,7552.0,7710.0,nan,7621.0,339149,12923812440.0,252922,7593.0,45,7592.0,49,nan,0,nan,0,nan,0,nan,0,nan,0,nan,0,nan,0,nan,0
1597988448651318016,1597988449244999936,2020-08-21 13:40:49.245000,7593.0,7715.0,7552.0,7710.0,nan,7621.0,339156,12924078195.0,252917,7593.0,40,7592.0,52,nan,0,nan,0,nan,0,nan,0,nan,0,nan,0,nan,0,nan,0
1597988449139506944,1597988449632999936,2020-08-21 13:40:49.633000,7592.0,7715.0,7552.0,7710.0,nan,7621.0,339158,12924154115.0,252915,7593.0,40,7592.0,49,nan,0,nan,0,nan,0,nan,0,nan,0,nan,0,nan,0,nan,0
1597988449646471936,1597988450232999936,2020-08-21 13:40:50.233000,7592.0,7715.0,7552.0,7710.0,nan,7621.0,339161,12924267995.0,252912,7593.0,40,7592.0,45,nan,0,nan,0,nan,0,nan,0,nan,0,nan,0,nan,0,nan,0
1597988450141638912,1597988450732000000,2020-08-21 13:40:50.732000,7593.0,7715.0,7552.0,7710.0,nan,7621.0,339166,12924457820.0,252912,7593.0,41,7592.0,46,nan,0,nan,0,nan,0,nan,0,nan,0,nan,0,nan,0,nan,0
1597988450649273088,1597988451224000000,2020-08-21 13:40:51.224000,7592.0,7715.0,7552.0,7710.0,nan,7621.0,339171,12924647630.0,252910,7593.0,43,7592.0,43,nan,0,nan,0,nan,0,nan,0,nan,0,nan,0,nan,0,nan,0
1597988451148189952,1597988451743000064,2020-08-21 13:40:51.743000,7592.0,7715.0,7552.0,7710.0,nan,7621.0,339176,12924837430.0,252910,7593.0,43,7592.0,38,nan,0,nan,0,nan,0,nan,0,nan,0,nan,0,nan,0,nan,0
1597988451655520000,1597988452242000128,2020-08-21 13:40:52.242000,7592.0,7715.0,7552.0,7710.0,nan,7621.0,339176,12924837430.0,252910,7593.0,49,7592.0,38,nan,0,nan,0,nan,0,nan,0,nan,0,nan,0,nan,0,nan,0
1597988452142010112,1597988452732999936,2020-08-21 13:40:52.733000,7592.0,7715.0,7552.0,7710.0,nan,7621.0,339178,12924913350.0,252910,7593.0,49,7592.0,36,nan,0,nan,0,nan,0,nan,0,nan,0,nan,0,nan,0,nan,0
1597988452644744960,1597988453180999936,2020-08-21 13:40:53.181000,7592.0,7715.0,7552.0,7710.0,nan,7621.0,339197,12925634590.0,252927,7593.0,49,7592.0,16,nan,0,nan,0,nan,0,nan,0,nan,0,nan,0,nan,0,nan,0
1597988453157388032,1597988453731000064,2020-08-21 13:40:53.731000,7592.0,7715.0,7552.0,7710.0,nan,7621.0,339197,12925634590.0,252927,7593.0,64,7592.0,16,nan,0,nan,0,nan,0,nan,0,nan,0,nan,0,nan,0,nan,0
1597988453655066880,1597988454232999936,2020-08-21 13:40:54.233000,7592.0,7715.0,7552.0,7710.0,nan,7621.0,339200,12925748470.0,252927,7593.0,64,7592.0,13,nan,0,nan,0,nan,0,nan,0,nan,0,nan,0,nan,0,nan,0
1597988454152047104,1597988454709000192,2020-08-21 13:40:54.709000,7593.0,7715.0,7552.0,7710.0,nan,7621.0,339202,12925824395.0,252925,7593.0,63,7592.0,32,nan,0,nan,0,nan,0,nan,0,nan,0,nan,0,nan,0,nan,0
1597988454641662976,1597988455242000128,2020-08-21 13:40:55.242000,7592.0,7715.0,7552.0,7710.0,nan,7621.0,339203,12925862355.0,252924,7593.0,65,7592.0,33,nan,0,nan,0,nan,0,nan,0,nan,0,nan,0,nan,0,nan,0
1597988455150748928,1597988455744000000,2020-08-21 13:40:55.744000,7592.0,7715.0,7552.0,7710.0,nan,7621.0,339204,12925900315.0,252923,7593.0,65,7592.0,33,nan,0,nan,0,nan,0,nan,0,nan,0,nan,0,nan,0,nan,0
1597988455651749120,1597988456220999936,2020-08-21 13:40:56.221000,7592.0,7715.0,7552.0,7710.0,nan,7621.0,339205,12925938275.0,252922,7593.0,65,7592.0,32,nan,0,nan,0,nan,0,nan,0,nan,0,nan,0,nan,0,nan,0
1597988456149729024,1597988456736000000,2020-08-21 13:40:56.736000,7592.0,7715.0,7552.0,7710.0,nan,7621.0,339208,12926052160.0,252922,7593.0,64,7592.0,30,nan,0,nan,0,nan,0,nan,0,nan,0,nan,0,nan,0,nan,0
1597988457149167104,1597988457743000064,2020-08-21 13:40:57.743000,7592.0,7715.0,7552.0,7710.0,nan,7621.0,339208,12926052160.0,252922,7593.0,64,7592.0,31,nan,0,nan,0,nan,0,nan,0,nan,0,nan,0,nan,0,nan,0
1597988457645487104,1597988458244000000,2020-08-21 13:40:58.244000,7592.0,7715.0,7552.0,7710.0,nan,7621.0,339209,12926090120.0,252921,7593.0,64,7592.0,31,nan,0,nan,0,nan,0,nan,0,nan,0,nan,0,nan,0,nan,0
1597988458151892992,1597988458742000128,2020-08-21 13:40:58.742000,7592.0,7715.0,7552.0,7710.0,nan,7621.0,339209,12926090120.0,252921,7593.0,61,7592.0,31,nan,0,nan,0,nan,0,nan,0,nan,0,nan,0,nan,0,nan,0
1597988459148534016,1597988459730000128,2020-08-21 13:40:59.730000,7592.0,7715.0,7552.0,7710.0,nan,7621.0,339209,12926090120.0,252921,7593.0,61,7592.0,32,nan,0,nan,0,nan,0,nan,0,nan,0,nan,0,nan,0,nan,0
1597988459641952000,1597988460242000128,2020-08-21 13:41:00.242000,7592.0,7715.0,7552.0,7710.0,nan,7621.0,339272,12928481905.0,252866,7594.0,47,7592.0,32,nan,0,nan,0,nan,0,nan,0,nan,0,nan,0,nan,0,nan,0
1597988460165893120,1597988460742000128,2020-08-21 13:41:00.742000,7592.0,7715.0,7552.0,7710.0,nan,7621.0,339272,12928481905.0,252866,7594.0,46,7593.0,1,nan,0,nan,0,nan,0,nan,0,nan,0,nan,0,nan,0,nan,0
1597988460647368960,1597988461244000000,2020-08-21 13:41:01.244000,7592.0,7715.0,7552.0,7710.0,nan,7621.0,339273,12928519865.0,252866,7594.0,46,7592.0,34,nan,0,nan,0,nan,0,nan,0,nan,0,nan,0,nan,0,nan,0
1597988461307820032,1597988461696999936,2020-08-21 13:41:01.697000,7593.0,7715.0,7552.0,7710.0,nan,7621.0,339280,12928785620.0,252868,7594.0,46,7593.0,3,nan,0,nan,0,nan,0,nan,0,nan,0,nan,0,nan,0,nan,0
1597988461643510016,1597988462244999936,2020-08-21 13:41:02.245000,7593.0,7715.0,7552.0,7710.0,nan,7621.0,339286,12929013410.0,252865,7594.0,45,7593.0,2,nan,0,nan,0,nan,0,nan,0,nan,0,nan,0,nan,0,nan,0
1597988462159004928,1597988462739000064,2020-08-21 13:41:02.739000,7593.0,7715.0,7552.0,7710.0,nan,7621.0,339286,12929013410.0,252865,7594.0,45,7593.0,10,nan,0,nan,0,nan,0,nan,0,nan,0,nan,0,nan,0,nan,0
1597988462656913920,1597988463236000000,2020-08-21 13:41:03.236000,7593.0,7715.0,7552.0,7710.0,nan,7621.0,339286,12929013410.0,252865,7594.0,45,7593.0,11,nan,0,nan,0,nan,0,nan,0,nan,0,nan,0,nan,0,nan,0
1597988463150563072,1597988463732999936,2020-08-21 13:41:03.733000,7593.0,7715.0,7552.0,7710.0,nan,7621.0,339296,12929393060.0,252855,7594.0,47,7593.0,12,nan,0,nan,0,nan,0,nan,0,nan,0,nan,0,nan,0,nan,0
1597988463645145088,1597988464237999872,2020-08-21 13:41:04.238000,7593.0,7715.0,7552.0,7710.0,nan,7621.0,339298,12929468995.0,252854,7594.0,47,7593.0,11,nan,0,nan,0,nan,0,nan,0,nan,0,nan,0,nan,0,nan,0
1597988464167273984,1597988464740000000,2020-08-21 13:41:04.740000,7593.0,7715.0,7552.0,7710.0,nan,7621.0,339299,12929506960.0,252853,7594.0,52,7593.0,11,nan,0,nan,0,nan,0,nan,0,nan,0,nan,0,nan,0,nan,0
1597988464681148928,1597988465236999936,2020-08-21 13:41:05.237000,7593.0,7715.0,7552.0,7710.0,nan,7621.0,339326,12930532015.0,252827,7594.0,52,7593.0,1,nan,0,nan,0,nan,0,nan,0,nan,0,nan,0,nan,0,nan,0
1597988465157604096,1597988465744999936,2020-08-21 13:41:05.745000,7593.0,7715.0,7552.0,7710.0,nan,7621.0,339327,12930569980.0,252826,7594.0,52,7592.0,32,nan,0,nan,0,nan,0,nan,0,nan,0,nan,0,nan,0,nan,0
1597988465649639936,1597988466186000128,2020-08-21 13:41:06.186000,7594.0,7715.0,7552.0,7710.0,nan,7621.0,339383,12932696300.0,252835,7595.0,22,7594.0,45,nan,0,nan,0,nan,0,nan,0,nan,0,nan,0,nan,0,nan,0
1597988466193829888,1597988466744999936,2020-08-21 13:41:06.745000,7595.0,7715.0,7552.0,7710.0,nan,7621.0,339384,12932734275.0,252835,7595.0,22,7594.0,45,nan,0,nan,0,nan,0,nan,0,nan,0,nan,0,nan,0,nan,0
1597988467647115008,1597988468187000064,2020-08-21 13:41:08.187000,7595.0,7715.0,7552.0,7710.0,nan,7621.0,339384,12932734275.0,252835,7595.0,22,7594.0,51,nan,0,nan,0,nan,0,nan,0,nan,0,nan,0,nan,0,nan,0
1597988468148614912,1597988468670000128,2020-08-21 13:41:08.670000,7594.0,7715.0,7552.0,7710.0,nan,7621.0,339385,12932772245.0,252835,7595.0,23,7594.0,50,nan,0,nan,0,nan,0,nan,0,nan,0,nan,0,nan,0,nan,0
1597988468655213056,1597988469217999872,2020-08-21 13:41:09.218000,7594.0,7715.0,7552.0,7710.0,nan,7621.0,339435,12934670745.0,252883,7595.0,24,7593.0,20,nan,0,nan,0,nan,0,nan,0,nan,0,nan,0,nan,0,nan,0
1597988469152027904,1597988469713999872,2020-08-21 13:41:09.714000,7593.0,7715.0,7552.0,7710.0,nan,7621.0,339436,12934708710.0,252883,7594.0,9,7593.0,69,nan,0,nan,0,nan,0,nan,0,nan,0,nan,0,nan,0,nan,0
1597988469663567104,1597988470233999872,2020-08-21 13:41:10.234000,7594.0,7715.0,7552.0,7710.0,nan,7621.0,339449,12935202320.0,252874,7595.0,23,7594.0,4,nan,0,nan,0,nan,0,nan,0,nan,0,nan,0,nan,0,nan,0
1597988470148550912,1597988470730000128,2020-08-21 13:41:10.730000,7594.0,7715.0,7552.0,7710.0,nan,7621.0,339456,12935468110.0,252874,7594.0,3,7593.0,70,nan,0,nan,0,nan,0,nan,0,nan,0,nan,0,nan,0,nan,0
1597988470686178048,1597988471236000000,2020-08-21 13:41:11.236000,7594.0,7715.0,7552.0,7710.0,nan,7621.0,339459,12935582020.0,252874,7595.0,23,7594.0,2,nan,0,nan,0,nan,0,nan,0,nan,0,nan,0,nan,0,nan,0
1597988471645120000,1597988472194999808,2020-08-21 13:41:12.195000,7594.0,7715.0,7552.0,7710.0,nan,7621.0,339462,12935695930.0,252874,7595.0,23,7594.0,3,nan,0,nan,0,nan,0,nan,0,nan,0,nan,0,nan,0,nan,0
1597988472149848064,1597988472744000000,2020-08-21 13:41:12.744000,7594.0,7715.0,7552.0,7710.0,nan,7621.0,339463,12935733900.0,252875,7595.0,24,7594.0,6,nan,0,nan,0,nan,0,nan,0,nan,0,nan,0,nan,0,nan,0
1597988472648793088,1597988473236000000,2020-08-21 13:41:13.236000,7594.0,7715.0,7552.0,7710.0,nan,7621.0,339464,12935771870.0,252876,7595.0,24,7594.0,7,nan,0,nan,0,nan,0,nan,0,nan,0,nan,0,nan,0,nan,0
1597988473148270080,1597988473736999936,2020-08-21 13:41:13.737000,7594.0,7715.0,7552.0,7710.0,nan,7621.0,339465,12935809840.0,252877,7595.0,25,7593.0,26,nan,0,nan,0,nan,0,nan,0,nan,0,nan,0,nan,0,nan,0
1597988473687215104,1597988474236000000,2020-08-21 13:41:14.236000,7594.0,7715.0,7552.0,7710.0,nan,7621.0,339467,12935885785.0,252875,7595.0,24,7594.0,9,nan,0,nan,0,nan,0,nan,0,nan,0,nan,0,nan,0,nan,0
1597988474186063104,1597988474733999872,2020-08-21 13:41:14.734000,7594.0,7715.0,7552.0,7710.0,nan,7621.0,339470,12935999695.0,252874,7595.0,24,7593.0,25,nan,0,nan,0,nan,0,nan,0,nan,0,nan,0,nan,0,nan,0
1597988474690944000,1597988475232000000,2020-08-21 13:41:15.232000,7595.0,7715.0,7552.0,7710.0,nan,7621.0,339472,12936075640.0,252875,7595.0,23,7594.0,6,nan,0,nan,0,nan,0,nan,0,nan,0,nan,0,nan,0,nan,0
1597988475157135872,1597988475724999936,2020-08-21 13:41:15.725000,7594.0,7715.0,7552.0,7710.0,nan,7621.0,339477,12936265495.0,252877,7595.0,22,7593.0,25,nan,0,nan,0,nan,0,nan,0,nan,0,nan,0,nan,0,nan,0
1597988475666315008,1597988476232000000,2020-08-21 13:41:16.232000,7594.0,7715.0,7552.0,7710.0,nan,7621.0,339478,12936303465.0,252878,7595.0,23,7593.0,25,nan,0,nan,0,nan,0,nan,0,nan,0,nan,0,nan,0,nan,0
1597988476669611008,1597988477193000192,2020-08-21 13:41:17.193000,7594.0,7715.0,7552.0,7710.0,nan,7621.0,339478,12936303465.0,252878,7595.0,24,7593.0,25,nan,0,nan,0,nan,0,nan,0,nan,0,nan,0,nan,0,nan,0
1597988477653042944,1597988478232000000,2020-08-21 13:41:18.232000,7594.0,7715.0,7552.0,7710.0,nan,7621.0,339478,12936303465.0,252878,7595.0,24,7593.0,26,nan,0,nan,0,nan,0,nan,0,nan,0,nan,0,nan,0,nan,0
1597988478150426112,1597988478742000128,2020-08-21 13:41:18.742000,7594.0,7715.0,7552.0,7710.0,nan,7621.0,339480,12936379405.0,252879,7595.0,23,7593.0,26,nan,0,nan,0,nan,0,nan,0,nan,0,nan,0,nan,0,nan,0
1597988479668208896,1597988480232000000,2020-08-21 13:41:20.232000,7595.0,7715.0,7552.0,7710.0,nan,7621.0,339481,12936417380.0,252878,7595.0,22,7594.0,6,nan,0,nan,0,nan,0,nan,0,nan,0,nan,0,nan,0,nan,0
1597988480153367040,1597988480733999872,2020-08-21 13:41:20.734000,7594.0,7715.0,7552.0,7710.0,nan,7621.0,339482,12936455350.0,252879,7595.0,24,7594.0,5,nan,0,nan,0,nan,0,nan,0,nan,0,nan,0,nan,0,nan,0
1597988480686643968,1597988481242000128,2020-08-21 13:41:21.242000,7594.0,7715.0,7552.0,7710.0,nan,7621.0,339485,12936569260.0,252882,7595.0,24,7594.0,9,nan,0,nan,0,nan,0,nan,0,nan,0,nan,0,nan,0,nan,0
1597988481155641088,1597988481740999936,2020-08-21 13:41:21.741000,7594.0,7715.0,7552.0,7710.0,nan,7621.0,339485,12936569260.0,252882,7595.0,25,7594.0,9,nan,0,nan,0,nan,0,nan,0,nan,0,nan,0,nan,0,nan,0
1597988482678180096,1597988483240000000,2020-08-21 13:41:23.240000,7594.0,7715.0,7552.0,7710.0,nan,7621.0,339486,12936607230.0,252882,7595.0,25,7594.0,9,nan,0,nan,0,nan,0,nan,0,nan,0,nan,0,nan,0,nan,0
1597988483144901120,1597988483746000128,2020-08-21 13:41:23.746000,7594.0,7715.0,7552.0,7710.0,nan,7621.0,339488,12936683170.0,252882,7595.0,25,7594.0,7,nan,0,nan,0,nan,0,nan,0,nan,0,nan,0,nan,0,nan,0
1597988483647063040,1597988484239000064,2020-08-21 13:41:24.239000,7595.0,7715.0,7552.0,7710.0,nan,7621.0,339489,12936721145.0,252883,7595.0,24,7594.0,7,nan,0,nan,0,nan,0,nan,0,nan,0,nan,0,nan,0,nan,0
1597988484154593024,1597988484728000000,2020-08-21 13:41:24.728000,7594.0,7715.0,7552.0,7710.0,nan,7621.0,339490,12936759115.0,252883,7595.0,24,7594.0,6,nan,0,nan,0,nan,0,nan,0,nan,0,nan,0,nan,0,nan,0
1597988485661723904,1597988486210000128,2020-08-21 13:41:26.210000,7595.0,7715.0,7552.0,7710.0,nan,7621.0,339491,12936797090.0,252883,7595.0,22,7594.0,7,nan,0,nan,0,nan,0,nan,0,nan,0,nan,0,nan,0,nan,0
1597988486158458880,1597988486736000000,2020-08-21 13:41:26.736000,7595.0,7715.0,7552.0,7710.0,nan,7621.0,339491,12936797090.0,252883,7595.0,32,7594.0,13,nan,0,nan,0,nan,0,nan,0,nan,0,nan,0,nan,0,nan,0
1597988486646472960,1597988487246000128,2020-08-21 13:41:27.246000,7594.0,7715.0,7552.0,7710.0,nan,7621.0,339494,12936911010.0,252883,7595.0,29,7594.0,12,nan,0,nan,0,nan,0,nan,0,nan,0,nan,0,nan,0,nan,0
1597988487147569920,1597988487737999872,2020-08-21 13:41:27.738000,7594.0,7715.0,7552.0,7710.0,nan,7621.0,339494,12936911010.0,252883,7595.0,30,7594.0,7,nan,0,nan,0,nan,0,nan,0,nan,0,nan,0,nan,0,nan,0
1597988492149240064,1597988492744000000,2020-08-21 13:41:32.744000,7595.0,7715.0,7552.0,7710.0,nan,7621.0,339497,12937024935.0,252883,7595.0,27,7594.0,7,nan,0,nan,0,nan,0,nan,0,nan,0,nan,0,nan,0,nan,0
1597988492662374912,1597988493237999872,2020-08-21 13:41:33.238000,7595.0,7715.0,7552.0,7710.0,nan,7621.0,339499,12937100885.0,252883,7595.0,25,7594.0,8,nan,0,nan,0,nan,0,nan,0,nan,0,nan,0,nan,0,nan,0
1597988493151304960,1597988493742000128,2020-08-21 13:41:33.742000,7594.0,7715.0,7552.0,7710.0,nan,7621.0,339502,12937214795.0,252885,7595.0,25,7594.0,9,nan,0,nan,0,nan,0,nan,0,nan,0,nan,0,nan,0,nan,0
1597988494153071104,1597988494744000000,2020-08-21 13:41:34.744000,7594.0,7715.0,7552.0,7710.0,nan,7621.0,339503,12937252765.0,252885,7595.0,26,7594.0,8,nan,0,nan,0,nan,0,nan,0,nan,0,nan,0,nan,0,nan,0
1597988494647533056,1597988495226000128,2020-08-21 13:41:35.226000,7595.0,7715.0,7552.0,7710.0,nan,7621.0,339505,12937328715.0,252883,7595.0,25,7594.0,9,nan,0,nan,0,nan,0,nan,0,nan,0,nan,0,nan,0,nan,0
1597988495148497920,1597988495746000128,2020-08-21 13:41:35.746000,7595.0,7715.0,7552.0,7710.0,nan,7621.0,339506,12937366690.0,252883,7595.0,25,7594.0,11,nan,0,nan,0,nan,0,nan,0,nan,0,nan,0,nan,0,nan,0
1597988495669192960,1597988496240000000,2020-08-21 13:41:36.240000,7595.0,7715.0,7552.0,7710.0,nan,7621.0,339530,12938278090.0,252874,7596.0,30,7595.0,1,nan,0,nan,0,nan,0,nan,0,nan,0,nan,0,nan,0,nan,0
1597988496153923072,1597988496723000064,2020-08-21 13:41:36.723000,7595.0,7715.0,7552.0,7710.0,nan,7621.0,339530,12938278090.0,252874,7596.0,30,7595.0,1,nan,0,nan,0,nan,0,nan,0,nan,0,nan,0,nan,0,nan,0
1597988496648627968,1597988497244999936,2020-08-21 13:41:37.245000,7595.0,7715.0,7552.0,7710.0,nan,7621.0,339531,12938316065.0,252874,7596.0,29,7594.0,31,nan,0,nan,0,nan,0,nan,0,nan,0,nan,0,nan,0,nan,0
1597988497150985984,1597988497704000000,2020-08-21 13:41:37.704000,7595.0,7715.0,7552.0,7710.0,nan,7621.0,339538,12938581865.0,252878,7596.0,31,7594.0,26,nan,0,nan,0,nan,0,nan,0,nan,0,nan,0,nan,0,nan,0
1597988497652754944,1597988498239000064,2020-08-21 13:41:38.239000,7595.0,7715.0,7552.0,7710.0,nan,7621.0,339538,12938581865.0,252878,7595.0,1,7594.0,26,nan,0,nan,0,nan,0,nan,0,nan,0,nan,0,nan,0,nan,0
1597988499644495104,1597988500219000064,2020-08-21 13:41:40.219000,7595.0,7715.0,7552.0,7710.0,nan,7621.0,339538,12938581865.0,252878,7596.0,31,7594.0,23,nan,0,nan,0,nan,0,nan,0,nan,0,nan,0,nan,0,nan,0
1597988500174651904,1597988500740000000,2020-08-21 13:41:40.740000,7595.0,7715.0,7552.0,7710.0,nan,7621.0,339539,12938619840.0,252878,7595.0,2,7594.0,27,nan,0,nan,0,nan,0,nan,0,nan,0,nan,0,nan,0,nan,0
1597988500638946048,1597988501243000064,2020-08-21 13:41:41.243000,7595.0,7715.0,7552.0,7710.0,nan,7621.0,339539,12938619840.0,252878,7595.0,4,7594.0,30,nan,0,nan,0,nan,0,nan,0,nan,0,nan,0,nan,0,nan,0
1597988502166832896,1597988502744999936,2020-08-21 13:41:42.745000,7595.0,7715.0,7552.0,7710.0,nan,7621.0,339539,12938619840.0,252878,7595.0,57,7594.0,34,nan,0,nan,0,nan,0,nan,0,nan,0,nan,0,nan,0,nan,0
1597988502658158080,1597988503242000128,2020-08-21 13:41:43.242000,7595.0,7715.0,7552.0,7710.0,nan,7621.0,339539,12938619840.0,252878,7595.0,58,7594.0,19,nan,0,nan,0,nan,0,nan,0,nan,0,nan,0,nan,0,nan,0
1597988503157296896,1597988503740999936,2020-08-21 13:41:43.741000,7595.0,7715.0,7552.0,7710.0,nan,7621.0,339539,12938619840.0,252878,7595.0,59,7594.0,19,nan,0,nan,0,nan,0,nan,0,nan,0,nan,0,nan,0,nan,0
1597988503736450048,1597988504242000128,2020-08-21 13:41:44.242000,7595.0,7715.0,7552.0,7710.0,nan,7621.0,339540,12938657815.0,252878,7595.0,59,7594.0,20,nan,0,nan,0,nan,0,nan,0,nan,0,nan,0,nan,0,nan,0
1597988504157138944,1597988504743000064,2020-08-21 13:41:44.743000,7594.0,7715.0,7552.0,7710.0,nan,7621.0,339541,12938695785.0,252878,7595.0,59,7594.0,19,nan,0,nan,0,nan,0,nan,0,nan,0,nan,0,nan,0,nan,0
1597988504648518912,1597988505242000128,2020-08-21 13:41:45.242000,7595.0,7715.0,7552.0,7710.0,nan,7621.0,339571,12939835035.0,252907,7595.0,28,7594.0,25,nan,0,nan,0,nan,0,nan,0,nan,0,nan,0,nan,0,nan,0
1597988505646088960,1597988506196999936,2020-08-21 13:41:46.197000,7594.0,7715.0,7552.0,7710.0,nan,7621.0,339572,12939873005.0,252908,7595.0,28,7594.0,24,nan,0,nan,0,nan,0,nan,0,nan,0,nan,0,nan,0,nan,0
1597988506140268032,1597988506668999936,2020-08-21 13:41:46.669000,7595.0,7715.0,7552.0,7710.0,nan,7621.0,339573,12939910980.0,252909,7595.0,27,7594.0,24,nan,0,nan,0,nan,0,nan,0,nan,0,nan,0,nan,0,nan,0
1597988506645720064,1597988507242000128,2020-08-21 13:41:47.242000,7594.0,7715.0,7552.0,7710.0,nan,7621.0,339574,12939948950.0,252910,7595.0,27,7594.0,23,nan,0,nan,0,nan,0,nan,0,nan,0,nan,0,nan,0,nan,0
1597988507642700032,1597988508240999936,2020-08-21 13:41:48.241000,7594.0,7715.0,7552.0,7710.0,nan,7621.0,339575,12939986920.0,252910,7595.0,27,7594.0,22,nan,0,nan,0,nan,0,nan,0,nan,0,nan,0,nan,0,nan,0
1597988510150198016,1597988510740000000,2020-08-21 13:41:50.740000,7594.0,7715.0,7552.0,7710.0,nan,7621.0,339575,12939986920.0,252910,7595.0,28,7594.0,23,nan,0,nan,0,nan,0,nan,0,nan,0,nan,0,nan,0,nan,0
