local_nano_time,quote_nano_time,datetime,last_price,highest,lowest,open,close,average,volume,amount,open_interest,ask_price1,ask_volume1,bid_price1,bid_volume1,ask_price2,ask_volume2,bid_price2,bid_volume2,ask_price3,ask_volume3,bid_price3,bid_volume3,ask_price4,ask_volume4,bid_price4,bid_volume4,ask_price5,ask_volume5,bid_price5,bid_volume5
1597988245560866048,1597988245500000000,2020-08-21 13:37:25.500000,100.355,100.375,100.32,100.33,nan,100.343,2431,4878674500.0,11089,100.355,14,100.35,14,nan,0,nan,0,nan,0,nan,0,nan,0,nan,0,nan,0,nan,0
1597988246097033984,1597988246000000000,2020-08-21 13:37:26.000000,100.355,100.375,100.32,100.33,nan,100.343,2431,4878674500.0,11089,100.355,12,100.35,16,nan,0,nan,0,nan,0,nan,0,nan,0,nan,0,nan,0,nan,0
1597988246575504896,1597988246500000000,2020-08-21 13:37:26.500000,100.355,100.375,100.32,100.33,nan,100.343,2431,4878674500.0,11089,100.355,11,100.35,17,nan,0,nan,0,nan,0,nan,0,nan,0,nan,0,nan,0,nan,0
1597988247060388096,1597988247000000000,2020-08-21 13:37:27.000000,100.355,100.375,100.32,100.33,nan,100.343,2431,4878674500.0,11089,100.355,11,100.35,17,nan,0,nan,0,nan,0,nan,0,nan,0,nan,0,nan,0,nan,0
1597988247571099904,1597988247500000000,2020-08-21 13:37:27.500000,100.355,100.375,100.32,100.33,nan,100.343,2431,4878674500.0,11089,100.355,11,100.35,17,nan,0,nan,0,nan,0,nan,0,nan,0,nan,0,nan,0,nan,0
1597988248068272128,1597988248000000000,2020-08-21 13:37:28.000000,100.355,100.375,100.32,100.33,nan,100.343,2431,4878674500.0,11089,100.355,11,100.35,17,nan,0,nan,0,nan,0,nan,0,nan,0,nan,0,nan,0,nan,0
1597988248558160896,1597988248500000000,2020-08-21 13:37:28.500000,100.355,100.375,100.32,100.33,nan,100.343,2431,4878674500.0,11089,100.355,11,100.35,17,nan,0,nan,0,nan,0,nan,0,nan,0,nan,0,nan,0,nan,0
1597988249057047040,1597988249000000000,2020-08-21 13:37:29.000000,100.355,100.375,100.32,100.33,nan,100.343,2431,4878674500.0,11089,100.355,11,100.35,17,nan,0,nan,0,nan,0,nan,0,nan,0,nan,0,nan,0,nan,0
1597988249555057920,1597988249500000000,2020-08-21 13:37:29.500000,100.355,100.375,100.32,100.33,nan,100.343,2431,4878674500.0,11089,100.355,11,100.35,17,nan,0,nan,0,nan,0,nan,0,nan,0,nan,0,nan,0,nan,0
1597988250069792000,1597988250000000000,2020-08-21 13:37:30.000000,100.355,100.375,100.32,100.33,nan,100.343,2431,4878674500.0,11089,100.355,11,100.35,17,nan,0,nan,0,nan,0,nan,0,nan,0,nan,0,nan,0,nan,0
1597988250568013056,1597988250500000000,2020-08-21 13:37:30.500000,100.355,100.375,100.32,100.33,nan,100.343,2431,4878674500.0,11089,100.355,11,100.35,17,nan,0,nan,0,nan,0,nan,0,nan,0,nan,0,nan,0,nan,0
1597988251069251072,1597988251000000000,2020-08-21 13:37:31.000000,100.355,100.375,100.32,100.33,nan,100.343,2431,4878674500.0,11089,100.355,11,100.35,17,nan,0,nan,0,nan,0,nan,0,nan,0,nan,0,nan,0,nan,0
1597988251555710976,1597988251500000000,2020-08-21 13:37:31.500000,100.355,100.375,100.32,100.33,nan,100.343,2431,4878674500.0,11089,100.355,11,100.35,17,nan,0,nan,0,nan,0,nan,0,nan,0,nan,0,nan,0,nan,0
1597988254068634880,1597988254000000000,2020-08-21 13:37:34.000000,100.355,100.375,100.32,100.33,nan,100.343,2431,4878674500.0,11089,100.355,12,100.35,18,nan,0,nan,0,nan,0,nan,0,nan,0,nan,0,nan,0,nan,0
1597988257080623104,1597988257000000000,2020-08-21 13:37:37.000000,100.355,100.375,100.32,100.33,nan,100.343,2431,4878674500.0,11089,100.355,13,100.35,18,nan,0,nan,0,nan,0,nan,0,nan,0,nan,0,nan,0,nan,0
1597988261072960000,1597988261000000000,2020-08-21 13:37:41.000000,100.355,100.375,100.32,100.33,nan,100.343,2431,4878674500.0,11089,100.355,20,100.35,18,nan,0,nan,0,nan,0,nan,0,nan,0,nan,0,nan,0,nan,0
1597988265558572032,1597988265500000000,2020-08-21 13:37:45.500000,100.355,100.375,100.32,100.33,nan,100.343,2431,4878674500.0,11089,100.355,21,100.35,19,nan,0,nan,0,nan,0,nan,0,nan,0,nan,0,nan,0,nan,0
1597988266087532032,1597988266000000000,2020-08-21 13:37:46.000000,100.35,100.375,100.32,100.33,nan,100.343,2434,4884695500.0,11086,100.355,21,100.35,16,nan,0,nan,0,nan,0,nan,0,nan,0,nan,0,nan,0,nan,0
1597988266562618112,1597988266500000000,2020-08-21 13:37:46.500000,100.35,100.375,100.32,100.33,nan,100.343,2439,4894730500.0,11084,100.355,22,100.35,7,nan,0,nan,0,nan,0,nan,0,nan,0,nan,0,nan,0,nan,0
1597988267107505920,1597988267000000000,2020-08-21 13:37:47.000000,100.35,100.375,100.32,100.33,nan,100.343,2446,4908779500.0,11085,100.35,1,100.345,80,nan,0,nan,0,nan,0,nan,0,nan,0,nan,0,nan,0,nan,0
1597988267577057024,1597988267500000000,2020-08-21 13:37:47.500000,100.35,100.375,100.32,100.33,nan,100.343,2446,4908779500.0,11085,100.35,2,100.345,49,nan,0,nan,0,nan,0,nan,0,nan,0,nan,0,nan,0,nan,0
1597988268083635968,1597988268000000000,2020-08-21 13:37:48.000000,100.35,100.375,100.32,100.33,nan,100.343,2446,4908779500.0,11085,100.35,2,100.345,30,nan,0,nan,0,nan,0,nan,0,nan,0,nan,0,nan,0,nan,0
1597988268587596032,1597988268500000000,2020-08-21 13:37:48.500000,100.35,100.375,100.32,100.33,nan,100.343,2446,4908779500.0,11085,100.35,4,100.345,31,nan,0,nan,0,nan,0,nan,0,nan,0,nan,0,nan,0,nan,0
1597988269083403008,1597988269000000000,2020-08-21 13:37:49.000000,100.35,100.375,100.32,100.33,nan,100.343,2446,4908779500.0,11085,100.35,4,100.345,21,nan,0,nan,0,nan,0,nan,0,nan,0,nan,0,nan,0,nan,0
1597988269579307008,1597988269500000000,2020-08-21 13:37:49.500000,100.35,100.375,100.32,100.33,nan,100.343,2446,4908779500.0,11085,100.35,4,100.345,21,nan,0,nan,0,nan,0,nan,0,nan,0,nan,0,nan,0,nan,0
1597988270079377920,1597988270000000000,2020-08-21 13:37:50.000000,100.35,100.375,100.32,100.33,nan,100.343,2448,4912793500.0,11085,100.35,4,100.345,22,nan,0,nan,0,nan,0,nan,0,nan,0,nan,0,nan,0,nan,0
1597988271071267072,1597988271000000000,2020-08-21 13:37:51.000000,100.35,100.375,100.32,100.33,nan,100.343,2448,4912793500.0,11085,100.35,5,100.345,21,nan,0,nan,0,nan,0,nan,0,nan,0,nan,0,nan,0,nan,0
1597988281585121024,1597988281500000000,2020-08-21 13:38:01.500000,100.35,100.375,100.32,100.33,nan,100.343,2448,4912793500.0,11085,100.35,7,100.345,21,nan,0,nan,0,nan,0,nan,0,nan,0,nan,0,nan,0,nan,0
1597988287105916928,1597988287000000000,2020-08-21 13:38:07.000000,100.35,100.375,100.32,100.33,nan,100.343,2449,4914800500.0,11085,100.35,6,100.345,21,nan,0,nan,0,nan,0,nan,0,nan,0,nan,0,nan,0,nan,0
1597988288094362112,1597988288000000000,2020-08-21 13:38:08.000000,100.35,100.375,100.32,100.33,nan,100.343,2449,4914800500.0,11085,100.35,7,100.345,22,nan,0,nan,0,nan,0,nan,0,nan,0,nan,0,nan,0,nan,0
1597988291581448960,1597988291500000000,2020-08-21 13:38:11.500000,100.35,100.375,100.32,100.33,nan,100.343,2450,4916807500.0,11085,100.35,6,100.345,22,nan,0,nan,0,nan,0,nan,0,nan,0,nan,0,nan,0,nan,0
1597988292072393984,1597988292000000000,2020-08-21 13:38:12.000000,100.35,100.375,100.32,100.33,nan,100.343,2450,4916807500.0,11085,100.35,16,100.345,22,nan,0,nan,0,nan,0,nan,0,nan,0,nan,0,nan,0,nan,0
1597988293584828928,1597988293500000000,2020-08-21 13:38:13.500000,100.35,100.375,100.32,100.33,nan,100.343,2450,4916807500.0,11085,100.35,16,100.345,22,nan,0,nan,0,nan,0,nan,0,nan,0,nan,0,nan,0,nan,0
1597988300077436928,1597988300000000000,2020-08-21 13:38:20.000000,100.35,100.375,100.32,100.33,nan,100.343,2450,4916807500.0,11085,100.35,16,100.345,32,nan,0,nan,0,nan,0,nan,0,nan,0,nan,0,nan,0,nan,0
1597988301280316928,1597988301000000000,2020-08-21 13:38:21.000000,100.35,100.375,100.32,100.33,nan,100.343,2450,4916807500.0,11085,100.35,16,100.345,32,nan,0,nan,0,nan,0,nan,0,nan,0,nan,0,nan,0,nan,0
1597988314588086016,1597988314500000000,2020-08-21 13:38:34.500000,100.35,100.375,100.32,100.33,nan,100.343,2450,4916807500.0,11085,100.35,16,100.345,32,nan,0,nan,0,nan,0,nan,0,nan,0,nan,0,nan,0,nan,0
1597988339167474944,1597988339000000000,2020-08-21 13:38:59.000000,100.35,100.375,100.32,100.33,nan,100.343,2451,4918814500.0,11086,100.35,15,100.345,32,nan,0,nan,0,nan,0,nan,0,nan,0,nan,0,nan,0,nan,0
1597988339607600128,1597988339500000000,2020-08-21 13:38:59.500000,100.35,100.375,100.32,100.33,nan,100.343,2453,4922828500.0,11086,100.35,15,100.345,32,nan,0,nan,0,nan,0,nan,0,nan,0,nan,0,nan,0,nan,0
1597988341607126016,1597988341500000000,2020-08-21 13:39:01.500000,100.35,100.375,100.32,100.33,nan,100.343,2453,4922828500.0,11086,100.35,16,100.345,32,nan,0,nan,0,nan,0,nan,0,nan,0,nan,0,nan,0,nan,0
1597988355628109056,1597988355500000000,2020-08-21 13:39:15.500000,100.35,100.375,100.32,100.33,nan,100.343,2453,4922828500.0,11086,100.35,16,100.345,28,nan,0,nan,0,nan,0,nan,0,nan,0,nan,0,nan,0,nan,0
1597988377640335872,1597988377500000000,2020-08-21 13:39:37.500000,100.35,100.375,100.32,100.33,nan,100.343,2453,4922828500.0,11086,100.35,16,100.345,32,nan,0,nan,0,nan,0,nan,0,nan,0,nan,0,nan,0,nan,0
1597988380653253120,1597988380500000000,2020-08-21 13:39:40.500000,100.35,100.375,100.32,100.33,nan,100.343,2453,4922828500.0,11086,100.35,16,100.345,28,nan,0,nan,0,nan,0,nan,0,nan,0,nan,0,nan,0,nan,0
1597988381646150912,1597988381500000000,2020-08-21 13:39:41.500000,100.35,100.375,100.32,100.33,nan,100.343,2453,4922828500.0,11086,100.35,16,100.345,32,nan,0,nan,0,nan,0,nan,0,nan,0,nan,0,nan,0,nan,0
1597988387135933952,1597988387000000000,2020-08-21 13:39:47.000000,100.35,100.375,100.32,100.33,nan,100.343,2454,4924835500.0,11086,100.35,15,100.345,32,nan,0,nan,0,nan,0,nan,0,nan,0,nan,0,nan,0,nan,0
1597988387646639104,1597988387500000000,2020-08-21 13:39:47.500000,100.35,100.375,100.32,100.33,nan,100.343,2454,4924835500.0,11086,100.35,14,100.345,32,nan,0,nan,0,nan,0,nan,0,nan,0,nan,0,nan,0,nan,0
1597988389149715968,1597988389000000000,2020-08-21 13:39:49.000000,100.35,100.375,100.32,100.33,nan,100.343,2454,4924835500.0,11086,100.35,14,100.345,28,nan,0,nan,0,nan,0,nan,0,nan,0,nan,0,nan,0,nan,0
1597988390647848960,1597988390500000000,2020-08-21 13:39:50.500000,100.35,100.375,100.32,100.33,nan,100.343,2454,4924835500.0,11086,100.35,14,100.345,28,nan,0,nan,0,nan,0,nan,0,nan,0,nan,0,nan,0,nan,0
1597988391628011008,1597988391500000000,2020-08-21 13:39:51.500000,100.35,100.375,100.32,100.33,nan,100.343,2454,4924835500.0,11086,100.35,14,100.345,28,nan,0,nan,0,nan,0,nan,0,nan,0,nan,0,nan,0,nan,0
1597988393635770112,1597988393500000000,2020-08-21 13:39:53.500000,100.35,100.375,100.32,100.33,nan,100.343,2454,4924835500.0,11086,100.35,14,100.345,28,nan,0,nan,0,nan,0,nan,0,nan,0,nan,0,nan,0,nan,0
1597988394144494080,1597988394000000000,2020-08-21 13:39:54.000000,100.35,100.375,100.32,100.33,nan,100.343,2454,4924835500.0,11086,100.35,14,100.345,28,nan,0,nan,0,nan,0,nan,0,nan,0,nan,0,nan,0,nan,0
1597988400640200960,1597988400500000000,2020-08-21 13:40:00.500000,100.35,100.375,100.32,100.33,nan,100.343,2455,4926842500.0,11085,100.35,13,100.345,27,nan,0,nan,0,nan,0,nan,0,nan,0,nan,0,nan,0,nan,0
1597988402641633024,1597988402500000000,2020-08-21 13:40:02.500000,100.35,100.375,100.32,100.33,nan,100.343,2460,4936877500.0,11085,100.35,8,100.345,27,nan,0,nan,0,nan,0,nan,0,nan,0,nan,0,nan,0,nan,0
1597988408560835072,1597988408500000000,2020-08-21 13:40:08.500000,100.35,100.375,100.32,100.33,nan,100.343,2461,4938884500.0,11085,100.35,7,100.345,28,nan,0,nan,0,nan,0,nan,0,nan,0,nan,0,nan,0,nan,0
1597988409079143936,1597988409000000000,2020-08-21 13:40:09.000000,100.35,100.375,100.32,100.33,nan,100.343,2468,4952933500.0,11089,100.355,70,100.35,2,nan,0,nan,0,nan,0,nan,0,nan,0,nan,0,nan,0,nan,0
1597988409564529920,1597988409500000000,2020-08-21 13:40:09.500000,100.35,100.375,100.32,100.33,nan,100.343,2468,4952933500.0,11089,100.355,37,100.35,2,nan,0,nan,0,nan,0,nan,0,nan,0,nan,0,nan,0,nan,0
1597988410080527872,1597988410000000000,2020-08-21 13:40:10.000000,100.35,100.375,100.32,100.33,nan,100.343,2468,4952933500.0,11089,100.355,28,100.35,3,nan,0,nan,0,nan,0,nan,0,nan,0,nan,0,nan,0,nan,0
1597988410578161920,1597988410500000000,2020-08-21 13:40:10.500000,100.35,100.375,100.32,100.33,nan,100.343,2468,4952933500.0,11089,100.355,28,100.35,3,nan,0,nan,0,nan,0,nan,0,nan,0,nan,0,nan,0,nan,0
1597988411559476992,1597988411500000000,2020-08-21 13:40:11.500000,100.35,100.375,100.32,100.33,nan,100.343,2468,4952933500.0,11089,100.355,18,100.35,3,nan,0,nan,0,nan,0,nan,0,nan,0,nan,0,nan,0,nan,0
1597988412063808000,1597988412000000000,2020-08-21 13:40:12.000000,100.35,100.375,100.32,100.33,nan,100.343,2468,4952933500.0,11089,100.355,18,100.35,4,nan,0,nan,0,nan,0,nan,0,nan,0,nan,0,nan,0,nan,0
1597988413073756928,1597988413000000000,2020-08-21 13:40:13.000000,100.35,100.375,100.32,100.33,nan,100.343,2468,4952933500.0,11089,100.355,19,100.35,4,nan,0,nan,0,nan,0,nan,0,nan,0,nan,0,nan,0,nan,0
1597988414556743936,1597988414500000000,2020-08-21 13:40:14.500000,100.35,100.375,100.32,100.33,nan,100.343,2468,4952933500.0,11089,100.355,19,100.35,5,nan,0,nan,0,nan,0,nan,0,nan,0,nan,0,nan,0,nan,0
1597988426059011072,1597988426000000000,2020-08-21 13:40:26.000000,100.35,100.375,100.32,100.33,nan,100.343,2468,4952933500.0,11089,100.355,19,100.35,5,nan,0,nan,0,nan,0,nan,0,nan,0,nan,0,nan,0,nan,0
1597988433573675008,1597988433500000000,2020-08-21 13:40:33.500000,100.355,100.375,100.32,100.33,nan,100.343,2469,4954940600.0,11090,100.355,18,100.35,5,nan,0,nan,0,nan,0,nan,0,nan,0,nan,0,nan,0,nan,0
1597988434079400960,1597988434000000000,2020-08-21 13:40:34.000000,100.355,100.375,100.32,100.33,nan,100.343,2469,4954940600.0,11090,100.355,16,100.35,8,nan,0,nan,0,nan,0,nan,0,nan,0,nan,0,nan,0,nan,0
1597988438591288064,1597988438500000000,2020-08-21 13:40:38.500000,100.355,100.375,100.32,100.33,nan,100.343,2469,4954940600.0,11090,100.355,16,100.35,8,nan,0,nan,0,nan,0,nan,0,nan,0,nan,0,nan,0,nan,0
1597988442578228992,1597988442500000000,2020-08-21 13:40:42.500000,100.355,100.375,100.32,100.33,nan,100.343,2469,4954940600.0,11090,100.355,16,100.35,8,nan,0,nan,0,nan,0,nan,0,nan,0,nan,0,nan,0,nan,0
1597988443571228928,1597988443500000000,2020-08-21 13:40:43.500000,100.355,100.375,100.32,100.33,nan,100.343,2469,4954940600.0,11090,100.355,16,100.35,8,nan,0,nan,0,nan,0,nan,0,nan,0,nan,0,nan,0,nan,0
1597988449070298880,1597988449000000000,2020-08-21 13:40:49.000000,100.355,100.375,100.32,100.33,nan,100.343,2469,4954940600.0,11090,100.355,16,100.35,7,nan,0,nan,0,nan,0,nan,0,nan,0,nan,0,nan,0,nan,0
1597988450083457024,1597988450000000000,2020-08-21 13:40:50.000000,100.355,100.375,100.32,100.33,nan,100.343,2469,4954940600.0,11090,100.355,26,100.35,7,nan,0,nan,0,nan,0,nan,0,nan,0,nan,0,nan,0,nan,0
1597988466081596928,1597988466000000000,2020-08-21 13:41:06.000000,100.355,100.375,100.32,100.33,nan,100.343,2469,4954940600.0,11090,100.355,19,100.35,7,nan,0,nan,0,nan,0,nan,0,nan,0,nan,0,nan,0,nan,0
1597988470079641088,1597988470000000000,2020-08-21 13:41:10.000000,100.35,100.375,100.32,100.33,nan,100.343,2478,4973003600.0,11084,100.355,20,100.345,85,nan,0,nan,0,nan,0,nan,0,nan,0,nan,0,nan,0,nan,0
1597988470583891968,1597988470500000000,2020-08-21 13:41:10.500000,100.35,100.375,100.32,100.33,nan,100.343,2480,4977017600.0,11084,100.35,1,100.345,57,nan,0,nan,0,nan,0,nan,0,nan,0,nan,0,nan,0,nan,0
1597988471086312960,1597988471000000000,2020-08-21 13:41:11.000000,100.35,100.375,100.32,100.33,nan,100.343,2480,4977017600.0,11084,100.35,2,100.345,46,nan,0,nan,0,nan,0,nan,0,nan,0,nan,0,nan,0,nan,0
1597988471593138944,1597988471500000000,2020-08-21 13:41:11.500000,100.35,100.375,100.32,100.33,nan,100.343,2480,4977017600.0,11084,100.35,4,100.345,26,nan,0,nan,0,nan,0,nan,0,nan,0,nan,0,nan,0,nan,0
1597988472079910912,1597988472000000000,2020-08-21 13:41:12.000000,100.35,100.375,100.32,100.33,nan,100.343,2480,4977017600.0,11084,100.35,4,100.345,26,nan,0,nan,0,nan,0,nan,0,nan,0,nan,0,nan,0,nan,0
1597988480587641088,1597988480500000000,2020-08-21 13:41:20.500000,100.35,100.375,100.32,100.33,nan,100.343,2480,4977017600.0,11084,100.35,9,100.345,26,nan,0,nan,0,nan,0,nan,0,nan,0,nan,0,nan,0,nan,0
1597988481582093056,1597988481500000000,2020-08-21 13:41:21.500000,100.35,100.375,100.32,100.33,nan,100.343,2482,4981031600.0,11085,100.35,8,100.345,26,nan,0,nan,0,nan,0,nan,0,nan,0,nan,0,nan,0,nan,0
1597988483080212992,1597988483000000000,2020-08-21 13:41:23.000000,100.35,100.375,100.32,100.33,nan,100.343,2482,4981031600.0,11085,100.35,9,100.345,26,nan,0,nan,0,nan,0,nan,0,nan,0,nan,0,nan,0,nan,0
1597988504100409088,1597988504000000000,2020-08-21 13:41:44.000000,100.35,100.375,100.32,100.33,nan,100.343,2482,4981031600.0,11085,100.35,9,100.345,26,nan,0,nan,0,nan,0,nan,0,nan,0,nan,0,nan,0,nan,0
1597988505588973056,1597988505500000000,2020-08-21 13:41:45.500000,100.35,100.375,100.32,100.33,nan,100.343,2482,4981031600.0,11085,100.35,10,100.345,26,nan,0,nan,0,nan,0,nan,0,nan,0,nan,0,nan,0,nan,0
1597988506595984896,1597988506500000000,2020-08-21 13:41:46.500000,100.35,100.375,100.32,100.33,nan,100.343,2482,4981031600.0,11085,100.35,10,100.345,26,nan,0,nan,0,nan,0,nan,0,nan,0,nan,0,nan,0,nan,0
1597988511597096960,1597988511500000000,2020-08-21 13:41:51.500000,100.35,100.375,100.32,100.33,nan,100.343,2482,4981031600.0,11085,100.35,10,100.345,26,nan,0,nan,0,nan,0,nan,0,nan,0,nan,0,nan,0,nan,0
1597988513091123968,1597988513000000000,2020-08-21 13:41:53.000000,100.35,100.375,100.32,100.33,nan,100.343,2482,4981031600.0,11085,100.35,20,100.345,26,nan,0,nan,0,nan,0,nan,0,nan,0,nan,0,nan,0,nan,0
1597988514096624128,1597988514000000000,2020-08-21 13:41:54.000000,100.35,100.375,100.32,100.33,nan,100.343,2482,4981031600.0,11085,100.35,20,100.345,26,nan,0,nan,0,nan,0,nan,0,nan,0,nan,0,nan,0,nan,0
1597988527100912896,1597988527000000000,2020-08-21 13:42:07.000000,100.35,100.375,100.32,100.33,nan,100.343,2483,4983038600.0,11086,100.35,19,100.345,26,nan,0,nan,0,nan,0,nan,0,nan,0,nan,0,nan,0,nan,0
1597988527604968960,1597988527500000000,2020-08-21 13:42:07.500000,100.35,100.375,100.32,100.33,nan,100.343,2483,4983038600.0,11086,100.35,20,100.345,27,nan,0,nan,0,nan,0,nan,0,nan,0,nan,0,nan,0,nan,0
1597988528125167104,1597988528000000000,2020-08-21 13:42:08.000000,100.35,100.375,100.32,100.33,nan,100.343,2483,4983038600.0,11086,100.35,20,100.345,27,nan,0,nan,0,nan,0,nan,0,nan,0,nan,0,nan,0,nan,0
1597988536119418880,1597988536000000000,2020-08-21 13:42:16.000000,100.35,100.375,100.32,100.33,nan,100.343,2483,4983038600.0,11086,100.35,25,100.345,27,nan,0,nan,0,nan,0,nan,0,nan,0,nan,0,nan,0,nan,0
1597988573653773056,1597988573500000000,2020-08-21 13:42:53.500000,100.35,100.375,100.32,100.33,nan,100.343,2483,4983038600.0,11086,100.35,24,100.345,27,nan,0,nan,0,nan,0,nan,0,nan,0,nan,0,nan,0,nan,0
1597988575131126016,1597988575000000000,2020-08-21 13:42:55.000000,100.35,100.375,100.32,100.33,nan,100.343,2484,4985045600.0,11086,100.35,23,100.345,27,nan,0,nan,0,nan,0,nan,0,nan,0,nan,0,nan,0,nan,0
1597988602550738944,1597988602500000000,2020-08-21 13:43:22.500000,100.35,100.375,100.32,100.33,nan,100.343,2484,4985045600.0,11086,100.35,23,100.345,27,nan,0,nan,0,nan,0,nan,0,nan,0,nan,0,nan,0,nan,0
1597988603542428928,1597988603500000000,2020-08-21 13:43:23.500000,100.35,100.375,100.32,100.33,nan,100.343,2484,4985045600.0,11086,100.35,23,100.345,27,nan,0,nan,0,nan,0,nan,0,nan,0,nan,0,nan,0,nan,0
1597988615556909056,1597988615500000000,2020-08-21 13:43:35.500000,100.35,100.375,100.32,100.33,nan,100.343,2484,4985045600.0,11086,100.35,23,100.345,25,nan,0,nan,0,nan,0,nan,0,nan,0,nan,0,nan,0,nan,0
1597988618093777920,1597988618000000000,2020-08-21 13:43:38.000000,100.35,100.375,100.32,100.33,nan,100.343,2484,4985045600.0,11086,100.35,24,100.345,25,nan,0,nan,0,nan,0,nan,0,nan,0,nan,0,nan,0,nan,0
1597988623547567104,1597988623500000000,2020-08-21 13:43:43.500000,100.35,100.375,100.32,100.33,nan,100.343,2485,4987052600.0,11087,100.35,23,100.345,25,nan,0,nan,0,nan,0,nan,0,nan,0,nan,0,nan,0,nan,0
1597988624051930112,1597988624000000000,2020-08-21 13:43:44.000000,100.35,100.375,100.32,100.33,nan,100.343,2485,4987052600.0,11087,100.35,23,100.345,25,nan,0,nan,0,nan,0,nan,0,nan,0,nan,0,nan,0,nan,0
1597988645550021120,1597988645500000000,2020-08-21 13:44:05.500000,100.35,100.375,100.32,100.33,nan,100.343,2485,4987052600.0,11087,100.35,53,100.345,25,nan,0,nan,0,nan,0,nan,0,nan,0,nan,0,nan,0,nan,0
1597988646053027072,1597988646000000000,2020-08-21 13:44:06.000000,100.35,100.375,100.32,100.33,nan,100.343,2485,4987052600.0,11087,100.35,63,100.345,25,nan,0,nan,0,nan,0,nan,0,nan,0,nan,0,nan,0,nan,0
1597988647053872128,1597988647000000000,2020-08-21 13:44:07.000000,100.35,100.375,100.32,100.33,nan,100.343,2485,4987052600.0,11087,100.35,93,100.345,25,nan,0,nan,0,nan,0,nan,0,nan,0,nan,0,nan,0,nan,0
1597988651556393984,1597988651500000000,2020-08-21 13:44:11.500000,100.35,100.375,100.32,100.33,nan,100.343,2485,4987052600.0,11087,100.35,23,100.345,25,nan,0,nan,0,nan,0,nan,0,nan,0,nan,0,nan,0,nan,0
1597988652055568896,1597988652000000000,2020-08-21 13:44:12.000000,100.35,100.375,100.32,100.33,nan,100.343,2485,4987052600.0,11087,100.35,13,100.345,25,nan,0,nan,0,nan,0,nan,0,nan,0,nan,0,nan,0,nan,0
1597988652557755904,1597988652500000000,2020-08-21 13:44:12.500000,100.35,100.375,100.32,100.33,nan,100.343,2485,4987052600.0,11087,100.35,13,100.345,25,nan,0,nan,0,nan,0,nan,0,nan,0,nan,0,nan,0,nan,0
1597988660577163008,1597988660500000000,2020-08-21 13:44:20.500000,100.35,100.375,100.32,100.33,nan,100.343,2485,4987052600.0,11087,100.35,13,100.345,25,nan,0,nan,0,nan,0,nan,0,nan,0,nan,0,nan,0,nan,0
1597988661075635968,1597988661000000000,2020-08-21 13:44:21.000000,100.35,100.375,100.32,100.33,nan,100.343,2485,4987052600.0,11087,100.35,13,100.345,25,nan,0,nan,0,nan,0,nan,0,nan,0,nan,0,nan,0,nan,0
1597988661578187008,1597988661500000000,2020-08-21 13:44:21.500000,100.35,100.375,100.32,100.33,nan,100.343,2485,4987052600.0,11087,100.35,13,100.345,25,nan,0,nan,0,nan,0,nan,0,nan,0,nan,0,nan,0,nan,0
1597988662160759040,1597988662000000000,2020-08-21 13:44:22.000000,100.35,100.375,100.32,100.33,nan,100.343,2485,4987052600.0,11087,100.35,12,100.345,25,nan,0,nan,0,nan,0,nan,0,nan,0,nan,0,nan,0,nan,0
1597988669566445056,1597988669500000000,2020-08-21 13:44:29.500000,100.35,100.375,100.32,100.33,nan,100.343,2486,4989059600.0,11088,100.35,11,100.345,25,nan,0,nan,0,nan,0,nan,0,nan,0,nan,0,nan,0,nan,0
1597988704092659968,1597988704000000000,2020-08-21 13:45:04.000000,100.35,100.375,100.32,100.33,nan,100.343,2486,4989059600.0,11088,100.35,11,100.345,25,nan,0,nan,0,nan,0,nan,0,nan,0,nan,0,nan,0,nan,0
1597988705126842880,1597988705000000000,2020-08-21 13:45:05.000000,100.35,100.375,100.32,100.33,nan,100.343,2487,4991066600.0,11088,100.35,10,100.345,29,nan,0,nan,0,nan,0,nan,0,nan,0,nan,0,nan,0,nan,0
1597988705609102080,1597988705500000000,2020-08-21 13:45:05.500000,100.35,100.375,100.32,100.33,nan,100.343,2497,5011136600.0,11098,100.355,65,100.35,4,nan,0,nan,0,nan,0,nan,0,nan,0,nan,0,nan,0,nan,0
1597988706099042048,1597988706000000000,2020-08-21 13:45:06.000000,100.35,100.375,100.32,100.33,nan,100.343,2497,5011136600.0,11098,100.355,34,100.35,6,nan,0,nan,0,nan,0,nan,0,nan,0,nan,0,nan,0,nan,0
1597988706598412032,1597988706500000000,2020-08-21 13:45:06.500000,100.35,100.375,100.32,100.33,nan,100.343,2498,5013143600.0,11099,100.355,23,100.35,5,nan,0,nan,0,nan,0,nan,0,nan,0,nan,0,nan,0,nan,0
1597988707092232960,1597988707000000000,2020-08-21 13:45:07.000000,100.35,100.375,100.32,100.33,nan,100.343,2498,5013143600.0,11099,100.355,23,100.35,5,nan,0,nan,0,nan,0,nan,0,nan,0,nan,0,nan,0,nan,0
1597988707593820928,1597988707500000000,2020-08-21 13:45:07.500000,100.35,100.375,100.32,100.33,nan,100.343,2498,5013143600.0,11099,100.355,12,100.35,6,nan,0,nan,0,nan,0,nan,0,nan,0,nan,0,nan,0,nan,0
1597988709100059904,1597988709000000000,2020-08-21 13:45:09.000000,100.35,100.375,100.32,100.33,nan,100.343,2498,5013143600.0,11099,100.355,13,100.35,6,nan,0,nan,0,nan,0,nan,0,nan,0,nan,0,nan,0,nan,0
1597988717097991936,1597988717000000000,2020-08-21 13:45:17.000000,100.35,100.375,100.32,100.33,nan,100.343,2505,5027192600.0,11102,100.355,13,100.345,86,nan,0,nan,0,nan,0,nan,0,nan,0,nan,0,nan,0,nan,0
1597988717597644032,1597988717500000000,2020-08-21 13:45:17.500000,100.35,100.375,100.32,100.33,nan,100.343,2505,5027192600.0,11102,100.355,13,100.35,1,nan,0,nan,0,nan,0,nan,0,nan,0,nan,0,nan,0,nan,0
1597988718122182912,1597988718000000000,2020-08-21 13:45:18.000000,100.35,100.375,100.32,100.33,nan,100.343,2506,5029199600.0,11101,100.35,1,100.345,85,nan,0,nan,0,nan,0,nan,0,nan,0,nan,0,nan,0,nan,0
1597988718596572928,1597988718500000000,2020-08-21 13:45:18.500000,100.35,100.375,100.32,100.33,nan,100.343,2506,5029199600.0,11101,100.35,2,100.345,44,nan,0,nan,0,nan,0,nan,0,nan,0,nan,0,nan,0,nan,0
1597988719096752896,1597988719000000000,2020-08-21 13:45:19.000000,100.35,100.375,100.32,100.33,nan,100.343,2506,5029199600.0,11101,100.35,2,100.345,24,nan,0,nan,0,nan,0,nan,0,nan,0,nan,0,nan,0,nan,0
1597988719604020992,1597988719500000000,2020-08-21 13:45:19.500000,100.35,100.375,100.32,100.33,nan,100.343,2506,5029199600.0,11101,100.35,3,100.345,24,nan,0,nan,0,nan,0,nan,0,nan,0,nan,0,nan,0,nan,0
1597988725094640896,1597988725000000000,2020-08-21 13:45:25.000000,100.35,100.375,100.32,100.33,nan,100.343,2509,5035220600.0,11100,100.355,65,100.35,8,nan,0,nan,0,nan,0,nan,0,nan,0,nan,0,nan,0,nan,0
1597988725610420992,1597988725500000000,2020-08-21 13:45:25.500000,100.35,100.375,100.32,100.33,nan,100.343,2518,5053283600.0,11100,100.355,33,100.35,1,nan,0,nan,0,nan,0,nan,0,nan,0,nan,0,nan,0,nan,0
1597988726112654080,1597988726000000000,2020-08-21 13:45:26.000000,100.35,100.375,100.32,100.33,nan,100.343,2519,5055290600.0,11099,100.35,1,100.345,76,nan,0,nan,0,nan,0,nan,0,nan,0,nan,0,nan,0,nan,0
1597988726597739008,1597988726500000000,2020-08-21 13:45:26.500000,100.35,100.375,100.32,100.33,nan,100.343,2519,5055290600.0,11099,100.35,1,100.345,35,nan,0,nan,0,nan,0,nan,0,nan,0,nan,0,nan,0,nan,0
1597988727094102016,1597988727000000000,2020-08-21 13:45:27.000000,100.35,100.375,100.32,100.33,nan,100.343,2519,5055290600.0,11099,100.35,1,100.345,25,nan,0,nan,0,nan,0,nan,0,nan,0,nan,0,nan,0,nan,0
1597988727595183104,1597988727500000000,2020-08-21 13:45:27.500000,100.35,100.375,100.32,100.33,nan,100.343,2519,5055290600.0,11099,100.35,2,100.345,24,nan,0,nan,0,nan,0,nan,0,nan,0,nan,0,nan,0,nan,0
1597988728095235072,1597988728000000000,2020-08-21 13:45:28.000000,100.35,100.375,100.32,100.33,nan,100.343,2525,5067332600.0,11095,100.35,7,100.345,24,nan,0,nan,0,nan,0,nan,0,nan,0,nan,0,nan,0,nan,0
1597988729601728000,1597988729500000000,2020-08-21 13:45:29.500000,100.35,100.375,100.32,100.33,nan,100.343,2525,5067332600.0,11095,100.35,13,100.345,24,nan,0,nan,0,nan,0,nan,0,nan,0,nan,0,nan,0,nan,0
1597988752119981056,1597988752000000000,2020-08-21 13:45:52.000000,100.35,100.375,100.32,100.33,nan,100.343,2525,5067332600.0,11095,100.35,43,100.345,24,nan,0,nan,0,nan,0,nan,0,nan,0,nan,0,nan,0,nan,0
1597988752622423040,1597988752500000000,2020-08-21 13:45:52.500000,100.35,100.375,100.32,100.33,nan,100.343,2525,5067332600.0,11095,100.35,53,100.345,24,nan,0,nan,0,nan,0,nan,0,nan,0,nan,0,nan,0,nan,0
1597988753649176064,1597988753500000000,2020-08-21 13:45:53.500000,100.35,100.375,100.32,100.33,nan,100.343,2525,5067332600.0,11095,100.35,83,100.345,24,nan,0,nan,0,nan,0,nan,0,nan,0,nan,0,nan,0,nan,0
1597988757127801088,1597988757000000000,2020-08-21 13:45:57.000000,100.35,100.375,100.32,100.33,nan,100.343,2525,5067332600.0,11095,100.35,23,100.345,24,nan,0,nan,0,nan,0,nan,0,nan,0,nan,0,nan,0,nan,0
1597988757642675968,1597988757500000000,2020-08-21 13:45:57.500000,100.35,100.375,100.32,100.33,nan,100.343,2525,5067332600.0,11095,100.35,13,100.345,24,nan,0,nan,0,nan,0,nan,0,nan,0,nan,0,nan,0,nan,0
1597988758137537024,1597988758000000000,2020-08-21 13:45:58.000000,100.35,100.375,100.32,100.33,nan,100.343,2525,5067332600.0,11095,100.35,13,100.345,24,nan,0,nan,0,nan,0,nan,0,nan,0,nan,0,nan,0,nan,0
1597988762641061888,1597988762500000000,2020-08-21 13:46:02.500000,100.35,100.375,100.32,100.33,nan,100.343,2525,5067332600.0,11095,100.35,13,100.345,29,nan,0,nan,0,nan,0,nan,0,nan,0,nan,0,nan,0,nan,0
1597988763137396992,1597988763000000000,2020-08-21 13:46:03.000000,100.35,100.375,100.32,100.33,nan,100.343,2526,5069339600.0,11095,100.35,12,100.345,29,nan,0,nan,0,nan,0,nan,0,nan,0,nan,0,nan,0,nan,0
1597988778673191936,1597988778500000000,2020-08-21 13:46:18.500000,100.35,100.375,100.32,100.33,nan,100.343,2526,5069339600.0,11095,100.35,12,100.345,29,nan,0,nan,0,nan,0,nan,0,nan,0,nan,0,nan,0,nan,0
1597988785035502080,1597988785000000000,2020-08-21 13:46:25.000000,100.35,100.375,100.32,100.33,nan,100.343,2526,5069339600.0,11095,100.35,12,100.345,29,nan,0,nan,0,nan,0,nan,0,nan,0,nan,0,nan,0,nan,0
1597988805042973952,1597988805000000000,2020-08-21 13:46:45.000000,100.35,100.375,100.32,100.33,nan,100.343,2526,5069339600.0,11095,100.35,12,100.345,29,nan,0,nan,0,nan,0,nan,0,nan,0,nan,0,nan,0,nan,0
1597988811550277120,1597988811500000000,2020-08-21 13:46:51.500000,100.35,100.375,100.32,100.33,nan,100.343,2527,5071346600.0,11095,100.35,41,100.345,29,nan,0,nan,0,nan,0,nan,0,nan,0,nan,0,nan,0,nan,0
1597988812044302080,1597988812000000000,2020-08-21 13:46:52.000000,100.35,100.375,100.32,100.33,nan,100.343,2527,5071346600.0,11095,100.35,51,100.345,29,nan,0,nan,0,nan,0,nan,0,nan,0,nan,0,nan,0,nan,0
1597988853586248960,1597988853500000000,2020-08-21 13:47:33.500000,100.35,100.375,100.32,100.33,nan,100.343,2527,5071346600.0,11095,100.35,52,100.345,29,nan,0,nan,0,nan,0,nan,0,nan,0,nan,0,nan,0,nan,0
1597988854088548096,1597988854000000000,2020-08-21 13:47:34.000000,100.35,100.375,100.32,100.33,nan,100.343,2527,5071346600.0,11095,100.35,42,100.345,29,nan,0,nan,0,nan,0,nan,0,nan,0,nan,0,nan,0,nan,0
1597988854598779904,1597988854500000000,2020-08-21 13:47:34.500000,100.35,100.375,100.32,100.33,nan,100.343,2527,5071346600.0,11095,100.35,42,100.345,29,nan,0,nan,0,nan,0,nan,0,nan,0,nan,0,nan,0,nan,0
1597988855093854976,1597988855000000000,2020-08-21 13:47:35.000000,100.345,100.375,100.32,100.33,nan,100.343,2529,5075360400.0,11093,100.35,42,100.345,27,nan,0,nan,0,nan,0,nan,0,nan,0,nan,0,nan,0,nan,0
1597988855767730944,1597988855500000000,2020-08-21 13:47:35.500000,100.345,100.375,100.32,100.33,nan,100.343,2529,5075360400.0,11093,100.35,44,100.345,25,nan,0,nan,0,nan,0,nan,0,nan,0,nan,0,nan,0,nan,0
1597988856094324992,1597988856000000000,2020-08-21 13:47:36.000000,100.345,100.375,100.32,100.33,nan,100.343,2529,5075360400.0,11093,100.35,45,100.345,25,nan,0,nan,0,nan,0,nan,0,nan,0,nan,0,nan,0,nan,0
1597988856585587968,1597988856500000000,2020-08-21 13:47:36.500000,100.345,100.375,100.32,100.33,nan,100.343,2529,5075360400.0,11093,100.35,55,100.345,25,nan,0,nan,0,nan,0,nan,0,nan,0,nan,0,nan,0,nan,0
1597988857083249920,1597988857000000000,2020-08-21 13:47:37.000000,100.345,100.375,100.32,100.33,nan,100.343,2529,5075360400.0,11093,100.35,55,100.345,25,nan,0,nan,0,nan,0,nan,0,nan,0,nan,0,nan,0,nan,0
1597988857575735040,1597988857500000000,2020-08-21 13:47:37.500000,100.35,100.375,100.32,100.33,nan,100.343,2530,5077367400.0,11093,100.35,54,100.345,25,nan,0,nan,0,nan,0,nan,0,nan,0,nan,0,nan,0,nan,0
1597988858092444928,1597988858000000000,2020-08-21 13:47:38.000000,100.35,100.375,100.32,100.33,nan,100.343,2530,5077367400.0,11093,100.35,42,100.345,27,nan,0,nan,0,nan,0,nan,0,nan,0,nan,0,nan,0,nan,0
1597988858571529984,1597988858500000000,2020-08-21 13:47:38.500000,100.35,100.375,100.32,100.33,nan,100.343,2530,5077367400.0,11093,100.35,42,100.345,28,nan,0,nan,0,nan,0,nan,0,nan,0,nan,0,nan,0,nan,0
1597988859081981952,1597988859000000000,2020-08-21 13:47:39.000000,100.35,100.375,100.32,100.33,nan,100.343,2530,5077367400.0,11093,100.35,42,100.345,28,nan,0,nan,0,nan,0,nan,0,nan,0,nan,0,nan,0,nan,0
1597988859578456064,1597988859500000000,2020-08-21 13:47:39.500000,100.35,100.375,100.32,100.33,nan,100.343,2530,5077367400.0,11093,100.35,42,100.345,28,nan,0,nan,0,nan,0,nan,0,nan,0,nan,0,nan,0,nan,0
1597988860077161984,1597988860000000000,2020-08-21 13:47:40.000000,100.35,100.375,100.32,100.33,nan,100.343,2530,5077367400.0,11093,100.35,42,100.345,28,nan,0,nan,0,nan,0,nan,0,nan,0,nan,0,nan,0,nan,0
1597988860587913984,1597988860500000000,2020-08-21 13:47:40.500000,100.35,100.375,100.32,100.33,nan,100.343,2530,5077367400.0,11093,100.35,42,100.345,28,nan,0,nan,0,nan,0,nan,0,nan,0,nan,0,nan,0,nan,0
1597988861092726016,1597988861000000000,2020-08-21 13:47:41.000000,100.35,100.375,100.32,100.33,nan,100.343,2530,5077367400.0,11093,100.35,42,100.345,28,nan,0,nan,0,nan,0,nan,0,nan,0,nan,0,nan,0,nan,0
1597988861640871936,1597988861500000000,2020-08-21 13:47:41.500000,100.35,100.375,100.32,100.33,nan,100.343,2530,5077367400.0,11093,100.35,42,100.345,28,nan,0,nan,0,nan,0,nan,0,nan,0,nan,0,nan,0,nan,0
1597988862074401024,1597988862000000000,2020-08-21 13:47:42.000000,100.35,100.375,100.32,100.33,nan,100.343,2530,5077367400.0,11093,100.35,42,100.345,28,nan,0,nan,0,nan,0,nan,0,nan,0,nan,0,nan,0,nan,0
1597988862583024128,1597988862500000000,2020-08-21 13:47:42.500000,100.35,100.375,100.32,100.33,nan,100.343,2530,5077367400.0,11093,100.35,42,100.345,28,nan,0,nan,0,nan,0,nan,0,nan,0,nan,0,nan,0,nan,0
1597988863080381952,1597988863000000000,2020-08-21 13:47:43.000000,100.35,100.375,100.32,100.33,nan,100.343,2530,5077367400.0,11093,100.35,42,100.345,28,nan,0,nan,0,nan,0,nan,0,nan,0,nan,0,nan,0,nan,0
1597988863578477056,1597988863500000000,2020-08-21 13:47:43.500000,100.35,100.375,100.32,100.33,nan,100.343,2530,5077367400.0,11093,100.35,42,100.345,28,nan,0,nan,0,nan,0,nan,0,nan,0,nan,0,nan,0,nan,0
1597988864576526080,1597988864500000000,2020-08-21 13:47:44.500000,100.35,100.375,100.32,100.33,nan,100.343,2561,5139584400.0,11099,100.35,12,100.345,28,nan,0,nan,0,nan,0,nan,0,nan,0,nan,0,nan,0,nan,0
1597988865095118080,1597988865000000000,2020-08-21 13:47:45.000000,100.35,100.375,100.32,100.33,nan,100.343,2562,5141591400.0,11099,100.35,12,100.345,28,nan,0,nan,0,nan,0,nan,0,nan,0,nan,0,nan,0,nan,0
1597988869097396992,1597988869000000000,2020-08-21 13:47:49.000000,100.35,100.375,100.32,100.33,nan,100.343,2562,5141591400.0,11099,100.35,12,100.345,28,nan,0,nan,0,nan,0,nan,0,nan,0,nan,0,nan,0,nan,0
1597988872077474048,1597988872000000000,2020-08-21 13:47:52.000000,100.35,100.375,100.32,100.33,nan,100.343,2562,5141591400.0,11099,100.35,12,100.345,28,nan,0,nan,0,nan,0,nan,0,nan,0,nan,0,nan,0,nan,0
1597988876604268032,1597988876500000000,2020-08-21 13:47:56.500000,100.35,100.375,100.32,100.33,nan,100.343,2562,5141591400.0,11099,100.35,12,100.345,28,nan,0,nan,0,nan,0,nan,0,nan,0,nan,0,nan,0,nan,0
1597988877092936960,1597988877000000000,2020-08-21 13:47:57.000000,100.35,100.375,100.32,100.33,nan,100.343,2562,5141591400.0,11099,100.35,11,100.345,28,nan,0,nan,0,nan,0,nan,0,nan,0,nan,0,nan,0,nan,0
1597988878580673024,1597988878500000000,2020-08-21 13:47:58.500000,100.35,100.375,100.32,100.33,nan,100.343,2562,5141591400.0,11099,100.35,11,100.345,28,nan,0,nan,0,nan,0,nan,0,nan,0,nan,0,nan,0,nan,0
1597988879084248064,1597988879000000000,2020-08-21 13:47:59.000000,100.35,100.375,100.32,100.33,nan,100.343,2562,5141591400.0,11099,100.35,11,100.345,28,nan,0,nan,0,nan,0,nan,0,nan,0,nan,0,nan,0,nan,0
1597988883592931072,1597988883500000000,2020-08-21 13:48:03.500000,100.35,100.375,100.32,100.33,nan,100.343,2562,5141591400.0,11099,100.35,11,100.345,28,nan,0,nan,0,nan,0,nan,0,nan,0,nan,0,nan,0,nan,0
1597988884607249920,1597988884500000000,2020-08-21 13:48:04.500000,100.35,100.375,100.32,100.33,nan,100.343,2562,5141591400.0,11099,100.35,11,100.345,28,nan,0,nan,0,nan,0,nan,0,nan,0,nan,0,nan,0,nan,0
1597988886089573888,1597988886000000000,2020-08-21 13:48:06.000000,100.35,100.375,100.32,100.33,nan,100.343,2562,5141591400.0,11099,100.35,11,100.345,28,nan,0,nan,0,nan,0,nan,0,nan,0,nan,0,nan,0,nan,0
1597988888596248064,1597988888500000000,2020-08-21 13:48:08.500000,100.35,100.375,100.32,100.33,nan,100.343,2562,5141591400.0,11099,100.35,41,100.345,28,nan,0,nan,0,nan,0,nan,0,nan,0,nan,0,nan,0,nan,0
1597988889092882944,1597988889000000000,2020-08-21 13:48:09.000000,100.35,100.375,100.32,100.33,nan,100.343,2562,5141591400.0,11099,100.35,81,100.345,28,nan,0,nan,0,nan,0,nan,0,nan,0,nan,0,nan,0,nan,0
1597988905099506944,1597988905000000000,2020-08-21 13:48:25.000000,100.35,100.375,100.32,100.33,nan,100.343,2563,5143598400.0,11099,100.35,80,100.345,28,nan,0,nan,0,nan,0,nan,0,nan,0,nan,0,nan,0,nan,0
1597988905609746944,1597988905500000000,2020-08-21 13:48:25.500000,100.35,100.375,100.32,100.33,nan,100.343,2563,5143598400.0,11099,100.35,80,100.345,28,nan,0,nan,0,nan,0,nan,0,nan,0,nan,0,nan,0,nan,0
1597988906107564032,1597988906000000000,2020-08-21 13:48:26.000000,100.35,100.375,100.32,100.33,nan,100.343,2563,5143598400.0,11099,100.35,20,100.345,28,nan,0,nan,0,nan,0,nan,0,nan,0,nan,0,nan,0,nan,0
1597988906627632896,1597988906500000000,2020-08-21 13:48:26.500000,100.35,100.375,100.32,100.33,nan,100.343,2563,5143598400.0,11099,100.35,10,100.345,28,nan,0,nan,0,nan,0,nan,0,nan,0,nan,0,nan,0,nan,0
1597988907104254976,1597988907000000000,2020-08-21 13:48:27.000000,100.35,100.375,100.32,100.33,nan,100.343,2563,5143598400.0,11099,100.35,10,100.345,28,nan,0,nan,0,nan,0,nan,0,nan,0,nan,0,nan,0,nan,0
1597988914094729984,1597988914000000000,2020-08-21 13:48:34.000000,100.35,100.375,100.32,100.33,nan,100.343,2563,5143598400.0,11099,100.35,10,100.345,28,nan,0,nan,0,nan,0,nan,0,nan,0,nan,0,nan,0,nan,0
1597988914592747008,1597988914500000000,2020-08-21 13:48:34.500000,100.35,100.375,100.32,100.33,nan,100.343,2563,5143598400.0,11099,100.35,10,100.345,28,nan,0,nan,0,nan,0,nan,0,nan,0,nan,0,nan,0,nan,0
1597988916101361920,1597988916000000000,2020-08-21 13:48:36.000000,100.35,100.375,100.32,100.33,nan,100.343,2563,5143598400.0,11099,100.35,10,100.345,28,nan,0,nan,0,nan,0,nan,0,nan,0,nan,0,nan,0,nan,0
1597988921128624128,1597988921000000000,2020-08-21 13:48:41.000000,100.35,100.375,100.32,100.33,nan,100.343,2574,5165675400.0,11102,100.35,1,100.345,28,nan,0,nan,0,nan,0,nan,0,nan,0,nan,0,nan,0,nan,0
1597988922096392960,1597988922000000000,2020-08-21 13:48:42.000000,100.35,100.375,100.32,100.33,nan,100.343,2574,5165675400.0,11102,100.35,2,100.345,28,nan,0,nan,0,nan,0,nan,0,nan,0,nan,0,nan,0,nan,0
1597988923097236992,1597988923000000000,2020-08-21 13:48:43.000000,100.35,100.375,100.32,100.33,nan,100.343,2574,5165675400.0,11102,100.35,3,100.345,28,nan,0,nan,0,nan,0,nan,0,nan,0,nan,0,nan,0,nan,0
1597988923605466880,1597988923500000000,2020-08-21 13:48:43.500000,100.35,100.375,100.32,100.33,nan,100.343,2574,5165675400.0,11102,100.35,13,100.345,28,nan,0,nan,0,nan,0,nan,0,nan,0,nan,0,nan,0,nan,0
1597988936600261120,1597988936500000000,2020-08-21 13:48:56.500000,100.35,100.375,100.32,100.33,nan,100.343,2574,5165675400.0,11102,100.35,3,100.345,28,nan,0,nan,0,nan,0,nan,0,nan,0,nan,0,nan,0,nan,0
1597988941122490880,1597988941000000000,2020-08-21 13:49:01.000000,100.35,100.375,100.32,100.33,nan,100.343,2574,5165675400.0,11102,100.35,33,100.345,28,nan,0,nan,0,nan,0,nan,0,nan,0,nan,0,nan,0,nan,0
1597988941628166912,1597988941500000000,2020-08-21 13:49:01.500000,100.35,100.375,100.32,100.33,nan,100.343,2574,5165675400.0,11102,100.35,33,100.345,28,nan,0,nan,0,nan,0,nan,0,nan,0,nan,0,nan,0,nan,0
1597988943625817088,1597988943500000000,2020-08-21 13:49:03.500000,100.35,100.375,100.32,100.33,nan,100.343,2574,5165675400.0,11102,100.35,32,100.345,28,nan,0,nan,0,nan,0,nan,0,nan,0,nan,0,nan,0,nan,0
1597988950613644032,1597988950500000000,2020-08-21 13:49:10.500000,100.35,100.375,100.32,100.33,nan,100.343,2574,5165675400.0,11102,100.35,42,100.345,28,nan,0,nan,0,nan,0,nan,0,nan,0,nan,0,nan,0,nan,0
1597988951112594944,1597988951000000000,2020-08-21 13:49:11.000000,100.35,100.375,100.32,100.33,nan,100.343,2605,5227892400.0,11103,100.35,23,100.345,28,nan,0,nan,0,nan,0,nan,0,nan,0,nan,0,nan,0,nan,0
1597988951602550016,1597988951500000000,2020-08-21 13:49:11.500000,100.35,100.375,100.32,100.33,nan,100.343,2607,5231906400.0,11102,100.35,11,100.345,28,nan,0,nan,0,nan,0,nan,0,nan,0,nan,0,nan,0,nan,0
1597988952108123904,1597988952000000000,2020-08-21 13:49:12.000000,100.35,100.375,100.32,100.33,nan,100.343,2607,5231906400.0,11102,100.35,11,100.345,28,nan,0,nan,0,nan,0,nan,0,nan,0,nan,0,nan,0,nan,0
1597988953113377024,1597988953000000000,2020-08-21 13:49:13.000000,100.35,100.375,100.32,100.33,nan,100.343,2608,5233913400.0,11103,100.35,10,100.345,28,nan,0,nan,0,nan,0,nan,0,nan,0,nan,0,nan,0,nan,0
1597988953607873024,1597988953500000000,2020-08-21 13:49:13.500000,100.35,100.375,100.32,100.33,nan,100.343,2608,5233913400.0,11103,100.35,11,100.345,27,nan,0,nan,0,nan,0,nan,0,nan,0,nan,0,nan,0,nan,0
1597988954123060992,1597988954000000000,2020-08-21 13:49:14.000000,100.35,100.375,100.32,100.33,nan,100.343,2608,5233913400.0,11103,100.35,11,100.345,27,nan,0,nan,0,nan,0,nan,0,nan,0,nan,0,nan,0,nan,0
1597988954621361920,1597988954500000000,2020-08-21 13:49:14.500000,100.35,100.375,100.32,100.33,nan,100.343,2608,5233913400.0,11103,100.35,10,100.345,27,nan,0,nan,0,nan,0,nan,0,nan,0,nan,0,nan,0,nan,0
1597988955139959040,1597988955000000000,2020-08-21 13:49:15.000000,100.35,100.375,100.32,100.33,nan,100.343,2608,5233913400.0,11103,100.35,15,100.345,27,nan,0,nan,0,nan,0,nan,0,nan,0,nan,0,nan,0,nan,0
1597988967624258048,1597988967500000000,2020-08-21 13:49:27.500000,100.35,100.375,100.32,100.33,nan,100.343,2608,5233913400.0,11103,100.35,15,100.345,27,nan,0,nan,0,nan,0,nan,0,nan,0,nan,0,nan,0,nan,0
1597988999154829056,1597988999000000000,2020-08-21 13:49:59.000000,100.35,100.375,100.32,100.33,nan,100.343,2609,5235920400.0,11104,100.35,14,100.345,27,nan,0,nan,0,nan,0,nan,0,nan,0,nan,0,nan,0,nan,0
1597988999647865088,1597988999500000000,2020-08-21 13:49:59.500000,100.35,100.375,100.32,100.33,nan,100.343,2609,5235920400.0,11104,100.35,14,100.345,27,nan,0,nan,0,nan,0,nan,0,nan,0,nan,0,nan,0,nan,0
1597989002150060032,1597989002000000000,2020-08-21 13:50:02.000000,100.35,100.375,100.32,100.33,nan,100.343,2609,5235920400.0,11104,100.35,14,100.345,27,nan,0,nan,0,nan,0,nan,0,nan,0,nan,0,nan,0,nan,0
1597989002643128064,1597989002500000000,2020-08-21 13:50:02.500000,100.35,100.375,100.32,100.33,nan,100.343,2609,5235920400.0,11104,100.35,14,100.345,27,nan,0,nan,0,nan,0,nan,0,nan,0,nan,0,nan,0,nan,0
1597989003171736064,1597989003000000000,2020-08-21 13:50:03.000000,100.35,100.375,100.32,100.33,nan,100.343,2609,5235920400.0,11104,100.35,14,100.345,27,nan,0,nan,0,nan,0,nan,0,nan,0,nan,0,nan,0,nan,0
1597989008041596928,1597989008000000000,2020-08-21 13:50:08.000000,100.35,100.375,100.32,100.33,nan,100.343,2609,5235920400.0,11104,100.35,14,100.345,27,nan,0,nan,0,nan,0,nan,0,nan,0,nan,0,nan,0,nan,0
1597989009039064064,1597989009000000000,2020-08-21 13:50:09.000000,100.35,100.375,100.32,100.33,nan,100.343,2609,5235920400.0,11104,100.35,14,100.345,27,nan,0,nan,0,nan,0,nan,0,nan,0,nan,0,nan,0,nan,0
1597989009537594880,1597989009500000000,2020-08-21 13:50:09.500000,100.35,100.375,100.32,100.33,nan,100.343,2609,5235920400.0,11104,100.35,15,100.345,27,nan,0,nan,0,nan,0,nan,0,nan,0,nan,0,nan,0,nan,0
1597989010043838976,1597989010000000000,2020-08-21 13:50:10.000000,100.35,100.375,100.32,100.33,nan,100.343,2609,5235920400.0,11104,100.35,15,100.345,27,nan,0,nan,0,nan,0,nan,0,nan,0,nan,0,nan,0,nan,0
1597989011542823936,1597989011500000000,2020-08-21 13:50:11.500000,100.35,100.375,100.32,100.33,nan,100.343,2609,5235920400.0,11104,100.35,15,100.345,27,nan,0,nan,0,nan,0,nan,0,nan,0,nan,0,nan,0,nan,0
1597989039559384064,1597989039500000000,2020-08-21 13:50:39.500000,100.35,100.375,100.32,100.33,nan,100.343,2609,5235920400.0,11104,100.35,45,100.345,27,nan,0,nan,0,nan,0,nan,0,nan,0,nan,0,nan,0,nan,0
1597989040059783936,1597989040000000000,2020-08-21 13:50:40.000000,100.35,100.375,100.32,100.33,nan,100.343,2609,5235920400.0,11104,100.35,55,100.345,27,nan,0,nan,0,nan,0,nan,0,nan,0,nan,0,nan,0,nan,0
1597989041056529920,1597989041000000000,2020-08-21 13:50:41.000000,100.35,100.375,100.32,100.33,nan,100.343,2609,5235920400.0,11104,100.35,85,100.345,27,nan,0,nan,0,nan,0,nan,0,nan,0,nan,0,nan,0,nan,0
1597989047556443904,1597989047500000000,2020-08-21 13:50:47.500000,100.35,100.375,100.32,100.33,nan,100.343,2610,5237927400.0,11105,100.35,84,100.345,27,nan,0,nan,0,nan,0,nan,0,nan,0,nan,0,nan,0,nan,0
1597989048068897024,1597989048000000000,2020-08-21 13:50:48.000000,100.35,100.375,100.32,100.33,nan,100.343,2610,5237927400.0,11105,100.35,24,100.345,27,nan,0,nan,0,nan,0,nan,0,nan,0,nan,0,nan,0,nan,0
1597989048563952896,1597989048500000000,2020-08-21 13:50:48.500000,100.35,100.375,100.32,100.33,nan,100.343,2610,5237927400.0,11105,100.35,14,100.345,27,nan,0,nan,0,nan,0,nan,0,nan,0,nan,0,nan,0,nan,0
1597989049071664896,1597989049000000000,2020-08-21 13:50:49.000000,100.35,100.375,100.32,100.33,nan,100.343,2610,5237927400.0,11105,100.35,14,100.345,27,nan,0,nan,0,nan,0,nan,0,nan,0,nan,0,nan,0,nan,0
1597989050067740928,1597989050000000000,2020-08-21 13:50:50.000000,100.35,100.375,100.32,100.33,nan,100.343,2610,5237927400.0,11105,100.35,14,100.345,27,nan,0,nan,0,nan,0,nan,0,nan,0,nan,0,nan,0,nan,0
1597989050568974080,1597989050500000000,2020-08-21 13:50:50.500000,100.35,100.375,100.32,100.33,nan,100.343,2610,5237927400.0,11105,100.35,14,100.345,27,nan,0,nan,0,nan,0,nan,0,nan,0,nan,0,nan,0,nan,0
1597989059068229120,1597989059000000000,2020-08-21 13:50:59.000000,100.35,100.375,100.32,100.33,nan,100.343,2623,5264018400.0,11118,100.355,64,100.35,1,nan,0,nan,0,nan,0,nan,0,nan,0,nan,0,nan,0,nan,0
1597989059568765952,1597989059500000000,2020-08-21 13:50:59.500000,100.35,100.375,100.32,100.33,nan,100.343,2623,5264018400.0,11118,100.355,32,100.35,4,nan,0,nan,0,nan,0,nan,0,nan,0,nan,0,nan,0,nan,0
1597989060065593088,1597989060000000000,2020-08-21 13:51:00.000000,100.35,100.375,100.32,100.33,nan,100.343,2623,5264018400.0,11118,100.355,23,100.35,9,nan,0,nan,0,nan,0,nan,0,nan,0,nan,0,nan,0,nan,0
1597989060575015936,1597989060500000000,2020-08-21 13:51:00.500000,100.35,100.375,100.32,100.33,nan,100.343,2623,5264018400.0,11118,100.355,23,100.35,9,nan,0,nan,0,nan,0,nan,0,nan,0,nan,0,nan,0,nan,0
1597989061578076928,1597989061500000000,2020-08-21 13:51:01.500000,100.35,100.375,100.32,100.33,nan,100.343,2623,5264018400.0,11118,100.355,13,100.35,9,nan,0,nan,0,nan,0,nan,0,nan,0,nan,0,nan,0,nan,0
1597989062068668928,1597989062000000000,2020-08-21 13:51:02.000000,100.35,100.375,100.32,100.33,nan,100.343,2623,5264018400.0,11118,100.355,12,100.35,9,nan,0,nan,0,nan,0,nan,0,nan,0,nan,0,nan,0,nan,0
1597989072592311040,1597989072500000000,2020-08-21 13:51:12.500000,100.35,100.375,100.32,100.33,nan,100.343,2623,5264018400.0,11118,100.355,12,100.35,19,nan,0,nan,0,nan,0,nan,0,nan,0,nan,0,nan,0,nan,0
1597989074574646016,1597989074500000000,2020-08-21 13:51:14.500000,100.35,100.375,100.32,100.33,nan,100.343,2623,5264018400.0,11118,100.355,12,100.35,19,nan,0,nan,0,nan,0,nan,0,nan,0,nan,0,nan,0,nan,0
1597989075593021952,1597989075500000000,2020-08-21 13:51:15.500000,100.35,100.375,100.32,100.33,nan,100.343,2623,5264018400.0,11118,100.355,12,100.35,19,nan,0,nan,0,nan,0,nan,0,nan,0,nan,0,nan,0,nan,0
1597989093084978944,1597989093000000000,2020-08-21 13:51:33.000000,100.355,100.375,100.32,100.33,nan,100.343,2624,5266025500.0,11118,100.355,11,100.35,19,nan,0,nan,0,nan,0,nan,0,nan,0,nan,0,nan,0,nan,0
1597989093580313088,1597989093500000000,2020-08-21 13:51:33.500000,100.355,100.375,100.32,100.33,nan,100.343,2624,5266025500.0,11118,100.355,9,100.35,23,nan,0,nan,0,nan,0,nan,0,nan,0,nan,0,nan,0,nan,0
1597989094084472064,1597989094000000000,2020-08-21 13:51:34.000000,100.355,100.375,100.32,100.33,nan,100.343,2624,5266025500.0,11118,100.355,9,100.35,23,nan,0,nan,0,nan,0,nan,0,nan,0,nan,0,nan,0,nan,0
1597989094610460928,1597989094500000000,2020-08-21 13:51:34.500000,100.355,100.375,100.32,100.33,nan,100.343,2624,5266025500.0,11118,100.355,9,100.35,23,nan,0,nan,0,nan,0,nan,0,nan,0,nan,0,nan,0,nan,0
1597989095083633920,1597989095000000000,2020-08-21 13:51:35.000000,100.355,100.375,100.32,100.33,nan,100.343,2624,5266025500.0,11118,100.355,9,100.35,23,nan,0,nan,0,nan,0,nan,0,nan,0,nan,0,nan,0,nan,0
1597989095599502080,1597989095500000000,2020-08-21 13:51:35.500000,100.355,100.375,100.32,100.33,nan,100.343,2624,5266025500.0,11118,100.355,9,100.35,23,nan,0,nan,0,nan,0,nan,0,nan,0,nan,0,nan,0,nan,0
1597989096089393920,1597989096000000000,2020-08-21 13:51:36.000000,100.355,100.375,100.32,100.33,nan,100.343,2624,5266025500.0,11118,100.355,9,100.35,23,nan,0,nan,0,nan,0,nan,0,nan,0,nan,0,nan,0,nan,0
1597989096584743936,1597989096500000000,2020-08-21 13:51:36.500000,100.355,100.375,100.32,100.33,nan,100.343,2624,5266025500.0,11118,100.355,9,100.35,23,nan,0,nan,0,nan,0,nan,0,nan,0,nan,0,nan,0,nan,0
1597989097080828928,1597989097000000000,2020-08-21 13:51:37.000000,100.355,100.375,100.32,100.33,nan,100.343,2624,5266025500.0,11118,100.355,9,100.35,23,nan,0,nan,0,nan,0,nan,0,nan,0,nan,0,nan,0,nan,0
1597989097587179008,1597989097500000000,2020-08-21 13:51:37.500000,100.355,100.375,100.32,100.33,nan,100.343,2624,5266025500.0,11118,100.355,9,100.35,23,nan,0,nan,0,nan,0,nan,0,nan,0,nan,0,nan,0,nan,0
1597989098074516992,1597989098000000000,2020-08-21 13:51:38.000000,100.355,100.375,100.32,100.33,nan,100.343,2624,5266025500.0,11118,100.355,9,100.35,23,nan,0,nan,0,nan,0,nan,0,nan,0,nan,0,nan,0,nan,0
1597989098608887040,1597989098500000000,2020-08-21 13:51:38.500000,100.355,100.375,100.32,100.33,nan,100.343,2624,5266025500.0,11118,100.355,9,100.35,23,nan,0,nan,0,nan,0,nan,0,nan,0,nan,0,nan,0,nan,0
1597989099086262016,1597989099000000000,2020-08-21 13:51:39.000000,100.355,100.375,100.32,100.33,nan,100.343,2624,5266025500.0,11118,100.355,9,100.35,23,nan,0,nan,0,nan,0,nan,0,nan,0,nan,0,nan,0,nan,0
1597989100087684096,1597989100000000000,2020-08-21 13:51:40.000000,100.355,100.375,100.32,100.33,nan,100.343,2624,5266025500.0,11118,100.355,19,100.35,23,nan,0,nan,0,nan,0,nan,0,nan,0,nan,0,nan,0,nan,0
1597989105583977984,1597989105500000000,2020-08-21 13:51:45.500000,100.355,100.375,100.32,100.33,nan,100.343,2624,5266025500.0,11118,100.355,19,100.35,23,nan,0,nan,0,nan,0,nan,0,nan,0,nan,0,nan,0,nan,0
1597989126609970944,1597989126500000000,2020-08-21 13:52:06.500000,100.355,100.375,100.32,100.33,nan,100.343,2624,5266025500.0,11118,100.355,20,100.35,23,nan,0,nan,0,nan,0,nan,0,nan,0,nan,0,nan,0,nan,0
1597989127102170880,1597989127000000000,2020-08-21 13:52:07.000000,100.355,100.375,100.32,100.33,nan,100.343,2624,5266025500.0,11118,100.355,19,100.35,23,nan,0,nan,0,nan,0,nan,0,nan,0,nan,0,nan,0,nan,0
1597989127596620032,1597989127500000000,2020-08-21 13:52:07.500000,100.355,100.375,100.32,100.33,nan,100.343,2624,5266025500.0,11118,100.355,19,100.35,23,nan,0,nan,0,nan,0,nan,0,nan,0,nan,0,nan,0,nan,0
1597989129198995968,1597989129000000000,2020-08-21 13:52:09.000000,100.355,100.375,100.32,100.33,nan,100.343,2624,5266025500.0,11118,100.355,19,100.35,23,nan,0,nan,0,nan,0,nan,0,nan,0,nan,0,nan,0,nan,0
1597989130112218880,1597989130000000000,2020-08-21 13:52:10.000000,100.355,100.375,100.32,100.33,nan,100.343,2624,5266025500.0,11118,100.355,19,100.35,23,nan,0,nan,0,nan,0,nan,0,nan,0,nan,0,nan,0,nan,0
1597989132101710080,1597989132000000000,2020-08-21 13:52:12.000000,100.355,100.375,100.32,100.33,nan,100.343,2624,5266025500.0,11118,100.355,19,100.35,23,nan,0,nan,0,nan,0,nan,0,nan,0,nan,0,nan,0,nan,0
1597989132602257920,1597989132500000000,2020-08-21 13:52:12.500000,100.355,100.375,100.32,100.33,nan,100.343,2624,5266025500.0,11118,100.355,19,100.35,23,nan,0,nan,0,nan,0,nan,0,nan,0,nan,0,nan,0,nan,0
1597989133113700096,1597989133000000000,2020-08-21 13:52:13.000000,100.355,100.375,100.32,100.33,nan,100.343,2624,5266025500.0,11118,100.355,19,100.35,23,nan,0,nan,0,nan,0,nan,0,nan,0,nan,0,nan,0,nan,0
1597989141115762944,1597989141000000000,2020-08-21 13:52:21.000000,100.355,100.375,100.32,100.33,nan,100.343,2625,5268032600.0,11119,100.355,18,100.35,23,nan,0,nan,0,nan,0,nan,0,nan,0,nan,0,nan,0,nan,0
1597989141622638080,1597989141500000000,2020-08-21 13:52:21.500000,100.355,100.375,100.32,100.33,nan,100.343,2625,5268032600.0,11119,100.355,18,100.35,24,nan,0,nan,0,nan,0,nan,0,nan,0,nan,0,nan,0,nan,0
1597989153634063872,1597989153500000000,2020-08-21 13:52:33.500000,100.355,100.375,100.32,100.33,nan,100.343,2625,5268032600.0,11119,100.355,18,100.35,27,nan,0,nan,0,nan,0,nan,0,nan,0,nan,0,nan,0,nan,0
1597989189549068032,1597989189500000000,2020-08-21 13:53:09.500000,100.355,100.375,100.32,100.33,nan,100.343,2626,5270039700.0,11120,100.355,17,100.35,27,nan,0,nan,0,nan,0,nan,0,nan,0,nan,0,nan,0,nan,0
1597989235553083904,1597989235500000000,2020-08-21 13:53:55.500000,100.355,100.375,100.32,100.33,nan,100.343,2627,5272046800.0,11121,100.355,16,100.35,27,nan,0,nan,0,nan,0,nan,0,nan,0,nan,0,nan,0,nan,0
1597989242563930112,1597989242500000000,2020-08-21 13:54:02.500000,100.355,100.375,100.32,100.33,nan,100.343,2627,5272046800.0,11121,100.355,18,100.35,27,nan,0,nan,0,nan,0,nan,0,nan,0,nan,0,nan,0,nan,0
1597989243069244928,1597989243000000000,2020-08-21 13:54:03.000000,100.35,100.375,100.32,100.33,nan,100.343,2629,5276060800.0,11120,100.355,18,100.35,26,nan,0,nan,0,nan,0,nan,0,nan,0,nan,0,nan,0,nan,0
1597989243570978048,1597989243500000000,2020-08-21 13:54:03.500000,100.35,100.375,100.32,100.33,nan,100.343,2629,5276060800.0,11120,100.355,20,100.35,23,nan,0,nan,0,nan,0,nan,0,nan,0,nan,0,nan,0,nan,0
1597989244066712064,1597989244000000000,2020-08-21 13:54:04.000000,100.35,100.375,100.32,100.33,nan,100.343,2629,5276060800.0,11120,100.355,21,100.35,23,nan,0,nan,0,nan,0,nan,0,nan,0,nan,0,nan,0,nan,0
1597989244568871936,1597989244500000000,2020-08-21 13:54:04.500000,100.35,100.375,100.32,100.33,nan,100.343,2629,5276060800.0,11120,100.355,21,100.35,23,nan,0,nan,0,nan,0,nan,0,nan,0,nan,0,nan,0,nan,0
1597989245070438912,1597989245000000000,2020-08-21 13:54:05.000000,100.35,100.375,100.32,100.33,nan,100.343,2629,5276060800.0,11120,100.355,21,100.35,23,nan,0,nan,0,nan,0,nan,0,nan,0,nan,0,nan,0,nan,0
1597989245577297920,1597989245500000000,2020-08-21 13:54:05.500000,100.35,100.375,100.32,100.33,nan,100.343,2629,5276060800.0,11120,100.355,21,100.35,23,nan,0,nan,0,nan,0,nan,0,nan,0,nan,0,nan,0,nan,0
1597989246084516096,1597989246000000000,2020-08-21 13:54:06.000000,100.35,100.375,100.32,100.33,nan,100.343,2629,5276060800.0,11120,100.355,21,100.35,23,nan,0,nan,0,nan,0,nan,0,nan,0,nan,0,nan,0,nan,0
1597989250080345088,1597989250000000000,2020-08-21 13:54:10.000000,100.35,100.375,100.32,100.33,nan,100.343,2629,5276060800.0,11120,100.355,21,100.35,23,nan,0,nan,0,nan,0,nan,0,nan,0,nan,0,nan,0,nan,0
1597989251101947904,1597989251000000000,2020-08-21 13:54:11.000000,100.35,100.375,100.32,100.33,nan,100.343,2629,5276060800.0,11120,100.355,21,100.35,23,nan,0,nan,0,nan,0,nan,0,nan,0,nan,0,nan,0,nan,0
1597989253103681024,1597989253000000000,2020-08-21 13:54:13.000000,100.35,100.375,100.32,100.33,nan,100.343,2629,5276060800.0,11120,100.355,51,100.35,23,nan,0,nan,0,nan,0,nan,0,nan,0,nan,0,nan,0,nan,0
1597989253603443968,1597989253500000000,2020-08-21 13:54:13.500000,100.35,100.375,100.32,100.33,nan,100.343,2629,5276060800.0,11120,100.355,61,100.35,23,nan,0,nan,0,nan,0,nan,0,nan,0,nan,0,nan,0,nan,0
1597989255081125120,1597989255000000000,2020-08-21 13:54:15.000000,100.35,100.375,100.32,100.33,nan,100.343,2629,5276060800.0,11120,100.355,59,100.35,23,nan,0,nan,0,nan,0,nan,0,nan,0,nan,0,nan,0,nan,0
1597989255586864128,1597989255500000000,2020-08-21 13:54:15.500000,100.35,100.375,100.32,100.33,nan,100.343,2629,5276060800.0,11120,100.355,90,100.35,23,nan,0,nan,0,nan,0,nan,0,nan,0,nan,0,nan,0,nan,0
1597989260108154880,1597989260000000000,2020-08-21 13:54:20.000000,100.355,100.375,100.32,100.33,nan,100.344,2636,5290110500.0,11126,100.355,83,100.35,23,nan,0,nan,0,nan,0,nan,0,nan,0,nan,0,nan,0,nan,0
1597989260591890944,1597989260500000000,2020-08-21 13:54:20.500000,100.355,100.375,100.32,100.33,nan,100.344,2637,5292117600.0,11125,100.355,20,100.35,26,nan,0,nan,0,nan,0,nan,0,nan,0,nan,0,nan,0,nan,0
1597989261122949120,1597989261000000000,2020-08-21 13:54:21.000000,100.355,100.375,100.32,100.33,nan,100.344,2637,5292117600.0,11125,100.355,11,100.35,27,nan,0,nan,0,nan,0,nan,0,nan,0,nan,0,nan,0,nan,0
1597989261581694976,1597989261500000000,2020-08-21 13:54:21.500000,100.355,100.375,100.32,100.33,nan,100.344,2637,5292117600.0,11125,100.355,13,100.35,27,nan,0,nan,0,nan,0,nan,0,nan,0,nan,0,nan,0,nan,0
1597989264585262080,1597989264500000000,2020-08-21 13:54:24.500000,100.355,100.375,100.32,100.33,nan,100.344,2637,5292117600.0,11125,100.355,13,100.35,27,nan,0,nan,0,nan,0,nan,0,nan,0,nan,0,nan,0,nan,0
1597989271097276928,1597989271000000000,2020-08-21 13:54:31.000000,100.355,100.375,100.32,100.33,nan,100.344,2638,5294124700.0,11125,100.355,12,100.35,27,nan,0,nan,0,nan,0,nan,0,nan,0,nan,0,nan,0,nan,0
1597989283098551040,1597989283000000000,2020-08-21 13:54:43.000000,100.355,100.375,100.32,100.33,nan,100.344,2639,5296131800.0,11125,100.355,11,100.35,27,nan,0,nan,0,nan,0,nan,0,nan,0,nan,0,nan,0,nan,0
1597989289636616960,1597989289500000000,2020-08-21 13:54:49.500000,100.355,100.375,100.32,100.33,nan,100.344,2639,5296131800.0,11125,100.355,11,100.35,27,nan,0,nan,0,nan,0,nan,0,nan,0,nan,0,nan,0,nan,0
1597989302607183872,1597989302500000000,2020-08-21 13:55:02.500000,100.355,100.375,100.32,100.33,nan,100.344,2639,5296131800.0,11125,100.355,11,100.35,27,nan,0,nan,0,nan,0,nan,0,nan,0,nan,0,nan,0,nan,0
1597989307149628928,1597989307000000000,2020-08-21 13:55:07.000000,100.355,100.375,100.32,100.33,nan,100.344,2639,5296131800.0,11125,100.355,11,100.35,37,nan,0,nan,0,nan,0,nan,0,nan,0,nan,0,nan,0,nan,0
1597989322615827968,1597989322500000000,2020-08-21 13:55:22.500000,100.355,100.375,100.32,100.33,nan,100.344,2639,5296131800.0,11125,100.355,11,100.35,37,nan,0,nan,0,nan,0,nan,0,nan,0,nan,0,nan,0,nan,0
1597989327138311936,1597989327000000000,2020-08-21 13:55:27.000000,100.355,100.375,100.32,100.33,nan,100.344,2639,5296131800.0,11125,100.355,11,100.35,37,nan,0,nan,0,nan,0,nan,0,nan,0,nan,0,nan,0,nan,0
1597989327619045888,1597989327500000000,2020-08-21 13:55:27.500000,100.355,100.375,100.32,100.33,nan,100.344,2639,5296131800.0,11125,100.355,10,100.35,37,nan,0,nan,0,nan,0,nan,0,nan,0,nan,0,nan,0,nan,0
1597989329138574080,1597989329000000000,2020-08-21 13:55:29.000000,100.355,100.375,100.32,100.33,nan,100.344,2640,5298138900.0,11125,100.355,9,100.35,37,nan,0,nan,0,nan,0,nan,0,nan,0,nan,0,nan,0,nan,0
1597989329618132992,1597989329500000000,2020-08-21 13:55:29.500000,100.355,100.375,100.32,100.33,nan,100.344,2640,5298138900.0,11125,100.355,9,100.35,37,nan,0,nan,0,nan,0,nan,0,nan,0,nan,0,nan,0,nan,0
1597989334116395008,1597989334000000000,2020-08-21 13:55:34.000000,100.355,100.375,100.32,100.33,nan,100.344,2640,5298138900.0,11125,100.355,9,100.35,37,nan,0,nan,0,nan,0,nan,0,nan,0,nan,0,nan,0,nan,0
1597989335128615936,1597989335000000000,2020-08-21 13:55:35.000000,100.355,100.375,100.32,100.33,nan,100.344,2640,5298138900.0,11125,100.355,34,100.35,37,nan,0,nan,0,nan,0,nan,0,nan,0,nan,0,nan,0,nan,0
1597989348121916928,1597989348000000000,2020-08-21 13:55:48.000000,100.355,100.375,100.32,100.33,nan,100.344,2640,5298138900.0,11125,100.355,35,100.35,37,nan,0,nan,0,nan,0,nan,0,nan,0,nan,0,nan,0,nan,0
1597989353121489920,1597989353000000000,2020-08-21 13:55:53.000000,100.35,100.375,100.32,100.33,nan,100.344,2641,5300145900.0,11125,100.355,34,100.35,36,nan,0,nan,0,nan,0,nan,0,nan,0,nan,0,nan,0,nan,0
1597989353621796096,1597989353500000000,2020-08-21 13:55:53.500000,100.35,100.375,100.32,100.33,nan,100.344,2641,5300145900.0,11125,100.355,36,100.35,33,nan,0,nan,0,nan,0,nan,0,nan,0,nan,0,nan,0,nan,0
1597989354131939072,1597989354000000000,2020-08-21 13:55:54.000000,100.35,100.375,100.32,100.33,nan,100.344,2641,5300145900.0,11125,100.355,36,100.35,33,nan,0,nan,0,nan,0,nan,0,nan,0,nan,0,nan,0,nan,0
1597989361638191104,1597989361500000000,2020-08-21 13:56:01.500000,100.35,100.375,100.32,100.33,nan,100.344,2642,5302152900.0,11124,100.355,36,100.35,32,nan,0,nan,0,nan,0,nan,0,nan,0,nan,0,nan,0,nan,0
1597989363139322112,1597989363000000000,2020-08-21 13:56:03.000000,100.35,100.375,100.32,100.33,nan,100.344,2642,5302152900.0,11124,100.355,36,100.35,33,nan,0,nan,0,nan,0,nan,0,nan,0,nan,0,nan,0,nan,0
1597989370658754048,1597989370500000000,2020-08-21 13:56:10.500000,100.35,100.375,100.32,100.33,nan,100.344,2642,5302152900.0,11124,100.355,36,100.35,33,nan,0,nan,0,nan,0,nan,0,nan,0,nan,0,nan,0,nan,0
1597989371138267904,1597989371000000000,2020-08-21 13:56:11.000000,100.35,100.375,100.32,100.33,nan,100.344,2642,5302152900.0,11124,100.355,36,100.35,33,nan,0,nan,0,nan,0,nan,0,nan,0,nan,0,nan,0,nan,0
1597989371630424064,1597989371500000000,2020-08-21 13:56:11.500000,100.35,100.375,100.32,100.33,nan,100.344,2642,5302152900.0,11124,100.355,36,100.35,33,nan,0,nan,0,nan,0,nan,0,nan,0,nan,0,nan,0,nan,0
1597989377158196992,1597989377000000000,2020-08-21 13:56:17.000000,100.355,100.375,100.32,100.33,nan,100.344,2643,5304160000.0,11124,100.355,35,100.35,33,nan,0,nan,0,nan,0,nan,0,nan,0,nan,0,nan,0,nan,0
1597989377641255936,1597989377500000000,2020-08-21 13:56:17.500000,100.355,100.375,100.32,100.33,nan,100.344,2643,5304160000.0,11124,100.355,32,100.35,35,nan,0,nan,0,nan,0,nan,0,nan,0,nan,0,nan,0,nan,0
1597989378159347968,1597989378000000000,2020-08-21 13:56:18.000000,100.355,100.375,100.32,100.33,nan,100.344,2643,5304160000.0,11124,100.355,32,100.35,36,nan,0,nan,0,nan,0,nan,0,nan,0,nan,0,nan,0,nan,0
1597989378648518912,1597989378500000000,2020-08-21 13:56:18.500000,100.355,100.375,100.32,100.33,nan,100.344,2643,5304160000.0,11124,100.355,32,100.35,36,nan,0,nan,0,nan,0,nan,0,nan,0,nan,0,nan,0,nan,0
1597989379537636096,1597989379500000000,2020-08-21 13:56:19.500000,100.355,100.375,100.32,100.33,nan,100.344,2643,5304160000.0,11124,100.355,32,100.35,36,nan,0,nan,0,nan,0,nan,0,nan,0,nan,0,nan,0,nan,0
1597989383031656960,1597989383000000000,2020-08-21 13:56:23.000000,100.355,100.375,100.32,100.33,nan,100.344,2643,5304160000.0,11124,100.355,32,100.35,36,nan,0,nan,0,nan,0,nan,0,nan,0,nan,0,nan,0,nan,0
1597989383542464000,1597989383500000000,2020-08-21 13:56:23.500000,100.355,100.375,100.32,100.33,nan,100.344,2643,5304160000.0,11124,100.355,32,100.35,36,nan,0,nan,0,nan,0,nan,0,nan,0,nan,0,nan,0,nan,0
1597989384035923968,1597989384000000000,2020-08-21 13:56:24.000000,100.355,100.375,100.32,100.33,nan,100.344,2643,5304160000.0,11124,100.355,32,100.35,36,nan,0,nan,0,nan,0,nan,0,nan,0,nan,0,nan,0,nan,0
1597989387554383872,1597989387500000000,2020-08-21 13:56:27.500000,100.35,100.375,100.32,100.33,nan,100.344,2644,5306167000.0,11124,100.355,33,100.35,35,nan,0,nan,0,nan,0,nan,0,nan,0,nan,0,nan,0,nan,0
1597989388037945088,1597989388000000000,2020-08-21 13:56:28.000000,100.35,100.375,100.32,100.33,nan,100.344,2645,5308174000.0,11124,100.355,37,100.35,31,nan,0,nan,0,nan,0,nan,0,nan,0,nan,0,nan,0,nan,0
1597989388562359040,1597989388500000000,2020-08-21 13:56:28.500000,100.35,100.375,100.32,100.33,nan,100.344,2647,5312188000.0,11124,100.355,35,100.35,29,nan,0,nan,0,nan,0,nan,0,nan,0,nan,0,nan,0,nan,0
1597989389549775872,1597989389500000000,2020-08-21 13:56:29.500000,100.355,100.375,100.32,100.33,nan,100.344,2651,5320216400.0,11124,100.355,31,100.35,29,nan,0,nan,0,nan,0,nan,0,nan,0,nan,0,nan,0,nan,0
1597989390037584896,1597989390000000000,2020-08-21 13:56:30.000000,100.355,100.375,100.32,100.33,nan,100.344,2651,5320216400.0,11124,100.355,28,100.35,36,nan,0,nan,0,nan,0,nan,0,nan,0,nan,0,nan,0,nan,0
1597989390543764992,1597989390500000000,2020-08-21 13:56:30.500000,100.355,100.375,100.32,100.33,nan,100.344,2651,5320216400.0,11124,100.355,28,100.35,37,nan,0,nan,0,nan,0,nan,0,nan,0,nan,0,nan,0,nan,0
1597989395045509888,1597989395000000000,2020-08-21 13:56:35.000000,100.355,100.375,100.32,100.33,nan,100.344,2651,5320216400.0,11124,100.355,28,100.35,37,nan,0,nan,0,nan,0,nan,0,nan,0,nan,0,nan,0,nan,0
1597989395548409088,1597989395500000000,2020-08-21 13:56:35.500000,100.355,100.375,100.32,100.33,nan,100.344,2651,5320216400.0,11124,100.355,28,100.35,37,nan,0,nan,0,nan,0,nan,0,nan,0,nan,0,nan,0,nan,0
1597989396045910016,1597989396000000000,2020-08-21 13:56:36.000000,100.355,100.375,100.32,100.33,nan,100.344,2651,5320216400.0,11124,100.355,28,100.35,37,nan,0,nan,0,nan,0,nan,0,nan,0,nan,0,nan,0,nan,0
1597989406555344896,1597989406500000000,2020-08-21 13:56:46.500000,100.355,100.375,100.32,100.33,nan,100.344,2651,5320216400.0,11124,100.355,28,100.35,37,nan,0,nan,0,nan,0,nan,0,nan,0,nan,0,nan,0,nan,0
1597989407053102080,1597989407000000000,2020-08-21 13:56:47.000000,100.355,100.375,100.32,100.33,nan,100.344,2651,5320216400.0,11124,100.355,28,100.35,37,nan,0,nan,0,nan,0,nan,0,nan,0,nan,0,nan,0,nan,0
1597989407546691072,1597989407500000000,2020-08-21 13:56:47.500000,100.355,100.375,100.32,100.33,nan,100.344,2651,5320216400.0,11124,100.355,28,100.35,37,nan,0,nan,0,nan,0,nan,0,nan,0,nan,0,nan,0,nan,0
1597989408043058944,1597989408000000000,2020-08-21 13:56:48.000000,100.355,100.375,100.32,100.33,nan,100.344,2651,5320216400.0,11124,100.355,28,100.35,37,nan,0,nan,0,nan,0,nan,0,nan,0,nan,0,nan,0,nan,0
1597989413048115968,1597989413000000000,2020-08-21 13:56:53.000000,100.355,100.375,100.32,100.33,nan,100.344,2651,5320216400.0,11124,100.355,58,100.35,37,nan,0,nan,0,nan,0,nan,0,nan,0,nan,0,nan,0,nan,0
1597989413552120064,1597989413500000000,2020-08-21 13:56:53.500000,100.355,100.375,100.32,100.33,nan,100.344,2651,5320216400.0,11124,100.355,68,100.35,37,nan,0,nan,0,nan,0,nan,0,nan,0,nan,0,nan,0,nan,0
1597989414550682112,1597989414500000000,2020-08-21 13:56:54.500000,100.355,100.375,100.32,100.33,nan,100.344,2651,5320216400.0,11124,100.355,98,100.35,37,nan,0,nan,0,nan,0,nan,0,nan,0,nan,0,nan,0,nan,0
1597989419052604928,1597989419000000000,2020-08-21 13:56:59.000000,100.355,100.375,100.32,100.33,nan,100.344,2651,5320216400.0,11124,100.355,98,100.35,37,nan,0,nan,0,nan,0,nan,0,nan,0,nan,0,nan,0,nan,0
1597989419557711104,1597989419500000000,2020-08-21 13:56:59.500000,100.355,100.375,100.32,100.33,nan,100.344,2651,5320216400.0,11124,100.355,98,100.35,37,nan,0,nan,0,nan,0,nan,0,nan,0,nan,0,nan,0,nan,0
1597989420050180096,1597989420000000000,2020-08-21 13:57:00.000000,100.355,100.375,100.32,100.33,nan,100.344,2651,5320216400.0,11124,100.355,98,100.35,37,nan,0,nan,0,nan,0,nan,0,nan,0,nan,0,nan,0,nan,0
1597989422075657984,1597989422000000000,2020-08-21 13:57:02.000000,100.355,100.375,100.32,100.33,nan,100.344,2651,5320216400.0,11124,100.355,68,100.35,37,nan,0,nan,0,nan,0,nan,0,nan,0,nan,0,nan,0,nan,0
1597989422556285952,1597989422500000000,2020-08-21 13:57:02.500000,100.355,100.375,100.32,100.33,nan,100.344,2651,5320216400.0,11124,100.355,38,100.35,37,nan,0,nan,0,nan,0,nan,0,nan,0,nan,0,nan,0,nan,0
1597989423056482048,1597989423000000000,2020-08-21 13:57:03.000000,100.355,100.375,100.32,100.33,nan,100.344,2651,5320216400.0,11124,100.355,28,100.35,37,nan,0,nan,0,nan,0,nan,0,nan,0,nan,0,nan,0,nan,0
1597989423555610880,1597989423500000000,2020-08-21 13:57:03.500000,100.355,100.375,100.32,100.33,nan,100.344,2653,5324230600.0,11125,100.355,27,100.35,37,nan,0,nan,0,nan,0,nan,0,nan,0,nan,0,nan,0,nan,0
1597989425681641984,1597989425500000000,2020-08-21 13:57:05.500000,100.355,100.375,100.32,100.33,nan,100.344,2653,5324230600.0,11125,100.355,28,100.35,37,nan,0,nan,0,nan,0,nan,0,nan,0,nan,0,nan,0,nan,0
1597989431073826048,1597989431000000000,2020-08-21 13:57:11.000000,100.355,100.375,100.32,100.33,nan,100.344,2653,5324230600.0,11125,100.355,28,100.35,37,nan,0,nan,0,nan,0,nan,0,nan,0,nan,0,nan,0,nan,0
1597989431570705920,1597989431500000000,2020-08-21 13:57:11.500000,100.355,100.375,100.32,100.33,nan,100.344,2653,5324230600.0,11125,100.355,28,100.35,37,nan,0,nan,0,nan,0,nan,0,nan,0,nan,0,nan,0,nan,0
1597989432072163072,1597989432000000000,2020-08-21 13:57:12.000000,100.355,100.375,100.32,100.33,nan,100.344,2653,5324230600.0,11125,100.355,28,100.35,37,nan,0,nan,0,nan,0,nan,0,nan,0,nan,0,nan,0,nan,0
1597989443065692928,1597989443000000000,2020-08-21 13:57:23.000000,100.355,100.375,100.32,100.33,nan,100.344,2653,5324230600.0,11125,100.355,28,100.35,37,nan,0,nan,0,nan,0,nan,0,nan,0,nan,0,nan,0,nan,0
1597989443573630976,1597989443500000000,2020-08-21 13:57:23.500000,100.355,100.375,100.32,100.33,nan,100.344,2653,5324230600.0,11125,100.355,28,100.35,37,nan,0,nan,0,nan,0,nan,0,nan,0,nan,0,nan,0,nan,0
1597989444070259968,1597989444000000000,2020-08-21 13:57:24.000000,100.355,100.375,100.32,100.33,nan,100.344,2653,5324230600.0,11125,100.355,28,100.35,37,nan,0,nan,0,nan,0,nan,0,nan,0,nan,0,nan,0,nan,0
1597989451080609024,1597989451000000000,2020-08-21 13:57:31.000000,100.35,100.375,100.32,100.33,nan,100.344,2655,5328244600.0,11123,100.355,28,100.35,35,nan,0,nan,0,nan,0,nan,0,nan,0,nan,0,nan,0,nan,0
1597989451593969920,1597989451500000000,2020-08-21 13:57:31.500000,100.35,100.375,100.32,100.33,nan,100.344,2655,5328244600.0,11123,100.355,30,100.35,32,nan,0,nan,0,nan,0,nan,0,nan,0,nan,0,nan,0,nan,0
1597989452094629888,1597989452000000000,2020-08-21 13:57:32.000000,100.35,100.375,100.32,100.33,nan,100.344,2655,5328244600.0,11123,100.355,31,100.35,32,nan,0,nan,0,nan,0,nan,0,nan,0,nan,0,nan,0,nan,0
1597989455133722112,1597989455000000000,2020-08-21 13:57:35.000000,100.35,100.375,100.32,100.33,nan,100.344,2655,5328244600.0,11123,100.355,31,100.35,32,nan,0,nan,0,nan,0,nan,0,nan,0,nan,0,nan,0,nan,0
1597989455589682944,1597989455500000000,2020-08-21 13:57:35.500000,100.35,100.375,100.32,100.33,nan,100.344,2655,5328244600.0,11123,100.355,31,100.35,32,nan,0,nan,0,nan,0,nan,0,nan,0,nan,0,nan,0,nan,0
1597989462080560128,1597989462000000000,2020-08-21 13:57:42.000000,100.35,100.375,100.32,100.33,nan,100.344,2655,5328244600.0,11123,100.355,31,100.35,32,nan,0,nan,0,nan,0,nan,0,nan,0,nan,0,nan,0,nan,0
1597989464584645120,1597989464500000000,2020-08-21 13:57:44.500000,100.35,100.375,100.32,100.33,nan,100.344,2655,5328244600.0,11123,100.355,32,100.35,32,nan,0,nan,0,nan,0,nan,0,nan,0,nan,0,nan,0,nan,0
1597989467096552960,1597989467000000000,2020-08-21 13:57:47.000000,100.35,100.375,100.32,100.33,nan,100.344,2655,5328244600.0,11123,100.355,32,100.35,32,nan,0,nan,0,nan,0,nan,0,nan,0,nan,0,nan,0,nan,0
1597989467594935040,1597989467500000000,2020-08-21 13:57:47.500000,100.35,100.375,100.32,100.33,nan,100.344,2655,5328244600.0,11123,100.355,32,100.35,32,nan,0,nan,0,nan,0,nan,0,nan,0,nan,0,nan,0,nan,0
1597989468599822080,1597989468500000000,2020-08-21 13:57:48.500000,100.35,100.375,100.32,100.33,nan,100.344,2655,5328244600.0,11123,100.355,32,100.35,32,nan,0,nan,0,nan,0,nan,0,nan,0,nan,0,nan,0,nan,0
1597989471095622912,1597989471000000000,2020-08-21 13:57:51.000000,100.355,100.375,100.32,100.33,nan,100.344,2656,5330251700.0,11123,100.355,31,100.35,32,nan,0,nan,0,nan,0,nan,0,nan,0,nan,0,nan,0,nan,0
1597989471600446976,1597989471500000000,2020-08-21 13:57:51.500000,100.35,100.375,100.32,100.33,nan,100.344,2659,5336272700.0,11123,100.355,28,100.35,31,nan,0,nan,0,nan,0,nan,0,nan,0,nan,0,nan,0,nan,0
1597989472087542016,1597989472000000000,2020-08-21 13:57:52.000000,100.35,100.375,100.32,100.33,nan,100.344,2659,5336272700.0,11123,100.355,31,100.35,29,nan,0,nan,0,nan,0,nan,0,nan,0,nan,0,nan,0,nan,0
1597989472591011072,1597989472500000000,2020-08-21 13:57:52.500000,100.35,100.375,100.32,100.33,nan,100.344,2660,5338279700.0,11122,100.355,30,100.35,28,nan,0,nan,0,nan,0,nan,0,nan,0,nan,0,nan,0,nan,0
1597989473592221952,1597989473500000000,2020-08-21 13:57:53.500000,100.35,100.375,100.32,100.33,nan,100.344,2660,5338279700.0,11122,100.355,60,100.35,28,nan,0,nan,0,nan,0,nan,0,nan,0,nan,0,nan,0,nan,0
1597989474111748096,1597989474000000000,2020-08-21 13:57:54.000000,100.35,100.375,100.32,100.33,nan,100.344,2662,5342293700.0,11122,100.355,100,100.35,26,nan,0,nan,0,nan,0,nan,0,nan,0,nan,0,nan,0,nan,0
1597989474594373888,1597989474500000000,2020-08-21 13:57:54.500000,100.35,100.375,100.32,100.33,nan,100.344,2684,5386447700.0,11106,100.355,102,100.35,5,nan,0,nan,0,nan,0,nan,0,nan,0,nan,0,nan,0,nan,0
1597989475110952960,1597989475000000000,2020-08-21 13:57:55.000000,100.35,100.375,100.32,100.33,nan,100.344,2689,5396482700.0,11101,100.35,4,100.345,78,nan,0,nan,0,nan,0,nan,0,nan,0,nan,0,nan,0,nan,0
1597989475595769088,1597989475500000000,2020-08-21 13:57:55.500000,100.35,100.375,100.32,100.33,nan,100.344,2689,5396482700.0,11101,100.35,6,100.345,35,nan,0,nan,0,nan,0,nan,0,nan,0,nan,0,nan,0,nan,0
1597989476092221952,1597989476000000000,2020-08-21 13:57:56.000000,100.35,100.375,100.32,100.33,nan,100.344,2689,5396482700.0,11101,100.35,6,100.345,25,nan,0,nan,0,nan,0,nan,0,nan,0,nan,0,nan,0,nan,0
1597989476604547072,1597989476500000000,2020-08-21 13:57:56.500000,100.35,100.375,100.32,100.33,nan,100.344,2689,5396482700.0,11101,100.35,6,100.345,25,nan,0,nan,0,nan,0,nan,0,nan,0,nan,0,nan,0,nan,0
1597989477121127936,1597989477000000000,2020-08-21 13:57:57.000000,100.35,100.375,100.32,100.33,nan,100.344,2689,5396482700.0,11101,100.35,6,100.345,26,nan,0,nan,0,nan,0,nan,0,nan,0,nan,0,nan,0,nan,0
1597989477613112064,1597989477500000000,2020-08-21 13:57:57.500000,100.35,100.375,100.32,100.33,nan,100.344,2689,5396482700.0,11101,100.35,6,100.345,16,nan,0,nan,0,nan,0,nan,0,nan,0,nan,0,nan,0,nan,0
1597989478104771072,1597989478000000000,2020-08-21 13:57:58.000000,100.35,100.375,100.32,100.33,nan,100.344,2689,5396482700.0,11101,100.35,6,100.345,16,nan,0,nan,0,nan,0,nan,0,nan,0,nan,0,nan,0,nan,0
1597989479106615040,1597989479000000000,2020-08-21 13:57:59.000000,100.35,100.375,100.32,100.33,nan,100.344,2689,5396482700.0,11101,100.35,6,100.345,16,nan,0,nan,0,nan,0,nan,0,nan,0,nan,0,nan,0,nan,0
1597989479595371008,1597989479500000000,2020-08-21 13:57:59.500000,100.35,100.375,100.32,100.33,nan,100.344,2689,5396482700.0,11101,100.35,6,100.345,16,nan,0,nan,0,nan,0,nan,0,nan,0,nan,0,nan,0,nan,0
1597989486102073088,1597989486000000000,2020-08-21 13:58:06.000000,100.35,100.375,100.32,100.33,nan,100.344,2689,5396482700.0,11101,100.35,6,100.345,16,nan,0,nan,0,nan,0,nan,0,nan,0,nan,0,nan,0,nan,0
1597989486610888960,1597989486500000000,2020-08-21 13:58:06.500000,100.35,100.375,100.32,100.33,nan,100.344,2689,5396482700.0,11101,100.35,6,100.345,26,nan,0,nan,0,nan,0,nan,0,nan,0,nan,0,nan,0,nan,0
1597989487121102080,1597989487000000000,2020-08-21 13:58:07.000000,100.35,100.375,100.32,100.33,nan,100.344,2689,5396482700.0,11101,100.35,6,100.345,26,nan,0,nan,0,nan,0,nan,0,nan,0,nan,0,nan,0,nan,0
1597989488115173120,1597989488000000000,2020-08-21 13:58:08.000000,100.35,100.375,100.32,100.33,nan,100.344,2689,5396482700.0,11101,100.35,4,100.345,26,nan,0,nan,0,nan,0,nan,0,nan,0,nan,0,nan,0,nan,0
1597989491109136896,1597989491000000000,2020-08-21 13:58:11.000000,100.35,100.375,100.32,100.33,nan,100.344,2689,5396482700.0,11101,100.35,4,100.345,26,nan,0,nan,0,nan,0,nan,0,nan,0,nan,0,nan,0,nan,0
1597989491602552064,1597989491500000000,2020-08-21 13:58:11.500000,100.35,100.375,100.32,100.33,nan,100.344,2689,5396482700.0,11101,100.35,4,100.345,26,nan,0,nan,0,nan,0,nan,0,nan,0,nan,0,nan,0,nan,0
1597989503116477952,1597989503000000000,2020-08-21 13:58:23.000000,100.35,100.375,100.32,100.33,nan,100.344,2689,5396482700.0,11101,100.35,4,100.345,26,nan,0,nan,0,nan,0,nan,0,nan,0,nan,0,nan,0,nan,0
1597989503622468096,1597989503500000000,2020-08-21 13:58:23.500000,100.35,100.375,100.32,100.33,nan,100.344,2689,5396482700.0,11101,100.35,4,100.345,26,nan,0,nan,0,nan,0,nan,0,nan,0,nan,0,nan,0,nan,0
1597989515135830016,1597989515000000000,2020-08-21 13:58:35.000000,100.35,100.375,100.32,100.33,nan,100.344,2689,5396482700.0,11101,100.35,4,100.345,26,nan,0,nan,0,nan,0,nan,0,nan,0,nan,0,nan,0,nan,0
1597989515663022080,1597989515500000000,2020-08-21 13:58:35.500000,100.35,100.375,100.32,100.33,nan,100.344,2689,5396482700.0,11101,100.35,4,100.345,26,nan,0,nan,0,nan,0,nan,0,nan,0,nan,0,nan,0,nan,0
1597989519122493952,1597989519000000000,2020-08-21 13:58:39.000000,100.35,100.375,100.32,100.33,nan,100.344,2690,5398489700.0,11102,100.35,3,100.345,26,nan,0,nan,0,nan,0,nan,0,nan,0,nan,0,nan,0,nan,0
1597989519614376960,1597989519500000000,2020-08-21 13:58:39.500000,100.35,100.375,100.32,100.33,nan,100.344,2690,5398489700.0,11102,100.35,4,100.345,27,nan,0,nan,0,nan,0,nan,0,nan,0,nan,0,nan,0,nan,0
1597989527106724096,1597989527000000000,2020-08-21 13:58:47.000000,100.35,100.375,100.32,100.33,nan,100.344,2690,5398489700.0,11102,100.35,4,100.345,27,nan,0,nan,0,nan,0,nan,0,nan,0,nan,0,nan,0,nan,0
1597989527618100992,1597989527500000000,2020-08-21 13:58:47.500000,100.35,100.375,100.32,100.33,nan,100.344,2690,5398489700.0,11102,100.35,4,100.345,27,nan,0,nan,0,nan,0,nan,0,nan,0,nan,0,nan,0,nan,0
1597989538625187072,1597989538500000000,2020-08-21 13:58:58.500000,100.35,100.375,100.32,100.33,nan,100.344,2690,5398489700.0,11102,100.35,4,100.345,27,nan,0,nan,0,nan,0,nan,0,nan,0,nan,0,nan,0,nan,0
1597989539120576000,1597989539000000000,2020-08-21 13:58:59.000000,100.35,100.375,100.32,100.33,nan,100.344,2690,5398489700.0,11102,100.35,4,100.345,27,nan,0,nan,0,nan,0,nan,0,nan,0,nan,0,nan,0,nan,0
1597989539626870016,1597989539500000000,2020-08-21 13:58:59.500000,100.35,100.375,100.32,100.33,nan,100.344,2690,5398489700.0,11102,100.35,4,100.345,27,nan,0,nan,0,nan,0,nan,0,nan,0,nan,0,nan,0,nan,0
1597989544634785024,1597989544500000000,2020-08-21 13:59:04.500000,100.35,100.375,100.32,100.33,nan,100.344,2690,5398489700.0,11102,100.35,29,100.345,27,nan,0,nan,0,nan,0,nan,0,nan,0,nan,0,nan,0,nan,0
1597989550631375104,1597989550500000000,2020-08-21 13:59:10.500000,100.35,100.375,100.32,100.33,nan,100.344,2690,5398489700.0,11102,100.35,29,100.345,27,nan,0,nan,0,nan,0,nan,0,nan,0,nan,0,nan,0,nan,0
1597989551124837888,1597989551000000000,2020-08-21 13:59:11.000000,100.35,100.375,100.32,100.33,nan,100.344,2690,5398489700.0,11102,100.35,29,100.345,27,nan,0,nan,0,nan,0,nan,0,nan,0,nan,0,nan,0,nan,0
1597989551627128064,1597989551500000000,2020-08-21 13:59:11.500000,100.35,100.375,100.32,100.33,nan,100.344,2690,5398489700.0,11102,100.35,29,100.345,27,nan,0,nan,0,nan,0,nan,0,nan,0,nan,0,nan,0,nan,0
1597989563131962880,1597989563000000000,2020-08-21 13:59:23.000000,100.35,100.375,100.32,100.33,nan,100.344,2690,5398489700.0,11102,100.35,29,100.345,27,nan,0,nan,0,nan,0,nan,0,nan,0,nan,0,nan,0,nan,0
1597989563628480000,1597989563500000000,2020-08-21 13:59:23.500000,100.35,100.375,100.32,100.33,nan,100.344,2690,5398489700.0,11102,100.35,29,100.345,27,nan,0,nan,0,nan,0,nan,0,nan,0,nan,0,nan,0,nan,0
1597989565126872064,1597989565000000000,2020-08-21 13:59:25.000000,100.35,100.375,100.32,100.33,nan,100.344,2691,5400496700.0,11103,100.35,28,100.345,27,nan,0,nan,0,nan,0,nan,0,nan,0,nan,0,nan,0,nan,0
1597989565626749952,1597989565500000000,2020-08-21 13:59:25.500000,100.35,100.375,100.32,100.33,nan,100.344,2692,5402503700.0,11103,100.35,29,100.345,27,nan,0,nan,0,nan,0,nan,0,nan,0,nan,0,nan,0,nan,0
1597989566138992128,1597989566000000000,2020-08-21 13:59:26.000000,100.35,100.375,100.32,100.33,nan,100.344,2692,5402503700.0,11103,100.35,29,100.345,27,nan,0,nan,0,nan,0,nan,0,nan,0,nan,0,nan,0,nan,0
1597989574642406912,1597989574500000000,2020-08-21 13:59:34.500000,100.35,100.375,100.32,100.33,nan,100.344,2692,5402503700.0,11103,100.35,29,100.345,27,nan,0,nan,0,nan,0,nan,0,nan,0,nan,0,nan,0,nan,0
1597989575156705024,1597989575000000000,2020-08-21 13:59:35.000000,100.35,100.375,100.32,100.33,nan,100.344,2692,5402503700.0,11103,100.35,29,100.345,27,nan,0,nan,0,nan,0,nan,0,nan,0,nan,0,nan,0,nan,0
1597989575642204928,1597989575500000000,2020-08-21 13:59:35.500000,100.35,100.375,100.32,100.33,nan,100.344,2692,5402503700.0,11103,100.35,29,100.345,27,nan,0,nan,0,nan,0,nan,0,nan,0,nan,0,nan,0,nan,0
1597989587058982912,1597989587000000000,2020-08-21 13:59:47.000000,100.35,100.375,100.32,100.33,nan,100.344,2692,5402503700.0,11103,100.35,29,100.345,27,nan,0,nan,0,nan,0,nan,0,nan,0,nan,0,nan,0,nan,0
1597989587563729920,1597989587500000000,2020-08-21 13:59:47.500000,100.35,100.375,100.32,100.33,nan,100.344,2692,5402503700.0,11103,100.35,29,100.345,27,nan,0,nan,0,nan,0,nan,0,nan,0,nan,0,nan,0,nan,0
1597989588050964992,1597989588000000000,2020-08-21 13:59:48.000000,100.35,100.375,100.32,100.33,nan,100.344,2692,5402503700.0,11103,100.35,29,100.345,27,nan,0,nan,0,nan,0,nan,0,nan,0,nan,0,nan,0,nan,0
1597989599058950912,1597989599000000000,2020-08-21 13:59:59.000000,100.35,100.375,100.32,100.33,nan,100.344,2692,5402503700.0,11103,100.35,29,100.345,27,nan,0,nan,0,nan,0,nan,0,nan,0,nan,0,nan,0,nan,0
1597989599558872064,1597989599500000000,2020-08-21 13:59:59.500000,100.35,100.375,100.32,100.33,nan,100.344,2692,5402503700.0,11103,100.35,29,100.345,27,nan,0,nan,0,nan,0,nan,0,nan,0,nan,0,nan,0,nan,0
1597989600062309888,1597989600000000000,2020-08-21 14:00:00.000000,100.35,100.375,100.32,100.33,nan,100.344,2692,5402503700.0,11103,100.35,29,100.345,27,nan,0,nan,0,nan,0,nan,0,nan,0,nan,0,nan,0,nan,0
1597989600550419968,1597989600500000000,2020-08-21 14:00:00.500000,100.35,100.375,100.32,100.33,nan,100.344,2693,5404510700.0,11103,100.35,28,100.345,28,nan,0,nan,0,nan,0,nan,0,nan,0,nan,0,nan,0,nan,0
1597989610056922880,1597989610000000000,2020-08-21 14:00:10.000000,100.35,100.375,100.32,100.33,nan,100.344,2694,5406517700.0,11103,100.35,27,100.345,28,nan,0,nan,0,nan,0,nan,0,nan,0,nan,0,nan,0,nan,0
1597989610557138944,1597989610500000000,2020-08-21 14:00:10.500000,100.35,100.375,100.32,100.33,nan,100.344,2711,5440636700.0,11092,100.35,11,100.345,28,nan,0,nan,0,nan,0,nan,0,nan,0,nan,0,nan,0,nan,0
1597989611105539072,1597989611000000000,2020-08-21 14:00:11.000000,100.35,100.375,100.32,100.33,nan,100.344,2722,5462713700.0,11093,100.355,87,100.35,2,nan,0,nan,0,nan,0,nan,0,nan,0,nan,0,nan,0,nan,0
1597989611585350912,1597989611500000000,2020-08-21 14:00:11.500000,100.35,100.375,100.32,100.33,nan,100.344,2722,5462713700.0,11093,100.355,44,100.35,4,nan,0,nan,0,nan,0,nan,0,nan,0,nan,0,nan,0,nan,0
1597989612067277056,1597989612000000000,2020-08-21 14:00:12.000000,100.35,100.375,100.32,100.33,nan,100.344,2722,5462713700.0,11093,100.355,35,100.35,5,nan,0,nan,0,nan,0,nan,0,nan,0,nan,0,nan,0,nan,0
1597989612563666944,1597989612500000000,2020-08-21 14:00:12.500000,100.35,100.375,100.32,100.33,nan,100.344,2722,5462713700.0,11093,100.355,35,100.35,5,nan,0,nan,0,nan,0,nan,0,nan,0,nan,0,nan,0,nan,0
1597989613555577088,1597989613500000000,2020-08-21 14:00:13.500000,100.355,100.375,100.32,100.33,nan,100.344,2723,5464720800.0,11093,100.355,34,100.35,5,nan,0,nan,0,nan,0,nan,0,nan,0,nan,0,nan,0,nan,0
1597989614080939008,1597989614000000000,2020-08-21 14:00:14.000000,100.355,100.375,100.32,100.33,nan,100.344,2723,5464720800.0,11093,100.355,32,100.35,8,nan,0,nan,0,nan,0,nan,0,nan,0,nan,0,nan,0,nan,0
1597989615558735104,1597989615500000000,2020-08-21 14:00:15.500000,100.355,100.375,100.32,100.33,nan,100.344,2723,5464720800.0,11093,100.355,32,100.35,18,nan,0,nan,0,nan,0,nan,0,nan,0,nan,0,nan,0,nan,0
1597989623067248896,1597989623000000000,2020-08-21 14:00:23.000000,100.355,100.375,100.32,100.33,nan,100.344,2723,5464720800.0,11093,100.355,32,100.35,18,nan,0,nan,0,nan,0,nan,0,nan,0,nan,0,nan,0,nan,0
1597989623555218944,1597989623500000000,2020-08-21 14:00:23.500000,100.355,100.375,100.32,100.33,nan,100.344,2723,5464720800.0,11093,100.355,32,100.35,18,nan,0,nan,0,nan,0,nan,0,nan,0,nan,0,nan,0,nan,0
1597989624065616896,1597989624000000000,2020-08-21 14:00:24.000000,100.355,100.375,100.32,100.33,nan,100.344,2723,5464720800.0,11093,100.355,32,100.35,18,nan,0,nan,0,nan,0,nan,0,nan,0,nan,0,nan,0,nan,0
1597989632562489088,1597989632500000000,2020-08-21 14:00:32.500000,100.355,100.375,100.32,100.33,nan,100.344,2723,5464720800.0,11093,100.355,32,100.35,18,nan,0,nan,0,nan,0,nan,0,nan,0,nan,0,nan,0,nan,0
1597989633059704064,1597989633000000000,2020-08-21 14:00:33.000000,100.355,100.375,100.32,100.33,nan,100.344,2723,5464720800.0,11093,100.355,32,100.35,18,nan,0,nan,0,nan,0,nan,0,nan,0,nan,0,nan,0,nan,0
1597989635065938944,1597989635000000000,2020-08-21 14:00:35.000000,100.355,100.375,100.32,100.33,nan,100.344,2723,5464720800.0,11093,100.355,32,100.35,18,nan,0,nan,0,nan,0,nan,0,nan,0,nan,0,nan,0,nan,0
1597989635572131072,1597989635500000000,2020-08-21 14:00:35.500000,100.355,100.375,100.32,100.33,nan,100.344,2723,5464720800.0,11093,100.355,32,100.35,18,nan,0,nan,0,nan,0,nan,0,nan,0,nan,0,nan,0,nan,0
1597989636056738048,1597989636000000000,2020-08-21 14:00:36.000000,100.355,100.375,100.32,100.33,nan,100.344,2723,5464720800.0,11093,100.355,32,100.35,18,nan,0,nan,0,nan,0,nan,0,nan,0,nan,0,nan,0,nan,0
1597989636557771008,1597989636500000000,2020-08-21 14:00:36.500000,100.355,100.375,100.32,100.33,nan,100.344,2723,5464720800.0,11093,100.355,32,100.35,18,nan,0,nan,0,nan,0,nan,0,nan,0,nan,0,nan,0,nan,0
1597989637556751104,1597989637500000000,2020-08-21 14:00:37.500000,100.355,100.375,100.32,100.33,nan,100.344,2723,5464720800.0,11093,100.355,32,100.35,18,nan,0,nan,0,nan,0,nan,0,nan,0,nan,0,nan,0,nan,0
1597989638571820032,1597989638500000000,2020-08-21 14:00:38.500000,100.355,100.375,100.32,100.33,nan,100.344,2723,5464720800.0,11093,100.355,32,100.35,18,nan,0,nan,0,nan,0,nan,0,nan,0,nan,0,nan,0,nan,0
1597989639089457920,1597989639000000000,2020-08-21 14:00:39.000000,100.355,100.375,100.32,100.33,nan,100.344,2723,5464720800.0,11093,100.355,32,100.35,18,nan,0,nan,0,nan,0,nan,0,nan,0,nan,0,nan,0,nan,0
1597989640081840896,1597989640000000000,2020-08-21 14:00:40.000000,100.355,100.375,100.32,100.33,nan,100.344,2723,5464720800.0,11093,100.355,32,100.35,18,nan,0,nan,0,nan,0,nan,0,nan,0,nan,0,nan,0,nan,0
1597989641099854080,1597989641000000000,2020-08-21 14:00:41.000000,100.355,100.375,100.32,100.33,nan,100.344,2723,5464720800.0,11093,100.355,32,100.35,18,nan,0,nan,0,nan,0,nan,0,nan,0,nan,0,nan,0,nan,0
1597989647085178112,1597989647000000000,2020-08-21 14:00:47.000000,100.355,100.375,100.32,100.33,nan,100.344,2723,5464720800.0,11093,100.355,32,100.35,18,nan,0,nan,0,nan,0,nan,0,nan,0,nan,0,nan,0,nan,0
1597989647588305920,1597989647500000000,2020-08-21 14:00:47.500000,100.355,100.375,100.32,100.33,nan,100.344,2723,5464720800.0,11093,100.355,32,100.35,18,nan,0,nan,0,nan,0,nan,0,nan,0,nan,0,nan,0,nan,0
1597989648092172032,1597989648000000000,2020-08-21 14:00:48.000000,100.355,100.375,100.32,100.33,nan,100.344,2723,5464720800.0,11093,100.355,32,100.35,18,nan,0,nan,0,nan,0,nan,0,nan,0,nan,0,nan,0,nan,0
1597989650081552896,1597989650000000000,2020-08-21 14:00:50.000000,100.355,100.375,100.32,100.33,nan,100.344,2723,5464720800.0,11093,100.355,42,100.35,18,nan,0,nan,0,nan,0,nan,0,nan,0,nan,0,nan,0,nan,0
1597989650612067072,1597989650500000000,2020-08-21 14:00:50.500000,100.355,100.375,100.32,100.33,nan,100.344,2723,5464720800.0,11093,100.355,52,100.35,18,nan,0,nan,0,nan,0,nan,0,nan,0,nan,0,nan,0,nan,0
1597989653071309056,1597989653000000000,2020-08-21 14:00:53.000000,100.35,100.375,100.32,100.33,nan,100.344,2742,5502853800.0,11105,100.35,11,100.345,96,nan,0,nan,0,nan,0,nan,0,nan,0,nan,0,nan,0,nan,0
1597989653586209024,1597989653500000000,2020-08-21 14:00:53.500000,100.35,100.375,100.32,100.33,nan,100.344,2743,5504860800.0,11106,100.35,15,100.345,57,nan,0,nan,0,nan,0,nan,0,nan,0,nan,0,nan,0,nan,0
1597989654087744000,1597989654000000000,2020-08-21 14:00:54.000000,100.35,100.375,100.32,100.33,nan,100.344,2743,5504860800.0,11106,100.35,15,100.345,57,nan,0,nan,0,nan,0,nan,0,nan,0,nan,0,nan,0,nan,0
1597989655097995008,1597989655000000000,2020-08-21 14:00:55.000000,100.35,100.375,100.32,100.33,nan,100.344,2743,5504860800.0,11106,100.35,16,100.345,56,nan,0,nan,0,nan,0,nan,0,nan,0,nan,0,nan,0,nan,0
1597989655593879040,1597989655500000000,2020-08-21 14:00:55.500000,100.35,100.375,100.32,100.33,nan,100.344,2743,5504860800.0,11106,100.35,21,100.345,46,nan,0,nan,0,nan,0,nan,0,nan,0,nan,0,nan,0,nan,0
1597989656087778048,1597989656000000000,2020-08-21 14:00:56.000000,100.35,100.375,100.32,100.33,nan,100.344,2743,5504860800.0,11106,100.35,21,100.345,36,nan,0,nan,0,nan,0,nan,0,nan,0,nan,0,nan,0,nan,0
1597989656591091968,1597989656500000000,2020-08-21 14:00:56.500000,100.35,100.375,100.32,100.33,nan,100.344,2743,5504860800.0,11106,100.35,21,100.345,36,nan,0,nan,0,nan,0,nan,0,nan,0,nan,0,nan,0,nan,0
1597989659079867904,1597989659000000000,2020-08-21 14:00:59.000000,100.35,100.375,100.32,100.33,nan,100.344,2743,5504860800.0,11106,100.35,21,100.345,36,nan,0,nan,0,nan,0,nan,0,nan,0,nan,0,nan,0,nan,0
1597989659596123904,1597989659500000000,2020-08-21 14:00:59.500000,100.35,100.375,100.32,100.33,nan,100.344,2744,5506867800.0,11107,100.35,20,100.345,36,nan,0,nan,0,nan,0,nan,0,nan,0,nan,0,nan,0,nan,0
1597989660088797952,1597989660000000000,2020-08-21 14:01:00.000000,100.35,100.375,100.32,100.33,nan,100.344,2744,5506867800.0,11107,100.35,30,100.345,36,nan,0,nan,0,nan,0,nan,0,nan,0,nan,0,nan,0,nan,0
1597989662587225088,1597989662500000000,2020-08-21 14:01:02.500000,100.345,100.375,100.32,100.33,nan,100.344,2769,5557040300.0,11091,100.35,31,100.345,11,nan,0,nan,0,nan,0,nan,0,nan,0,nan,0,nan,0,nan,0
1597989663079964928,1597989663000000000,2020-08-21 14:01:03.000000,100.345,100.375,100.32,100.33,nan,100.344,2778,5575102400.0,11096,100.35,36,100.345,1,nan,0,nan,0,nan,0,nan,0,nan,0,nan,0,nan,0,nan,0
1597989663597780992,1597989663500000000,2020-08-21 14:01:03.500000,100.345,100.375,100.32,100.33,nan,100.344,2779,5577109300.0,11095,100.35,36,100.34,83,nan,0,nan,0,nan,0,nan,0,nan,0,nan,0,nan,0,nan,0
1597989664083891968,1597989664000000000,2020-08-21 14:01:04.000000,100.345,100.375,100.32,100.33,nan,100.344,2779,5577109300.0,11095,100.35,36,100.34,52,nan,0,nan,0,nan,0,nan,0,nan,0,nan,0,nan,0,nan,0
1597989664579503104,1597989664500000000,2020-08-21 14:01:04.500000,100.345,100.375,100.32,100.33,nan,100.344,2779,5577109300.0,11095,100.35,36,100.34,43,nan,0,nan,0,nan,0,nan,0,nan,0,nan,0,nan,0,nan,0
1597989665079241984,1597989665000000000,2020-08-21 14:01:05.000000,100.345,100.375,100.32,100.33,nan,100.344,2779,5577109300.0,11095,100.35,36,100.34,43,nan,0,nan,0,nan,0,nan,0,nan,0,nan,0,nan,0,nan,0
1597989665578842880,1597989665500000000,2020-08-21 14:01:05.500000,100.345,100.375,100.32,100.33,nan,100.344,2779,5577109300.0,11095,100.35,36,100.34,33,nan,0,nan,0,nan,0,nan,0,nan,0,nan,0,nan,0,nan,0
1597989666077434880,1597989666000000000,2020-08-21 14:01:06.000000,100.345,100.375,100.32,100.33,nan,100.344,2779,5577109300.0,11095,100.35,36,100.34,33,nan,0,nan,0,nan,0,nan,0,nan,0,nan,0,nan,0,nan,0
1597989666572430080,1597989666500000000,2020-08-21 14:01:06.500000,100.345,100.375,100.32,100.33,nan,100.344,2779,5577109300.0,11095,100.35,36,100.34,33,nan,0,nan,0,nan,0,nan,0,nan,0,nan,0,nan,0,nan,0
1597989667074409984,1597989667000000000,2020-08-21 14:01:07.000000,100.345,100.375,100.32,100.33,nan,100.344,2779,5577109300.0,11095,100.35,36,100.34,33,nan,0,nan,0,nan,0,nan,0,nan,0,nan,0,nan,0,nan,0
1597989667595898880,1597989667500000000,2020-08-21 14:01:07.500000,100.345,100.375,100.32,100.33,nan,100.344,2779,5577109300.0,11095,100.35,36,100.34,33,nan,0,nan,0,nan,0,nan,0,nan,0,nan,0,nan,0,nan,0
1597989668101684992,1597989668000000000,2020-08-21 14:01:08.000000,100.345,100.375,100.32,100.33,nan,100.344,2779,5577109300.0,11095,100.35,36,100.34,33,nan,0,nan,0,nan,0,nan,0,nan,0,nan,0,nan,0,nan,0
1597989668600660992,1597989668500000000,2020-08-21 14:01:08.500000,100.345,100.375,100.32,100.33,nan,100.344,2779,5577109300.0,11095,100.35,36,100.34,33,nan,0,nan,0,nan,0,nan,0,nan,0,nan,0,nan,0,nan,0
1597989669111152896,1597989669000000000,2020-08-21 14:01:09.000000,100.345,100.375,100.32,100.33,nan,100.344,2779,5577109300.0,11095,100.345,2,100.34,33,nan,0,nan,0,nan,0,nan,0,nan,0,nan,0,nan,0,nan,0
1597989669606281984,1597989669500000000,2020-08-21 14:01:09.500000,100.345,100.375,100.32,100.33,nan,100.344,2779,5577109300.0,11095,100.345,2,100.34,22,nan,0,nan,0,nan,0,nan,0,nan,0,nan,0,nan,0,nan,0
1597989670100524032,1597989670000000000,2020-08-21 14:01:10.000000,100.345,100.375,100.32,100.33,nan,100.344,2779,5577109300.0,11095,100.345,2,100.34,22,nan,0,nan,0,nan,0,nan,0,nan,0,nan,0,nan,0,nan,0
1597989671088808960,1597989671000000000,2020-08-21 14:01:11.000000,100.345,100.375,100.32,100.33,nan,100.344,2779,5577109300.0,11095,100.345,5,100.34,22,nan,0,nan,0,nan,0,nan,0,nan,0,nan,0,nan,0,nan,0
1597989671598860032,1597989671500000000,2020-08-21 14:01:11.500000,100.345,100.375,100.32,100.33,nan,100.344,2779,5577109300.0,11095,100.345,5,100.34,22,nan,0,nan,0,nan,0,nan,0,nan,0,nan,0,nan,0,nan,0
1597989672102455040,1597989672000000000,2020-08-21 14:01:12.000000,100.345,100.375,100.32,100.33,nan,100.344,2779,5577109300.0,11095,100.345,5,100.34,22,nan,0,nan,0,nan,0,nan,0,nan,0,nan,0,nan,0,nan,0
1597989683085434880,1597989683000000000,2020-08-21 14:01:23.000000,100.345,100.375,100.32,100.33,nan,100.344,2779,5577109300.0,11095,100.345,5,100.34,22,nan,0,nan,0,nan,0,nan,0,nan,0,nan,0,nan,0,nan,0
1597989683579058944,1597989683500000000,2020-08-21 14:01:23.500000,100.345,100.375,100.32,100.33,nan,100.344,2779,5577109300.0,11095,100.345,5,100.34,22,nan,0,nan,0,nan,0,nan,0,nan,0,nan,0,nan,0,nan,0
1597989684085618944,1597989684000000000,2020-08-21 14:01:24.000000,100.345,100.375,100.32,100.33,nan,100.344,2779,5577109300.0,11095,100.345,5,100.34,22,nan,0,nan,0,nan,0,nan,0,nan,0,nan,0,nan,0,nan,0
1597989691597006080,1597989691500000000,2020-08-21 14:01:31.500000,100.345,100.375,100.32,100.33,nan,100.344,2780,5579116200.0,11094,100.345,4,100.34,22,nan,0,nan,0,nan,0,nan,0,nan,0,nan,0,nan,0,nan,0
1597989695200574976,1597989695000000000,2020-08-21 14:01:35.000000,100.345,100.375,100.32,100.33,nan,100.344,2780,5579116200.0,11094,100.345,4,100.34,22,nan,0,nan,0,nan,0,nan,0,nan,0,nan,0,nan,0,nan,0
1597989695597217024,1597989695500000000,2020-08-21 14:01:35.500000,100.345,100.375,100.32,100.33,nan,100.344,2780,5579116200.0,11094,100.345,4,100.34,22,nan,0,nan,0,nan,0,nan,0,nan,0,nan,0,nan,0,nan,0
1597989700139098112,1597989700000000000,2020-08-21 14:01:40.000000,100.345,100.375,100.32,100.33,nan,100.344,2784,5587143800.0,11091,100.35,86,100.34,23,nan,0,nan,0,nan,0,nan,0,nan,0,nan,0,nan,0,nan,0
1597989700624790016,1597989700500000000,2020-08-21 14:01:40.500000,100.345,100.375,100.32,100.33,nan,100.344,2784,5587143800.0,11091,100.35,55,100.34,33,nan,0,nan,0,nan,0,nan,0,nan,0,nan,0,nan,0,nan,0
1597989701111792128,1597989701000000000,2020-08-21 14:01:41.000000,100.345,100.375,100.32,100.33,nan,100.344,2784,5587143800.0,11091,100.35,54,100.34,33,nan,0,nan,0,nan,0,nan,0,nan,0,nan,0,nan,0,nan,0
1597989701594168064,1597989701500000000,2020-08-21 14:01:41.500000,100.345,100.375,100.32,100.33,nan,100.344,2784,5587143800.0,11091,100.35,34,100.34,33,nan,0,nan,0,nan,0,nan,0,nan,0,nan,0,nan,0,nan,0
1597989702098096896,1597989702000000000,2020-08-21 14:01:42.000000,100.345,100.375,100.32,100.33,nan,100.344,2784,5587143800.0,11091,100.35,34,100.34,33,nan,0,nan,0,nan,0,nan,0,nan,0,nan,0,nan,0,nan,0
1597989704098127104,1597989704000000000,2020-08-21 14:01:44.000000,100.345,100.375,100.32,100.33,nan,100.344,2784,5587143800.0,11091,100.35,35,100.34,33,nan,0,nan,0,nan,0,nan,0,nan,0,nan,0,nan,0,nan,0
1597989706127009024,1597989706000000000,2020-08-21 14:01:46.000000,100.345,100.375,100.32,100.33,nan,100.344,2784,5587143800.0,11091,100.35,26,100.34,33,nan,0,nan,0,nan,0,nan,0,nan,0,nan,0,nan,0,nan,0
1597989707094067968,1597989707000000000,2020-08-21 14:01:47.000000,100.35,100.375,100.32,100.33,nan,100.344,2785,5589150800.0,11091,100.35,25,100.345,2,nan,0,nan,0,nan,0,nan,0,nan,0,nan,0,nan,0,nan,0
1597989707596203008,1597989707500000000,2020-08-21 14:01:47.500000,100.35,100.375,100.32,100.33,nan,100.344,2785,5589150800.0,11091,100.35,20,100.345,5,nan,0,nan,0,nan,0,nan,0,nan,0,nan,0,nan,0,nan,0
1597989708092467968,1597989708000000000,2020-08-21 14:01:48.000000,100.35,100.375,100.32,100.33,nan,100.344,2785,5589150800.0,11091,100.35,20,100.345,6,nan,0,nan,0,nan,0,nan,0,nan,0,nan,0,nan,0,nan,0
1597989708586814976,1597989708500000000,2020-08-21 14:01:48.500000,100.35,100.375,100.32,100.33,nan,100.344,2785,5589150800.0,11091,100.35,20,100.345,6,nan,0,nan,0,nan,0,nan,0,nan,0,nan,0,nan,0,nan,0
1597989709092858112,1597989709000000000,2020-08-21 14:01:49.000000,100.34,100.375,100.32,100.33,nan,100.344,2794,5607212700.0,11094,100.35,21,100.34,75,nan,0,nan,0,nan,0,nan,0,nan,0,nan,0,nan,0,nan,0
1597989709593110016,1597989709500000000,2020-08-21 14:01:49.500000,100.34,100.375,100.32,100.33,nan,100.344,2794,5607212700.0,11094,100.345,4,100.34,54,nan,0,nan,0,nan,0,nan,0,nan,0,nan,0,nan,0,nan,0
1597989710094406912,1597989710000000000,2020-08-21 14:01:50.000000,100.345,100.375,100.32,100.33,nan,100.344,2798,5615240300.0,11094,100.345,4,100.34,34,nan,0,nan,0,nan,0,nan,0,nan,0,nan,0,nan,0,nan,0
1597989710591632896,1597989710500000000,2020-08-21 14:01:50.500000,100.345,100.375,100.32,100.33,nan,100.344,2802,5623267900.0,11094,100.345,1,100.34,37,nan,0,nan,0,nan,0,nan,0,nan,0,nan,0,nan,0,nan,0
1597989711092620032,1597989711000000000,2020-08-21 14:01:51.000000,100.345,100.375,100.32,100.33,nan,100.344,2803,5625274800.0,11094,100.345,2,100.34,37,nan,0,nan,0,nan,0,nan,0,nan,0,nan,0,nan,0,nan,0
1597989711592680960,1597989711500000000,2020-08-21 14:01:51.500000,100.345,100.375,100.32,100.33,nan,100.344,2805,5629288600.0,11093,100.345,1,100.34,28,nan,0,nan,0,nan,0,nan,0,nan,0,nan,0,nan,0,nan,0
1597989712101925888,1597989712000000000,2020-08-21 14:01:52.000000,100.345,100.375,100.32,100.33,nan,100.344,2806,5631295500.0,11094,100.345,1,100.34,29,nan,0,nan,0,nan,0,nan,0,nan,0,nan,0,nan,0,nan,0
1597989712606702080,1597989712500000000,2020-08-21 14:01:52.500000,100.345,100.375,100.32,100.33,nan,100.344,2807,5633302400.0,11094,100.345,1,100.34,30,nan,0,nan,0,nan,0,nan,0,nan,0,nan,0,nan,0,nan,0
1597989713098541056,1597989713000000000,2020-08-21 14:01:53.000000,100.345,100.375,100.32,100.33,nan,100.344,2808,5635309300.0,11095,100.345,1,100.34,31,nan,0,nan,0,nan,0,nan,0,nan,0,nan,0,nan,0,nan,0
1597989713590156032,1597989713500000000,2020-08-21 14:01:53.500000,100.345,100.375,100.32,100.33,nan,100.344,2808,5635309300.0,11095,100.345,1,100.34,31,nan,0,nan,0,nan,0,nan,0,nan,0,nan,0,nan,0,nan,0
1597989714088354048,1597989714000000000,2020-08-21 14:01:54.000000,100.345,100.375,100.32,100.33,nan,100.344,2808,5635309300.0,11095,100.345,1,100.34,31,nan,0,nan,0,nan,0,nan,0,nan,0,nan,0,nan,0,nan,0
1597989714599077120,1597989714500000000,2020-08-21 14:01:54.500000,100.345,100.375,100.32,100.33,nan,100.344,2808,5635309300.0,11095,100.345,1,100.34,31,nan,0,nan,0,nan,0,nan,0,nan,0,nan,0,nan,0,nan,0
1597989715081399040,1597989715000000000,2020-08-21 14:01:55.000000,100.345,100.375,100.32,100.33,nan,100.344,2808,5635309300.0,11095,100.345,1,100.34,31,nan,0,nan,0,nan,0,nan,0,nan,0,nan,0,nan,0,nan,0
1597989715600513024,1597989715500000000,2020-08-21 14:01:55.500000,100.345,100.375,100.32,100.33,nan,100.344,2808,5635309300.0,11095,100.345,1,100.34,31,nan,0,nan,0,nan,0,nan,0,nan,0,nan,0,nan,0,nan,0
1597989716088913920,1597989716000000000,2020-08-21 14:01:56.000000,100.345,100.375,100.32,100.33,nan,100.344,2808,5635309300.0,11095,100.345,1,100.34,31,nan,0,nan,0,nan,0,nan,0,nan,0,nan,0,nan,0,nan,0
1597989719104728064,1597989719000000000,2020-08-21 14:01:59.000000,100.345,100.375,100.32,100.33,nan,100.344,2808,5635309300.0,11095,100.345,1,100.34,31,nan,0,nan,0,nan,0,nan,0,nan,0,nan,0,nan,0,nan,0
1597989719591981056,1597989719500000000,2020-08-21 14:01:59.500000,100.345,100.375,100.32,100.33,nan,100.344,2808,5635309300.0,11095,100.345,1,100.34,31,nan,0,nan,0,nan,0,nan,0,nan,0,nan,0,nan,0,nan,0
1597989721124328960,1597989721000000000,2020-08-21 14:02:01.000000,100.345,100.375,100.32,100.33,nan,100.344,2809,5637316200.0,11094,100.345,1,100.34,30,nan,0,nan,0,nan,0,nan,0,nan,0,nan,0,nan,0,nan,0
1597989721605913088,1597989721500000000,2020-08-21 14:02:01.500000,100.345,100.375,100.32,100.33,nan,100.344,2810,5639323100.0,11094,100.35,74,100.345,3,nan,0,nan,0,nan,0,nan,0,nan,0,nan,0,nan,0,nan,0
1597989722140858880,1597989722000000000,2020-08-21 14:02:02.000000,100.345,100.375,100.32,100.33,nan,100.344,2810,5639323100.0,11094,100.35,43,100.345,9,nan,0,nan,0,nan,0,nan,0,nan,0,nan,0,nan,0,nan,0
1597989722628197120,1597989722500000000,2020-08-21 14:02:02.500000,100.345,100.375,100.32,100.33,nan,100.344,2810,5639323100.0,11094,100.35,33,100.345,9,nan,0,nan,0,nan,0,nan,0,nan,0,nan,0,nan,0,nan,0
